4078 6426
412 455 516 520 9:37
1604 442 1925 505 GEORGII
1979 440 2436 502 i‘LETlIONIS.
3552 436 3663 497 903

418 570 638 625 tendam
699 566 869 623 altera
926 565 1042 631 illa,
1114 562 1168 616 in
1236 574 1341 631 qua
1389 557 1513 629 quis
1583 565 1845 626 perpetuo
1894 553 2072 608 sciens
2112 553 2413 623 perstiterit
2457 568 2521 610 ac
2581 549 2965 624 perseverarit.
3013 549 3134 606 Jam
3187 549 3351 621 igitur
3406 550 3664 603 omnibus

417 677 564 716 sanae
594 660 793 717 mentis
828 656 1149 713 hominibus
1181 649 1592 723 dijudicandum
1617 645 1996 715 relinquimus,
2043 656 2224 700 utrum
2260 646 2390 701 illud
2426 647 2601 716 magis
2663 660 2826 708 quam
2862 644 2968 698 hoc
2999 643 3069 698 sit
3139 640 3573 712 amplecti-udum
3608 655 3665 700 et

412 755 690 826 quodnam
738 770 804 807 ex
848 751 1065 807 duobus
1098 748 1206 804 illis
1234 748 1306 804 sit
1355 747 1775 819 praeferendum.
1809 747 1987 816 Atque
2026 747 2092 801 de
2116 746 2201 801 his
2230 747 2446 817 quidem
2474 747 2761 810 hactenus,
2799 758 2920 814 qua:
2996 740 3247 797 videlicet
3287 738 3356 795 ad
3419 738 3664 809 disputa.

416 853 622 909 tionem
654 846 968 903 Aristotelis
996 845 1065 899 de
1101 841 1351 898 moribus
1397 843 1695 911 pertinent,
1733 840 1823 896 ubi
1876 854 2009 895 sane
2047 841 2150 897 etsi
2180 842 2335 911 plura
2363 840 2472 897 sint
2496 855 2616 911 quae
2638 836 3116 909 reprehensionem
3172 839 3503 894 mereantur,
3559 831 3661 885 ista

416 954 598 998 tamen
657 941 820 995 modo
880 936 1184 992 sufﬁciant.
1234 932 1423 1000 Neque
1479 934 1625 988 enim
1680 932 1855 988 nostri
1903 940 1988 987 est
2025 932 2940 992 institutiomniaconnncmorare,
3000 927 3053 982 in
3089 924 3290 996 quibus
3346 921 3662 978 Aristoteles

413 1033 637 1091 erravit,
685 1029 777 1084 sed
809 1022 1131 1099 principalia
1163 1025 1431 1079 duntaxat
1460 1034 1514 1079 et
1560 1023 1817 1089 maxima,
1877 1024 2292 1094 praesertimque
2344 1025 2436 1080 illa
2503 1025 2556 1078 in
2609 1022 2810 1093 quibus
2875 1022 3009 1075 nou‘
3053 1019 3287 1087 exiguo,
3364 1012 3458 1069 sed
3506 1012 3663 1084 longo

414 1122 704 1181 intervallo
749 1120 1032 1176 Platonem
1083 1117 1380 1185 relinquit,
1419 1119 1489 1173 ab
1545 1133 1720 1189 eoque
1759 1116 1991 1171 multum
2027 1115 2303 1173 dissentit.

1046 1209 1197 1266 CAP.
1214 1209 1351 1265 XIV.
1825 1209 1833 1219 ’
2017 1214 2064 1268 Δ

486 1308 740 1363 Dicamus
770 1305 883 1376 jam
934 1303 1138 1375 aliquid
1163 1304 1326 1358 etiam
1356 1302 1425 1358 de
1488 1302 1627 1358 coelo
1674 1310 1727 1356 et
1793 1301 1987 1371 quinto

411 1413 644 1469 corpore
666 1396 814 1468 quod
851 1396 1173 1452 Aristoteles
1209 1395 1419 1464 primus
1471 1392 1699 1448 eﬂinsit.
1731 1393 1987 1457 Quatuor

410 1504 532 1545 esse
562 1489 617 1543 in
653 1487 758 1542 hoc
792 1487 1093 1555 conspicuo
1115 1486 1229 1541 sive
1268 1485 1409 1539 caelo
1440 1485 1555 1538 sive
1583 1480 1787 1537 mundo
1814 1482 1987 1553 prima

412 1594 465 1637 et
496 1580 881 1650 antiquissima
933 1592 1184 1648 corpora,
1243 1584 1353 1631 tam
1422 1577 1737 1646 superiores
1796 1587 1989 1630 omnes

412 1673 720 1744 philosophi
744 1687 908 1742 quam
933 1670 1197 1725 Platonici
1218 1684 1326 1725 uno
1354 1685 1450 1723 ore
1468 1667 1757 1731 aliirtnant,
1783 1668 1985 1737 ignem,

408 1778 847 1832 aerem,aquam,
869 1770 1091 1815 terram.
1124 1762 1302 1830 Atque
1334 1775 1398 1814 ex
1441 1758 1527 1813 his
1560 1758 1773 1827 quidem
1809 1756 1987 1824 ignem

413 1865 467 1909 et
497 1865 698 1909 terram
731 1852 836 1909 sibi
873 1852 1106 1906 invicem
1147 1866 1267 1905 esse
1311 1851 1552 1904 maxime
1597 1848 1897 1914 contraria,
1923 1861 1987 1902 eo

412 1947 557 2016 quod
589 1945 731 2016 ignis
788 1952 870 1999 est
898 1943 1089 2009 levior,
1126 1950 1346 2012 propter
1402 1941 1712 2005 raritatem,
1752 1950 1806 1995 et
1832 1954 1988 1993 sum-

410 2052 559 2091 mum
583 2035 792 2090 obtinet
827 2035 1028 2103 locum,
1061 2042 1204 2089 terra
1261 2042 1440 2088 autem
1474 2026 1797 2104 gravissima
1823 2045 1986 2102 prop.

415 2142 494 2185 ter
531 2131 883 2194 densitatem,
917 2138 973 2183 et
1002 2143 1164 2198 quam
1195 2126 1451 2181 omnibus
1485 2126 1608 2181 aliis
1628 2135 1710 2180 est
1735 2124 1987 2193 subjecta

411 2221 695 2276 elementis
724 2238 738 2275 :
772 2235 951 2275 aerem
982 2233 1108 2274 vero
1132 2226 1392 2288 etaquam
1414 2216 1467 2271 in
1492 2216 1671 2271 medio
1699 2216 1987 2271 amborum

413 2324 636 2382 propter
686 2321 740 2367 ct
792 2312 1075 2367 raritatem
1132 2318 1186 2365 et
1238 2309 1583 2374 densitatem,
1635 2309 1867 2363 mediam
1918 2308 1987 2364 ad

412 2416 708 2475 utrumque
762 2403 965 2463 habere
1003 2403 1290 2457 rationem.
1333 2400 1534 2456 Eodem
1562 2409 1744 2455 autem
1802 2399 1986 2468 modo,

410 2498 555 2570 quod
589 2499 653 2552 ad
698 2507 903 2552 ntotutu
944 2496 1159 2560 attinet,
1211 2494 1415 2549 latione
1449 2503 1505 2547 ct
1535 2494 1719 2564 quiete
1748 2494 1983 2549 invicem

2687 1206 2936 1261 ΚΕΦΑΛ.
2975 1205 3078 1279 IA',

2171 1303 2396 1373 Ῥητέον
2436 1302 2492 1357 δὲ
2537 1302 2638 1372 ἤδη
2679 1318 2734 1353 τι
2779 1301 2874 1352 καὶ
2913 1296 3043 1367 περὶ
3071 1294 3179 1350 τῶν
3221 1296 3280 1360 ἐς
3309 1294 3401 1348 τὸν
3434 1294 3660 1365 ούρανδν

2091 1395 2244 1466 αὐτῷ
2307 1397 2402 1448 καὶ
2458 1395 2520 1448 τὸ
2585 1395 2839 1461 πέμπτον
2891 1390 3050 1459 σῶμα
3098 1387 3659 1457 κεκαινολογημένων.

2088 1488 2133 1544 Τ
2140 1488 2347 1557 ἐτταρα
2378 1487 2448 1540 τὰ
2480 1486 2834 1557 πρεσϐύτερα
2882 1483 2992 1537 τῶν
3033 1484 3090 1535 ὲν
3127 1480 3263 1550 τῷδε
3318 1480 3397 1549 τῷ
3447 1478 3661 1548 οὐρανῷ

2091 1578 2364 1648 σωμάτων
2392 1578 2446 1631 οἵ
2470 1594 2530 1631 τε
2580 1576 2789 1631 ἀνωθεν
2841 1574 3043 1636 πάντες
3079 1574 3270 1642 σοφοὶ,
3304 1569 3401 1625 καὶ¹
3443 1570 3494 1623 οἱ
3532 1568 3663 1640 περὶ

2054 1744 2058 1749 η
2093 1671 2364 1725 Πλάτωνά
2396 1686 2552 1737 φασι,
2579 1669 2715 1739 πῦρ,
2746 1667 2902 1737 ἀέρα,
2924 1665 3112 1735 ῦδωρ,
3154 1665 3277 1733 γῆν.
3311 1660 3527 1717 Τούτων
3550 1659 3662 1730 πῦρ

2093 1764 2194 1835 μὲν
2230 1766 2325 1817 καλ⁵
2364 1764 2469 1832 γῆν
2520 1759 2893 1815 ἐναντιώτατα
2926 1760 3074 1830 ἔχειν
3103 1758 3240 1828 πρὸς
3274 1754 3506 1826 ἀλλήλω·
3547 1754 3661 1826 πῦρ

2093 1857 2193 1928 μὲν
2238 1855 2573 1925 κουφότερόν
2603 1871 2662 1907 τε
2692 1852 2752 1907 ὃν
2787 1854 2874 1907 διὰ
2907 1851 3186 1922 μανότητα
3213 1851 3309 1904 καὶ⁵
3341 1850 3508 1902 πᾶσιν
3544 1850 3661 1902 ἐπι-

2091 1947 2349 2008 πολάζονο
2379 1948 2487 2017 γῆν
2512 1946 2569 2000 δὲ
2602 1946 2915 2016 βαρυτάτην
2952 1944 3043 1998 διὰ
3087 1941 3399 2010 πυκνότητα
3426 1940 3520 1994 καὶ
3558 1940 3662 1994 πᾶ-

2092 2057 2177 2094 σιν
2209 2039 2610 2109 ύφισταμένην·
2636 2039 2775 2107 ἀέρα
2819 2037 2877 2090 δὲ
2924 2036 3017 2089 καὶ
3053 2034 3196 2105 ὕδωρ
3241 2035 3302 2086 ὲν
3348 2034 3502 2105 μέσῳ
3529 2030 3655 2088 τού-

2090 2150 2206 2188 τοιν
2238 2132 2326 2186 διὰ
2363 2132 2425 2185 τὸ
2470 2132 2565 2185 καὶ
2619 2130 2922 2201 μανότητος
2960 2146 3019 2182 τε
3056 2129 3150 2181 καὶ
3181 2126 3512 2194 πυκνότητος
3559 2124 3661 2195 μέ⁹

2090 2243 2199 2288 om;
2252 2225 2399 2296 ἔχειν
2452 2224 2661 2279 αὐτοῖν.
2691 2222 2878 2294 Ταύτῃ
2925 2222 2989 2293 δὴ
3032 2224 3126 2275 καὶ
3172 2220 3573 2292 ’περὶ.κίνησίν
3598 2235 3660 2271 τε

2087 2318 2188 2387 τὴν
2220 2319 2362 2372 κατὰ
2405 2317 2505 2389 τὴν
2553 2315 2750 2384 φορὰν,
2801 2317 2898 2369 καὶ
2932 2313 3156 2389 στάσιν,
3190 2311 3303 2382 πῦρ
3334 2310 3431 2381 μὲν
3464 2310 3531 2365 αῦ
3567 2311 3661 2363 καὶ

2089 2411 2192 2479 γῆν
2223 2408 2358 2478 πρὸς
2388 2388 2608 2478 ἀλλήλω
2647 2388 3020 2461 ὲναντιώτατα
3071 2404 3215 2472 ἔχειν
3241 2441 3257 2467 ,
3288 2403 3426 2472 ἀέρα
3473 2401 3528 2454 δὲ
3563 2402 3661 2454 καὶ

2090 2498 2237 2569 ὕδωρ
2271 2503 2328 2550 ὲν
2362 2498 2516 2568 μέσῳ
2551 2495 2782 2557 τούτοιν.
2819 2495 2879 2549 Εί
2910 2495 2955 2550 δ’
2989 2496 3020 2564 ἡ
3052 2494 3125 2564 γῆ
3156 2494 3431 2563 ἀκίνητος,
3459 2493 3522 2546 to
3548 2491 3661 2560 πῦρ

410 2589 697 2660 distingui,
731 2604 797 2644 ac
829 2589 1009 2658 ignem
1038 2587 1260 2658 quidem
1309 2601 1500 2641 rursus
1529 2593 1584 2640 et
1617 2596 1820 2641 terram
1876 2585 1981 2641 sibi

2090 2592 2156 2646 ἂν
2187 2590 2273 2659 εἰη
2303 2591 2635 2658 ἀεικίνητον,
2654 2590 2746 2643 καὶ
2770 2589 2876 2652 ἔτι,
2909 2590 2957 2643 εἰ
2983 2590 3016 2657 ἡ
3061 2586 3160 2657 μὲν
3193 2586 3263 2657 γῆ
3294 2586 3570 2655 ἀκίνητος,
3600 2585 3665 2639 τὺ

409 2686 644 2740 itmcem
694 2683 933 2738 maxime
983 2696 1105 2738 esse
1162 2681 1462 2746 contraria,
1516 2694 1695 2735 aerem
1745 2694 1874 2735 vero
1931 2689 1986 2735 et

2090 2680 2130 2735 δ’
2194 2680 2338 2752 ὕδωρ
2387 2682 2650 2751 κινητὸν,
2697 2679 2789 2734 τοῦ
2842 2679 2903 2734 δῖ
2934 2681 3098 2750 ἀέρος
3153 2679 3289 2733 πολὺ
3328 2681 3395 2749 τῇ
3450 2680 3663 2744 κινήσει

408 2793 627 2848 aquam,
688 2776 865 2831 medio
909 2775 975 2829 ad
1034 2783 1327 2844 utrumque
1388 2774 1509 2830 loco
1559 2787 1619 2829 se
1680 2772 1898 2827 habere.
1927 2771 1981 2828 Si

2090 2773 2433 2842 λειπόμενον,
2468 2772 2575 2843 ἀὴρ
2597 2773 2643 2827 δ’
2675 2771 2864 2836 ὕδατος
2886 2772 3066 2842 πολλῴ
3089 2772 3166 2841 τῷ
3197 2770 3467 2825 κινεῖσθαι
3494 2772 3662 2840 ὑπερ-

410 2871 593 2940 itaque
646 2876 789 2923 terra
865 2866 938 2921 sit
990 2865 1309 2932 immobilis,
1351 2865 1531 2937 ignem
1601 2880 1828 2921 necesse
1880 2863 1987 2919 erit

408 2968 672 3031 perpetuo
701 2958 931 3023 moveri,
964 2965 1017 3011 et
1041 2966 1323 3028 praeterea,
1353 2956 1401 3011 si
1460 2965 1600 3012 terra
1649 2956 1869 3026 quidem
1916 2956 1989 3011 sit

408 3052 731 3115 immobilis,
765 3059 878 3105 tum
909 3064 1051 3119 aqua
1068 3048 1376 3104 movebitur
1400 3048 1644 3118 quidem,
1673 3047 1768 3105 sed
1802 3049 1986 3105 minus

409 3159 574 3214 quam
606 3157 719 3207 aer,
756 3142 847 3212 qui
879 3149 1030 3196 tanto
1081 3140 1257 3213 magis
1291 3140 1593 3196 movebitur
1624 3154 1790 3212 quam
1820 3155 1986 3211 aqua,

411 3245 616 3309 quanto
653 3236 740 3291 ille
766 3236 908 3306 quod
945 3236 1013 3289 ad
1058 3245 1294 3303 motum,
1321 3249 1354 3290 ο
1387 3249 1645 3305 supremo
1694 3243 1988 3304 superatur

412 3331 556 3402 igne,
580 3343 743 3398 quem
774 3327 975 3382 idcirco
1006 3326 1056 3381 in
1092 3334 1355 3397 perpetuo
1373 3340 1497 3383 esse
1532 3335 1681 3381 motu
1707 3324 1985 3381 fatendum

411 3422 537 3476 erit.
568 3419 723 3487 Quod
753 3418 798 3474 si
832 3429 1092 3490 perpetuo
1123 3428 1394 3484 movetur,
1441 3416 1766 3473 circularem
1798 3417 1988 3487 utique

414 3512 635 3567 habehtt
682 3518 910 3565 motum.
944 3508 1001 3563 id
1043 3521 1280 3576 namque
1332 3508 1476 3576 quod
1504 3516 1652 3561 recta
1712 3513 1983 3573 movetur,

413 3619 521 3659 non
551 3610 729 3673 potest
775 3599 1030 3655 mobilem
1081 3599 1361 3668 possidere
1408 3607 1685 3654 naturam.
1738 3597 1988 3666 Quiescit

404 3696 554 3752 enim
630 3695 848 3749 tandem
929 3691 1245 3761 aliquando,
1313 3691 1458 3762 quod
1537 3699 1743 3747 rectum
1824 3691 1986 3746 habet

413 3802 639 3845 motum.
677 3786 871 3842 Ether
896 3786 1080 3856 itaque
1111 3795 1166 3841 et
1207 3799 1371 3841 omne
1425 3799 1741 3855 supremum
1765 3797 1986 3853 corpus,

2089 2864 2319 2933 ϐάλλων,
2352 2864 2455 2918 κᾶν
2499 2863 2609 2935 πῦρ
2660 2866 2820 2935 ἀέρος
2868 2882 2929 2918 τε
2977 2864 3295 2937 ὑπερϐάλλῃ
3353 2860 3531 2932 πολλῷ
3577 2862 3658 2915 ἔτι

2092 2958 2408 3030 μᾶλλοντῷ
2460 2959 2754 3023 κινεῖσθαι,
2817 2961 2913 3012 καὶ
2968 2958 3277 3028 ἀεικίνητον
3340 2957 3445 3026 εἴη·
3508 2957 3554 3009 εί
3616 2955 3663 3009 δ’

2091 3051 2424 3120 ἀεικίνητον,
2463 3054 2566 3106 κάν
2617 3051 2799 3120 κύκλῳ
2841 3053 3064 3108 κινοῖτο.
3112 3050 3230 3104 Ἐπ’
3268 3050 3397 3103 εὐθὺ
3428 3049 3537 3119 γάρ
3569 3066 3628 3101 κι

2094 3145 2356 3213 νούμενον
2394 3145 2493 3214 οὐχ
2527 3138 2642 3197 οἷόν
2668 3161 2725 3197 τε
2753 3143 2873 3197 οὐδὲ
2902 3144 3124 3213 κινητὸν
3149 3139 3315 3199 εῖναι.
3341 3142 3661 3197 Παύσασθαι

2074 3228 2202 3308 ’γάρ
2228 3254 2359 3291 ποτε
2432 3237 2647 3307 ἀνάγκη
2710 3236 2771 3291 τὸ
2803 3236 2891 3289 ἐπ’
2933 3236 3062 3290 εὐθὺ
3115 3235 3433 3305 κινούμενον
3469 3233 3658 3288 τούτου

2087 3328 2182 3383 τοῦ
2209 3327 2459 3399 σώματος
2492 3322 2635 3381 εἴναι
2669 3328 2759 3381 τόν
2790 3345 2849 3381 τε
2874 3326 3067 3397 αίθέρα
3100 3328 3196 3383 καὶ
3227 3328 3336 3382 πᾶν
3367 3326 3428 3379 τὸ
3452 3326 3661 3379 ἀνωτά·

2088 3438 2167 3475 τω
2222 3421 2405 3491 σῶμα,
2443 3420 2678 3491 οὐρανόν
2715 3436 2775 3474 τε
2837 3420 2984 3483 ίδίως
3036 3418 3392 3490 καλούμενον.
3436 3419 3660 3483 Τούτοις

2091 3514 2204 3577 τοῖς
2261 3512 2442 3582 λόγοις
2489 3514 2542 3566 τί
2600 3512 2740 3584 ἔχων
2791 3506 3108 3580 μέμψασθαι
3160 3512 3544 3582 Ἀριστοτέλης
3594 3512 3659 3566 τὺ

2092 3602 2343 3673 πέμπτον
2390 3602 2550 3673 σῶμα
2601 3602 3104 3673 κεκαινοτιοίηκεν;
3158 3604 3278 3657 Ἐπ’
3320 3602 3469 3669 εὐθὺ,
3503 3605 3658 3674 φησὶ,

2093 3695 2393 3766 φερόμενον
2429 3697 2624 3767 ὁρᾶται
2673 3695 2735 3748 τὸ
2792 3694 2945 3767 πῦρ,
3002 3697 3029 3749 ὁ
3077 3696 3123 3750 δ’
3161 3697 3390 3768 οὐρανὸς
3448 3699 3656 3769 κύκλῳ.

2093 3787 2245 3840 Ὠστ’
2285 3787 2384 3841 οῦκ
2434 3787 2501 3841 ἂν
2534 3786 2622 3858 εἴη
2670 3787 2781 3858 πῦρ
2820 3790 2848 3842 ὁ
2881 3787 3108 3859 οὐρανὸς
3154 3790 3221 3843 τὰ
3254 3788 3348 3843 τοῦ
3385 3788 3656 3860 σώματος.

403 3884 706 3953 ipsumque
766 3879 913 3950 quod
970 3878 1044 3932 ita
1109 3877 1330 3948 proprie
1387 3877 1703 3934 nominatur
1762 3874 1984 3941 caelum,

2103 3878 2267 3935 Ἀλλά
2319 3882 2412 3935 καλ⁸
2443 3883 2475 3952 ἡ
2521 3882 2594 3952 γῆ
2626 3884 2903 3953 φερομένη
2940 3882 3000 3935 τέ
3040 3901 3169 3938 ποτε
3200 3887 3413 3952 ὁρᾶται,
3441 3888 3534 3942 καὶ
3568 3888 3658 3939 ἐπ’

400 3974 577 4029 talem
633 3974 853 4028 habebit
910 3986 1204 4036 naturant,
1265 3985 1430 4041 quam
1494 3984 1664 4040 nuper
1729 3968 1985 4023 diximus.

411 4065 535 4120 Jam
562 4065 847 4120 videamus
876 4063 1080 4135 quibus
1114 4061 1435 4117 Aristoteles
1469 4062 1630 4116 nixus
1677 4060 1986 4116 rationibus

404 4167 602 4212 contra
634 4172 730 4212 nos
754 4171 954 4211 novum
1004 4154 1137 4210 illud
1165 4154 1417 4222 quintum
1443 4166 1646 4222 corpus
1690 4149 1983 4207 ellinxerit.

414 4251 698 4315 Videmus,
734 4249 829 4314 ait,
851 4250 1029 4319 ignem
1062 4255 1270 4302 rectum
1301 4246 1505 4301 habere
1530 4254 1761 4311 motum,
1788 4243 1988 4300 coelum

413 4351 594 4395 autem
650 4337 999 4394 circularem.
1058 4334 1401 4407 Quapropter
1454 4333 1597 4404 ignis
1655 4334 1988 4390 diversama

413 4434 557 4489 cwlo
583 4429 849 4486 obtinebit
878 4438 1154 4483 naturam.
1220 4428 1311 4492 At,
1374 4427 1701 4497 respondeo.
1746 4427 1988 4484 videmus

411 4525 576 4580 etiam
613 4519 1182 4593 quandoquennoveri
1211 4527 1267 4574 et
1327 4529 1475 4575 recto
1546 4518 1766 4588 quidem
1808 4528 1988 4589 motu;

414 4618 650 4686 idipsum
684 4623 864 4668 autem
909 4623 1040 4667 tunc
1069 4609 1405 4681 contingere,
1439 4611 1661 4681 quando
1700 4611 1755 4665 in
1809 4612 1989 4667 alieno

411 4710 665 4765 consistit
710 4706 851 4761 loco.
916 4703 1332 4774 Quamprimum
1393 4704 1580 4774 itaque
1602 4719 1670 4759 eo
1717 4705 1988 4775 pervenit,

413 4816 524 4873 quo
581 4800 834 4869 pertinet,
892 4806 1006 4852 tum
1045 4797 1299 4867 quiescit,
1330 4812 1431 4853 nec
1462 4797 1700 4869 amplius
1740 4809 1988 4856 movetur

415 4906 674 4962 tanquam
706 4890 773 4945 ad
815 4889 921 4945 hoc
950 4892 1132 4960 ipsum
1169 4888 1312 4944 illius
1348 4887 1523 4960 magis
1568 4889 1641 4945 sit
1671 4900 1990 4961 comparata

406 4997 630 5041 natura.
659 4982 798 5050 Quid
828 4982 994 5053 igitur
1014 4982 1240 5046 mirum,
1270 4981 1317 5037 si
1347 4981 1524 5052 ignem
1555 4983 1743 5047 etiam,
1769 4975 1989 5053 quando

415 5082 468 5134 in
500 5080 680 5134 alieno
712 5076 879 5132 fuerit
943 5076 1093 5142 loco,
1121 5082 1268 5129 recta
1304 5073 1431 5131 ferri
1455 5076 1781 5144 quandoque
1804 5073 1986 5129 videa-

404 5187 559 5239 -tnus,
589 5170 780 5226 eodem
837 5169 1099 5223 nimirum
1151 5179 1326 5233 motu,
1359 5167 1454 5237 qui
1508 5168 1581 5221 sit
1609 5166 1867 5221 omnibus
1899 5164 1988 5220 his

392 5265 732 5335 corporibus
754 5261 1068 5319 communis
1108 5274 1249 5332 quae,
1268 5262 1311 5316 si
1332 5260 1509 5315 alieno
1523 5259 1827 5315 consistant
1850 5258 1988 5322 loco,

394 5368 562 5415 recta
619 5358 890 5423 feruntur,
925 5370 1033 5425 quo
1076 5352 1271 5425 possit,
1320 5350 1571 5406 videlicet
1620 5348 1713 5404 ille
1771 5364 1990 5420 quoque

404 5467 580 5523 quam
604 5450 868 5505 citissime
907 5447 974 5503 ad
1017 5460 1178 5503 suum
1237 5445 1522 5515 pervenire
1581 5442 1782 5508 locum,
1823 5457 1986 5513 quem

413 5547 517 5616 ipsi
563 5553 759 5600 natura
808 5541 1104 5599 deStinavit
1155 5548 1212 5595 et
1261 5548 1553 5610 postquam
1624 5538 1677 5591 in
1733 5536 1826 5591 illo
1868 5536 1982 5606 jam

415 5648 690 5703 versatur,
720 5638 773 5691 in
803 5636 991 5690 orbem
1028 5632 1256 5698 moveri,
1286 5640 1545 5701 tanquam
1580 5631 1645 5683 ad
1678 5629 1781 5684 hoc
1809 5629 1984 5699 ipsum

408 5719 772 5800 comparatus
792 5725 1004 5794 magis?
1038 5725 1148 5779 Cur
1180 5724 1367 5795 itaque
1390 5720 1642 5792 quintum
1676 5720 1810 5775 illud
1863 5737 1985 5776 cor-
2014 5714 2022 5720 ’

404 5833 516 5886 pus
549 5820 755 5874 eiiinxit
802 5818 960 5889 cujus
987 5818 1032 5872 si
1087 5818 1358 5886 qutepiam
1417 5812 1555 5869 forte
1610 5813 1875 5883 particula
1931 5814 1984 5869 in

406 5910 593 5963 alieno
633 5908 896 5963 consistat
930 5902 1275 5988 loco,.quetn'
1310 5916 1517 5961 motum
1553 5903 1773 5959 habebit
1799 5904 1819 5957 ?
1847 5921 1976 5961 num

2093 3972 2224 4028 εὐθὺ
2249 3974 2527 4044 φερομένη
2558 3990 2572 4005 ⁸
2637 3973 2773 4027 ἀλλά
2826 3974 2983 4027 τοῦτο
3039 3975 3141 4043 μὲν
3199 3976 3464 4048 ἀλλοτρίῳ
3513 3979 3653 4050 αὐτῇ

2091 4067 2242 4136 τόπῳ
2272 4066 2527 4136 γεγονυίᾳ
2582 4067 2843 4120 ἑκάστοτε
2894 4065 3208 4136 συμϐαίνει·
3260 4070 3317 4131 ἐς
3370 4068 3426 4123 δὲ
3459 4069 3549 4124 τὸν
3576 4072 3654 4125 oi-

2093 4159 2239 4210 κεῖον
2286 4159 2566 4227 ἀφιγμένη
2605 4159 2758 4229 μένει
2817 4159 2916 4230 ἤδη
2953 4198 2967 4223 ,
3023 4160 3120 4213 καὶ
3168 4160 3270 4214 οὐκ
3312 4160 3654 4235 ἐπιφέρεται

2091 4247 2165 4313 ὡς
2197 4249 2332 4321 πρδς
2366 4249 2524 4304 τοῦτο
2554 4252 2827 4320 πεφυκυῖα
2860 4250 3089 4320 μᾶλλον.
3119 4251 3183 4306 Τί
3214 4248 3307 4308 οῦν
3334 4254 3531 4309 κωλύει
3561 4260 3658 4311 καὶ

2092 4340 2154 4394 τὸ
2190 4341 2301 4411 πῦρ
2351 4341 2541 4413 ἐπειδὴ
2582 4343 2639 4395 ὲν
2693 4343 2962 4415 ἀλλοτρέῳ
3009 4345 3163 4416 τόπῳ
3190 4346 3535 4417 γιγνόμενον,
3568 4349 3660 4402 ἐπ’

2092 4430 2224 4484 εὐθὺ
2256 4432 2558 4502 φερόμενον
2614 4433 3142 4518 ἐκάστοτερρᾶται,
3188 4440 3396 4508 ταύτην
3428 4439 3529 4509 μὲν
3557 4442 3655 4509 τὴν

2095 4522 2269 4593 φορὰν
2297 4523 2418 4575 τότε
2445 4523 2738 4592 κινεῖσθαι,
2772 4524 2951 4580 κοινὸν
2999 4525 3058 4579 ὃν
3085 4527 3257 4582 ἅπασι
3313 4528 3518 4593 τούτοις
3547 4532 3657 4594 τοίς

2095 4615 2311 4687 σώμασι
2357 4617 2417 4670 τὸ
2468 4620 2525 4671 ὲν
2560 4617 2827 4690 ἀλλοτρίῳ
2856 4620 3106 4689 γεγονόσι
3141 4623 3288 4692 τόπῳ
3323 4621 3539 4675 εὐθεῖαν
3565 4623 3660 4688 φέ-

2095 4709 2311 4778 ρεσθαι,
2341 4710 2427 4764 ἵνα
2447 4710 2705 4782 ταύτῃζδὴ
2733 4712 2828 4765 καὶ
2861 4711 2935 4774 ὡς
2959 4711 3191 4781 τάχιστα
3221 4713 3311 4765 ἐπὶ
3339 4713 3430 4765 τὸν
3458 4714 3659 4766 οἰκεῖον

2092 4800 2363 4869 ἀφίκοιτο,
2399 4801 2619 4856 ὲπειδάν
2670 4802 2728 4856 δὲ
2783 4804 2843 4859 ἐν
2888 4802 2964 4873 τῷ
3007 4804 3200 4874 οίκείῳ
3253 4804 3464 4872 γένοιτο
3488 4804 3655 4871 τόπῳ,

2090 4892 2212 4945 τότε
2259 4892 2324 4962 δὴ
2357 4892 2454 4946 καὶ
2484 4892 2669 4959 κύκλῳ
2718 4893 2990 4947 κινεῖσθαι
3034 4895 3174 4966 πρὸς
3206 4894 3364 4948 τοῦτο
3413 4897 3655 4965 πεφυκὸς

2095 4984 2294 5052 μᾶλλον
2326 5002 2341 5052 ;
2372 4986 2424 5039 τί
2451 4984 2495 5037 δ’
2525 4985 2672 5055 αὐτῷ
2706 4986 2765 5039 τὸ
2796 4985 3049 5054 πέμπτον
3082 4988 3262 5042 ἐκεῖνο
3287 4987 3446 5056 σῶμα
3476 4990 3532 5041 εἴ
3547 5005 3659 5050 πως

2091 5077 2258 5131 αὐτοῦ
2287 5095 2339 5131 τι
2387 5079 2575 5149 μόριον
2603 5080 2662 5132 ἐν
2710 5078 2976 5149 ἀλλοτρίῳ
3004 5079 3288 5148 ἐγγίγνετο
3323 5080 3471 5151 τόπῳ
3497 5096 3514 5148 ;
3562 5081 3661 5135 Πό-

2094 5187 2230 5240 τερα
2255 5170 2419 5224 αὐτοῦ
2457 5172 2618 5239 μένον
2646 5169 2832 5240 κύκλῳ
2868 5170 3155 5241 ἐστρέφετ’
3187 5170 3295 5237 ἀν;
3342 5171 3374 5243 ἢ
3403 5171 3494 5225 ἐπ’
3532 5172 3661 5228 εὐθὺ

2096 5262 2311 5331 ἐνεχθὲν
2353 5262 2445 5315 ἐπὶ
2499 5261 2590 5316 τὸν
2635 5263 2835 5315 οἰκεῖον
2873 5261 3090 5331 ἀφίκετ’
3130 5262 3198 5316 ἀν
3249 5261 3456 5330 τόπον;
3505 5265 3663 5319 Ἀ).λά

2092 5353 2201 5405 τῶν
2252 5353 2550 5421 τεττάρων,
2611 5354 2767 5424 φησὶ,
2836 5353 3040 5408 τούτων
3102 5357 3371 5424 σωμάτων
3404 5359 3664 5412 ἁπάντων

2092 5447 2235 5499 κατά
2281 5446 2423 5516 μέρη
2472 5446 2874 5515 φθειρομένων,
2923 5445 3020 5500 καὶ
3064 5446 3175 5500 οὐδ’
3223 5448 3445 5502 ὁτουοῦν
3487 5452 3666 5504 αὐτῶν

2093 5539 2268 5608 πάντη
2302 5537 2581 5609 ἀφθάρτου
2624 5537 2798 5604 ὄντος,
2837 5538 3050 5606 ἀνάγκη
3092 5533 3234 5593 εἷναί
3265 5557 3323 5592 τε
3356 5541 3447 5593 καὶ
3483 5541 3660 5614 πάντη

2091 5629 2368 5699 ἄφθαρτον
2398 5631 2578 5701 σῶμα,
2611 5630 2707 5684 καὶ
2740 5628 2885 5685 τοῦτ’
2917 5626 3059 5685 εῖναι
3096 5630 3189 5685 τὸν
3217 5632 3469 5703 οὐρανόν.
3506 5631 3665 5687 Τοῦτ’
3693 5623 3696 5626 ’

2093 5724 2192 5775 οὐκ
2214 5723 2294 5776 ἔτι
2325 5722 2690 5793 Ἀριστοτέλει
2722 5724 2770 5776 οἱ
2802 5723 2931 5793 περὶ
2964 5722 3227 5777 Πλάτωνα
3262 5724 3660 5792 συγχωροῦσιν.

2094 5814 2157 5866 Ei
2195 5813 2302 5884 γάρ
2327 5815 2390 5884 δὴ
2424 5812 2484 5868 οῦ
2514 5830 2678 5883 φασιν
2701 5807 2847 5867 οῦτοι
2880 5812 3159 5866 καθἀὑτὸ
3189 5814 3344 5868 οὐδὲν
3379 5814 3663 5885 ἄφθαρτον

2096 5907 2277 5978 σῶμα,
2306 5908 2423 5971 πῶς
2459 5906 2566 5977 γὰρ
2589 5905 2654 5961 ἂν
2704 5901 2815 5961 οἶόν
2847 5907 2893 5961 τ’
2920 5923 3058 5960 ειναι
3087 5909 3351 5976 φήσουσιν
3380 5906 3656 5974 ἄφθαρτον
