4078 6430
392 466 499 530 909
1071 460 1171 522 DE
1212 461 1640 523 PLATONICA
1678 463 1775 523 ET
1824 463 2375 525 ARISTOTELICA
2422 465 2964 525 l’lIlLOSOPlllA-
3393 495 3400 501 -
3535 466 3640 525 9ὶο

392 578 520 635 καθ’
570 573 705 629 αὐτὸ
759 567 899 626 εἶναι
944 573 1003 626 τὺ
1045 574 1297 643 μεριστόν
1341 592 1400 628 τε
1456 577 1548 629 καὶ
1596 578 1955 630 σκεδαστικδνχ

2077 578 2273 634 ibidem
2295 579 2459 633 etiam
2492 580 2545 632 in
2603 579 2789 633 orbem
2846 577 3122 631 vertetur?
3182 591 3251 631 an
3312 592 3438 632 vero
3492 589 3641 636 recta

390 671 483 725 καλ⁵
515 669 617 722 ὅσα
662 667 727 737 τῇ
775 662 971 718 ἑαυτοῦ
1018 665 1183 734 φύσει
1211 664 1457 719 διαλυτόν
1484 682 1499 735 ;
1538 666 1606 720 τὰ
1636 667 1683 720 δ’
1711 667 1955 738 ἄφθαρτα

2070 669 2372 725 ascendens
2403 671 2470 723 ad
2523 668 2801 739 proprium
2833 668 3017 721 tendet
3067 667 3298 722 locum?
3353 666 3459 722 3rd
3510 669 3637 734 ista,

397 761 681 822 κάκείνοις
735 758 993 819 δοκοῦντα
1051 760 1158 814 τῶν
1212 761 1484 831 σωμάτων
1534 761 1597 815 οὐ
1658 762 1784 816 καθ’
1822 762 1955 818 αύτὰ

2070 762 2268 832 inquit,
2303 762 2486 818 omnia
2528 768 2761 831 quatuor
2781 775 3007 830 corpora
3042 774 3165 813 cum
3211 759 3645 817 sintsecundum

390 850 647 921 ἄφθαρτα
673 845 815 903 εἶναι
842 848 1115 915 δοκοῦσιν,
1143 849 1280 906 ἀλλὰ
1312 850 1399 904 διὰ
1442 850 1620 921 ψυχῆς
1660 854 1955 924 παρουσίαν

2066 864 2248 923 partes
2289 852 2637 909 dissolutioni
2663 852 2923 916 obnoxia,
2973 866 3150 919 neque
3179 852 3350 905 ullum
3397 865 3460 905 ex
3505 849 3644 919 ipsis

388 941 480 992 ὑπ’
512 940 684 1009 αὐτῆς
741 940 959 1013 ἐκείνης
1029 940 1559 1006 ἁπαθανατίζεσθαι.
1598 943 1709 997 Καὶ
1758 945 1806 996 oi
1864 946 1955 1013 μὲν

2064 948 2289 1002 omnino
2343 963 2371 1002 a
2418 946 2769 1017 corruptiozie
2824 946 2895 1001 sit
2944 945 3210 1007 immune,
3258 958 3482 998 necesse
3536 942 3646 996 erit

388 1031 519 1102 περὶ
567 1030 832 1084 Πλάτωνα
879 1030 1043 1084 οὗτοι)⁹
1077 1029 1186 1085 ἔδει
1222 1031 1281 1085 δέ
1331 1049 1433 1086 που
1468 1033 1563 1087 καὶ
1590 1032 1955 1103 Ἀριστοτέλη,

2070 1037 2343 1107 quoddam
2374 1038 2537 1093 etiam
2575 1039 2842 1092 exsistere
2873 1050 3095 1101 corpus,
3135 1034 3276 1104 quod
3309 1035 3381 1089 sit
3411 1048 3643 1102 eorrup-

386 1122 486 1177 ἆτε
522 1124 616 1176 καὶ
663 1121 827 1177 αὐτὸν
859 1122 1077 1192 ἔμψυχα
1111 1123 1340 1178 τοιαῦτα
1377 1123 1485 1177 τῶν
1513 1125 1783 1193 σωμάτων
1814 1124 1955 1178 τιθέη

2071 1129 2235 1184 tionis
2272 1144 2501 1199 prorsus
2552 1144 2769 1199 expers,
2823 1128 2987 1199 idque
3042 1128 3221 1199 ipsum
3273 1126 3379 1182 erit
3419 1126 3643 1181 coelum.

391 1232 570 1285 μενον,
603 1216 667 1286 τῇ
698 1213 847 1285 ψυχῇ
875 1213 1035 1267 τοῦτο
1081 1214 1371 1286 πρεσϐεῖον
1406 1216 1724 1285 ἀπονεῖμαι,
1759 1216 1854 1270 καὶ
1887 1217 1955 1287 μὴ

2072 1217 2185 1274 Hoc
2225 1234 2354 1273 vero
2384 1217 2667 1280 Platonici
2712 1219 2824 1289 jam
2888 1233 2997 1273 non
3050 1217 3286 1287 amplius
3337 1215 3646 1269 concedunt

391 1308 552 1378 σῶμα
589 1324 642 1360 τι
687 1307 811 1361 καθ’
841 1306 975 1360 αὐτὸ
1003 1307 1283 1379 ἄφθαρτον
1315 1310 1674 1362 καινοποιεῖν.

2070 1309 2375 1364 Aristoteli.
2420 1309 2628 1382 Negant
2690 1312 2836 1366 enim
2900 1326 2996 1382 per
3047 1324 3130 1375 se,
3191 1323 3403 1377 suaque
3458 1306 3508 1360 vi
3584 1318 3649 1358 ac

390 1418 585 1464 natura
620 1404 928 1461 immortale
966 1417 1089 1459 esse
1135 1404 1302 1459 ullum
1328 1419 1553 1475 corpus,
1601 1420 1795 1475 nempe
1818 1415 1964 1474 quoa
2003 1405 2221 1462 videant
2278 1422 2389 1461 non
2459 1420 2621 1476 posse
2675 1405 2788 1461 fieri
2813 1417 2872 1461 ut
2914 1406 2967 1461 id
2996 1407 3067 1463 sit
3114 1404 3445 1469 immortale,
3498 1398 3646 1472 quod

390 1498 809 1559 estdiriduum,
865 1494 1143 1564 certisque
1194 1504 1415 1553 constat
1462 1497 1708 1568 partibus
1758 1512 1968 1579 suaque
2008 1509 2209 1554 natura
2248 1507 2423 1569 potest
2450 1500 2697 1567 dissolvi,
2724 1501 2882 1570 quale
2902 1507 2986 1553 est
3024 1512 3223 1569 corpus
3281 1510 3461 1552 omne.
3516 1494 3649 1562 Quae
3699 1522 3704 1527 -

390 1603 521 1641 vero
570 1603 800 1658 corpora
834 1592 938 1661 ipsi
964 1593 1304 1649 arbitrantur
1347 1610 1470 1651 esse
1493 1596 1843 1661 immortalia,
1874 1594 1967 1649 illa
2007 1610 2114 1649 non
2140 1609 2204 1650 ex
2239 1611 2338 1651 sua
2369 1584 2570 1651 natura
2603 1611 2727 1652 esse
2774 1596 2903 1651 talia
2926 1593 3191 1658 sentiunt,
3269 1593 3363 1647 sed
3424 1600 3649 1661 propter

388 1682 583 1737 anima:
616 1687 955 1755 praesentiam
1007 1690 1160 1744 reddi
1206 1691 1539 1746 immortalia
1591 1692 1947 1749 contendunt.
1987 1691 2260 1761 Atqueilli
2299 1690 2518 1761 quidem
2550 1693 2644 1761 qui
2704 1700 2853 1747 stant
2916 1707 2946 1746 a
3000 1691 3248 1762 partibus
3279 1686 3549 1750 Platonis,
3591 1684 3646 1738 in

387 1792 451 1831 ea
493 1786 623 1832 sunt
670 1783 962 1835 sententia.
1024 1779 1247 1839 Ret-tius
1291 1793 1474 1839 autem
1564 1784 1785 1845 fecisset
1829 1787 1992 1840 etiam
2072 1786 2413 1852 Aristoteles,
2469 1786 2560 1855 qui
2624 1786 2741 1856 ipse
2811 1799 3028 1855 quoque
3069 1783 3366 1854 \ejusmodi
3414 1794 3646 1849 corpora

387 1871 679 1926 constituit
703 1886 827 1927 esse
854 1873 1117 1942 animata,
1150 1877 1195 1930 si
1257 1878 1452 1932 animae
1512 1878 1655 1933 hanc
1699 1877 2075 1946 praestantiam
2102 1878 2452 1949 assignasset,
2484 1886 2673 1933 etnon
2724 1876 2966 1947 corpori,
3025 1890 3127 1932 nec
3189 1877 3366 1947 ipsum
3424 1888 3553 1943 per.
3586 1887 3646 1927 se

389 1977 600 2035 suaque
626 1965 680 2019 vi
716 1964 1027 2023 immortale
1057 1982 1201 2024 novo
1239 1973 1473 2036 quodam
1502 1972 1660 2025 modo
1682 1968 1950 2025 finxisset.

979 2060 1229 2114 ΚΕΦΑΛ.
1263 2058 1368 2115 1Ε’.

2689 2054 2843 2112 CAP.
2891 2053 3007 2111 XV.

458 2143 670 2212 Γελοϊος
707 2148 752 2204 δ’
783 2150 900 2204 ἐστὶ
935 2150 1029 2205 καὶ
1059 2151 1172 2215 ζῶα
1220 2154 1320 2223 μὲν
1362 2151 1643 2223 τιθέμενος
1667 2153 1735 2208 τὰ
1766 2154 1962 2222 ἄστρον

390 2242 524 2310 φησὶ
568 2241 678 2314 γάρ
705 2258 807 2295 που
841 2242 1037 2310 λέγων,
1082 2246 1274 2315 Ἡμεῖς
1314 2244 1362 2299 δ’
1392 2244 1487 2309 dig‘
1515 2246 1641 2316 περὶ
1670 2243 1828 2309 ζώων
1854 2245 1963 2300 αύ-

388 2332 498 2386 τῶν
523 2332 900 2404 διανοούμεθα⁹
918 2334 1111 2389 ἔπειτα
1130 2336 1365 2406 ἀκίνητα
1389 2336 1490 2405 μὲν
1512 2336 1650 2390 αὐτὰ
1677 2336 1799 2391 καθ’
1824 2337 1964 2391 αὑτὰ

391 2424 560 2489 ἀξιῶν
589 2423 755 2495 εἶναι,
789 2428 894 2481 ὑπὸ
941 2427 1000 2480 δὲ
1041 2430 1291 2501 σφαιρῶν
1333 2431 1497 2501 μόνον
1549 2429 1960 2499 ἀνελιττόμενα.

390 2512 534 2572 Τίνα
587 2519 655 2590 δὴ
676 2513 802 2574 ’καὶ
849 2520 1025 2592 ψυχὴν
1067 2522 1205 2577 αὐτὰ
1232 2522 1377 2592 ἔχειν
1407 2520 1652 2588 ἀξιώσει,
1691 2523 1742 2575 εί
1769 2522 1865 2576 τόν
1896 2537 1961 2589 γε

390 2612 605 2664 ἅπαντα
625 2611 813 2682 χρόνον
835 2612 1061 2682 ἀκίνητα
1082 2612 1232 2681 μένει
1252 2629 1269 2682 ;
1294 2613 1354 2666 οὐ
1380 2613 1486 2683 γὰρ
1507 2612 1572 2684 δὴ
1599 2613 1698 2683 τὴν
1719 2611 1961 2683 ὀστρεὼ-

385 2703 471 2773 δη.

2143 2152 2332 2207 Risum
2388 2166 2607 2221 quoque
2677 2150 2835 2204 nobis
2888 2149 3019 2205 facit
3095 2147 3436 2210 Aristoteles,
3497 2146 3645 2214 quod

2068 2254 2213 2301 astra
2240 2241 2462 2314 quidem
2512 2242 2763 2298 concedit
2789 2256 2913 2297 esse
2968 2241 3226 2304 animata,
3255 2236 3308 2293 id
3358 2236 3502 2308 quod
3539 2236 3643 2291 ali-

2067 2336 2191 2392 cubi
2221 2335 2480 2401 affirmat,
2504 2334 2692 2390 dicens
2723 2348 2783 2390 se
2804 2332 2994 2389 eodem
3026 2332 3148 2386 loco
3195 2341 3364 2396 astra,
3395 2344 3506 2399 quo
3528 2332 3647 2383 ani-

2070 2429 2230 2483 malia
2259 2429 2498 2483 habere:
2537 2427 2723 2482 eadem
2759 2439 2886 2481 vero
2911 2435 3100 2495 postea
3162 2437 3254 2493 per
3286 2437 3346 2478 se
3368 2435 3491 2477 esse
3543 2419 3648 2478 ion-

2068 2522 2291 2576 mobilia
2362 2520 2662 2585 existimat,
2722 2526 2777 2574 et
2838 2518 3002 2573 motis
3074 2517 3338 2571 duntaxat
3390 2514 3643 2578 orbibus,

2069 2613 2270 2683 quibus
2322 2623 2451 2667 sunt
2508 2611 2695 2678 infixa,
2729 2611 2962 2665 moveri.
3004 2608 3123 2676 Quo
3193 2609 3392 2678 posito,
3435 2619 3643 2675 quaeso,

2070 2706 2413 2776 qualemnain
2469 2707 2707 2760 animam
2761 2705 2941 2763 inesse
2988 2705 3127 2788 ipsis
3185 2701 3544 2765 eximimabit,
3596 2699 3645 2754 si

386 2799 643 2853 nimirum
675 2813 821 2853 omni
860 2807 1103 2870 tempore
1152 2810 1406 2856 maneant
1433 2801 1734 2857 immobilia
1762 2801 1785 2855 *ἒ
1816 2814 1943 2857 num
1984 2816 2102 2856 eam
2132 2801 2403 2866 fortassis,
2434 2802 2652 2873 qualem
2686 2802 2886 2857 ostreis
2957 2811 3012 2855 et
3062 2798 3290 2856 conchis
3348 2795 3648 2853 attribuere

382 2896 627 2950 solemus
1323 2903 1330 2910 '
3424 2888 3433 2897 “

943 2986 1216 3050 sema.
1252 2988 1374 3057 ις’.

2673 2983 2831 3040 CAP.
2876 2981 2995 3038 XV'l

452 3078 575 3142 Πῶς
606 3079 663 3133 δὲ
698 3081 794 3135 καὶ
841 3081 871 3134 ὁ
893 3080 1046 3151 ἥλιος
1078 3081 1227 3152 αὐτῷ
1256 3082 1317 3134 ού
1345 3080 1443 3150 τῆς
1473 3081 1688 3150 φύσεως
1719 3082 1785 3151 τῇ
1824 3078 1955 3149 θερ-

2140 3078 2257 3133 Jam
2285 3093 2413 3134 vero
2443 3076 2607 3133 etiam
2668 3077 2836 3131 solem
2888 3090 2998 3129 non
3069 3086 3276 3131 naturae
3324 3075 3647 3137 calliditate,

386 3173 576 3240 μότητι
613 3170 952 3242 θερμαίνει,
1005 3174 1142 3233 ἀλλὰ
1191 3174 1262 3244 τῇ
1316 3174 1551 3243 κινήσει,
1600 3173 1699 3242 τῆς
1728 3171 1955 3241 σελήνης

2069 3173 2163 3229 sed
2190 3177 2338 3226 motu
2395 3170 2636 3226 calorem
2670 3170 2829 3224 terris
2875 3169 3155 3238 impertire
3176 3169 3435 3234 afﬁrmat,
3459 3168 3645 3223 lunam

380 3264 444 3318 οὐ
493 3265 886 3335 παραπλησίως
940 3267 1007 3337 τῇ
1065 3281 1129 3334 γε
1188 3265 1403 3336 κινήσει
1434 3262 1860 3336 θερμαινούσης”
1902 3267 1951 3316 εί

2071 3279 2199 3318 vero
2234 3273 2393 3333 negat
2443 3262 2698 3318 similiter
2738 3269 2888 3316 motu
2948 3260 3269 3320 calefacere.
3300 3261 3473 3329 Quam
3516 3277 3646 3315 vero

383 3356 490 3425 γὰρ
517 3357 611 3409 καὶ
639 3356 818 3427 πολλῷ
847 3359 913 3428 τῇ
961 3358 1112 3428 ήλίου
1169 3359 1200 3427 ἡ
1255 3359 1486 3429 σελήνης
1515 3359 1734 3428 κίνησις
1762 3356 1955 3429 βραδυ-

2071 3357 2176 3411 hoc
2206 3356 2502 3410 absurdum
2532 3352 2664 3409 est?
2718 3353 2942 3409 Etiamsi
2977 3354 3122 3408 enim
3177 3353 3321 3408 lunae
3349 3365 3533 3409 motus
3573 3353 3649 3409 sit

381 3452 541 3520 τέρα,
571 3450 707 3504 ἀλλὰ
740 3451 836 3503 καὶ
869 3451 1144 3520 ὲγγυτέρα
1194 3449 1263 3504 ἂν
1313 3452 1380 3520 τῇ
1424 3449 1582 3520 ἡμῶν
1616 3449 1819 3520 πολλῷ.
1853 3450 1955 3502 Πέ-

2071 3447 2281 3502 tardior
2313 3455 2463 3501 motu
2501 3447 2657 3512 solis,
2696 3447 2812 3516 ipsa
2868 3457 3048 3503 tamen
3082 3447 3234 3503 sidus
3286 3456 3368 3502 est
3418 3446 3650 3509 novissi-

384 3559 522 3608 φυκε
551 3543 609 3597 δὲ
655 3544 726 3597 τὰ
776 3541 1005 3611 δύναμιν
1036 3559 1158 3595 τινα
1192 3541 1387 3613 ἔχοντα
1443 3541 1541 3595 τοῦ
1599 3541 1778 3597 ὁτιοῦν
1825 3542 1955 3614 δρᾷν

2066 3554 2238 3602 mum,
2276 3539 2550 3607 terrisque
2601 3538 3116 3595 familiarissimum.
3166 3538 3357 3595 Solent
3397 3554 3530 3595 vero
3577 3554 3642 3593 ea

2063 3621 2314 3698 corpora,
2337 3644 2460 3699 qua:
2490 3629 2743 3684 virtutem
2769 3629 2972 3685 habent
2998 3630 3238 3699 aliquam
3260 3630 3328 3686 ad
3349 3630 3646 3701 agendum,

2063 3721 2311 3789 proxime
2367 3721 2537 3788 uagis
2592 3721 2740 3775 illam
2774 3735 3046 3786 exserere,
3100 3733 3158 3776 ut
3211 3723 3287 3777 ita
3342 3725 3647 3793 oportuerit

2061 3815 2226 3868 etiam
2282 3811 2443 3867 istam
2512 3823 2691 3867 monis
2761 3812 3069 3866 tarditatem
3120 3812 3319 3868 minori
3381 3814 3641 3872 distantia

2064 3905 2432 3974 compensari,
2470 3904 2778 3975 lunamque
2810 3904 3060 3960 similiter
3092 3914 3257 3976 atque
3290 3906 3458 3962 solem
3503 3910 3647 3964 cale-

2063 3993 2266 4059 facere,
2293 3995 2336 4050 si
2369 3995 2629 4050 nimirum
2668 4011 2755 4051 res
2791 3995 2866 4050 ita
2898 3995 3142 4062 haberet,
3166 4007 3223 4053 ut
3252 4008 3434 4055 motus
3458 4001 3641 4070 potius

2062 4102 2226 4157 quam
2286 4086 2555 4142 calliditas
2615 4100 2889 4145 astrorum
2939 4090 3173 4146 calorem
3224 4091 3479 4147 ediceret.
3537 4094 3644 4148 Sed

2058 4179 2171 4249 jam
2234 4178 2695 4244 demonstratum,
2754 4181 2897 4249 quod
2954 4190 3159 4237 temere
3206 4191 3261 4237 et
3333 4182 3644 4240 inconsulto

2064 4280 2259 4341 praeter
2286 4270 2516 4325 aliorum
2547 4270 2884 4341 Opinionem,
2924 4272 3171 4342 quintam
3209 4285 3462 4331 naturam
3502 4278 3643 4333 caelo

2067 4365 2397 4418 attribuerit.

381 3636 493 3690 τῶν
530 3637 799 3706 σωμάτων
823 3676 838 3700 ,
894 3635 1128 3704 ἐγγύθεν
1174 3636 1375 3702 μᾶλλον
1417 3634 1550 3689 αὐτὸ
1600 3635 1756 3706 δρᾷν.
1794 3634 1959 3688 Ὥστε

386 3725 478 3779 καὶ
508 3725 710 3795 ταύτην
743 3726 843 3795 τῆς
868 3726 1141 3795 κινήσεως
1168 3723 1502 3795 βραδύτητα,
1534 3724 1613 3795 τῷ
1649 3724 1826 3793 μείονι
1860 3723 1956 3775 τοῦ

383 3812 773 3888 ἀποστήματος
828 3816 1354 3889 ἁνταναπληροῦσαν
1378 3854 1394 3881 ,
1440 3814 1843 3888 παραπλησίως
1881 3813 1960 3884 τῷ

385 3908 519 3979 ήλίῳ
571 3908 910 3980 θερμαίνειν,
939 3911 988 3963 εί
1030 3907 1094 3981 δὴ
1129 3909 1163 3980 ἡ
1213 3908 1429 3980 κίνησις
1478 3903 1569 3979 ἦν,
1613 3907 1711 3960 καὶ
1760 3906 1822 3959 οὺ
1860 3905 1961 3975 τῆς

385 4002 602 4069 φύσεως
646 4002 682 4073 ή
715 4000 988 4072 θερμότης
1031 4002 1066 4072 ή
1122 3999 1513 4070 θερμαίνουσα.
1561 3997 1705 4052 Ἀλλ’
1739 3997 1815 4061 ὡς
1862 3996 1961 4067 μὲν

385 4093 509 4161 εικῆ
537 4092 685 4162 αὐτῷ
720 4092 779 4146 τὸ
810 4094 1060 4163 πέμπτον
1092 4092 1252 4148 τοῦτο
1293 4093 1450 4163 σῶμα
1479 4091 1955 4161 κεκαινολόγηται,

383 4180 668 4238 δέδεικται.

976 4443 1227 4498 ΚΕΦΑΔ.
1269 4442 1369 4498 1Ζ’.
1665 4486 1671 4493 .

455 4538 571 4593 Ούκ
591 4537 831 4606 ἀφεκτέα
860 4535 917 4590 δὲ
943 4534 1063 4589 οὐδὲ
1105 4540 1164 4589 ὲν
1191 4538 1258 4606 τῇ
1282 4536 1488 4607 φυσικῇ
1521 4535 1670 4606 αὐτῷ
1696 4535 1958 4605 ἀκροάσει

385 4629 620 4698 μάλιστα
670 4628 735 4700 δὴ
792 4627 852 4680 οὐ
910 4626 1092 4689 καλῶς
1119 4628 1329 4681 ἐκείνου
1373 4628 1690 4697 εἰρημένου.
1719 4628 1960 4680 ¹’Δτοπον

377 4722 486 4789 γάρ
514 4735 647 4788 φησι
674 4719 735 4772 τὸ
760 4718 835 4789 μὴ
867 4717 1074 4771 οἴεσθαι
1100 4717 1265 4771 ἓνεκά
1293 4716 1388 4770 τςύ
1406 4736 1460 4771 τι
1486 4718 1757 4787 γίνεσθαι,
1782 4720 1848 4774 ἂν
1881 4722 1959 4790 μὴ

2664 4458 2819 4514 CAP.
2851 4456 3016 4513 XVII.

2132 4547 2320 4620 Neque
2349 4550 2478 4606 illud
2504 4550 2721 4607 silentio
2752 4551 3029 4619 praeterire
3062 4567 3300 4621 possum,
3332 4558 3475 4626 quod
3499 4556 3639 4612 idem

2068 4642 2392 4699 Aristoteles
2419 4643 2472 4698 in
2503 4644 2736 4699 naturali
2778 4646 3177 4700 auscultationc
3235 4647 3461 4701 omnino
3503 4650 3645 4705 male

2064 4732 2244 4795 docet,
2268 4733 2357 4787 ubi
2400 4733 2697 4787 absurdum
2742 4743 2847 4798 est,
2894 4734 3093 4804 inquit,
3147 4749 3254 4788 non
3325 4735 3644 4790 existimare

377 4813 526 4864 ἴδωσι
564 4811 623 4864 τὺ
651 4810 839 4864 ποιοῦν
869 4810 1326 4880 βουλευσάμενον.
1370 4810 1568 4864 Καίτοι
1601 4812 1697 4864 καὶ
1729 4815 1761 4881 η
1788 4811 1953 4881 τέχνη

2062 4823 2204 4889 quod
2236 4822 2312 4886 tit,
2348 4822 2463 4877 ticri
2490 4833 2711 4893 propter
2750 4822 2978 4892 aliquid,
3011 4824 3114 4879 nisi
3168 4824 3358 4879 videas
3392 4825 3442 4878 id
3494 4826 3642 4895 quod

373 4907 433 4957 οὐ
456 4903 790 4976 βουλεύεται,
811 4903 995 4974 φησίν.
1018 4905 1081 4959 Ei
1108 4904 1215 4973 γὰρ
1244 4901 1317 4975 ἧν
1340 4905 1398 4958 ὲν
1429 4903 1507 4973 τῷ
1531 4902 1671 4974 ξύλῳ
1702 4905 1735 4974 ή
1771 4905 1954 4975 τέχνη,

371 4996 470 5049 οὐκ
517 4994 584 5049 ἂν
610 4994 947 5061 ἐϐουλεύετο,
980 4995 1075 5049 καὶ
1107 4995 1226 5059 πῶς
1259 4994 1325 5049 ἂν
1353 4986 1519 5066 τέχνη
1548 4994 1630 5048 ἔτι
1655 4995 1870 5066 ἔμεινεν
1889 4996 1949 5048 οὐ

374 5085 481 5138 τῶν
538 5085 714 5155 ἔργων
768 5087 1289 5158 προϐουλευομένης
1333 5088 1366 5158 ἢ
1419 5086 1472 5139 τί
1502 5086 1631 5140 ἄλλο
1661 5087 1719 5140 τὸ
1756 5087 1955 5158 τέχνην

377 5177 614 5245 μάλιστα
641 5179 926 5243 συνιστῶν,
957 5180 990 5250 ἤ
1027 5181 1087 5233 τὸ
1117 5178 1503 5251 βουλεύεσθαι;
1540 5178 1568 5231 ὃ
1607 5179 1674 5250 ήν
1706 5196 1789 5243 τις
1821 5180 1954 5248 ἀφέ-

376 5265 522 5320 λοιτο
541 5267 733 5336 αὐτῆς,
760 5267 871 5320 οὐδ’
898 5267 964 5322 ἂν
986 5269 1151 5339 τέχνη
1175 5270 1257 5322 ἔτι
1286 5256 1507 5336 μείνειε’
1537 5269 1655 5332 πῶς
1681 5269 1726 5322 δ’
1762 5270 1829 5323 ἂν
1860 5269 1951 5322 καὶ

375 5355 469 5409 ὲπί
498 5373 552 5410 τι
580 5358 730 5423 τέλος
747 5360 924 5412 ὁτιοῦν
958 5360 1206 5430 ἐνεχθείη
1237 5361 1312 5430 μή
1334 5376 1480 5424 τινος
1508 5360 1600 5413 νοῦ
1629 5360 1795 5414 αὑτοῦ
1821 5378 1953 5432 προ-

376 5448 793 5518 ϐουλευομένου,
821 5452 917 5503 κοιλ⁸
941 5450 1005 5504 τὸ
1027 5450 1179 5514 τέλος
1209 5454 1382 5505 ἐκεῖνο
1406 5455 1463 5506 ὲν
1494 5452 1670 5523 ἑαυτῷ
1694 5453 1758 5524 δὴ
1789 5453 1953 5522 μάλιο

375 5555 480 5593 στα
511 5538 936 5609 προειληφότος;
968 5541 1031 5594 Εἰ
1057 5542 1165 5613 γὰρ
1198 5542 1294 5595 καὶ
1323 5543 1356 5612 ή
1382 5543 1544 5612 τέχνη
1577 5545 1827 5612 μιμεῖται
1860 5545 1953 5596 καὶ

373 5631 496 5683 κατ’
543 5630 708 5683 αὑτὸν
765 5633 1110 5704 Ἀριστοτέλη
1165 5635 1264 5703 τὴν
1310 5635 1495 5702 φύσιν,
1535 5635 1595 5688 ού
1643 5634 1744 5706 τὴν
1788 5635 1953 5704 φύσιν

369 5722 477 5774 ἔδει
502 5724 599 5793 τῆς
626 5723 825 5793 τέχνης
848 5723 1243 5780 ὑπολείπεσθαι
1265 5766 1281 5793 ,
1339 5726 1478 5787 ἀλλὰ
1509 5728 1571 5780 τὸ
1604 5727 1861 5795 μάλιστα,
1888 5729 1952 5799 δὴ

367 5811 525 5865 τοῦτο
553 5812 650 5882 τὴν
684 5814 879 5886 τέχνην
907 5817 1194 5882 συνιστῶν,
1219 5817 1400 5888 πολλῷ
1428 5819 1693 5891 πρότερον
1719 5820 1818 5889 τὴν
1849 5820 1947 5889 φύ-

368 5920 448 5956 σιν
475 5902 616 5970 ἔχειν
653 5906 1221 5978 καὶ¹μεγαλειότερον.
1256 5912 1315 5965 Et
1342 5911 1397 5965 δέ
1424 5929 1478 5964 τι
1535 5914 1631 5967 καὶ
1662 5914 1720 5966 ἐν
1748 5914 1816 5983 τῇ
1855 5913 1945 5967 τέ-

2064 4923 2243 4965 movet
2270 4913 2592 4966 etlicientem
2636 4927 2881 4978 causam,
2909 4914 3146 4980 empisse
3198 4914 3511 4971 consilium.
3549 4914 3645 4970 Est

2058 5003 2229 5068 enim,
2255 5002 2355 5066 ait,
2406 5004 2782 5073 perspicuum,
2819 5004 2967 5075 quod
3002 5019 3094 5060 ars
3146 5020 3366 5075 quoque
3417 5020 3644 5059 movens

2057 5109 2120 5149 ca
2144 5110 2266 5165 quae
2294 5094 2433 5149 ﬁunt
2464 5109 2529 5149 ex
2564 5096 2703 5164 ipsa,
2747 5111 2855 5149 non
2885 5097 3061 5161 capiat
3090 5097 3405 5151 consilium.
3425 5094 3640 5150 Etenim

2057 5188 2103 5242 si
2153 5199 2298 5243 esset
2356 5188 2413 5240 in
2463 5187 2611 5257 ligno
2664 5201 2777 5254 ars,
2820 5188 3053 5259 exempli
3108 5188 3278 5258 gratia
3333 5187 3641 5243 fabricandi

2062 5294 2248 5346 naves,
2274 5281 2547 5349 quomodo
2587 5291 2671 5334 est
2719 5281 2773 5334 in
2816 5280 2883 5335 iis
2935 5294 3054 5350 qua:
3085 5291 3276 5359 natura
3342 5281 3499 5345 fiunt,
3550 5295 3643 5335 ars

2062 5370 2264 5425 faceret
2286 5370 2537 5426 similiter
2554 5378 2718 5440 atque
2736 5381 2950 5435 natura,
2977 5386 3073 5426 nec
3095 5382 3309 5439 raperet
3330 5371 3640 5427 consilium.

2062 5460 2143 5514 Ad
2169 5476 2288 5530 qua:
2323 5476 2423 5515 nos
2460 5461 2700 5516 breviter
2759 5462 3175 5528 reSpondemus,
3226 5462 3638 5533 interrogando,

2061 5567 2299 5621 quanam
2334 5552 2548 5607 ratione
2592 5567 2683 5608 ars
2732 5554 2963 5623 posuiac
3019 5554 3278 5623 appellari
3320 5557 3514 5624 possit,
3555 5571 3641 5621 ea,

2060 5659 2183 5712 quae
2205 5659 2312 5698 non
2344 5643 2585 5699 consulit
2620 5658 2720 5700 nec
2769 5644 3040 5700 deliberat
3093 5645 3162 5700 de
3201 5647 3507 5715 operibus?
3554 5649 3638 5703 Au

2060 5733 2260 5804 aliquid
2296 5735 2441 5789 aliud
2488 5745 2659 5789 artem
2693 5734 2868 5804 magis
2890 5734 3197 5810 constituit,
3243 5752 3411 5806 quam
3436 5753 3636 5808 capere

2058 5826 2351 5882 consilium
2381 5828 2404 5880 ?
2452 5826 2612 5894 Quod
2645 5843 2778 5884 sane
2810 5828 2859 5883 si
2902 5829 3028 5900 quis
3057 5830 3126 5884 ab
3180 5840 3298 5886 arte
3332 5832 3635 5902 exceperit.

2056 5917 2205 5974 nullo
2237 5917 2399 5975 modo
2426 5918 2561 5975 artis
2579 5919 2999 5991 appellationem
3030 5922 3304 5995 retinebit.
3339 5922 3630 5991 Quomodo
