4078 6412
434 401 538 461 013

1127 402 1225 464 DE
1268 402 1690 467 PLATONICA
1736 402 1831 463 ΕΤ
1873 398 2437 465 ARISTOTELICA
2467 393 3052 462 PllILOSOPHlM.

3577 393 3708 461 9H?

427 526 573 576 ἅπαν
635 521 691 574 δὲ
750 519 808 573 τὸ
842 521 1163 590 γιγνόμενον
1205 523 1294 575 ὑπ’
1322 522 1497 576 αἰτίου
1531 524 1673 586 τινὸς
1735 521 1999 588 γίγνεται,

2114 514 2246 569 illud
2276 513 2507 566 alterum
2545 511 2726 564 valere
2758 509 2930 580 magis
2956 523 3119 577 quam
3143 506 3316 577 ipsum
3354 523 3448 592 per
3475 524 3532 564 se
3564 507 3682 562 exi-

427 615 519 667 xa‘t
577 613 722 668 ἅπαν
754 612 814 665 τὸ
875 612 1194 682 κινούμενον
1245 614 1349 666 ὑπό
1379 630 1521 677 τινος
1555 616 1730 667 αἰτίου
1793 616 1995 666 κινοῖτο

423 707 507 760 ἄν.
553 706 611 758 '0
646 705 702 757 δὲ
741 705 918 758 ἐκεῖνο
957 705 1213 775 ἀναιρῶν,
1249 706 1393 758 τοῦτ’
1420 705 1657 774 ἔμπεδον
1693 704 1866 756 οἴεται
1917 704 1997 756 ἔτι

424 799 602 866 ἐαυτῷ
637 795 877 850 ἔσεσθαι.
918 797 1028 851 Καὶ
1057 797 1118 850 οὐ
1165 797 1366 866 συνορᾷ
1419 797 1512 850 καὶ
1566 797 1664 865 τὴν
1723 795 1818 847 τοῦ
1852 794 1996 848 θείου

422 890 600 952 δόξαν,
624 886 814 941 τούτου
847 886 942 940 τοῦ
974 874 1284 956 ἀξιώματος
1312 887 1732 957 ἀναιρουμένου,
1768 886 1995 939 ἀσθενεο

426 979 622 1045 στέροιν
649 979 1001 1046 γιγνομένην.
1021 979 1179 1046 Δῆλοι
1212 981 1319 1048 γάρ
1347 980 1484 1031 εἰσιν
1516 978 1564 1030 οἰ
1608 976 1884 1047 ἄνθρωποι
1913 977 2001 1028 διὰ

424 1068 611 1122 τούτου
649 1067 743 1121 τοῦ
775 1069 1088 1138 ἀξιώματος
1117 1071 1214 1137 τὴν
1241 1071 1465 1140 πρώτην
1499 1072 1592 1125 καὶ
1642 1073 2000 1141 προχειροτά-

421 1178 520 1231 την
547 1160 640 1215 τοῦ
675 1161 820 1215 θείου
848 1162 1003 1229 δόξαν
1050 1163 1437 1233 λαμϐάνοντες.
1479 1163 1632 1217 Ἐπεὶ
1669 1166 1777 1234 γὰρ
1815 1164 2000 1232 φαίνεα-

421 1269 511 1304 ται
544 1251 691 1305 ἐστιν
719 1252 754 1306 ἃ.
808 1253 916 1306 τῶν
969 1255 1027 1306 ἐν
1055 1253 1189 1324 τῷδε
1238 1255 1315 1325 τῷ
1344 1255 1558 1326 οὐρανῷ
1595 1259 1904 1326 γιγνόμενα
1939 1259 1998 1311 οὐ

423 1343 520 1405 τάς
551 1359 614 1410 γε
654 1344 834 1407 αἰτίας
884 1343 1126 1414 φανερὰς
1175 1344 1391 1414 ἔχοντα,
1453 1347 1503 1400 οἰ
1563 1347 1863 1416 ἄνθρωποι,
1905 1351 1999 1402 ἇτε

424 1433 575 1486 ἃπαν
623 1434 946 1502 γιγνὸμενον
995 1435 1086 1488 ὑπ’
1118 1435 1294 1489 αἰτίου
1336 1439 1483 1500 τινὲς
1511 1437 1756 1504 γενεσθαι
1789 1438 2000 1505 ἀξιοῦν-

421 1539 532 1587 τες,
564 1523 655 1574 ἐπὶ
681 1522 777 1592 τὴν
809 1523 902 1575 τοῦ
931 1524 1074 1577 Θείου
1095 1524 1249 1590 δόξαν
1267 1527 1646 1596 ἀναφέρονται.
1671 1528 1816 1581 Ἔδει
1847 1529 1890 1582 δ’
1917 1530 2002 1580 ὲν-

420 1611 698 1676 δείξασθαι
743 1615 1115 1686 Ἀριστοτέλη,
1147 1619 1242 1670 καὶ
1272 1617 1322 1670 τί
1355 1636 1485 1671 ποτε
1517 1620 1623 1688 ἄρα
1656 1622 1802 1674 ἐστὶν
1827 1623 2000 1674 ἐκεῖνο

419 1703 480 1754 τὸ
513 1701 641 1755 ἄνευ
673 1704 846 1757 αἰτίου
874 1705 1220 1774 γιγνόμενον,
1246 1708 1348 1780 ’καὶ
1388 1709 1462 1778 μὴ
1507 1709 1695 1772 ἁπλῶς
1718 1708 1892 1772 οὕτως
1924 1712 2000 1763 εἰ-

421 1793 562 1846 πεῖν.
609 1792 750 1845 Ἀλλ’
785 1795 902 1864 ἐρεῖ
957 1813 1041 1859 τις
1083 1795 1214 1856 ἴσως
1243 1800 1303 1850 τὸ
1337 1796 1708 1866 βουλεύεσθαι,
1745 1799 1883 1853 οὕτω
1908 1802 2000 1854 καὶ

421 1881 590 1934 αὐτοῦ
633 1883 1044 1952 Ἀριστοτέλους
1097 1887 1154 1938 ὲν
1184 1888 1298 1949 τοῖς
1334 1888 1463 1955 περί
1489 1888 1786 1958 ἑρμηνείας
1831 1889 1992 1942 αὐτοῦ

423 1973 644 2042 βιϐλίοις
675 1974 1265 2048 φάσκοντος.⁹ορὦμεν
1289 1977 1398 2048 γὰρ
1429 1979 1504 2042 ὡς
1540 1979 1686 2033 εστιν
1717 1981 1860 2050 ἀρχὴ
1886 1981 1993 2033 τῶν

413 2061 698 2142 ἰσομένων
751 2064 843 2116 καὶ
894 2064 1002 2117 ἀπὸ
1049 2065 1143 2120 τοῦ
1203 2065 1554 2136 βουλεύεσθαι
1613 2068 1709 2122 καὶ
1741 2070 1847 2122 ἀπὸ
1900 2069 1992 2124 τοῦ

423 2152 628 2230 πρᾶξαί
657 2171 730 2209 τι.
779 2155 941 2209 Ἀλλὰ
989 2158 1098 2211 ’κάν
1131 2157 1307 2229 τούτῳ
1335 2159 1589 2229 ψεύδεται
1641 2161 1954 2231 περιφανῶς

422 2243 482 2297 οὗ
507 2246 613 2315 γὰρ
643 2247 784 2318 ἀρχὴ
811 2249 873 2301 τὸ
905 2249 1257 2318 βουλεύεσθαι
1297 2253 1412 2306 τῶν·
1436 2255 1734 2324 ἐσομένων,
1763 2253 1880 2308 ἀλλ’
1913 2258 1994 2310 αί-

422 2352 534 2387 τιον
567 2337 664 2404 μέν
697 2357 800 2391 που
833 2339 980 2393 ἐστιν
1008 2335 1101 2406 ὧν,
1139 2342 1284 2414 ἀρχὴ
1315 2344 1360 2398 δ’
1401 2343 1467 2398 ἂν
1495 2345 1628 2398 αὐτὸ
1657 2347 1715 2400 τὸ
1746 2345 1996 2416 βουλεύε-

423 2428 545 2481 σθαι
572 2433 630 2482 οὐ
658 2435 798 2485 πάνυ
837 2451 940 2497 τοι,
979 2437 1320 2504 φαινομένων
1349 2439 1446 2491 καὶ
1481 2439 1672 2492 τούτου
1713 2441 1994 2510 προτέρων

421 2521 626 2589 αἰτιῶν,
659 2524 766 2576 τῶν
815 2527 1252 2596 περιισταμένων
1278 2532 1425 2602 ἡμᾶς
1459 2535 1822 2602 πραγμάτων.
1848 2533 1994 2604 Δῆλα

419 2613 526 2683 γὰρ
553 2614 636 2683 δὴ,
662 2617 742 2669 ὅτι
772 2619 846 2687 μὴ
875 2619 1247 2686 περιστάντων
1276 2622 1423 2692 ἡμᾶς
1447 2625 1790 2692 πραγμάτων
1818 2625 1994 2678 τοιού-

421 2722 529 2758 των
561 2708 746 2772 1th»),
800 2711 925 2762 οἵων
953 2711 1110 2778 δόξαν
1147 2714 1280 2784 ἡμῖν
1304 2714 1378 2777 ὡς
1421 2713 1712 2784 βουλευτέα
1745 2716 1833 2787 εἴη
1888 2735 1994 2769 πα-

425 2801 711 2869 ραστῆσαι,
751 2803 858 2855 οὐδ’
891 2804 956 2857 ἂν
987 2805 1442 2876 βουλευσαίμεθα.
1481 2807 1640 2862 Ἀλλὰ
1688 2807 1845 2861 τοῦτο
1895 2810 1993 2876 μὲν

419 2893 566 2959 αὑτῷ
589 2895 852 2950 τοιοῦτον.
893 2897 1057 2966 Ἡμῖν
1086 2900 1142 2952 δὲ
1183 2900 1422 2954 δεικτέον
1450 2903 1542 2955 καὶ
1593 2903 1652 2954 ὲν
1680 2902 1874 2956 τούτου
1901 2902 1992 2955 τοῦ

417 2983 729 3053 ἀξιώματος
787 2990 854 3059 τῇ
911 2991 1184 3061 ἀναιρέσει
1248 2990 1594 3062 Ἀριστοτέλη
1648 2994 1798 3046 οὐδὲν
1832 2988 1992 3067 ἧττον

420 3074 579 3127 αὑτὸν
618 3076 708 3144 ὑφ’
740 3075 906 3132 αὑτοῦ
965 3081 1458 3149 περιτρεπόμενον.
1517 3082 1789 3150 Οὐδεμίαν
1842 3085 1993 3152 ἐνέρ-

417 3183 572 3234 γειαν
598 3169 661 3222 ὲκ
693 3169 973 3239 δυνάμεως
1009 3173 1365 3241 μεταϐάλλειν
1420 3175 1798 3247 Ἀριστοτέλης
1821 3177 1987 3241 ἀξιοῖ,
2019 3205 2064 3263 C

423 3257 496 3328 μὴ
525 3259 718 3329 ἐτέρας
780 3261 948 3331 αὐτὴν
995 3263 1265 3332 προτέρας
1295 3265 1578 3334 ἐνεργείας
1641 3267 1776 3336 πρὸς
1825 3267 1984 3321 τοῦτο

418 3353 796 3423 κεκινηκυίας,
851 3355 944 3407 καὶ
971 3356 1143 3426 τούτῳ
1175 3374 1234 3408 τε
1283 3358 1568 3428 χρώμενος
1612 3361 1669 3413 ἐν
1699 3364 1810 3424 τοῖς
1856 3367 1986 3432 περὶ

419 3444 588 3497 ἀϊδίου
622 3446 884 3516 κινήσεως
916 3447 1094 3514 λόγοις
1124 3446 1200 3517 τῷ
1225 3447 1494 3516 ἀξιώματι
1525 3454 1617 3502 καὶ
1641 3452 1874 3522 Θλτέρῳ,
1907 3456 1984 3525 τῷ

420 3532 563 3587 ἅπαν
605 3535 776 3587 αἴτιον
831 3536 1044 3606 ἀνάγκη
1105 3537 1237 3606 δρᾷν
1286 3538 1313 3590 ὃ
1348 3555 1397 3590 τι
1439 3541 1504 3593 ἂν
1556 3541 1706 3612 δρῴη
1732 3542 1997 3610 ἀξιοῦντι,

419 3627 518 3693 τὴν
538 3625 704 3679 ἀΐδιον
726 3625 940 3693 κίνησιν
964 3629 1346 3697 συμπεραίνει.
1402 3630 1610 3686 Οὐκοῦν
1644 3635 1696 3686 εἰ
1720 3650 1772 3686 τι
1799 3635 2004 3702 γίγνοι-

420 3737 481 3782 το
515 3719 624 3770 τῶν
653 3721 988 3788 γιγνομένων
1046 3723 1109 3775 ἐκ
1157 3719 1440 3789 δυνάμεώς
1490 3739 1594 3775 που
1633 3727 1690 3787 ἐς
1719 3727 2001 3795 ἐνέργειαν

423 3813 733 3882 μεταϐαλεῖ,
784 3816 864 3878 εἰς
915 3813 983 3886 ἢν
1030 3813 1216 3868 οὔποτ’
1279 3814 1346 3869 ἂν
1398 3818 1748 3886 μεταϐάλλοι,
1795 3819 1869 3891 μὴ
1905 3820 2003 3892 οὐχ

421 3906 612 3978 ἐτέρας
648 3906 918 3976 προτέρας
975 3907 1255 3978 ἐνεργείας
1286 3907 1491 3979 ταύτην
1520 3910 1669 3980 αὐτῷ
1703 3910 1801 3981 τὴν
1830 3929 2000 3982 μετα-

421 3997 582 4069 ϐολὴν
615 3998 1063 4070 ἀπειργασμένης
1083 4013 1100 4030 ⁸
1131 4000 1162 4068 ἢ
1191 3999 1254 4069 δὴ
1299 4000 1393 4052 καὶ
1436 3999 1533 4068 τῆς
1557 4002 1825 4068 γενέσεως
1849 4001 2000 4072 αὑτῷ

421 4091 574 4144 ἔσται
598 4091 770 4146 αἰτία.
820 4091 931 4145 Καὶ
961 4089 1104 4145 οὕτω
1143 4091 1420 4146 οὐδοτιοῦν
1475 4093 1542 4146 ἂν
1581 4094 1792 4162 γένοιτο
1827 4095 2002 4148 αἰτίου

421 4182 609 4253 χωρίς.
639 4185 749 4236 Καὶ
783 4183 941 4251 δῆλός
981 4184 1126 4236 ἐστιν
1155 4183 1532 4253 Ἀριστοτέλης
1575 4185 1630 4237 ὲν
1652 4187 1717 4256 τῇ
1753 4184 1822 4238 τὰ
1864 4187 2004 4253 μετὰ

419 4275 490 4326 τά
514 4273 716 4341 φυσικὰ
744 4273 890 4343 αὐτῷ
937 4275 1292 4344 πραγματείᾳ
1328 4276 1430 4337 τὰς
1485 4275 1684 4340 πολλάς
1739 4277 1848 4330 τῶν
1877 4279 2004 4331 ἐαυ-

419 4363 515 4417 τοῦ
577 4363 831 4433 ἀμαθιῶν
861 4365 1248 4434 συμφορήσας,
1302 4366 1462 4421 τοῦτό
1514 4384 1616 4421 που
1668 4370 2004 4438 φαυλότατον

425 4465 646 4515 πάντων
681 4461 938 4532 εἰρηκὼς.

2104 603 2464 661 stimaverim.
2503 599 2640 656 Cum
2673 600 2818 654 enim
2850 615 3010 654 omne
3040 600 3183 669 quod
3219 611 3492 669 movetur,
3556 600 3684 655 inde

2102 696 2195 750 ﬁat
2221 695 2336 750 sive
2393 696 2646 762 exsistat,
2711 695 2854 751 unde
2916 697 3090 765 ipsum
3152 704 3401 751 movetur
3459 695 3680 766 (singuli

2100 790 2247 844 enim
2282 798 2468 844 motus
2495 790 2900 849 quodammodo
2933 792 3305 858 producuntur
3332 792 3386 844 in
3414 805 3501 855 eo,
3535 791 3680 858 quod

2102 881 2397 952 movetur),
2425 897 2585 936 omne
2629 889 2808 936 autem
2831 883 2972 949 quod
3001 882 3075 948 ﬁt,
3107 881 3156 935 id
3188 883 3278 935 ﬁat
3313 898 3340 936 a
3379 897 3544 936 causa
3577 883 3682 937 ali-

2101 989 2231 1045 qua,
2259 983 2520 1043 sequetur
2554 973 2699 1038 inde,
2721 973 2864 1042 quod
2886 973 3045 1027 etiam
3062 988 3221 1026 omne
3241 974 3382 1040 quod
3413 985 3677 1036 movetur,

2101 1060 2172 1122 ab'
2197 1069 2384 1135 aliqua
2420 1082 2586 1122 causa
2617 1081 2851 1121 necesse
2883 1067 2952 1121 sit
2982 1066 3210 1119 moveri.
3242 1067 3310 1118 At
3368 1065 3456 1120 ille
3506 1066 3682 1134 posito

2105 1161 2206 1216 hoc
2229 1177 2328 1230 pro
2355 1163 2705 1224 conﬁrmato,
2771 1161 3076 1228 aliquarum
3106 1161 3316 1215 sciliCet
3342 1175 3518 1213 rerum
3547 1175 3680 1214 cau-

2109 1268 2224 1305 sam
2257 1267 2378 1307 esse
2402 1252 2634 1315 nullam,
2683 1251 3041 1306 nihilominus
3086 1257 3267 1304 tamen
3330 1249 3458 1304 illud
3504 1249 3684 1304 adhuc

2104 1343 2324 1397 ﬁrmum
2357 1341 2474 1396 fore
2508 1343 2789 1411 opinatur,
2821 1343 2958 1411 quod
2993 1343 3060 1396 ab
3092 1341 3298 1410 aliquo,
3347 1355 3684 1410 quaecunque

2103 1445 2414 1496 morentur,
2444 1435 2648 1488 moveri
2692 1436 2763 1490 sit
2825 1449 3068 1489 neeeSse.
3102 1433 3209 1488 Nec
3269 1433 3676 1498 animadvertit,

2104 1527 2247 1597 quod
2282 1528 2498 1582 sublata
2525 1526 2831 1595 aliquarum
2867 1541 3051 1578 rerum
3109 1540 3232 1593 quas
3289 1525 3422 1578 ﬁunt
3491 1539 3678 1586 causa,

2102 1617 2264 1672 etiam
2297 1617 2486 1687 opinio
2514 1631 2635 1685 quae
2669 1617 2904 1670 habetur
2928 1615 2998 1672 de
3027 1615 3134 1670 Deo
3167 1616 3400 1670 debilior
3440 1616 3682 1670 imbecil-

2106 1709 2313 1779 liorque
2341 1708 2451 1763 ﬁat.
2506 1707 2851 1763 Manifestum
2908 1717 2991 1762 est
3041 1708 3206 1772 enim,
3267 1709 3412 1776 quod
3458 1707 3679 1778 quidam

2027 1843 2074 1902 Β
2107 1812 2324 1871 propter
2353 1801 2494 1856 hanc
2522 1802 2800 1856 notionem
2831 1815 2953 1870 quae
2984 1801 3166 1864 habet,
3227 1803 3360 1856 nihil
3412 1803 3530 1857 sine
3583 1817 3678 1857 sua

2105 1907 2266 1946 causa
2302 1891 2441 1957 ﬁeri,
2488 1893 2817 1961 pracipuam
2874 1901 2928 1946 et
2970 1891 3403 1961 vulgarissiu'tam
3451 1893 3518 1947 de
3569 1893 3682 1946 Deo

2103 1983 2430 2038 sententiam
2485 1983 2908 2052 amplectantur.
2961 1983 3096 2038 Nam
3161 1984 3380 2053 quando
3430 1985 3681 2040 videntur

2102 2075 2306 2143 aliqua,
2335 2090 2456 2144 qua:
2481 2074 2616 2129 ﬁunt
2652 2075 2844 2130 in-boc
2876 2077 3100 2140 mundo,
3133 2092 3306 2144 eaque
3361 2077 3683 2132 manifestas

2103 2181 2211 2220 non
2245 2166 2445 2220 habent
2465 2181 2679 2230 causas,
2716 2177 2827 2222 tum
2859 2169 3128 2230 homines,
3182 2169 3276 2236 qui
3317 2183 3482 2222 omne
3532 2168 3680 2237 quod

2105 2259 2186 2322 ﬁt,
2206 2259 2272 2313 ab
2303 2260 2488 2328 aliqua
2533 2274 2700 2315 causa
2765 2260 2879 2314 ﬁeri
2934 2269 3271 2329 compertum
3327 2259 3549 2323 habent,
3615 2259 3688 2314 ad

2102 2360 2310 2407 natura;
2369 2351 2569 2406 divinae
2627 2351 2997 2422 cognitionem
3058 2351 3328 2405 feruntur.
3385 2349 3686 2418 Oportebat

2105 2453 2288 2497 autem
2341 2441 2744 2506 demonstrare,
2785 2458 2818 2497 o
2873 2442 3214 2504 Aristoteles,
3268 2442 3554 2511 qualenam
3614 2444 3686 2497 sit

2107 2534 2256 2598 illud,
2280 2535 2424 2602 quod
2452 2534 2570 2588 sine
2602 2549 2768 2588 causa
2799 2534 2972 2598 ﬁeret,
3000 2549 3179 2604 neque
3235 2534 3308 2587 ita
3363 2534 3684 2602 simpliciter

2101 2642 2214 2682 rem
2239 2626 2527 2680 aﬁirmare.
2554 2626 2622 2680 At
2651 2627 2794 2681 dicet
2823 2625 3053 2681 fortasse
3081 2626 3282 2692 aliquis
3317 2626 3661 2679 deliberatio-

2101 2734 2224 2773 nem
2251 2733 2371 2774 esse
2409 2733 2473 2772 ex
2504 2732 2569 2771 eo
2593 2733 2811 2787 genere,
2841 2718 2892 2772 id
2927 2719 3072 2787 quod
3124 2717 3240 2786 ipse
3279 2716 3598 2772 Aristoteles
3627 2717 3682 2770 in

2101 2812 2256 2866 libris
2280 2811 2348 2864 de
2387 2809 2835 2879 interpretatione
2883 2809 3094 2864 videtur
3165 2809 3367 2864 dicere.
3420 2807 3683 2864 Videmus

2103 2919 2359 2974 namque,
2391 2903 2483 2969 ait,
2516 2902 2841 2972 principium
2873 2899 3178 2954 futurorum
3204 2915 3325 2955 cum
3361 2915 3389 2954 a
3413 2898 3683 2953 delibera-

2104 2999 2268 3059 tione.
2335 3005 2446 3050 tum
2483 2996 2551 3049 ab
2603 2993 2817 3048 actione
2869 2991 2985 3062 ipsa
3041 2992 3326 3046 exsistere.
3385 2989 3490 3045 Sed
3542 2989 3594 3043 iu
3618 3003 3684 3043 eo

2103 3086 2260 3154 plane
2289 3092 2456 3139 errat.
2486 3082 2672 3151 Neque
2702 3081 2847 3135 enim
2883 3080 3206 3141 deliberatio
3237 3089 3320 3135 est
3348 3079 3680 3150 principium

2104 3177 2433 3243 futurorum,
2465 3173 2676 3230 tametsi
2703 3172 2996 3245 aliquando
3026 3172 3096 3226 sit
3123 3187 3310 3228 causa.
3341 3170 3473 3240 Ejus
3498 3181 3682 3226 autem

2103 3271 2206 3338 rei,
2239 3270 2305 3325 de
2333 3284 2439 3339 qua
2493 3266 2796 3322 deliberant
2859 3265 3131 3329 homines,
3191 3265 3307 3333 ipsa
3364 3265 3681 3333 neutiquam

2103 3362 2435 3435 principium
2470 3371 2552 3416 est
2585 3357 2926 3422 deliberatio,
2953 3357 3394 3427 quandoquidem
3460 3356 3688 3425 hujusce

2104 3457 2280 3526 ipsius
2305 3455 2424 3509 alia;
2451 3460 2716 3522 apparent
2775 3451 2987 3520 priores
3011 3459 3063 3504 et
3098 3450 3436 3519 antiquiores
3484 3462 3682 3506 causm.

2103 3563 2167 3602 ea
2193 3545 2442 3601 videlicet
2469 3558 2589 3614 quae
2617 3556 2716 3596 nos
2757 3541 3126 3595 circumstant
3161 3538 3396 3606 negotia.
3429 3537 3482 3590 Id
3542 3538 3686 3605 quod

2105 3638 2230 3706 inde
2256 3635 2467 3706 liquido
2495 3643 2662 3704 patet,
2687 3632 2958 3701 siquidem
2984 3632 3088 3684 nisi
3109 3645 3220 3684 nos
3241 3630 3420 3697 aliqua
3449 3629 3688 3681 circum-

2105 3735 2250 3783 stent
2298 3725 2536 3795 negotia,
2593 3725 2660 3779 de
2711 3723 2912 3792 quibus
2972 3720 3392 3775 consultandum
3456 3719 3686 3779 videtur,

2105 3833 2202 3872 nos
2226 3832 2506 3886 nunquam
2560 3814 2910 3870 deliberaturi
2960 3827 3228 3866 essemus.
3287 3809 3400 3864 Sed
3439 3818 3687 3864 transcac

2105 3926 2247 3975 mtts,
2275 3909 2487 3978 ipsique
2536 3905 2817 3960 Aristoteli
2879 3906 2981 3957 hoc
3036 3903 3235 3971 dogma
3282 3901 3682 3971 relinquamus.

2102 4001 2375 4057 Jamvt-ro
2405 3999 2618 4054 sublato
2653 3999 2754 4051 hoc
2813 3998 3089 4050 axiomate
3145 4010 3159 4049 :
3202 3994 3445 4047 omnium
3503 4008 3684 4046 rerum

2105 4111 2227 4152 esse
2277 4094 2516 4163 aliquam
2598 4105 2848 4152 causam,
2923 4087 3268 4142 Aristotelem
3327 4085 3685 4140 nihilominus

2105 4186 2325 4257 sibiipsi
2379 4199 2502 4240 esse
2555 4183 2891 4236 contrarium
2953 4179 3326 4234 ostendemus.
3387 4177 3534 4231 Nihil
3595 4177 3687 4232 ille

2105 4279 2487 4336 arbitraturex
2547 4274 2798 4344 potentia
2857 4272 2910 4325 in
2972 4279 3151 4326 actum
3202 4283 3510 4338 erumpere,
3578 4269 3685 4323 nisi

2109 4374 2248 4429 alius
2276 4371 2496 4440 quidem
2533 4366 2821 4424 antecedat
2849 4375 3024 4429 actus,
3061 4365 3153 4434 qui
3190 4364 3443 4418 latentem
3499 4364 3688 4417 occul-

2109 4478 2337 4536 tamque
2361 4465 2507 4519 illam
2530 4462 2641 4516 vim
2677 4461 2790 4516 sive
2822 4458 3124 4530 potentiam
3155 4457 3220 4511 ad
3253 4455 3509 4510 allectum
3571 4456 3688 4512 sive

419 4573 599 4613 actum
629 4559 890 4628 impellat,
921 4571 974 4614 et
1001 4564 1336 4628 promoveat.
1370 4559 1480 4616 Hoc
1547 4561 1724 4630 ipsum
1767 4561 1984 4617 axioma
2037 4563 2092 4617 in
2134 4561 2508 4632 disputatione
2575 4557 2639 4612 de
2672 4557 3004 4626 sempiterno
3077 4565 3226 4608 motu
3282 4565 3575 4620 usurpans,
3632 4554 3688 4606 et

419 4660 648 4714 alterum
681 4657 832 4724 illud,
889 4674 1104 4712 omnem
1161 4673 1382 4717 causam
1446 4659 1761 4714 necessario
1845 4675 2028 4725 agere,
2074 4661 2161 4714 ’Μ
2225 4657 2371 4728 quod
2444 4657 2575 4727 agit,
2640 4653 3130 4725 sempiternitatem
3208 4662 3389 4708 motus
3455 4659 3690 4707 conatur

415 4759 815 4814 demonstrare.
844 4755 1081 4811 Proinde
1116 4757 1160 4812 si
1187 4757 1315 4827 quid
1348 4758 1440 4812 ﬁat
1469 4773 1533 4812 ex
1570 4757 1638 4812 iis
1661 4771 1784 4827 quae
1835 4756 1993 4821 ﬁunt,
2035 4757 2088 4810 id
2121 4757 2297 4827 ipsum
2323 4771 2386 4810 ex
2417 4753 2655 4824 potentia
2691 4754 2743 4806 in
2768 4753 2943 4806 lucem
2978 4749 3205 4819 produci
3273 4761 3498 4804 necesse
3561 4745 3687 4810 erit,

418 4850 471 4905 in
495 4866 654 4918 quam
682 4864 847 4919 porro
884 4867 1157 4920 nunquam
1191 4852 1544 4922 producetur,
1573 4853 1676 4906 nisi
1705 4851 1843 4906 alius
1873 4852 2092 4920 quidam
2127 4851 2412 4906 antecedat
2439 4859 2619 4912 actus,
2679 4848 2773 4917 qui
2832 4845 2988 4899 talem
3046 4843 3406 4898 mutationem
3469 4841 3685 4898 elllciat.

417 4941 589 5007 Quem
625 4943 811 5012 utique
866 4945 1024 4998 etiam
1077 4945 1444 5015 generationis
1485 4946 1862 5016 cujuscunque
1921 4946 1996 4998 rei
2039 4953 2316 4999 auctorem
2349 4951 2402 4998 et
2435 4955 2657 4996 causam
2725 4937 2986 4994 constitui
3054 4944 3288 5002 oportet.
3357 4938 3533 5006 Atque
3585 4938 3689 4990 hoc

423 5037 579 5090 modo
611 5036 742 5090 nihil
775 5051 1016 5106 unquam
1056 5038 1384 5102 invenietur,
1444 5039 1588 5109 quod
1657 5040 1774 5094 sine
1819 5054 1982 5094 causa
2026 5038 2140 5092 ﬁeri
2201 5037 2308 5093 dici
2384 5035 2578 5103 possit.
2620 5033 2830 5099 Quibus
2871 5033 3259 5089 demmtstratis
3287 5039 3514 5100 apparet
3577 5033 3690 5085 cvi.

420 5128 736 5184 (lentissime
765 5129 1107 5184 Aristotelem
1133 5131 1184 5184 in
1210 5145 1275 5185 eo
1297 5147 1480 5202 opere,
1510 5134 1654 5201 quod
1683 5133 1750 5186 de
1774 5133 1837 5188 iis
1867 5148 1990 5201 quae
2032 5146 2120 5186 res
2157 5131 2411 5201 physicas
2440 5136 2861 5197 consequuntur
2887 5126 3108 5181 inscribi
3135 5125 3294 5191 solet,
3335 5125 3475 5178 inter
3546 5124 3688 5186 alios

422 5221 620 5276 multos
647 5234 784 5291 quos
817 5223 1090 5290 eongessit
1119 5237 1335 5278 errores
1370 5225 1422 5276 ln
1458 5225 1557 5278 hac
1594 5239 1651 5277 re
1679 5224 1994 5294 turpissime
2033 5225 2248 5292 lapsum
2283 5236 2424 5276 esse.

1029 5315 1282 5369 ΚΕΦΑΛ.
1314 5315 1434 5372 ιδ’..

2743 5313 3046 5368 CAP.X|X.

492 5408 701 5480 Εὖηοες
722 5407 767 5460 δ’
792 5408 958 5462 αὐτοῦ
998 5409 1091 5462 καὶ
1137 5409 1196 5460 τὸ
1227 5410 1292 5479 τῇ
1330 5412 1534 5478 φυσικῇ
1580 5411 1777 5476 ἐκεῖνο,
1810 5411 1872 5465 τὸ
1904 5411 2004 5481 τὴν

429 5501 646 5570 κίνησιν
681 5499 758 5571 μὴ
798 5501 1131 5570 συγχωρεῖν,
1167 5499 1352 5570 διττήν
1381 5517 1440 5553 τε
1471 5495 1610 5554 εἶναι
1653 5503 1746 5555 καὶ
1792 5501 2011 5572 ὁμώνυ-

425 5610 545 5662 μον,
586 5591 684 5660 τὴν
723 5592 823 5660 μὲν
863 5593 1169 5661 δραστικὴν
1212 5592 1273 5645 τέ
1322 5610 1444 5646 τινα
1479 5595 1575 5648 καὶ
1615 5595 1673 5647 ὲν
1704 5593 1780 5664 τῷ
1824 5611 2008 5647 κινου-

426 5685 592 5752 μένῳ.
618 5682 812 5735 Καίτοι
830 5682 938 5735 τῶν
966 5699 1031 5752 γε
1059 5683 1345 5754 δυνάμεων
1365 5684 1474 5738 τῶν
1491 5687 1619 5755 περὶ
1648 5686 1865 5756 κίνησιν
1897 5687 2006 5740 διτ-

424 5774 531 5826 τῶν
572 5776 604 5843 ἡ
657 5773 756 5841 μὲν
811 5775 1066 5842 κινητικὴ
1133 5775 1224 5827 καὶ
1279 5776 1334 5826 ὲν
1386 5775 1464 5842 τῷ
1513 5777 1816 5842 κινήσοντι,
1866 5778 1898 5845 ή
1947 5775 2003 5829 δὲ

431 5865 707 5934 παοητικὴ
762 5869 854 5919 καὶ
909 5867 965 5921 ὲν
1016 5866 1092 5938 τῷ
1145 5867 1564 5939 κινηοησομένῳ
1633 5870 1741 5923 δέοι
1793 5869 1854 5923 ἂν
1904 5871 1996 5922 καὶ

2187 5410 2372 5479 Neque
2403 5408 2536 5464 illttd
2569 5407 2850 5468 sapientia:
2885 5405 3168 5473 cujusdam
3211 5404 3373 5458 habet
3423 5403 3685 5469 speciem,

2112 5504 2256 5571 quod
2294 5501 2435 5556 idem
2465 5497 2787 5555 Aristotcles
2827 5499 2880 5551 in
2919 5497 3158 5567 physicis
3210 5495 3392 5560 docet,
3429 5496 3518 5549 ubi
3567 5512 3682 5551 mo~

2111 5602 2221 5646 tum
2271 5606 2377 5645 non
2414 5589 2666 5645 concedit
2722 5602 2844 5643 esse
2901 5587 3171 5656 duplicem
3203 5595 3257 5642 et
3315 5589 3680 5656 tequivocum,

2108 5687 2273 5740 alium
2294 5684 2510 5754 quidem
2530 5683 2766 5736 activum
2790 5681 2882 5751 qui
2899 5689 2984 5736 est
3007 5681 3057 5734 in
3081 5691 3346 5743 movente,
3368 5679 3534 5734 alium
3554 5697 3684 5737 vero

2111 5777 2409 5846 passivum,
2432 5774 2524 5844 qui
2549 5786 2632 5829 est
2658 5773 2708 5828 in
2736 5788 2802 5828 eo
2823 5773 2968 5843 quod
3005 5782 3275 5827 movetur.
3324 5772 3490 5844 Atqui
3555 5789 3679 5828 cum

2107 5870 2213 5925 sint
2249 5867 2502 5938 potentia:
2533 5867 2676 5924 circa
2734 5875 2938 5923 motum
2992 5865 3252 5938 duplices,
3290 5882 3397 5924 una
3456 5867 3702 5938 quidem.
