  <div class='ocr_page' id='page_1' title='image "/cluster/home/n/w/nwhite01/storage/ocr_20150623/160/coo.31924054870658/467.png"; bbox 0 0 4078 6412; ppageno 0'>
   <div class='ocr_carea' id='block_1_1' title="bbox 438 343 545 401">
    <p class='ocr_par' dir='ltr' id='par_1_1' title="bbox 438 343 545 401">
     <span class='ocr_line' id='line_1_1' title="bbox 438 343 545 401; baseline -0.019 -1"><span class='ocrx_word' id='word_1_1' title='bbox 438 343 545 401; x_wconf 73' lang='grc'><strong>915</strong></span> 
     </span>
    </p>
   </div>
   <div class='ocr_carea' id='block_1_2' title="bbox 1681 348 2489 409">
    <p class='ocr_par' dir='ltr' id='par_1_2' title="bbox 1681 348 2489 409">
     <span class='ocr_line' id='line_1_2' title="bbox 1681 348 2489 409; baseline 0.001 -4"><span class='ocrx_word' id='word_1_2' title='bbox 1681 348 2011 408; x_wconf 76' lang='lat' dir='ltr'><strong>GEORGII</strong></span> <span class='ocrx_word' id='word_1_3' title='bbox 2045 348 2489 409; x_wconf 72' lang='lat' dir='ltr'><strong>PLETIIONIS</strong></span> 
     </span>
    </p>
   </div>
   <div class='ocr_carea' id='block_1_3' title="bbox 3600 347 3708 408">
    <p class='ocr_par' dir='ltr' id='par_1_3' title="bbox 3600 347 3708 408">
     <span class='ocr_line' id='line_1_3' title="bbox 3600 347 3708 408; baseline 0.019 -2"><span class='ocrx_word' id='word_1_4' title='bbox 3600 347 3708 408; x_wconf 79' lang='lat'><strong>916</strong></span> 
     </span>
    </p>
   </div>
   <div class='ocr_carea' id='block_1_4' title="bbox 432 455 2012 531">
    <p class='ocr_par' dir='ltr' id='par_1_4' title="bbox 432 455 2012 525">
     <span class='ocr_line' id='line_1_4' title="bbox 432 455 2012 525; baseline 0.002 -17"><span class='ocrx_word' id='word_1_5' title='bbox 432 455 632 508; x_wconf 80' lang='lat' dir='ltr'><strong>motiva</strong></span> <span class='ocrx_word' id='word_1_6' title='bbox 665 471 785 525; x_wconf 80' lang='lat' dir='ltr'><strong>qure</strong></span> <span class='ocrx_word' id='word_1_7' title='bbox 811 465 895 509; x_wconf 91' lang='lat' dir='ltr'><strong>est</strong></span> <span class='ocrx_word' id='word_1_8' title='bbox 954 456 1007 508; x_wconf 91' lang='lat' dir='ltr'><strong>in</strong></span> <span class='ocrx_word' id='word_1_9' title='bbox 1058 471 1122 510; x_wconf 91' lang='lat' dir='ltr'><strong>eo</strong></span> <span class='ocrx_word' id='word_1_10' title='bbox 1170 455 1317 525; x_wconf 89' lang='lat' dir='ltr'><strong>quod</strong></span> <span class='ocrx_word' id='word_1_11' title='bbox 1369 457 1630 521; x_wconf 90' lang='lat' dir='ltr'><strong>movebit,</strong></span> <span class='ocrx_word' id='word_1_12' title='bbox 1679 458 1780 512; x_wconf 88' lang='lat' dir='ltr'><strong>alia</strong></span> <span class='ocrx_word' id='word_1_13' title='bbox 1835 467 2012 513; x_wconf 89' lang='lat' dir='ltr'><strong>autem</strong></span> 
     </span>
    </p>
   </div>
   <div class='ocr_carea' id='block_1_5' title="bbox 2117 455 3702 531">
    <p class='ocr_par' dir='ltr' id='par_1_5' title="bbox 2122 459 3702 531">
     <span class='ocr_line' id='line_1_5' title="bbox 2122 459 3702 531; baseline 0.003 -19"><span class='ocrx_word' id='word_1_14' title='bbox 2122 461 2404 528; x_wconf 73' lang='grc' dir='ltr'><strong>ἐνέργειαν</strong></span> <span class='ocrx_word' id='word_1_15' title='bbox 2437 460 2663 513; x_wconf 79' lang='grc' dir='ltr'>ταύταιν</span> <span class='ocrx_word' id='word_1_16' title='bbox 2705 459 2948 530; x_wconf 69' lang='grc' dir='ltr'>ἑκατέρᾳ</span> <span class='ocrx_word' id='word_1_17' title='bbox 3001 460 3343 531; x_wconf 70' lang='grc' dir='ltr'><strong>κατάλληλον</strong></span> <span class='ocrx_word' id='word_1_18' title='bbox 3376 461 3702 521; x_wconf 73' lang='grc' dir='ltr'>ἀποδιδόναι,</span> 
     </span>
    </p>
   </div>
   <div class='ocr_carea' id='block_1_6' title="bbox 433 544 2015 618">
    <p class='ocr_par' dir='ltr' id='par_1_6' title="bbox 433 544 2015 618">
     <span class='ocr_line' id='line_1_6' title="bbox 433 544 2015 618; baseline 0.005 -24"><span class='ocrx_word' id='word_1_19' title='bbox 433 544 667 612; x_wconf 85' lang='lat' dir='ltr'><strong>passiva,</strong></span> <span class='ocrx_word' id='word_1_20' title='bbox 705 559 826 611; x_wconf 73' lang='lat' dir='ltr'><strong>qum</strong></span> <span class='ocrx_word' id='word_1_21' title='bbox 852 555 935 599; x_wconf 92' lang='lat' dir='ltr'><strong>est</strong></span> <span class='ocrx_word' id='word_1_22' title='bbox 991 544 1042 599; x_wconf 91' lang='lat' dir='ltr'><strong>in</strong></span> <span class='ocrx_word' id='word_1_23' title='bbox 1099 560 1163 599; x_wconf 93' lang='lat' dir='ltr'><strong>eo</strong></span> <span class='ocrx_word' id='word_1_24' title='bbox 1214 546 1356 615; x_wconf 91' lang='lat' dir='ltr'><strong>quod</strong></span> <span class='ocrx_word' id='word_1_25' title='bbox 1411 547 1736 614; x_wconf 76' lang='lat' dir='ltr'><strong>movebitur,</strong></span> <span class='ocrx_word' id='word_1_26' title='bbox 1802 558 2015 618; x_wconf 91' lang='lat' dir='ltr'><strong>oportet</strong></span> 
     </span>
    </p>
   </div>
   <div class='ocr_carea' id='block_1_7' title="bbox 433 632 2016 707">
    <p class='ocr_par' dir='ltr' id='par_1_7' title="bbox 433 632 2016 707">
     <span class='ocr_line' id='line_1_7' title="bbox 433 632 2016 707; baseline 0.005 -23"><span class='ocrx_word' id='word_1_27' title='bbox 433 632 676 701; x_wconf 91' lang='lat' dir='ltr'><strong>profecto</strong></span> <span class='ocrx_word' id='word_1_28' title='bbox 709 636 873 686; x_wconf 88' lang='lat' dir='ltr'><strong>etiam</strong></span> <span class='ocrx_word' id='word_1_29' title='bbox 907 644 1086 688; x_wconf 89' lang='lat' dir='ltr'><strong>actum</strong></span> <span class='ocrx_word' id='word_1_30' title='bbox 1126 636 1390 690; x_wconf 89' lang='lat' dir='ltr'><strong>constitui</strong></span> <span class='ocrx_word' id='word_1_31' title='bbox 1421 636 1690 705; x_wconf 83' lang='lat' dir='ltr'><strong>duplicem</strong></span> <span class='ocrx_word' id='word_1_32' title='bbox 1730 639 1825 707; x_wconf 87' lang='lat' dir='ltr'><strong>qui</strong></span> <span class='ocrx_word' id='word_1_33' title='bbox 1883 640 2016 692; x_wconf 83' lang='lat' dir='ltr'><strong>utri-</strong></span> 
     </span>
    </p>
   </div>
   <div class='ocr_carea' id='block_1_8' title="bbox 431 726 2012 800">
    <p class='ocr_par' dir='ltr' id='par_1_8' title="bbox 431 726 2012 800">
     <span class='ocr_line' id='line_1_8' title="bbox 431 726 2012 800; baseline 0.005 -25"><span class='ocrx_word' id='word_1_34' title='bbox 431 741 533 792; x_wconf 84' lang='lat' dir='ltr'><strong>que</strong></span> <span class='ocrx_word' id='word_1_35' title='bbox 565 726 822 794; x_wconf 78' lang='lat' dir='ltr'><strong>potentiae</strong></span> <span class='ocrx_word' id='word_1_36' title='bbox 846 726 1293 796; x_wconf 89' lang='lat' dir='ltr'><strong>correspondeat,</strong></span> <span class='ocrx_word' id='word_1_37' title='bbox 1333 729 1548 784; x_wconf 63' lang='lat' dir='ltr'><strong>motis-an</strong></span> <span class='ocrx_word' id='word_1_38' title='bbox 1573 728 1791 798; x_wconf 81' lang='lat' dir='ltr'><strong>quidem</strong></span> <span class='ocrx_word' id='word_1_39' title='bbox 1819 740 2012 800; x_wconf 84' lang='lat' dir='ltr'><strong>poten-</strong></span> 
     </span>
    </p>
   </div>
   <div class='ocr_carea' id='block_1_9' title="bbox 431 820 2010 893">
    <p class='ocr_par' dir='ltr' id='par_1_9' title="bbox 431 820 2010 893">
     <span class='ocr_line' id='line_1_9' title="bbox 431 820 2010 893; baseline 0.003 -21"><span class='ocrx_word' id='word_1_40' title='bbox 431 820 539 884; x_wconf 66' lang='lat' dir='ltr'><strong>tiae,</strong></span> <span class='ocrx_word' id='word_1_41' title='bbox 606 820 843 873; x_wconf 81' lang='lat' dir='ltr'><strong>activum</strong></span> <span class='ocrx_word' id='word_1_42' title='bbox 901 833 1132 884; x_wconf 91' lang='lat' dir='ltr'><strong>motum,</strong></span> <span class='ocrx_word' id='word_1_43' title='bbox 1185 823 1340 876; x_wconf 90' lang='lat' dir='ltr'><strong>alteri</strong></span> <span class='ocrx_word' id='word_1_44' title='bbox 1408 833 1586 876; x_wconf 87' lang='lat' dir='ltr'><strong>autem</strong></span> <span class='ocrx_word' id='word_1_45' title='bbox 1639 839 1759 893; x_wconf 72' lang='lat' dir='ltr'><strong>qua:</strong></span> <span class='ocrx_word' id='word_1_46' title='bbox 1808 825 2010 877; x_wconf 89' lang='lat' dir='ltr'><strong>moveri</strong></span> 
     </span>
    </p>
   </div>
   <div class='ocr_carea' id='block_1_10' title="bbox 432 913 2012 981">
    <p class='ocr_par' dir='ltr' id='par_1_10' title="bbox 432 913 2012 981">
     <span class='ocr_line' id='line_1_10' title="bbox 432 913 2012 981; baseline 0.004 -17"><span class='ocrx_word' id='word_1_47' title='bbox 432 913 622 967; x_wconf 60' lang='lat' dir='ltr'><strong>idonea</strong></span> <span class='ocrx_word' id='word_1_48' title='bbox 647 921 748 978; x_wconf 83' lang='lat' dir='ltr'><strong>est,</strong></span> <span class='ocrx_word' id='word_1_49' title='bbox 789 915 1088 981; x_wconf 90' lang='lat' dir='ltr'><strong>passivum.</strong></span> <span class='ocrx_word' id='word_1_50' title='bbox 1127 914 1229 968; x_wconf 91' lang='lat' dir='ltr'><strong>Sed</strong></span> <span class='ocrx_word' id='word_1_51' title='bbox 1260 915 1439 968; x_wconf 93' lang='lat' dir='ltr'><strong>timuit</strong></span> <span class='ocrx_word' id='word_1_52' title='bbox 1461 915 1549 970; x_wconf 90' lang='lat' dir='ltr'><strong>ille</strong></span> <span class='ocrx_word' id='word_1_53' title='bbox 1579 931 1647 969; x_wconf 93' lang='lat' dir='ltr'><strong>ne</strong></span> <span class='ocrx_word' id='word_1_54' title='bbox 1675 917 1760 970; x_wconf 92' lang='lat' dir='ltr'><strong>hic</strong></span> <span class='ocrx_word' id='word_1_55' title='bbox 1802 916 2012 970; x_wconf 87' lang='lat' dir='ltr'><strong>activus</strong></span> 
     </span>
    </p>
   </div>
   <div class='ocr_carea' id='block_1_11' title="bbox 433 1007 2011 1077">
    <p class='ocr_par' dir='ltr' id='par_1_11' title="bbox 433 1007 2011 1077">
     <span class='ocr_line' id='line_1_11' title="bbox 433 1007 2011 1077; baseline 0.005 -21"><span class='ocrx_word' id='word_1_56' title='bbox 433 1014 634 1070; x_wconf 89' lang='lat' dir='ltr'><strong>motus,</strong></span> <span class='ocrx_word' id='word_1_57' title='bbox 664 1016 997 1059; x_wconf 87' lang='lat' dir='ltr'><strong>motuscum</strong></span> <span class='ocrx_word' id='word_1_58' title='bbox 1053 1007 1146 1069; x_wconf 90' lang='lat' dir='ltr'><strong>sit,</strong></span> <span class='ocrx_word' id='word_1_59' title='bbox 1208 1007 1503 1077; x_wconf 72' lang='lat' dir='ltr'><strong>aliquando</strong></span> <span class='ocrx_word' id='word_1_60' title='bbox 1548 1023 1654 1060; x_wconf 91' lang='lat' dir='ltr'><strong>non</strong></span> <span class='ocrx_word' id='word_1_61' title='bbox 1709 1019 2011 1064; x_wconf 86' lang='lat' dir='ltr'><strong>moveatur.</strong></span> 
     </span>
    </p>
   </div>
   <div class='ocr_carea' id='block_1_12' title="bbox 432 1097 2012 1168">
    <p class='ocr_par' dir='ltr' id='par_1_12' title="bbox 432 1097 2012 1168">
     <span class='ocr_line' id='line_1_12' title="bbox 432 1097 2012 1168; baseline 0.004 -19"><span class='ocrx_word' id='word_1_62' title='bbox 432 1097 500 1149; x_wconf 81' lang='lat' dir='ltr'><strong>At</strong></span> <span class='ocrx_word' id='word_1_63' title='bbox 537 1099 719 1151; x_wconf 86' lang='lat' dir='ltr'><strong>timuit</strong></span> <span class='ocrx_word' id='word_1_64' title='bbox 761 1098 871 1162; x_wconf 79' lang='lat' dir='ltr'><strong>ille,</strong></span> <span class='ocrx_word' id='word_1_65' title='bbox 899 1100 1042 1168; x_wconf 89' lang='lat' dir='ltr'><strong>quod</strong></span> <span class='ocrx_word' id='word_1_66' title='bbox 1067 1099 1287 1152; x_wconf 90' lang='lat' dir='ltr'><strong>minime</strong></span> <span class='ocrx_word' id='word_1_67' title='bbox 1308 1100 1604 1154; x_wconf 89' lang='lat' dir='ltr'><strong>timendum</strong></span> <span class='ocrx_word' id='word_1_68' title='bbox 1635 1099 1849 1155; x_wconf 91' lang='lat' dir='ltr'><strong>fuisset.</strong></span> <span class='ocrx_word' id='word_1_69' title='bbox 1872 1100 2012 1167; x_wconf 87' lang='lat' dir='ltr'><strong>Quid</strong></span> 
     </span>
    </p>
   </div>
   <div class='ocr_carea' id='block_1_13' title="bbox 431 1190 2012 1263">
    <p class='ocr_par' dir='ltr' id='par_1_13' title="bbox 431 1190 2012 1263">
     <span class='ocr_line' id='line_1_13' title="bbox 431 1190 2012 1263; baseline 0.005 -23"><span class='ocrx_word' id='word_1_70' title='bbox 431 1190 573 1241; x_wconf 90' lang='lat' dir='ltr'><strong>enim</strong></span> <span class='ocrx_word' id='word_1_71' title='bbox 607 1191 858 1259; x_wconf 87' lang='lat' dir='ltr'><strong>prohibet</strong></span> <span class='ocrx_word' id='word_1_72' title='bbox 888 1192 1131 1244; x_wconf 87' lang='lat' dir='ltr'><strong>activum</strong></span> <span class='ocrx_word' id='word_1_73' title='bbox 1161 1191 1312 1244; x_wconf 83' lang='lat' dir='ltr'><strong>illum</strong></span> <span class='ocrx_word' id='word_1_74' title='bbox 1367 1203 1573 1246; x_wconf 91' lang='lat' dir='ltr'><strong>motum</strong></span> <span class='ocrx_word' id='word_1_75' title='bbox 1630 1204 1684 1247; x_wconf 88' lang='lat' dir='ltr'><strong>et</strong></span> <span class='ocrx_word' id='word_1_76' title='bbox 1737 1209 1860 1247; x_wconf 93' lang='lat' dir='ltr'><strong>eum</strong></span> <span class='ocrx_word' id='word_1_77' title='bbox 1921 1195 2012 1263; x_wconf 86' lang='lat' dir='ltr'><strong>qui</strong></span> 
     </span>
    </p>
   </div>
   <div class='ocr_carea' id='block_1_14' title="bbox 435 1284 2013 1358">
    <p class='ocr_par' dir='ltr' id='par_1_14' title="bbox 435 1284 2013 1358">
     <span class='ocr_line' id='line_1_14' title="bbox 435 1284 2013 1358; baseline 0.006 -25"><span class='ocrx_word' id='word_1_78' title='bbox 435 1291 635 1345; x_wconf 81' lang='lat' dir='ltr'><strong>movet,</strong></span> <span class='ocrx_word' id='word_1_79' title='bbox 658 1298 764 1336; x_wconf 91' lang='lat' dir='ltr'><strong>non</strong></span> <span class='ocrx_word' id='word_1_80' title='bbox 795 1284 1000 1336; x_wconf 86' lang='lat' dir='ltr'><strong>moveri</strong></span> <span class='ocrx_word' id='word_1_81' title='bbox 1025 1285 1189 1338; x_wconf 88' lang='lat' dir='ltr'><strong>?cum</strong></span> <span class='ocrx_word' id='word_1_82' title='bbox 1232 1286 1278 1338; x_wconf 93' lang='lat' dir='ltr'><strong>is</strong></span> <span class='ocrx_word' id='word_1_83' title='bbox 1301 1287 1394 1354; x_wconf 93' lang='lat' dir='ltr'><strong>qui</strong></span> <span class='ocrx_word' id='word_1_84' title='bbox 1424 1297 1628 1351; x_wconf 84' lang='lat' dir='ltr'><strong>movet,</strong></span> <span class='ocrx_word' id='word_1_85' title='bbox 1683 1289 1865 1356; x_wconf 85' lang='lat' dir='ltr'><strong>quand</strong></span> <span class='ocrx_word' id='word_1_86' title='bbox 1893 1304 2013 1358; x_wconf 84' lang='lat' dir='ltr'><strong>=que</strong></span> 
     </span>
    </p>
   </div>
   <div class='ocr_carea' id='block_1_15' title="bbox 433 1374 2008 1449">
    <p class='ocr_par' dir='ltr' id='par_1_15' title="bbox 433 1374 2008 1449">
     <span class='ocr_line' id='line_1_15' title="bbox 433 1374 2008 1449; baseline 0.004 -21"><span class='ocrx_word' id='word_1_87' title='bbox 433 1375 502 1428; x_wconf 87' lang='lat' dir='ltr'><strong>sit</strong></span> <span class='ocrx_word' id='word_1_88' title='bbox 540 1374 853 1430; x_wconf 85' lang='lat' dir='ltr'><strong>immobilis.</strong></span> <span class='ocrx_word' id='word_1_89' title='bbox 890 1375 963 1429; x_wconf 92' lang='lat' dir='ltr'><strong>De</strong></span> <span class='ocrx_word' id='word_1_90' title='bbox 983 1379 1202 1444; x_wconf 83' lang='lat' dir='ltr'><strong>passivo</strong></span> <span class='ocrx_word' id='word_1_91' title='bbox 1223 1378 1367 1431; x_wconf 87' lang='lat' dir='ltr'><strong>enim</strong></span> <span class='ocrx_word' id='word_1_92' title='bbox 1419 1390 1566 1432; x_wconf 88' lang='lat' dir='ltr'><strong>motu</strong></span> <span class='ocrx_word' id='word_1_93' title='bbox 1616 1380 1814 1448; x_wconf 82' lang='lat' dir='ltr'><strong>palam,</strong></span> <span class='ocrx_word' id='word_1_94' title='bbox 1865 1382 2008 1449; x_wconf 88' lang='lat' dir='ltr'><strong>quod</strong></span> 
     </span>
    </p>
   </div>
   <div class='ocr_carea' id='block_1_16' title="bbox 437 1465 2016 1534">
    <p class='ocr_par' dir='ltr' id='par_1_16' title="bbox 437 1465 2016 1534">
     <span class='ocr_line' id='line_1_16' title="bbox 437 1465 2016 1534; baseline 0.003 -17"><span class='ocrx_word' id='word_1_95' title='bbox 437 1465 745 1534; x_wconf 85' lang='lat' dir='ltr'><strong>ipsiusnon</strong></span> <span class='ocrx_word' id='word_1_96' title='bbox 789 1467 1072 1521; x_wconf 87' lang='lat' dir='ltr'><strong>siteadem</strong></span> <span class='ocrx_word' id='word_1_97' title='bbox 1101 1469 1262 1521; x_wconf 90' lang='lat' dir='ltr'><strong>ratio.</strong></span> <span class='ocrx_word' id='word_1_98' title='bbox 1292 1469 1367 1521; x_wconf 79' lang='lat' dir='ltr'><strong>Ac</strong></span> <span class='ocrx_word' id='word_1_99' title='bbox 1429 1468 1495 1521; x_wconf 91' lang='lat' dir='ltr'><strong>de</strong></span> <span class='ocrx_word' id='word_1_100' title='bbox 1565 1469 1742 1522; x_wconf 81' lang='lat' dir='ltr'><strong>activo</strong></span> <span class='ocrx_word' id='word_1_101' title='bbox 1801 1468 1893 1522; x_wconf 93' lang='lat' dir='ltr'><strong>illo</strong></span> <span class='ocrx_word' id='word_1_102' title='bbox 1950 1484 2016 1522; x_wconf 92' lang='lat' dir='ltr'><strong>nc</strong></span> 
     </span>
    </p>
   </div>
   <div class='ocr_carea' id='block_1_17' title="bbox 2123 555 3702 627">
    <p class='ocr_par' dir='ltr' id='par_1_17' title="bbox 2123 555 3702 627">
     <span class='ocr_line' id='line_1_17' title="bbox 2123 555 3702 627; baseline 0.002 -20"><span class='ocrx_word' id='word_1_103' title='bbox 2123 557 2188 624; x_wconf 81' lang='grc' dir='ltr'>τῇ</span> <span class='ocrx_word' id='word_1_104' title='bbox 2225 555 2324 624; x_wconf 82' lang='grc' dir='ltr'>μὲν</span> <span class='ocrx_word' id='word_1_105' title='bbox 2349 557 2605 626; x_wconf 77' lang='grc' dir='ltr'><strong>κινητικῇ</strong></span> <span class='ocrx_word' id='word_1_106' title='bbox 2636 555 2866 626; x_wconf 82' lang='grc' dir='ltr'><strong>δυνάμει</strong></span> <span class='ocrx_word' id='word_1_107' title='bbox 2893 556 2993 625; x_wconf 77' lang='grc' dir='ltr'>τὴν</span> <span class='ocrx_word' id='word_1_108' title='bbox 3022 555 3322 626; x_wconf 76' lang='grc' dir='ltr'><strong>δραστικὴν</strong></span> <span class='ocrx_word' id='word_1_109' title='bbox 3376 557 3611 627; x_wconf 87' lang='grc' dir='ltr'>κίνησιν,</span> <span class='ocrx_word' id='word_1_110' title='bbox 3636 560 3702 627; x_wconf 84' lang='grc' dir='ltr'><strong>τῇ</strong></span> 
     </span>
    </p>
   </div>
   <div class='ocr_carea' id='block_1_18' title="bbox 2121 647 3702 720">
    <p class='ocr_par' dir='ltr' id='par_1_18' title="bbox 2121 647 3702 720">
     <span class='ocr_line' id='line_1_18' title="bbox 2121 647 3702 720; baseline 0.003 -22"><span class='ocrx_word' id='word_1_111' title='bbox 2121 647 2179 700; x_wconf 84' lang='grc' dir='ltr'>δὲ</span> <span class='ocrx_word' id='word_1_112' title='bbox 2234 650 2435 717; x_wconf 83' lang='grc' dir='ltr'>κινηκῇ</span> <span class='ocrx_word' id='word_1_113' title='bbox 2500 649 2599 718; x_wconf 82' lang='grc' dir='ltr'>τὴν</span> <span class='ocrx_word' id='word_1_114' title='bbox 2660 648 2994 718; x_wconf 75' lang='grc' dir='ltr'>παθητικήν.</span> <span class='ocrx_word' id='word_1_115' title='bbox 3065 648 3226 701; x_wconf 72' lang='grc' dir='ltr'>Ἀλλὰ</span> <span class='ocrx_word' id='word_1_116' title='bbox 3293 648 3498 713; x_wconf 79' lang='grc' dir='ltr'>δέδιεν,</span> <span class='ocrx_word' id='word_1_117' title='bbox 3549 649 3623 720; x_wconf 76' lang='grc' dir='ltr'>μὴ</span> <span class='ocrx_word' id='word_1_118' title='bbox 3670 651 3702 720; x_wconf 81' lang='grc' dir='ltr'>ἠ</span> 
     </span>
    </p>
   </div>
   <div class='ocr_carea' id='block_1_19' title="bbox 2119 735 3699 810">
    <p class='ocr_par' dir='ltr' id='par_1_19' title="bbox 2119 735 3699 810">
     <span class='ocr_line' id='line_1_19' title="bbox 2119 735 3699 810; baseline 0.002 -17"><span class='ocrx_word' id='word_1_119' title='bbox 2119 739 2385 808; x_wconf 78' lang='grc' dir='ltr'>δραστικὴ</span> <span class='ocrx_word' id='word_1_120' title='bbox 2429 739 2568 808; x_wconf 82' lang='grc' dir='ltr'>αῦτη</span> <span class='ocrx_word' id='word_1_121' title='bbox 2588 739 2802 809; x_wconf 85' lang='grc' dir='ltr'>κίνησις</span> <span class='ocrx_word' id='word_1_122' title='bbox 2837 735 2970 792; x_wconf 70' lang='grc' dir='ltr'>οὖσα</span> <span class='ocrx_word' id='word_1_123' title='bbox 3006 738 3122 792; x_wconf 79' lang='grc' dir='ltr'>ἔσθ’</span> <span class='ocrx_word' id='word_1_124' title='bbox 3149 741 3237 792; x_wconf 80' lang='grc' dir='ltr'>ὅτε</span> <span class='ocrx_word' id='word_1_125' title='bbox 3286 746 3346 792; x_wconf 77' lang='grc' dir='ltr'>οὐ</span> <span class='ocrx_word' id='word_1_126' title='bbox 3390 741 3699 810; x_wconf 73' lang='grc' dir='ltr'>κινήσηται.</span> 
     </span>
    </p>
   </div>
   <div class='ocr_carea' id='block_1_20' title="bbox 2133 821 3703 902">
    <p class='ocr_par' dir='ltr' id='par_1_20' title="bbox 2133 821 3703 902">
     <span class='ocr_line' id='line_1_20' title="bbox 2133 821 3703 902; baseline 0.001 -19"><span class='ocrx_word' id='word_1_127' title='bbox 2133 832 2313 894; x_wconf 80' lang='grc' dir='ltr'>Ἀδεὲς</span> <span class='ocrx_word' id='word_1_128' title='bbox 2340 832 2386 883; x_wconf 87' lang='grc' dir='ltr'>δ’</span> <span class='ocrx_word' id='word_1_129' title='bbox 2409 831 2484 893; x_wconf 88' lang='grc' dir='ltr'><strong>ώς</strong></span> <span class='ocrx_word' id='word_1_130' title='bbox 2506 830 2693 894; x_wconf 90' lang='grc' dir='ltr'>δεδιώς</span> <span class='ocrx_word' id='word_1_131' title='bbox 2717 848 2733 900; x_wconf 86' lang='grc'><strong>;</strong></span> <span class='ocrx_word' id='word_1_132' title='bbox 2760 833 2825 884; x_wconf 87' lang='grc' dir='ltr'>Τί</span> <span class='ocrx_word' id='word_1_133' title='bbox 2859 833 2966 902; x_wconf 71' lang='grc' dir='ltr'><strong>γὰρ</strong></span> <span class='ocrx_word' id='word_1_134' title='bbox 2996 821 3058 884; x_wconf 77' lang='grc' dir='ltr'>τὸ</span> <span class='ocrx_word' id='word_1_135' title='bbox 3084 830 3329 885; x_wconf 81' lang='grc' dir='ltr'>κωλῦσον</span> <span class='ocrx_word' id='word_1_136' title='bbox 3360 831 3458 902; x_wconf 74' lang='grc' dir='ltr'>τὴν</span> <span class='ocrx_word' id='word_1_137' title='bbox 3487 832 3703 902; x_wconf 84' lang='grc' dir='ltr'>δραστι-</span> 
     </span>
    </p>
   </div>
   <div class='ocr_carea' id='block_1_21' title="bbox 2122 923 3699 995">
    <p class='ocr_par' dir='ltr' id='par_1_21' title="bbox 2122 923 3699 995">
     <span class='ocr_line' id='line_1_21' title="bbox 2122 923 3699 995; baseline -0.001 -17"><span class='ocrx_word' id='word_1_138' title='bbox 2122 924 2225 993; x_wconf 77' lang='grc' dir='ltr'>κὴν</span> <span class='ocrx_word' id='word_1_139' title='bbox 2258 924 2463 994; x_wconf 85' lang='grc' dir='ltr'>ταύτην</span> <span class='ocrx_word' id='word_1_140' title='bbox 2496 925 2713 992; x_wconf 78' lang='grc' dir='ltr'>κίνησιν</span> <span class='ocrx_word' id='word_1_141' title='bbox 2753 926 2847 978; x_wconf 75' lang='grc' dir='ltr'>καὶ</span> <span class='ocrx_word' id='word_1_142' title='bbox 2883 925 3144 979; x_wconf 86' lang='grc' dir='ltr'>κινοῦσαν</span> <span class='ocrx_word' id='word_1_143' title='bbox 3195 926 3364 995; x_wconf 78' lang='grc' dir='ltr'>αὐτὴν</span> <span class='ocrx_word' id='word_1_144' title='bbox 3408 923 3483 994; x_wconf 82' lang='grc' dir='ltr'>μὴ</span> <span class='ocrx_word' id='word_1_145' title='bbox 3528 927 3699 977; x_wconf 79' lang='grc' dir='ltr'>κινεῖο</span> 
     </span>
    </p>
   </div>
   <div class='ocr_carea' id='block_1_22' title="bbox 2125 1014 3699 1086">
    <p class='ocr_par' dir='ltr' id='par_1_22' title="bbox 2125 1014 3699 1086">
     <span class='ocr_line' id='line_1_22' title="bbox 2125 1014 3699 1086; baseline 0.002 -20"><span class='ocrx_word' id='word_1_146' title='bbox 2125 1017 2282 1079; x_wconf 74' lang='grc' dir='ltr'>σθαις</span> <span class='ocrx_word' id='word_1_147' title='bbox 2316 1015 2471 1078; x_wconf 76' lang='grc' dir='ltr'>ὄντος</span> <span class='ocrx_word' id='word_1_148' title='bbox 2501 1015 2632 1068; x_wconf 81' lang='grc' dir='ltr'>ποτὲ</span> <span class='ocrx_word' id='word_1_149' title='bbox 2663 1016 2757 1070; x_wconf 91' lang='grc' dir='ltr'><strong>τοῦ</strong></span> <span class='ocrx_word' id='word_1_150' title='bbox 2787 1017 3066 1078; x_wconf 85' lang='grc' dir='ltr'>κινοῦντος</span> <span class='ocrx_word' id='word_1_151' title='bbox 3105 1017 3368 1086; x_wconf 80' lang='grc' dir='ltr'><strong>ἀκινήτου</strong></span> <span class='ocrx_word' id='word_1_152' title='bbox 3403 1033 3418 1082; x_wconf 90' lang='lat'><strong>;</strong></span> <span class='ocrx_word' id='word_1_153' title='bbox 3456 1014 3566 1086; x_wconf 76' lang='grc' dir='ltr'><strong>Τὴν</strong></span> <span class='ocrx_word' id='word_1_154' title='bbox 3601 1017 3699 1085; x_wconf 74' lang='grc' dir='ltr'>μὲν</span> 
     </span>
    </p>
   </div>
   <div class='ocr_carea' id='block_1_23' title="bbox 2122 1107 3698 1180">
    <p class='ocr_par' dir='ltr' id='par_1_23' title="bbox 2122 1107 3698 1180">
     <span class='ocr_line' id='line_1_23' title="bbox 2122 1107 3698 1180; baseline 0.001 -22"><span class='ocrx_word' id='word_1_155' title='bbox 2122 1107 2233 1175; x_wconf 75' lang='grc' dir='ltr'>γὰρ</span> <span class='ocrx_word' id='word_1_156' title='bbox 2265 1107 2582 1177; x_wconf 75' lang='grc' dir='ltr'>παθητικὴν</span> <span class='ocrx_word' id='word_1_157' title='bbox 2615 1110 2712 1178; x_wconf 67' lang='grc' dir='ltr'><strong>οὐχ</strong></span> <span class='ocrx_word' id='word_1_158' title='bbox 2740 1107 2853 1162; x_wconf 75' lang='grc' dir='ltr'>οἷόν</span> <span class='ocrx_word' id='word_1_159' title='bbox 2887 1127 2968 1162; x_wconf 87' lang='grc' dir='ltr'>τε.</span> <span class='ocrx_word' id='word_1_160' title='bbox 3003 1108 3082 1180; x_wconf 75' lang='grc' dir='ltr'><strong>Τῇ</strong></span> <span class='ocrx_word' id='word_1_161' title='bbox 3105 1109 3160 1162; x_wconf 78' lang='grc' dir='ltr'>δὲ</span> <span class='ocrx_word' id='word_1_162' title='bbox 3188 1108 3454 1180; x_wconf 84' lang='grc' dir='ltr'>δραστικῇ</span> <span class='ocrx_word' id='word_1_163' title='bbox 3477 1109 3528 1160; x_wconf 91' lang='grc' dir='ltr'><strong>τί</strong></span> <span class='ocrx_word' id='word_1_164' title='bbox 3546 1108 3698 1161; x_wconf 78' lang='grc' dir='ltr'>ἔσται</span> 
     </span>
    </p>
   </div>
   <div class='ocr_carea' id='block_1_24' title="bbox 2121 1199 3698 1272">
    <p class='ocr_par' dir='ltr' id='par_1_24' title="bbox 2121 1199 3698 1272">
     <span class='ocr_line' id='line_1_24' title="bbox 2121 1199 3698 1272; baseline -0.001 -20"><span class='ocrx_word' id='word_1_165' title='bbox 2121 1199 2181 1252; x_wconf 77' lang='grc' dir='ltr'>τὸ</span> <span class='ocrx_word' id='word_1_166' title='bbox 2217 1199 2490 1269; x_wconf 78' lang='grc' dir='ltr'>ἐμποδών.</span> <span class='ocrx_word' id='word_1_167' title='bbox 2527 1201 2614 1254; x_wconf 82' lang='grc' dir='ltr'>Ἐν</span> <span class='ocrx_word' id='word_1_168' title='bbox 2644 1203 2856 1266; x_wconf 83' lang='grc' dir='ltr'><strong>τούτοις</strong></span> <span class='ocrx_word' id='word_1_169' title='bbox 2888 1203 3049 1271; x_wconf 75' lang='grc' dir='ltr'>ἡμεῖς</span> <span class='ocrx_word' id='word_1_170' title='bbox 3081 1201 3427 1272; x_wconf 81' lang='grc' dir='ltr'><strong>Ἀριστοτέλη</strong></span> <span class='ocrx_word' id='word_1_171' title='bbox 3459 1199 3698 1270; x_wconf 78' lang='grc' dir='ltr'>ἀμαθαίο</span> 
     </span>
    </p>
   </div>
   <div class='ocr_carea' id='block_1_25' title="bbox 2121 1292 3697 1364">
    <p class='ocr_par' dir='ltr' id='par_1_25' title="bbox 2121 1292 3697 1364">
     <span class='ocr_line' id='line_1_25' title="bbox 2121 1292 3697 1364; baseline -0.003 -17"><span class='ocrx_word' id='word_1_172' title='bbox 2121 1311 2285 1347; x_wconf 87' lang='grc' dir='ltr'>νοντα</span> <span class='ocrx_word' id='word_1_173' title='bbox 2315 1296 2701 1364; x_wconf 81' lang='grc' dir='ltr'>ἀποφαίνομεν</span> <span class='ocrx_word' id='word_1_174' title='bbox 2731 1298 2790 1348; x_wconf 80' lang='grc' dir='ltr'><strong>ού</strong></span> <span class='ocrx_word' id='word_1_175' title='bbox 2826 1296 3008 1350; x_wconf 83' lang='grc' dir='ltr'>πάντα</span> <span class='ocrx_word' id='word_1_176' title='bbox 3052 1294 3242 1359; x_wconf 76' lang='grc' dir='ltr'>αὐτοῦ,</span> <span class='ocrx_word' id='word_1_177' title='bbox 3277 1296 3347 1347; x_wconf 84' lang='grc' dir='ltr'>τὰ</span> <span class='ocrx_word' id='word_1_178' title='bbox 3377 1293 3432 1347; x_wconf 82' lang='grc' dir='ltr'>δὲ</span> <span class='ocrx_word' id='word_1_179' title='bbox 3466 1292 3697 1362; x_wconf 81' lang='grc' dir='ltr'>μέγιστα</span> 
     </span>
    </p>
   </div>
   <div class='ocr_carea' id='block_1_26' title="bbox 2120 1381 3698 1457">
    <p class='ocr_par' dir='ltr' id='par_1_26' title="bbox 2120 1381 3698 1457">
     <span class='ocr_line' id='line_1_26' title="bbox 2120 1381 3698 1457; baseline -0.001 -21"><span class='ocrx_word' id='word_1_180' title='bbox 2120 1385 2214 1436; x_wconf 68' lang='grc' dir='ltr'>καὶ</span> <span class='ocrx_word' id='word_1_181' title='bbox 2247 1385 2570 1454; x_wconf 86' lang='grc' dir='ltr'>κυριώτατα</span> <span class='ocrx_word' id='word_1_182' title='bbox 2599 1381 2672 1439; x_wconf 79' lang='grc' dir='ltr'>ὧν</span> <span class='ocrx_word' id='word_1_183' title='bbox 2722 1387 2858 1457; x_wconf 74' lang='grc' dir='ltr'>πρὸς</span> <span class='ocrx_word' id='word_1_184' title='bbox 2894 1387 3166 1440; x_wconf 80' lang='grc' dir='ltr'>Πλάτωνά</span> <span class='ocrx_word' id='word_1_185' title='bbox 3191 1401 3250 1438; x_wconf 89' lang='grc' dir='ltr'><strong>τε</strong></span> <span class='ocrx_word' id='word_1_186' title='bbox 3283 1385 3379 1438; x_wconf 73' lang='grc' dir='ltr'><strong>καὶ</strong></span> <span class='ocrx_word' id='word_1_187' title='bbox 3405 1385 3530 1447; x_wconf 79' lang='grc' dir='ltr'>τοὺς</span> <span class='ocrx_word' id='word_1_188' title='bbox 3568 1382 3698 1453; x_wconf 75' lang='grc' dir='ltr'>περὶ</span> 
     </span>
    </p>
   </div>
   <div class='ocr_carea' id='block_1_27' title="bbox 2125 1477 3138 1550">
    <p class='ocr_par' dir='ltr' id='par_1_27' title="bbox 2125 1477 3138 1550">
     <span class='ocr_line' id='line_1_27' title="bbox 2125 1477 3138 1550; baseline 0.006 -24"><span class='ocrx_word' id='word_1_189' title='bbox 2125 1477 2392 1530; x_wconf 77' lang='grc' dir='ltr'>Πλάτωνα</span> <span class='ocrx_word' id='word_1_190' title='bbox 2420 1480 2767 1550; x_wconf 73' lang='grc' dir='ltr'><strong>διαφέρεται,</strong></span> <span class='ocrx_word' id='word_1_191' title='bbox 2793 1479 3138 1544; x_wconf 77' lang='grc' dir='ltr'><strong>ἐκλέξαντες.</strong></span> 
     </span>
    </p>
   </div>
   <div class='ocr_carea' id='block_1_28' title="bbox 438 1561 3695 1642">
    <p class='ocr_par' dir='ltr' id='par_1_28' title="bbox 438 1561 3695 1642">
     <span class='ocr_line' id='line_1_28' title="bbox 438 1561 3695 1642; baseline 0.003 -27"><span class='ocrx_word' id='word_1_192' title='bbox 438 1563 759 1627; x_wconf 83' lang='lat' dir='ltr'><strong>aﬂirmetur,</strong></span> <span class='ocrx_word' id='word_1_193' title='bbox 790 1562 923 1617; x_wconf 85' lang='lat' dir='ltr'><strong>nihil</strong></span> <span class='ocrx_word' id='word_1_194' title='bbox 959 1562 1309 1631; x_wconf 85' lang='lat' dir='ltr'><strong>impedit.Ac</strong></span> <span class='ocrx_word' id='word_1_195' title='bbox 1381 1562 1433 1615; x_wconf 91' lang='lat' dir='ltr'><strong>in</strong></span> <span class='ocrx_word' id='word_1_196' title='bbox 1502 1561 1586 1617; x_wconf 93' lang='lat' dir='ltr'><strong>his</strong></span> <span class='ocrx_word' id='word_1_197' title='bbox 1624 1562 1842 1630; x_wconf 81' lang='lat' dir='ltr'><strong>quidem</strong></span> <span class='ocrx_word' id='word_1_198' title='bbox 1911 1564 2222 1625; x_wconf 84' lang='lat' dir='ltr'><strong>Aristotelis</strong></span> <span class='ocrx_word' id='word_1_199' title='bbox 2292 1574 2659 1642; x_wconf 78' lang='lat' dir='ltr'><strong>ignorantiam</strong></span> <span class='ocrx_word' id='word_1_200' title='bbox 2711 1575 3040 1640; x_wconf 81' lang='lat' dir='ltr'><strong>deteximus,</strong></span> <span class='ocrx_word' id='word_1_201' title='bbox 3089 1589 3194 1630; x_wconf 83' lang='lat' dir='ltr'><strong>non</strong></span> <span class='ocrx_word' id='word_1_202' title='bbox 3257 1574 3440 1629; x_wconf 81' lang='lat' dir='ltr'><strong>omnia</strong></span> <span class='ocrx_word' id='word_1_203' title='bbox 3492 1581 3695 1634; x_wconf 84' lang='lat' dir='ltr'><strong>tamen,</strong></span> 
     </span>
    </p>
   </div>
   <div class='ocr_carea' id='block_1_29' title="bbox 437 1656 3620 1735">
    <p class='ocr_par' dir='ltr' id='par_1_29' title="bbox 437 1656 3620 1735">
     <span class='ocr_line' id='line_1_29' title="bbox 437 1656 3620 1735; baseline 0.002 -24"><span class='ocrx_word' id='word_1_204' title='bbox 437 1657 529 1711; x_wconf 81' lang='lat' dir='ltr'><strong>sed</strong></span> <span class='ocrx_word' id='word_1_205' title='bbox 565 1659 803 1710; x_wconf 76' lang='lat' dir='ltr'><strong>maxima</strong></span> <span class='ocrx_word' id='word_1_206' title='bbox 835 1668 888 1710; x_wconf 90' lang='lat' dir='ltr'><strong>et</strong></span> <span class='ocrx_word' id='word_1_207' title='bbox 929 1657 1198 1726; x_wconf 66' lang='lat' dir='ltr'><strong>praecipua</strong></span> <span class='ocrx_word' id='word_1_208' title='bbox 1251 1666 1585 1722; x_wconf 80' lang='lat' dir='ltr'><strong>exponentes</strong></span> <span class='ocrx_word' id='word_1_209' title='bbox 1639 1657 1692 1708; x_wconf 91' lang='lat' dir='ltr'><strong>in</strong></span> <span class='ocrx_word' id='word_1_210' title='bbox 1739 1656 1939 1725; x_wconf 88' lang='lat' dir='ltr'><strong>quibus</strong></span> <span class='ocrx_word' id='word_1_211' title='bbox 1985 1674 2014 1710; x_wconf 90' lang='lat' dir='ltr'><strong>a</strong></span> <span class='ocrx_word' id='word_1_212' title='bbox 2055 1659 2282 1717; x_wconf 81' lang='lat' dir='ltr'><strong>Platone</strong></span> <span class='ocrx_word' id='word_1_213' title='bbox 2303 1674 2358 1718; x_wconf 93' lang='lat' dir='ltr'><strong>et</strong></span> <span class='ocrx_word' id='word_1_214' title='bbox 2398 1666 2463 1720; x_wconf 90' lang='lat' dir='ltr'><strong>iis</strong></span> <span class='ocrx_word' id='word_1_215' title='bbox 2499 1666 2593 1734; x_wconf 93' lang='lat' dir='ltr'><strong>qui</strong></span> <span class='ocrx_word' id='word_1_216' title='bbox 2665 1664 2947 1720; x_wconf 84' lang='lat' dir='ltr'><strong>Platonem</strong></span> <span class='ocrx_word' id='word_1_217' title='bbox 2995 1675 3320 1735; x_wconf 87' lang='lat' dir='ltr'><strong>sequuntur,</strong></span> <span class='ocrx_word' id='word_1_218' title='bbox 3377 1662 3620 1719; x_wconf 82' lang='lat' dir='ltr'><strong>discedit.</strong></span> 
     </span>
    </p>
   </div>
   <div class='ocr_carea' id='block_1_30' title="bbox 1074 1749 1375 1805">
    <p class='ocr_par' dir='ltr' id='par_1_30' title="bbox 1074 1749 1375 1805">
     <span class='ocr_line' id='line_1_30' title="bbox 1074 1749 1375 1805; baseline 0 0"><span class='ocrx_word' id='word_1_219' title='bbox 1074 1751 1224 1805; x_wconf 78' lang='lat' dir='ltr'><strong>CAP.</strong></span> <span class='ocrx_word' id='word_1_220' title='bbox 1259 1749 1375 1805; x_wconf 75' lang='lat' dir='ltr'><strong>XX.</strong></span> 
     </span>
    </p>
   </div>
   <div class='ocr_carea' id='block_1_31' title="bbox 2726 1763 3098 1816">
    <p class='ocr_par' dir='ltr' id='par_1_31' title="bbox 2726 1763 3098 1816">
     <span class='ocr_line' id='line_1_31' title="bbox 2726 1763 3098 1816; baseline -0.003 0"><span class='ocrx_word' id='word_1_221' title='bbox 2726 1763 2977 1816; x_wconf 79' lang='grc' dir='ltr'><strong>ΚΕΦΑΛ.</strong></span> <span class='ocrx_word' id='word_1_222' title='bbox 3015 1764 3098 1815; x_wconf 82' lang='grc' dir='ltr'><strong>Κ’.</strong></span> 
     </span>
    </p>
   </div>
   <div class='ocr_carea' id='block_1_32' title="bbox 510 1843 2012 1925">
    <p class='ocr_par' dir='ltr' id='par_1_32' title="bbox 510 1843 2012 1917">
     <span class='ocr_line' id='line_1_32' title="bbox 510 1843 2012 1917; baseline 0.005 -22"><span class='ocrx_word' id='word_1_223' title='bbox 510 1844 886 1913; x_wconf 82' lang='lat' dir='ltr'><strong>Discrepantia</strong></span> <span class='ocrx_word' id='word_1_224' title='bbox 948 1845 1258 1899; x_wconf 81' lang='lat' dir='ltr'><strong>Aristotelis</strong></span> <span class='ocrx_word' id='word_1_225' title='bbox 1301 1853 1354 1897; x_wconf 91' lang='lat' dir='ltr'><strong>et</strong></span> <span class='ocrx_word' id='word_1_226' title='bbox 1414 1843 1659 1901; x_wconf 79' lang='lat' dir='ltr'><strong>Platonis</strong></span> <span class='ocrx_word' id='word_1_227' title='bbox 1685 1845 1737 1900; x_wconf 93' lang='lat' dir='ltr'><strong>in</strong></span> <span class='ocrx_word' id='word_1_228' title='bbox 1776 1847 1842 1902; x_wconf 90' lang='lat' dir='ltr'><strong>iis</strong></span> <span class='ocrx_word' id='word_1_229' title='bbox 1899 1863 2012 1917; x_wconf 73' lang='lat' dir='ltr'><strong>qua:</strong></span> 
     </span>
    </p>
   </div>
   <div class='ocr_carea' id='block_1_33' title="bbox 2117 1843 3696 1925">
    <p class='ocr_par' dir='ltr' id='par_1_33' title="bbox 2198 1852 3696 1925">
     <span class='ocr_line' id='line_1_33' title="bbox 2198 1852 3696 1925; baseline -0.002 -17"><span class='ocrx_word' id='word_1_230' title='bbox 2198 1855 2398 1918; x_wconf 74' lang='grc' dir='ltr'>Λοιπὸς</span> <span class='ocrx_word' id='word_1_231' title='bbox 2425 1855 2481 1908; x_wconf 79' lang='grc' dir='ltr'>δὲ</span> <span class='ocrx_word' id='word_1_232' title='bbox 2510 1855 2576 1925; x_wconf 79' lang='grc' dir='ltr'>δὴ</span> <span class='ocrx_word' id='word_1_233' title='bbox 2605 1857 2738 1924; x_wconf 80' lang='grc' dir='ltr'>ἡμῖν</span> <span class='ocrx_word' id='word_1_234' title='bbox 2766 1856 2877 1909; x_wconf 81' lang='grc' dir='ltr'>τῶν</span> <span class='ocrx_word' id='word_1_235' title='bbox 2905 1855 3180 1925; x_wconf 75' lang='grc' dir='ltr'><strong>μεγίστων</strong></span> <span class='ocrx_word' id='word_1_236' title='bbox 3209 1855 3305 1908; x_wconf 74' lang='grc' dir='ltr'>καὶ</span> <span class='ocrx_word' id='word_1_237' title='bbox 3333 1855 3361 1907; x_wconf 83' lang='grc' dir='ltr'><strong>ὁ</strong></span> <span class='ocrx_word' id='word_1_238' title='bbox 3383 1853 3513 1924; x_wconf 78' lang='grc' dir='ltr'>περὶ</span> <span class='ocrx_word' id='word_1_239' title='bbox 3537 1852 3696 1906; x_wconf 84' lang='grc' dir='ltr'>ειδῶν</span> 
     </span>
    </p>
   </div>
   <div class='ocr_carea' id='block_1_34' title="bbox 435 1936 1730 2005">
    <p class='ocr_par' dir='ltr' id='par_1_34' title="bbox 435 1936 1730 2005">
     <span class='ocr_line' id='line_1_34' title="bbox 435 1936 1730 2005; baseline 0 -15"><span class='ocrx_word' id='word_1_240' title='bbox 435 1938 499 1990; x_wconf 88' lang='lat' dir='ltr'><strong>ad</strong></span> <span class='ocrx_word' id='word_1_241' title='bbox 542 1938 745 1989; x_wconf 81' lang='lat' dir='ltr'><strong>formas</strong></span> <span class='ocrx_word' id='word_1_242' title='bbox 769 1946 821 1990; x_wconf 92' lang='lat' dir='ltr'><strong>et</strong></span> <span class='ocrx_word' id='word_1_243' title='bbox 847 1937 1057 2004; x_wconf 82' lang='lat' dir='ltr'><strong>species</strong></span> <span class='ocrx_word' id='word_1_244' title='bbox 1080 1936 1445 2005; x_wconf 87' lang='lat' dir='ltr'><strong>sempiternas</strong></span> <span class='ocrx_word' id='word_1_245' title='bbox 1478 1937 1730 1991; x_wconf 89' lang='lat' dir='ltr'><strong>attinent.</strong></span> 
     </span>
    </p>
   </div>
   <div class='ocr_carea' id='block_1_35' title="bbox 509 2027 2018 2098">
    <p class='ocr_par' dir='ltr' id='par_1_35' title="bbox 509 2027 2018 2098">
     <span class='ocr_line' id='line_1_35' title="bbox 509 2027 2018 2098; baseline 0.003 -18"><span class='ocrx_word' id='word_1_246' title='bbox 509 2027 797 2096; x_wconf 80' lang='lat' dir='ltr'><strong>Reliquum</strong></span> <span class='ocrx_word' id='word_1_247' title='bbox 829 2028 941 2097; x_wconf 88' lang='lat' dir='ltr'><strong>jam</strong></span> <span class='ocrx_word' id='word_1_248' title='bbox 992 2037 1094 2091; x_wconf 84' lang='lat' dir='ltr'><strong>est,</strong></span> <span class='ocrx_word' id='word_1_249' title='bbox 1130 2040 1188 2083; x_wconf 94' lang='lat' dir='ltr'><strong>ut</strong></span> <span class='ocrx_word' id='word_1_250' title='bbox 1239 2028 1304 2083; x_wconf 88' lang='lat' dir='ltr'><strong>de</strong></span> <span class='ocrx_word' id='word_1_251' title='bbox 1359 2030 1648 2098; x_wconf 87' lang='lat' dir='ltr'><strong>speciebus</strong></span> <span class='ocrx_word' id='word_1_252' title='bbox 1706 2046 2018 2085; x_wconf 75' lang='lat' dir='ltr'><strong>sermonem</strong></span> 
     </span>
    </p>
   </div>
   <div class='ocr_carea' id='block_1_36' title="bbox 436 2122 2019 2190">
    <p class='ocr_par' dir='ltr' id='par_1_36' title="bbox 436 2122 2019 2190">
     <span class='ocr_line' id='line_1_36' title="bbox 436 2122 2019 2190; baseline 0.001 -14"><span class='ocrx_word' id='word_1_253' title='bbox 436 2123 812 2185; x_wconf 84' lang='lat' dir='ltr'><strong>instituamus,</strong></span> <span class='ocrx_word' id='word_1_254' title='bbox 865 2122 932 2176; x_wconf 90' lang='lat' dir='ltr'><strong>de</strong></span> <span class='ocrx_word' id='word_1_255' title='bbox 983 2123 1183 2190; x_wconf 90' lang='lat' dir='ltr'><strong>quibus</strong></span> <span class='ocrx_word' id='word_1_256' title='bbox 1239 2123 1475 2175; x_wconf 80' lang='lat' dir='ltr'><strong>maxima</strong></span> <span class='ocrx_word' id='word_1_257' title='bbox 1533 2123 1673 2178; x_wconf 85' lang='lat' dir='ltr'><strong>solet</strong></span> <span class='ocrx_word' id='word_1_258' title='bbox 1740 2125 2019 2178; x_wconf 83' lang='lat' dir='ltr'><strong>contentio</strong></span> 
     </span>
    </p>
   </div>
   <div class='ocr_carea' id='block_1_37' title="bbox 434 2214 2016 2284">
    <p class='ocr_par' dir='ltr' id='par_1_37' title="bbox 434 2214 2016 2284">
     <span class='ocr_line' id='line_1_37' title="bbox 434 2214 2016 2284; baseline -0.001 -14"><span class='ocrx_word' id='word_1_259' title='bbox 434 2216 660 2270; x_wconf 85' lang='lat' dir='ltr'><strong>moveri.</strong></span> <span class='ocrx_word' id='word_1_260' title='bbox 707 2214 762 2267; x_wconf 84' lang='lat' dir='ltr'><strong>In</strong></span> <span class='ocrx_word' id='word_1_261' title='bbox 803 2215 889 2270; x_wconf 90' lang='lat' dir='ltr'><strong>his</strong></span> <span class='ocrx_word' id='word_1_262' title='bbox 921 2231 1050 2266; x_wconf 89' lang='lat' dir='ltr'><strong>vero</strong></span> <span class='ocrx_word' id='word_1_263' title='bbox 1101 2229 1207 2267; x_wconf 91' lang='lat' dir='ltr'><strong>non</strong></span> <span class='ocrx_word' id='word_1_264' title='bbox 1279 2216 1501 2284; x_wconf 89' lang='lat' dir='ltr'><strong>quidem</strong></span> <span class='ocrx_word' id='word_1_265' title='bbox 1538 2214 1749 2270; x_wconf 60' lang='lat' dir='ltr'><strong>Plutoni</strong></span> <span class='ocrx_word' id='word_1_266' title='bbox 1779 2231 2016 2269; x_wconf 86' lang='lat' dir='ltr'><strong>consen—</strong></span> 
     </span>
    </p>
   </div>
   <div class='ocr_carea' id='block_1_38' title="bbox 441 2307 2021 2376">
    <p class='ocr_par' dir='ltr' id='par_1_38' title="bbox 441 2307 2021 2376">
     <span class='ocr_line' id='line_1_38' title="bbox 441 2307 2021 2376; baseline -0.001 -13"><span class='ocrx_word' id='word_1_267' title='bbox 441 2312 664 2371; x_wconf 83' lang='lat' dir='ltr'><strong>tiemus,</strong></span> <span class='ocrx_word' id='word_1_268' title='bbox 695 2309 787 2362; x_wconf 87' lang='lat' dir='ltr'><strong>sed</strong></span> <span class='ocrx_word' id='word_1_269' title='bbox 833 2307 1184 2362; x_wconf 86' lang='lat' dir='ltr'><strong>Aristotelem</strong></span> <span class='ocrx_word' id='word_1_270' title='bbox 1231 2307 1393 2361; x_wconf 87' lang='lat' dir='ltr'><strong>etiam</strong></span> <span class='ocrx_word' id='word_1_271' title='bbox 1446 2308 1637 2362; x_wconf 89' lang='lat' dir='ltr'><strong>hacin</strong></span> <span class='ocrx_word' id='word_1_272' title='bbox 1687 2316 1839 2376; x_wconf 89' lang='lat' dir='ltr'><strong>parte</strong></span> <span class='ocrx_word' id='word_1_273' title='bbox 1879 2307 2021 2362; x_wconf 89' lang='lat' dir='ltr'><strong>male</strong></span> 
     </span>
    </p>
   </div>
   <div class='ocr_carea' id='block_1_39' title="bbox 436 2400 2016 2471">
    <p class='ocr_par' dir='ltr' id='par_1_39' title="bbox 436 2400 2016 2471">
     <span class='ocr_line' id='line_1_39' title="bbox 436 2400 2016 2471; baseline -0.003 -12"><span class='ocrx_word' id='word_1_274' title='bbox 436 2402 855 2465; x_wconf 81' lang='lat' dir='ltr'><strong>contradixisse,</strong></span> <span class='ocrx_word' id='word_1_275' title='bbox 894 2411 946 2455; x_wconf 90' lang='lat' dir='ltr'><strong>et</strong></span> <span class='ocrx_word' id='word_1_276' title='bbox 972 2400 1025 2454; x_wconf 93' lang='lat' dir='ltr'><strong>in</strong></span> <span class='ocrx_word' id='word_1_277' title='bbox 1058 2401 1180 2454; x_wconf 87' lang='lat' dir='ltr'><strong>aliis</strong></span> <span class='ocrx_word' id='word_1_278' title='bbox 1205 2401 1418 2470; x_wconf 84' lang='lat' dir='ltr'><strong>quidem</strong></span> <span class='ocrx_word' id='word_1_279' title='bbox 1465 2401 1860 2471; x_wconf 81' lang='lat' dir='ltr'><strong>sycophantam</strong></span> <span class='ocrx_word' id='word_1_280' title='bbox 1889 2416 2016 2469; x_wconf 82' lang='lat' dir='ltr'><strong>age-</strong></span> 
     </span>
    </p>
   </div>
   <div class='ocr_carea' id='block_1_40' title="bbox 437 2494 2017 2564">
    <p class='ocr_par' dir='ltr' id='par_1_40' title="bbox 437 2494 2017 2564">
     <span class='ocr_line' id='line_1_40' title="bbox 437 2494 2017 2564; baseline -0.003 -14"><span class='ocrx_word' id='word_1_281' title='bbox 437 2513 516 2556; x_wconf 90' lang='lat' dir='ltr'><strong>re.</strong></span> <span class='ocrx_word' id='word_1_282' title='bbox 544 2496 596 2549; x_wconf 90' lang='lat' dir='ltr'><strong>iu</strong></span> <span class='ocrx_word' id='word_1_283' title='bbox 627 2495 749 2549; x_wconf 87' lang='lat' dir='ltr'><strong>aliis</strong></span> <span class='ocrx_word' id='word_1_284' title='bbox 785 2508 915 2548; x_wconf 87' lang='lat' dir='ltr'><strong>vero</strong></span> <span class='ocrx_word' id='word_1_285' title='bbox 943 2510 1047 2547; x_wconf 92' lang='lat' dir='ltr'><strong>non</strong></span> <span class='ocrx_word' id='word_1_286' title='bbox 1089 2494 1140 2546; x_wconf 90' lang='lat' dir='ltr'><strong>id</strong></span> <span class='ocrx_word' id='word_1_287' title='bbox 1165 2494 1432 2549; x_wconf 79' lang='lat' dir='ltr'><strong>coniicere</strong></span> <span class='ocrx_word' id='word_1_288' title='bbox 1473 2495 1616 2564; x_wconf 77' lang='lat' dir='ltr'><strong>quod</strong></span> <span class='ocrx_word' id='word_1_289' title='bbox 1682 2494 1874 2558; x_wconf 88' lang='lat' dir='ltr'><strong>voluit,</strong></span> <span class='ocrx_word' id='word_1_290' title='bbox 1927 2494 2017 2546; x_wconf 86' lang='lat' dir='ltr'><strong>de-</strong></span> 
     </span>
    </p>
   </div>
   <div class='ocr_carea' id='block_1_41' title="bbox 437 2585 2016 2653">
    <p class='ocr_par' dir='ltr' id='par_1_41' title="bbox 437 2585 2016 2653">
     <span class='ocr_line' id='line_1_41' title="bbox 437 2585 2016 2653; baseline -0.001 -13"><span class='ocrx_word' id='word_1_291' title='bbox 437 2587 883 2651; x_wconf 83' lang='lat' dir='ltr'><strong>monstrabimus,</strong></span> <span class='ocrx_word' id='word_1_292' title='bbox 905 2585 1066 2653; x_wconf 80' lang='lat' dir='ltr'><strong>idque</strong></span> <span class='ocrx_word' id='word_1_293' title='bbox 1108 2587 1266 2646; x_wconf 85' lang='lat' dir='ltr'><strong>nobis</strong></span> <span class='ocrx_word' id='word_1_294' title='bbox 1321 2586 1454 2641; x_wconf 89' lang='lat' dir='ltr'><strong>vitio</strong></span> <span class='ocrx_word' id='word_1_295' title='bbox 1525 2587 1844 2640; x_wconf 85' lang='lat' dir='ltr'><strong>vertendum</strong></span> <span class='ocrx_word' id='word_1_296' title='bbox 1910 2599 2016 2638; x_wconf 90' lang='lat' dir='ltr'><strong>non</strong></span> 
     </span>
    </p>
   </div>
   <div class='ocr_carea' id='block_1_42' title="bbox 433 2677 2015 2747">
    <p class='ocr_par' dir='ltr' id='par_1_42' title="bbox 433 2677 2015 2747">
     <span class='ocr_line' id='line_1_42' title="bbox 433 2677 2015 2747; baseline -0.002 -14"><span class='ocrx_word' id='word_1_297' title='bbox 433 2683 557 2742; x_wconf 83' lang='lat' dir='ltr'><strong>erit,</strong></span> <span class='ocrx_word' id='word_1_298' title='bbox 591 2679 863 2747; x_wconf 82' lang='lat' dir='ltr'><strong>siquidem</strong></span> <span class='ocrx_word' id='word_1_299' title='bbox 906 2679 1067 2732; x_wconf 89' lang='lat' dir='ltr'><strong>etiam</strong></span> <span class='ocrx_word' id='word_1_300' title='bbox 1118 2678 1172 2731; x_wconf 92' lang='lat' dir='ltr'><strong>in</strong></span> <span class='ocrx_word' id='word_1_301' title='bbox 1217 2678 1490 2747; x_wconf 89' lang='lat' dir='ltr'><strong>prioribus</strong></span> <span class='ocrx_word' id='word_1_302' title='bbox 1517 2687 1644 2731; x_wconf 91' lang='lat' dir='ltr'><strong>sunt</strong></span> <span class='ocrx_word' id='word_1_303' title='bbox 1680 2677 1884 2746; x_wconf 86' lang='lat' dir='ltr'><strong>aliqua,</strong></span> <span class='ocrx_word' id='word_1_304' title='bbox 1923 2678 2015 2730; x_wconf 83' lang='lat' dir='ltr'><strong>tibi</strong></span> 
     </span>
    </p>
   </div>
   <div class='ocr_carea' id='block_1_43' title="bbox 433 2770 2014 2836">
    <p class='ocr_par' dir='ltr' id='par_1_43' title="bbox 433 2770 2014 2836">
     <span class='ocr_line' id='line_1_43' title="bbox 433 2770 2014 2836; baseline -0.001 -11"><span class='ocrx_word' id='word_1_305' title='bbox 433 2772 644 2826; x_wconf 79' lang='lat' dir='ltr'><strong>Platoni</strong></span> <span class='ocrx_word' id='word_1_306' title='bbox 699 2787 807 2825; x_wconf 92' lang='lat' dir='ltr'><strong>non</strong></span> <span class='ocrx_word' id='word_1_307' title='bbox 873 2773 1307 2836; x_wconf 88' lang='lat' dir='ltr'><strong>consentientes,</strong></span> <span class='ocrx_word' id='word_1_308' title='bbox 1387 2770 1750 2826; x_wconf 83' lang='lat' dir='ltr'><strong>nihilominus</strong></span> <span class='ocrx_word' id='word_1_309' title='bbox 1797 2770 2014 2825; x_wconf 84' lang='lat' dir='ltr'><strong>Aristo-</strong></span> 
     </span>
    </p>
   </div>
   <div class='ocr_carea' id='block_1_44' title="bbox 433 2862 2013 2933">
    <p class='ocr_par' dir='ltr' id='par_1_44' title="bbox 433 2862 2013 2933">
     <span class='ocr_line' id='line_1_44' title="bbox 433 2862 2013 2933; baseline -0.002 -16"><span class='ocrx_word' id='word_1_310' title='bbox 433 2865 593 2919; x_wconf 89' lang='lat' dir='ltr'><strong>telem</strong></span> <span class='ocrx_word' id='word_1_311' title='bbox 684 2865 859 2933; x_wconf 89' lang='lat' dir='ltr'><strong>ipsum</strong></span> <span class='ocrx_word' id='word_1_312' title='bbox 937 2879 965 2917; x_wconf 90' lang='lat' dir='ltr'><strong>a</strong></span> <span class='ocrx_word' id='word_1_313' title='bbox 1037 2865 1219 2932; x_wconf 92' lang='lat' dir='ltr'><strong>seipso</strong></span> <span class='ocrx_word' id='word_1_314' title='bbox 1294 2863 1561 2917; x_wconf 87' lang='lat' dir='ltr'><strong>dissidere</strong></span> <span class='ocrx_word' id='word_1_315' title='bbox 1652 2862 2013 2916; x_wconf 90' lang='lat' dir='ltr'><strong>ostendimus.</strong></span> 
     </span>
    </p>
   </div>
   <div class='ocr_carea' id='block_1_45' title="bbox 433 2953 2012 3027">
    <p class='ocr_par' dir='ltr' id='par_1_45' title="bbox 433 2953 2012 3027">
     <span class='ocr_line' id='line_1_45' title="bbox 433 2953 2012 3027; baseline -0.007 -14"><span class='ocrx_word' id='word_1_316' title='bbox 433 2959 510 3013; x_wconf 81' lang='lat' dir='ltr'><strong>Ac</strong></span> <span class='ocrx_word' id='word_1_317' title='bbox 551 2959 787 3027; x_wconf 82' lang='lat' dir='ltr'><strong>ptimum</strong></span> <span class='ocrx_word' id='word_1_318' title='bbox 819 2957 1038 3026; x_wconf 87' lang='lat' dir='ltr'><strong>quidem</strong></span> <span class='ocrx_word' id='word_1_319' title='bbox 1073 2954 1203 3008; x_wconf 90' lang='lat' dir='ltr'><strong>illud</strong></span> <span class='ocrx_word' id='word_1_320' title='bbox 1251 2953 1680 3022; x_wconf 76' lang='lat' dir='ltr'><strong>reprehensione</strong></span> <span class='ocrx_word' id='word_1_321' title='bbox 1702 2969 1806 3006; x_wconf 89' lang='lat' dir='ltr'><strong>non</strong></span> <span class='ocrx_word' id='word_1_322' title='bbox 1839 2962 2012 3016; x_wconf 88' lang='lat' dir='ltr'><strong>caret,</strong></span> 
     </span>
    </p>
   </div>
   <div class='ocr_carea' id='block_1_46' title="bbox 433 3044 2016 3118">
    <p class='ocr_par' dir='ltr' id='par_1_46' title="bbox 433 3044 2016 3118">
     <span class='ocr_line' id='line_1_46' title="bbox 433 3044 2016 3118; baseline -0.003 -16"><span class='ocrx_word' id='word_1_323' title='bbox 433 3051 578 3118; x_wconf 89' lang='lat' dir='ltr'><strong>quod</strong></span> <span class='ocrx_word' id='word_1_324' title='bbox 627 3048 916 3104; x_wconf 81' lang='lat' dir='ltr'><strong>manifeste</strong></span> <span class='ocrx_word' id='word_1_325' title='bbox 976 3047 1191 3102; x_wconf 83' lang='lat' dir='ltr'><strong>veritati</strong></span> <span class='ocrx_word' id='word_1_326' title='bbox 1252 3054 1518 3114; x_wconf 75' lang='lat' dir='ltr'><strong>repugnat</strong></span> <span class='ocrx_word' id='word_1_327' title='bbox 1566 3046 1653 3098; x_wconf 93' lang='lat' dir='ltr'><strong>ubi</strong></span> <span class='ocrx_word' id='word_1_328' title='bbox 1715 3053 1838 3114; x_wconf 90' lang='lat' dir='ltr'><strong>post</strong></span> <span class='ocrx_word' id='word_1_329' title='bbox 1919 3044 2016 3097; x_wconf 82' lang='lat' dir='ltr'><strong>So-</strong></span> 
     </span>
    </p>
   </div>
   <div class='ocr_carea' id='block_1_47' title="bbox 435 3137 2015 3208">
    <p class='ocr_par' dir='ltr' id='par_1_47' title="bbox 435 3137 2015 3208">
     <span class='ocr_line' id='line_1_47' title="bbox 435 3137 2015 3208; baseline -0.001 -15"><span class='ocrx_word' id='word_1_330' title='bbox 435 3149 643 3195; x_wconf 70' lang='lat' dir='ltr'><strong>rratem</strong></span> <span class='ocrx_word' id='word_1_331' title='bbox 691 3141 807 3205; x_wconf 90' lang='lat' dir='ltr'><strong>ait,</strong></span> <span class='ocrx_word' id='word_1_332' title='bbox 856 3140 1060 3208; x_wconf 88' lang='lat' dir='ltr'><strong>primos</strong></span> <span class='ocrx_word' id='word_1_333' title='bbox 1110 3140 1411 3200; x_wconf 82' lang='lat' dir='ltr'><strong>exstitisse.</strong></span> <span class='ocrx_word' id='word_1_334' title='bbox 1449 3139 1542 3208; x_wconf 80' lang='lat' dir='ltr'><strong>qui</strong></span> <span class='ocrx_word' id='word_1_335' title='bbox 1600 3151 1907 3193; x_wconf 89' lang='lat' dir='ltr'><strong>sermonem</strong></span> <span class='ocrx_word' id='word_1_336' title='bbox 1947 3137 2015 3191; x_wconf 91' lang='lat' dir='ltr'><strong>de</strong></span> 
     </span>
    </p>
   </div>
   <div class='ocr_carea' id='block_1_48' title="bbox 443 3209 2086 3301">
    <p class='ocr_par' dir='ltr' id='par_1_48' title="bbox 443 3209 2086 3301">
     <span class='ocr_line' id='line_1_48' title="bbox 443 3209 2086 3301; baseline -0.001 -16"><span class='ocrx_word' id='word_1_337' title='bbox 443 3232 729 3300; x_wconf 81' lang='lat' dir='ltr'><strong>speciebus</strong></span> <span class='ocrx_word' id='word_1_338' title='bbox 761 3236 814 3286; x_wconf 92' lang='lat' dir='ltr'><strong>in</strong></span> <span class='ocrx_word' id='word_1_339' title='bbox 841 3231 1058 3285; x_wconf 83' lang='lat' dir='ltr'><strong>scholas</strong></span> <span class='ocrx_word' id='word_1_340' title='bbox 1085 3230 1538 3301; x_wconf 75' lang='grc' dir='ltr'>ριιὶίοεοιιίιοτυιη</span> <span class='ocrx_word' id='word_1_341' title='bbox 1581 3231 2012 3295; x_wconf 79' lang='lat' dir='ltr'><strong>introduxerint,</strong></span> <span class='ocrx_word' id='word_1_342' title='bbox 2044 3209 2086 3266; x_wconf 61' lang='grc' dir='ltr'><strong>(ἶ</strong></span> 
     </span>
    </p>
   </div>
   <div class='ocr_carea' id='block_1_49' title="bbox 439 3321 2016 3391">
    <p class='ocr_par' dir='ltr' id='par_1_49' title="bbox 439 3321 2016 3391">
     <span class='ocr_line' id='line_1_49' title="bbox 439 3321 2016 3391; baseline -0.001 -13"><span class='ocrx_word' id='word_1_343' title='bbox 439 3325 717 3379; x_wconf 77' lang='lat' dir='ltr'><strong>Platonem</strong></span> <span class='ocrx_word' id='word_1_344' title='bbox 751 3323 1011 3377; x_wconf 88' lang='lat' dir='ltr'><strong>nimirum</strong></span> <span class='ocrx_word' id='word_1_345' title='bbox 1066 3322 1392 3391; x_wconf 82' lang='lat' dir='ltr'><strong>intelligens.</strong></span> <span class='ocrx_word' id='word_1_346' title='bbox 1427 3321 1648 3377; x_wconf 87' lang='lat' dir='ltr'><strong>Certum</strong></span> <span class='ocrx_word' id='word_1_347' title='bbox 1697 3331 1878 3375; x_wconf 87' lang='lat' dir='ltr'><strong>autem</strong></span> <span class='ocrx_word' id='word_1_348' title='bbox 1932 3331 2016 3376; x_wconf 89' lang='lat' dir='ltr'><strong>est</strong></span> 
     </span>
    </p>
   </div>
   <div class='ocr_carea' id='block_1_50' title="bbox 435 3413 2012 3486">
    <p class='ocr_par' dir='ltr' id='par_1_50' title="bbox 435 3413 2012 3486">
     <span class='ocr_line' id='line_1_50' title="bbox 435 3413 2012 3486; baseline -0.003 -16"><span class='ocrx_word' id='word_1_349' title='bbox 435 3417 598 3472; x_wconf 66' lang='lat' dir='ltr'><strong>etiam</strong></span> <span class='ocrx_word' id='word_1_350' title='bbox 634 3413 1047 3486; x_wconf 61' lang='lat' dir='ltr'><strong>Pythagoricos,</strong></span> <span class='ocrx_word' id='word_1_351' title='bbox 1087 3414 1182 3484; x_wconf 90' lang='lat' dir='ltr'><strong>qui</strong></span> <span class='ocrx_word' id='word_1_352' title='bbox 1231 3423 1358 3468; x_wconf 86' lang='lat' dir='ltr'><strong>ante</strong></span> <span class='ocrx_word' id='word_1_353' title='bbox 1390 3414 1666 3467; x_wconf 88' lang='lat' dir='ltr'><strong>Platonem</strong></span> <span class='ocrx_word' id='word_1_354' title='bbox 1700 3413 1958 3466; x_wconf 79' lang='lat' dir='ltr'><strong>vixerunt</strong></span> <span class='ocrx_word' id='word_1_355' title='bbox 1997 3451 2012 3475; x_wconf 93' lang='lat'><strong>,</strong></span> 
     </span>
    </p>
   </div>
   <div class='ocr_carea' id='block_1_51' title="bbox 435 3505 2009 3575">
    <p class='ocr_par' dir='ltr' id='par_1_51' title="bbox 435 3505 2009 3575">
     <span class='ocr_line' id='line_1_51' title="bbox 435 3505 2009 3575; baseline -0.003 -12"><span class='ocrx_word' id='word_1_356' title='bbox 435 3511 504 3566; x_wconf 90' lang='lat' dir='ltr'><strong>de</strong></span> <span class='ocrx_word' id='word_1_357' title='bbox 535 3511 640 3564; x_wconf 90' lang='lat' dir='ltr'><strong>hac</strong></span> <span class='ocrx_word' id='word_1_358' title='bbox 674 3525 731 3563; x_wconf 90' lang='lat' dir='ltr'><strong>re</strong></span> <span class='ocrx_word' id='word_1_359' title='bbox 761 3507 1089 3563; x_wconf 88' lang='lat' dir='ltr'><strong>disseruisse</strong></span> <span class='ocrx_word' id='word_1_360' title='bbox 1117 3545 1132 3570; x_wconf 89' lang='lat'><strong>,</strong></span> <span class='ocrx_word' id='word_1_361' title='bbox 1169 3507 1310 3561; x_wconf 87' lang='lat' dir='ltr'><strong>sicut</strong></span> <span class='ocrx_word' id='word_1_362' title='bbox 1342 3522 1408 3560; x_wconf 82' lang='lat' dir='ltr'><strong>ex</strong></span> <span class='ocrx_word' id='word_1_363' title='bbox 1439 3522 1504 3560; x_wconf 91' lang='lat' dir='ltr'><strong>eo</strong></span> <span class='ocrx_word' id='word_1_364' title='bbox 1529 3521 1694 3575; x_wconf 89' lang='lat' dir='ltr'><strong>opere</strong></span> <span class='ocrx_word' id='word_1_365' title='bbox 1725 3505 1968 3558; x_wconf 77' lang='lat' dir='ltr'><strong>Platonis</strong></span> <span class='ocrx_word' id='word_1_366' title='bbox 1995 3546 2009 3570; x_wconf 92' lang='lat'><strong>,</strong></span> 
     </span>
    </p>
   </div>
   <div class='ocr_carea' id='block_1_52' title="bbox 434 3597 2014 3670">
    <p class='ocr_par' dir='ltr' id='par_1_52' title="bbox 434 3597 2014 3670">
     <span class='ocr_line' id='line_1_52' title="bbox 434 3597 2014 3670; baseline -0.003 -14"><span class='ocrx_word' id='word_1_367' title='bbox 434 3603 578 3670; x_wconf 83' lang='lat' dir='ltr'><strong>quod</strong></span> <span class='ocrx_word' id='word_1_368' title='bbox 623 3603 887 3657; x_wconf 57' lang='lat' dir='ltr'><strong>Timaeum</strong></span> <span class='ocrx_word' id='word_1_369' title='bbox 924 3599 1154 3656; x_wconf 87' lang='lat' dir='ltr'><strong>L0crum</strong></span> <span class='ocrx_word' id='word_1_370' title='bbox 1189 3598 1454 3664; x_wconf 87' lang='lat' dir='ltr'><strong>nominat,</strong></span> <span class='ocrx_word' id='word_1_371' title='bbox 1487 3607 1732 3667; x_wconf 83' lang='lat' dir='ltr'><strong>apparet.</strong></span> <span class='ocrx_word' id='word_1_372' title='bbox 1763 3597 1837 3652; x_wconf 87' lang='lat' dir='ltr'><strong>lbi</strong></span> <span class='ocrx_word' id='word_1_373' title='bbox 1863 3612 2014 3652; x_wconf 83' lang='lat' dir='ltr'><strong>nam-</strong></span> 
     </span>
    </p>
   </div>
   <div class='ocr_carea' id='block_1_53' title="bbox 435 3690 2014 3762">
    <p class='ocr_par' dir='ltr' id='par_1_53' title="bbox 435 3690 2014 3762">
     <span class='ocr_line' id='line_1_53' title="bbox 435 3690 2014 3762; baseline -0.003 -15"><span class='ocrx_word' id='word_1_374' title='bbox 435 3711 541 3762; x_wconf 84' lang='lat' dir='ltr'><strong>que</strong></span> <span class='ocrx_word' id='word_1_375' title='bbox 576 3696 680 3750; x_wconf 90' lang='lat' dir='ltr'><strong>hoc</strong></span> <span class='ocrx_word' id='word_1_376' title='bbox 714 3696 918 3749; x_wconf 63' lang='lat' dir='ltr'><strong>malum</strong></span> <span class='ocrx_word' id='word_1_377' title='bbox 970 3694 1060 3748; x_wconf 92' lang='lat' dir='ltr'><strong>ille</strong></span> <span class='ocrx_word' id='word_1_378' title='bbox 1089 3708 1152 3748; x_wconf 80' lang='lat' dir='ltr'><strong>ex</strong></span> <span class='ocrx_word' id='word_1_379' title='bbox 1187 3693 1530 3761; x_wconf 77' lang='lat' dir='ltr'><strong>intelligihili°</strong></span> <span class='ocrx_word' id='word_1_380' title='bbox 1564 3692 1811 3760; x_wconf 74' lang='lat' dir='ltr'><strong>exemplo</strong></span> <span class='ocrx_word' id='word_1_381' title='bbox 1843 3690 2014 3744; x_wconf 82' lang='lat' dir='ltr'><strong>dedu-</strong></span> 
     </span>
    </p>
   </div>
   <div class='ocr_carea' id='block_1_54' title="bbox 433 3780 2016 3853">
    <p class='ocr_par' dir='ltr' id='par_1_54' title="bbox 433 3780 2016 3853">
     <span class='ocr_line' id='line_1_54' title="bbox 433 3780 2016 3853; baseline -0.006 -14"><span class='ocrx_word' id='word_1_382' title='bbox 433 3803 584 3851; x_wconf 76' lang='lat' dir='ltr'><strong>cens,</strong></span> <span class='ocrx_word' id='word_1_383' title='bbox 615 3785 838 3840; x_wconf 86' lang='lat' dir='ltr'><strong>alterius</strong></span> <span class='ocrx_word' id='word_1_384' title='bbox 869 3784 1078 3847; x_wconf 89' lang='lat' dir='ltr'><strong>mundi,</strong></span> <span class='ocrx_word' id='word_1_385' title='bbox 1109 3799 1271 3853; x_wconf 89' lang='lat' dir='ltr'><strong>quem</strong></span> <span class='ocrx_word' id='word_1_386' title='bbox 1335 3783 1608 3837; x_wconf 88' lang='lat' dir='ltr'><strong>idanieum</strong></span> <span class='ocrx_word' id='word_1_387' title='bbox 1650 3789 1827 3843; x_wconf 80' lang='lat' dir='ltr'><strong>vocat,</strong></span> <span class='ocrx_word' id='word_1_388' title='bbox 1877 3780 2016 3833; x_wconf 80' lang='lat' dir='ltr'><strong>ima-</strong></span> 
     </span>
    </p>
   </div>
   <div class='ocr_carea' id='block_1_55' title="bbox 435 3871 2012 3947">
    <p class='ocr_par' dir='ltr' id='par_1_55' title="bbox 435 3871 2012 3947">
     <span class='ocr_line' id='line_1_55' title="bbox 435 3871 2012 3947; baseline -0.005 -15"><span class='ocrx_word' id='word_1_389' title='bbox 435 3881 616 3947; x_wconf 73' lang='lat' dir='ltr'><strong>ginem</strong></span> <span class='ocrx_word' id='word_1_390' title='bbox 651 3877 804 3932; x_wconf 78' lang='lat' dir='ltr'><strong>facit.</strong></span> <span class='ocrx_word' id='word_1_391' title='bbox 851 3877 1031 3946; x_wconf 82' lang='lat' dir='ltr'><strong>Atque</strong></span> <span class='ocrx_word' id='word_1_392' title='bbox 1080 3878 1184 3932; x_wconf 90' lang='lat' dir='ltr'><strong>hoc</strong></span> <span class='ocrx_word' id='word_1_393' title='bbox 1213 3875 1432 3946; x_wconf 90' lang='lat' dir='ltr'><strong>quidem</strong></span> <span class='ocrx_word' id='word_1_394' title='bbox 1468 3883 1551 3929; x_wconf 86' lang='lat' dir='ltr'><strong>est</strong></span> <span class='ocrx_word' id='word_1_395' title='bbox 1584 3871 1919 3942; x_wconf 86' lang='lat' dir='ltr'><strong>hujusmodi.</strong></span> <span class='ocrx_word' id='word_1_396' title='bbox 1954 3871 2012 3925; x_wconf 87' lang='lat' dir='ltr'><strong>ln</strong></span> 
     </span>
    </p>
   </div>
   <div class='ocr_carea' id='block_1_56' title="bbox 432 3964 2014 4038">
    <p class='ocr_par' dir='ltr' id='par_1_56' title="bbox 432 3964 2014 4038">
     <span class='ocr_line' id='line_1_56' title="bbox 432 3964 2014 4038; baseline -0.004 -14"><span class='ocrx_word' id='word_1_397' title='bbox 432 3988 497 4024; x_wconf 85' lang='lat' dir='ltr'><strong>eo</strong></span> <span class='ocrx_word' id='word_1_398' title='bbox 536 3979 716 4024; x_wconf 85' lang='lat' dir='ltr'><strong>autem</strong></span> <span class='ocrx_word' id='word_1_399' title='bbox 751 3971 1027 4038; x_wconf 89' lang='lat' dir='ltr'><strong>quomodo</strong></span> <span class='ocrx_word' id='word_1_400' title='bbox 1059 3986 1162 4024; x_wconf 92' lang='lat' dir='ltr'><strong>non</strong></span> <span class='ocrx_word' id='word_1_401' title='bbox 1201 3970 1362 4024; x_wconf 87' lang='lat' dir='ltr'><strong>infert</strong></span> <span class='ocrx_word' id='word_1_402' title='bbox 1391 3967 1688 4038; x_wconf 72' lang='lat' dir='ltr'><strong>iniuriam?</strong></span> <span class='ocrx_word' id='word_1_403' title='bbox 1722 3965 1857 4020; x_wconf 86' lang='lat' dir='ltr'><strong>Cum</strong></span> <span class='ocrx_word' id='word_1_404' title='bbox 1895 3964 2014 4018; x_wconf 84' lang='lat' dir='ltr'><strong>Pla-</strong></span> 
     </span>
    </p>
   </div>
   <div class='ocr_carea' id='block_1_57' title="bbox 433 4058 2010 4138">
    <p class='ocr_par' dir='ltr' id='par_1_57' title="bbox 433 4058 2010 4138">
     <span class='ocr_line' id='line_1_57' title="bbox 433 4058 2010 4138; baseline -0.005 -21"><span class='ocrx_word' id='word_1_405' title='bbox 433 4064 598 4118; x_wconf 75' lang='lat' dir='ltr'><strong>tonii&#39;i</strong></span> <span class='ocrx_word' id='word_1_406' title='bbox 625 4063 894 4138; x_wconf 81' lang='lat' dir='ltr'><strong>suasillas</strong></span> <span class='ocrx_word' id='word_1_407' title='bbox 928 4064 1163 4132; x_wconf 86' lang='lat' dir='ltr'><strong>species,</strong></span> <span class='ocrx_word' id='word_1_408' title='bbox 1195 4063 1361 4117; x_wconf 84' lang='lat' dir='ltr'><strong>rebus</strong></span> <span class='ocrx_word' id='word_1_409' title='bbox 1387 4061 1573 4116; x_wconf 90' lang='lat' dir='ltr'><strong>sensui</strong></span> <span class='ocrx_word' id='word_1_410' title='bbox 1609 4058 1871 4128; x_wconf 78' lang='lat' dir='ltr'><strong>subjeCtis</strong></span> <span class='ocrx_word' id='word_1_411' title='bbox 1905 4073 2010 4110; x_wconf 93' lang='lat' dir='ltr'><strong>non</strong></span> 
     </span>
    </p>
   </div>
   <div class='ocr_carea' id='block_1_58' title="bbox 431 4152 2014 4228">
    <p class='ocr_par' dir='ltr' id='par_1_58' title="bbox 431 4152 2014 4228">
     <span class='ocr_line' id='line_1_58' title="bbox 431 4152 2014 4228; baseline -0.006 -19"><span class='ocrx_word' id='word_1_412' title='bbox 431 4172 775 4228; x_wconf 73' lang='lat' dir='ltr'><strong>synonymas,</strong></span> <span class='ocrx_word' id='word_1_413' title='bbox 810 4156 903 4211; x_wconf 87' lang='lat' dir='ltr'><strong>sed</strong></span> <span class='ocrx_word' id='word_1_414' title='bbox 939 4156 1247 4226; x_wconf 76' lang='lat' dir='ltr'><strong>aequivocas</strong></span> <span class='ocrx_word' id='word_1_415' title='bbox 1277 4169 1399 4210; x_wconf 88' lang='lat' dir='ltr'><strong>esse</strong></span> <span class='ocrx_word' id='word_1_416' title='bbox 1437 4153 1640 4208; x_wconf 87' lang='lat' dir='ltr'><strong>velint.</strong></span> <span class='ocrx_word' id='word_1_417' title='bbox 1674 4152 1787 4221; x_wconf 89' lang='lat' dir='ltr'><strong>ipse</strong></span> <span class='ocrx_word' id='word_1_418' title='bbox 1820 4161 2014 4219; x_wconf 63' lang='lat' dir='ltr'><strong>praeter</strong></span> 
     </span>
    </p>
   </div>
   <div class='ocr_carea' id='block_1_59' title="bbox 432 4248 2007 4320">
    <p class='ocr_par' dir='ltr' id='par_1_59' title="bbox 432 4248 2007 4320">
     <span class='ocr_line' id='line_1_59' title="bbox 432 4248 2007 4320; baseline -0.004 -17"><span class='ocrx_word' id='word_1_419' title='bbox 432 4251 648 4304; x_wconf 90' lang='lat' dir='ltr'><strong>illorum</strong></span> <span class='ocrx_word' id='word_1_420' title='bbox 678 4249 990 4320; x_wconf 86' lang='lat' dir='ltr'><strong>opinionem</strong></span> <span class='ocrx_word' id='word_1_421' title='bbox 1018 4258 1073 4303; x_wconf 92' lang='lat' dir='ltr'><strong>et</strong></span> <span class='ocrx_word' id='word_1_422' title='bbox 1111 4248 1446 4302; x_wconf 88' lang='lat' dir='ltr'><strong>voluntatem</strong></span> <span class='ocrx_word' id='word_1_423' title='bbox 1475 4258 1811 4314; x_wconf 82' lang='lat' dir='ltr'><strong>synonymas</strong></span> <span class='ocrx_word' id='word_1_424' title='bbox 1840 4257 2007 4296; x_wconf 83' lang='lat' dir='ltr'><strong>cona-</strong></span> 
     </span>
    </p>
   </div>
   <div class='ocr_carea' id='block_1_60' title="bbox 433 4339 2004 4410">
    <p class='ocr_par' dir='ltr' id='par_1_60' title="bbox 433 4339 2004 4410">
     <span class='ocr_line' id='line_1_60' title="bbox 433 4339 2004 4410; baseline -0.004 -16"><span class='ocrx_word' id='word_1_425' title='bbox 433 4352 521 4397; x_wconf 90' lang='lat' dir='ltr'><strong>tur</strong></span> <span class='ocrx_word' id='word_1_426' title='bbox 545 4343 853 4407; x_wconf 87' lang='lat' dir='ltr'><strong>ostendere,</strong></span> <span class='ocrx_word' id='word_1_427' title='bbox 891 4343 1050 4410; x_wconf 81' lang='lat' dir='ltr'><strong>idque</strong></span> <span class='ocrx_word' id='word_1_428' title='bbox 1076 4341 1181 4397; x_wconf 90' lang='lat' dir='ltr'><strong>hoc</strong></span> <span class='ocrx_word' id='word_1_429' title='bbox 1223 4339 1407 4394; x_wconf 89' lang='lat' dir='ltr'><strong>modo.</strong></span> <span class='ocrx_word' id='word_1_430' title='bbox 1445 4339 1535 4392; x_wconf 83' lang='lat' dir='ltr'><strong>Ait</strong></span> <span class='ocrx_word' id='word_1_431' title='bbox 1565 4339 1710 4391; x_wconf 87' lang='lat' dir='ltr'><strong>enim</strong></span> <span class='ocrx_word' id='word_1_432' title='bbox 1744 4352 1850 4390; x_wconf 92' lang='lat' dir='ltr'><strong>non</strong></span> <span class='ocrx_word' id='word_1_433' title='bbox 1885 4351 2004 4389; x_wconf 84' lang='lat' dir='ltr'><strong>eam</strong></span> 
     </span>
    </p>
   </div>
   <div class='ocr_carea' id='block_1_61' title="bbox 429 4429 2010 4502">
    <p class='ocr_par' dir='ltr' id='par_1_61' title="bbox 429 4429 2010 4502">
     <span class='ocr_line' id='line_1_61' title="bbox 429 4429 2010 4502; baseline -0.004 -14"><span class='ocrx_word' id='word_1_434' title='bbox 429 4436 499 4488; x_wconf 91' lang='lat' dir='ltr'><strong>ob</strong></span> <span class='ocrx_word' id='word_1_435' title='bbox 530 4448 774 4496; x_wconf 64' lang='lat' dir='ltr'><strong>causam,</strong></span> <span class='ocrx_word' id='word_1_436' title='bbox 819 4432 964 4502; x_wconf 89' lang='lat' dir='ltr'><strong>quod</strong></span> <span class='ocrx_word' id='word_1_437' title='bbox 1013 4432 1116 4485; x_wconf 73' lang='lat' dir='ltr'><strong>illa:</strong></span> <span class='ocrx_word' id='word_1_438' title='bbox 1163 4439 1293 4486; x_wconf 88' lang='lat' dir='ltr'><strong>sunt</strong></span> <span class='ocrx_word' id='word_1_439' title='bbox 1344 4429 1710 4496; x_wconf 77' lang='lat' dir='ltr'><strong>sempiternzn,</strong></span> <span class='ocrx_word' id='word_1_440' title='bbox 1764 4429 1846 4481; x_wconf 73' lang='lat' dir='ltr'><strong>ha:</strong></span> <span class='ocrx_word' id='word_1_441' title='bbox 1881 4441 2010 4482; x_wconf 83' lang='lat' dir='ltr'><strong>vero</strong></span> 
     </span>
    </p>
   </div>
   <div class='ocr_carea' id='block_1_62' title="bbox 2123 1941 3697 2017">
    <p class='ocr_par' dir='ltr' id='par_1_62' title="bbox 2123 1941 3697 2017">
     <span class='ocr_line' id='line_1_62' title="bbox 2123 1941 3697 2017; baseline -0.001 -18"><span class='ocrx_word' id='word_1_442' title='bbox 2123 1947 2300 2014; x_wconf 85' lang='grc' dir='ltr'>λόγος.</span> <span class='ocrx_word' id='word_1_443' title='bbox 2334 1947 2471 2017; x_wconf 81' lang='grc' dir='ltr'>Περὶ</span> <span class='ocrx_word' id='word_1_444' title='bbox 2502 1941 2578 2002; x_wconf 83' lang='grc' dir='ltr'>ὧν</span> <span class='ocrx_word' id='word_1_445' title='bbox 2606 1949 2667 2000; x_wconf 83' lang='grc' dir='ltr'>οὺ</span> <span class='ocrx_word' id='word_1_446' title='bbox 2702 1949 2951 2003; x_wconf 81' lang='grc' dir='ltr'>Πλάτωνι</span> <span class='ocrx_word' id='word_1_447' title='bbox 2985 1950 3282 2013; x_wconf 81' lang='grc' dir='ltr'>συνειπεῖν,</span> <span class='ocrx_word' id='word_1_448' title='bbox 3297 1947 3412 2001; x_wconf 79' lang='grc' dir='ltr'>ἀλλ’</span> <span class='ocrx_word' id='word_1_449' title='bbox 3449 1947 3697 2016; x_wconf 79' lang='grc' dir='ltr'>Ἀριστο-</span> 
     </span>
    </p>
   </div>
   <div class='ocr_carea' id='block_1_63' title="bbox 2123 2037 3693 2106">
    <p class='ocr_par' dir='ltr' id='par_1_63' title="bbox 2123 2037 3693 2106">
     <span class='ocr_line' id='line_1_63' title="bbox 2123 2037 3693 2106; baseline 0.001 -18"><span class='ocrx_word' id='word_1_450' title='bbox 2123 2037 2253 2106; x_wconf 79' lang='grc' dir='ltr'>τέλη</span> <span class='ocrx_word' id='word_1_451' title='bbox 2294 2039 2388 2090; x_wconf 78' lang='grc' dir='ltr'>καὶ</span> <span class='ocrx_word' id='word_1_452' title='bbox 2422 2039 2480 2090; x_wconf 80' lang='grc' dir='ltr'>ἐν</span> <span class='ocrx_word' id='word_1_453' title='bbox 2520 2037 2733 2100; x_wconf 83' lang='grc' dir='ltr'>τούτοις</span> <span class='ocrx_word' id='word_1_454' title='bbox 2763 2037 3044 2104; x_wconf 83' lang='grc' dir='ltr'>ἀποδεῖξαι</span> <span class='ocrx_word' id='word_1_455' title='bbox 3073 2038 3293 2106; x_wconf 81' lang='grc' dir='ltr'>φαύλως</span> <span class='ocrx_word' id='word_1_456' title='bbox 3322 2037 3693 2103; x_wconf 76' lang='grc' dir='ltr'>ἀντιλέγοντα,</span> 
     </span>
    </p>
   </div>
   <div class='ocr_carea' id='block_1_64' title="bbox 2123 2129 3692 2198">
    <p class='ocr_par' dir='ltr' id='par_1_64' title="bbox 2123 2129 3692 2198">
     <span class='ocr_line' id='line_1_64' title="bbox 2123 2129 3692 2198; baseline -0.001 -18"><span class='ocrx_word' id='word_1_457' title='bbox 2123 2130 2218 2180; x_wconf 76' lang='grc' dir='ltr'>καὶ</span> <span class='ocrx_word' id='word_1_458' title='bbox 2273 2129 2344 2182; x_wconf 68' lang='grc' dir='ltr'>τὰ</span> <span class='ocrx_word' id='word_1_459' title='bbox 2394 2130 2492 2198; x_wconf 86' lang='grc' dir='ltr'>μὲν</span> <span class='ocrx_word' id='word_1_460' title='bbox 2527 2129 3001 2198; x_wconf 82' lang='grc' dir='ltr'>συκοφαντοῦντα,</span> <span class='ocrx_word' id='word_1_461' title='bbox 3041 2129 3111 2182; x_wconf 75' lang='grc' dir='ltr'><strong>τὰ</strong></span> <span class='ocrx_word' id='word_1_462' title='bbox 3162 2129 3206 2182; x_wconf 85' lang='grc' dir='ltr'>δ’</span> <span class='ocrx_word' id='word_1_463' title='bbox 3234 2129 3296 2182; x_wconf 85' lang='grc' dir='ltr'><strong>ού</strong></span> <span class='ocrx_word' id='word_1_464' title='bbox 3347 2129 3692 2198; x_wconf 73' lang='grc' dir='ltr'>περαίνοντα,</span> 
     </span>
    </p>
   </div>
   <div class='ocr_carea' id='block_1_65' title="bbox 2122 2213 3696 2289">
    <p class='ocr_par' dir='ltr' id='par_1_65' title="bbox 2122 2213 3696 2289">
     <span class='ocr_line' id='line_1_65' title="bbox 2122 2213 3696 2289; baseline -0.003 -15"><span class='ocrx_word' id='word_1_465' title='bbox 2122 2221 2483 2289; x_wconf 79' lang='grc' dir='ltr'>ἀνεμέσητον,</span> <span class='ocrx_word' id='word_1_466' title='bbox 2527 2221 2650 2274; x_wconf 74' lang='grc' dir='ltr'><strong>ἐπεὶ</strong></span> <span class='ocrx_word' id='word_1_467' title='bbox 2681 2220 2774 2274; x_wconf 77' lang='grc' dir='ltr'>καὶ</span> <span class='ocrx_word' id='word_1_468' title='bbox 2809 2223 2864 2272; x_wconf 85' lang='grc' dir='ltr'>ὲν</span> <span class='ocrx_word' id='word_1_469' title='bbox 2912 2223 3020 2274; x_wconf 83' lang='grc' dir='ltr'><strong>τῶν</strong></span> <span class='ocrx_word' id='word_1_470' title='bbox 3067 2221 3376 2289; x_wconf 82' lang='grc' dir='ltr'>εἰρημένων</span> <span class='ocrx_word' id='word_1_471' title='bbox 3420 2219 3566 2271; x_wconf 76' lang='grc' dir='ltr'>ἔστιν</span> <span class='ocrx_word' id='word_1_472' title='bbox 3615 2213 3696 2280; x_wconf 76' lang='grc' dir='ltr'>οἷς</span> 
     </span>
    </p>
   </div>
   <div class='ocr_carea' id='block_1_66' title="bbox 2122 2311 3694 2385">
    <p class='ocr_par' dir='ltr' id='par_1_66' title="bbox 2122 2311 3694 2385">
     <span class='ocr_line' id='line_1_66' title="bbox 2122 2311 3694 2385; baseline -0.004 -18"><span class='ocrx_word' id='word_1_473' title='bbox 2122 2315 2276 2368; x_wconf 79' lang='grc' dir='ltr'>οὐδὲν</span> <span class='ocrx_word' id='word_1_474' title='bbox 2314 2315 2562 2366; x_wconf 83' lang='grc' dir='ltr'>Πλάτωνι</span> <span class='ocrx_word' id='word_1_475' title='bbox 2607 2315 2991 2385; x_wconf 77' lang='grc' dir='ltr'>συνειρηκότες</span> <span class='ocrx_word' id='word_1_476' title='bbox 3031 2313 3379 2383; x_wconf 84' lang='grc' dir='ltr'>Ἀριστοτέλη</span> <span class='ocrx_word' id='word_1_477' title='bbox 3421 2314 3558 2373; x_wconf 86' lang='grc' dir='ltr'>τέως</span> <span class='ocrx_word' id='word_1_478' title='bbox 3602 2311 3694 2362; x_wconf 85' lang='grc' dir='ltr'>αύ-</span> 
     </span>
    </p>
   </div>
   <div class='ocr_carea' id='block_1_67' title="bbox 2123 2400 3694 2477">
    <p class='ocr_par' dir='ltr' id='par_1_67' title="bbox 2123 2400 3694 2477">
     <span class='ocr_line' id='line_1_67' title="bbox 2123 2400 3694 2477; baseline -0.007 -15"><span class='ocrx_word' id='word_1_479' title='bbox 2123 2408 2213 2462; x_wconf 80' lang='grc' dir='ltr'><strong>τδν</strong></span> <span class='ocrx_word' id='word_1_480' title='bbox 2245 2408 2338 2476; x_wconf 78' lang='grc' dir='ltr'><strong>ὑφ’</strong></span> <span class='ocrx_word' id='word_1_481' title='bbox 2364 2405 2530 2460; x_wconf 73' lang='grc' dir='ltr'>αὑτοῦ</span> <span class='ocrx_word' id='word_1_482' title='bbox 2566 2407 3038 2477; x_wconf 78' lang='grc' dir='ltr'>περιτρεπόμενον</span> <span class='ocrx_word' id='word_1_483' title='bbox 3079 2405 3512 2472; x_wconf 80' lang='grc' dir='ltr'>ἐπιδεδείχαμεν.</span> <span class='ocrx_word' id='word_1_484' title='bbox 3544 2400 3694 2470; x_wconf 65' lang='lat' dir='ltr'><strong>“pd:-</strong></span> 
     </span>
    </p>
   </div>
   <div class='ocr_carea' id='block_1_68' title="bbox 2121 2493 3695 2569">
    <p class='ocr_par' dir='ltr' id='par_1_68' title="bbox 2121 2493 3695 2569">
     <span class='ocr_line' id='line_1_68' title="bbox 2121 2493 3695 2569; baseline -0.007 -15"><span class='ocrx_word' id='word_1_485' title='bbox 2121 2519 2212 2554; x_wconf 89' lang='grc' dir='ltr'><strong>τον</strong></span> <span class='ocrx_word' id='word_1_486' title='bbox 2246 2499 2346 2569; x_wconf 79' lang='grc' dir='ltr'>μὲν</span> <span class='ocrx_word' id='word_1_487' title='bbox 2376 2495 2469 2552; x_wconf 78' lang='grc' dir='ltr'>οὖν</span> <span class='ocrx_word' id='word_1_488' title='bbox 2497 2503 2674 2553; x_wconf 78' lang='grc' dir='ltr'>ἐκεῖνο</span> <span class='ocrx_word' id='word_1_489' title='bbox 2706 2498 2998 2566; x_wconf 75' lang='grc' dir='ltr'>ἐλεγκτέον</span> <span class='ocrx_word' id='word_1_490' title='bbox 3033 2496 3368 2566; x_wconf 75' lang='grc' dir='ltr'>ψευδόμενον</span> <span class='ocrx_word' id='word_1_491' title='bbox 3402 2493 3584 2558; x_wconf 82' lang='grc' dir='ltr'>αὐτὸν,</span> <span class='ocrx_word' id='word_1_492' title='bbox 3611 2493 3695 2545; x_wconf 83' lang='grc' dir='ltr'>ὅτι</span> 
     </span>
    </p>
   </div>
   <div class='ocr_carea' id='block_1_69' title="bbox 2121 2584 3696 2662">
    <p class='ocr_par' dir='ltr' id='par_1_69' title="bbox 2121 2584 3696 2662">
     <span class='ocr_line' id='line_1_69' title="bbox 2121 2584 3696 2662; baseline -0.006 -18"><span class='ocrx_word' id='word_1_493' title='bbox 2121 2593 2184 2661; x_wconf 80' lang='grc' dir='ltr'>δὴ</span> <span class='ocrx_word' id='word_1_494' title='bbox 2220 2593 2471 2662; x_wconf 84' lang='grc' dir='ltr'>πρώτους</span> <span class='ocrx_word' id='word_1_495' title='bbox 2507 2590 2644 2661; x_wconf 81' lang='grc' dir='ltr'>μετὰ</span> <span class='ocrx_word' id='word_1_496' title='bbox 2679 2590 2949 2660; x_wconf 79' lang='grc' dir='ltr'>Σωκράτη</span> <span class='ocrx_word' id='word_1_497' title='bbox 2985 2589 3152 2658; x_wconf 62' lang='grc' dir='ltr'>φησιν</span> <span class='ocrx_word' id='word_1_498' title='bbox 3204 2588 3365 2657; x_wconf 80' lang='grc' dir='ltr'>ἄρξαι</span> <span class='ocrx_word' id='word_1_499' title='bbox 3422 2584 3517 2639; x_wconf 90' lang='grc' dir='ltr'><strong>τοῦ</strong></span> <span class='ocrx_word' id='word_1_500' title='bbox 3569 2584 3696 2653; x_wconf 75' lang='grc' dir='ltr'>περὶ</span> 
     </span>
    </p>
   </div>
   <div class='ocr_carea' id='block_1_70' title="bbox 2121 2677 3692 2750">
    <p class='ocr_par' dir='ltr' id='par_1_70' title="bbox 2121 2677 3692 2750">
     <span class='ocr_line' id='line_1_70' title="bbox 2121 2677 3692 2750; baseline -0.005 -12"><span class='ocrx_word' id='word_1_501' title='bbox 2121 2685 2279 2738; x_wconf 79' lang='grc' dir='ltr'>εἰδῶν</span> <span class='ocrx_word' id='word_1_502' title='bbox 2311 2683 2506 2738; x_wconf 90' lang='grc' dir='ltr'>τούτου</span> <span class='ocrx_word' id='word_1_503' title='bbox 2547 2683 2732 2749; x_wconf 85' lang='grc' dir='ltr'>λόγου,</span> <span class='ocrx_word' id='word_1_504' title='bbox 2767 2684 2861 2736; x_wconf 72' lang='grc' dir='ltr'><strong>τον</strong></span> <span class='ocrx_word' id='word_1_505' title='bbox 2896 2681 3167 2735; x_wconf 83' lang='grc' dir='ltr'>Πλάτωνα</span> <span class='ocrx_word' id='word_1_506' title='bbox 3200 2681 3444 2750; x_wconf 81' lang='grc' dir='ltr'>δηλονότι</span> <span class='ocrx_word' id='word_1_507' title='bbox 3497 2677 3692 2745; x_wconf 82' lang='grc' dir='ltr'>λέγων.</span> 
     </span>
    </p>
   </div>
   <div class='ocr_carea' id='block_1_71' title="bbox 2119 2769 3695 2844">
    <p class='ocr_par' dir='ltr' id='par_1_71' title="bbox 2119 2769 3695 2844">
     <span class='ocr_line' id='line_1_71' title="bbox 2119 2769 3695 2844; baseline -0.006 -14"><span class='ocrx_word' id='word_1_508' title='bbox 2119 2778 2408 2830; x_wconf 80' lang='grc' dir='ltr'>Φαίνονται</span> <span class='ocrx_word' id='word_1_509' title='bbox 2474 2776 2530 2829; x_wconf 82' lang='grc' dir='ltr'>δὲ</span> <span class='ocrx_word' id='word_1_510' title='bbox 2581 2774 2678 2829; x_wconf 80' lang='grc' dir='ltr'>καὶ</span> <span class='ocrx_word' id='word_1_511' title='bbox 2742 2774 2850 2844; x_wconf 71' lang='grc' dir='ltr'>πρὸ</span> <span class='ocrx_word' id='word_1_512' title='bbox 2901 2775 3186 2836; x_wconf 80' lang='grc' dir='ltr'>Πλάτωνος</span> <span class='ocrx_word' id='word_1_513' title='bbox 3242 2773 3290 2824; x_wconf 91' lang='grc' dir='ltr'>οἱ</span> <span class='ocrx_word' id='word_1_514' title='bbox 3340 2769 3695 2841; x_wconf 80' lang='grc' dir='ltr'>Πυθαγόρειοι</span> 
     </span>
    </p>
   </div>
   <div class='ocr_carea' id='block_1_72' title="bbox 2120 2861 3694 2940">
    <p class='ocr_par' dir='ltr' id='par_1_72' title="bbox 2120 2861 3694 2940">
     <span class='ocr_line' id='line_1_72' title="bbox 2120 2861 3694 2940; baseline -0.006 -18"><span class='ocrx_word' id='word_1_515' title='bbox 2120 2870 2292 2940; x_wconf 82' lang='grc' dir='ltr'>ταύτῃ</span> <span class='ocrx_word' id='word_1_516' title='bbox 2337 2869 2610 2938; x_wconf 87' lang='grc' dir='ltr'>χρώμενοι</span> <span class='ocrx_word' id='word_1_517' title='bbox 2655 2870 2720 2936; x_wconf 77' lang='grc' dir='ltr'>τῇ</span> <span class='ocrx_word' id='word_1_518' title='bbox 2771 2867 2920 2937; x_wconf 75' lang='grc' dir='ltr'>δόξῃ,</span> <span class='ocrx_word' id='word_1_519' title='bbox 2973 2866 3048 2928; x_wconf 89' lang='grc' dir='ltr'><strong>ώς</strong></span> <span class='ocrx_word' id='word_1_520' title='bbox 3101 2867 3165 2918; x_wconf 83' lang='grc' dir='ltr'>ὲκ</span> <span class='ocrx_word' id='word_1_521' title='bbox 3206 2863 3301 2916; x_wconf 81' lang='grc' dir='ltr'><strong>τοῦ</strong></span> <span class='ocrx_word' id='word_1_522' title='bbox 3336 2863 3566 2932; x_wconf 77' lang='grc' dir='ltr'>Τιμαίου</span> <span class='ocrx_word' id='word_1_523' title='bbox 3602 2861 3694 2913; x_wconf 88' lang='grc' dir='ltr'><strong>τοῦ</strong></span> 
     </span>
    </p>
   </div>
   <div class='ocr_carea' id='block_1_73' title="bbox 2120 2952 3695 3030">
    <p class='ocr_par' dir='ltr' id='par_1_73' title="bbox 2120 2952 3695 3030">
     <span class='ocr_line' id='line_1_73' title="bbox 2120 2952 3695 3030; baseline -0.007 -16"><span class='ocrx_word' id='word_1_524' title='bbox 2120 2959 2331 3030; x_wconf 78' lang='grc' dir='ltr'>Λοκροῦ</span> <span class='ocrx_word' id='word_1_525' title='bbox 2365 2960 2576 3028; x_wconf 77' lang='grc' dir='ltr'>βιϐλίου</span> <span class='ocrx_word' id='word_1_526' title='bbox 2606 2959 2722 3011; x_wconf 76' lang='grc' dir='ltr'>ἔστι</span> <span class='ocrx_word' id='word_1_527' title='bbox 2754 2957 2964 3012; x_wconf 82' lang='grc' dir='ltr'>λαϐεῖν.</span> <span class='ocrx_word' id='word_1_528' title='bbox 2993 2957 3098 3009; x_wconf 76' lang='grc' dir='ltr'>Τὸν</span> <span class='ocrx_word' id='word_1_529' title='bbox 3150 2959 3258 3024; x_wconf 75' lang='grc' dir='ltr'><strong>γὰρ</strong></span> <span class='ocrx_word' id='word_1_530' title='bbox 3288 2953 3516 3023; x_wconf 79' lang='grc' dir='ltr'>οὐρανὸν</span> <span class='ocrx_word' id='word_1_531' title='bbox 3544 2952 3695 3004; x_wconf 89' lang='grc' dir='ltr'>τόνδε</span> 
     </span>
    </p>
   </div>
   <div class='ocr_carea' id='block_1_74' title="bbox 2121 3045 3694 3122">
    <p class='ocr_par' dir='ltr' id='par_1_74' title="bbox 2121 3045 3694 3122">
     <span class='ocr_line' id='line_1_74' title="bbox 2121 3045 3694 3122; baseline -0.006 -17"><span class='ocrx_word' id='word_1_532' title='bbox 2121 3054 2406 3122; x_wconf 79' lang='grc' dir='ltr'>συνίστησι</span> <span class='ocrx_word' id='word_1_533' title='bbox 2449 3051 2644 3121; x_wconf 82' lang='grc' dir='ltr'>νοητοῦ</span> <span class='ocrx_word' id='word_1_534' title='bbox 2694 3050 3141 3121; x_wconf 81' lang='grc' dir='ltr'>παραδείγματος</span> <span class='ocrx_word' id='word_1_535' title='bbox 3190 3049 3284 3102; x_wconf 93' lang='grc' dir='ltr'><strong>τοῦ</strong></span> <span class='ocrx_word' id='word_1_536' title='bbox 3337 3045 3570 3101; x_wconf 89' lang='grc' dir='ltr'>ίδανικοῦ</span> <span class='ocrx_word' id='word_1_537' title='bbox 3603 3047 3694 3098; x_wconf 75' lang='grc' dir='ltr'>κόο</span> 
     </span>
    </p>
   </div>
   <div class='ocr_carea' id='block_1_75' title="bbox 2121 3137 3695 3214">
    <p class='ocr_par' dir='ltr' id='par_1_75' title="bbox 2121 3137 3695 3214">
     <span class='ocr_line' id='line_1_75' title="bbox 2121 3137 3695 3214; baseline -0.006 -16"><span class='ocrx_word' id='word_1_538' title='bbox 2121 3163 2259 3214; x_wconf 89' lang='grc' dir='ltr'>σμου</span> <span class='ocrx_word' id='word_1_539' title='bbox 2289 3145 2494 3198; x_wconf 75' lang='grc' dir='ltr'>εἰκόνα.</span> <span class='ocrx_word' id='word_1_540' title='bbox 2520 3144 2632 3196; x_wconf 75' lang='grc' dir='ltr'><strong>Καὶ</strong></span> <span class='ocrx_word' id='word_1_541' title='bbox 2657 3144 2816 3195; x_wconf 87' lang='grc' dir='ltr'>τοῦτο</span> <span class='ocrx_word' id='word_1_542' title='bbox 2863 3144 2962 3210; x_wconf 74' lang='grc' dir='ltr'>μὲν</span> <span class='ocrx_word' id='word_1_543' title='bbox 3010 3141 3176 3194; x_wconf 87' lang='grc' dir='ltr'>οῦτω.</span> <span class='ocrx_word' id='word_1_544' title='bbox 3229 3141 3437 3193; x_wconf 86' lang='grc' dir='ltr'>Ἐκεῖνο</span> <span class='ocrx_word' id='word_1_545' title='bbox 3470 3138 3528 3190; x_wconf 84' lang='grc' dir='ltr'>δὲ</span> <span class='ocrx_word' id='word_1_546' title='bbox 3577 3137 3695 3200; x_wconf 82' lang='grc' dir='ltr'><strong>πῶς</strong></span> 
     </span>
    </p>
   </div>
   <div class='ocr_carea' id='block_1_76' title="bbox 2122 3231 3696 3304">
    <p class='ocr_par' dir='ltr' id='par_1_76' title="bbox 2122 3231 3696 3304">
     <span class='ocr_line' id='line_1_76' title="bbox 2122 3231 3696 3304; baseline -0.006 -13"><span class='ocrx_word' id='word_1_547' title='bbox 2122 3239 2222 3291; x_wconf 72' lang='grc' dir='ltr'>οὐκ</span> <span class='ocrx_word' id='word_1_548' title='bbox 2257 3237 2466 3300; x_wconf 71' lang='grc' dir='ltr'>ἀδικεῖς</span> <span class='ocrx_word' id='word_1_549' title='bbox 2501 3236 2561 3289; x_wconf 84' lang='grc' dir='ltr'><strong>ού</strong></span> <span class='ocrx_word' id='word_1_550' title='bbox 2596 3235 2890 3304; x_wconf 83' lang='grc' dir='ltr'>συνώνυμα</span> <span class='ocrx_word' id='word_1_551' title='bbox 2917 3234 3046 3304; x_wconf 58' lang='lat' dir='ltr'><strong>mw</strong></span> <span class='ocrx_word' id='word_1_552' title='bbox 3072 3233 3343 3302; x_wconf 82' lang='grc' dir='ltr'>ὁμώνυμα</span> <span class='ocrx_word' id='word_1_553' title='bbox 3367 3234 3477 3293; x_wconf 86' lang='grc' dir='ltr'>τοῖς</span> <span class='ocrx_word' id='word_1_554' title='bbox 3504 3231 3696 3298; x_wconf 84' lang='grc' dir='ltr'>αίσθη-</span> 
     </span>
    </p>
   </div>
   <div class='ocr_carea' id='block_1_77' title="bbox 2122 3319 3693 3398">
    <p class='ocr_par' dir='ltr' id='par_1_77' title="bbox 2122 3319 3693 3398">
     <span class='ocr_line' id='line_1_77' title="bbox 2122 3319 3693 3398; baseline -0.006 -14"><span class='ocrx_word' id='word_1_555' title='bbox 2122 3333 2234 3393; x_wconf 86' lang='grc' dir='ltr'>τοῖς</span> <span class='ocrx_word' id='word_1_556' title='bbox 2267 3330 2336 3383; x_wconf 80' lang='grc' dir='ltr'>τὰ</span> <span class='ocrx_word' id='word_1_557' title='bbox 2373 3331 2488 3396; x_wconf 79' lang='grc' dir='ltr'>εἴδη</span> <span class='ocrx_word' id='word_1_558' title='bbox 2517 3328 2821 3398; x_wconf 75' lang='grc' dir='ltr'>τιθεμένων</span> <span class='ocrx_word' id='word_1_559' title='bbox 2850 3327 2958 3380; x_wconf 83' lang='grc' dir='ltr'><strong>τῶν</strong></span> <span class='ocrx_word' id='word_1_560' title='bbox 2986 3345 3050 3394; x_wconf 87' lang='grc' dir='ltr'><strong>γε</strong></span> <span class='ocrx_word' id='word_1_561' title='bbox 3079 3326 3195 3395; x_wconf 84' lang='grc' dir='ltr'>εῖδη</span> <span class='ocrx_word' id='word_1_562' title='bbox 3230 3325 3527 3389; x_wconf 74' lang='grc' dir='ltr'>ἀξιούντων</span> <span class='ocrx_word' id='word_1_563' title='bbox 3554 3319 3693 3376; x_wconf 64' lang='grc' dir='ltr'>εἶναι</span> 
     </span>
    </p>
   </div>
   <div class='ocr_carea' id='block_1_78' title="bbox 2122 3414 3694 3492">
    <p class='ocr_par' dir='ltr' id='par_1_78' title="bbox 2122 3414 3694 3492">
     <span class='ocr_line' id='line_1_78' title="bbox 2122 3414 3694 3492; baseline -0.006 -16"><span class='ocrx_word' id='word_1_564' title='bbox 2122 3423 2283 3485; x_wconf 79' lang='grc' dir='ltr'>αὐτὸς</span> <span class='ocrx_word' id='word_1_565' title='bbox 2327 3423 2651 3492; x_wconf 76' lang='grc' dir='ltr'>βιαζόμενος</span> <span class='ocrx_word' id='word_1_566' title='bbox 2686 3420 2981 3489; x_wconf 86' lang='grc' dir='ltr'>συνώνυμα</span> <span class='ocrx_word' id='word_1_567' title='bbox 3014 3417 3335 3486; x_wconf 74' lang='grc' dir='ltr'>ἀποφαίνει.</span> <span class='ocrx_word' id='word_1_568' title='bbox 3368 3417 3442 3471; x_wconf 83' lang='grc' dir='ltr'><strong>Οὐ</strong></span> <span class='ocrx_word' id='word_1_569' title='bbox 3467 3415 3579 3485; x_wconf 73' lang='grc' dir='ltr'><strong>γὰρ</strong></span> <span class='ocrx_word' id='word_1_570' title='bbox 3614 3414 3694 3482; x_wconf 86' lang='grc' dir='ltr'>τῷ</span> 
     </span>
    </p>
   </div>
   <div class='ocr_carea' id='block_1_79' title="bbox 2119 3508 3693 3585">
    <p class='ocr_par' dir='ltr' id='par_1_79' title="bbox 2119 3508 3693 3585">
     <span class='ocr_line' id='line_1_79' title="bbox 2119 3508 3693 3585; baseline -0.005 -17"><span class='ocrx_word' id='word_1_571' title='bbox 2119 3515 2189 3569; x_wconf 81' lang='grc' dir='ltr'>τὰ</span> <span class='ocrx_word' id='word_1_572' title='bbox 2220 3516 2320 3585; x_wconf 84' lang='grc' dir='ltr'>μὲν</span> <span class='ocrx_word' id='word_1_573' title='bbox 2348 3518 2495 3570; x_wconf 79' lang='grc' dir='ltr'>ἀΐδια</span> <span class='ocrx_word' id='word_1_574' title='bbox 2526 3509 2689 3576; x_wconf 74' lang='grc' dir='ltr'>εἶναι,</span> <span class='ocrx_word' id='word_1_575' title='bbox 2718 3513 2873 3582; x_wconf 74' lang='grc' dir='ltr'>φησὶ,</span> <span class='ocrx_word' id='word_1_576' title='bbox 2897 3513 2963 3565; x_wconf 76' lang='grc' dir='ltr'><strong>τὰ</strong></span> <span class='ocrx_word' id='word_1_577' title='bbox 2991 3512 3046 3565; x_wconf 85' lang='grc' dir='ltr'>δὲ</span> <span class='ocrx_word' id='word_1_578' title='bbox 3069 3511 3286 3580; x_wconf 84' lang='grc' dir='ltr'>φθαρτά</span> <span class='ocrx_word' id='word_1_579' title='bbox 3308 3510 3366 3562; x_wconf 86' lang='grc' dir='ltr'><strong>ού</strong></span> <span class='ocrx_word' id='word_1_580' title='bbox 3401 3508 3693 3577; x_wconf 90' lang='grc' dir='ltr'>συνώνυμα</span> 
     </span>
    </p>
   </div>
   <div class='ocr_carea' id='block_1_80' title="bbox 2120 3602 3692 3676">
    <p class='ocr_par' dir='ltr' id='par_1_80' title="bbox 2120 3602 3692 3676">
     <span class='ocr_line' id='line_1_80' title="bbox 2120 3602 3692 3676; baseline -0.008 -14"><span class='ocrx_word' id='word_1_581' title='bbox 2120 3610 2295 3673; x_wconf 79' lang='grc' dir='ltr'>ἔσται,</span> <span class='ocrx_word' id='word_1_582' title='bbox 2320 3610 2441 3661; x_wconf 76' lang='grc' dir='ltr'>ἐπεὶ</span> <span class='ocrx_word' id='word_1_583' title='bbox 2469 3609 2642 3661; x_wconf 77' lang='grc' dir='ltr'>καὶτὸ</span> <span class='ocrx_word' id='word_1_584' title='bbox 2675 3607 3028 3676; x_wconf 76' lang='grc' dir='ltr'>πολυχρόνιον</span> <span class='ocrx_word' id='word_1_585' title='bbox 3061 3605 3253 3657; x_wconf 83' lang='grc' dir='ltr'>λευκὸν</span> <span class='ocrx_word' id='word_1_586' title='bbox 3289 3603 3368 3672; x_wconf 88' lang='grc' dir='ltr'>τῷ</span> <span class='ocrx_word' id='word_1_587' title='bbox 3403 3602 3692 3671; x_wconf 77' lang='grc' dir='ltr'>ὲφημερέῳ</span> 
     </span>
    </p>
   </div>
   <div class='ocr_carea' id='block_1_81' title="bbox 2118 3687 3688 3772">
    <p class='ocr_par' dir='ltr' id='par_1_81' title="bbox 2118 3687 3688 3772">
     <span class='ocr_line' id='line_1_81' title="bbox 2118 3687 3688 3772; baseline -0.006 -19"><span class='ocrx_word' id='word_1_588' title='bbox 2118 3701 2272 3754; x_wconf 64' lang='grc' dir='ltr'>οἰδέν</span> <span class='ocrx_word' id='word_1_589' title='bbox 2300 3687 2554 3772; x_wconf 40' lang='grc' dir='ltr'>γε’ἦττον</span> <span class='ocrx_word' id='word_1_590' title='bbox 2608 3698 2945 3767; x_wconf 90' lang='grc' dir='ltr'>συνώνυμον.</span> <span class='ocrx_word' id='word_1_591' title='bbox 2973 3696 3048 3750; x_wconf 83' lang='grc' dir='ltr'><strong>Εὖ</strong></span> <span class='ocrx_word' id='word_1_592' title='bbox 3097 3713 3184 3762; x_wconf 83' lang='grc' dir='ltr'><strong>γε,</strong></span> <span class='ocrx_word' id='word_1_593' title='bbox 3217 3690 3262 3749; x_wconf 83' lang='grc' dir='ltr'>ὧ</span> <span class='ocrx_word' id='word_1_594' title='bbox 3301 3693 3688 3763; x_wconf 83' lang='grc' dir='ltr'>Ἀριστότελες,</span> 
     </span>
    </p>
   </div>
   <div class='ocr_carea' id='block_1_82' title="bbox 2119 3787 3690 3863">
    <p class='ocr_par' dir='ltr' id='par_1_82' title="bbox 2119 3787 3690 3863">
     <span class='ocr_line' id='line_1_82' title="bbox 2119 3787 3690 3863; baseline -0.007 -17"><span class='ocrx_word' id='word_1_595' title='bbox 2119 3796 2166 3846; x_wconf 89' lang='grc' dir='ltr'><strong>εί</strong></span> <span class='ocrx_word' id='word_1_596' title='bbox 2219 3792 2296 3863; x_wconf 86' lang='grc' dir='ltr'>τῷ</span> <span class='ocrx_word' id='word_1_597' title='bbox 2344 3794 2631 3861; x_wconf 83' lang='grc' dir='ltr'>ὲφημερίῳ</span> <span class='ocrx_word' id='word_1_598' title='bbox 2665 3789 2846 3859; x_wconf 83' lang='grc' dir='ltr'>λευκῷ</span> <span class='ocrx_word' id='word_1_599' title='bbox 2881 3789 2941 3842; x_wconf 83' lang='grc' dir='ltr'>τὸ</span> <span class='ocrx_word' id='word_1_600' title='bbox 2972 3789 3326 3858; x_wconf 82' lang='grc' dir='ltr'>πολυχρόνιον</span> <span class='ocrx_word' id='word_1_601' title='bbox 3367 3787 3485 3856; x_wconf 82' lang='grc' dir='ltr'>μὲν,</span> <span class='ocrx_word' id='word_1_602' title='bbox 3521 3801 3690 3837; x_wconf 82' lang='grc' dir='ltr'>πεπε-</span> 
     </span>
    </p>
   </div>
   <div class='ocr_carea' id='block_1_83' title="bbox 2122 3879 3691 3957">
    <p class='ocr_par' dir='ltr' id='par_1_83' title="bbox 2122 3879 3691 3957">
     <span class='ocr_line' id='line_1_83' title="bbox 2122 3879 3691 3957; baseline -0.006 -17"><span class='ocrx_word' id='word_1_603' title='bbox 2122 3887 2403 3957; x_wconf 77' lang='grc' dir='ltr'>ρασμένην</span> <span class='ocrx_word' id='word_1_604' title='bbox 2436 3885 2482 3938; x_wconf 85' lang='grc' dir='ltr'>δ’</span> <span class='ocrx_word' id='word_1_605' title='bbox 2512 3887 2661 3947; x_wconf 79' lang='grc' dir='ltr'>ὅπως</span> <span class='ocrx_word' id='word_1_606' title='bbox 2684 3883 2889 3953; x_wconf 75' lang='grc' dir='ltr'>δήποτε</span> <span class='ocrx_word' id='word_1_607' title='bbox 2923 3883 3048 3951; x_wconf 81' lang='grc' dir='ltr'>ἔχον</span> <span class='ocrx_word' id='word_1_608' title='bbox 3078 3882 3178 3953; x_wconf 76' lang='grc' dir='ltr'>τὴν</span> <span class='ocrx_word' id='word_1_609' title='bbox 3214 3879 3449 3948; x_wconf 82' lang='grc' dir='ltr'>ὕπαρξιν</span> <span class='ocrx_word' id='word_1_610' title='bbox 3482 3880 3571 3935; x_wconf 79' lang='grc' dir='ltr'>καὶ</span> <span class='ocrx_word' id='word_1_611' title='bbox 3601 3879 3691 3931; x_wconf 81' lang='grc' dir='ltr'><strong>διὰ</strong></span> 
     </span>
    </p>
   </div>
   <div class='ocr_carea' id='block_1_84' title="bbox 2116 3971 3692 4044">
    <p class='ocr_par' dir='ltr' id='par_1_84' title="bbox 2116 3971 3692 4044">
     <span class='ocr_line' id='line_1_84' title="bbox 2116 3971 3692 4044; baseline -0.006 -12"><span class='ocrx_word' id='word_1_612' title='bbox 2116 3978 2274 4032; x_wconf 86' lang='grc' dir='ltr'>τοῦτο</span> <span class='ocrx_word' id='word_1_613' title='bbox 2331 3975 2648 4044; x_wconf 83' lang='grc' dir='ltr'>συμϐλητὴν</span> <span class='ocrx_word' id='word_1_614' title='bbox 2691 3975 3031 4042; x_wconf 78' lang='grc' dir='ltr'>συνώνυμον,</span> <span class='ocrx_word' id='word_1_615' title='bbox 3091 3973 3235 4026; x_wconf 88' lang='grc' dir='ltr'><strong>κατά</strong></span> <span class='ocrx_word' id='word_1_616' title='bbox 3291 3971 3449 4024; x_wconf 88' lang='grc' dir='ltr'>τοῦτο</span> <span class='ocrx_word' id='word_1_617' title='bbox 3494 3971 3588 4023; x_wconf 72' lang='grc' dir='ltr'>καὶ</span> <span class='ocrx_word' id='word_1_618' title='bbox 3629 3971 3692 4022; x_wconf 83' lang='grc' dir='ltr'>τὸ</span> 
     </span>
    </p>
   </div>
   <div class='ocr_carea' id='block_1_85' title="bbox 2117 4062 3688 4138">
    <p class='ocr_par' dir='ltr' id='par_1_85' title="bbox 2117 4062 3688 4138">
     <span class='ocr_line' id='line_1_85' title="bbox 2117 4062 3688 4138; baseline -0.004 -18"><span class='ocrx_word' id='word_1_619' title='bbox 2117 4067 2358 4138; x_wconf 83' lang='grc' dir='ltr'>φθαρτὸν</span> <span class='ocrx_word' id='word_1_620' title='bbox 2396 4067 2474 4136; x_wconf 83' lang='grc' dir='ltr'>τῷ</span> <span class='ocrx_word' id='word_1_621' title='bbox 2506 4068 2772 4136; x_wconf 81' lang='grc' dir='ltr'><strong>ἀφθάρτῳ</strong></span> <span class='ocrx_word' id='word_1_622' title='bbox 2806 4065 2902 4119; x_wconf 79' lang='grc' dir='ltr'>καὶ</span> <span class='ocrx_word' id='word_1_623' title='bbox 2935 4065 3150 4134; x_wconf 79' lang='grc' dir='ltr'>οὐδαμῆ</span> <span class='ocrx_word' id='word_1_624' title='bbox 3184 4063 3480 4134; x_wconf 88' lang='grc' dir='ltr'>συμϐλητῷ</span> <span class='ocrx_word' id='word_1_625' title='bbox 3513 4062 3688 4115; x_wconf 85' lang='grc' dir='ltr'>συνώ-</span> 
     </span>
    </p>
   </div>
   <div class='ocr_carea' id='block_1_86' title="bbox 2117 4158 3690 4232">
    <p class='ocr_par' dir='ltr' id='par_1_86' title="bbox 2117 4158 3690 4232">
     <span class='ocr_line' id='line_1_86' title="bbox 2117 4158 3690 4232; baseline -0.006 -14"><span class='ocrx_word' id='word_1_626' title='bbox 2117 4181 2284 4232; x_wconf 83' lang='grc' dir='ltr'>νυμον</span> <span class='ocrx_word' id='word_1_627' title='bbox 2310 4162 2486 4216; x_wconf 80' lang='grc' dir='ltr'>ἔσται.</span> <span class='ocrx_word' id='word_1_628' title='bbox 2533 4161 2644 4214; x_wconf 75' lang='grc' dir='ltr'><strong>Καὶ</strong></span> <span class='ocrx_word' id='word_1_629' title='bbox 2675 4160 2790 4222; x_wconf 84' lang='grc' dir='ltr'><strong>πῶς</strong></span> <span class='ocrx_word' id='word_1_630' title='bbox 2835 4177 2918 4213; x_wconf 92' lang='grc' dir='ltr'><strong>σοι</strong></span> <span class='ocrx_word' id='word_1_631' title='bbox 2948 4160 3008 4212; x_wconf 74' lang='grc' dir='ltr'><strong>τὸ</strong></span> <span class='ocrx_word' id='word_1_632' title='bbox 3045 4158 3284 4212; x_wconf 86' lang='grc' dir='ltr'>τοιοῦτον</span> <span class='ocrx_word' id='word_1_633' title='bbox 3317 4158 3690 4226; x_wconf 67' lang='grc' dir='ltr'>συμπεραίνει</span> 
     </span>
    </p>
   </div>
   <div class='ocr_carea' id='block_1_87' title="bbox 2113 4243 3690 4320">
    <p class='ocr_par' dir='ltr' id='par_1_87' title="bbox 2113 4243 3690 4320">
     <span class='ocr_line' id='line_1_87' title="bbox 2113 4243 3690 4320; baseline -0.004 -14"><span class='ocrx_word' id='word_1_634' title='bbox 2113 4271 2206 4306; x_wconf 92' lang='grc' dir='ltr'><strong>ται</strong></span> <span class='ocrx_word' id='word_1_635' title='bbox 2232 4271 2245 4319; x_wconf 90' lang='grc'><strong>;</strong></span> <span class='ocrx_word' id='word_1_636' title='bbox 2286 4243 2450 4305; x_wconf 75' lang='grc' dir='ltr'>ττόθεν</span> <span class='ocrx_word' id='word_1_637' title='bbox 2477 4250 2520 4304; x_wconf 87' lang='grc' dir='ltr'>δ’</span> <span class='ocrx_word' id='word_1_638' title='bbox 2555 4249 2759 4320; x_wconf 73' lang='grc' dir='ltr'>ἔμαθες</span> <span class='ocrx_word' id='word_1_639' title='bbox 2798 4249 3088 4318; x_wconf 69' lang='grc' dir='ltr'>συμϐλητὰ</span> <span class='ocrx_word' id='word_1_640' title='bbox 3117 4249 3489 4318; x_wconf 83' lang='grc' dir='ltr'>ἀσυμϐλήτοις</span> <span class='ocrx_word' id='word_1_641' title='bbox 3514 4265 3690 4316; x_wconf 83' lang='grc' dir='ltr'>παρα--</span> 
     </span>
    </p>
   </div>
   <div class='ocr_carea' id='block_1_88' title="bbox 2115 4340 3690 4411">
    <p class='ocr_par' dir='ltr' id='par_1_88' title="bbox 2115 4340 3690 4411">
     <span class='ocr_line' id='line_1_88' title="bbox 2115 4340 3690 4411; baseline -0.004 -14"><span class='ocrx_word' id='word_1_642' title='bbox 2115 4345 2355 4408; x_wconf 75' lang='grc' dir='ltr'>ϐάλλειν,</span> <span class='ocrx_word' id='word_1_643' title='bbox 2389 4343 2631 4397; x_wconf 80' lang='grc' dir='ltr'>κᾶπειτα</span> <span class='ocrx_word' id='word_1_644' title='bbox 2659 4341 2720 4393; x_wconf 78' lang='grc' dir='ltr'>τὸ</span> <span class='ocrx_word' id='word_1_645' title='bbox 2754 4340 3075 4410; x_wconf 81' lang='grc' dir='ltr'>συμϐαῖνον,</span> <span class='ocrx_word' id='word_1_646' title='bbox 3112 4342 3205 4392; x_wconf 76' lang='grc' dir='ltr'>ἐπὶ</span> <span class='ocrx_word' id='word_1_647' title='bbox 3235 4341 3344 4394; x_wconf 84' lang='grc' dir='ltr'>τῶν</span> <span class='ocrx_word' id='word_1_648' title='bbox 3368 4341 3690 4411; x_wconf 82' lang='grc' dir='ltr'>συμϐλητῶν</span> 
     </span>
    </p>
   </div>
   <div class='ocr_carea' id='block_1_89' title="bbox 2115 4430 3690 4501">
    <p class='ocr_par' dir='ltr' id='par_1_89' title="bbox 2115 4430 3690 4501">
     <span class='ocr_line' id='line_1_89' title="bbox 2115 4430 3690 4501; baseline -0.001 -14"><span class='ocrx_word' id='word_1_649' title='bbox 2115 4435 2253 4487; x_wconf 75' lang='grc' dir='ltr'>κάπὶ</span> <span class='ocrx_word' id='word_1_650' title='bbox 2283 4434 2391 4486; x_wconf 75' lang='grc' dir='ltr'>τῶν</span> <span class='ocrx_word' id='word_1_651' title='bbox 2442 4431 2810 4500; x_wconf 84' lang='grc' dir='ltr'>ἀσυμϐλήτων</span> <span class='ocrx_word' id='word_1_652' title='bbox 2845 4430 3052 4494; x_wconf 83' lang='grc' dir='ltr'>ἀξιοῦν,</span> <span class='ocrx_word' id='word_1_653' title='bbox 3102 4431 3454 4500; x_wconf 72' lang='grc' dir='ltr'>συμϐαίνεινς</span> <span class='ocrx_word' id='word_1_654' title='bbox 3489 4435 3537 4486; x_wconf 91' lang='grc' dir='ltr'><strong>εί</strong></span> <span class='ocrx_word' id='word_1_655' title='bbox 3581 4434 3690 4501; x_wconf 83' lang='grc' dir='ltr'>γάρ</span> 
     </span>
    </p>
   </div>
   <div class='ocr_carea' id='block_1_90' title="bbox 429 4513 2012 4601">
    <p class='ocr_par' dir='ltr' id='par_1_90' title="bbox 429 4521 2007 4590">
     <span class='ocr_line' id='line_1_90' title="bbox 429 4521 2007 4590; baseline -0.004 -12"><span class='ocrx_word' id='word_1_656' title='bbox 429 4521 768 4590; x_wconf 79' lang='lat' dir='ltr'><strong>eorruptioni</strong></span> <span class='ocrx_word' id='word_1_657' title='bbox 803 4521 1084 4590; x_wconf 59' lang='lat' dir='ltr'><strong>subjectae,</strong></span> <span class='ocrx_word' id='word_1_658' title='bbox 1116 4537 1220 4575; x_wconf 92' lang='lat' dir='ltr'><strong>non</strong></span> <span class='ocrx_word' id='word_1_659' title='bbox 1263 4521 1453 4575; x_wconf 88' lang='lat' dir='ltr'><strong>ambas</strong></span> <span class='ocrx_word' id='word_1_660' title='bbox 1480 4534 1601 4574; x_wconf 87' lang='lat' dir='ltr'><strong>esse</strong></span> <span class='ocrx_word' id='word_1_661' title='bbox 1638 4533 2007 4589; x_wconf 87' lang='lat' dir='ltr'><strong>synonymas;</strong></span> 
     </span>
    </p>
   </div>
   <div class='ocr_carea' id='block_1_91' title="bbox 2117 4513 3689 4601">
    <p class='ocr_par' dir='ltr' id='par_1_91' title="bbox 2117 4513 3689 4592">
     <span class='ocr_line' id='line_1_91' title="bbox 2117 4513 3689 4592; baseline 0 -15"><span class='ocrx_word' id='word_1_662' title='bbox 2117 4542 2197 4587; x_wconf 92' lang='grc' dir='ltr'><strong>τις</strong></span> <span class='ocrx_word' id='word_1_663' title='bbox 2232 4525 2459 4577; x_wconf 80' lang='grc' dir='ltr'>ἐκείνων</span> <span class='ocrx_word' id='word_1_664' title='bbox 2492 4522 2800 4583; x_wconf 85' lang='grc' dir='ltr'>ἀκούσειεν,</span> <span class='ocrx_word' id='word_1_665' title='bbox 2849 4513 2927 4576; x_wconf 80' lang='grc' dir='ltr'><strong>ὧν</strong></span> <span class='ocrx_word' id='word_1_666' title='bbox 2963 4525 3020 4574; x_wconf 82' lang='grc' dir='ltr'>ἐν</span> <span class='ocrx_word' id='word_1_667' title='bbox 3057 4525 3120 4592; x_wconf 83' lang='grc' dir='ltr'><strong>τῇ</strong></span> <span class='ocrx_word' id='word_1_668' title='bbox 3157 4523 3511 4592; x_wconf 80' lang='grc' dir='ltr'>ἀποδεικτικῇ</span> <span class='ocrx_word' id='word_1_669' title='bbox 3560 4529 3689 4590; x_wconf 83' lang='grc' dir='ltr'>περὶ</span> 
     </span>
    </p>
   </div>
   <div class='ocr_carea' id='block_1_92' title="bbox 431 4611 2008 4684">
    <p class='ocr_par' dir='ltr' id='par_1_92' title="bbox 431 4611 2008 4684">
     <span class='ocr_line' id='line_1_92' title="bbox 431 4611 2008 4684; baseline -0.003 -18"><span class='ocrx_word' id='word_1_670' title='bbox 431 4614 700 4684; x_wconf 84' lang='lat' dir='ltr'><strong>siquidem</strong></span> <span class='ocrx_word' id='word_1_671' title='bbox 743 4616 906 4668; x_wconf 88' lang='lat' dir='ltr'><strong>etiam</strong></span> <span class='ocrx_word' id='word_1_672' title='bbox 960 4615 1100 4682; x_wconf 75' lang='lat' dir='ltr'><strong>longi</strong></span> <span class='ocrx_word' id='word_1_673' title='bbox 1157 4612 1416 4682; x_wconf 88' lang='lat' dir='ltr'><strong>temporis</strong></span> <span class='ocrx_word' id='word_1_674' title='bbox 1457 4611 1674 4675; x_wconf 84' lang='lat' dir='ltr'><strong>albc&#39;do,</strong></span> <span class='ocrx_word' id='word_1_675' title='bbox 1710 4611 1898 4666; x_wconf 83' lang='lat' dir='ltr'><strong>eadem</strong></span> <span class='ocrx_word' id='word_1_676' title='bbox 1937 4612 2008 4665; x_wconf 89' lang='lat' dir='ltr'><strong>sit</strong></span> 
     </span>
    </p>
   </div>
   <div class='ocr_carea' id='block_1_93' title="bbox 432 4701 2007 4782">
    <p class='ocr_par' dir='ltr' id='par_1_93' title="bbox 432 4701 2007 4782">
     <span class='ocr_line' id='line_1_93' title="bbox 432 4701 2007 4782; baseline -0.004 -21"><span class='ocrx_word' id='word_1_677' title='bbox 432 4706 792 4776; x_wconf 86' lang='lat' dir='ltr'><strong>nihilominus</strong></span> <span class='ocrx_word' id='word_1_678' title='bbox 821 4715 875 4761; x_wconf 89' lang='lat' dir='ltr'><strong>ct</strong></span> <span class='ocrx_word' id='word_1_679' title='bbox 908 4707 1141 4761; x_wconf 84' lang='lat' dir='ltr'><strong>uuivoca</strong></span> <span class='ocrx_word' id='word_1_680' title='bbox 1186 4705 1422 4760; x_wconf 73' lang='lat' dir='ltr'><strong>albeiiini</strong></span> <span class='ocrx_word' id='word_1_681' title='bbox 1458 4707 1620 4782; x_wconf 88' lang='lat' dir='ltr'><strong>unius</strong></span> <span class='ocrx_word' id='word_1_682' title='bbox 1672 4704 1806 4758; x_wconf 89' lang='lat' dir='ltr'><strong>diei.</strong></span> <span class='ocrx_word' id='word_1_683' title='bbox 1841 4701 2007 4758; x_wconf 79' lang='lat' dir='ltr'><strong>Recte</strong></span> 
     </span>
    </p>
   </div>
   <div class='ocr_carea' id='block_1_94' title="bbox 431 4795 2010 4865">
    <p class='ocr_par' dir='ltr' id='par_1_94' title="bbox 431 4795 2010 4865">
     <span class='ocr_line' id='line_1_94' title="bbox 431 4795 2010 4865; baseline -0.003 -12"><span class='ocrx_word' id='word_1_684' title='bbox 431 4815 582 4862; x_wconf 72' lang='lat' dir='ltr'><strong>sane,</strong></span> <span class='ocrx_word' id='word_1_685' title='bbox 619 4813 651 4852; x_wconf 90' lang='grc' dir='ltr'><strong>ο</strong></span> <span class='ocrx_word' id='word_1_686' title='bbox 677 4798 1014 4862; x_wconf 82' lang='lat' dir='ltr'><strong>Aristoteles,</strong></span> <span class='ocrx_word' id='word_1_687' title='bbox 1048 4798 1092 4852; x_wconf 90' lang='lat' dir='ltr'><strong>si</strong></span> <span class='ocrx_word' id='word_1_688' title='bbox 1121 4796 1356 4851; x_wconf 88' lang='lat' dir='ltr'><strong>albcdini</strong></span> <span class='ocrx_word' id='word_1_689' title='bbox 1391 4797 1551 4850; x_wconf 88' lang='lat' dir='ltr'><strong>unius</strong></span> <span class='ocrx_word' id='word_1_690' title='bbox 1585 4797 1692 4850; x_wconf 88' lang='lat' dir='ltr'><strong>diei</strong></span> <span class='ocrx_word' id='word_1_691' title='bbox 1714 4838 1727 4858; x_wconf 90' lang='lat'><strong>,</strong></span> <span class='ocrx_word' id='word_1_692' title='bbox 1759 4796 1861 4852; x_wconf 86' lang='lat' dir='ltr'><strong>alia</strong></span> <span class='ocrx_word' id='word_1_693' title='bbox 1893 4795 2010 4865; x_wconf 83' lang='lat' dir='ltr'><strong>qui-</strong></span> 
     </span>
    </p>
   </div>
   <div class='ocr_carea' id='block_1_95' title="bbox 431 4889 2009 4960">
    <p class='ocr_par' dir='ltr' id='par_1_95' title="bbox 431 4889 2009 4960">
     <span class='ocr_line' id='line_1_95' title="bbox 431 4889 2009 4960; baseline -0.001 -15"><span class='ocrx_word' id='word_1_694' title='bbox 431 4893 579 4954; x_wconf 88' lang='lat' dir='ltr'><strong>dem,</strong></span> <span class='ocrx_word' id='word_1_695' title='bbox 612 4901 668 4945; x_wconf 83' lang='lat' dir='ltr'><strong>at</strong></span> <span class='ocrx_word' id='word_1_696' title='bbox 690 4891 903 4944; x_wconf 80' lang='lat' dir='ltr'><strong>ﬁnitam</strong></span> <span class='ocrx_word' id='word_1_697' title='bbox 936 4899 1116 4946; x_wconf 77' lang='lat' dir='ltr'><strong>tamen</strong></span> <span class='ocrx_word' id='word_1_698' title='bbox 1154 4891 1240 4944; x_wconf 86' lang='lat' dir='ltr'><strong>illa</strong></span> <span class='ocrx_word' id='word_1_699' title='bbox 1268 4891 1434 4944; x_wconf 85' lang='lat' dir='ltr'><strong>etiam</strong></span> <span class='ocrx_word' id='word_1_700' title='bbox 1473 4889 1882 4960; x_wconf 87' lang='lat' dir='ltr'><strong>quodammodo</strong></span> <span class='ocrx_word' id='word_1_701' title='bbox 1913 4893 2009 4944; x_wconf 88' lang='lat' dir='ltr'><strong>ha-</strong></span> 
     </span>
    </p>
   </div>
   <div class='ocr_carea' id='block_1_96' title="bbox 431 4981 2009 5053">
    <p class='ocr_par' dir='ltr' id='par_1_96' title="bbox 431 4981 2009 5053">
     <span class='ocr_line' id='line_1_96' title="bbox 431 4981 2009 5053; baseline -0.002 -17"><span class='ocrx_word' id='word_1_702' title='bbox 431 4985 565 5037; x_wconf 81' lang='lat' dir='ltr'><strong>bens</strong></span> <span class='ocrx_word' id='word_1_703' title='bbox 593 4981 1002 5038; x_wconf 67' lang='lat' dir='ltr'><strong>subsistendum</strong></span> <span class='ocrx_word' id='word_1_704' title='bbox 1033 4994 1082 5036; x_wconf 92' lang='lat' dir='ltr'><strong>et</strong></span> <span class='ocrx_word' id='word_1_705' title='bbox 1118 4991 1400 5053; x_wconf 78' lang='lat' dir='ltr'><strong>propterea</strong></span> <span class='ocrx_word' id='word_1_706' title='bbox 1430 4998 1552 5036; x_wconf 90' lang='lat' dir='ltr'><strong>cum</strong></span> <span class='ocrx_word' id='word_1_707' title='bbox 1588 4982 1755 5036; x_wconf 87' lang='lat' dir='ltr'><strong>altera</strong></span> <span class='ocrx_word' id='word_1_708' title='bbox 1788 4997 2009 5050; x_wconf 84' lang='lat' dir='ltr'><strong>compa-</strong></span> 
     </span>
    </p>
   </div>
   <div class='ocr_carea' id='block_1_97' title="bbox 432 5077 2008 5148">
    <p class='ocr_par' dir='ltr' id='par_1_97' title="bbox 432 5077 2008 5148">
     <span class='ocr_line' id='line_1_97' title="bbox 432 5077 2008 5148; baseline 0 -18"><span class='ocrx_word' id='word_1_709' title='bbox 432 5077 534 5130; x_wconf 82' lang='lat' dir='ltr'><strong>rari</strong></span> <span class='ocrx_word' id='word_1_710' title='bbox 571 5077 783 5141; x_wconf 88' lang='lat' dir='ltr'><strong>idonea,</strong></span> <span class='ocrx_word' id='word_1_711' title='bbox 814 5079 884 5132; x_wconf 92' lang='lat' dir='ltr'><strong>sit</strong></span> <span class='ocrx_word' id='word_1_712' title='bbox 907 5093 1204 5148; x_wconf 85' lang='lat' dir='ltr'><strong>synonyma</strong></span> <span class='ocrx_word' id='word_1_713' title='bbox 1235 5077 1426 5132; x_wconf 85' lang='lat' dir='ltr'><strong>eodem</strong></span> <span class='ocrx_word' id='word_1_714' title='bbox 1452 5078 1612 5132; x_wconf 88' lang='lat' dir='ltr'><strong>etiam</strong></span> <span class='ocrx_word' id='word_1_715' title='bbox 1651 5079 1813 5132; x_wconf 85' lang='lat' dir='ltr'><strong>modo</strong></span> <span class='ocrx_word' id='word_1_716' title='bbox 1859 5093 2008 5132; x_wconf 85' lang='lat' dir='ltr'><strong>mor-</strong></span> 
     </span>
    </p>
   </div>
   <div class='ocr_carea' id='block_1_98' title="bbox 432 5170 2002 5240">
    <p class='ocr_par' dir='ltr' id='par_1_98' title="bbox 432 5170 2002 5240">
     <span class='ocr_line' id='line_1_98' title="bbox 432 5170 2002 5240; baseline 0 -18"><span class='ocrx_word' id='word_1_717' title='bbox 432 5170 538 5224; x_wconf 86' lang='lat' dir='ltr'><strong>tale</strong></span> <span class='ocrx_word' id='word_1_718' title='bbox 589 5172 906 5234; x_wconf 87' lang='lat' dir='ltr'><strong>immortali,</strong></span> <span class='ocrx_word' id='word_1_719' title='bbox 959 5171 1046 5226; x_wconf 91' lang='lat' dir='ltr'><strong>cui</strong></span> <span class='ocrx_word' id='word_1_720' title='bbox 1107 5171 1238 5223; x_wconf 87' lang='lat' dir='ltr'><strong>illud</strong></span> <span class='ocrx_word' id='word_1_721' title='bbox 1296 5170 1445 5224; x_wconf 92' lang='lat' dir='ltr'><strong>nullo</strong></span> <span class='ocrx_word' id='word_1_722' title='bbox 1495 5172 1655 5225; x_wconf 90' lang='lat' dir='ltr'><strong>modo</strong></span> <span class='ocrx_word' id='word_1_723' title='bbox 1695 5171 2002 5240; x_wconf 85' lang='lat' dir='ltr'><strong>comparari</strong></span> 
     </span>
    </p>
   </div>
   <div class='ocr_carea' id='block_1_99' title="bbox 429 5248 2008 5335">
    <p class='ocr_par' dir='ltr' id='par_1_99' title="bbox 429 5248 2008 5335">
     <span class='ocr_line' id='line_1_99' title="bbox 429 5248 2008 5335; baseline 0.002 -20"><span class='ocrx_word' id='word_1_724' title='bbox 429 5248 628 5332; x_wconf 81' lang='lat' dir='ltr'><strong>potest,</strong></span> <span class='ocrx_word' id='word_1_725' title='bbox 666 5265 769 5318; x_wconf 90' lang='lat' dir='ltr'><strong>erit</strong></span> <span class='ocrx_word' id='word_1_726' title='bbox 807 5279 1188 5335; x_wconf 85' lang='lat' dir='ltr'><strong>synonymum.</strong></span> <span class='ocrx_word' id='word_1_727' title='bbox 1212 5263 1276 5318; x_wconf 85' lang='lat' dir='ltr'><strong>Et</strong></span> <span class='ocrx_word' id='word_1_728' title='bbox 1310 5279 1569 5334; x_wconf 77' lang='lat' dir='ltr'><strong>quanam,</strong></span> <span class='ocrx_word' id='word_1_729' title='bbox 1597 5281 1805 5331; x_wconf 65' lang='lat' dir='ltr'><strong>([llzi&#39;SO,</strong></span> <span class='ocrx_word' id='word_1_730' title='bbox 1834 5265 2008 5318; x_wconf 82' lang='lat' dir='ltr'><strong>fronte</strong></span> 
     </span>
    </p>
   </div>
   <div class='ocr_carea' id='block_1_100' title="bbox 366 5355 2005 5430">
    <p class='ocr_par' dir='ltr' id='par_1_100' title="bbox 366 5355 2005 5430">
     <span class='ocr_line' id='line_1_100' title="bbox 366 5355 2005 5430; baseline -0.001 -24"><span class='ocrx_word' id='word_1_731' title='bbox 366 5420 374 5430; x_wconf 36' lang='lat'><strong><em>‘</em></strong></span> <span class='ocrx_word' id='word_1_732' title='bbox 433 5358 589 5409; x_wconf 77' lang='lat' dir='ltr'><strong>talem</strong></span> <span class='ocrx_word' id='word_1_733' title='bbox 628 5356 799 5409; x_wconf 89' lang='lat' dir='ltr'><strong>nectis</strong></span> <span class='ocrx_word' id='word_1_734' title='bbox 823 5355 1274 5410; x_wconf 88' lang='lat' dir='ltr'><strong>conclusionem?</strong></span> <span class='ocrx_word' id='word_1_735' title='bbox 1305 5363 1358 5406; x_wconf 88' lang='lat' dir='ltr'><strong>et</strong></span> <span class='ocrx_word' id='word_1_736' title='bbox 1387 5355 1531 5408; x_wconf 87' lang='lat' dir='ltr'><strong>unde</strong></span> <span class='ocrx_word' id='word_1_737' title='bbox 1580 5355 1820 5409; x_wconf 77' lang='lat' dir='ltr'><strong>didicisti</strong></span> <span class='ocrx_word' id='word_1_738' title='bbox 1855 5370 2005 5408; x_wconf 71' lang='lat' dir='ltr'><strong>rom-</strong></span> 
     </span>
    </p>
   </div>
   <div class='ocr_carea' id='block_1_101' title="bbox 434 5445 2006 5516">
    <p class='ocr_par' dir='ltr' id='par_1_101' title="bbox 434 5445 2006 5516">
     <span class='ocr_line' id='line_1_101' title="bbox 434 5445 2006 5516; baseline 0.002 -21"><span class='ocrx_word' id='word_1_739' title='bbox 434 5447 697 5516; x_wconf 79' lang='lat' dir='ltr'><strong>parabilia</strong></span> <span class='ocrx_word' id='word_1_740' title='bbox 744 5462 866 5501; x_wconf 87' lang='lat' dir='ltr'><strong>cum</strong></span> <span class='ocrx_word' id='word_1_741' title='bbox 923 5447 1448 5514; x_wconf 86' lang='lat' dir='ltr'><strong>iueomparabilibus</strong></span> <span class='ocrx_word' id='word_1_742' title='bbox 1497 5445 1770 5512; x_wconf 85' lang='lat' dir='ltr'><strong>conferre,</strong></span> <span class='ocrx_word' id='word_1_743' title='bbox 1807 5446 2006 5514; x_wconf 89' lang='lat' dir='ltr'><strong>illaque</strong></span> 
     </span>
    </p>
   </div>
   <div class='ocr_carea' id='block_1_102' title="bbox 437 5537 2008 5607">
    <p class='ocr_par' dir='ltr' id='par_1_102' title="bbox 437 5537 2008 5607">
     <span class='ocr_line' id='line_1_102' title="bbox 437 5537 2008 5607; baseline 0.001 -19"><span class='ocrx_word' id='word_1_744' title='bbox 437 5538 518 5590; x_wconf 87' lang='lat' dir='ltr'><strong>his</strong></span> <span class='ocrx_word' id='word_1_745' title='bbox 548 5538 748 5592; x_wconf 85' lang='lat' dir='ltr'><strong>similia</strong></span> <span class='ocrx_word' id='word_1_746' title='bbox 782 5538 979 5603; x_wconf 84' lang='lat' dir='ltr'><strong>facere,</strong></span> <span class='ocrx_word' id='word_1_747' title='bbox 1017 5539 1182 5592; x_wconf 85' lang='lat' dir='ltr'><strong>utsic</strong></span> <span class='ocrx_word' id='word_1_748' title='bbox 1208 5539 1466 5606; x_wconf 89' lang='lat' dir='ltr'><strong>deinceps</strong></span> <span class='ocrx_word' id='word_1_749' title='bbox 1509 5537 1562 5590; x_wconf 92' lang='lat' dir='ltr'><strong>id</strong></span> <span class='ocrx_word' id='word_1_750' title='bbox 1595 5539 1737 5607; x_wconf 89' lang='lat' dir='ltr'><strong>quod</strong></span> <span class='ocrx_word' id='word_1_751' title='bbox 1788 5552 2008 5604; x_wconf 81' lang='lat' dir='ltr'><strong>compa-</strong></span> 
     </span>
    </p>
   </div>
   <div class='ocr_carea' id='block_1_103' title="bbox 438 5626 2004 5695">
    <p class='ocr_par' dir='ltr' id='par_1_103' title="bbox 438 5626 2004 5695">
     <span class='ocr_line' id='line_1_103' title="bbox 438 5626 2004 5695; baseline 0.003 -20"><span class='ocrx_word' id='word_1_752' title='bbox 438 5628 704 5681; x_wconf 82' lang='lat' dir='ltr'><strong>rabilibus</strong></span> <span class='ocrx_word' id='word_1_753' title='bbox 749 5627 970 5690; x_wconf 77' lang='lat' dir='ltr'><strong>accidit,</strong></span> <span class='ocrx_word' id='word_1_754' title='bbox 1006 5628 1291 5681; x_wconf 79' lang='lat' dir='ltr'><strong>existimes</strong></span> <span class='ocrx_word' id='word_1_755' title='bbox 1321 5626 1840 5695; x_wconf 83' lang='lat' dir='ltr'><strong>incomparabilihus</strong></span> <span class='ocrx_word' id='word_1_756' title='bbox 1875 5626 2004 5679; x_wconf 87' lang='lat' dir='ltr'><strong>item</strong></span> 
     </span>
    </p>
   </div>
   <div class='ocr_carea' id='block_1_104' title="bbox 440 5717 2003 5788">
    <p class='ocr_par' dir='ltr' id='par_1_104' title="bbox 440 5717 2003 5788">
     <span class='ocr_line' id='line_1_104' title="bbox 440 5717 2003 5788; baseline 0.003 -22"><span class='ocrx_word' id='word_1_757' title='bbox 440 5717 792 5788; x_wconf 69' lang='lat' dir='ltr'><strong>t&#39;ottlittgcre?</strong></span> <span class='ocrx_word' id='word_1_758' title='bbox 822 5719 1114 5771; x_wconf 83' lang='lat' dir='ltr'><strong>Enimvero</strong></span> <span class='ocrx_word' id='word_1_759' title='bbox 1135 5717 1406 5787; x_wconf 72' lang='lat' dir='ltr'><strong>quispiam</strong></span> <span class='ocrx_word' id='word_1_760' title='bbox 1433 5731 1553 5771; x_wconf 89' lang='lat' dir='ltr'><strong>tuas</strong></span> <span class='ocrx_word' id='word_1_761' title='bbox 1583 5718 1702 5770; x_wconf 86' lang='lat' dir='ltr'><strong>illas</strong></span> <span class='ocrx_word' id='word_1_762' title='bbox 1728 5717 1871 5787; x_wconf 81' lang='lat' dir='ltr'><strong>leges</strong></span> <span class='ocrx_word' id='word_1_763' title='bbox 1898 5734 2003 5771; x_wconf 83' lang='lat' dir='ltr'><strong>non</strong></span> 
     </span>
    </p>
   </div>
   <div class='ocr_carea' id='block_1_105' title="bbox 441 5808 1976 5878">
    <p class='ocr_par' dir='ltr' id='par_1_105' title="bbox 441 5808 1976 5878">
     <span class='ocr_line' id='line_1_105' title="bbox 441 5808 1976 5878; baseline 0.005 -22"><span class='ocrx_word' id='word_1_764' title='bbox 441 5808 731 5863; x_wconf 68' lang='lat' dir='ltr'><strong>audivisset</strong></span> <span class='ocrx_word' id='word_1_765' title='bbox 763 5849 774 5873; x_wconf 85' lang='lat'><strong>,</strong></span> <span class='ocrx_word' id='word_1_766' title='bbox 822 5826 955 5878; x_wconf 77' lang='lat' dir='ltr'><strong>quas</strong></span> <span class='ocrx_word' id='word_1_767' title='bbox 997 5811 1110 5877; x_wconf 88' lang='lat' dir='ltr'><strong>ipsc</strong></span> <span class='ocrx_word' id='word_1_768' title='bbox 1143 5811 1198 5863; x_wconf 85' lang='lat' dir='ltr'><strong>in</strong></span> <span class='ocrx_word' id='word_1_769' title='bbox 1237 5809 1518 5878; x_wconf 71' lang='lat' dir='ltr'><strong>analyticis</strong></span> <span class='ocrx_word' id='word_1_770' title='bbox 1563 5809 1628 5864; x_wconf 85' lang='lat' dir='ltr'><strong>de</strong></span> <span class='ocrx_word' id='word_1_771' title='bbox 1661 5809 1864 5863; x_wconf 78' lang='lat' dir='ltr'><strong>ratione.</strong></span> <span class='ocrx_word' id='word_1_772' title='bbox 1898 5809 1976 5863; x_wconf 74' lang='lat' dir='ltr'><strong>dr-</strong></span> 
     </span>
    </p>
   </div>
   <div class='ocr_carea' id='block_1_106' title="bbox 2117 4613 3687 4687">
    <p class='ocr_par' dir='ltr' id='par_1_106' title="bbox 2117 4613 3687 4687">
     <span class='ocr_line' id='line_1_106' title="bbox 2117 4613 3687 4687; baseline -0.002 -17"><span class='ocrx_word' id='word_1_773' title='bbox 2117 4617 2451 4683; x_wconf 76' lang='grc' dir='ltr'>ἀποδείξεως</span> <span class='ocrx_word' id='word_1_774' title='bbox 2473 4616 2825 4687; x_wconf 77' lang='grc' dir='ltr'>ἀκριϐολογῇ,</span> <span class='ocrx_word' id='word_1_775' title='bbox 2851 4613 2912 4667; x_wconf 83' lang='grc' dir='ltr'><strong>οῦ</strong></span> <span class='ocrx_word' id='word_1_776' title='bbox 2945 4615 3064 4667; x_wconf 85' lang='grc' dir='ltr'>ποτ’</span> <span class='ocrx_word' id='word_1_777' title='bbox 3091 4618 3155 4669; x_wconf 81' lang='grc' dir='ltr'>ἄν</span> <span class='ocrx_word' id='word_1_778' title='bbox 3179 4633 3236 4668; x_wconf 90' lang='grc' dir='ltr'><strong>σε</strong></span> <span class='ocrx_word' id='word_1_779' title='bbox 3268 4617 3500 4686; x_wconf 80' lang='grc' dir='ltr'>οἰηθείη,</span> <span class='ocrx_word' id='word_1_780' title='bbox 3519 4615 3687 4680; x_wconf 85' lang='grc' dir='ltr'>οῦτως</span> 
     </span>
    </p>
   </div>
   <div class='ocr_carea' id='block_1_107' title="bbox 2113 4704 3687 4778">
    <p class='ocr_par' dir='ltr' id='par_1_107' title="bbox 2113 4704 3687 4778">
     <span class='ocr_line' id='line_1_107' title="bbox 2113 4704 3687 4778; baseline -0.001 -18"><span class='ocrx_word' id='word_1_781' title='bbox 2113 4707 2339 4778; x_wconf 67' lang='grc' dir='ltr'>ψυχρῶς</span> <span class='ocrx_word' id='word_1_782' title='bbox 2367 4707 2532 4758; x_wconf 76' lang='grc' dir='ltr'>αὑτὸν</span> <span class='ocrx_word' id='word_1_783' title='bbox 2565 4705 2660 4757; x_wconf 75' lang='grc' dir='ltr'>καὶ</span> <span class='ocrx_word' id='word_1_784' title='bbox 2701 4704 2921 4774; x_wconf 74' lang='grc' dir='ltr'>φαύλως</span> <span class='ocrx_word' id='word_1_785' title='bbox 2951 4704 3239 4770; x_wconf 82' lang='grc' dir='ltr'>ἀνέξεσθαι</span> <span class='ocrx_word' id='word_1_786' title='bbox 3265 4704 3537 4758; x_wconf 82' lang='grc' dir='ltr'>δεικνύναι</span> <span class='ocrx_word' id='word_1_787' title='bbox 3561 4706 3687 4776; x_wconf 78' lang='grc' dir='ltr'>περὶ</span> 
     </span>
    </p>
   </div>
   <div class='ocr_carea' id='block_1_108' title="bbox 2114 4797 3687 4868">
    <p class='ocr_par' dir='ltr' id='par_1_108' title="bbox 2114 4797 3687 4868">
     <span class='ocr_line' id='line_1_108' title="bbox 2114 4797 3687 4868; baseline -0.003 -14"><span class='ocrx_word' id='word_1_788' title='bbox 2114 4803 2238 4854; x_wconf 80' lang='grc' dir='ltr'>ὅτου</span> <span class='ocrx_word' id='word_1_789' title='bbox 2275 4801 2341 4856; x_wconf 68' lang='grc' dir='ltr'>ἂν</span> <span class='ocrx_word' id='word_1_790' title='bbox 2380 4798 2622 4868; x_wconf 77' lang='grc' dir='ltr'>πρόθοιο.</span> <span class='ocrx_word' id='word_1_791' title='bbox 2660 4797 2854 4866; x_wconf 82' lang='grc' dir='ltr'>Ἡμεῖς</span> <span class='ocrx_word' id='word_1_792' title='bbox 2886 4797 2942 4849; x_wconf 78' lang='grc' dir='ltr'>δέ</span> <span class='ocrx_word' id='word_1_793' title='bbox 2973 4814 3034 4864; x_wconf 90' lang='grc' dir='ltr'><strong>γε</strong></span> <span class='ocrx_word' id='word_1_794' title='bbox 3105 4798 3262 4865; x_wconf 83' lang='grc' dir='ltr'>ῖσμεν</span> <span class='ocrx_word' id='word_1_795' title='bbox 3298 4798 3395 4866; x_wconf 81' lang='grc' dir='ltr'>μὲν</span> <span class='ocrx_word' id='word_1_796' title='bbox 3429 4798 3687 4867; x_wconf 80' lang='grc' dir='ltr'>ὁμώνυμα</span> 
     </span>
    </p>
   </div>
   <div class='ocr_carea' id='block_1_109' title="bbox 2113 4887 3683 4960">
    <p class='ocr_par' dir='ltr' id='par_1_109' title="bbox 2113 4887 3683 4960">
     <span class='ocr_line' id='line_1_109' title="bbox 2113 4887 3683 4960; baseline -0.005 -12"><span class='ocrx_word' id='word_1_797' title='bbox 2113 4897 2226 4956; x_wconf 81' lang='grc' dir='ltr'>τοῖς</span> <span class='ocrx_word' id='word_1_798' title='bbox 2284 4890 2567 4960; x_wconf 80' lang='grc' dir='ltr'>αἰσθητοῖς</span> <span class='ocrx_word' id='word_1_799' title='bbox 2624 4892 2750 4951; x_wconf 52' lang='grc' dir='ltr'>τοὺς</span> <span class='ocrx_word' id='word_1_800' title='bbox 2788 4891 2856 4940; x_wconf 78' lang='grc' dir='ltr'>τὰ</span> <span class='ocrx_word' id='word_1_801' title='bbox 2908 4888 3023 4958; x_wconf 82' lang='grc' dir='ltr'>εἴδη</span> <span class='ocrx_word' id='word_1_802' title='bbox 3075 4888 3394 4957; x_wconf 74' lang='grc' dir='ltr'>τιθεμένους</span> <span class='ocrx_word' id='word_1_803' title='bbox 3442 4887 3579 4942; x_wconf 80' lang='grc' dir='ltr'>εἶναί</span> <span class='ocrx_word' id='word_1_804' title='bbox 3628 4906 3683 4940; x_wconf 91' lang='grc' dir='ltr'><strong>τε</strong></span> 
     </span>
    </p>
   </div>
   <div class='ocr_carea' id='block_1_110' title="bbox 2113 4980 3684 5052">
    <p class='ocr_par' dir='ltr' id='par_1_110' title="bbox 2113 4980 3684 5052">
     <span class='ocr_line' id='line_1_110' title="bbox 2113 4980 3684 5052; baseline -0.003 -15"><span class='ocrx_word' id='word_1_805' title='bbox 2113 4984 2402 5052; x_wconf 81' lang='grc' dir='ltr'>ἀξιοῦντας</span> <span class='ocrx_word' id='word_1_806' title='bbox 2435 4983 2531 5036; x_wconf 77' lang='grc' dir='ltr'>καὶ</span> <span class='ocrx_word' id='word_1_807' title='bbox 2558 4980 2885 5042; x_wconf 84' lang='grc' dir='ltr'>καλοῦντας.</span> <span class='ocrx_word' id='word_1_808' title='bbox 2914 4981 2988 5032; x_wconf 73' lang='grc' dir='ltr'><strong>Οὐ</strong></span> <span class='ocrx_word' id='word_1_809' title='bbox 3018 4981 3124 5050; x_wconf 82' lang='grc' dir='ltr'>μὴν</span> <span class='ocrx_word' id='word_1_810' title='bbox 3152 4980 3288 5033; x_wconf 82' lang='grc' dir='ltr'><strong>ἀλλά</strong></span> <span class='ocrx_word' id='word_1_811' title='bbox 3325 4983 3415 5034; x_wconf 80' lang='grc' dir='ltr'>καὶ</span> <span class='ocrx_word' id='word_1_812' title='bbox 3439 4981 3684 5048; x_wconf 81' lang='grc' dir='ltr'>δείξομεν</span> 
     </span>
    </p>
   </div>
   <div class='ocr_carea' id='block_1_111' title="bbox 2112 5067 3683 5144">
    <p class='ocr_par' dir='ltr' id='par_1_111' title="bbox 2112 5067 3683 5144">
     <span class='ocr_line' id='line_1_111' title="bbox 2112 5067 3683 5144; baseline -0.004 -12"><span class='ocrx_word' id='word_1_813' title='bbox 2112 5079 2222 5132; x_wconf 77' lang='grc' dir='ltr'>οὐδ’</span> <span class='ocrx_word' id='word_1_814' title='bbox 2251 5078 2423 5140; x_wconf 77' lang='grc' dir='ltr'>ἄλλως</span> <span class='ocrx_word' id='word_1_815' title='bbox 2471 5076 2589 5128; x_wconf 76' lang='grc' dir='ltr'>ἐνὸν</span> <span class='ocrx_word' id='word_1_816' title='bbox 2640 5073 2780 5126; x_wconf 84' lang='grc' dir='ltr'><strong>αύτά</strong></span> <span class='ocrx_word' id='word_1_817' title='bbox 2815 5072 3062 5125; x_wconf 87' lang='grc' dir='ltr'>τίθεσθαι</span> <span class='ocrx_word' id='word_1_818' title='bbox 3101 5073 3159 5139; x_wconf 65' lang='lat' dir='ltr'><strong>es</strong></span> <span class='ocrx_word' id='word_1_819' title='bbox 3182 5067 3364 5144; x_wconf 83' lang='grc' dir='ltr'>ὦνπερ</span> <span class='ocrx_word' id='word_1_820' title='bbox 3406 5075 3683 5126; x_wconf 81' lang='grc' dir='ltr'>ὑποτίθεν-</span> 
     </span>
    </p>
   </div>
   <div class='ocr_carea' id='block_1_112' title="bbox 2113 5167 3685 5238">
    <p class='ocr_par' dir='ltr' id='par_1_112' title="bbox 2113 5167 3685 5238">
     <span class='ocr_line' id='line_1_112' title="bbox 2113 5167 3685 5238; baseline -0.003 -16"><span class='ocrx_word' id='word_1_821' title='bbox 2113 5187 2225 5224; x_wconf 87' lang='grc' dir='ltr'>ται.</span> <span class='ocrx_word' id='word_1_822' title='bbox 2278 5169 2708 5238; x_wconf 85' lang='grc' dir='ltr'>Παραδείγματα</span> <span class='ocrx_word' id='word_1_823' title='bbox 2739 5169 2846 5236; x_wconf 86' lang='grc' dir='ltr'><strong>γὰρ</strong></span> <span class='ocrx_word' id='word_1_824' title='bbox 2879 5167 3102 5220; x_wconf 76' lang='grc' dir='ltr'>εἰκόνων</span> <span class='ocrx_word' id='word_1_825' title='bbox 3136 5167 3245 5218; x_wconf 85' lang='grc' dir='ltr'>τῶν</span> <span class='ocrx_word' id='word_1_826' title='bbox 3306 5167 3583 5238; x_wconf 64' lang='grc' dir='ltr'>αἰσθητῶν</span> <span class='ocrx_word' id='word_1_827' title='bbox 3618 5167 3685 5218; x_wconf 74' lang='grc' dir='ltr'><strong>τὰ</strong></span> 
     </span>
    </p>
   </div>
   <div class='ocr_carea' id='block_1_113' title="bbox 2112 5259 3685 5330">
    <p class='ocr_par' dir='ltr' id='par_1_113' title="bbox 2112 5259 3685 5330">
     <span class='ocr_line' id='line_1_113' title="bbox 2112 5259 3685 5330; baseline -0.003 -18"><span class='ocrx_word' id='word_1_828' title='bbox 2112 5261 2278 5330; x_wconf 80' lang='grc' dir='ltr'>νοητᾶ</span> <span class='ocrx_word' id='word_1_829' title='bbox 2329 5261 2697 5313; x_wconf 82' lang='grc' dir='ltr'>ὑποτίθενται.</span> <span class='ocrx_word' id='word_1_830' title='bbox 2753 5260 2952 5311; x_wconf 82' lang='grc' dir='ltr'>Είκόνα</span> <span class='ocrx_word' id='word_1_831' title='bbox 3005 5259 3074 5313; x_wconf 77' lang='grc' dir='ltr'>δὲ</span> <span class='ocrx_word' id='word_1_832' title='bbox 3112 5260 3520 5330; x_wconf 79' lang='grc' dir='ltr'>παραδείγματι</span> <span class='ocrx_word' id='word_1_833' title='bbox 3572 5259 3685 5320; x_wconf 84' lang='grc' dir='ltr'><strong>πῶς</strong></span> 
     </span>
    </p>
   </div>
   <div class='ocr_carea' id='block_1_114' title="bbox 2049 5346 3686 5419">
    <p class='ocr_par' dir='ltr' id='par_1_114' title="bbox 2049 5346 3686 5419">
     <span class='ocr_line' id='line_1_114' title="bbox 2049 5346 3686 5419; baseline -0.002 -14"><span class='ocrx_word' id='word_1_834' title='bbox 2049 5352 2053 5356; x_wconf 59' lang='grc'><strong><em>⁷</em></strong></span> <span class='ocrx_word' id='word_1_835' title='bbox 2112 5353 2177 5405; x_wconf 84' lang='grc' dir='ltr'>ἄν</span> <span class='ocrx_word' id='word_1_836' title='bbox 2209 5368 2294 5413; x_wconf 87' lang='grc' dir='ltr'><strong>τις</strong></span> <span class='ocrx_word' id='word_1_837' title='bbox 2350 5349 2662 5419; x_wconf 79' lang='grc' dir='ltr'>συνώνυμον</span> <span class='ocrx_word' id='word_1_838' title='bbox 2717 5346 2860 5402; x_wconf 84' lang='grc' dir='ltr'>εἶναι</span> <span class='ocrx_word' id='word_1_839' title='bbox 2904 5349 3209 5414; x_wconf 83' lang='grc' dir='ltr'>ἀξιώσειεν,</span> <span class='ocrx_word' id='word_1_840' title='bbox 3263 5353 3313 5403; x_wconf 87' lang='grc' dir='ltr'><strong>εί</strong></span> <span class='ocrx_word' id='word_1_841' title='bbox 3365 5350 3441 5419; x_wconf 77' lang='grc' dir='ltr'>μὴ</span> <span class='ocrx_word' id='word_1_842' title='bbox 3469 5351 3564 5403; x_wconf 72' lang='grc' dir='ltr'><strong>καὶ</strong></span> <span class='ocrx_word' id='word_1_843' title='bbox 3597 5351 3686 5402; x_wconf 71' lang='grc' dir='ltr'>τὸν</span> 
     </span>
    </p>
   </div>
   <div class='ocr_carea' id='block_1_115' title="bbox 2111 5440 3688 5510">
    <p class='ocr_par' dir='ltr' id='par_1_115' title="bbox 2111 5440 3688 5510">
     <span class='ocr_line' id='line_1_115' title="bbox 2111 5440 3688 5510; baseline 0 -17"><span class='ocrx_word' id='word_1_844' title='bbox 2111 5441 2407 5510; x_wconf 79' lang='grc' dir='ltr'>ἀνδριάντα</span> <span class='ocrx_word' id='word_1_845' title='bbox 2441 5441 2532 5493; x_wconf 77' lang='grc' dir='ltr'>τὸν</span> <span class='ocrx_word' id='word_1_846' title='bbox 2563 5440 2881 5508; x_wconf 79' lang='grc' dir='ltr'>Λυσάνδρου</span> <span class='ocrx_word' id='word_1_847' title='bbox 2909 5440 2988 5509; x_wconf 84' lang='grc' dir='ltr'>τῷ</span> <span class='ocrx_word' id='word_1_848' title='bbox 3032 5441 3334 5510; x_wconf 82' lang='grc' dir='ltr'>Λυσάνδρῳ</span> <span class='ocrx_word' id='word_1_849' title='bbox 3372 5444 3688 5510; x_wconf 83' lang='grc' dir='ltr'>συνώνυμον</span> 
     </span>
    </p>
   </div>
   <div class='ocr_carea' id='block_1_116' title="bbox 2110 5531 3680 5602">
    <p class='ocr_par' dir='ltr' id='par_1_116' title="bbox 2110 5531 3680 5602">
     <span class='ocr_line' id='line_1_116' title="bbox 2110 5531 3680 5602; baseline 0.001 -19"><span class='ocrx_word' id='word_1_850' title='bbox 2110 5531 2253 5585; x_wconf 79' lang='grc' dir='ltr'>εἶναι</span> <span class='ocrx_word' id='word_1_851' title='bbox 2286 5533 2560 5597; x_wconf 84' lang='grc' dir='ltr'>ἀξιώσειε,</span> <span class='ocrx_word' id='word_1_852' title='bbox 2589 5533 2683 5584; x_wconf 74' lang='grc' dir='ltr'>καὶ</span> <span class='ocrx_word' id='word_1_853' title='bbox 2735 5533 2826 5584; x_wconf 81' lang='grc' dir='ltr'>τὸν</span> <span class='ocrx_word' id='word_1_854' title='bbox 2870 5531 3206 5602; x_wconf 82' lang='grc' dir='ltr'>Ἡρακλέους</span> <span class='ocrx_word' id='word_1_855' title='bbox 3250 5533 3326 5602; x_wconf 84' lang='grc' dir='ltr'>τῷ</span> <span class='ocrx_word' id='word_1_856' title='bbox 3384 5533 3680 5602; x_wconf 73' lang='grc' dir='ltr'>Ἧρακλεῖ;</span> 
     </span>
    </p>
   </div>
   <div class='ocr_carea' id='block_1_117' title="bbox 2125 5623 3684 5695">
    <p class='ocr_par' dir='ltr' id='par_1_117' title="bbox 2125 5623 3684 5695">
     <span class='ocr_line' id='line_1_117' title="bbox 2125 5623 3684 5695; baseline -0.001 -17"><span class='ocrx_word' id='word_1_857' title='bbox 2125 5625 2298 5689; x_wconf 78' lang='grc' dir='ltr'>Ἀλλὰ,</span> <span class='ocrx_word' id='word_1_858' title='bbox 2333 5625 2500 5693; x_wconf 74' lang='grc' dir='ltr'>φησὶν</span> <span class='ocrx_word' id='word_1_859' title='bbox 2519 5624 2570 5676; x_wconf 80' lang='grc' dir='ltr'><strong>’Λ</strong></span> <span class='ocrx_word' id='word_1_860' title='bbox 2585 5623 2923 5692; x_wconf 82' lang='grc' dir='ltr'>ριστοτέλης,</span> <span class='ocrx_word' id='word_1_861' title='bbox 2952 5624 3092 5678; x_wconf 85' lang='grc' dir='ltr'><strong>κατά</strong></span> <span class='ocrx_word' id='word_1_862' title='bbox 3119 5642 3181 5692; x_wconf 86' lang='grc' dir='ltr'><strong>γε</strong></span> <span class='ocrx_word' id='word_1_863' title='bbox 3219 5627 3325 5695; x_wconf 83' lang='grc' dir='ltr'>γὰρ</span> <span class='ocrx_word' id='word_1_864' title='bbox 3354 5627 3476 5687; x_wconf 72' lang='grc' dir='ltr'>τοὺς</span> <span class='ocrx_word' id='word_1_865' title='bbox 3496 5626 3684 5692; x_wconf 79' lang='grc' dir='ltr'>λόγους</span> 
     </span>
    </p>
   </div>
   <div class='ocr_carea' id='block_1_118' title="bbox 2113 5714 3682 5784">
    <p class='ocr_par' dir='ltr' id='par_1_118' title="bbox 2113 5714 3682 5784">
     <span class='ocr_line' id='line_1_118' title="bbox 2113 5714 3682 5784; baseline -0.001 -17"><span class='ocrx_word' id='word_1_866' title='bbox 2113 5717 2235 5778; x_wconf 71' lang='grc' dir='ltr'>τοὺς</span> <span class='ocrx_word' id='word_1_867' title='bbox 2272 5717 2377 5766; x_wconf 82' lang='grc' dir='ltr'>τῶν</span> <span class='ocrx_word' id='word_1_868' title='bbox 2403 5715 2754 5782; x_wconf 79' lang='grc' dir='ltr'>ἐπιστημῶν,</span> <span class='ocrx_word' id='word_1_869' title='bbox 2799 5714 2954 5766; x_wconf 88' lang='grc' dir='ltr'>ἕσται</span> <span class='ocrx_word' id='word_1_870' title='bbox 2988 5715 3099 5784; x_wconf 77' lang='grc' dir='ltr'>εἴδη</span> <span class='ocrx_word' id='word_1_871' title='bbox 3147 5719 3365 5768; x_wconf 82' lang='grc' dir='ltr'>πάντων</span> <span class='ocrx_word' id='word_1_872' title='bbox 3407 5717 3545 5769; x_wconf 82' lang='grc' dir='ltr'>ὅσων</span> <span class='ocrx_word' id='word_1_873' title='bbox 3581 5733 3682 5782; x_wconf 79' lang='grc' dir='ltr'>περ</span> 
     </span>
    </p>
   </div>
   <div class='ocr_carea' id='block_1_119' title="bbox 2113 5807 3678 5877">
    <p class='ocr_par' dir='ltr' id='par_1_119' title="bbox 2113 5807 3678 5877">
     <span class='ocr_line' id='line_1_119' title="bbox 2113 5807 3678 5877; baseline -0.001 -16"><span class='ocrx_word' id='word_1_874' title='bbox 2113 5811 2205 5862; x_wconf 67' lang='grc' dir='ltr'>καὶ</span> <span class='ocrx_word' id='word_1_875' title='bbox 2231 5808 2531 5877; x_wconf 72' lang='grc' dir='ltr'>ἐπιστῆμαί</span> <span class='ocrx_word' id='word_1_876' title='bbox 2565 5809 2691 5874; x_wconf 77' lang='grc' dir='ltr'>εἰσι,</span> <span class='ocrx_word' id='word_1_877' title='bbox 2726 5807 2817 5859; x_wconf 79' lang='grc' dir='ltr'>καὶ</span> <span class='ocrx_word' id='word_1_878' title='bbox 2856 5808 2996 5860; x_wconf 72' lang='grc' dir='ltr'>κατὰ</span> <span class='ocrx_word' id='word_1_879' title='bbox 3029 5809 3087 5860; x_wconf 86' lang='grc' dir='ltr'>τὸ</span> <span class='ocrx_word' id='word_1_880' title='bbox 3126 5809 3180 5861; x_wconf 75' lang='grc' dir='ltr'>ἓν</span> <span class='ocrx_word' id='word_1_881' title='bbox 3210 5810 3298 5861; x_wconf 41' lang='lat' dir='ltr'><strong>eo.</strong></span> <span class='ocrx_word' id='word_1_882' title='bbox 3331 5809 3557 5873; x_wconf 74' lang='grc' dir='ltr'>πολλῶν,</span> <span class='ocrx_word' id='word_1_883' title='bbox 3589 5811 3678 5861; x_wconf 67' lang='grc' dir='ltr'><strong>καί</strong></span> 
     </span>
    </p>
   </div>
   <div class='ocr_carea' id='block_1_120' title="bbox 2599 6015 2629 6043">
    <p class='ocr_par' dir='ltr' id='par_1_120' title="bbox 2599 6015 2629 6043">
     <span class='ocr_line' id='line_1_120' title="bbox 2599 6015 2629 6043; baseline 0 0"><span class='ocrx_word' id='word_1_884' title='bbox 2599 6015 2629 6043; x_wconf 62' lang='grc' dir='ltr'><strong>δ</strong></span> 
     </span>
    </p>
   </div>
  </div>
