4078 6404
427 350 527 415 921

1108 358 1208 419 DE
1244 360 1678 426 PLATONICA
1718 367 1815 429 ET
1855 368 2428 435 ARISTOTELICA
2471 376 3006 438 PHILOSOPHIA

3574 379 3683 441 922

427 466 683 560 περιέχον
703 465 789 560 ’τὰ
822 468 910 560 τῷᾼ
930 470 1055 560 τῇδε
1085 473 1305 546 ἀριθμῷ
1344 479 1780 553 διακεκριμένως
1809 484 1869 538 τε
1904 480 2002 541 καὶ

2107 486 2243 543 beri.
2275 487 2557 558 Siquidem
2590 490 2863 558 ejusmodi
2918 492 3157 560 plurium
3216 507 3504 548 causarum
3549 510 3683 549 eon-

427 555 553 610 καθ’
583 556 726 609 αὐτὰ
762 558 1159 628 συμϐαίνοντα.
1193 567 1306 620 Καὶ
1342 569 1435 622 ὲπὶ
1468 571 1578 625 τῶν
1599 576 1710 636 τοῖς
1742 577 2002 642 μεγέθεσι

427 648 839 718 συμϐαινόντων
868 651 1133 717 ὡσαύτως
1150 656 1236 723 ἂν,
1265 657 1324 713 ἒν
1343 662 1403 714 τδ
1423 662 1542 716 ἐκεῖ
1554 660 1694 728 εἶδος
1719 665 1813 719 τοῦ
1844 669 2007 736 μεγέ-

428 741 578 808 θους,
609 743 705 796 καὶ
736 744 967 813 ἀμερές.
1001 745 1120 814 Ἀφ’
1145 743 1220 802 ὧν
1243 750 1343 821 τὴν
1375 752 1558 824 ψυχὴν
1580 756 2007 828 ὲλλαμπομὲνην

426 832 520 884 τὸν
577 833 980 905 μαθηματικὸν,
1022 839 1295 909 ⁵ἀριθμὸν,
1372 845 1472 898 καὶ
1505 847 1870 917 μαθηματικὰ
1911 867 2008 919 με·
2066 868 2083 878 ·

426 923 562 992 γέθη
597 924 832 1011 ἐκτάδην
862 927 1226 1000 ὑποδέχεσθαι
1256 920 1417 997 σκιάς
1449 953 1508 989 τε
1538 937 1634 990 καὶ
1655 938 1851 993 εἴδωλα
1880 958 2006 1011 νοη-

427 1014 541 1068 τῶν
572 1015 703 1069 ὅντα
732 1009 767 1090 ᾖ
799 1014 873 1072 τδῑ
897 1020 1025 1089 τῇδε
1067 1020 1125 1078 ἔν
1157 1040 1218 1077 τε
1259 1023 1447 1081 ὕδασιν
1486 1028 1680 1084 είδωλα
1717 1031 1813 1084 καὶ
1853 1009 2006 1087 σκιαὶ⁵

346 1168 356 1180 ι
425 1108 536 1160 τῶν
573 1108 851 1180 αἰσθητῶν
878 1112 1017 1182 πρὸς
1048 1114 1185 1169 αὐτὰ
1240 1117 1309 1171 τὰ
1350 1119 1615 1189 αἰσθητά.
1644 1123 1756 1176 Καὶ
1793 1125 1891 1193 μὲν
1940 1125 2005 1197 δὴ

429 1200 526 1254 καὶ
562 1201 635 1256 τὰ
670 1202 763 1255 ὑπ’
788 1203 1096 1276 ἀνθρώπων
1132 1211 1406 1265 σκευαστὰ
1456 1213 1631 1267 ταῦτα
1680 1217 1739 1269 ὲν
1782 1217 1860 1288 τῷ
1890 1220 2009 1273 ἐκεῖ

430 1309 597 1360 φασιν
622 1294 916 1364 ἀνθρώπου
950 1298 1080 1352 εῐδει
1135 1300 1259 1354 καθ’
1311 1301 1370 1357 ἓν
1421 1306 1798 1377 περιέχεσθαι.
1838 1308 2004 1365 Ὅθεν

418 1388 496 1456 ’τῇ
529 1388 743 1461 διανοίᾳ
775 1390 903 1454 τοὺς
932 1391 1304 1464 δημιουργοὺς
1347 1396 1486 1451 ἀλλὰ
1523 1398 1718 1465 ἄλλους
1740 1404 2004 1473 ὑποδεχο-

442 1478 670 1545 μένους,
724 1480 820 1532 uel
871 1480 1135 1551 διαιοητὰ
1163 1486 1432 1557 πρότερον
1472 1491 1530 1543 ἐν
1554 1492 1771 1558 ἑαυτοῖς
1800 1495 1869 1549 τὰ
1897 1496 2005 1551 τῶν

430 1567 641 1621 σκευῶν
666 1566 785 1638 εῐδη
812 1569 1048 1627 ἕκαστον
1101 1575 1658 1649 διαμεμορφωκότας,
1691 1584 1846 1640 οὕτω
1889 1590 2007 1652 τοῖς

427 1657 707 1729 αἰσθητοῖς
741 1663 1033 1734 ἐγχειρεῖν.
1056 1744 1061 1748 ι
1084 1668 1222 1739 Περὶ
1248 1670 1306 1724 δὲ
1335 1672 1444 1725 τῶν
1475 1675 1619 1729 κατὰ
1657 1678 2006 1748 συμϐεϐηκὸς

432 1748 808 1818 γιγνομένων,
838 1753 1024 1808 εῑποτε
1048 1744 1144 1810 καὶ
1167 1757 1377 1813 τούτων
1406 1762 1686 1835 ἐπιστήμη
1713 1744 1796 1827 τις
1827 1744 2008 1834 γένοι-

426 1855 507 1908 το,
541 1841 731 1914 ἐπειδὴ
769 1844 839 1899 τὰ
868 1838 1095 1901 τοιαῦτα
1139 1849 1403 1906 πλειόνων
1433 1853 1623 1909 αίτίων
1643 1857 1845 1925 συνόδῳ
1872 1858 2008 1911 ἁπο-

428 1932 630 2002 ϐαίνει,
664 1930 742 1990 ὧν
770 1938 840 1990 αὐ
880 1936 1115 1994 ἕκαστον
1147 1942 1329 1997 ἐκεῖσε
1373 1945 1768 2015 ἀναφέρεσθαι,
1798 1950 2007 2004 ἐκεῖθεν

430 2030 527 2083 καὶ
568 2030 699 2100 περὶ
730 2032 939 2086 τούτων
968 2035 1069 2105 τὴν
1093 2035 1272 2107 ψυχὴν
1291 2038 1715 2110 ὲλλαμπομένην
1745 2043 2003 2099 κτᾶσθαι.

429 2121 616 2175 Ταῦτα
658 2121 761 2192 μὲν
808 2120 901 2179 οὖν
932 2126 1068 2197 πρὸς
1101 2128 1232 2191 τοὺς
1265 2127 1376 2182 τῶν
1409 2129 1734 2201 ἐπιστημῶν
1771 2133 2007 2203 φήσουσι

431 2213 648 2281 λόγους.
694 2216 836 2284 Πρὸς
861 2217 915 2269 δὲ
947 2217 1011 2271 τὸ
1043 2219 1186 2273 κατὰ
1221 2219 1282 2272 τὸ
1305 2219 1364 2272 ἓν
1399 2221 1493 2275 ἐπὶ
1524 2222 1738 2276 πολλῶν
1768 2224 1865 2278 καλ⁹
1898 2225 2008 2280 τῶν

430 2309 800 2377 ἀποφάσεων,
836 2310 992 2364 οὐδὲν
1043 2311 1343 2381 ἀναγκαῖον
1395 2317 1870 2386 συμπεραίνεσθαι
1904 2318 2009 2388 φή-

434 2417 610 2457 σουσι.
641 2403 713 2456 Τὸ
752 2403 864 2475 γάρ
910 2421 995 2458 τοι
1040 2405 1333 2474 ἀνθρώπου
1370 2408 1559 2461 ἐκεῖνο
1589 2405 1751 2475 εἶδος,
1793 2406 1874 2474 οἷς
1907 2412 2007 2480 μὲν

430 2491 498 2546 ἂν
556 2496 868 2567 προσνείμῃ
922 2497 1117 2561 ἑαυτὸ,
1154 2497 1368 2561 τούτοις
1402 2500 1504 2569 μὲν
1541 2501 1638 2554 τοῦ
1692 2502 2006 2573 ἀνθρώποις

429 2581 567 2641 εἶναι
602 2586 778 2643 αἴτιον
816 2584 980 2655 εἷναι,
1016 2585 1099 2653 οἷς
1150 2591 1196 2643 δ’
1228 2590 1295 2646 ἂν
1330 2590 1406 2663 μὴ
1466 2593 1626 2647 ἑαυτὸ
1673 2597 2004 2671 προσνείμῃ,

426 2681 603 2737 ταῦτα
631 2682 676 2736 δ’
703 2684 804 2736 οὐκ
835 2685 1149 2756 ἀνθρώποις
1182 2686 1486 2748 λείπεσθαι.
1527 2690 1670 2758 Πρὸς
1705 2691 1762 2744 δὲ
1798 2692 1861 2745 τὸ
1895 2711 2009 2747 κα-

425 2774 645 2828 τανοεῖν
669 2790 724 2829 τι
754 2775 1080 2851 φθαρέντος,
1126 2778 1236 2831 τῶν
1271 2777 1551 2850 φθαρτῶν,
1587 2781 1774 2835 ἱκανὸν
1804 2784 2009 2854 φήσου-

427 2862 700 2922 σιν,εἶναι
734 2868 799 2949 to
829 2868 893 2924 ἓν
937 2870 1118 2925 ἐκεῖνο
1149 2866 1292 2941 suo;
1322 2870 1386 2924 τὺ
1421 2874 1514 2926 ἐπὶ
1538 2875 1677 2927 πᾶσι
1708 2856 1829 2939 ’τοῖς
1856 2876 1915 2929 ὲν
1937 2877 2004 2947 τῇ

425 2957 561 3029 αὐτῇ
599 2958 713 3031 ίδέᾳ
737 2960 999 3030 φθαρτοῖς
1030 2961 1222 3032 ὥσπερ
1252 2978 1359 3015 που
1398 2962 1473 3033 μὴ
1504 2962 1770 3035 πρότερον
1806 2963 1866 3018 ὃν
1899 2981 2008 3020 παο

424 3049 597 3117 ράγον
631 3048 883 3117 ἕκαστον,
923 3050 1067 3106 οὕτω
1115 3055 1212 3106 καὶ
1247 3055 1593 3125 ἐφθαρμένου
1641 3057 1877 3111 ἑκάστου
1931 3060 2010 3112 εί-

2107 594 2272 637 Cursu
2315 582 2404 634 hic
2448 580 2744 646 eveniant,
2793 597 3028 651 quarum
3064 599 3404 656 unaquaeque
3452 588 3579 641 illuc
3614 589 3684 642 sit

2107 665 2414 738 referenda,
2446 683 2609 743 alque
2658 674 2771 728 illic
2800 676 2939 729 nihil
2977 692 3096 731 esse
3133 693 3361 746 prorsus
3388 720 3403 742 ,
3437 681 3577 749 quod
3612 684 3683 735 sit

2108 779 2271 820 causa
2338 780 2521 820 rerum
2572 768 3030 836 contingentium.
3061 769 3167 823 Sed
3218 771 3681 827 necinlinitarum

2113 873 2296 912 rerum
2343 859 2585 927 privatas
2628 859 2981 930 singulasque
3018 860 3130 916 illic
3175 863 3405 916 inveniri
3463 881 3681 931 causas,

2109 963 2301 1005 eorum
2332 964 2571 1018 namque
2605 951 2885 1013 omnium,
2931 966 3055 1020 qum
3107 952 3196 1006 hic
3243 953 3310 1007 ad
3361 954 3684 1010 inﬁnitatem

2107 1041 2398 1111 quamdam
2436 1041 2707 1103 recidunt.
2734 1040 2950 1096 unicam
2976 1041 3088 1097 illic
3117 1057 3240 1098 esse
3270 1045 3532 1112 speciem,
3564 1063 3687 1116 qua:

2108 1147 2290 1187 causae
2335 1132 2606 1187 rationem
2659 1133 2911 1198 obttnet,
2962 1135 3403 1205 quandoquidem
3450 1152 3513 1191 ea
3563 1155 3688 1209 quae

2109 1226 2220 1283 illic
2247 1236 2398 1295 sunt,
2447 1226 2735 1283 inﬁnitatis
2763 1229 2900 1298 ejus,
2938 1244 3061 1299 quae
3103 1232 3168 1285 ad
3203 1231 3564 1300 quantitatem
3598 1249 3687 1288 re-

2108 1320 2305 1384 fertur,
2353 1323 2581 1378 omnino
2611 1324 2725 1379 sint
2768 1324 3035 1393 expertia,
3071 1327 3183 1382 imo
3228 1325 3392 1380 etiam
3441 1342 3690 1384 summus

2108 1412 2203 1469 ille
2238 1414 2381 1469 Deus
2409 1416 2679 1484 qui.omni
2719 1417 2956 1471 essentia
2990 1424 3280 1479 aenatura
3318 1418 3573 1486 superior
3603 1429 3691 1474 est

2109 1521 2173 1562 ac
2203 1489 2512 1571 sublimior,
2538 1507 2606 1562 ab
2643 1506 2794 1563 omni
2827 1523 3055 1578 prorsus
3101 1498 3449 1564 multititdiue
3493 1509 3694 1563 abhor»

2109 1607 2250 1661 real,
2298 1614 2493 1667 nempe
2549 1601 2641 1667 qui
2693 1615 2835 1655 unus
2894 1600 2968 1655 sit
3028 1601 3477 1671 exquisitissime.
3541 1602 3683 1659 Huic

2110 1704 2242 1744 vero
2310 1690 2640 1761 intelligibili
2702 1693 2908 1749 mundo
2976 1694 3094 1749 sive
3166 1695 3453 1763 apparatui
3523 1710 3681 1750 suam

2042 1832 2081 1886 Β
2112 1783 2332 1852 quidem
2355 1782 2465 1848 jam
2502 1781 2684 1838 inesse
2701 1783 3102 1839 multitudinem
3128 1783 3219 1839 sed
3252 1784 3456 1839 ﬁnitam
3482 1792 3689 1850 tamen,

2110 1880 2167 1928 et
2205 1888 2327 1942 qum
2368 1873 2516 1929 nullo
2551 1872 2712 1929 modo
2748 1873 3016 1928 inﬁnitam
3046 1874 3219 1943 possit
3249 1875 3536 1942 appellari,
3566 1876 3689 1932 sive

2112 1964 2373 2032 potentia,
2417 1963 2532 2020 sive
2560 1972 2708 2020 actu.
2743 1964 2800 2019 Id
2832 1965 2977 2035 quod
3028 1966 3086 2020 in
3125 1966 3445 2035 conspicuo,
3500 1969 3684 2022 sensi-

2111 2053 2323 2122 busque
2386 2052 2632 2122 subjecto
2697 2054 2799 2110 hoc
2832 2054 3039 2110 mundo
3066 2056 3227 2110 aliter
3285 2071 3345 2113 se
3377 2057 3564 2121 habet,
3598 2059 3691 2125 qui

2111 2143 2435 2198 infinitatem
2482 2140 2595 2212 jam
2638 2145 2954 2214 quamdam,
3015 2153 3286 2215 quatenus
3346 2147 3491 2202 illam
3533 2164 3689 2203 com-

2118 2234 2287 2303 plecti
2331 2241 2536 2304 potest,
2598 2236 2842 2290 innatam
2895 2235 3059 2290 habet
3099 2246 3319 2305 propter
3380 2240 3685 2307 materiam,

2111 2324 2201 2379 cui
2262 2325 2482 2395 propria
2545 2326 2781 2395 quadam
2843 2329 3057 2382 ratione
3116 2313 3363 2384 iniinitas
3437 2331 3688 2399 quaedam

2111 2416 2377 2481 adhaeret,
2420 2433 2585 2487 quam
2620 2417 2795 2486 ipsam
2836 2419 3062 2472 materia
3092 2418 3311 2489 quidem
3346 2435 3453 2475 non
3472 2423 3691 2478 aliunde

2112 2524 2274 2579 quam
2306 2508 2457 2564 illinc
2483 2509 2666 2576 traxit,
2721 2509 2818 2566 sed
2851 2509 2967 2565 illic
2999 2521 3179 2565 tamen
3207 2509 3420 2567 infinita
3455 2529 3560 2569 non
3596 2530 3690 2569 ex-

2112 2602 2284 2668 sistit,
2325 2616 2502 2671 neque
2539 2603 2684 2657 enim
2714 2603 2874 2657 etiam
2907 2618 3090 2658 rerum
3115 2605 3539 2670 irrationalium,
3569 2622 3693 2677 qua:

2108 2691 2198 2748 hic
2220 2692 2510 2759 habentur,
2574 2693 2782 2762 species
2805 2694 2913 2748 illic
2941 2695 3271 2750 irratiOnalis
3322 2694 3557 2751 habetur
3603 2702 3686 2755 vel

2111 2799 2300 2840 rerum
2332 2785 2419 2841 hic
2440 2785 2743 2852 mobilium,
2780 2786 2989 2855 species
3034 2787 3142 2842 illic
3176 2786 3409 2851 mobilis,
3440 2792 3691 2857 quamvis

2110 2876 2491 2940 essentiarum,
2515 2891 2636 2947 quae
2661 2879 2734 2931 ita
2765 2877 2853 2931 hic
2883 2879 3241 2947 appellantur,
3272 2889 3326 2935 et
3355 2894 3544 2938 eorum
3572 2899 3694 2952 qua:

2111 2966 2365 3022 essentiis
2397 2981 2495 3036 per
2516 2981 2573 3021 se
2599 2967 2881 3021 adhaerent
2910 2976 2963 3022 et
2992 2968 3401 3036 ltahitttdinum,
3438 2973 3549 3027 illic
3581 2973 3692 3027 sint

2065 3058 2166 3113 "et
2195 3057 2408 3127 species
2468 3066 2522 3112 et
2576 3057 2911 3127 exemplaria
2985 3057 3384 3115 llabitudinttm
3442 3063 3691 3131 quidem,

425 3140 557 3195 κύνα
600 3145 662 3197 ὲν
708 3144 829 3206 ταῖς
857 3143 969 3199 τῶν
1020 3144 1285 3200 νοούντων
1314 3163 1368 3199 τι
1399 3146 1479 3200 ἔτι
1512 3148 1643 3219 περ).
1672 3149 1863 3214 αὐτοῦ,
1903 3149 2005 3220 ψυ-

2115 3161 2427 3221 propterea,
2459 3148 2605 3219 quod
2679 3148 2768 3202 illa
2835 3165 3054 3219 quoque
3092 3167 3212 3222 qua:
3269 3153 3376 3209 illic
3421 3155 3694 3209 habentur

422 3235 543 3304 χαίς
568 3234 936 3302 ἀνακαινίζον.
965 3237 1111 3308 Πρὸς
1145 3239 1245 3307 μὲν
1277 3238 1371 3293 οὖν
1400 3238 1575 3295 ταῦτα
1614 3241 1723 3296 τῶν
1763 3242 2007 3313 Ἀριστο-

419 3326 615 3390 τέλους
685 3327 860 3383 ταῦτα
908 3328 956 3383 oi
993 3328 1062 3383 τὰ
1121 3328 1239 3402 εἴδη
1279 3331 1553 3401 τιθέμενοι
1581 3333 1871 3403 φήσουσιν,
1917 3335 2012 3388 οὐ·

420 3419 510 3473 δὲν
557 3420 764 3490 ἀπᾷδον
813 3421 923 3475 τῶν
974 3421 1186 3476 ἑαυτῶν
1222 3422 1532 3478 ὑποθέσεων
1566 3424 1843 3491 λέγοντες.
1888 3426 2011 3481 Ἰω-

426 3530 526 3583 μεν
581 3512 637 3567 δὲ
690 3513 753 3583 δὴ
791 3516 884 3567 καὶ
919 3515 1150 3569 ἐπὶτῶν
1202 3515 1331 3591 ὲξῇς
1372 3517 1443 3570 τὰ
1475 3517 1635 3587 λόγου
1667 3521 1816 3582 τινὸς
1845 3519 2010 3587 aeta?

427 3605 549 3658 Ἐι
577 3605 867 3673 συμϐαίνει
896 3606 971 3677 μὴ
1000 3609 1096 3677 τὴν
1121 3606 1288 3662 δυάδα
1312 3607 1537 3682 πρώτην
1561 3607 1725 3677 εῖναι,
1754 3610 1888 3665 ἀλλὰ
1917 3613 2009 3664 τὸν

421 3695 678 3768 ἀριθμόν.
711 3700 821 3752 Καὶ
866 3700 942 3764 τί,
975 3701 1237 3772 φήσουσι,
1288 3700 1545 3765 κωλύσει,
1595 3706 1688 3757 τὸν
1741 3704 1841 3771 μὲν
1889 3706 2008 3757 ἐκεῖ

348 3812 355 3815 ·
420 3791 657 3859 ἀριθμὸν
683 3792 779 3845 καὶ
811 3792 1014 3847 ἐνιατον
1049 3793 1145 3847 καὶ
1176 3793 1348 3862 αὐτῆς
1381 3794 1477 3864 τῆς
1510 3794 1702 3855 δυάδος
1739 3795 2007 3866 πρότερον

420 3875 599 3947 εἴναι;
625 3881 725 3953 τὴν
750 3881 807 3935 δὲ
831 3881 997 3936 δυάδα
1023 3882 1118 3936 τοῦ
1152 3882 1278 3954 τῇδε
1314 3868 1552 3953 ἐκτάδην
1579 3883 1818 3955 ἀριθμοῦ
1854 3885 2007 3956 πρώ-

418 3987 549 4043 την;
572 3973 694 4027 Ἔτι
719 3972 904 4043 φησὶν,
930 3974 993 4026 Εἰ
1019 3974 1093 4044 μὴ
1115 3976 1258 4028 κατὰ
1277 3993 1339 4028 συ
1351 3974 1719 4046 μϐεϐηκὺςτὰ
1743 3975 1853 4047 είδη
1885 3994 2006 4045 μετ-

421 4066 630 4135 έχεται,
656 4065 768 4119 τῶν
794 4066 995 4120 οὐσιῶν
1025 4065 1091 4120 ἂν
1113 4052 1200 4135 εἴη
1231 4050 1431 4135 μόνων.
1479 4067 1619 4121 Ἀλλ’
1642 4069 1691 4147 εί
1721 4068 1796 4139 μὴ
1829 4068 2004 4122 ἄπαν-

417 4175 506 4223 τα,
550 4161 708 4229 φαῖεν
738 4159 827 4224 ἂν,
853 4160 971 4230 ἦτοι
997 4160 1175 4213 οὐσίαι
1208 4156 1371 4232 ἦσαν,
1406 4160 1438 4233 ἢ
1471 4161 1615 4215 κατὰ
1648 4161 2001 4234 συμϐεϐηκὸς

417 4256 538 4316 ταῖς
564 4251 778 4314 οὐσίαις
809 4252 1221 4320 προσεγίγνετο,
1249 4251 1394 4321 είχεν
1420 4252 1486 4305 ἄν
1515 4270 1638 4307 τινα
1664 4253 1795 4316 ἴσως
1818 4253 2003 4323 χώραν

420 4344 449 4398 ὐ
480 4346 607 4415 φῄς.
640 4342 755 4396 Νῦν
806 4342 853 4395 δ’
885 4342 1055 4395 ὄντων
1086 4342 1271 4406 τινῶν,
1304 4342 1341 4395 ἂ
1395 4344 1489 4395 καὶ
1549 4343 1675 4397 καθ’
1701 4343 1840 4397 αὐτὰ
1883 4345 2004 4407 ταῖς

419 4435 632 4497 οὐσίαις
663 4433 948 4503 πρόσεστι,
979 4431 1031 4485 τί
1061 4433 1140 4486 ἔτι
1168 4448 1250 4485 σοι
1273 4432 1500 4486 δύναται
1532 4434 1592 4487 τὸ
1619 4433 1997 4505 ἐπιχείρημα;

2116 3241 2322 3295 nullam
2364 3256 2471 3296 non
2508 3239 2743 3295 habeant
2825 3240 2968 3295 inter
3022 3257 3082 3298 se
3123 3244 3497 3299 habitudinem
3530 3254 3695 3314 atque

2114 3335 2554 3392 convenientiam
2581 3353 2594 3389 :
2622 3349 2810 3389 earum
2844 3334 3008 3406 igitur
3036 3352 3159 3406 qua!
3191 3338 3301 3392 illic
3331 3346 3477 3399 sunt,
3536 3337 3694 3391 habi-

2114 3426 2382 3501 tudiuum,
2404 3436 2504 3491 has
2527 3435 2749 3497 alteras,
2786 3449 2908 3503 quae
2963 3432 3053 3487 hic
3118 3440 3269 3495 sunt,
3310 3437 3526 3498 oportet
3572 3444 3697 3485 esse

2128 3527 2397 3597 imagines
2431 3534 2595 3597 atque
2628 3527 2946 3581 simulacra.
2978 3522 3198 3576 Illorum
3238 3537 3369 3576 vero
3418 3536 3541 3590 quae
3598 3535 3695 3589 per

2111 3620 2442 3676 seessentiis
2504 3617 2785 3673 adbtereut
2824 3628 2945 3669 eam
2997 3613 3345 3674 obcansam,
3403 3623 3695 3679 propterea

2109 3712 2254 3784 quod
2286 3726 2394 3767 non
2425 3711 2543 3767 sine
2571 3709 2687 3765 suis
2718 3706 2999 3777 adiunctis
3059 3711 3227 3772 atque
3275 3702 3559 3757 attributis
3622 3718 3688 3757 ea

2109 3816 2329 3872 quoque
2355 3799 2615 3871 quasillis
2643 3806 2774 3855 sunt
2832 3795 3235 3866 intelligantur.
3292 3793 3429 3848 Nam
3469 3795 3523 3847 in
3597 3794 3691 3848 illo

2108 3890 2438 3963 uno,'quod
2490 3899 2545 3946 et
2595 3904 2812 3946 omnem
2845 3887 3062 3943 excedit
3116 3886 3413 3941 essentiam
3438 3894 3492 3940 et
3520 3901 3688 3939 unum

2107 3988 2192 4034 est
2220 3978 2653 4048 exquisitissima
2685 3976 2924 4042 ratione,
2983 3989 3163 4042 neque
3192 3976 3486 4029 essentiam
3512 3988 3691 4043 neque

2107 4072 2428 4127 attributum
2456 4084 2633 4139 neque
2662 4081 2865 4136 actum,
2901 4082 3078 4133 neque
3094 4068 3394 4137 potentiam
3426 4066 3689 4122 discerni.

2106 4163 2385 4219 informis
2442 4170 2623 4218 autem
2662 4170 2828 4232 atque
2886 4162 3163 4217 mentibus
3196 4160 3306 4215 illis
3362 4159 3430 4214 de
3487 4160 3692 4229 quibus

2109 4270 2416 4314 sermonem
2453 4253 2705 4319 facimus,
2743 4270 2865 4323 quae
2896 4253 2973 4309 illi
3013 4268 3230 4309 summo
3262 4266 3371 4307 non
3440 4259 3571 4307 sunt
3593 4266 3690 4322 pa-

2103 4364 2194 4407 res
2225 4347 2487 4402 attributa
2523 4348 2741 4418 quidem
2794 4348 2863 4401 ab
2902 4346 3141 4402 essentia
3177 4344 3457 4415 distingui,
3497 4352 3687 4412 poten-

2107 4441 2238 4495 tiam
2264 4453 2394 4494 vero
2420 4438 2489 4493 ah
2514 4448 2639 4493 actu
2669 4446 3040 4508 nequaquam.
3078 4435 3184 4491 Sed
3240 4436 3294 4489 in
3335 4435 3420 4491 his
3454 4451 3576 4505 qum
3601 4433 3691 4488 hic

419 4528 597 4581 καίτοι
654 4526 750 4579 καὶ
778 4526 829 4580 ει
861 4525 955 4580 καὶ
981 4524 1162 4578 αὐτῶν
1193 4527 1303 4579 τῶν
1340 4512 1488 4579 ’κατὰ
1529 4526 1878 4597 συμϐεϐηκὸς
1913 4544 1995 4595 γι-

2107 4533 2370 4589 habentur
2404 4533 2611 4588 naturis
2635 4545 2830 4587 cuncta
2868 4531 2955 4586 illa
2982 4546 3011 4584 ιι
3053 4546 3110 4586 se
3153 4530 3382 4585 invicem
3420 4527 3688 4597 separati,

417 4619 695 4690 γνομένων
741 4619 990 4683 ἕκαστον,
1023 4617 1161 4689 πρὸς
1218 4617 1319 4688 μὲν
1369 4617 1439 4670 τὰ
1484 4620 1728 4688 προσεχῆ
1774 4620 1837 4672 οὐ
1872 4619 1996 4672 καθ’

415 4713 558 4767 αὐτά
588 4713 759 4775 ἐστιν,
783 4711 920 4774 ὅλως
953 4711 1137 4781 μέντοι
1162 4711 1272 4765 τῶν
1300 4711 1425 4765 καθ’
1452 4711 1594 4765 αὐτὰ
1617 4713 1679 4765 οὐ
1709 4711 1997 4765 παντάπαο

416 4807 503 4860 σίν
535 4807 685 4859 ἐστιν
710 4802 1058 4875 ἀπερρωγὸς,
1089 4803 1321 4873 ἐπείπερ
1356 4802 1624 4856 πλειόνων
1651 4802 1843 4857 αἰτίων
1873 4818 1999 4854 συν-

415 4901 520 4971 όδῳ
550 4900 616 4952 τὰ
646 4897 876 4953 τοιαῦτα
914 4898 1183 4967 γίγνεται.
1230 4896 1453 4951 Τούτων
1500 4895 1546 4950 δ’
1591 4895 1826 4949 ἕκαστον
1874 4894 1997 4949 καθ’

415 4991 548 5045 αὐτὸ
575 4992 678 5063 δρᾷ
703 4991 734 5045 ὅ
769 5007 823 5043 τι
855 4989 923 5043 ἂν
972 4988 1145 5061 δρῴη,
1172 4988 1285 5043 οὐδ’
1321 4987 1387 5043 ἂν
1423 4991 1487 5042 ὲκ
1515 4987 1722 5042 τούτων
1765 4987 1999 5042 ἀποϐαί-

415 5100 575 5139 νοντκ
629 5085 726 5139 τοῦ
778 5084 900 5138 καθ’
933 5083 1068 5137 αὐτὸ
1119 5082 1192 5137 ἂν
1239 5083 1589 5137 παντάπασιν
1630 5081 1999 5153 ἀπερρωγότα

416 5178 525 5248 εἴη,
550 5177 660 5232 οὐδ’
702 5176 1045 5247 ἀκοινώνητα
1086 5176 1324 5244 πάμπαν
1357 5175 1426 5228 τὰ
1462 5175 1605 5229 κατὰ
1651 5175 1999 5246 συμϐεϐηκὸς

413 5275 527 5336 τοῖς
573 5272 696 5327 καθ’
730 5274 895 5333 αὐτὰ,
949 5271 1065 5326 ἀλλ’
1099 5269 1326 5325 ἐκείνων
1382 5270 1478 5324 καὶ
1526 5269 1700 5324 ταῦτα
1737 5268 1995 5340 ἐχόμενα.

424 5367 677 5422 Ἐπειδὰν
702 5370 811 5438 γὰρ
846 5364 1166 5434 Ὀλυμπίων
1192 5363 1507 5417 ἐνεστώτων
1536 5364 1564 5415 ό
1590 5362 1743 5433 ἥλιος
1773 5360 1995 5431 ἐκλίπῃ,

412 5462 553 5513 κατὰ
597 5459 699 5529 μὲν
723 5459 786 5511 τὸ
812 5457 883 5511 τὰ
917 5455 1193 5527 Ὀλύμπια
1233 5448 1583 5524 ἐνεστηκέναι
1632 5456 1659 5507 ὀ
1700 5453 1853 5524 ἥλιος
1897 5453 1998 5519 οὐκ

370 5536 373 5539 ’
411 5550 683 5616 ἐξέλιπεν,
711 5548 833 5602 οὐδὲ
864 5563 926 5616 γε
957 5548 1104 5600 κατὰ
1136 5546 1196 5600 τὸ
1226 5548 1319 5599 τὸν
1347 5546 1500 5616 ἥλιον
1525 5544 1903 5598 ἐκλελοιπέναι
1930 5546 1997 5598 τὰ

425 5642 704 5712 Ὀλύμπια
727 5642 942 5710 ἐνέστηο
996 5640 1137 5695 ὥστε
1171 5638 1344 5710 ταύτῃ
1396 5639 1516 5707 μὲν,
1549 5639 1611 5691 οὐ
1656 5636 1783 5691 καθ’
1815 5637 1948 5691 αὐτὸ
1971 5639 1997 5690 ὁ

410 5731 562 5802 ἥλιος
595 5733 704 5784 τῶν
738 5747 801 5798 γε
842 5730 1160 5799 Ὀλυμπίων
1210 5728 1526 5782 ἐνεστώτων
1572 5728 1877 5794 ἐκλέλοιπε,
1929 5730 1996 5781 τά

418 5842 478 5897 τε
518 5825 624 5897 μὴν
654 5824 805 5880 αἴτια
833 5808 927 5879 τοῦ
959 5824 1045 5879 τὸν
1080 5823 1231 5896 ἥλιον
1276 5821 1521 5878 ἐκλιπεῖν
1555 5820 1678 5881 καθ’
1714 5821 1852 5877 αὐτὰ
1898 5824 1995 5893 τὴν

2106 4630 2272 4692 atque
2302 4622 2368 4678 ad
2388 4621 2534 4678 illam
2558 4621 2922 4691 superiorem,
2948 4619 3090 4675 hanc
3113 4634 3329 4690 quoque
3354 4618 3689 4689 proximam,

2108 4729 2233 4782 qua:
2289 4713 2393 4768 fuit
2439 4712 2737 4775 mentibus,
2794 4711 3206 4767 distinctionem
3259 4710 3547 4765 accedere.
3623 4706 3695 4764 Ut

2102 4807 2216 4878 jam
2277 4804 2379 4862 hoc
2427 4814 2587 4876 pacto
2636 4820 2761 4876 quae
2822 4804 2936 4860 illic
2995 4813 3145 4869 sttnt,
3219 4804 3401 4859 medio
3450 4801 3690 4872 quodam

2108 4900 2270 4958 modo
2299 4915 2359 4955 se
2388 4899 2647 4965 habeant,
2681 4899 2825 4955 inter
2864 4899 2994 4954 illud
3051 4912 3327 4954 summum
3385 4906 3552 4967 atque
3597 4910 3693 4950 su-

2107 4990 2459 5061 pcrnaturale
2495 5006 2686 5056 unum,
2717 5001 2772 5045 et
2800 4991 2917 5045 haec
2976 5004 3098 5059 qum
3122 4987 3212 5042 hic
3245 4994 3513 5057 apparent
3557 5001 3693 5042 sen-

2107 5083 2259 5138 sibus
2282 5081 2552 5152 potentia.
2583 5078 2703 5136 Jam
2733 5082 2902 5151 igitur
2925 5080 3113 5151 quales
3145 5088 3199 5134 et
3236 5077 3541 5143 cuiusmodi
3567 5088 3695 5131 esse

2106 5176 2318 5246 species
2355 5175 2470 5230 sive
2502 5173 2731 5239 formas,
2768 5172 2807 5228 ii
2870 5172 3206 5237 existiment,
3239 5171 3335 5238 qui
3380 5183 3473 5224 eas
3490 5169 3696 5224 consti-

2107 5275 2292 5332 tuunt,
2318 5266 2676 5336 exposuimus
2710 5265 3027 5322 summatim
3054 5271 3111 5317 et
3149 5277 3316 5333 quam
3361 5262 3478 5316 fieri
3511 5258 3696 5330 potuit

2105 5362 2445 5417 brevissime.
2477 5359 2634 5415 Nunc
2659 5366 2831 5414 restat
2886 5362 2944 5411 ut
2983 5357 3049 5412 iis
3099 5371 3454 5411 occurramus
3502 5352 3693 5422 objec-

2109 5455 2370 5519 tionibus,
2403 5454 2605 5524 quibus
2648 5449 2963 5506 Platonicos
3023 5436 3309 5518 oppugnat
3339 5446 3688 5502 Aristoteles.

2109 5544 2420 5601 Secundum
2463 5559 2697 5613 namque
2729 5542 2995 5608 rationes,
3029 5541 3225 5611 inquit,
3268 5555 3389 5610 qum
3421 5554 3487 5599 ex
3512 5537 3694 5593 scien-

2109 5635 2219 5699 tiis,
2243 5634 2454 5704 species
2481 5643 2642 5688 erunt
2667 5631 2937 5696 omnium,
2970 5637 3202 5700 quorum
3265 5628 3512 5684 scientite
3536 5638 3692 5683 sunt.

2109 5727 2236 5780 Sive
2280 5725 2526 5780 scientia:
2586 5724 2697 5778 sint
2734 5739 2945 5787 earum,
2995 5736 3119 5793 qum
3183 5736 3401 5790 semper
3427 5729 3558 5774 sunt
3589 5736 3686 5788 per

2107 5818 2311 5886 scipsa,
2343 5817 2457 5874 sive
2494 5832 2687 5875 rursus
2734 5815 2844 5872 sint
2895 5831 3107 5884 carum,
3158 5830 3278 5884 qua:
3340 5829 3435 5883 per
3498 5812 3684 5883 Seipsa
