4078 6410
439 340 547 403 9‘23

1658 350 1987 416 GEORGII
2033 353 2468 417 PLETHONIS

3586 362 3691 425 925

437 452 560 507 aliis
581 450 886 513 adhaerent,
915 448 1141 508 minime
1174 467 1304 508 sane
1337 454 1670 512 verebuntur
1695 458 1729 512 ii
1768 461 1859 530 qui
1889 475 1996 530 spe-

2113 462 2356 533 εκλειψιν
2410 464 2702 534 πεποίηκε.
2756 464 2868 520 Kal
2918 466 2948 520 ό
3000 467 3166 537 νόμος
3222 467 3279 522 δὲ
3332 471 3358 524 δ
3406 473 3531 540 περὶ
3578 477 3689 529 τῶν

436 542 550 597 cies
601 542 942 597 constituunt
1009 543 1301 612 allirmare,
1354 549 1485 617 quin
1520 550 1714 604 horum
1759 554 2003 609 omnium

432 649 546 688 non
584 633 693 689 sint
719 633 954 703 species,
987 650 1095 691 non
1127 644 1308 693 tamen
1337 640 1593 695 similiter
1614 643 1879 708 omnium,
1908 645 2005 702 sed

435 738 624 777 eorum
652 723 873 792 quidem
946 742 1071 796 quae
1102 727 1191 782 hic
1216 727 1270 783 in
1290 731 1501 799 species
1539 733 1716 789 llnitas
1743 735 2000 791 dividuu-

441 825 550 879 tur,
611 815 856 883 singulas
893 832 1016 875 esse
1057 820 1110 873 in
1174 820 1405 892 singulis
1431 826 1727 893 generibus
1764 828 2000 897 species,

436 920 623 960 eorum
648 921 799 969 vero.
836 922 957 976 qua:
987 906 1054 961 ad
1096 908 1419 966 inﬁnitatem
1444 917 1734 984 quamdam
1771 915 1882 985 jam
1917 933 2005 972 re-

435 994 644 1059 cidunt,
672 1011 836 1051 unam
872 998 1135 1053 duntaxat
1168 1000 1221 1053 in
1247 1002 1507 1059 omnibus
1540 1003 1788 1061 inﬁnitis.
1813 1005 1998 1073 ,Quam

436 1085 671 1153 primum
696 1087 862 1151 enim,
890 1090 1123 1158 exempli
1152 1093 1348 1161 gratia,
1389 1095 1539 1149 omni
1603 1098 1696 1166 qui
1745 1097 1832 1153 hic
1896 1109 1999 1166 est,

438 1192 669 1232 numero
718 1189 940 1249 propter
998 1182 1345 1253 infinitatem,
1380 1203 1544 1243 unam
1591 1205 1713 1260 quae
1766 1191 1877 1248 illic
1921 1186 2007 1249 est

437 1267 665 1323 formam
700 1273 1002 1341 praeﬁciunt
1059 1292 1182 1345 quae
1209 1288 1262 1334 et
1294 1280 1364 1335 sit
1395 1281 1573 1345 unica,
1600 1292 1653 1337 et
1687 1284 2000 1355 singillatim

433 1361 1083 1433 comprehendatomnia,
1125 1384 1465 1441 quaecunque
1497 1358 1728 1429 numero
1768 1376 1860 1446 qui
1915 1377 2003 1432 hic

433 1458 511 1502 est
544 1448 838 1508 diatiuetim
880 1465 933 1509 et
961 1472 1055 1526 per
1077 1474 1135 1514 se
1164 1462 1508 1534 contingunt.
1543 1464 1743 1520 Eadem
1774 1483 1996 1535 quoque

433 1548 517 1594 est
547 1543 686 1596 ratio
715 1559 927 1609 eorum.
960 1563 1083 1617 quae
1105 1551 1251 1606 circa
1320 1562 1539 1610 nostras
1590 1559 1999 1625 magnitudines

433 1632 911 1707 dimensionesque
937 1639 1214 1706 accidunt,
1263 1654 1323 1698 ut
1356 1644 1465 1699 illic
1497 1645 1670 1701 forma
1728 1654 2004 1721 magnitu-

433 1722 576 1777 dinis
604 1725 850 1781 situnica
887 1741 1059 1798 eaque
1087 1731 1386 1790 individua.
1420 1736 1500 1791 Ah
1533 1738 1640 1793 illis
1672 1753 1833 1807 porro
1889 1741 2001 1797 iur-

434 1812 536 1866 mis
556 1814 794 1869 animum
818 1828 1061 1872 nostrum
1088 1821 1452 1881 illuminatum
1507 1844 1766 1886 numeros
1794 1833 2001 1889 mathe-

433 1908 660 1963 maticos
693 1916 747 1963 et
772 1912 1175 1979 magnitudines
1217 1920 1628 1979 mathematicas
1680 1925 2000 1992 explicatius

431 1997 750 2070 intelligere,
782 2017 902 2071 qua:
933 2014 1060 2060 sunt
1100 2009 1285 2064 multae
1312 2013 1558 2080 quaedam
1594 2022 1650 2069 et
1706 2017 2002 2075 simulacra

431 2088 872 2163 iutelligibilium,
910 2098 1091 2169 itaque
1129 2101 1198 2154 ah
1258 2103 1340 2158 his
1376 2105 1447 2160 ita
1502 2110 1905 2177 repraesentari,
1948 2118 2003 2168 et

428 2182 495 2234 ah
523 2182 609 2238 his
670 2202 790 2254 qua:
816 2188 869 2243 in
910 2191 1066 2259 aquis
1111 2197 1550 2252 suntsiinulacra
1585 2207 1749 2268 atque
1784 2202 1994 2258 umbrae

427 2288 607 2329 rerum
643 2279 825 2334 sensui
859 2270 1308 2354 perceptibilium,
1356 2290 1471 2359 ipsa
1534 2291 1846 2348 referuntur
1871 2309 2000 2350 seu-

426 2367 624 2423 sibilia.
661 2370 732 2424 Ita
768 2389 989 2443 quoque
1023 2393 1146 2448 qua:
1188 2380 1255 2434 ab
1312 2382 1628 2441 hominibus
1664 2402 1826 2441 manu
1869 2403 1999 2458 pose

424 2470 552 2513 sunt
576 2465 786 2528 confici,
811 2481 874 2521 ea
907 2469 1095 2525 dicunt
1126 2472 1179 2527 in
1230 2472 1400 2530 forma
1461 2478 1702 2535 hominis
1734 2480 1837 2536 illis
1886 2483 1999 2539 sin-

424 2549 649 2617 gillatim
680 2559 1086 2626 comprehendi,
1106 2564 1246 2618 unde
1268 2567 1490 2634 opiﬁces
1514 2570 1698 2625 animo
1727 2572 1830 2626 alia
1859 2573 1999 2630 alios

425 2645 733 2713 concipere,
769 2659 822 2702 et
876 2650 1212 2724 singulorum
1252 2657 1735 2716 instrumentorum
1791 2666 2001 2734 species

425 2736 574 2798 prius
608 2738 880 2797 intellectu
939 2747 1053 2812 ipso
1085 2748 1139 2801 in
1196 2752 1390 2815 siipsis
1443 2753 1763 2823 informare,
1795 2758 1997 2816 deinde

425 2826 589 2880 rebus
624 2829 777 2898 ipsis,
813 2849 934 2901 quae
956 2851 1122 2892 sensu
1160 2842 1559 2911 percipiuntur,
1617 2862 1839 2903 manum
1898 2865 1994 2906 ac-

418 2922 794 2978 commodare.
856 2925 928 2980 De
963 2928 1031 2982 iis
1066 2946 1269 2995 autem,
1295 2950 1415 3002 quze
1440 2951 1535 3004 per
1559 2939 1816 2996 accidens
1875 2958 1999 2997 cve-

422 3012 601 3076 niunt,
630 3014 673 3069 si
710 3015 872 3070 etiam
915 3018 983 3072 sit
1037 3021 1263 3077 scientia
1308 3027 1599 3095 quaepiam,
1655 3029 1997 3098 quandoqui-
2037 3047 2044 3054 '

418 3104 539 3158 dem
559 3107 825 3175 ejusmodi
846 3112 1079 3178 plurium
1100 3129 1392 3172 causarum
1416 3134 1686 3177 concursu
1705 3125 1992 3195 accidunt,
2022 3143 2064 3201 ο

418 3214 649 3265 quarum
673 3217 863 3282 rursus
895 3222 1233 3278 unaquaeque
1265 3210 1411 3279 illuc,
1443 3203 1705 3282 refertur,
1739 3219 1982 3274 animum

419 3297 665 3344 nostrum
725 3271 873 3348 illine
927 3296 1091 3350 etiam
1148 3308 1371 3367 accepto
1450 3300 1656 3358 lumine
1718 3307 1985 3372 ejusmodi

419 3382 701 3437 scientiam
733 3386 980 3455 adipisci.
1011 3390 1138 3444 H.ee
1193 3393 1377 3461 itaque
1408 3399 1801 3462 responderent
1834 3400 1897 3453 ad
1927 3416 1988 3457 ea

419 3487 541 3537 qua:
579 3475 898 3534 Aristoteles
928 3480 1109 3550 objicit
1133 3483 1198 3536 de
1231 3487 1395 3541 variis
1427 3487 1779 3543 scientiarum
1814 3491 1987 3546 ratiu-

421 3566 601 3625 nibus.
664 3568 747 3623 Ad
796 3571 924 3624 illud
994 3582 1172 3629 autem
1228 3576 1371 3642 quod
1434 3577 1612 3648 inquit
1667 3582 1988 3648 (secundum

420 3675 550 3713 vero
581 3677 745 3715 unum
772 3660 824 3717 in
856 3664 1040 3719 multis
1069 3675 1121 3720 et
1155 3672 1518 3739 uegat'onem)
1568 3660 1699 3726 nihil
1736 3672 1990 3728 necessa-

420 3750 558 3804 rium
585 3754 830 3809 concludi
862 3758 1267 3825 responderi-nt.
1306 3761 1451 3816 illam
1484 3779 1717 3833 namque
1755 3766 1991 3823 hominis

418 3845 675 3913 speciem,
737 3863 859 3916 qua:
934 3848 1044 3904 illic
1102 3852 1359 3919 exsistit,
1426 3856 1849 3926 quibuscuuque
1929 3874 1992 3914 ca

418 3940 654 4008 scipsam
694 3940 1069 4010 impcrtiverit.
1106 3945 1212 3999 illis
1270 3946 1528 4001 nimirum
1593 3963 1817 4004 causam
1878 3949 1993 4006 fore

421 4033 479 4084 ut
514 4031 623 4086 sint
655 4032 922 4090 homines.
956 4036 1378 4108 quihuscunque
1404 4048 1582 4095 autem
1618 4042 1851 4112 seipsam
1887 4060 1990 4098 non

417 4123 790 4192 impertiverit.
822 4143 884 4183 ea
910 4130 1092 4183 omnia
1136 4129 1188 4185 in
1218 4130 1436 4187 diverso
1500 4148 1699 4202 genere
1728 4136 1986 4205 relinqui,

416 4225 473 4268 ut
501 4216 754 4271 nimirum
804 4235 911 4274 non
948 4220 1056 4275 sint
1115 4222 1382 4277 homines.
1421 4222 1661 4295 Denique
1720 4226 1786 4281 ad
1831 4227 1985 4295 illud,

412 4307 685 4374 quod'ait,
723 4325 787 4364 ac
809 4311 1106 4367 secundum
1138 4312 1282 4382 quod
1310 4314 1643 4385 intelligetur
1669 4320 1977 4390 quippiam,

413 4414 481 4453 co
535 4411 795 4470 corrupto
827 4404 988 4456 etiam
1056 4407 1530 4476 corruptibilium;
1572 4413 1979 4483 respondebunt

2108 554 2426 626 Ὀλυμπίων
2442 557 2564 612 καθ’
2585 557 2749 612 αὐτόν
2772 558 2840 614 τά
2868 559 3144 630 Ὀλύμπια
3180 563 3556 634 ἐνομοθέτησε.
3579 568 3688 625 Kal

2110 649 2211 718 μὲν
2256 651 2321 721 δὴ
2376 651 2469 704 καὶ
2524 651 2619 706 τοῦ
2665 653 2721 715 ις
2770 654 2834 708 τδ
2868 653 3000 709 αὐτὸ
3036 657 3498 725 συμπεπτωκέναι
3526 661 3685 716 τάντε

2122 740 2397 811 Ὀλύμπια
2443 742 2537 796 καὶ
2572 742 2821 813 ἔκλειψιν
2852 744 2954 813 τὴν
2982 746 3077 800 τοῦ
3109 747 3264 817 ἡλίου
3296 749 3357 802 τό
3388 766 3449 815 γε
3479 760 3687 821 συμμε-

2107 829 2357 897 τρεῖσθαι
2417 830 2556 901 πρὸς
2617 831 2857 903 ἀλλήλας
2916 835 3021 897 τάς
3073 835 3351 905 ἑκατέρων
3403 840 3684 907 περιόδους

2107 922 2280 975 αἴτιον
2332 923 2546 991 γέγονε,
2574 926 2669 979 καὶ
2718 923 2911 979 τούτου
2960 921 3029 981 αὖ
3076 925 3264 997 ἕτερον
3311 930 3343 999 ἡ
3383 930 3567 1003 ἑτέρα,
3609 926 3683 988 ὧν

2108 1013 2341 1069 ἕκαστον
2371 1016 2495 1068 καθ’
2526 1016 2661 1070 αὐτὸ
2708 1018 2975 1089 προσεχὲς
3010 1019 3372 1089 ἀπεργάζοιτ’
3407 1024 3495 1078 ἀν.
3524 1024 3677 1078 Ὥστε

2108 1105 2340 1168 παῦσαι,
2371 1108 2548 1174 φαῖεν,
2588 1107 2989 1179 Ἀριστότελες,
3019 1108 3236 1164 ἅπαντα
3268 1113 3383 1183 ἦτοι
3411 1113 3675 1185 οὐσίας,ἥ

2108 1196 2253 1251 κατὰ
2289 1199 2639 1269 συμϐεϐηκὸς
2680 1200 2869 1264 αὐταῖς
2906 1202 3313 1272 προσγινόμενα
3362 1203 3679 1273 βιαζόμενος

2108 1289 2451 1357 ἀποφαίνειν,
2481 1291 2576 1343 καὶ
2608 1290 2676 1343 τά
2714 1291 2858 1345 κατά
2891 1293 3244 1363 συμϐεϐηκὸς
3275 1289 3342 1349 αὖ
3371 1296 3543 1350 ταῦτα
3571 1298 3678 1351 τῶν

2107 1379 2229 1432 καθ’
2251 1380 2391 1433 αὐτά
2425 1383 2602 1436 πάντα
2628 1384 2997 1455 ἀπορρηγνύς.
3036 1386 3156 1440 Ἔτι
3191 1389 3378 1455 φησιν,
3403 1388 3465 1441 El
3490 1389 3588 1457 μὲν
3619 1391 3678 1442 τδ

2107 1468 2240 1521 αὐτὸ
2270 1467 2407 1532 εἶδος
2439 1472 2549 1524 τῶν
2578 1490 2639 1526 τε
2678 1473 2833 1528 ίδεῶν
2864 1476 2959 1528 καὶ
2992 1475 3103 1529 τῶν
3131 1478 3493 1546 μετεχόντων,
3525 1479 3676 1533 ἔσται

2105 1575 2159 1610 τι
2185 1543 2384 1613 κοινόν.
2425 1562 2488 1614 El
2511 1561 2568 1616 δὲ
2598 1564 2673 1634 μὴ
2698 1565 2761 1618 τὸ
2795 1567 2929 1620 αὐτὸ
2961 1543 3417 1635 εἴδος,-όμώννυμα
3460 1569 3525 1624 ἂν
3566 1571 3673 1640 εἴη,

2106 1649 2200 1702 καὶ
2246 1653 2348 1704 οὐκ
2390 1652 2465 1705 ἐτ’
2511 1654 2577 1707 ἀν
2615 1655 2845 1725 οὐδεμία
2876 1659 3133 1713 κοινωνία
3167 1660 3253 1731 εἴη
3291 1661 3491 1715 αὐτῶν.
3538 1663 3676 1716 Ἀλλ’

2105 1741 2227 1825 οὔτε
2259 1743 2351 1796 τοῦ
2382 1744 2591 1816 ἐτέρου,
2625 1747 2878 1817 φήσουσι,
2914 1751 3096 1803 κοινοῦ
3141 1752 3223 1804 δεῖ
3260 1753 3450 1816 ,εἴδους
3495 1772 3674 1825 παρα-

2105 1818 2361 1903 δείγματι
2393 1852 2454 1889 τε
2496 1838 2592 1890 καὶ
2620 1840 2812 1906 εἰκόνι,
2841 1839 2964 1895 οὐτε
3003 1843 3052 1894 εί
3076 1841 3342 1912 ὁμώνυμά
3372 1845 3539 1910 ἐστιν,
3565 1818 3677 1899 ῶσ-

2104 1942 2213 1995 περ
2255 1922 2350 1980 οὖν
2375 1928 2472 1981 καὶ
2505 1928 2675 1996 εστιν,
2707 1932 2808 1984 οὐκ
2836 1932 2910 1985 ἐτ’
2949 1933 3019 1987 ἂν
3043 1934 3267 2004 οὐδεμία
3306 1940 3556 1993 κοινωνία
3588 1939 3675 2008 εἴη

2104 2015 2304 2079 αὐτῶν,
2362 2016 2396 2087 ἢ
2444 2019 2530 2082 σὺ,
2569 2020 2860 2087 φήσουσιν,
2906 2016 2952 2078 ὧ
3009 2024 3407 2095 Ἀριστότελες,
3450 2032 3519 2083 τὰ
3549 2030 3676 2083 ὄντα

2102 2107 2374 2179 ὁμώνυμα
2405 2111 2575 2177 ἀξιῶν
2600 2108 2743 2168 εἶναι
2789 2116 2881 2168 καὶ
2922 2118 3180 2186 οὐδεμίαν
3209 2121 3392 2186 αὐτοῖς
3432 2123 3674 2193 ἀλλήλων

2103 2198 2391 2253 κοινωνίαν
2416 2199 2672 2265 ἀξιώσεις
2701 2198 2877 2272 εἷναι;
2921 2206 3063 2259 Ἀλλ’
3093 2208 3188 2263 ἀτε
3221 2213 3400 2280 φήσας
3418 2213 3479 2265 τὸ
3501 2213 3676 2266 τοιοῦ-

2101 2303 2193 2341 τον
2221 2288 2480 2358 οὐδαμοῦ,
2528 2293 2631 2345 οὐκ
2675 2293 2741 2348 ἄν
2784 2313 2915 2351 ποτε
2960 2300 3148 2368 φαίης,
3177 2300 3311 2356 ἀλλὰ
3342 2302 3438 2356 νῦν
3480 2321 3543 2372 γε
3570 2304 3676 2358 ὐπὸ

2104 2375 2407 2445 βασκανίας
2432 2381 2531 2451 τῆς
2561 2382 2697 2453 πρὸς
2725 2385 2872 2454 ἡμᾶς
2903 2391 3172 2460 προσποιῇ
3201 2391 3436 2458 ἀγνοεῖν,
3467 2393 3543 2457 ὡς
3565 2394 3672 2446 τῶν

2100 2470 2413 2541 ὁμωνύμων
2445 2474 2514 2527 τά
2547 2475 2647 2543 μὲν
2695 2476 2755 2529 οὐ
2806 2482 3053 2532 κοινωνεῖ
3102 2481 3372 2552 ἀλλήλοις,
3401 2485 3471 2540 τά
3508 2486 3563 2541 δέ
3597 2504 3668 2556 πη

2101 2562 2196 2615 καὶ
2228 2567 2499 2632 κοινωνεῖ,
2526 2566 2623 2621 καὶ
2653 2569 2681 2620 ό
2708 2568 2932 2638 ἀνδριὰς
2963 2572 2991 2625 ό
3016 2573 3330 2643 Λυσάνδρου
3361 2576 3438 2646 τῷ
3466 2578 3674 2632 Δυσάν.

2099 2653 2210 2721 δρῳ
2244 2655 2345 2708 οὐκ
2373 2656 2757 2729 ἀκοινώνητος,
2789 2661 2911 2715 οὐδέ
2933 2678 2997 2731 γε
3024 2663 3188 2717 εἰκὼν
3211 2666 3414 2737 ἑκάστη
3445 2669 3523 2736 τῷ
3551 2671 3675 2722 ἑαυ-

2099 2746 2199 2815 τῆς
2224 2747 2652 2820 παραδείγματι.
2687 2752 2809 2805 Ἔτι
2837 2753 2891 2807 τί
2936 2772 3089 2820 ποτε,
3127 2759 3282 2826 φησὶ,
3308 2761 3672 2827 ωμὸάλλεται

2098 2837 2167 2891 τά
2202 2837 2344 2918 εἴδη,
2377 2839 2410 2909 ἦ
2450 2842 2563 2903 τοῖς
2592 2841 2784 2906 ἀϊδίοις
2813 2842 2922 2898 τῶν
2950 2845 3248 2916 αἰσθητῶν,
3278 2848 3310 2918 ἢ
3353 2850 3464 2911 τοῖς
3494 2866 3672 2917 γιγνο-

2104 2908 2407 2998 μένοίςίτε
2446 2932 2539 2985 καὶ
2586 2931 3008 3005 φθειρομένοις;
3064 2908 3188 2991 οὐτε
3235 2908 3355 3010 -γάρ
3407 2908 3674 3013 xlv-hosti);

2099 3027 2270 3091 ἐστιν,
2303 3023 2429 3079 οὐτε
2473 3026 2779 3097 μεταδολῆς
2826 3030 3083 3101 οὐδεμιᾶς
3132 3035 3283 3088 αἴτια
3313 3035 3516 3096 αὐτοῖς.
3557 3036 3670 3089 Ἐν·
3736 3092 3747 3098 ,

2099 3117 2273 3171 ταῦθα
2319 3119 2483 3188 δῆλον
2540 3118 2846 3191 πεποίηκεν
2889 3121 3286 3194 Ἀριστοτέλης,
3338 3126 3460 3178 ὅτου
3506 3126 3666 3180 ἕνεκα

2103 3208 2217 3268 τοῖς
2246 3206 2411 3260 εἴδεσι
2442 3206 2703 3276 πολεμεῖ..
2734 3207 2874 3261 Ὑπὸ
2905 3210 3012 3278 γὰρ
3039 3209 3134 3264 τοῦ
3165 3212 3304 3283 μήτε
3328 3213 3538 3267 οἴεσθαι
3571 3215 3673 3285 μή·

2101 3312 2160 3350 τε
2186 3296 2471 3367 βούλεσθαι
2502 3294 2638 3351 εἶναι
2664 3317 2719 3352 τι
2747 3302 2856 3363 τοῖς
2882 3301 3075 3365 ἀῖδίοις
3111 3303 3289 3356 αἴτιον
3318 3303 3411 3357 τοῦ
3450 3300 3586 3360 εἶναί
3614 3303 3673 3358 τε

2099 3390 2194 3443 καὶ
2220 3370 2542 3457 ὑφεστάναι,
2592 3391 2733 3462 πλήν
2762 3409 2826 3462 γε
2853 3393 2919 3462 δὴ
2944 3393 3039 3447 τοῦ
3063 3397 3335 3450 κινεῖσθαι
3369 3396 3531 3461 μόνου
3563 3399 3675 3459 τοῖς

2096 3480 2262 3534 εἴδεσι
2291 3481 2536 3553 πολεμεῖ.
2559 3484 2628 3537 Ἢ
2655 3484 2709 3536 τί
2738 3501 2868 3539 ποτε
2888 3485 3038 3556 αὐτῷ
3065 3485 3314 3557 βούλεται
3338 3489 3419 3557 τό,
3455 3489 3519 3542 Τί
3543 3507 3673 3543 ποτε

2099 3572 2470 3644 συμϐάλλεται
2503 3575 2573 3629 τὰ
2601 3576 2714 3647 εἴδη
2746 3579 2779 3649 ἢ
2811 3580 2927 3642 τοῖς
2958 3579 3151 3643 ἀϊδίοις
3177 3580 3286 3633 τῶν
3314 3582 3606 3651 αἰσθητῶν,
3639 3583 3672 3651 ἢ

2095 3669 2209 3731 τοῖς
2234 3669 2585 3739 γιγνομένοις
2614 3686 2673 3723 τε
2704 3671 2799 3723 καὶ
2835 3664 3253 3742 φθειρομένοις
3287 3674 3423 3727 Οὔτε
3465 3675 3563 3743 γάρ
3592 3691 3675 3726 κι-

2095 3759 2306 3829 νήσεώς
2338 3763 2512 3827 ἐστιν,
2547 3765 2673 3817 οὐτε
2722 3763 3031 3834 μεταϐολῆς
3083 3765 3340 3836 οὐδεμιᾶς
3385 3764 3532 3820 αἴτια
3576 3764 3676 3819 αὐὶ

2094 3854 2207 3915 τοῖς
2228 3869 2244 3919 ;
2275 3853 2307 3918 ἢ
2337 3852 2499 3923 δῆλον
2545 3854 2619 3917 ῶς
2660 3855 2784 3909 ἐπεὶ
2822 3859 2935 3920 τοῖς
2958 3858 3068 3927 ’μὲν
3109 3859 3453 3928 γιγνομένοις
3487 3876 3544 3910 τε
3581 3859 3676 3911 καὶ

2098 3941 2472 4013 φθειρομένοις
2521 3945 2630 3998 τῶν
2650 3963 2708 3999 τε
2741 3947 3000 4017 ὁμοειδῶν
3034 3948 3101 4002 τὰ
3131 3948 3429 4017 γεννῶντα,
3462 3949 3551 4001 καὶ
3583 3948 3675 4001 τὶν

2097 4033 2251 4104 ἥλιον
2273 4034 2458 4088 ἰκανὸν
2488 4036 2661 4089 οἴεται
2693 4038 2858 4101 αὐτδς
2888 4038 3036 4092 αἴτια
3061 4039 3383 4104 ἀποδώσειν,
3413 4040 3480 4094 τὰ
3510 4041 3556 4094 δ’
3585 4038 3673 4092 dl-

2098 4125 2186 4178 δια
2231 4126 2342 4180 τῶν
2382 4125 2657 4196 αἰσθητῶν
2692 4130 2958 4183 κινεῖσθαι
2984 4130 3084 4198 μὲν
3113 4132 3277 4195 αὐτὸς
3330 4131 3391 4186 οὐ
3423 4148 3554 4203 φησι
3586 4135 3675 4186 διά

2101 4221 2167 4274 τά
2189 4222 2327 4290 εἴδη,
2359 4224 2415 4286 ἐς
2444 4221 2502 4275 δὲ
2528 4223 2627 4291 τὴν
2662 4224 2852 4277 οὐσίαν
2880 4225 2973 4279 καὶ
3006 4226 3068 4278 τὸ
3090 4222 3229 4280 εἶναι
3252 4229 3351 4281 οὐκ
3381 4229 3550 4280 οἴεται
3585 4230 3673 4281 al-

2103 4313 2219 4367 τίου
2254 4314 2571 4369 οὐδοτουοῦν
2595 4317 2822 4381 δεῖσθαι,
2856 4317 2945 4371 διὰ
3003 4317 3183 4385 τοῦτο,
3219 4319 3284 4373 Τί
3319 4337 3482 4383 ποτε,
3515 4321 3668 4389 φησὶ,

2107 4407 2475 4478 συμϐάλλεται
2515 4409 2699 4472 αὐτοῖς
2721 4408 2788 4463 τά
2807 4409 2923 4480 εἴδη
2949 4427 2964 4479 ;
3008 4410 3167 4466 Ἀλλά
3207 4411 3340 4482 φαίη
3378 4414 3442 4466 ἄν
3465 4429 3568 4474 τις,
3594 4412 3670 4474 ὡς

414 4504 579 4543 unam
615 4490 758 4546 illam
791 4495 1046 4559 speciem,
1095 4512 1216 4566 qua:
1240 4499 1498 4553 omnibus
1530 4504 1978 4572 corruptibilibns

2099 4499 2170 4568 τῷ
2200 4497 2562 4571 πρεσϐυτάτῳ
2599 4499 2721 4570 Θεῷ
2758 4502 2904 4571 μόνῳ
2934 4502 3106 4556 οἴεται
3136 4502 3342 4570 ταύτην
3367 4502 3431 4557 ἂν
3459 4504 3670 4573 προσή-

414 4580 470 4635 in
512 4596 617 4635 una
666 4584 965 4655 eademque
1014 4587 1131 4641 idea
1182 4599 1394 4658 praeest,
1446 4606 1553 4645 non
1609 4594 1789 4649 minus
1841 4598 1986 4652 suffi-

411 4689 535 4728 cere
583 4675 648 4728 ad
702 4692 868 4730 unum
937 4679 1168 4745 quodvis
1197 4682 1344 4748 prius
1377 4684 1796 4753 nonexsisteus,
1838 4705 1985 4745 nunc

412 4767 631 4820 demum
673 4770 726 4821 in
772 4766 947 4824 lucem
1001 4771 1438 4839 producendum,
1473 4766 1634 4839 quam
1664 4778 1826 4832 etiam
1862 4795 1985 4835 eor-

415 4867 575 4929 rupto
631 4861 828 4923 quovis
876 4876 1086 4927 eorum,
1138 4879 1259 4934 qua:
1298 4866 1578 4939 ,quutidie
1638 4868 1989 4927 dissolutioni

412 4961 540 5006 sunt
597 4952 859 5019 obnoxia,
918 4955 987 5010 ad
1024 4958 1386 5012 renovandam
1451 4961 1504 5014 in
1543 4962 1742 5016 animis
1778 4966 1984 5035 aliquid

412 5044 479 5098 de
514 5045 633 5115 ipso
662 5047 1042 5115 cogitantium,
1088 5048 1331 5118 ejusdem
1367 5051 1685 5124 imaginem.
1722 5053 1841 5110 [huc
1884 5057 1988 5128 ita-

410 5152 520 5205 que
557 5137 613 5198 ii.
638 5137 729 5206 qui
762 5137 973 5207 species
1003 5140 1368 5209 conSIituunt,
1396 5141 1663 5211 ejusmodi
1699 5163 1991 5216 arguimu-

415 5230 502 5295 tis,
535 5230 732 5300 quibus
793 5231 1114 5289 Aristoteles
1161 5234 1305 5303 ipsos
1333 5245 1634 5305 oppugnat,
1691 5238 1992 5306 responde-

415 5323 571 5386 bunt,
608 5324 1044 5395 persulventque,
1079 5327 1348 5395 inquibus
1371 5326 1507 5381 nihil
1533 5344 1637 5381 nou
1659 5331 1993 5384 cuuveniens

417 5413 547 5467 nihil
579 5428 687 5468 non
718 5430 830 5469 suae
858 5404 1096 5484 ipson-uni
1124 5416 1382 5471 doctrina:
1405 5429 1833 5474 consentaneum
1867 5436 1992 5489 pro-

417 5503 611 5559 i'erent.
638 5503 744 5559 Sed
769 5505 880 5574 jam
924 5509 984 5559 ad
1015 5522 1099 5571 ea,
1134 5524 1256 5577 qua:
1308 5520 1438 5565 sunt
1474 5510 1631 5579 digna
1668 5526 1993 5577 inemoratu,

417 5596 674 5665 deinceps
742 5605 1105 5653 transeamus.
1156 5595 1426 5653 Praeterea
1486 5601 1708 5664 accidit,
1776 5611 1833 5655 ut
1883 5616 1992 5656 non

421 5682 666 5740 binarius
701 5685 768 5739 sit
801 5686 1028 5754 primus,
1060 5688 1152 5743 sed
1183 5705 1463 5744 numerus.
1492 5693 1674 5758 Atqui,
1711 5692 1991 5758 inquient,

424 5776 552 5843 quid
591 5778 896 5846 prohibeat,
924 5796 1030 5849 quo
1062 5781 1243 5835 minus
1284 5798 1565 5850 numerus,
1606 5787 1695 5855 qui
1734 5785 1840 5839 illic
1890 5797 1992 5857 est,

2093 4608 2210 4645 κειν
2242 4591 2338 4661 τὴν
2362 4591 2561 4645 αἰτίαν.
2608 4592 2768 4645 Ἀλλά
2805 4594 2964 4647 τοῦτο
3002 4594 3147 4667 ἄλλῳ
3178 4596 3277 4665 μέν
3321 4613 3398 4665 τῳ
3426 4595 3576 4664 ἀνείη
3602 4596 3669 4648 ἂν

2091 4684 2288 4746 εἰπεῖν,
2322 4682 2682 4753 Ἀριστοτέλει
2711 4685 2758 4738 δ’
2785 4687 2885 4740 οὐκ
2912 4686 3059 4741 ἐστιν
3088 4688 3283 4742 εἰπεῖν.
3308 4688 3406 4740 Διά
3430 4687 3482 4740 τί
3503 4704 3518 4754 ;
3547 4687 3670 4739 Ὀτι

2092 4767 2265 4840 αὐτὸς
2304 4776 2371 4831 ἂν
2423 4777 2514 4846 ὐφ’
2558 4777 2727 4832 αὑτοῦ
2785 4781 3152 4852 περιτραπείη
3208 4782 3256 4834 εί
3303 4781 3459 4833 τοῦτο
3505 4780 3668 4833 εἴποι.

2038 4934 2042 4939 ἡ
2093 4866 2447 4939 Πυνθάνομαι
2486 4869 2597 4938 γὰρ
2625 4869 2690 4939 δὴ
2721 4871 2977 4925 τοσοῦτον
3006 4871 3115 4925 τῶν
3154 4872 3306 4942 αὐτῷ
3349 4872 3672 4942 προσκειμέ-

2092 4978 2224 5026 νων,
2255 4960 2308 5013 τί
2337 4961 2400 5033 δή
2429 4978 2563 5016 ποτε
2592 4964 2651 5016 οὐ
2694 4963 2772 5032 τῷ
2804 4965 2953 5035 αὐτῷ
2981 4964 3227 5034 Θεῷπάς
3259 4965 3502 5036 κινήσεις
3532 4965 3673 5018 ἀπά-

2096 5068 2195 5114 σας
2226 5052 2327 5117 τὰς
2357 5053 2480 5108 κατ’
2503 5056 2730 5127 οὐρανὸν
2760 5057 3079 5125 ἀπένειμεν,
3106 5056 3223 5110 ἀλλ’
3257 5057 3385 5111 ἀλλο
3428 5056 3564 5127 άλλη
3593 5074 3674 5110 κι-

2093 5144 2219 5196 νοῦν
2252 5146 2462 5215 κινήσει
2494 5147 2819 5217 ἐφίστησινς
2859 5147 2891 5218 ἢ
2924 5146 3082 5216 δῆλον
3102 5148 3188 5217 δὴ,
3216 5149 3298 5201 ὃτι
3319 5148 3387 5202 δι’
3422 5151 3596 5201 έκεῖνο
3615 5146 3673 5198 τὸ

2095 5236 2332 5306 ἀξίωμα,
2361 5237 2465 5293 κᾶν
2499 5240 2670 5293 πλείω
2708 5242 2951 5294 πλείοσιν
2986 5239 3177 5304 οὐσαις
3207 5244 3330 5300 ταῖς
3363 5242 3560 5305 ἁῖδίαις
3584 5243 3673 5293 οὐ-

2098 5327 2240 5391 σίαις
2271 5328 2465 5400 ἐφίστη
2513 5329 2582 5382 τὰ
2624 5332 2966 5401 παράγοντα,
3001 5331 3055 5385 εἴ
3093 5348 3155 5399 γε
3209 5327 3350 5384 εἷναί
3399 5349 3453 5382 τι
3497 5331 3675 5384 αὐτῶν

2094 5419 2231 5482 ὅλως
2282 5419 2457 5474 αἴτιον
2508 5420 2645 5492 ᾤετο
2671 5438 2686 5489 ;
2733 5425 2781 5475 εἰ
2830 5423 2908 5484 δὲ,
2939 5424 3023 5476 ὅτι
3051 5424 3273 5491 εἰκόνας
3303 5423 3510 5476 ἑαυτῶν
3536 5440 3674 5491 παρ-

2096 5511 2333 5579 άγοντα;
2370 5513 2433 5566 οὐ
2466 5513 2575 5582 γάρ
2603 5513 2668 5566 ἂν
2708 5516 2943 5585 πάμπαν
2984 5532 3048 5583 γε
3080 5515 3375 5568 ἀπεοικότα
3406 5515 3509 5569 κᾶν
3541 5515 3677 5569 αὐτά

2099 5602 2525 5673 παραδείγματα
2584 5599 2653 5675 ἦν
2707 5607 2919 5668 αὐτοῖς.
2964 5607 3072 5659 Καὶ
3117 5606 3290 5670 οὕτως
3348 5607 3415 5659 ἂν
3464 5606 3538 5675 τῷ
3570 5606 3678 5661 τῶν

2098 5692 2252 5745 εἱδῶν
2282 5694 2426 5764 λόγῳ
2457 5696 2553 5748 καὶ
2578 5698 2742 5761 αὐτὸς
2774 5698 3009 5752 ἐνταῦθα
3038 5699 3171 5765 γοῦν
3218 5699 3536 5769 συνεχώρει.
3566 5700 3679 5751 Νῦν

2100 5787 2154 5839 δὲ
2185 5786 2338 5857 δῆλός
2377 5789 2521 5841 ἐστιν
2557 5789 2654 5842 οὐκ
2696 5792 2939 5862 οἰόμενος
2983 5788 3123 5846 εἶναί
3169 5810 3217 5845 τι
3271 5793 3443 5846 αἴτιον
3490 5792 3671 5846 αὐτῶν
