4078 6406
386 388 496 453 9‘25

1066 381 1166 443 DE
1204 381 1635 444 PLATONICA
1671 383 1768 443 ET
1799 381 2379 447 ARISTOTELlCA
2415 385 2954 449 PHILOSOPHI.\.

3551 381 3656 448 926

389 500 747 574 παραγωγδν,
779 498 895 554 ἀλλ’
928 498 1072 552 οὑτω
1104 516 1164 553 τε
1195 498 1290 551 καὶ
1322 498 1579 561 τοιαύτας
1606 499 1714 551 ἀπὸ
1742 497 1836 551 τοῦ
1871 498 1971 551 αὑ-

2080 517 2188 564 tum
2226 507 2296 565 sit
2316 507 2614 577 singularis
2635 516 2748 561 tum
2778 507 2898 577 ipso
2922 506 3137 562 binario
3197 506 3349 576 prior
3381 504 3656 567 exsistat?

386 596 627 667 τομάτου
657 592 968 664 εὑρημένας
1018 590 1291 645 κινεῖσθαι
1344 591 1504 658 μόνον
1556 589 1693 659 πρός
1723 606 1776 643 τι
1816 589 1973 654 τέλος

390 691 485 743 καὶ
512 688 606 742 τὸν
629 685 785 739 Θεόν.
824 684 987 737 Ἀλλὰ
1014 683 1142 754 μὴν,
1172 686 1358 754 φησιν,
1390 680 1517 736 οὗτε
1551 683 1689 752 πρὸς
1713 682 1813 752 τὴν
1852 683 1976 736 ἑπι-

393 783 610 852 στήμην
635 778 788 833 οὐδὲν
824 777 1011 848 βοηθεῖ
1040 778 1139 845 τὴν
1186 777 1290 829 τῶν
1324 776 1520 842 ἄλλων,
1569 776 1631 830 οὑ
1682 776 1791 844 γὰρ
1818 774 1975 829 οὑσία

391 874 577 927 ὲκείνα
611 870 843 924 τούτων.
888 869 978 922 Ἐν
1011 867 1222 931 τούτοις
1270 867 1379 937 γὰρ
1414 867 1480 921 ἂν
1509 863 1600 937 ἦν,
1642 864 1759 918 οὑτ’
1800 867 1880 928 εἰς
1913 864 1975 918 τὸ

391 960 532 1018 εἶναι
562 962 638 1034 μὴ
660 959 1038 1031 ἐνυπάρχοντά
1058 975 1123 1028 γε
1144 960 1256 1023 τοῖς
1282 959 1590 1029 μετέχουσι.
1619 958 1716 1022 Τίς
1741 958 1859 1011 ποτ’
1882 952 1975 1012 οὖν

399 1056 530 1126 περί
560 1052 769 1115 εἰκόνος
792 1052 1018 1122 ἄμεινον
1037 1050 1395 1118 διαγνώσεται
1418 1067 1434 1118 ;
1466 1051 1532 1102 Ἀ
1543 1052 1590 1118 ρ’
1612 1050 1710 1120 οὐχ
1741 1051 1769 1103 ό
1797 1050 1893 1102 καὶ
1915 1048 1975 1102 τδ

395 1145 749 1214 παράδειγμα
800 1140 956 1206 είδώς
982 1158 997 1209 ;
1031 1142 1230 1212 οὑ’γάρ
1256 1158 1361 1195 ⁶που
1406 1144 1434 1195 ὁ
1462 1141 1623 1195 τοῦτο
1653 1141 1868 1208 ἀγνοῶν
1896 1140 1975 1211 τῷ

392 1255 457 1307 γε
490 1237 654 1291 εἰδότι
682 1235 740 1304 ἐξ
773 1236 890 1289 ῐσου
923 1235 1052 1303 περὶ
1080 1237 1181 1304 τῆς
1210 1235 1417 1298 εἰκόνος
1447 1234 1694 1304 διαγνοίη
1730 1235 1819 1289 ἄν.
1853 1234 1976 1297 Πῶς

394 1329 439 1382 δ’
473 1329 651 1391 οὐδεὶς
681 1328 741 1380 τὸ
769 1325 911 1380 εἷναι
959 1328 1074 1389 τοῖς
1115 1326 1296 1387 ἄλλοις
1333 1326 1501 1397 βοηθῇ
1536 1327 1603 1380 ἂν
1644 1329 1747 1381 κᾶν
1785 1326 1858 1397 μὴ
1889 1326 1975 1377 ὲν-

393 1420 704 1489 υπάρχῃ,εῖ
725 1434 788 1486 γε
807 1418 956 1471 αἰτία
992 1417 1079 1487 εῐη
1114 1415 1322 1484 αύτῶν;
1352 1418 1472 1471 Ἔτι
1500 1417 1683 1490 φησὶν,
1713 1418 1786 1472 Οὑ
1814 1417 1975 1485 μόνον

393 1511 504 1563 τῶν
528 1508 804 1579 αἰσθητῶν
854 1508 1276 1579 παραδείγματα
1310 1509 1382 1561 τὰ
1410 1507 1553 1577 εῐδη,
1587 1508 1724 1563 ἀλλὰ
1753 1511 1850 1564 καὶ
1878 1511 1977 1562 αὑ-

393 1602 525 1666 τῶν,
563 1597 677 1655 οἷον
705 1601 767 1655 τδ
814 1601 972 1669 γένος
1000 1601 1111 1655 τῶν
1143 1600 1218 1666 ὡς
1249 1601 1445 1671 γένους
1495 1601 1674 1661 είδῶν.
1710 1601 1876 1656 Ὥστε
1914 1601 1975 1655 τὸ

388 1694 528 1748 αὑτὸ
562 1693 717 1746 ἔσται
745 1692 1105 1764 παράδειγμα
1148 1694 1247 1747 καὶ
1283 1692 1472 1748 εἰκών.
1516 1692 1662 1747 Ἀλλ’
1685 1693 1734 1745 εἰ
1769 1694 1868 1763 μὲν
1896 1692 1976 1762 τῷ

392 1784 546 1854 αὑτῷ
592 1783 689 1839 τοῦ
740 1784 910 1840 αὑτοῦ
955 1784 1369 1856 παραδείγματί
1408 1782 1467 1838 τε
1506 1784 1600 1838 καὶ
1623 1785 1794 1838 εἰκόνι
1832 1778 1973 1838 εἶναι

2091 599 2357 657 Βίιατίιιε
2409 608 2589 654 autem
2646 598 2720 654 sit
2772 598 2980 666 primus
3020 599 3192 655 nostri
3223 598 3384 665 lmjus
3413 596 3656 661 numeri,

2082 693 2175 763 qui
2207 691 2423 746 dilatari
2468 690 2688 759 potest?
2714 690 2803 744 Ait
2832 691 2985 754 item,
3016 690 3060 745 si
3117 693 3327 760 species
3357 706 3453 756 per
3505 690 3655 744 acci-

2082 783 2217 839 dens
2245 800 2351 838 non
2382 783 2799 852 participentur,
2828 783 3190 838 essentiarum
3213 785 3655 839 duntaxateruut

2083 876 2313 946 species.
2345 875 2424 930 ita
2442 875 2661 943 quidem
2681 874 3097 942 respondebunt
3145 874 3243 935 illi.
3274 877 3317 930 si
3354 876 3534 929 omnia
3559 884 3653 928 aut

2082 978 2267 1023 essent
2318 970 2598 1029 essentias,
2633 977 2726 1021 aut
2750 983 2845 1036 per
2878 968 3133 1022 accidens
3172 967 3427 1023 essentiis
3476 967 3643 1021 adlue

2002 1111 2019 1119 _
2082 1068 2293 1126 rerent,
2363 1069 2477 1113 tum
2506 1075 2636 1113 vero
2658 1058 2839 1114 locum
2874 1062 3106 1129 aliquem
3150 1057 3383 1113 fortasse
3432 1057 3657 1112 haberet

2080 1151 2137 1206 id
2168 1151 2314 1218 quod
2350 1150 2584 1220 profers.
2617 1149 2772 1206 Nunc
2799 1162 2974 1204 autem
3006 1166 3128 1205 cum
3181 1150 3234 1203 in
3272 1149 3435 1204 rebus
3484 1147 3652 1203 exsis-

2083 1253 2202 1299 tant
2233 1243 2434 1314 aliqua,
2464 1258 2588 1310 qum
2642 1243 2807 1297 etiam
2854 1258 2950 1312 per
2979 1258 3038 1298 se
3067 1242 3325 1299 essentiis
3367 1240 3656 1304 inhaerent,

2084 1334 2275 1405 quanti
2319 1334 2537 1389 demum
2593 1333 2856 1388 momenti
2915 1337 3018 1388 erit
3059 1341 3150 1389 tua
3205 1331 3294 1386 illa
3327 1331 3505 1386 ratio?
3553 1327 3657 1383 Ta-

2082 1430 2245 1486 metsi
2280 1430 2428 1485 enim
2481 1444 2694 1496 eorum,
2741 1444 2863 1498 quae
2909 1444 3007 1497 per
3067 1427 3323 1483 accidens
3374 1423 3657 1486 eveniunt,

2081 1521 2522 1590 unumquodque
2550 1520 2619 1576 iis
2656 1520 2858 1590 quibus
2876 1519 3128 1589 proxime
3147 1518 3479 1581 continetur,
3547 1528 3657 1567 non

2082 1613 2224 1668 adsit
2253 1627 2351 1682 per
2380 1627 2460 1676 se,
2494 1627 2605 1668 non
2650 1616 2832 1666 tamen
2866 1614 2935 1667 ab
2980 1612 3069 1675 iis,
3100 1625 3220 1679 quae
3250 1623 3349 1679 per
3386 1621 3446 1661 se
3479 1603 3658 1666 exsis-

2079 1711 2222 1766 tunt,
2249 1696 2333 1760 est
2388 1717 2611 1773 prorsus
2686 1704 2988 1766 diversum,
3040 1702 3309 1772 siquidem
3384 1693 3659 1768 ejusmodi

2086 1798 2265 1853 omnia
2279 1797 2513 1867 plurium
2530 1811 2821 1851 causarum
2837 1810 3107 1850 concursu
3127 1793 3399 1853 eveniant,
3417 1804 3652 1859 quarum
3728 1816 3735 1821 α

395 1876 735 1941 συνέϐαινεν,
788 1878 845 1940 ἐς
893 1877 1092 1933 ἄτοπον
1139 1876 1206 1930 ἄν
1256 1893 1311 1929 τι
1353 1874 1431 1947 τῷ
1476 1876 1592 1930 δντι
1657 1875 1904 1945 ἀπήγετο
1949 1876 1976 1927 ὁ

2083 1864 2426 1957 unaquaeque
2454 1902 2550 1956 per
2575 1902 2633 1943 se
2673 1885 2823 1952 facit,
2848 1885 3111 1957 quidquid
3148 1884 3296 1948 facit,
3320 1896 3499 1950 neque
3526 1893 3657 1933 vero

393 1968 573 2036 λόγος,
629 1968 819 2037 ὥσπερ
864 1969 931 2021 ἂν
971 1969 1022 2021 εἰ
1063 1968 1144 2038 τῷ
1209 1967 1358 2038 αὑτῷ
1405 1966 1499 2021 τοῦ
1550 1965 1716 2021 αὑτοῦ
1769 1965 1978 2036 μείζονί

394 2076 455 2115 τε
499 2059 618 2130 ἅμα
667 2055 806 2114 εῖναι
855 2060 949 2112 καὶ
976 2060 1150 2129 μείονι
1184 2059 1521 2114 συνέϐαινεν.
1554 2059 1667 2114 Νῦν
1708 2058 1765 2111 δὲ
1795 2058 1847 2109 τί
1873 2073 1980 2108 κω-

396 2153 513 2205 λύει
561 2152 621 2205 τδ
678 2150 809 2205 αὐτὸ
854 2150 1044 2220 ἑτέρου
1081 2152 1181 2224 μὲν
1205 2152 1411 2215 εἰκόνα,
1460 2153 1648 2222 ἐτέρου
1691 2151 1747 2204 δὲ
1796 2151 1979 2222 παρά-

396 2247 598 2315 δειγμα
650 2240 830 2311 είναι;
860 2247 933 2298 Ἦ
984 2245 1087 2299 οὑκ
1116 2245 1435 2316 ἀνδριάντος
1469 2245 1678 2309 εἰκόνος
1712 2244 1866 2308 ὄντος
1905 2247 1979 2299 εἰ-

399 2340 534 2393 κόνα
584 2336 877 2408 ζωγράφος
930 2338 1185 2409 γράψειε,
1227 2341 1322 2392 καὶ
1365 2338 1572 2407 ταύτης
1600 2338 1682 2391 ἔτι
1727 2339 1787 2391 ὲν
1818 2337 1979 2391 ὕδατι

398 2429 620 2485 εἴδωλον
648 2431 714 2485 ἄν
745 2448 800 2484 τι
839 2431 1054 2500 γένοιτο
1073 2448 1091 2498 ;
1138 2431 1302 2485 Ἀλλὰ
1331 2429 1491 2485 τοῦτο
1524 2431 1624 2501 μὲν
1660 2430 1977 2500 Ἀριστοτέ-

400 2523 525 2584 λους
543 2525 759 2577 τοιοῦτο
772 2522 833 2576 τδ
857 2524 1186 2593 τερετισμα.
1229 2524 1346 2591 Ἐφ’
1366 2523 1554 2594 ἕτερον
1583 2523 1628 2576 δ’
1651 2523 1818 2576 αὑτοῦ
1853 2518 1980 2593 μετ-

402 2613 592 2685 ίωμεν.
617 2615 738 2669 Ἔτι
780 2616 932 2687 φησί,
959 2616 1083 2669 Τῶν
1110 2633 1170 2670 τε
1211 2616 1366 2670 εἰδῶν
1388 2616 1558 2670 ὄντων
1580 2616 1731 2687 ὅμως
1756 2616 1816 2669 οὑ
1836 2617 1980 2683 γίνε-

396 2723 484 2761 ται
509 2706 580 2761 τὰ
606 2708 867 2778 γινόμενα
884 2708 952 2763 ἃν
975 2703 1104 2780 μὴῇ
1134 2712 1195 2763 τὸ
1223 2711 1467 2775 κινῆσον,
1491 2710 1588 2763 καὶ
1616 2709 1788 2762 πολλὰ
1819 2707 1972 2777 γίνε-

395 2815 486 2854 ται
514 2799 700 2872 ἕτερα,
740 2794 855 2854 οἷον
913 2800 1061 2853 οἰκία
1126 2800 1221 2855 καὶ
1250 2801 1554 2867 δακτύλιος,
1591 2794 1667 2856 ὧν
1719 2799 1780 2854 οὑ
1816 2817 1980 2870 φασιν

396 2889 537 2948 εἶναι
566 2894 705 2964 εἰδη,
738 2894 881 2948 ὥστε
947 2895 1106 2964 δῆλον
1151 2896 1235 2949 ὅτι
1289 2896 1566 2964 ἐνδέχεται
1615 2896 1845 2949 κάκεῖνα
1904 2887 1979 2948 ὧν

399 3005 565 3056 φασιν
621 2987 765 3048 ἰδέας
815 2983 978 3054 εἶναι,
1039 2989 1135 3042 καί
1195 2983 1336 3042 εἷναι
1393 2989 1487 3043 καὶ
1546 2988 1835 3056 γίγνεσθαι
1890 2987 1980 3040 διὰ

395 3077 650 3141 τοιαύτας
701 3077 882 3140 αἰτίας
935 3078 1054 3142 οίας
1098 3080 1193 3133 καὶ
1244 3078 1314 3132 τὰ
1379 3077 1617 3149 ρηθέντα
1690 3079 1808 3144 νῦν,
1863 3077 1976 3131 ἀλλ’

396 3172 456 3225 οὐ
487 3171 575 3225 διὰ
600 3170 667 3225 τὰ
688 3170 823 3241 εἴδη.
859 3171 1005 3225 Ἀλλ’
1038 3172 1161 3225 οὑδὲ
1190 3171 1361 3226 ταῦτα
1393 3171 1661 3242 φήσουσιν
1688 3171 1739 3223 οἱ
1759 3171 1828 3224 τὰ
1862 3169 1978 3238 εῐδη
2010 3216 2052 3272 c

395 3265 679 3332 τιθέμενοι
717 3265 849 3318 ἄνευ
879 3265 1345 3335 παραδειγμάτων
1371 3262 1656 3333 γίγνεσθαι
1692 3265 1742 3316 εἰ
1775 3262 1865 3316 καὶ
1902 3262 1977 3331 μὴ

398 3355 522 3411 καθ’
560 3358 730 3411 ἑαυτὰ
762 3357 1166 3427 ὑφεστηκότων.
1193 3357 1443 3425 Γίγνεται
1472 3356 1582 3426 γὰρ
1604 3355 1694 3410 διὰ
1726 3356 1794 3409 τὰ
1813 3354 1983 3425 νοητὰ

396 3451 464 3503 τὰ
495 3451 552 3502 ἓν
577 3449 686 3503 τῶν
711 3449 1062 3520 δημιουργῶν
1110 3450 1232 3512 ταῖς
1261 3448 1460 3519 ψυχαῖς
1499 3450 1749 3502 ἑκάστων
1798 3464 1986 3518 παρα-

395 3543 683 3612 δείγματα.
718 3543 811 3594 Δεῖ
846 3543 904 3594 δέ
932 3558 1060 3608 που,
1090 3541 1348 3612 φήσουσι,
1377 3540 1475 3593 καὶ
1498 3541 1565 3594 τὰ
1587 3541 1650 3611 δή
1676 3559 1780 3595 που
1801 3540 1983 3608 γιγνό-

402 3651 561 3703 μενα,
589 3634 652 3687 οὑ
680 3635 840 3703 μόνον
870 3634 929 3686 οὑ
956 3632 1161 3703 χείρονι
1186 3633 1298 3687 τῶν
1328 3632 1855 3703 σκευαστῶντούτῳ
1892 3634 1982 3686 αἰ-

398 3725 774 3798 τίαοχρώμενα
793 3725 1104 3796 γίγνεσθαι,
1121 3726 1235 3781 ἀλλ’
1256 3725 1380 3779 οὐδὲ
1399 3724 1514 3797 (an,
1546 3724 1661 3778 ἀλλ’
1684 3726 1779 3778 ἅτε
1805 3725 1985 3795 κρείτ-

401 3837 480 3875 τω
510 3821 690 3873 αὑτῶν
720 3820 911 3885 ὅντων,
946 3819 1215 3889 κρείττονι
1268 3820 1383 3874 καί
1406 3820 1473 3888 τῇ
1508 3818 1675 3888 ἀἰτίᾳ
1720 3803 1981 3888 χρῆσθαι.

412 3909 576 3963 Ἀλλὰ
604 3910 737 3981 φαίη
768 3910 834 3964 ἂν
866 3911 999 3972 ἴσως
1037 3909 1440 3981 Ἀριστοτέλης,
1472 3912 1531 3963 ὲν
1579 3908 1662 3982 τῷ
1703 3909 1856 3980 ἡλίου
1905 3900 1995 3979 νῷ

400 4002 725 4057 καὶτούτων
772 4001 1193 4072 παραδείγματα
1246 4002 1572 4071 ὑφεστάναι,
1627 4002 1724 4055 καὶ
1762 4001 1860 4054 οὐκ
1902 4001 1983 4054 ἔτι

397 4092 506 4146 δεῖν
538 4091 732 4162 ἑτέρου
764 4091 1210 4159 παραδείγματος
1237 4090 1363 4145 καθ’
1396 4092 1558 4144 ἑαυτὸ
1615 4091 1984 4159 ὑφεστηκότος

397 4185 612 4239 οὐδένα.
644 4184 816 4253 Δῆλον
838 4183 950 4252 γὰρ
979 4183 1054 4246 ὡς
1075 4182 1165 4236 τὸν
1195 4183 1347 4253 ἥλιον
1366 4184 1476 4237 τῶν
1510 4185 1855 4253 γιγνομένων
1881 4185 1982 4250 τῆς

399 4277 670 4343 γενέσεως
731 4274 1117 4343 Ἀριστοτέλης
1169 4274 1344 4326 αἴτιον
1395 4273 1628 4329 τίθεται.
1682 4275 1832 4344 Πρὸς
1889 4272 1984 4329 οὖν

397 4366 571 4420 ταῦτά
598 4383 700 4418 που
722 4367 770 4418 οἰ
797 4366 863 4417 τὰ
882 4364 1001 4433 εἴδη
1032 4364 1309 4435 τιθέμενοι
1343 4364 1586 4433 ἐροῦσιν,
1627 4366 1774 4418 Ἀλλ’
1798 4368 1845 4418 εἰ
1880 4367 1984 4435 μὲν

400 4460 689 4529 ἑωρῶμεν,
738 4451 784 4513 ὦ
826 4457 1217 4525 Ἀριστότελες,
1247 4457 1509 4521 ὡσαύτως
1563 4458 1632 4512 τά
1664 4475 1724 4513 τε
1786 4477 1984 4512 σκευα-

2081 1983 2228 2047 talia,
2244 1998 2366 2054 quae
2380 1999 2444 2038 ex
2463 1981 2778 2048 huiusmodi
2792 1980 2975 2035 causis
2995 1978 3298 2048 procedunt
3314 1976 3381 2030 ab
3401 1975 3493 2030 illo
3510 1972 3657 2044 quod

2058 2074 2151 2129 ~sit
2188 2087 2283 2143 per
2304 2088 2384 2137 se,
2403 2073 2629 2128 omnino
2649 2070 2977 2138 discrepant.
2999 2085 3100 2124 nec
3116 2069 3242 2123 item
3262 2068 3307 2122 si
3323 2082 3429 2136 qua
3449 2081 3546 2137 per
3566 2081 3659 2121 ac-

2081 2167 2269 2222 cidens
2283 2165 2562 2229 eveniunt,
2581 2179 2703 2218 cttm
2718 2162 2784 2216 iis
2799 2178 2920 2232 qum
2938 2177 3032 2232 per
3049 2177 3106 2215 se
3122 2161 3278 2223 ﬁunt,
3295 2158 3512 2228 penitus
3532 2158 3657 2211 nul-

2081 2259 2189 2313 lam
2213 2258 2411 2313 habent
2442 2236 2912 2319 communitatem,
2958 2255 3050 2310 sed
3081 2252 3169 2307 illa
3197 2252 3284 2306 his
3311 2251 3442 2319 ipsis
3476 2250 3657 2305 conti-

2082 2359 2302 2413 nentur,
2320 2358 2485 2418 atque
2509 2349 2746 2404 invicem
2768 2348 3003 2415 quadam
3033 2344 3295 2399 alliuitate
3322 2343 3656 2413 junguntur.

2080 2438 2284 2505 Quodsi
2310 2437 2456 2493 enim
2477 2438 2604 2492 dum
2628 2438 2736 2493 ludi
2755 2436 3019 2508 Olympici
3037 2437 3323 2495 instarent,
3342 2435 3423 2489 sol
3442 2433 3657 2488 defece-

2081 2532 2172 2594 rit,
2193 2548 2298 2586 non
2322 2543 2609 2602 pr0pterea
2634 2530 2775 2600 quod
2795 2531 2870 2585 illi
2895 2531 3185 2586 instarent.
3207 2529 3285 2581 sol
3309 2526 3532 2586 defecit.
3558 2541 3658 2580 nec

2083 2628 2209 2681 item
2233 2627 2374 2695 quod
2397 2624 2477 2679 sol
2499 2623 2778 2686 defecerit,
2802 2620 3172 2691 Olympiorum
3192 2631 3404 2689 tempus
3421 2617 3659 2673 instabat

2083 2724 2143 2768 ut
2172 2716 2272 2770 hac
2293 2714 2510 2784 quidem
2530 2715 2737 2767 ratione
2759 2712 2837 2767 sol
2857 2727 2964 2765 non
2986 2726 3080 2780 per
3097 2726 3155 2765 se
3171 2726 3234 2764 eo
3258 2711 3375 2779 ipso
3396 2707 3660 2764 defecerit

2085 2816 2347 2876 tempore,
2376 2821 2488 2875 quo
2528 2804 2784 2859 adessent
2825 2804 3094 2875 Olympia.
3128 2801 3233 2856 Sed
3261 2810 3442 2856 tamen
3477 2815 3660 2856 causae.

2081 2897 2186 2953 illae
2218 2906 2443 2967 propter
2469 2913 2606 2966 quas
2648 2897 2729 2952 sol
2752 2896 2934 2951 deficit
2955 2910 3052 2966 per
3091 2911 3150 2950 se
3169 2894 3438 2950 defectum
3460 2893 3656 2950 effece-

2081 2988 2397 3054 runt,etlex
2418 2989 2530 3043 sive
2546 2988 2857 3043 institutum
2879 2996 3031 3041 vetus
3048 2988 3114 3041 de
3131 2983 3661 3056 celebraudisOlym-

2081 3081 2188 3150 piis
2212 3096 2307 3149 per
2328 3096 2385 3136 se
2403 3080 2538 3135 tales
2561 3080 2720 3135 ludos
2738 3080 3027 3134 ordinavit.
3052 3079 3207 3145 Quod
3240 3088 3420 3132 autem
3438 3093 3546 3131 uno
3562 3091 3659 3131 eo-

2083 3174 2314 3242 demque
2330 3182 2573 3243 tempore
2585 3182 2641 3228 et
2657 3172 2921 3245 Olympici
2939 3172 3046 3226 ludi
3065 3180 3117 3226 et
3130 3168 3376 3225 defectus
3390 3171 3521 3224 solis
3536 3183 3657 3224 con-

2083 3266 2323 3334 tigerint,
2351 3267 2468 3332 eius
2494 3267 2568 3321 rei
2589 3281 2753 3321 causa
2795 3265 3004 3321 exstitit
3032 3264 3314 3333 aequalitas
3366 3264 3480 3318 sive
3513 3277 3661 3317 com-

2082 3360 2291 3413 mensio
2336 3359 2571 3414 ambitus
2597 3358 2915 3427 reditusque
2979 3357 3266 3411 amborum
3308 3355 3450 3409 inter
3495 3368 3572 3417 se,-
3601 3359 3657 3408 et

2082 3452 2245 3522 bnjus
2265 3467 2453 3507 rursus
2470 3451 2794 3521 acqualitatis
2812 3449 2915 3504 alia
2934 3450 3035 3504 fuit
3054 3448 3360 3516 causa,sive
3375 3446 3654 3514 aliae,qua-

2083 3559 2204 3600 rum
2239 3558 2579 3612 unaqumquc
2617 3557 2712 3611 per
2737 3557 2797 3597 se
2830 3542 2883 3596 id
2919 3541 3063 3611 quod
3103 3542 3167 3595 ad
3215 3557 3274 3596 se
3298 3540 3494 3595 attinet
3528 3540 3658 3594 effe-

2083 3637 2243 3691 cerit.
2280 3635 2631 3703 lliucitaque
2660 3640 2904 3701 apparet,
2941 3646 2975 3686 o
3043 3631 3386 3696 Arileteles,
3425 3641 3476 3683 Ie
3533 3631 3655 3685 vio-

2082 3726 2283 3780 lentam
2316 3723 2493 3778 faeere
2531 3722 2937 3777 conclusionem
2970 3721 3101 3775 dum
3178 3719 3439 3781 atiirmas,
3473 3719 3659 3774 omnia

2084 3828 2182 3873 aut
2233 3816 2505 3873 essentias
2540 3814 2745 3879 facere,
2793 3822 2886 3869 aut
2938 3827 3036 3885 per
3093 3813 3349 3867 accidens
3402 3811 3660 3866 essentiis
3712 3804 3723 3822 ⁸

2084 3910 2363 3972 attributa,
2416 3916 2470 3963 et
2515 3907 2603 3962 illa
2638 3921 2851 3969 rursus,
2903 3921 3023 3977 qua:
3076 3914 3207 3961 sunt
3271 3920 3369 3974 per
3402 3903 3661 3960 accidens

2084 4004 2152 4058 ab
2179 4004 2245 4057 iis
2273 4018 2393 4071 qute
2428 4009 2557 4055 sunt
2586 4014 2679 4069 per
2724 4014 2804 4063 se,
2824 3998 3041 4069 penitus
3079 3996 3380 4067 abrumpis.
3428 3994 3661 4051 Prmter—

2083 4112 2146 4151 ea
2200 4094 2403 4165 inquis,
2440 4091 2496 4146 Si
2554 4091 2742 4147 eadem
2809 4091 2880 4146 sit
2944 4088 3149 4158 species
3207 4098 3262 4143 et
3313 4088 3556 4143 idearum
3605 4097 3660 4143 et

2086 4204 2291 4253 rerum,
2343 4185 2545 4256 quibus
2596 4184 2700 4238 illa:
2760 4190 2889 4239 sunt
2947 4182 3306 4251 participatae,
3369 4180 3475 4235 erit.
3526 4194 3659 4234 sane

2089 4283 2357 4353 quaepiam
2419 4279 2561 4332 inter
2590 4278 2706 4347 ipsa
2735 4273 3127 4330 communitas.
3179 4273 3275 4326 Sin
3312 4283 3496 4326 autem
3548 4287 3658 4326 non

2084 4375 2271 4428 eadem
2336 4370 2409 4426 sit
2476 4370 2710 4438 species,
2743 4374 2909 4420 erunt
2970 4373 3118 4420 certe
3182 4364 3484 4435 a‘quivoca,
3559 4379 3659 4420 nec

2082 4467 2196 4538 jam
2254 4463 2498 4533 aliquam
2553 4459 2697 4515 inter
2754 4474 2812 4514 se
2840 4457 3121 4513 habebunt
3175 4456 3655 4511 cornmunitatem.

401 4552 505 4604 στὰ
524 4549 701 4604 ταῦτα
734 4550 839 4603 ὑπὸ
865 4548 975 4601 τῶν
1006 4548 1285 4618 σφετέρων
1316 4548 1668 4619 δημιουργῶν
1719 4550 1979 4620 δημιουρο

2087 4560 2192 4614 Sed
2276 4554 2689 4626 respondebunt
2760 4551 3024 4608 Platonici
3109 4566 3286 4620 neque
3378 4551 3661 4619 exemplar

399 4643 643 4714 γούμενα
673 4642 770 4696 καὶ
807 4642 878 4696 τὰ
933 4639 1094 4708 φύσει
1147 4652 1471 4708 γιγνομενα“
1505 4641 1614 4693 ὑπὸ
1656 4641 1750 4694 τοῦ
1799 4642 1974 4710 ἡλίου,

400 4732 818 4802 συνεχωροῦμεν
851 4729 918 4783 ἄν
956 4728 1151 4794 σουτῷ
1217 4727 1383 4796 λόγῳ.
1441 4727 1580 4780 Νυνί
1640 4728 1700 4781 δὲ
1758 4727 1978 4798 ὁρῶμεν

397 4828 468 4882 τὰ
499 4826 600 4895 μὲν
642 4823 925 4878 σκευαστὰ
950 4822 1143 4887 ταῦτα,
1175 4819 1277 4881 ἕως
1313 4819 1414 4889 μὲν
1450 4819 1517 4874 ἂν
1571 4821 1678 4874 ὑπὸ
1726 4823 1833 4875 τῶν
1881 4823 1978 4891 δη-

298 4920 303 4927 ’
402 4916 685 4987 μιουργῶν
708 4916 1129 4986 δημιουργεῖται
1159 4913 1453 4983 παρόντων
1506 4917 1600 4967 καὶ
1653 4915 1979 4984 ἁπτομένων

400 5010 511 5063 τῶν
532 5010 707 5081 ἔργων
730 5010 822 5062 καὶ
853 5008 993 5062 αύτά
1018 5006 1416 5078 προχωροῦντα
1447 5010 1503 5071 ἐς
1532 5008 1633 5079 τὴν
1664 5009 1978 5079 τελειότητα

402 5103 502 5171 τὴν
523 5103 755 5165 ἑαυτῶν,
791 5102 1228 5170 καταλειφθέντα
1259 5101 1304 5154 δ’
1332 5102 1565 5171 ἡμιτελῆ
1595 5102 1702 5156 ὑπὸ
1746 5102 1858 5155 τῶν
1880 5103 1978 5172 δη-

408 5193 835 5263 μιουργούντων,
861 5193 963 5244 οὐκ
1003 5192 1084 5244 ἔτι
1115 5191 1510 5262 προχωροῦντα
1553 5194 1610 5255 ἐς
1662 5193 1839 5258 οὐδὲν,
1884 5194 1978 5247 ἆτε

398 5286 510 5340 τῶν
533 5284 1015 5354 δημιουργούντων
1043 5284 1105 5335 οὐ
1135 5283 1234 5344 τὰς
1268 5285 1459 5352 χεῖρας
1491 5284 1676 5350 μόνον,
1709 5284 1846 5337 ἀλλὰ
1888 5285 1981 5336 καὶ

397 5380 466 5433 τὰ
506 5378 931 5448 παραδείγματα
988 5377 1160 5429 ταῦτα
1216 5378 1431 5439 ἑαυτοῖς
1466 5378 1974 5446 συναποφερόντων.

398 5474 520 5526 Τῶν
542 5473 600 5526 δὲ
632 5472 792 5540 φύσει
841 5471 1184 5539 γιγνομὲνων
1213 5470 1283 5522 τὰ
1333 5470 1562 5523 πλείστα
1607 5470 1828 5539 ὁρῶμεν
1883 5472 1979 5524 καί

397 5564 492 5618 τοῦ
523 5563 677 5633 ἡλίου
707 5562 1200 5631 ἀποκεχωρηκότος
1232 5561 1370 5615 αὑτά
1394 5561 1474 5614 ἔτι
1500 5563 1557 5625 ἐς
1588 5563 1689 5630 τὴν
1704 5562 1981 5633 τελειότη-

399 5674 470 5712 τα
516 5656 618 5725 τὴν
665 5655 876 5709 ἑαυτῶν
938 5654 1352 5725 προχωροῦντα,
1389 5654 1417 5707 ὃ
1468 5655 1705 5723 μάλιστα
1762 5654 1979 5724 ἔνδηλον

399 5752 646 5818 γίγνεται
707 5749 767 5800 ὲν
824 5749 937 5811 τοῖς
988 5748 1126 5816 ταχὺ
1187 5748 1586 5817 τελειουμὲνοις
1641 5751 1831 5815 φυτοῖς
1890 5750 1979 5801 καὶ

399 5842 652 5910 καρποῖς.
693 5841 759 5895 Ἀ
789 5841 881 5895 καὶ
908 5839 1123 5912 νύκτωρ
1174 5840 1326 5896 οὐδὲν
1360 5837 1521 5912 ἦττον
1548 5842 1577 5911 ἢ
1613 5841 1733 5913 μεθ’
1766 5841 1978 5911 ἡμέραν

2082 4652 2198 4707 sive
2265 4648 2557 4718 imaginem
2629 4646 2871 4715 indigere
2923 4644 3091 4697 altera
3156 4643 3407 4713 quapiam
3475 4645 3659 4713 specie

2081 4740 2381 4805 communi,
2438 4752 2617 4805 neque
2672 4737 2720 4791 si
2771 4738 2883 4790 sint
2936 4736 3238 4805 muttivoca,
3289 4735 3432 4789 sicut
3470 4749 3660 4789 revera

2082 4841 2233 4898 sunt,
2274 4831 2476 4885 nullam
2511 4828 2715 4883 idcirco
2758 4827 3001 4896 ipsorum
3038 4840 3159 4881 esse
3187 4826 3655 4892 communitatem,

2084 4935 2177 4978 aut
2228 4932 2376 4978 certe
2425 4919 2845 4987 interrogabunt
2902 4931 3165 4980 curuam,
3209 4932 3242 4971 ο
3286 4917 3609 4973 Aristoteles
3640 4955 3660 4982 ,

2081 5018 2227 5072 entia
2263 5014 2479 5084 iudicas
2510 5026 2631 5066 esse
2658 5013 2962 5080 aequivoca,
2998 5019 3053 5065 et
3093 5008 3240 5063 nulla
3271 5018 3448 5064 tamen
3486 5012 3658 5066 sentis

2083 5108 2225 5160 inter
2256 5119 2315 5158 se
2341 5101 2840 5155 communicatione
2866 5097 3103 5154 sociari?
3132 5099 3242 5153 Nec
3280 5100 3496 5167 inquies
3540 5099 3655 5153 for-

2083 5211 2249 5260 tasse,
2291 5204 2345 5250 te
2383 5195 2485 5249 hoc
2521 5194 2711 5247 nullibi
2735 5191 2959 5280 disisse.
2986 5191 3043 5245 id
3070 5180 3212 5260 quod
3234 5191 3411 5260 possis
3440 5203 3657 5262 propter

2081 5289 2267 5344 odium
2305 5286 2448 5355 quod
2482 5300 2606 5354 erga
2639 5299 2737 5338 nos
2764 5284 3064 5352 concepisti
3100 5284 3473 5348 dissimulare,
3508 5285 3661 5354 quod-

2083 5379 2339 5434 nimirum
2381 5376 2659 5446 aequivoca
2708 5374 2760 5427 in
2801 5374 3128 5442 quibusdam
3181 5390 3284 5428 uon
3346 5377 3656 5430 communi-

2082 5479 2205 5524 cent
2249 5470 2395 5523 inter
2445 5483 2527 5533 se,
2580 5466 2635 5520 in
2669 5464 2996 5534 quibusdam
3043 5480 3176 5520 vero
3221 5467 3654 5523 communicent.

2081 5559 2216 5615 Nam
2275 5573 2449 5629 neque
2498 5557 2765 5629 Lysandri
2813 5565 2993 5613 statua
3044 5574 3169 5613 cum
3213 5559 3330 5628 ipso
3374 5556 3659 5630 Lysandro

2082 5652 2283 5708 nullam
2315 5665 2541 5719 prorsus
2593 5650 2756 5703 habet
2784 5651 3232 5705 communitatem
3269 5667 3445 5720 neque
3478 5653 3658 5724 imago

2081 5761 2203 5801 cum
2226 5758 2325 5797 suo
2347 5741 2520 5812 ipsius
2542 5740 2934 5809 exemplari.At
2957 5742 3160 5811 inquis,
3183 5754 3463 5812 praeterea,
3482 5744 3655 5812 Quid-

2085 5853 2208 5893 nam
2243 5836 2362 5906 opis
2404 5833 2657 5891 adferunt
2692 5834 2902 5904 species
2965 5844 3058 5889 aut
3090 5834 3251 5891 rebus
3279 5828 3668 5906 sempiternisl
