4078 6408
424 374 527 435 997

1663 352 1994 414 GEORGII
2038 356 2473 420 PLETHONIS

3594 363 3700 428 9‘28

534 536 545 547 ι
579 470 763 527 sensui
796 477 926 526 sunt
964 467 1245 538 subjectae.
1285 475 1379 524 aut
1420 466 1545 522 aliis
1588 467 2013 538 quibuscunque

2126 469 2374 536 φαίνεται
2405 473 2777 544 τελειούμενα.
2806 474 2911 529 Τὸν
2936 475 3038 545 μὲν
3072 474 3165 529 οῦν
3214 473 3367 546 ηλίου
3419 478 3543 531 νοῦν
3589 481 3691 534 οὐκ

429 580 550 636 qua:
597 571 1018 632 et‘generantnr
1048 571 1103 616 et
1153 561 1461 616 intereunt?
1507 575 1685 631 neque
1716 560 1857 615 enim
1890 559 2011 614 elli-

428 658 601 716 cinnt,
635 663 694 707 ut
724 653 829 707 illae
856 652 940 707 vel
981 663 1324 715 moveantur,
1356 650 1446 705 .vel
1481 658 1778 705 mutentur.
1814 646 1914 703 llic
1955 664 2015 703 se

426 746 534 813 jam
582 746 760 816 prodit
786 744 1132 810 Aristotcles,
1180 742 1645 812 manifestumque
1694 740 1823 795 facit
1850 756 2013 809 quam

429 839 501 894 ob
556 853 776 894 causam
834 838 1036 893 bellum
1090 837 1355 892 adversus
1404 836 1556 892 ideas
1613 834 1865 891 moverit.
1922 834 2017 890 ille

430 946 668 1001 tamque
717 944 822 986 nec
881 930 1049 985 sentit
1105 943 1209 985 nec
1254 928 1405 993 vult,
1461 927 1638 983 inesse
1703 927 2015 997 quampiam

433 1022 598 1077 rebus
645 1022 999 1091 sempiternis
1052 1035 1276 1076 causam
1312 1021 1434 1091 ejus
1498 1019 1641 1090 quod
1692 1020 1803 1074 sint
1856 1026 2019 1087 atque

432 1112 731 1177 exsistant,
769 1122 967 1182 praeter
998 1112 1051 1168 id
1083 1112 1233 1183 quod
1259 1123 1569 1179 moventur,
1598 1125 1829 1179 eamque
1850 1109 2018 1164 nimi-

330 1270 339 1277 ,
432 1220 552 1260 rum
584 1206 657 1261 ob
688 1220 915 1261 causam
947 1221 1069 1261 eum
1102 1205 1398 1263 Platonicis
1430 1207 1724 1274 praeliatur.
1760 1206 2016 1272 Alioquin

434 1298 565 1367 quid
602 1298 701 1353 sibi
740 1299 916 1365 vellet,
970 1299 1099 1353 dum
1147 1300 1341 1370 inquit,
1378 1299 1649 1367 Quidnam
1697 1299 1813 1369 opis
1866 1299 2020 1352 adfe-

435 1400 563 1445 runt
610 1393 823 1459 species
870 1400 965 1446 aut
1012 1395 1173 1448 rebus
1230 1394 1580 1462 sempiternis
1639 1407 1763 1462 quas
1827 1392 2013 1448 sensui

436 1492 565 1538 sunt
617 1483 899 1552 subjectae,
957 1493 1052 1540 aut
1104 1485 1226 1540 aliis
1273 1486 1735 1557 quibuscunque,
1793 1500 1915 1555 quae
1961 1493 2015 1541 et

436 1585 766 1642 generantur
797 1585 851 1632 et
880 1576 1203 1632 intereunt?
1245 1594 1420 1647 neque
1449 1578 1595 1633 enim
1636 1576 1907 1642 efficiunt,
1950 1584 2015 1635 nt

2117 561 2187 616 ἀν
2210 562 2352 617 αύτά
2383 563 2463 619 ἑτι
2513 565 2779 622 τελειοῦν.
2838 566 2916 620 Οὐ
2975 567 3086 639 γὰρ
3124 567 3191 622 ἂν
3232 567 3358 631 τοῦς
3408 568 3701 638 μεθεκτοῦς

2070 706 2077 713 ,
2116 651 2341 716 τούτους
2361 655 2490 717 νοῦς
2515 656 2644 710 ἀνευ
2661 656 2771 709 τῶν
2797 658 2951 726 σφίσι
2990 658 3261 712 συνόντων
3289 661 3560 728 σωμάτων
3612 663 3702 717 oil-

2117 740 2333 797 δοτιοῦν
2369 744 2504 816 δρᾷν
2535 744 2673 813 ἔςγε
2719 744 2886 820 ἑτερα
2936 746 3185 815 σώματα.
3242 749 3326 803 Τὰ
3366 749 3424 803 δέ
3480 751 3702 820 σώματα

2121 833 2299 887 πάντα
2331 836 2426 888 καὶ
2458 834 2660 900 θέσεώς
2689 853 2838 900 τινος
2884 836 3093 891 δεῖσθαι
3129 839 3223 892 καὶ
3254 840 3533 909 σχήματος
3568 844 3702 912 πρδς

2118 927 2187 980 τά
2240 927 2565 998 πεισόμενα,
2624 929 2726 983 ὅσα
2773 927 2883 982 τότ’
2932 928 2999 982 ἂν
3028 930 3118 982 τὸν
3174 929 3326 1000 ἣλιον
3364 932 3500 1002 πρὸς
3565 936 3699 989 αὐτὰ

2125 1020 2329 1089 μηκέτι
2354 1019 2524 1091 ἔχειν.
2553 1020 2721 1074 Ὥστε
2752 1022 2950 1091 μηκέτι
2981 1021 3088 1074 ὑπὸ
3112 1021 3207 1075 τοῦ
3243 1022 3395 1092 ἡλίου
3418 1024 3528 1077 τότ’
3546 1025 3612 1079 ἂν
3634 1028 3693 1080 τὰ

2120 1109 2347 1162 τοιαῦτα
2367 1109 2743 1180 τελειούμενα,
2761 1111 2872 1164 οὐδ’
2893 1110 2961 1165 ἂν
2993 1112 3133 1165 αὐτὰ
3160 1113 3229 1166 δι’
3256 1114 3395 1168 αύτά
3424 1115 3696 1184 τελειοῖτο,

2120 1201 2380 1272 οὐδεμίαν
2412 1202 2521 1271 γὰρ
2549 1202 2781 1274 δύναμιν
2840 1204 2899 1267 ἐς
2931 1204 3214 1274 ἐνέργειαν
3266 1211 3575 1276 προχωρεῖν
3625 1213 3697 1278 μὴ

2120 1295 2219 1365 οὐχ
2243 1294 2335 1362 ὑφ’
2359 1296 2557 1364 ἑτέρας
2580 1295 2862 1366 ἐνεργείας
2899 1296 3393 1369 προϐιϐαζομένην.
3421 1301 3542 1354 Οὐδ’
3570 1302 3701 1354 αὐτὸ

2120 1384 2351 1454 δυνάμει
2374 1385 2581 1439 τέλειον
2636 1387 2732 1440 καὶ
2780 1386 2927 1457 ἔργῳ
2976 1387 3107 1440 ποτέ
3159 1389 3363 1442 τέλειον
3421 1391 3699 1465 γίγνεσθαι

2125 1477 2201 1547 μὴ
2235 1478 2334 1549 οὐχ
2363 1478 2455 1547 ὑφ’
2479 1478 2670 1550 ἐτέρου
2699 1496 2792 1533 του
2836 1478 2987 1551 ἑργῳ
3015 1480 3345 1552 τελειοτέρου
3378 1483 3702 1552 προϐισαςό·

2126 1586 2310 1640 μενον.
2346 1571 2446 1623 Διά
2503 1570 2685 1625 ταῦτα
2737 1572 2923 1641 ἡμεῖς,
2982 1572 3239 1639 φήσουσι,
3274 1573 3372 1640 τὴν
3423 1576 3697 1645 ἐνέργειαν

438 1667 543 1720 illae
566 1666 653 1721 vel
693 1675 1022 1722 moveantur
1058 1668 1143 1722 vel
1177 1668 1493 1724 mutentur?
1525 1676 1618 1722 aut
1668 1676 1816 1723 certe
1865 1657 2013 1736 quod

2122 1665 2334 1732 ταύτην
2360 1662 2460 1733 τὴν
2493 1662 2616 1715 τότε
2649 1662 2714 1732 δὴ
2746 1663 2813 1717 τά
2870 1662 3096 1716 τοιαῦτα
3131 1663 3442 1716 τελειοῦσαν
3466 1665 3576 1728 τοῖς
3622 1663 3699 1717 εἴ·

439 1757 528 1811 ille
553 1758 619 1812 ad
651 1760 1057 1830 generationem
1093 1769 1146 1814 et
1189 1760 1596 1829 corruptionem
1634 1773 1817 1813 rerum
1863 1758 2017 1813 simi-

435 1848 539 1903 lem
588 1850 903 1905 habentium
937 1853 1174 1921 speciem
1204 1859 1264 1905 ut
1287 1850 1352 1906 iis
1373 1865 1495 1921 qua:
1524 1859 1787 1922 generant
1807 1860 1861 1906 et
1894 1850 2014 1920 ipso

435 1942 567 2003 sole,
604 1940 969 2009 sufﬁcientes,
1009 1942 1258 2013 satisque
1306 1943 1535 1999 idoneas
1573 1944 1850 1999 existimet
1879 1960 2014 2000 cau-

435 2043 524 2083 sas
549 2029 834 2095 constitui;
864 2037 920 2083 at
944 2046 1031 2085 res
1064 2031 1426 2100 sempiternas
1456 2033 1711 2095 sensibus
1741 2032 2016 2100 subjectas

436 2121 640 2174 moveri
669 2122 888 2191 quidem
918 2138 1025 2177 non
1071 2124 1272 2177 sentiat
1302 2134 1523 2194 prapter
1553 2125 1785 2195 species.
1816 2140 1917 2180 nec
1947 2127 2014 2181 ad

432 2214 723 2269 essentiam
767 2225 819 2269 et
869 2217 1284 2285 productionem
1337 2217 1573 2287 alicujus
1623 2216 1698 2272 rei
1743 2218 1849 2272 alia
1880 2234 2018 2288 qna-

432 2306 575 2376 piant
627 2321 752 2361 esse
816 2321 1004 2372 causa,
1063 2308 1267 2373 idcirco
1320 2310 1517 2379 inquit,
1574 2309 1843 2377 Quidnam
1899 2312 2017 2380 opis

432 2398 665 2452 all‘erunt
701 2399 833 2468 ipsis
861 2400 1114 2469 species?
1144 2399 1249 2455 Sed
1289 2402 1433 2456 dicet
1482 2400 1715 2457 fortasse
1741 2404 2013 2472 quispiam

430 2491 576 2558 quod
614 2490 888 2546 existimet
921 2501 975 2545 et
1003 2491 1329 2547 Aristotcles
1364 2491 1472 2548 Deo
1508 2492 1608 2547 soli
1643 2493 1735 2562 qui
1769 2493 1840 2547 sit
1872 2494 2016 2548 anti-

432 2580 749 2647 quissimus,
782 2583 921 2637 bane
947 2583 1241 2638 convenire
1268 2598 1510 2639 causam.
1544 2582 1625 2638 Ad
1656 2584 1762 2638 boc
1788 2600 2017 2654 respon-

430 2673 624 2728 demus
653 2674 719 2727 de
750 2674 854 2729 alio
884 2676 1102 2744 quidem
1138 2678 1390 2745 quopiam
1430 2678 1531 2732 hoc
1563 2677 1739 2746 ipsum
1791 2676 2018 2747 cogitari

433 2779 615 2834 posse,
636 2766 730 2821 sed
759 2767 982 2823 minime
1001 2769 1066 2823 de
1081 2768 1375 2823 Aristotele
1391 2768 1477 2823 cui
1505 2768 1639 2822 nihil
1660 2768 1763 2822 tale
1785 2769 1839 2821 in
1871 2783 2018 2821 men-

433 2865 539 2909 tem
574 2856 741 2911 veuit.
772 2854 836 2909 Et
861 2871 1086 2912 curnam
1127 2857 1312 2913 istud?
1366 2859 1459 2912 [lle
1500 2873 1736 2928 namque
1776 2858 1880 2915 sibi
1915 2858 2018 2928 ipsi

428 2950 743 3005 contrarius
763 2951 921 3015 foret,
948 2951 992 3004 si
1015 2951 1120 3005 hoc
1143 2952 1369 3018 diceret.
1407 2949 1755 3021 interrogabo
1774 2951 1917 3008 enim
1953 2952 2019 3006 ab

431 3036 564 3101 illis,
594 3040 685 3105 qui
720 3038 822 3092 lioc
856 3038 1116 3107 alliuguut
1145 3038 1274 3109 ipsi,
1308 3055 1408 3095 cur
1444 3057 1549 3096 tton
1600 3041 1689 3096 ille
1726 3043 1871 3096 ltunc
1915 3039 2019 3111 ipsi

2122 1754 2237 1809 δεσι
2279 1754 2493 1818 τούτοις
2550 1754 2919 1824 ἀπονέμομεν.
2970 1755 3081 1809 Καὶ
3118 1755 3240 1827 διχῆ
3294 1756 3362 1811 τὰ
3413 1756 3697 1826 σύμπαντα

2115 1848 2357 1917 χωριστά
2385 1847 2498 1916 εἴδη
2533 1846 2863 1917 διαιροῦντες
2890 1846 2947 1910 ἐς
2984 1864 3043 1900 τε
3105 1847 3267 1901 ιδίανά
3312 1848 3450 1901 αὐτὰ
3502 1848 3570 1902 δι’
3600 1849 3699 1901 αύ-

2119 1938 2229 1990 τῶν
2258 1939 2328 1990 τά
2391 1936 2529 2008 ἔργα
2581 1937 2997 2009 ἐξεργάζεσθαι,
3067 1937 3124 2003 ἔς
3186 1955 3247 1991 τε
3294 1940 3393 2010 οὐχ
3444 1940 3698 2004 ὡσαύτως

2117 2028 2303 2091 ἱκανὰ,
2336 2030 2520 2083 ἐκεῖνα
2553 2028 2652 2099 μέν
2678 2031 2789 2093 τοῖς
2818 2030 2945 2100 τῇδε
2985 2029 3173 2093 ἀϊδίοις
3191 2032 3616 2103 παραδείγματά
3638 2050 3696 2086 τε

2118 2123 2380 2176 καὶ“αί¹τια
2408 2123 2733 2192 ὲφίσταμεν,
2763 2121 2939 2177 ταῦτα
2978 2122 3037 2177 δέ
3089 2124 3204 2188 τοῖς
3247 2124 3377 2194 τῇδε
3418 2125 3693 2196 φθαρτοῖς,

2118 2213 2348 2282 δεόμενα
2400 2213 2499 2283 μὲν
2528 2215 2625 2268 καὶ
2669 2214 2769 2284 τῆς
2836 2214 2991 2284 ἡλίου
3041 2215 3362 2285 συνεργείας
3415 2216 3512 2286 τὴν
3567 2218 3697 2288 ὓλην

2121 2307 2304 2370 αὐτοῖς
2356 2305 2745 2377 προσάξοντος,
2808 2306 2998 2377 ἐπειδὴ
3035 2306 3090 2360 δέ
3136 2306 3356 2362 λάϐοιτο
3407 2308 3505 2378 τῆς
3547 2307 3695 2379 ὕλης,

2118 2396 2330 2465 δρῶντα
2362 2397 2456 2450 καὶ
2489 2396 2630 2451 αῦτά
2657 2397 2724 2451 δι’
2751 2397 2931 2451 αὐτῶν
2980 2398 3061 2451 ἑτι
3117 2400 3175 2462 ἐς
3245 2401 3435 2468 αὑτήν.
3491 2401 3597 2455 Καὶ
3637 2401 3697 2453 ού

2120 2487 2568 2557 καινοποιοῦμεν,
2599 2488 2887 2558 φήσουσιν,
2910 2489 3018 2543 οὐδ’
3050 2491 3233 2553 αἰτίας
3263 2492 3454 2554 καινάς
3480 2534 3496 2558 ,
3529 2493 3603 2556 ὡς
3634 2492 3696 2544 σὺ

2122 2578 2251 2651 φῂς,
2315 2580 2736 2652 ἐφευρίσκομεν,
2794 2581 2932 2636 ἀλλὰ
2985 2582 3074 2634 τὸν
3112 2581 3244 2645 ,τῶν
3303 2583 3495 2637 αίτιῶν
3545 2583 3697 2650 λόγον

2121 2671 2284 2740 ἡμεῖς
2318 2672 2417 2740 μὲν
2448 2672 2628 2743 πλήρη
2661 2674 2772 2736 τοῖς
2793 2672 2944 2728 οὖσιν
2970 2674 3315 2745 ἀποδίδομεν,
3345 2676 3408 2729 σὺ
3442 2674 3486 2728 δ’
3523 2674 3695 2743 ἐνδεῆ.

2121 2761 2324 2815 Διελὼν
2356 2764 2464 2834 γάρ
2488 2778 2592 2816 που
2641 2764 2737 2817 καὶ
2775 2764 2838 2818 σὺ
2856 2767 2914 2828 ἐς
2945 2766 3183 2837 τέτταρα
3219 2766 3285 2819 τὰ
3349 2766 3459 2820 τῶν
3511 2765 3696 2819 αἰτιῶν

2122 2854 2259 2919 εἴδη,
2294 2855 2407 2919 τοῖς
2437 2854 2537 2925 μὲν
2569 2855 2717 2927 τρισὶ
2748 2857 2922 2929 φαίνῃ
2957 2856 3021 2928 δὴ
3061 2856 3155 2910 καὶ
3184 2857 3346 2921 αὐτὸς
3390 2856 3692 2929 χρώμενος,

2121 2946 2201 3018 τῷ
2228 2946 2447 3019 τελικῷ,
2482 2948 2578 3002 καὶ
2628 2947 2708 3018 τῷ
2739 2948 2837 3019 τῆς
2868 2950 3143 3020 κινήσεως
3182 2950 3416 3022 ἀρχικῷ,
3474 2952 3569 3005 καὶ
3619 2948 3694 3020 τῷ

2124 3040 2315 3112 ὑλικῷ,
2348 3039 2428 3112 τῷ
2455 3041 2512 3095 δέ
2540 3058 2606 3110 γε
2663 3041 2833 3112 λοιπῷ
2864 3040 2942 3111 τῷ
2999 3041 3186 3111 εἰδικῷ
3219 3041 3280 3096 ού
3304 3042 3445 3095 πάνυ
3476 3059 3581 3099 τοι.
3635 3044 3695 3096 Εἰ

438 3130 547 3180 Deo
580 3142 797 3193 sommo
823 3129 1316 3200 antiquissimoqne
1349 3148 1542 3188 omnes
1584 3136 1828 3188 omnium
1860 3135 2013 3190 cade-

2123 3134 2233 3204 γάρ
2268 3150 2350 3188 τοι
2377 3134 2492 3188 τῶν
2526 3134 2804 3204 αἰσθητῶν
2838 3133 3056 3203 ἑκάστῳ
3090 3134 3307 3204 φύσεως
3353 3127 3495 3199 εἶδος
3552 3134 3696 3188 τοῦτ’

430 3220 595 3274 stium
627 3222 840 3276 Orbittm
862 3232 1042 3279 motus
1066 3223 1445 3294 assiguaverit,
1465 3228 1556 3282 sed
1576 3227 1741 3289 alium
1769 3227 2012 3296 singilla-

431 3311 527 3365 tim
577 3311 666 3381 alii
719 3314 1054 3370 tnotuilaut
1094 3326 1244 3372 certe
1295 3317 1485 3388 liquet.
1525 3320 1703 3389 ipsum
1731 3321 2011 3390 dignitatis

429 3404 716 3472 cujusdam
749 3408 943 3477 gratia,
997 3409 1200 3479 plures,
1236 3412 1584 3481 sempiternis
1618 3413 1725 3467 illis
1754 3412 2011 3469 essentiis

429 3509 554 3563 cum
610 3497 718 3552 sint
768 3498 971 3567 plures,
1027 3502 1332 3572 praefecisse
1390 3515 1795 3575 propagatores,
1846 3515 2011 3575 atque

433 3587 591 3665 fateri
632 3588 789 3658 ipsos
819 3589 1055 3661 aliquam
1088 3594 1313 3649 omnino
1343 3593 1554 3650 illarum
1590 3611 1711 3651 esse
1737 3612 1961 3652 causam
1987 3597 2010 3650 ?

432 3679 541 3734 Aut
578 3692 722 3738 certe
759 3684 902 3754 quod
957 3685 1222 3758 imagines
1278 3687 1551 3757 putaverit
1602 3690 2009 3760 propagatrices

434 3773 517 3843 sui
549 3775 808 3844 ipsarum,
859 3792 1041 3849 neque
1071 3779 1215 3833 enim
1255 3780 1307 3833 id
1343 3782 1570 3836 omnino
1621 3790 1770 3836 esset
1823 3782 2011 3837 incon-

434 3877 781 3934 sentanettm,
837 3885 962 3924 cum
1011 3872 1304 3926 habuerint
1352 3872 1458 3928 illa:
1510 3888 1609 3928 sua
1653 3874 2006 3944 exemplaria.

432 3962 607 4029 Atque
642 3967 745 4016 boc
783 3964 1002 4030 Qttidetn
1047 3965 1206 4023 modo
1238 3965 1401 4019 etiam
1440 3965 1528 4020 ille
1570 3967 1859 4021 sententia:
1892 3967 2011 4022 Pla-

433 4049 628 4104 tonicae
684 4053 749 4107 de
798 4051 937 4108 ideis
980 4053 1330 4109 subscribere
1381 4054 1677 4121 videretur,
1713 4065 1767 4110 et
1806 4065 2012 4112 nostrae

430 4140 568 4209 parti
608 4142 879 4211 accipere.
926 4140 1084 4197 Nunc
1129 4152 1313 4197 autem
1365 4154 1516 4199 certo
1546 4155 1779 4209 consult,
1827 4146 2006 4216 ipsum

433 4248 542 4287 non
574 4233 780 4288 sentire
810 4234 1050 4302 aliquam
1083 4248 1206 4289 esse
1239 4230 1454 4288 illarum
1487 4248 1708 4291 causam
1732 4236 2011 4292 deductri-

430 4340 576 4388 cetn,
632 4324 727 4379 sed
760 4332 814 4379 et
842 4327 945 4378 llOC
976 4326 1139 4379 modo
1181 4324 1301 4380 illas
1334 4335 1388 4381 et
1438 4326 1594 4393 tales,
1626 4327 1812 4396 quales
1858 4339 2006 4395 sunt,

431 4430 460 4469 a
492 4415 686 4485 seipsis
720 4426 1042 4485 propag-ttas
1090 4419 1296 4471 moveri
1324 4426 1530 4471 tantum
1583 4418 1649 4473 ad
1703 4420 1865 4475 linem
1906 4421 2007 4475 ali-

430 4520 620 4577 quem,
661 4514 712 4558 et
746 4506 922 4573 ipsum
977 4505 1171 4560 Deum.
1229 4508 1297 4562 At
1357 4507 1524 4574 enim,
1576 4510 1775 4580 inquit,
1824 4527 2009 4583 neque

432 4596 499 4652 ad
554 4598 836 4651 scientiam
888 4598 1115 4652 aliarum
1168 4615 1347 4654 rerum
1376 4600 1670 4671 quidquam
1735 4607 2013 4675 prosunt?

436 4706 615 4758 neque
666 4690 813 4745 enim
870 4689 1001 4759 ipsae
1054 4700 1184 4765 sunt
1243 4693 1481 4747 essentia
1541 4695 1779 4763 illarum,
1829 4708 2013 4754 essent

434 4784 593 4838 enim.
615 4781 667 4835 in
699 4782 803 4835 illis
854 4783 1011 4851 ipsis,
1068 4798 1244 4852 neque
1301 4783 1546 4855 easdem,
1584 4796 1644 4841 ut
1698 4788 1807 4843 sint
1858 4791 2015 4860 quid-

434 4889 597 4943 quam
628 4872 843 4942 juvant,
870 4872 1134 4944 siquidem
1169 4876 1219 4929 in
1270 4875 1337 4931 iis
1372 4893 1479 4932 non
1527 4862 1655 4935 sunt
1681 4882 1882 4951 quibus
1926 4900 2014 4939 se-

436 4967 582 5033 ipsas
642 4965 992 5034 participant.
1050 4966 1198 5033 Quis'
1232 4967 1397 5037 igitur
1431 4969 1499 5024 de
1535 4970 1769 5042 imagine
1818 4975 2015 5031 melius

429 5057 698 5130 judicabit
727 5058 751 5112 ‘I
776 5076 953 5115 nonne
988 5059 1034 5114 is
1091 5061 1184 5130 qui
1211 5062 1374 5116 etiam
1402 5065 1682 5132 exemplar
1720 5065 1883 5122 habet
1919 5083 2015 5121 co-

435 5148 687 5218 gnitum?
717 5164 894 5220 neque
954 5150 1100 5204 enim
1138 5151 1184 5204 is
1204 5152 1294 5220 qui
1323 5154 1601 5222 exemplar
1622 5170 1729 5209 non
1762 5160 2016 5227 cognovit

434 5240 626 5293 eodem
663 5239 820 5309 plane
849 5241 1010 5295 modo
1059 5230 1396 5312 perspectam
1428 5254 1589 5314 atque
1624 5255 1805 5301 notam
1846 5250 2012 5305 babe-

435 5335 516 5387 bit
577 5335 895 5403 imaginem,
963 5350 1073 5404 quo
1131 5338 1289 5402 alter,
1347 5337 1438 5406 qui
1500 5339 1675 5406 ipsum
1737 5344 2013 5412 cognovit,

452 5430 716 5498 ptumodo
764 5440 945 5484 autem
988 5428 1109 5484 aliis
1161 5429 1227 5483 ad
1277 5430 1377 5485 hoc
1413 5441 1471 5485 ut
1513 5433 1644 5500 sint,
1686 5450 1792 5489 non
1843 5439 2017 5506 prosit

436 5522 739 5590 quippiam,
790 5531 849 5577 ut
896 5523 1109 5577 etiamsi
1170 5523 1222 5577 in
1283 5524 1388 5580 illis
1444 5525 1575 5595 ipsis
1615 5540 1724 5581 non
1774 5529 1865 5595 sit,
1921 5531 2015 5585 sed

439 5627 604 5667 causa
660 5623 837 5668 tamen
894 5615 964 5668 sit
1014 5615 1276 5669 illorum?
1320 5617 1586 5672 Praeterea
1642 5620 1861 5690 inquit,
1898 5620 2014 5675 Non

441 5704 615 5756 solum
663 5720 844 5760 rerum
878 5708 1212 5761 sensibilium
1250 5711 1579 5779 exemplaria
1614 5723 1742 5767 sunt
1774 5715 2012 5783 species,

443 5794 536 5846 sed
578 5796 739 5851 etiam
790 5797 873 5853 sui
900 5797 1161 5868 ipsarum,
1199 5802 1338 5857 sicut
1368 5818 1538 5873 genus
1573 5820 1759 5859 carum
1809 5808 2016 5876 specie.-

2116 3219 2257 3276 είναί
2285 3241 2367 3278 σοι
2399 3224 2460 3278 τὺ
2507 3223 2748 3279 τοιοῦτον
2787 3223 2957 3279 αἴτιον
3000 3225 3165 3290 δοκεῖ,
3217 3223 3374 3278 τοῦτο
3430 3227 3528 3295 μέν
3589 3243 3693 3279 που

2118 3312 2437 3384 σαφέστατα
2470 3316 2573 3370 οὐκ
2604 3316 2754 3371 ἑστιν
2798 3318 2993 3380 αἴτιον,
3018 3315 3135 3371 ἀλλ’
3179 3315 3339 3388 ἔργον
3399 3316 3465 3371 ἂν
3509 3317 3694 3388 ἐτέρου

2114 3425 2210 3461 του
2243 3410 2330 3479 εἴη
2353 3409 2531 3464 αἰτίου
2559 3410 2651 3464 καὶ
2688 3410 3061 3479 ἀποτέλεσμα,
3123 3408 3310 3479 ῶσπερ
3361 3427 3465 3464 που
3523 3413 3618 3463 καὶ
3660 3412 3694 3481 ἡ

2115 3502 2329 3572 ἑκάστῳ
2368 3500 2467 3573 ὕλη
2500 3503 2602 3573 τῆς
2634 3502 2728 3557 τοῦ
2761 3504 2960 3567 παντὸς
2987 3502 3224 3573 οὐρανοῦ
3275 3502 3407 3572 ῦλης
3464 3504 3698 3571 ἀπόκρι-

2117 3595 2194 3666 μά
2221 3612 2281 3648 τε
2306 3597 2400 3650 καὶ
2450 3596 2825 3665 ἀποτέλεσμα.
2863 3594 3057 3664 Ἡμεῖς
3115 3594 3324 3664 μέντοι,
3360 3594 3566 3664 ἐροῦσι,
3613 3594 3692 3664 τῷ

2115 3689 2215 3757 μὲν
2246 3689 2464 3742 πάντων
2489 3688 2699 3758 βασιλεί
2732 3686 2851 3757 Θεῷ
2882 3686 2945 3740 τὸ
2968 3685 3181 3739 τελικόν
3203 3702 3260 3739 τε
3294 3686 3388 3739 καὶ
3411 3686 3697 3757 κράτιστον

2111 3782 2222 3834 τῶν
2252 3780 2450 3836 αίτιῶν
2479 3780 2827 3844 ἀποδιδόντες
2852 3776 3015 3847 εἶδος,
3044 3778 3146 3832 οὐκ
3167 3779 3263 3834 ἐπ)⁵
3295 3782 3415 3843 ταῖς
3445 3781 3691 3851 κινήσεσι

2116 3873 2276 3943 μόνον
2306 3873 2442 3929 ἀλλὰ
2470 3875 2563 3928 καὶ
2589 3877 2707 3938 ταῖς
2731 3875 2940 3938 οὐσίαις
2992 3875 3086 3930 καὶ
3111 3875 3225 3939 τοῖς
3256 3872 3374 3932 οὖσι
3429 3877 3580 3931 πᾶσι.
3614 3874 3696 3929 Τά

2110 3964 2155 4017 δ’
2183 3964 2299 4036 εἴδη
2341 3964 2515 4020 ταῦτα
2547 3966 2969 4037 παραδείγματα
3013 3972 3126 4034 τοῖς
3158 3970 3310 4023 οῦσιν
3345 3969 3691 4037 ἐφιστάντες,

2117 4056 2178 4109 τὸ
2210 4056 2265 4110 δέ
2289 4059 2389 4127 τῆς
2420 4059 2693 4128 κινήσεως
2735 4059 2964 4129 ἀρχικὸν
2999 4063 3064 4132 τῇ
3100 4062 3247 4132 ψυχῇ
3286 4063 3350 4132 τῇ
3396 4059 3548 4113 τοῦδε
3600 4059 3694 4110 τοῦ

2111 4151 2171 4204 οὐ
2186 4150 2348 4220 ρανοῦ
2414 4151 2699 4223 ἡγουμένῃ
2724 4152 3113 4225 ἀπονέμοντες,
3152 4155 3249 4225 καί
3290 4155 3352 4206 τὸ
3383 4153 3564 4206 ὑλικὸν
3629 4153 3694 4222 τῇ

2112 4241 2206 4295 τοῦ
2226 4243 2424 4306 παντὸς
2462 4242 2613 4295 τοῦδε
2637 4244 2731 4297 τοῦ
2761 4243 2994 4312 ούρανοῦ
3040 4244 3165 4318 ὕλῃ,
3198 4244 3343 4299 οὕτω
3371 4244 3559 4315 πλήρη
3584 4246 3697 4305 τοῖς

2113 4334 2233 4388 οὖσι
2271 4334 2339 4387 τὰ
2365 4334 2473 4387 τῶν
2524 4334 2715 4388 αίτιῶν
2769 4336 2888 4406 εἴδη
2927 4336 3280 4407 ἀποδίδομεν.
3343 4336 3531 4390 Ταῦτα
3600 4336 3698 4403 μέν

2114 4443 2216 4480 που
2247 4427 2296 4479 οί
2331 4426 2400 4479 τὰ
2423 4425 2536 4497 εἴδη
2580 4426 2853 4495 τιθέμενοι
2904 4428 3136 4499 φήσουσι
3195 4428 3265 4481 τὰ
3326 4428 3424 4501 μὲν
3492 4426 3697 4478 ἑαυτῶν

2122 4519 2335 4590 συνῳδὰ
2360 4521 2483 4582 ταῖς
2543 4520 2840 4589 σφετέραις
2910 4519 3234 4575 ὑποθέσεσιν
3281 4519 3693 4589 ἀποφαίνοντες,

2131 4610 2475 4683 Ἀριστοτέλη
2506 4610 2653 4665 δὲτά
2706 4612 2806 4681 μὲν
2857 4611 3325 4682 συκοφαντοῦντα,
3359 4612 3430 4666 τὰ
3461 4612 3505 4666 δ’
3548 4612 3701 4665 οὐδὲν

2121 4704 2469 4773 περαίνοντα,
2498 4703 2568 4757 τά
2588 4702 2646 4756 δέ
2672 4704 2770 4757 καὶ¹
2800 4704 2931 4775 περὶ
2955 4704 3022 4758 τὰ
3051 4704 3304 4774 μεγίστα
3334 4704 3700 4776 άμαθαίνοντα

2120 4796 2453 4866 ἐλέγχοντες.
2490 4796 2615 4860 Πῶς
2642 4796 2752 4865 γὰρ
2789 4797 2850 4851 οὐ
2885 4797 3013 4870 περὶ
3067 4796 3137 4851 τά
3187 4800 3427 4867 μέγιστα
3486 4795 3700 4867 ἀμαθὴς

2132 4888 2552 4958 Ἀριστοτέλης,
2600 4888 2812 4959 συχνῶν
2843 4906 2902 4943 τε
2930 4888 3106 4942 ἄλλων
3156 4881 3232 4943 ὧν
3289 4889 3500 4958 ἔφαμεν
3539 4888 3699 4941 ἕνεκα

2123 4981 2215 5033 καὶ
2245 4980 2479 5050 μάλιστά
2506 4998 2563 5033 τε
2592 4981 2686 5034 τοῦ
2712 4982 2971 5049 μέγιστον
3016 4980 3118 5051 τῆς
3150 4981 3256 5035 τῶν
3280 4982 3466 5035 ἀϊδίων
3505 4979 3700 5035 οὐσιῶν

2120 5073 2181 5125 ού
2214 5074 2575 5143 παραγωγῆς,
2611 5073 2719 5125 οὐδ’
2762 5073 2849 5141 ἐφ’
2912 5072 3029 5135 ἑνὸς
3068 5072 3179 5125 τῶν
3227 5073 3443 5127 πάντων
3490 5069 3582 5125 τοῦ
3637 5086 3698 5138 γε

2122 5163 2260 5218 εἶναι
2294 5165 2455 5218 ἑνεκα
2476 5165 2775 5234 ἀναφορᾶς,
2803 5164 2900 5236 οὐχ
2947 5163 3134 5235 ὥσπερ
3166 5164 3392 5217 Πλάτων
3424 5182 3483 5218 τε
3519 5164 3611 5217 καὶ
3650 5163 3698 5216 oi

2125 5258 2254 5326 περὶ
2313 5256 2578 5310 Πλάτωνα
2633 5257 2726 5310 τὸν
2755 5258 2975 5310 πάντων
2999 5256 3225 5326 βασιλέα
3256 5256 3388 5310 Θεὸν
3415 5259 3524 5319 τοῖς
3554 5254 3700 5309 οὖσιν

2123 5349 2475 5418 ἐφιστάντες,
2516 5348 2705 5403 τοῦτον
2741 5349 3078 5419 παραγωγόν
3102 5365 3162 5401 τε
3206 5347 3556 5419 παραγωγῶν
3607 5347 3700 5400 καὶ

2122 5440 2454 5513 δημιουργὸν
2479 5441 2832 5512 δημιουργῶν
2865 5440 2933 5504 ἀξ
2957 5440 3111 5493 οῦσιν
3149 5437 3288 5493 εἶναι
3315 5440 3468 5493 οὐδὲν
3493 5441 3574 5494 ὅτι
3603 5439 3701 5493 οὐκ

2124 5533 2213 5583 ἐπ’
2268 5534 2479 5586 ἐκεῖνον
2519 5535 2910 5605 ἀναφέροντες.
2960 5534 3196 5587 Κάκεῖνο
3242 5532 3298 5586 δέ
3360 5534 3553 5603 ῥητέον
3611 5532 3700 5583 ἐπὶ

2125 5627 2313 5690 πᾶσιν,
2345 5626 2421 5690 ὡς
2457 5626 2684 5679 Πλάτων
2731 5627 2832 5696 μὲν
2882 5627 2991 5680 τῶν
3035 5626 3142 5696 πρὸ
3210 5625 3375 5679 αὐτοῦ
3428 5628 3539 5689 τοῖς
3602 5625 3699 5694 μὲν

2125 5719 2410 5787 ἑπόμενος,
2444 5720 2554 5781 τοῖς
2579 5717 2622 5770 δ’
2653 5719 2957 5787 ἀντιλέγων
2990 5720 3268 5788 φαίνεται.
3315 5716 3697 5787 Ἀριστοτέλης

2123 5812 2179 5865 δὲ
2228 5812 2390 5865 πᾶσιν
2441 5811 2854 5881 ἐναντιούμενος
2900 5812 2993 5865 καὶ
3037 5813 3269 5875 πάντας.
3306 5809 3558 5883 κολούων,
3602 5811 3695 5864 καὶ
