  <div class='ocr_page' id='page_1' title='image "/cluster/home/n/w/nwhite01/storage/ocr_20150623/160/coo.31924054870658/474.png"; bbox 0 0 4078 6408; ppageno 0'>
   <div class='ocr_carea' id='block_1_1' title="bbox 386 410 500 471">
    <p class='ocr_par' dir='ltr' id='par_1_1' title="bbox 386 410 500 471">
     <span class='ocr_line' id='line_1_1' title="bbox 386 410 500 471; baseline 0.009 -1"><span class='ocrx_word' id='word_1_1' title='bbox 386 410 500 471; x_wconf 70' lang='grc' dir='ltr'><strong>9Ξ9</strong></span> 
     </span>
    </p>
   </div>
   <div class='ocr_carea' id='block_1_2' title="bbox 1078 406 2947 469">
    <p class='ocr_par' dir='ltr' id='par_1_2' title="bbox 1078 406 2947 469">
     <span class='ocr_line' id='line_1_2' title="bbox 1078 406 2947 469; baseline 0.002 -4"><span class='ocrx_word' id='word_1_2' title='bbox 1078 406 1176 465; x_wconf 79' lang='lat' dir='ltr'><strong>DE</strong></span> <span class='ocrx_word' id='word_1_3' title='bbox 1202 407 1628 469; x_wconf 68' lang='lat' dir='ltr'><strong>PLATONICA</strong></span> <span class='ocrx_word' id='word_1_4' title='bbox 1666 407 1759 468; x_wconf 85' lang='grc' dir='ltr'><strong>ΕΤ</strong></span> <span class='ocrx_word' id='word_1_5' title='bbox 1789 406 2345 469; x_wconf 82' lang='lat' dir='ltr'><strong>ARISTOTELICA</strong></span> <span class='ocrx_word' id='word_1_6' title='bbox 2387 406 2947 469; x_wconf 79' lang='lat' dir='ltr'><strong>PHILOSOPHIA.</strong></span> 
     </span>
    </p>
   </div>
   <div class='ocr_carea' id='block_1_3' title="bbox 3542 408 3648 469">
    <p class='ocr_par' dir='ltr' id='par_1_3' title="bbox 3542 408 3648 469">
     <span class='ocr_line' id='line_1_3' title="bbox 3542 408 3648 469; baseline 0 0"><span class='ocrx_word' id='word_1_7' title='bbox 3542 408 3648 469; x_wconf 75' lang='lat'><strong>930</strong></span> 
     </span>
    </p>
   </div>
   <div class='ocr_carea' id='block_1_4' title="bbox 376 515 1972 590">
    <p class='ocr_par' dir='ltr' id='par_1_4' title="bbox 376 517 1953 590">
     <span class='ocr_line' id='line_1_4' title="bbox 376 517 1953 590; baseline -0.002 -16"><span class='ocrx_word' id='word_1_8' title='bbox 376 520 488 575; x_wconf 73' lang='grc' dir='ltr'>οὐδ’</span> <span class='ocrx_word' id='word_1_9' title='bbox 530 521 593 573; x_wconf 79' lang='grc' dir='ltr'>ἂν</span> <span class='ocrx_word' id='word_1_10' title='bbox 625 518 730 568; x_wconf 74' lang='grc' dir='ltr'>τῶν</span> <span class='ocrx_word' id='word_1_11' title='bbox 762 534 871 570; x_wconf 81' lang='grc' dir='ltr'>τισι</span> <span class='ocrx_word' id='word_1_12' title='bbox 899 517 1008 570; x_wconf 84' lang='grc' dir='ltr'><strong>τῶν</strong></span> <span class='ocrx_word' id='word_1_13' title='bbox 1070 519 1338 588; x_wconf 84' lang='grc' dir='ltr'>πρότερον</span> <span class='ocrx_word' id='word_1_14' title='bbox 1400 519 1709 589; x_wconf 75' lang='grc' dir='ltr'><strong>εἰρημένων</strong></span> <span class='ocrx_word' id='word_1_15' title='bbox 1752 537 1953 590; x_wconf 84' lang='grc' dir='ltr'>κεχρη-</span> 
     </span>
    </p>
   </div>
   <div class='ocr_carea' id='block_1_5' title="bbox 2072 515 3648 590">
    <p class='ocr_par' dir='ltr' id='par_1_5' title="bbox 2072 515 3648 587">
     <span class='ocr_line' id='line_1_5' title="bbox 2072 515 3648 587; baseline 0.002 -17"><span class='ocrx_word' id='word_1_16' title='bbox 2072 517 2161 570; x_wconf 83' lang='lat' dir='ltr'><strong>tali</strong></span> <span class='ocrx_word' id='word_1_17' title='bbox 2193 525 2435 587; x_wconf 88' lang='lat' dir='ltr'><strong>tempore</strong></span> <span class='ocrx_word' id='word_1_18' title='bbox 2484 520 2698 573; x_wconf 83' lang='lat' dir='ltr'><strong>adesse.</strong></span> <span class='ocrx_word' id='word_1_19' title='bbox 2752 515 2929 586; x_wconf 84' lang='lat' dir='ltr'><strong>Atque</strong></span> <span class='ocrx_word' id='word_1_20' title='bbox 2977 517 3057 571; x_wconf 90' lang='lat' dir='ltr'><strong>sic</strong></span> <span class='ocrx_word' id='word_1_21' title='bbox 3097 532 3181 573; x_wconf 87' lang='lat' dir='ltr'><strong>res</strong></span> <span class='ocrx_word' id='word_1_22' title='bbox 3234 517 3500 586; x_wconf 79' lang='lat' dir='ltr'><strong>ejusmodi</strong></span> <span class='ocrx_word' id='word_1_23' title='bbox 3528 533 3648 587; x_wconf 73' lang='lat' dir='ltr'><strong>qua!</strong></span> 
     </span>
    </p>
   </div>
   <div class='ocr_carea' id='block_1_6' title="bbox 381 609 1960 682">
    <p class='ocr_par' dir='ltr' id='par_1_6' title="bbox 381 609 1960 682">
     <span class='ocr_line' id='line_1_6' title="bbox 381 609 1960 682; baseline 0 -18"><span class='ocrx_word' id='word_1_24' title='bbox 381 616 542 682; x_wconf 76' lang='grc' dir='ltr'>μένος</span> <span class='ocrx_word' id='word_1_25' title='bbox 565 612 673 678; x_wconf 81' lang='grc' dir='ltr'>εἴη,</span> <span class='ocrx_word' id='word_1_26' title='bbox 706 609 924 677; x_wconf 78' lang='grc' dir='ltr'>ἐνδηλός</span> <span class='ocrx_word' id='word_1_27' title='bbox 959 612 1076 663; x_wconf 74' lang='grc' dir='ltr'>ἐστι</span> <span class='ocrx_word' id='word_1_28' title='bbox 1107 612 1209 663; x_wconf 79' lang='grc' dir='ltr'>κάν</span> <span class='ocrx_word' id='word_1_29' title='bbox 1237 611 1451 673; x_wconf 79' lang='grc' dir='ltr'>τούτοις</span> <span class='ocrx_word' id='word_1_30' title='bbox 1488 611 1551 664; x_wconf 83' lang='grc' dir='ltr'>οὐ</span> <span class='ocrx_word' id='word_1_31' title='bbox 1586 610 1727 664; x_wconf 85' lang='grc' dir='ltr'>πάνυ</span> <span class='ocrx_word' id='word_1_32' title='bbox 1771 610 1960 680; x_wconf 86' lang='grc' dir='ltr'>βουλό-</span> 
     </span>
    </p>
   </div>
   <div class='ocr_carea' id='block_1_7' title="bbox 381 696 1959 773">
    <p class='ocr_par' dir='ltr' id='par_1_7' title="bbox 381 696 1959 773">
     <span class='ocr_line' id='line_1_7' title="bbox 381 696 1959 773; baseline 0.002 -20"><span class='ocrx_word' id='word_1_33' title='bbox 381 720 544 771; x_wconf 79' lang='grc' dir='ltr'>μενος</span> <span class='ocrx_word' id='word_1_34' title='bbox 591 702 826 770; x_wconf 79' lang='grc' dir='ltr'>φανερὸς</span> <span class='ocrx_word' id='word_1_35' title='bbox 861 696 1001 756; x_wconf 77' lang='grc' dir='ltr'>εἶναι</span> <span class='ocrx_word' id='word_1_36' title='bbox 1030 702 1242 773; x_wconf 80' lang='grc' dir='ltr'>ἑτέροις</span> <span class='ocrx_word' id='word_1_37' title='bbox 1274 703 1596 771; x_wconf 64' lang='grc' dir='ltr'>εἰρημένοις</span> <span class='ocrx_word' id='word_1_38' title='bbox 1650 700 1959 773; x_wconf 79' lang='grc' dir='ltr'>χρώμενος,</span> 
     </span>
    </p>
   </div>
   <div class='ocr_carea' id='block_1_8' title="bbox 378 793 1960 864">
    <p class='ocr_par' dir='ltr' id='par_1_8' title="bbox 378 793 1960 864">
     <span class='ocr_line' id='line_1_8' title="bbox 378 793 1960 864; baseline -0.001 -17"><span class='ocrx_word' id='word_1_39' title='bbox 378 796 518 849; x_wconf 80' lang='grc' dir='ltr'>πάνυ</span> <span class='ocrx_word' id='word_1_40' title='bbox 545 793 860 861; x_wconf 80' lang='grc' dir='ltr'>σοφιστικὸν</span> <span class='ocrx_word' id='word_1_41' title='bbox 914 793 1072 847; x_wconf 85' lang='grc' dir='ltr'>τοῦτο</span> <span class='ocrx_word' id='word_1_42' title='bbox 1107 793 1277 847; x_wconf 84' lang='grc' dir='ltr'>ποιῶν</span> <span class='ocrx_word' id='word_1_43' title='bbox 1307 795 1402 846; x_wconf 77' lang='grc' dir='ltr'>καὶ</span> <span class='ocrx_word' id='word_1_44' title='bbox 1438 794 1730 861; x_wconf 81' lang='grc' dir='ltr'>φιλοσόφου</span> <span class='ocrx_word' id='word_1_45' title='bbox 1756 795 1960 864; x_wconf 85' lang='grc' dir='ltr'>τρόπου</span> 
     </span>
    </p>
   </div>
   <div class='ocr_carea' id='block_1_9' title="bbox 308 881 1958 959">
    <p class='ocr_par' dir='ltr' id='par_1_9' title="bbox 308 881 1958 959">
     <span class='ocr_line' id='line_1_9' title="bbox 308 881 1958 959; baseline 0.001 -20"><span class='ocrx_word' id='word_1_46' title='bbox 308 949 320 959; x_wconf 28' lang='grc'>⁸</span> <span class='ocrx_word' id='word_1_47' title='bbox 379 884 828 956; x_wconf 83' lang='grc' dir='ltr'>ἁλλοτριώτατον,</span> <span class='ocrx_word' id='word_1_48' title='bbox 860 881 973 940; x_wconf 72' lang='grc' dir='ltr'>οἷον</span> <span class='ocrx_word' id='word_1_49' title='bbox 995 889 1087 940; x_wconf 73' lang='grc' dir='ltr'>καὶ</span> <span class='ocrx_word' id='word_1_50' title='bbox 1108 888 1283 940; x_wconf 78' lang='grc' dir='ltr'>ἐκεῖνο</span> <span class='ocrx_word' id='word_1_51' title='bbox 1308 885 1476 941; x_wconf 82' lang='grc' dir='ltr'>αὐτοῦ</span> <span class='ocrx_word' id='word_1_52' title='bbox 1503 886 1563 938; x_wconf 82' lang='grc' dir='ltr'><strong>τὸ</strong></span> <span class='ocrx_word' id='word_1_53' title='bbox 1608 886 1701 938; x_wconf 70' lang='grc' dir='ltr'><strong>ἐπὶ</strong></span> <span class='ocrx_word' id='word_1_54' title='bbox 1732 886 1958 958; x_wconf 81' lang='grc' dir='ltr'><strong>τελευτῇ</strong></span> 
     </span>
    </p>
   </div>
   <div class='ocr_carea' id='block_1_10' title="bbox 377 976 1963 1049">
    <p class='ocr_par' dir='ltr' id='par_1_10' title="bbox 377 976 1963 1049">
     <span class='ocr_line' id='line_1_10' title="bbox 377 976 1963 1049; baseline 0.001 -19"><span class='ocrx_word' id='word_1_55' title='bbox 377 977 485 1033; x_wconf 82' lang='grc' dir='ltr'><strong>τῶν</strong></span> <span class='ocrx_word' id='word_1_56' title='bbox 518 976 757 1045; x_wconf 83' lang='grc' dir='ltr'>λογικῶν</span> <span class='ocrx_word' id='word_1_57' title='bbox 784 977 1080 1047; x_wconf 74' lang='grc' dir='ltr'><strong>αὐχοῦντός</strong></span> <span class='ocrx_word' id='word_1_58' title='bbox 1109 994 1167 1031; x_wconf 79' lang='grc' dir='ltr'>τε</span> <span class='ocrx_word' id='word_1_59' title='bbox 1193 979 1269 1040; x_wconf 81' lang='grc' dir='ltr'><strong>ὡς</strong></span> <span class='ocrx_word' id='word_1_60' title='bbox 1300 977 1363 1032; x_wconf 77' lang='grc' dir='ltr'>τὸ</span> <span class='ocrx_word' id='word_1_61' title='bbox 1411 978 1520 1032; x_wconf 82' lang='grc' dir='ltr'><strong>πᾶν</strong></span> <span class='ocrx_word' id='word_1_62' title='bbox 1552 977 1717 1031; x_wconf 82' lang='grc' dir='ltr'>αὐτοῦ</span> <span class='ocrx_word' id='word_1_63' title='bbox 1747 977 1832 1048; x_wconf 75' lang='grc' dir='ltr'><strong>εἴη</strong></span> <span class='ocrx_word' id='word_1_64' title='bbox 1864 979 1963 1049; x_wconf 81' lang='grc' dir='ltr'><strong>τῆς</strong></span> 
     </span>
    </p>
   </div>
   <div class='ocr_carea' id='block_1_11' title="bbox 383 1058 1964 1141">
    <p class='ocr_par' dir='ltr' id='par_1_11' title="bbox 383 1058 1964 1141">
     <span class='ocr_line' id='line_1_11' title="bbox 383 1058 1964 1141; baseline -0.001 -16"><span class='ocrx_word' id='word_1_65' title='bbox 383 1071 608 1141; x_wconf 82' lang='grc' dir='ltr'>μεθόδου</span> <span class='ocrx_word' id='word_1_66' title='bbox 639 1058 842 1139; x_wconf 66' lang='grc' dir='ltr'>ταῦτης</span> <span class='ocrx_word' id='word_1_67' title='bbox 904 1069 999 1123; x_wconf 69' lang='grc' dir='ltr'><strong>καὶ</strong></span> <span class='ocrx_word' id='word_1_68' title='bbox 1037 1070 1360 1136; x_wconf 68' lang='grc' dir='ltr'>ἐπάγοντος,</span> <span class='ocrx_word' id='word_1_69' title='bbox 1389 1068 1464 1131; x_wconf 83' lang='grc' dir='ltr'>ὡς</span> <span class='ocrx_word' id='word_1_70' title='bbox 1490 1069 1694 1139; x_wconf 80' lang='grc' dir='ltr'><strong>ταύτης</strong></span> <span class='ocrx_word' id='word_1_71' title='bbox 1721 1068 1825 1139; x_wconf 80' lang='grc' dir='ltr'><strong>τῆς</strong></span> <span class='ocrx_word' id='word_1_72' title='bbox 1867 1087 1964 1140; x_wconf 85' lang='grc' dir='ltr'><strong>με·</strong></span> 
     </span>
    </p>
   </div>
   <div class='ocr_carea' id='block_1_12' title="bbox 381 1157 1965 1233">
    <p class='ocr_par' dir='ltr' id='par_1_12' title="bbox 381 1157 1965 1233">
     <span class='ocr_line' id='line_1_12' title="bbox 381 1157 1965 1233; baseline -0.001 -16"><span class='ocrx_word' id='word_1_73' title='bbox 381 1166 534 1218; x_wconf 81' lang='grc' dir='ltr'>οόδου</span> <span class='ocrx_word' id='word_1_74' title='bbox 569 1166 634 1218; x_wconf 82' lang='grc' dir='ltr'>οὐ</span> <span class='ocrx_word' id='word_1_75' title='bbox 661 1165 719 1218; x_wconf 78' lang='grc' dir='ltr'>τὸ</span> <span class='ocrx_word' id='word_1_76' title='bbox 750 1164 849 1232; x_wconf 81' lang='grc' dir='ltr'>μὲν</span> <span class='ocrx_word' id='word_1_77' title='bbox 876 1158 964 1233; x_wconf 75' lang='grc' dir='ltr'><strong>ἦν,</strong></span> <span class='ocrx_word' id='word_1_78' title='bbox 991 1163 1052 1217; x_wconf 81' lang='grc' dir='ltr'><strong>τὸ</strong></span> <span class='ocrx_word' id='word_1_79' title='bbox 1071 1162 1117 1217; x_wconf 83' lang='grc' dir='ltr'>δ’</span> <span class='ocrx_word' id='word_1_80' title='bbox 1144 1166 1244 1216; x_wconf 86' lang='grc' dir='ltr'><strong>οὐκ</strong></span> <span class='ocrx_word' id='word_1_81' title='bbox 1264 1157 1352 1233; x_wconf 81' lang='grc' dir='ltr'><strong>ἦν,</strong></span> <span class='ocrx_word' id='word_1_82' title='bbox 1378 1161 1516 1217; x_wconf 81' lang='grc' dir='ltr'>ἀλλὰ</span> <span class='ocrx_word' id='word_1_83' title='bbox 1553 1162 1834 1225; x_wconf 79' lang='grc' dir='ltr'><strong>παντελῶς</strong></span> <span class='ocrx_word' id='word_1_84' title='bbox 1865 1161 1965 1216; x_wconf 82' lang='grc' dir='ltr'><strong>οὐκ</strong></span> 
     </span>
    </p>
   </div>
   <div class='ocr_carea' id='block_1_13' title="bbox 379 1253 1963 1326">
    <p class='ocr_par' dir='ltr' id='par_1_13' title="bbox 379 1253 1963 1326">
     <span class='ocr_line' id='line_1_13' title="bbox 379 1253 1963 1326; baseline -0.001 -16"><span class='ocrx_word' id='word_1_85' title='bbox 379 1253 465 1326; x_wconf 84' lang='grc' dir='ltr'><strong>ἦν.</strong></span> <span class='ocrx_word' id='word_1_86' title='bbox 519 1260 629 1311; x_wconf 76' lang='grc' dir='ltr'><strong>Καὶ</strong></span> <span class='ocrx_word' id='word_1_87' title='bbox 679 1256 854 1309; x_wconf 83' lang='grc' dir='ltr'>ταῦτα</span> <span class='ocrx_word' id='word_1_88' title='bbox 922 1256 1189 1326; x_wconf 83' lang='grc' dir='ltr'><strong>Ἀρχύτου</strong></span> <span class='ocrx_word' id='word_1_89' title='bbox 1246 1271 1308 1308; x_wconf 81' lang='grc' dir='ltr'>τε</span> <span class='ocrx_word' id='word_1_90' title='bbox 1373 1254 1480 1325; x_wconf 83' lang='grc' dir='ltr'><strong>πρὸ</strong></span> <span class='ocrx_word' id='word_1_91' title='bbox 1542 1254 1710 1308; x_wconf 81' lang='grc' dir='ltr'>αὐτοῦ</span> <span class='ocrx_word' id='word_1_92' title='bbox 1768 1254 1963 1323; x_wconf 63' lang='grc' dir='ltr'>λογικὰ</span> 
     </span>
    </p>
   </div>
   <div class='ocr_carea' id='block_1_14' title="bbox 386 1341 1964 1416">
    <p class='ocr_par' dir='ltr' id='par_1_14' title="bbox 386 1341 1964 1416">
     <span class='ocr_line' id='line_1_14' title="bbox 386 1341 1964 1416; baseline -0.003 -14"><span class='ocrx_word' id='word_1_93' title='bbox 386 1346 855 1416; x_wconf 75' lang='grc' dir='ltr'>συγγεγραφότος,</span> <span class='ocrx_word' id='word_1_94' title='bbox 886 1341 962 1398; x_wconf 81' lang='grc' dir='ltr'>ὧν</span> <span class='ocrx_word' id='word_1_95' title='bbox 1018 1362 1130 1398; x_wconf 83' lang='grc' dir='ltr'>τισι</span> <span class='ocrx_word' id='word_1_96' title='bbox 1160 1345 1254 1399; x_wconf 79' lang='grc' dir='ltr'><strong>καὶ</strong></span> <span class='ocrx_word' id='word_1_97' title='bbox 1303 1345 1467 1408; x_wconf 80' lang='grc' dir='ltr'>αὐτὸς</span> <span class='ocrx_word' id='word_1_98' title='bbox 1525 1344 1819 1414; x_wconf 81' lang='grc' dir='ltr'>κέχρηται,</span> <span class='ocrx_word' id='word_1_99' title='bbox 1867 1345 1964 1399; x_wconf 80' lang='grc' dir='ltr'><strong>καὶ</strong></span> 
     </span>
    </p>
   </div>
   <div class='ocr_carea' id='block_1_15' title="bbox 394 1433 1963 1505">
    <p class='ocr_par' dir='ltr' id='par_1_15' title="bbox 394 1433 1963 1505">
     <span class='ocr_line' id='line_1_15' title="bbox 394 1433 1963 1505; baseline -0.006 -10"><span class='ocrx_word' id='word_1_100' title='bbox 394 1442 685 1502; x_wconf 76' lang='grc' dir='ltr'>Πλάτωνος</span> <span class='ocrx_word' id='word_1_101' title='bbox 711 1436 876 1492; x_wconf 78' lang='grc' dir='ltr'>αὑτοῦ</span> <span class='ocrx_word' id='word_1_102' title='bbox 903 1436 1065 1489; x_wconf 75' lang='grc' dir='ltr'>τοῦτο</span> <span class='ocrx_word' id='word_1_103' title='bbox 1091 1435 1190 1505; x_wconf 77' lang='grc' dir='ltr'>μὲν</span> <span class='ocrx_word' id='word_1_104' title='bbox 1213 1433 1323 1488; x_wconf 81' lang='grc' dir='ltr'>τῶν</span> <span class='ocrx_word' id='word_1_105' title='bbox 1369 1433 1605 1502; x_wconf 82' lang='grc' dir='ltr'>λογικῶν</span> <span class='ocrx_word' id='word_1_106' title='bbox 1636 1433 1810 1503; x_wconf 84' lang='grc' dir='ltr'>ἀρχὰς</span> <span class='ocrx_word' id='word_1_107' title='bbox 1858 1450 1963 1485; x_wconf 86' lang='grc' dir='ltr'><strong>πα-</strong></span> 
     </span>
    </p>
   </div>
   <div class='ocr_carea' id='block_1_16' title="bbox 388 1525 1962 1600">
    <p class='ocr_par' dir='ltr' id='par_1_16' title="bbox 388 1525 1962 1600">
     <span class='ocr_line' id='line_1_16' title="bbox 388 1525 1962 1600; baseline -0.005 -14"><span class='ocrx_word' id='word_1_108' title='bbox 388 1532 715 1600; x_wconf 81' lang='grc' dir='ltr'>ραδιδόντος,</span> <span class='ocrx_word' id='word_1_109' title='bbox 743 1527 901 1582; x_wconf 83' lang='grc' dir='ltr'>τοῦτο</span> <span class='ocrx_word' id='word_1_110' title='bbox 931 1527 988 1581; x_wconf 78' lang='grc' dir='ltr'>δὲ</span> <span class='ocrx_word' id='word_1_111' title='bbox 1018 1525 1298 1596; x_wconf 81' lang='grc' dir='ltr'>πανταχοῦ</span> <span class='ocrx_word' id='word_1_112' title='bbox 1325 1530 1439 1590; x_wconf 82' lang='grc' dir='ltr'>τοῖς</span> <span class='ocrx_word' id='word_1_113' title='bbox 1481 1525 1663 1595; x_wconf 77' lang='grc' dir='ltr'>λόγοις</span> <span class='ocrx_word' id='word_1_114' title='bbox 1696 1526 1796 1578; x_wconf 83' lang='grc' dir='ltr'><strong>οὐκ</strong></span> <span class='ocrx_word' id='word_1_115' title='bbox 1828 1527 1962 1581; x_wconf 76' lang='grc' dir='ltr'>ἄνευ</span> 
     </span>
    </p>
   </div>
   <div class='ocr_carea' id='block_1_17' title="bbox 382 1617 1964 1691">
    <p class='ocr_par' dir='ltr' id='par_1_17' title="bbox 382 1617 1964 1691">
     <span class='ocr_line' id='line_1_17' title="bbox 382 1617 1964 1691; baseline -0.003 -16"><span class='ocrx_word' id='word_1_116' title='bbox 382 1624 584 1691; x_wconf 82' lang='grc' dir='ltr'>τέχνης</span> <span class='ocrx_word' id='word_1_117' title='bbox 607 1618 916 1689; x_wconf 79' lang='grc' dir='ltr'>χρωμένου,</span> <span class='ocrx_word' id='word_1_118' title='bbox 953 1618 1049 1673; x_wconf 73' lang='grc' dir='ltr'><strong>καὶ</strong></span> <span class='ocrx_word' id='word_1_119' title='bbox 1079 1618 1254 1687; x_wconf 78' lang='grc' dir='ltr'>λόγων</span> <span class='ocrx_word' id='word_1_120' title='bbox 1285 1618 1511 1689; x_wconf 82' lang='grc' dir='ltr'>μέθοδον</span> <span class='ocrx_word' id='word_1_121' title='bbox 1539 1617 1832 1680; x_wconf 81' lang='grc' dir='ltr'>καλοῦντος</span> <span class='ocrx_word' id='word_1_122' title='bbox 1851 1659 1867 1677; x_wconf 81' lang='lat'><strong>,</strong></span> <span class='ocrx_word' id='word_1_123' title='bbox 1887 1621 1964 1683; x_wconf 82' lang='grc' dir='ltr'><strong>ὡς</strong></span> 
     </span>
    </p>
   </div>
   <div class='ocr_carea' id='block_1_18' title="bbox 383 1709 1960 1781">
    <p class='ocr_par' dir='ltr' id='par_1_18' title="bbox 383 1709 1960 1781">
     <span class='ocr_line' id='line_1_18' title="bbox 383 1709 1960 1781; baseline -0.003 -15"><span class='ocrx_word' id='word_1_124' title='bbox 383 1714 547 1766; x_wconf 72' lang='grc' dir='ltr'>οὖσάν</span> <span class='ocrx_word' id='word_1_125' title='bbox 575 1729 638 1779; x_wconf 87' lang='grc' dir='ltr'><strong>γε</strong></span> <span class='ocrx_word' id='word_1_126' title='bbox 668 1713 787 1781; x_wconf 74' lang='grc' dir='ltr'>οὐχὶ</span> <span class='ocrx_word' id='word_1_127' title='bbox 824 1711 899 1781; x_wconf 86' lang='grc' dir='ltr'>μὴ</span> <span class='ocrx_word' id='word_1_128' title='bbox 940 1709 1106 1765; x_wconf 77' lang='grc' dir='ltr'>οὖσαν</span> <span class='ocrx_word' id='word_1_129' title='bbox 1135 1710 1258 1764; x_wconf 81' lang='grc' dir='ltr'>οὐδὲ</span> <span class='ocrx_word' id='word_1_130' title='bbox 1289 1710 1366 1774; x_wconf 87' lang='grc' dir='ltr'>ὡς</span> <span class='ocrx_word' id='word_1_131' title='bbox 1390 1710 1601 1765; x_wconf 79' lang='grc' dir='ltr'><strong>οὐδέπω</strong></span> <span class='ocrx_word' id='word_1_132' title='bbox 1633 1710 1960 1780; x_wconf 81' lang='grc' dir='ltr'>εὑρημένην</span> 
     </span>
    </p>
   </div>
   <div class='ocr_carea' id='block_1_19' title="bbox 385 1798 1960 1873">
    <p class='ocr_par' dir='ltr' id='par_1_19' title="bbox 385 1798 1960 1873">
     <span class='ocr_line' id='line_1_19' title="bbox 385 1798 1960 1873; baseline -0.001 -16"><span class='ocrx_word' id='word_1_133' title='bbox 385 1805 521 1857; x_wconf 78' lang='grc' dir='ltr'>ἀλλὰ</span> <span class='ocrx_word' id='word_1_134' title='bbox 545 1805 641 1857; x_wconf 76' lang='grc' dir='ltr'>καὶ</span> <span class='ocrx_word' id='word_1_135' title='bbox 664 1804 806 1858; x_wconf 83' lang='grc' dir='ltr'>πάνυ</span> <span class='ocrx_word' id='word_1_136' title='bbox 839 1804 903 1872; x_wconf 83' lang='grc' dir='ltr'>δὴ</span> <span class='ocrx_word' id='word_1_137' title='bbox 934 1805 990 1857; x_wconf 79' lang='grc' dir='ltr'>ἐν</span> <span class='ocrx_word' id='word_1_138' title='bbox 1020 1804 1220 1873; x_wconf 79' lang='grc' dir='ltr'>χρήσει</span> <span class='ocrx_word' id='word_1_139' title='bbox 1250 1799 1436 1857; x_wconf 85' lang='grc' dir='ltr'>οὖσαν.</span> <span class='ocrx_word' id='word_1_140' title='bbox 1471 1804 1537 1857; x_wconf 82' lang='grc' dir='ltr'><strong>Τί</strong></span> <span class='ocrx_word' id='word_1_141' title='bbox 1560 1798 1653 1856; x_wconf 81' lang='grc' dir='ltr'><strong>οὗν</strong></span> <span class='ocrx_word' id='word_1_142' title='bbox 1706 1803 1774 1857; x_wconf 85' lang='grc' dir='ltr'>ἂν</span> <span class='ocrx_word' id='word_1_143' title='bbox 1827 1803 1960 1873; x_wconf 80' lang='grc' dir='ltr'>φαίη</span> 
     </span>
    </p>
   </div>
   <div class='ocr_carea' id='block_1_20' title="bbox 384 1895 1961 1966">
    <p class='ocr_par' dir='ltr' id='par_1_20' title="bbox 384 1895 1961 1966">
     <span class='ocr_line' id='line_1_20' title="bbox 384 1895 1961 1966; baseline -0.002 -16"><span class='ocrx_word' id='word_1_144' title='bbox 384 1915 465 1959; x_wconf 80' lang='grc' dir='ltr'><strong>τις</strong></span> <span class='ocrx_word' id='word_1_145' title='bbox 492 1914 506 1963; x_wconf 86' lang='grc'>;</span> <span class='ocrx_word' id='word_1_146' title='bbox 538 1899 641 1950; x_wconf 80' lang='grc' dir='ltr'><strong>οὐκ</strong></span> <span class='ocrx_word' id='word_1_147' title='bbox 664 1896 791 1962; x_wconf 64' lang='grc' dir='ltr'>ἄξια</span> <span class='ocrx_word' id='word_1_148' title='bbox 817 1897 883 1950; x_wconf 84' lang='grc' dir='ltr'><strong>τὰ</strong></span> <span class='ocrx_word' id='word_1_149' title='bbox 909 1896 1312 1965; x_wconf 72' lang='grc' dir='ltr'>Ἀριστοτέλους</span> <span class='ocrx_word' id='word_1_150' title='bbox 1344 1896 1521 1966; x_wconf 76' lang='grc' dir='ltr'>βιϐλία</span> <span class='ocrx_word' id='word_1_151' title='bbox 1550 1895 1817 1965; x_wconf 79' lang='grc' dir='ltr'>μετιέναις</span> <span class='ocrx_word' id='word_1_152' title='bbox 1849 1895 1961 1949; x_wconf 77' lang='grc' dir='ltr'><strong>Καὶ</strong></span> 
     </span>
    </p>
   </div>
   <div class='ocr_carea' id='block_1_21' title="bbox 389 1984 1964 2056">
    <p class='ocr_par' dir='ltr' id='par_1_21' title="bbox 389 1984 1964 2056">
     <span class='ocr_line' id='line_1_21' title="bbox 389 1984 1964 2056; baseline -0.004 -16"><span class='ocrx_word' id='word_1_153' title='bbox 389 1989 551 2050; x_wconf 82' lang='grc' dir='ltr'>πάνυ,</span> <span class='ocrx_word' id='word_1_154' title='bbox 570 1986 676 2040; x_wconf 84' lang='grc' dir='ltr'><strong>τῶν</strong></span> <span class='ocrx_word' id='word_1_155' title='bbox 689 2004 750 2055; x_wconf 79' lang='grc' dir='ltr'><strong>γε</strong></span> <span class='ocrx_word' id='word_1_156' title='bbox 771 1988 828 2039; x_wconf 68' lang='grc' dir='ltr'>ἂν</span> <span class='ocrx_word' id='word_1_157' title='bbox 846 1986 1027 2050; x_wconf 82' lang='grc' dir='ltr'>αὐτοῖς</span> <span class='ocrx_word' id='word_1_158' title='bbox 1045 1985 1331 2056; x_wconf 80' lang='grc' dir='ltr'>χρησίμων</span> <span class='ocrx_word' id='word_1_159' title='bbox 1351 1985 1534 2049; x_wconf 70' lang='grc' dir='ltr'><strong>ἕνεκα,</strong></span> <span class='ocrx_word' id='word_1_160' title='bbox 1554 1984 1762 2040; x_wconf 72' lang='grc' dir='ltr'>εἰδότας</span> <span class='ocrx_word' id='word_1_161' title='bbox 1778 1985 1964 2053; x_wconf 74' lang='grc' dir='ltr'>μέντοι</span> 
     </span>
    </p>
   </div>
   <div class='ocr_carea' id='block_1_22' title="bbox 387 2075 1732 2154">
    <p class='ocr_par' dir='ltr' id='par_1_22' title="bbox 387 2075 1732 2154">
     <span class='ocr_line' id='line_1_22' title="bbox 387 2075 1732 2154; baseline -0.004 -23"><span class='ocrx_word' id='word_1_162' title='bbox 387 2081 463 2143; x_wconf 85' lang='grc' dir='ltr'>ὡς</span> <span class='ocrx_word' id='word_1_163' title='bbox 491 2078 658 2147; x_wconf 82' lang='grc' dir='ltr'>συχνὰ</span> <span class='ocrx_word' id='word_1_164' title='bbox 687 2077 869 2141; x_wconf 81' lang='grc' dir='ltr'>αὐτοῖς</span> <span class='ocrx_word' id='word_1_165' title='bbox 897 2080 990 2131; x_wconf 72' lang='grc' dir='ltr'><strong>καὶ</strong></span> <span class='ocrx_word' id='word_1_166' title='bbox 1023 2077 1203 2147; x_wconf 86' lang='grc' dir='ltr'>φαῦλα</span> <span class='ocrx_word' id='word_1_167' title='bbox 1233 2075 1732 2154; x_wconf 62' lang='grc' dir='ltr'>ἐγκαταμέμικται.</span> 
     </span>
    </p>
   </div>
   <div class='ocr_carea' id='block_1_23' title="bbox 391 2171 1959 2244">
    <p class='ocr_par' dir='ltr' id='par_1_23' title="bbox 391 2171 1959 2244">
     <span class='ocr_line' id='line_1_23' title="bbox 391 2171 1959 2244; baseline -0.004 -15"><span class='ocrx_word' id='word_1_168' title='bbox 391 2192 533 2241; x_wconf 88' lang='lat' dir='ltr'><strong>rum,</strong></span> <span class='ocrx_word' id='word_1_169' title='bbox 571 2190 691 2244; x_wconf 71' lang='lat' dir='ltr'><strong>quae</strong></span> <span class='ocrx_word' id='word_1_170' title='bbox 727 2190 917 2231; x_wconf 83' lang='lat' dir='ltr'><strong>rursus</strong></span> <span class='ocrx_word' id='word_1_171' title='bbox 961 2175 1138 2229; x_wconf 90' lang='lat' dir='ltr'><strong>locum</strong></span> <span class='ocrx_word' id='word_1_172' title='bbox 1199 2173 1448 2230; x_wconf 87' lang='lat' dir='ltr'><strong>obtinent</strong></span> <span class='ocrx_word' id='word_1_173' title='bbox 1491 2172 1727 2241; x_wconf 81' lang='lat' dir='ltr'><strong>generis.</strong></span> <span class='ocrx_word' id='word_1_174' title='bbox 1760 2171 1836 2225; x_wconf 89' lang='lat' dir='ltr'><strong>Ita</strong></span> <span class='ocrx_word' id='word_1_175' title='bbox 1896 2184 1959 2224; x_wconf 91' lang='lat' dir='ltr'><strong>ea</strong></span> 
     </span>
    </p>
   </div>
   <div class='ocr_carea' id='block_1_24' title="bbox 391 2264 1966 2337">
    <p class='ocr_par' dir='ltr' id='par_1_24' title="bbox 391 2264 1966 2337">
     <span class='ocr_line' id='line_1_24' title="bbox 391 2264 1966 2337; baseline -0.004 -16"><span class='ocrx_word' id='word_1_176' title='bbox 391 2283 511 2337; x_wconf 71' lang='lat' dir='ltr'><strong>qua:</strong></span> <span class='ocrx_word' id='word_1_177' title='bbox 547 2282 688 2322; x_wconf 92' lang='lat' dir='ltr'><strong>nunc</strong></span> <span class='ocrx_word' id='word_1_178' title='bbox 710 2267 854 2323; x_wconf 92' lang='lat' dir='ltr'><strong>dicta</strong></span> <span class='ocrx_word' id='word_1_179' title='bbox 888 2276 1036 2333; x_wconf 90' lang='lat' dir='ltr'><strong>sunt,</strong></span> <span class='ocrx_word' id='word_1_180' title='bbox 1069 2281 1179 2321; x_wconf 91' lang='lat' dir='ltr'><strong>non</strong></span> <span class='ocrx_word' id='word_1_181' title='bbox 1212 2273 1391 2321; x_wconf 90' lang='lat' dir='ltr'><strong>autem</strong></span> <span class='ocrx_word' id='word_1_182' title='bbox 1418 2274 1637 2335; x_wconf 83' lang='lat' dir='ltr'><strong>propter</strong></span> <span class='ocrx_word' id='word_1_183' title='bbox 1668 2264 1812 2333; x_wconf 84' lang='lat' dir='ltr'><strong>ipsas</strong></span> <span class='ocrx_word' id='word_1_184' title='bbox 1836 2276 1966 2331; x_wconf 87' lang='lat' dir='ltr'><strong>spe-</strong></span> 
     </span>
    </p>
   </div>
   <div class='ocr_carea' id='block_1_25' title="bbox 392 2355 1963 2426">
    <p class='ocr_par' dir='ltr' id='par_1_25' title="bbox 392 2355 1963 2426">
     <span class='ocr_line' id='line_1_25' title="bbox 392 2355 1963 2426; baseline -0.004 -13"><span class='ocrx_word' id='word_1_185' title='bbox 392 2358 523 2415; x_wconf 89' lang='lat' dir='ltr'><strong>cies.</strong></span> <span class='ocrx_word' id='word_1_186' title='bbox 553 2358 655 2414; x_wconf 87' lang='lat' dir='ltr'><strong>Sed</strong></span> <span class='ocrx_word' id='word_1_187' title='bbox 693 2375 760 2413; x_wconf 84' lang='lat' dir='ltr'><strong>ne</strong></span> <span class='ocrx_word' id='word_1_188' title='bbox 785 2360 886 2415; x_wconf 88' lang='lat' dir='ltr'><strong>ista</strong></span> <span class='ocrx_word' id='word_1_189' title='bbox 908 2358 1125 2426; x_wconf 82' lang='lat' dir='ltr'><strong>quidem</strong></span> <span class='ocrx_word' id='word_1_190' title='bbox 1162 2356 1199 2412; x_wconf 88' lang='lat' dir='ltr'><strong>ii</strong></span> <span class='ocrx_word' id='word_1_191' title='bbox 1230 2357 1321 2426; x_wconf 87' lang='lat' dir='ltr'><strong>qui</strong></span> <span class='ocrx_word' id='word_1_192' title='bbox 1351 2356 1561 2426; x_wconf 84' lang='lat' dir='ltr'><strong>species</strong></span> <span class='ocrx_word' id='word_1_193' title='bbox 1592 2355 1963 2419; x_wconf 86' lang='lat' dir='ltr'><strong>constituunt,</strong></span> 
     </span>
    </p>
   </div>
   <div class='ocr_carea' id='block_1_26' title="bbox 357 2446 1968 2519">
    <p class='ocr_par' dir='ltr' id='par_1_26' title="bbox 357 2446 1968 2519">
     <span class='ocr_line' id='line_1_26' title="bbox 357 2446 1968 2519; baseline -0.004 -13"><span class='ocrx_word' id='word_1_194' title='bbox 357 2480 367 2489; x_wconf 84' lang='grc'><strong>-</strong></span> <span class='ocrx_word' id='word_1_195' title='bbox 395 2450 826 2506; x_wconf 87' lang='lat' dir='ltr'><strong>concedentsine</strong></span> <span class='ocrx_word' id='word_1_196' title='bbox 848 2451 965 2505; x_wconf 88' lang='lat' dir='ltr'><strong>suis</strong></span> <span class='ocrx_word' id='word_1_197' title='bbox 982 2449 1383 2519; x_wconf 80' lang='lat' dir='ltr'><strong>exemplaribus</strong></span> <span class='ocrx_word' id='word_1_198' title='bbox 1408 2448 1519 2501; x_wconf 93' lang='lat' dir='ltr'><strong>ﬁeri</strong></span> <span class='ocrx_word' id='word_1_199' title='bbox 1550 2446 1767 2502; x_wconf 82' lang='lat' dir='ltr'><strong>etiamsi</strong></span> <span class='ocrx_word' id='word_1_200' title='bbox 1790 2462 1883 2516; x_wconf 91' lang='lat' dir='ltr'><strong>per</strong></span> <span class='ocrx_word' id='word_1_201' title='bbox 1908 2461 1968 2501; x_wconf 90' lang='lat' dir='ltr'><strong>se</strong></span> 
     </span>
    </p>
   </div>
   <div class='ocr_carea' id='block_1_27' title="bbox 358 2540 1968 2612">
    <p class='ocr_par' dir='ltr' id='par_1_27' title="bbox 358 2540 1968 2612">
     <span class='ocr_line' id='line_1_27' title="bbox 358 2540 1968 2612; baseline 0.002 -21"><span class='ocrx_word' id='word_1_202' title='bbox 358 2584 365 2591; x_wconf 93' lang='lat'><strong>.</strong></span> <span class='ocrx_word' id='word_1_203' title='bbox 394 2556 502 2596; x_wconf 85' lang='lat' dir='ltr'><strong>non</strong></span> <span class='ocrx_word' id='word_1_204' title='bbox 540 2541 860 2597; x_wconf 81' lang='lat' dir='ltr'><strong>consistant.</strong></span> <span class='ocrx_word' id='word_1_205' title='bbox 894 2542 1054 2596; x_wconf 87' lang='lat' dir='ltr'><strong>Fiunt</strong></span> <span class='ocrx_word' id='word_1_206' title='bbox 1082 2543 1224 2596; x_wconf 88' lang='lat' dir='ltr'><strong>enim</strong></span> <span class='ocrx_word' id='word_1_207' title='bbox 1264 2556 1357 2612; x_wconf 82' lang='lat' dir='ltr'><strong>per</strong></span> <span class='ocrx_word' id='word_1_208' title='bbox 1389 2540 1500 2601; x_wconf 91' lang='lat' dir='ltr'><strong>illa,</strong></span> <span class='ocrx_word' id='word_1_209' title='bbox 1532 2554 1653 2610; x_wconf 67' lang='lat' dir='ltr'><strong>qua:</strong></span> <span class='ocrx_word' id='word_1_210' title='bbox 1682 2540 1737 2594; x_wconf 90' lang='lat' dir='ltr'><strong>in</strong></span> <span class='ocrx_word' id='word_1_211' title='bbox 1767 2540 1968 2595; x_wconf 88' lang='lat' dir='ltr'><strong>animis</strong></span> 
     </span>
    </p>
   </div>
   <div class='ocr_carea' id='block_1_28' title="bbox 394 2629 1969 2704">
    <p class='ocr_par' dir='ltr' id='par_1_28' title="bbox 394 2629 1969 2704">
     <span class='ocr_line' id='line_1_28' title="bbox 394 2629 1969 2704; baseline -0.002 -18"><span class='ocrx_word' id='word_1_212' title='bbox 394 2632 728 2704; x_wconf 82' lang='lat' dir='ltr'><strong>singulorum</strong></span> <span class='ocrx_word' id='word_1_213' title='bbox 758 2633 1011 2703; x_wconf 90' lang='lat' dir='ltr'><strong>opiﬁcum</strong></span> <span class='ocrx_word' id='word_1_214' title='bbox 1044 2642 1203 2688; x_wconf 84' lang='lat' dir='ltr'><strong>antea</strong></span> <span class='ocrx_word' id='word_1_215' title='bbox 1229 2642 1356 2687; x_wconf 90' lang='lat' dir='ltr'><strong>sunt</strong></span> <span class='ocrx_word' id='word_1_216' title='bbox 1383 2640 1670 2700; x_wconf 87' lang='lat' dir='ltr'><strong>concepta,</strong></span> <span class='ocrx_word' id='word_1_217' title='bbox 1696 2629 1969 2700; x_wconf 66' lang='lat' dir='ltr'><strong>exempla-</strong></span> 
     </span>
    </p>
   </div>
   <div class='ocr_carea' id='block_1_29' title="bbox 397 2722 1969 2795">
    <p class='ocr_par' dir='ltr' id='par_1_29' title="bbox 397 2722 1969 2795">
     <span class='ocr_line' id='line_1_29' title="bbox 397 2722 1969 2795; baseline -0.001 -17"><span class='ocrx_word' id='word_1_218' title='bbox 397 2724 498 2778; x_wconf 86' lang='lat' dir='ltr'><strong>ria.</strong></span> <span class='ocrx_word' id='word_1_219' title='bbox 532 2723 652 2795; x_wconf 83' lang='lat' dir='ltr'><strong>(Gr.</strong></span> <span class='ocrx_word' id='word_1_220' title='bbox 679 2724 777 2779; x_wconf 85' lang='lat' dir='ltr'><strong>col.</strong></span> <span class='ocrx_word' id='word_1_221' title='bbox 806 2723 911 2779; x_wconf 79' lang='lat'><strong>925</strong></span> <span class='ocrx_word' id='word_1_222' title='bbox 933 2724 996 2795; x_wconf 88' lang='lat' dir='ltr'><strong>C)</strong></span> <span class='ocrx_word' id='word_1_223' title='bbox 1022 2724 1246 2794; x_wconf 84' lang='lat' dir='ltr'><strong>Oportet</strong></span> <span class='ocrx_word' id='word_1_224' title='bbox 1268 2733 1472 2788; x_wconf 89' lang='lat' dir='ltr'><strong>autem,</strong></span> <span class='ocrx_word' id='word_1_225' title='bbox 1500 2722 1703 2785; x_wconf 83' lang='lat' dir='ltr'><strong>dicent,</strong></span> <span class='ocrx_word' id='word_1_226' title='bbox 1722 2724 1885 2776; x_wconf 89' lang='lat' dir='ltr'><strong>etiam</strong></span> <span class='ocrx_word' id='word_1_227' title='bbox 1905 2737 1969 2776; x_wconf 86' lang='lat' dir='ltr'><strong>ea</strong></span> 
     </span>
    </p>
   </div>
   <div class='ocr_carea' id='block_1_30' title="bbox 395 2810 1966 2885">
    <p class='ocr_par' dir='ltr' id='par_1_30' title="bbox 395 2810 1966 2885">
     <span class='ocr_line' id='line_1_30' title="bbox 395 2810 1966 2885; baseline -0.001 -17"><span class='ocrx_word' id='word_1_228' title='bbox 395 2831 517 2885; x_wconf 66' lang='lat' dir='ltr'><strong>quae</strong></span> <span class='ocrx_word' id='word_1_229' title='bbox 544 2826 735 2881; x_wconf 81' lang='lat' dir='ltr'><strong>natura</strong></span> <span class='ocrx_word' id='word_1_230' title='bbox 757 2815 887 2870; x_wconf 89' lang='lat' dir='ltr'><strong>ﬁunt</strong></span> <span class='ocrx_word' id='word_1_231' title='bbox 914 2830 1019 2870; x_wconf 89' lang='lat' dir='ltr'><strong>non</strong></span> <span class='ocrx_word' id='word_1_232' title='bbox 1042 2816 1217 2871; x_wconf 89' lang='lat' dir='ltr'><strong>solum</strong></span> <span class='ocrx_word' id='word_1_233' title='bbox 1236 2831 1343 2870; x_wconf 91' lang='lat' dir='ltr'><strong>non</strong></span> <span class='ocrx_word' id='word_1_234' title='bbox 1366 2810 1654 2870; x_wconf 81' lang='lat' dir='ltr'><strong>deterioris</strong></span> <span class='ocrx_word' id='word_1_235' title='bbox 1674 2828 1849 2869; x_wconf 67' lang='lat' dir='ltr'><strong>causa!</strong></span> <span class='ocrx_word' id='word_1_236' title='bbox 1867 2829 1966 2869; x_wconf 87' lang='lat' dir='ltr'><strong>usu</strong></span> 
     </span>
    </p>
   </div>
   <div class='ocr_carea' id='block_1_31' title="bbox 397 2904 1968 2978">
    <p class='ocr_par' dir='ltr' id='par_1_31' title="bbox 397 2904 1968 2978">
     <span class='ocr_line' id='line_1_31' title="bbox 397 2904 1968 2978; baseline -0.002 -17"><span class='ocrx_word' id='word_1_237' title='bbox 397 2908 826 2977; x_wconf 91' lang='lat' dir='ltr'><strong>ministerioque,</strong></span> <span class='ocrx_word' id='word_1_238' title='bbox 854 2923 1017 2978; x_wconf 85' lang='lat' dir='ltr'><strong>quam</strong></span> <span class='ocrx_word' id='word_1_239' title='bbox 1051 2908 1348 2963; x_wconf 77' lang='lat' dir='ltr'><strong>artiﬁciosa</strong></span> <span class='ocrx_word' id='word_1_240' title='bbox 1377 2908 1568 2963; x_wconf 67' lang='lat' dir='ltr'><strong>istbmc</strong></span> <span class='ocrx_word' id='word_1_241' title='bbox 1603 2904 1745 2969; x_wconf 86' lang='lat' dir='ltr'><strong>ﬁeri,</strong></span> <span class='ocrx_word' id='word_1_242' title='bbox 1779 2911 1968 2960; x_wconf 89' lang='lat' dir='ltr'><strong>sedne</strong></span> 
     </span>
    </p>
   </div>
   <div class='ocr_carea' id='block_1_32' title="bbox 395 2999 1970 3072">
    <p class='ocr_par' dir='ltr' id='par_1_32' title="bbox 395 2999 1970 3072">
     <span class='ocr_line' id='line_1_32' title="bbox 395 2999 1970 3072; baseline -0.003 -17"><span class='ocrx_word' id='word_1_243' title='bbox 395 3001 621 3071; x_wconf 75' lang='lat' dir='ltr'><strong>mqualis</strong></span> <span class='ocrx_word' id='word_1_244' title='bbox 646 2999 895 3072; x_wconf 86' lang='lat' dir='ltr'><strong>quidem,</strong></span> <span class='ocrx_word' id='word_1_245' title='bbox 933 3000 1045 3056; x_wconf 90' lang='lat' dir='ltr'><strong>imo</strong></span> <span class='ocrx_word' id='word_1_246' title='bbox 1073 3001 1275 3071; x_wconf 90' lang='lat' dir='ltr'><strong>potius,</strong></span> <span class='ocrx_word' id='word_1_247' title='bbox 1305 3016 1427 3071; x_wconf 66' lang='lat' dir='ltr'><strong>quae</strong></span> <span class='ocrx_word' id='word_1_248' title='bbox 1476 3009 1604 3055; x_wconf 90' lang='lat' dir='ltr'><strong>sunt</strong></span> <span class='ocrx_word' id='word_1_249' title='bbox 1636 2999 1970 3069; x_wconf 60' lang='lat' dir='ltr'><strong>pra&#39;stantis-</strong></span> 
     </span>
    </p>
   </div>
   <div class='ocr_carea' id='block_1_33' title="bbox 396 3094 1971 3151">
    <p class='ocr_par' dir='ltr' id='par_1_33' title="bbox 396 3094 1971 3151">
     <span class='ocr_line' id='line_1_33' title="bbox 396 3094 1971 3151; baseline -0.002 -3"><span class='ocrx_word' id='word_1_250' title='bbox 396 3095 550 3150; x_wconf 69' lang='lat' dir='ltr'><strong>simae</strong></span> <span class='ocrx_word' id='word_1_251' title='bbox 591 3094 836 3150; x_wconf 86' lang='lat' dir='ltr'><strong>melioris</strong></span> <span class='ocrx_word' id='word_1_252' title='bbox 879 3094 1041 3150; x_wconf 90' lang='lat' dir='ltr'><strong>etiam</strong></span> <span class='ocrx_word' id='word_1_253' title='bbox 1079 3111 1259 3151; x_wconf 66' lang='lat' dir='ltr'><strong>causa:</strong></span> <span class='ocrx_word' id='word_1_254' title='bbox 1299 3111 1397 3150; x_wconf 91' lang='lat' dir='ltr'><strong>usu</strong></span> <span class='ocrx_word' id='word_1_255' title='bbox 1445 3094 1640 3151; x_wconf 89' lang='lat' dir='ltr'><strong>conﬁci</strong></span> <span class='ocrx_word' id='word_1_256' title='bbox 1672 3101 1971 3149; x_wconf 88' lang='lat' dir='ltr'><strong>consenta-</strong></span> 
     </span>
    </p>
   </div>
   <div class='ocr_carea' id='block_1_34' title="bbox 398 3186 1973 3259">
    <p class='ocr_par' dir='ltr' id='par_1_34' title="bbox 398 3186 1973 3259">
     <span class='ocr_line' id='line_1_34' title="bbox 398 3186 1973 3259; baseline -0.001 -19"><span class='ocrx_word' id='word_1_257' title='bbox 398 3202 582 3242; x_wconf 85' lang='lat' dir='ltr'><strong>neum.</strong></span> <span class='ocrx_word' id='word_1_258' title='bbox 640 3186 767 3255; x_wconf 88' lang='lat' dir='ltr'><strong>Sed,</strong></span> <span class='ocrx_word' id='word_1_259' title='bbox 802 3186 947 3244; x_wconf 87' lang='lat' dir='ltr'><strong>dicet</strong></span> <span class='ocrx_word' id='word_1_260' title='bbox 1007 3186 1238 3245; x_wconf 82' lang='lat' dir='ltr'><strong>forsitan</strong></span> <span class='ocrx_word' id='word_1_261' title='bbox 1291 3188 1635 3259; x_wconf 75' lang='lat' dir='ltr'><strong>AriStoteles,</strong></span> <span class='ocrx_word' id='word_1_262' title='bbox 1677 3187 1732 3241; x_wconf 91' lang='lat' dir='ltr'><strong>in</strong></span> <span class='ocrx_word' id='word_1_263' title='bbox 1792 3195 1973 3240; x_wconf 89' lang='lat' dir='ltr'><strong>mente</strong></span> 
     </span>
    </p>
   </div>
   <div class='ocr_carea' id='block_1_35' title="bbox 2064 608 3651 678">
    <p class='ocr_par' dir='ltr' id='par_1_35' title="bbox 2064 608 3651 678">
     <span class='ocr_line' id='line_1_35' title="bbox 2064 608 3651 678; baseline 0.001 -15"><span class='ocrx_word' id='word_1_264' title='bbox 2064 609 2325 678; x_wconf 85' lang='lat' dir='ltr'><strong>quidem,</strong></span> <span class='ocrx_word' id='word_1_265' title='bbox 2397 610 2441 663; x_wconf 91' lang='lat' dir='ltr'><strong>si</strong></span> <span class='ocrx_word' id='word_1_266' title='bbox 2502 609 2596 663; x_wconf 93' lang='lat' dir='ltr'><strong>uni</strong></span> <span class='ocrx_word' id='word_1_267' title='bbox 2670 608 2954 678; x_wconf 85' lang='lat' dir='ltr'><strong>eidemque</strong></span> <span class='ocrx_word' id='word_1_268' title='bbox 3001 609 3272 664; x_wconf 73' lang='lat' dir='ltr'><strong>diceretur</strong></span> <span class='ocrx_word' id='word_1_269' title='bbox 3309 612 3651 678; x_wconf 76' lang='lat' dir='ltr'><strong>contingere,</strong></span> 
     </span>
    </p>
   </div>
   <div class='ocr_carea' id='block_1_36' title="bbox 2066 701 3643 772">
    <p class='ocr_par' dir='ltr' id='par_1_36' title="bbox 2066 701 3643 772">
     <span class='ocr_line' id='line_1_36' title="bbox 2066 701 3643 772; baseline 0.001 -15"><span class='ocrx_word' id='word_1_270' title='bbox 2066 711 2128 757; x_wconf 89' lang='lat' dir='ltr'><strong>ut</strong></span> <span class='ocrx_word' id='word_1_271' title='bbox 2179 703 2343 758; x_wconf 91' lang='lat' dir='ltr'><strong>unius</strong></span> <span class='ocrx_word' id='word_1_272' title='bbox 2397 701 2747 770; x_wconf 79' lang='lat' dir='ltr'><strong>eiusdemque</strong></span> <span class='ocrx_word' id='word_1_273' title='bbox 2808 710 2953 755; x_wconf 88' lang='lat' dir='ltr'><strong>esset</strong></span> <span class='ocrx_word' id='word_1_274' title='bbox 3014 712 3068 755; x_wconf 90' lang='lat' dir='ltr'><strong>et</strong></span> <span class='ocrx_word' id='word_1_275' title='bbox 3120 702 3298 772; x_wconf 84' lang='lat' dir='ltr'><strong>imago</strong></span> <span class='ocrx_word' id='word_1_276' title='bbox 3347 712 3399 758; x_wconf 87' lang='lat' dir='ltr'><strong>et</strong></span> <span class='ocrx_word' id='word_1_277' title='bbox 3454 718 3643 758; x_wconf 79' lang='lat' dir='ltr'><strong>exem-</strong></span> 
     </span>
    </p>
   </div>
   <div class='ocr_carea' id='block_1_37' title="bbox 2064 792 3639 863">
    <p class='ocr_par' dir='ltr' id='par_1_37' title="bbox 2064 792 3639 863">
     <span class='ocr_line' id='line_1_37' title="bbox 2064 792 3639 863; baseline 0.001 -16"><span class='ocrx_word' id='word_1_278' title='bbox 2064 793 2228 863; x_wconf 88' lang='lat' dir='ltr'><strong>plar,</strong></span> <span class='ocrx_word' id='word_1_279' title='bbox 2297 802 2411 848; x_wconf 89' lang='lat' dir='ltr'><strong>tum</strong></span> <span class='ocrx_word' id='word_1_280' title='bbox 2482 803 2627 849; x_wconf 91' lang='lat' dir='ltr'><strong>certe</strong></span> <span class='ocrx_word' id='word_1_281' title='bbox 2692 792 2988 848; x_wconf 89' lang='lat' dir='ltr'><strong>absurdum</strong></span> <span class='ocrx_word' id='word_1_282' title='bbox 3027 793 3146 856; x_wconf 67' lang='lat' dir='ltr'><strong>,hoc</strong></span> <span class='ocrx_word' id='word_1_283' title='bbox 3203 804 3369 855; x_wconf 84' lang='lat' dir='ltr'><strong>esset,</strong></span> <span class='ocrx_word' id='word_1_284' title='bbox 3420 804 3476 850; x_wconf 87' lang='lat' dir='ltr'><strong>et</strong></span> <span class='ocrx_word' id='word_1_285' title='bbox 3543 795 3639 850; x_wconf 88' lang='lat' dir='ltr'><strong>mi-</strong></span> 
     </span>
    </p>
   </div>
   <div class='ocr_carea' id='block_1_38' title="bbox 2062 885 3645 954">
    <p class='ocr_par' dir='ltr' id='par_1_38' title="bbox 2062 885 3645 954">
     <span class='ocr_line' id='line_1_38' title="bbox 2062 885 3645 954; baseline -0.001 -13"><span class='ocrx_word' id='word_1_286' title='bbox 2062 886 2211 941; x_wconf 89' lang='lat' dir='ltr'><strong>nime</strong></span> <span class='ocrx_word' id='word_1_287' title='bbox 2227 885 2422 940; x_wconf 91' lang='lat' dir='ltr'><strong>rationi</strong></span> <span class='ocrx_word' id='word_1_288' title='bbox 2444 892 2900 951; x_wconf 88' lang='lat' dir='ltr'><strong>consentaneum,</strong></span> <span class='ocrx_word' id='word_1_289' title='bbox 2921 894 3176 954; x_wconf 85' lang='lat' dir='ltr'><strong>tanquam</strong></span> <span class='ocrx_word' id='word_1_290' title='bbox 3205 887 3249 940; x_wconf 84' lang='lat' dir='ltr'><strong>si</strong></span> <span class='ocrx_word' id='word_1_291' title='bbox 3276 901 3443 940; x_wconf 90' lang='lat' dir='ltr'><strong>unum</strong></span> <span class='ocrx_word' id='word_1_292' title='bbox 3477 887 3645 941; x_wconf 90' lang='lat' dir='ltr'><strong>idem-</strong></span> 
     </span>
    </p>
   </div>
   <div class='ocr_carea' id='block_1_39' title="bbox 2064 976 3646 1046">
    <p class='ocr_par' dir='ltr' id='par_1_39' title="bbox 2064 976 3646 1046">
     <span class='ocr_line' id='line_1_39' title="bbox 2064 976 3646 1046; baseline 0.001 -15"><span class='ocrx_word' id='word_1_293' title='bbox 2064 991 2171 1046; x_wconf 86' lang='lat' dir='ltr'><strong>que</strong></span> <span class='ocrx_word' id='word_1_294' title='bbox 2239 978 2451 1033; x_wconf 87' lang='lat' dir='ltr'><strong>dicatur</strong></span> <span class='ocrx_word' id='word_1_295' title='bbox 2507 991 2630 1032; x_wconf 89' lang='lat' dir='ltr'><strong>esse</strong></span> <span class='ocrx_word' id='word_1_296' title='bbox 2686 990 2795 1031; x_wconf 91' lang='lat' dir='ltr'><strong>una</strong></span> <span class='ocrx_word' id='word_1_297' title='bbox 2850 976 3151 1046; x_wconf 88' lang='lat' dir='ltr'><strong>eademque</strong></span> <span class='ocrx_word' id='word_1_298' title='bbox 3222 992 3283 1032; x_wconf 91' lang='lat' dir='ltr'><strong>re</strong></span> <span class='ocrx_word' id='word_1_299' title='bbox 3343 979 3510 1034; x_wconf 88' lang='lat' dir='ltr'><strong>simul</strong></span> <span class='ocrx_word' id='word_1_300' title='bbox 3590 988 3646 1035; x_wconf 88' lang='lat' dir='ltr'><strong>et</strong></span> 
     </span>
    </p>
   </div>
   <div class='ocr_carea' id='block_1_40' title="bbox 2065 1069 3645 1139">
    <p class='ocr_par' dir='ltr' id='par_1_40' title="bbox 2065 1069 3645 1139">
     <span class='ocr_line' id='line_1_40' title="bbox 2065 1069 3645 1139; baseline 0.001 -15"><span class='ocrx_word' id='word_1_301' title='bbox 2065 1069 2243 1139; x_wconf 86' lang='lat' dir='ltr'><strong>majus</strong></span> <span class='ocrx_word' id='word_1_302' title='bbox 2276 1078 2329 1125; x_wconf 91' lang='lat' dir='ltr'><strong>et</strong></span> <span class='ocrx_word' id='word_1_303' title='bbox 2359 1069 2539 1125; x_wconf 90' lang='lat' dir='ltr'><strong>minus</strong></span> <span class='ocrx_word' id='word_1_304' title='bbox 2573 1086 2587 1123; x_wconf 88' lang='lat'><strong>:</strong></span> <span class='ocrx_word' id='word_1_305' title='bbox 2626 1084 2772 1124; x_wconf 88' lang='lat' dir='ltr'><strong>nunc</strong></span> <span class='ocrx_word' id='word_1_306' title='bbox 2800 1078 2981 1124; x_wconf 90' lang='lat' dir='ltr'><strong>autem</strong></span> <span class='ocrx_word' id='word_1_307' title='bbox 3023 1070 3153 1138; x_wconf 90' lang='lat' dir='ltr'><strong>quid</strong></span> <span class='ocrx_word' id='word_1_308' title='bbox 3187 1069 3441 1139; x_wconf 87' lang='lat' dir='ltr'><strong>prohibet</strong></span> <span class='ocrx_word' id='word_1_309' title='bbox 3475 1086 3645 1126; x_wconf 88' lang='lat' dir='ltr'><strong>unum</strong></span> 
     </span>
    </p>
   </div>
   <div class='ocr_carea' id='block_1_41' title="bbox 2064 1157 3648 1229">
    <p class='ocr_par' dir='ltr' id='par_1_41' title="bbox 2064 1157 3648 1229">
     <span class='ocr_line' id='line_1_41' title="bbox 2064 1157 3648 1229; baseline 0.003 -18"><span class='ocrx_word' id='word_1_310' title='bbox 2064 1157 2322 1227; x_wconf 91' lang='lat' dir='ltr'><strong>idemque</strong></span> <span class='ocrx_word' id='word_1_311' title='bbox 2389 1158 2617 1213; x_wconf 81' lang='lat' dir='ltr'><strong>alterius</strong></span> <span class='ocrx_word' id='word_1_312' title='bbox 2674 1173 2797 1214; x_wconf 89' lang='lat' dir='ltr'><strong>esse</strong></span> <span class='ocrx_word' id='word_1_313' title='bbox 2851 1158 3171 1229; x_wconf 75' lang='lat' dir='ltr'><strong>imaginem,</strong></span> <span class='ocrx_word' id='word_1_314' title='bbox 3228 1160 3454 1217; x_wconf 87' lang='lat' dir='ltr'><strong>alterius</strong></span> <span class='ocrx_word' id='word_1_315' title='bbox 3514 1175 3648 1216; x_wconf 90' lang='lat' dir='ltr'><strong>vero</strong></span> 
     </span>
    </p>
   </div>
   <div class='ocr_carea' id='block_1_42' title="bbox 2064 1248 3647 1323">
    <p class='ocr_par' dir='ltr' id='par_1_42' title="bbox 2064 1248 3647 1323">
     <span class='ocr_line' id='line_1_42' title="bbox 2064 1248 3647 1323; baseline 0.003 -19"><span class='ocrx_word' id='word_1_316' title='bbox 2064 1248 2381 1319; x_wconf 78' lang='lat' dir='ltr'><strong>exemplar?</strong></span> <span class='ocrx_word' id='word_1_317' title='bbox 2415 1248 2608 1304; x_wconf 83' lang='lat' dir='ltr'><strong>Annon</strong></span> <span class='ocrx_word' id='word_1_318' title='bbox 2645 1254 2839 1304; x_wconf 72' lang='lat' dir='ltr'><strong>Statuas</strong></span> <span class='ocrx_word' id='word_1_319' title='bbox 2872 1250 3178 1320; x_wconf 88' lang='lat' dir='ltr'><strong>cujuspiam</strong></span> <span class='ocrx_word' id='word_1_320' title='bbox 3205 1268 3326 1323; x_wconf 67' lang='lat' dir='ltr'><strong>quae</strong></span> <span class='ocrx_word' id='word_1_321' title='bbox 3356 1253 3469 1323; x_wconf 88' lang='lat' dir='ltr'><strong>ipsa</strong></span> <span class='ocrx_word' id='word_1_322' title='bbox 3505 1268 3647 1323; x_wconf 88' lang='lat' dir='ltr'><strong>quo-</strong></span> 
     </span>
    </p>
   </div>
   <div class='ocr_carea' id='block_1_43' title="bbox 2064 1341 3650 1414">
    <p class='ocr_par' dir='ltr' id='par_1_43' title="bbox 2064 1341 3650 1414">
     <span class='ocr_line' id='line_1_43' title="bbox 2064 1341 3650 1414; baseline 0.004 -20"><span class='ocrx_word' id='word_1_323' title='bbox 2064 1356 2172 1410; x_wconf 91' lang='lat' dir='ltr'><strong>que</strong></span> <span class='ocrx_word' id='word_1_324' title='bbox 2194 1341 2373 1412; x_wconf 82' lang='lat' dir='ltr'><strong>imago</strong></span> <span class='ocrx_word' id='word_1_325' title='bbox 2398 1351 2504 1406; x_wconf 91' lang='lat' dir='ltr'><strong>est,</strong></span> <span class='ocrx_word' id='word_1_326' title='bbox 2538 1342 2697 1396; x_wconf 80' lang='lat' dir='ltr'><strong>aliam</strong></span> <span class='ocrx_word' id='word_1_327' title='bbox 2725 1343 2852 1398; x_wconf 91' lang='lat' dir='ltr'><strong>item</strong></span> <span class='ocrx_word' id='word_1_328' title='bbox 2876 1342 3167 1413; x_wconf 77' lang='lat' dir='ltr'><strong>imaginem</strong></span> <span class='ocrx_word' id='word_1_329' title='bbox 3201 1345 3376 1414; x_wconf 90' lang='lat' dir='ltr'><strong>pictor</strong></span> <span class='ocrx_word' id='word_1_330' title='bbox 3404 1345 3650 1400; x_wconf 76' lang='lat' dir='ltr'><strong>elﬁciet?</strong></span> 
     </span>
    </p>
   </div>
   <div class='ocr_carea' id='block_1_44' title="bbox 2065 1429 3647 1503">
    <p class='ocr_par' dir='ltr' id='par_1_44' title="bbox 2065 1429 3647 1503">
     <span class='ocr_line' id='line_1_44' title="bbox 2065 1429 3647 1503; baseline 0.006 -20"><span class='ocrx_word' id='word_1_331' title='bbox 2065 1429 2133 1484; x_wconf 90' lang='lat' dir='ltr'><strong>Et</strong></span> <span class='ocrx_word' id='word_1_332' title='bbox 2158 1445 2335 1485; x_wconf 90' lang='lat' dir='ltr'><strong>nonne</strong></span> <span class='ocrx_word' id='word_1_333' title='bbox 2360 1432 2605 1501; x_wconf 86' lang='lat' dir='ltr'><strong>ejusdem</strong></span> <span class='ocrx_word' id='word_1_334' title='bbox 2659 1441 2853 1488; x_wconf 67' lang='lat' dir='ltr'><strong>stature</strong></span> <span class='ocrx_word' id='word_1_335' title='bbox 2880 1433 2933 1488; x_wconf 91' lang='lat' dir='ltr'><strong>in</strong></span> <span class='ocrx_word' id='word_1_336' title='bbox 2968 1449 3107 1503; x_wconf 87' lang='lat' dir='ltr'><strong>aqua</strong></span> <span class='ocrx_word' id='word_1_337' title='bbox 3139 1435 3492 1490; x_wconf 84' lang='lat' dir='ltr'><strong>simulacrqu</strong></span> <span class='ocrx_word' id='word_1_338' title='bbox 3539 1437 3647 1492; x_wconf 71' lang='lat' dir='ltr'><strong>ali~</strong></span> 
     </span>
    </p>
   </div>
   <div class='ocr_carea' id='block_1_45' title="bbox 2064 1522 3649 1597">
    <p class='ocr_par' dir='ltr' id='par_1_45' title="bbox 2064 1522 3649 1597">
     <span class='ocr_line' id='line_1_45' title="bbox 2064 1522 3649 1597; baseline 0.003 -21"><span class='ocrx_word' id='word_1_339' title='bbox 2064 1522 2209 1592; x_wconf 91' lang='lat' dir='ltr'><strong>quod</strong></span> <span class='ocrx_word' id='word_1_340' title='bbox 2238 1522 2529 1578; x_wconf 85' lang='lat' dir='ltr'><strong>reddetur?</strong></span> <span class='ocrx_word' id='word_1_341' title='bbox 2558 1524 2735 1594; x_wconf 84' lang='lat' dir='ltr'><strong>Atque</strong></span> <span class='ocrx_word' id='word_1_342' title='bbox 2770 1526 2883 1581; x_wconf 61' lang='lat' dir='ltr'><strong>haec</strong></span> <span class='ocrx_word' id='word_1_343' title='bbox 2920 1527 3137 1597; x_wconf 91' lang='lat' dir='ltr'><strong>quidem</strong></span> <span class='ocrx_word' id='word_1_344' title='bbox 3188 1527 3489 1597; x_wconf 87' lang='lat' dir='ltr'><strong>impostura</strong></span> <span class='ocrx_word' id='word_1_345' title='bbox 3519 1527 3649 1581; x_wconf 84' lang='lat' dir='ltr'><strong>Ari-</strong></span> 
     </span>
    </p>
   </div>
   <div class='ocr_carea' id='block_1_46' title="bbox 2065 1614 3641 1685">
    <p class='ocr_par' dir='ltr' id='par_1_46' title="bbox 2065 1614 3641 1685">
     <span class='ocr_line' id='line_1_46' title="bbox 2065 1614 3641 1685; baseline 0.003 -15"><span class='ocrx_word' id='word_1_346' title='bbox 2065 1614 2276 1671; x_wconf 81' lang='lat' dir='ltr'><strong>stmelis</strong></span> <span class='ocrx_word' id='word_1_347' title='bbox 2310 1624 2394 1670; x_wconf 91' lang='lat' dir='ltr'><strong>est</strong></span> <span class='ocrx_word' id='word_1_348' title='bbox 2446 1616 2791 1685; x_wconf 72' lang='lat' dir='ltr'><strong>huiusmodi.</strong></span> <span class='ocrx_word' id='word_1_349' title='bbox 2822 1618 3192 1674; x_wconf 83' lang='lat' dir='ltr'><strong>Transeamus</strong></span> <span class='ocrx_word' id='word_1_350' title='bbox 3219 1634 3347 1675; x_wconf 87' lang='lat' dir='ltr'><strong>vero</strong></span> <span class='ocrx_word' id='word_1_351' title='bbox 3382 1620 3449 1675; x_wconf 87' lang='lat' dir='ltr'><strong>ad</strong></span> <span class='ocrx_word' id='word_1_352' title='bbox 3479 1621 3641 1675; x_wconf 89' lang='lat' dir='ltr'><strong>aliam</strong></span> 
     </span>
    </p>
   </div>
   <div class='ocr_carea' id='block_1_47' title="bbox 2067 1705 3649 1783">
    <p class='ocr_par' dir='ltr' id='par_1_47' title="bbox 2067 1705 3649 1783">
     <span class='ocr_line' id='line_1_47' title="bbox 2067 1705 3649 1783; baseline 0.008 -27"><span class='ocrx_word' id='word_1_353' title='bbox 2067 1705 2237 1775; x_wconf 84' lang='lat' dir='ltr'><strong>ipsius</strong></span> <span class='ocrx_word' id='word_1_354' title='bbox 2262 1707 2552 1762; x_wconf 88' lang='lat' dir='ltr'><strong>rationem.</strong></span> <span class='ocrx_word' id='word_1_355' title='bbox 2589 1708 2878 1776; x_wconf 61' lang='lat' dir='ltr'><strong>Praeterea,</strong></span> <span class='ocrx_word' id='word_1_356' title='bbox 2915 1710 3107 1779; x_wconf 90' lang='lat' dir='ltr'><strong>inquit,</strong></span> <span class='ocrx_word' id='word_1_357' title='bbox 3139 1711 3355 1766; x_wconf 86' lang='lat' dir='ltr'><strong>etiamsi</strong></span> <span class='ocrx_word' id='word_1_358' title='bbox 3387 1713 3494 1767; x_wconf 87' lang='lat' dir='ltr'><strong>sint</strong></span> <span class='ocrx_word' id='word_1_359' title='bbox 3526 1727 3649 1783; x_wconf 85' lang='lat' dir='ltr'><strong>spe-</strong></span> 
     </span>
    </p>
   </div>
   <div class='ocr_carea' id='block_1_48' title="bbox 2066 1797 3647 1875">
    <p class='ocr_par' dir='ltr' id='par_1_48' title="bbox 2066 1797 3647 1875">
     <span class='ocr_line' id='line_1_48' title="bbox 2066 1797 3647 1875; baseline 0.005 -25"><span class='ocrx_word' id='word_1_360' title='bbox 2066 1797 2200 1856; x_wconf 78' lang='lat' dir='ltr'><strong>cies.</strong></span> <span class='ocrx_word' id='word_1_361' title='bbox 2229 1814 2332 1853; x_wconf 91' lang='lat' dir='ltr'><strong>non</strong></span> <span class='ocrx_word' id='word_1_362' title='bbox 2370 1811 2549 1855; x_wconf 89' lang='lat' dir='ltr'><strong>tamen</strong></span> <span class='ocrx_word' id='word_1_363' title='bbox 2585 1800 2720 1853; x_wconf 92' lang='lat' dir='ltr'><strong>ﬁunt</strong></span> <span class='ocrx_word' id='word_1_364' title='bbox 2748 1815 2812 1855; x_wconf 87' lang='lat' dir='ltr'><strong>ea</strong></span> <span class='ocrx_word' id='word_1_365' title='bbox 2845 1817 2967 1871; x_wconf 74' lang='lat' dir='ltr'><strong>qua:</strong></span> <span class='ocrx_word' id='word_1_366' title='bbox 2993 1802 3150 1868; x_wconf 89' lang='lat' dir='ltr'><strong>ﬁunt,</strong></span> <span class='ocrx_word' id='word_1_367' title='bbox 3183 1804 3288 1859; x_wconf 90' lang='lat' dir='ltr'><strong>nisi</strong></span> <span class='ocrx_word' id='word_1_368' title='bbox 3320 1804 3393 1859; x_wconf 90' lang='lat' dir='ltr'><strong>sit</strong></span> <span class='ocrx_word' id='word_1_369' title='bbox 3419 1804 3647 1875; x_wconf 90' lang='lat' dir='ltr'><strong>aliquid,</strong></span> 
     </span>
    </p>
   </div>
   <div class='ocr_carea' id='block_1_49' title="bbox 1999 1891 3649 1979">
    <p class='ocr_par' dir='ltr' id='par_1_49' title="bbox 1999 1891 3649 1979">
     <span class='ocr_line' id='line_1_49' title="bbox 1999 1891 3649 1979; baseline 0.004 -36"><span class='ocrx_word' id='word_1_370' title='bbox 1999 1923 2041 1979; x_wconf 75' lang='grc' dir='ltr'><strong>Β</strong></span> <span class='ocrx_word' id='word_1_371' title='bbox 2069 1891 2212 1961; x_wconf 92' lang='lat' dir='ltr'><strong>quod</strong></span> <span class='ocrx_word' id='word_1_372' title='bbox 2244 1901 2478 1947; x_wconf 86' lang='lat' dir='ltr'><strong>moveat.</strong></span> <span class='ocrx_word' id='word_1_373' title='bbox 2506 1891 2571 1946; x_wconf 85' lang='lat' dir='ltr'><strong>Et</strong></span> <span class='ocrx_word' id='word_1_374' title='bbox 2597 1892 2764 1947; x_wconf 91' lang='lat' dir='ltr'><strong>multa</strong></span> <span class='ocrx_word' id='word_1_375' title='bbox 2798 1894 2933 1948; x_wconf 85' lang='lat' dir='ltr'><strong>ﬁunt</strong></span> <span class='ocrx_word' id='word_1_376' title='bbox 2985 1893 3112 1961; x_wconf 84' lang='lat' dir='ltr'><strong>alia,</strong></span> <span class='ocrx_word' id='word_1_377' title='bbox 3144 1904 3203 1950; x_wconf 90' lang='lat' dir='ltr'><strong>ut</strong></span> <span class='ocrx_word' id='word_1_378' title='bbox 3233 1896 3428 1951; x_wconf 90' lang='lat' dir='ltr'><strong>domus</strong></span> <span class='ocrx_word' id='word_1_379' title='bbox 3453 1905 3508 1950; x_wconf 88' lang='lat' dir='ltr'><strong>et</strong></span> <span class='ocrx_word' id='word_1_380' title='bbox 3545 1910 3649 1950; x_wconf 89' lang='lat' dir='ltr'><strong>an-</strong></span> 
     </span>
    </p>
   </div>
   <div class='ocr_carea' id='block_1_50' title="bbox 2068 1983 3643 2056">
    <p class='ocr_par' dir='ltr' id='par_1_50' title="bbox 2068 1983 3643 2056">
     <span class='ocr_line' id='line_1_50' title="bbox 2068 1983 3643 2056; baseline 0.002 -19"><span class='ocrx_word' id='word_1_381' title='bbox 2068 1983 2251 2047; x_wconf 92' lang='lat' dir='ltr'><strong>nulus,</strong></span> <span class='ocrx_word' id='word_1_382' title='bbox 2294 1998 2529 2053; x_wconf 89' lang='lat' dir='ltr'><strong>quorum</strong></span> <span class='ocrx_word' id='word_1_383' title='bbox 2558 1999 2679 2039; x_wconf 87' lang='lat' dir='ltr'><strong>esse</strong></span> <span class='ocrx_word' id='word_1_384' title='bbox 2708 1985 2921 2054; x_wconf 91' lang='lat' dir='ltr'><strong>species</strong></span> <span class='ocrx_word' id='word_1_385' title='bbox 2954 1996 3175 2056; x_wconf 89' lang='lat' dir='ltr'><strong>negant,</strong></span> <span class='ocrx_word' id='word_1_386' title='bbox 3213 1995 3270 2042; x_wconf 90' lang='lat' dir='ltr'><strong>ut</strong></span> <span class='ocrx_word' id='word_1_387' title='bbox 3309 1988 3384 2043; x_wconf 88' lang='lat' dir='ltr'><strong>ita</strong></span> <span class='ocrx_word' id='word_1_388' title='bbox 3423 1988 3491 2043; x_wconf 92' lang='lat' dir='ltr'><strong>sit</strong></span> <span class='ocrx_word' id='word_1_389' title='bbox 3523 2003 3643 2056; x_wconf 85' lang='lat' dir='ltr'><strong>per-</strong></span> 
     </span>
    </p>
   </div>
   <div class='ocr_carea' id='block_1_51' title="bbox 2064 2075 3645 2147">
    <p class='ocr_par' dir='ltr' id='par_1_51' title="bbox 2064 2075 3645 2147">
     <span class='ocr_line' id='line_1_51' title="bbox 2064 2075 3645 2147; baseline 0.004 -19"><span class='ocrx_word' id='word_1_390' title='bbox 2064 2077 2337 2143; x_wconf 87' lang='lat' dir='ltr'><strong>spicuum,</strong></span> <span class='ocrx_word' id='word_1_391' title='bbox 2406 2075 2572 2132; x_wconf 88' lang='lat' dir='ltr'><strong>licere</strong></span> <span class='ocrx_word' id='word_1_392' title='bbox 2620 2076 2785 2131; x_wconf 87' lang='lat' dir='ltr'><strong>etiam</strong></span> <span class='ocrx_word' id='word_1_393' title='bbox 2839 2076 2930 2132; x_wconf 90' lang='lat' dir='ltr'><strong>illa</strong></span> <span class='ocrx_word' id='word_1_394' title='bbox 2980 2093 3216 2147; x_wconf 84' lang='lat' dir='ltr'><strong>quorum</strong></span> <span class='ocrx_word' id='word_1_395' title='bbox 3277 2094 3400 2135; x_wconf 86' lang='lat' dir='ltr'><strong>esse</strong></span> <span class='ocrx_word' id='word_1_396' title='bbox 3454 2082 3645 2135; x_wconf 89' lang='lat' dir='ltr'><strong>dicunt</strong></span> 
     </span>
    </p>
   </div>
   <div class='ocr_carea' id='block_1_52' title="bbox 2068 2171 3648 2246">
    <p class='ocr_par' dir='ltr' id='par_1_52' title="bbox 2068 2171 3648 2246">
     <span class='ocr_line' id='line_1_52' title="bbox 2068 2171 3648 2246; baseline 0.002 -20"><span class='ocrx_word' id='word_1_397' title='bbox 2068 2171 2218 2226; x_wconf 80' lang='lat' dir='ltr'><strong>ideas</strong></span> <span class='ocrx_word' id='word_1_398' title='bbox 2249 2181 2303 2227; x_wconf 90' lang='lat' dir='ltr'><strong>et</strong></span> <span class='ocrx_word' id='word_1_399' title='bbox 2332 2187 2454 2228; x_wconf 88' lang='lat' dir='ltr'><strong>esse</strong></span> <span class='ocrx_word' id='word_1_400' title='bbox 2483 2181 2537 2227; x_wconf 92' lang='lat' dir='ltr'><strong>et</strong></span> <span class='ocrx_word' id='word_1_401' title='bbox 2567 2171 2681 2228; x_wconf 91' lang='lat' dir='ltr'><strong>ﬁeri</strong></span> <span class='ocrx_word' id='word_1_402' title='bbox 2709 2174 2910 2230; x_wconf 90' lang='lat' dir='ltr'><strong>talibus</strong></span> <span class='ocrx_word' id='word_1_403' title='bbox 2943 2174 3012 2229; x_wconf 89' lang='lat' dir='ltr'><strong>de</strong></span> <span class='ocrx_word' id='word_1_404' title='bbox 3043 2176 3248 2241; x_wconf 89' lang='lat' dir='ltr'><strong>causis,</strong></span> <span class='ocrx_word' id='word_1_405' title='bbox 3294 2176 3364 2231; x_wconf 90' lang='lat' dir='ltr'><strong>de</strong></span> <span class='ocrx_word' id='word_1_406' title='bbox 3392 2176 3648 2246; x_wconf 83' lang='lat' dir='ltr'><strong>qualibus</strong></span> 
     </span>
    </p>
   </div>
   <div class='ocr_carea' id='block_1_53' title="bbox 2069 2252 3650 2335">
    <p class='ocr_par' dir='ltr' id='par_1_53' title="bbox 2069 2252 3650 2335">
     <span class='ocr_line' id='line_1_53' title="bbox 2069 2252 3650 2335; baseline 0.003 -18"><span class='ocrx_word' id='word_1_407' title='bbox 2069 2265 2392 2321; x_wconf 87' lang='lat' dir='ltr'><strong>naturaliter</strong></span> <span class='ocrx_word' id='word_1_408' title='bbox 2458 2252 2595 2320; x_wconf 83' lang='lat' dir='ltr'><strong>ﬁunt</strong></span> <span class='ocrx_word' id='word_1_409' title='bbox 2647 2275 2813 2332; x_wconf 79' lang='lat' dir='ltr'><strong>atque</strong></span> <span class='ocrx_word' id='word_1_410' title='bbox 2847 2281 2878 2321; x_wconf 91' lang='lat' dir='ltr'><strong>a</strong></span> <span class='ocrx_word' id='word_1_411' title='bbox 2905 2262 3037 2322; x_wconf 81' lang='lat' dir='ltr'><strong>sole&#39;</strong></span> <span class='ocrx_word' id='word_1_412' title='bbox 3068 2266 3287 2335; x_wconf 78' lang='lat' dir='ltr'><strong>penitus</strong></span> <span class='ocrx_word' id='word_1_413' title='bbox 3318 2283 3429 2323; x_wconf 92' lang='lat' dir='ltr'><strong>non</strong></span> <span class='ocrx_word' id='word_1_414' title='bbox 3467 2269 3650 2323; x_wconf 88' lang='lat' dir='ltr'><strong>absol-</strong></span> 
     </span>
    </p>
   </div>
   <div class='ocr_carea' id='block_1_54' title="bbox 2067 2358 3693 2428">
    <p class='ocr_par' dir='ltr' id='par_1_54' title="bbox 2067 2358 3693 2428">
     <span class='ocr_line' id='line_1_54' title="bbox 2067 2358 3693 2428; baseline 0.004 -18"><span class='ocrx_word' id='word_1_415' title='bbox 2067 2365 2291 2419; x_wconf 91' lang='lat' dir='ltr'><strong>vuntur,</strong></span> <span class='ocrx_word' id='word_1_416' title='bbox 2320 2371 2388 2411; x_wconf 90' lang='lat' dir='ltr'><strong>ne</strong></span> <span class='ocrx_word' id='word_1_417' title='bbox 2414 2370 2443 2411; x_wconf 90' lang='lat' dir='ltr'><strong>a</strong></span> <span class='ocrx_word' id='word_1_418' title='bbox 2474 2358 2669 2428; x_wconf 87' lang='lat' dir='ltr'><strong>seipsis</strong></span> <span class='ocrx_word' id='word_1_419' title='bbox 2717 2359 2939 2428; x_wconf 84' lang='lat' dir='ltr'><strong>quidem</strong></span> <span class='ocrx_word' id='word_1_420' title='bbox 2976 2359 3358 2428; x_wconf 89' lang='lat' dir='ltr'><strong>perﬁciuntur.</strong></span> <span class='ocrx_word' id='word_1_421' title='bbox 3428 2358 3643 2415; x_wconf 85' lang='lat' dir='ltr'><strong>Nullam</strong></span> <span class='ocrx_word' id='word_1_422' title='bbox 3684 2416 3693 2419; x_wconf 94' lang='lat'><em>_</em></span> 
     </span>
    </p>
   </div>
   <div class='ocr_carea' id='block_1_55' title="bbox 2069 2449 3648 2520">
    <p class='ocr_par' dir='ltr' id='par_1_55' title="bbox 2069 2449 3648 2520">
     <span class='ocr_line' id='line_1_55' title="bbox 2069 2449 3648 2520; baseline 0.001 -17"><span class='ocrx_word' id='word_1_423' title='bbox 2069 2449 2213 2503; x_wconf 89' lang='lat' dir='ltr'><strong>enim</strong></span> <span class='ocrx_word' id='word_1_424' title='bbox 2255 2449 2555 2518; x_wconf 89' lang='lat' dir='ltr'><strong>potentiam</strong></span> <span class='ocrx_word' id='word_1_425' title='bbox 2582 2451 2635 2506; x_wconf 91' lang='lat' dir='ltr'><strong>in</strong></span> <span class='ocrx_word' id='word_1_426' title='bbox 2672 2459 2855 2507; x_wconf 83' lang='lat' dir='ltr'><strong>actum</strong></span> <span class='ocrx_word' id='word_1_427' title='bbox 2900 2453 3194 2520; x_wconf 86' lang='lat' dir='ltr'><strong>procedere</strong></span> <span class='ocrx_word' id='word_1_428' title='bbox 3223 2452 3328 2507; x_wconf 91' lang='lat' dir='ltr'><strong>nisi</strong></span> <span class='ocrx_word' id='word_1_429' title='bbox 3369 2452 3438 2507; x_wconf 88' lang='lat' dir='ltr'><strong>ab</strong></span> <span class='ocrx_word' id='word_1_430' title='bbox 3473 2453 3648 2508; x_wconf 80' lang='lat' dir='ltr'><strong>altero</strong></span> 
     </span>
    </p>
   </div>
   <div class='ocr_carea' id='block_1_56' title="bbox 2070 2538 3646 2613">
    <p class='ocr_par' dir='ltr' id='par_1_56' title="bbox 2070 2538 3646 2613">
     <span class='ocr_line' id='line_1_56' title="bbox 2070 2538 3646 2613; baseline 0.006 -20"><span class='ocrx_word' id='word_1_431' title='bbox 2070 2538 2325 2610; x_wconf 82' lang='lat' dir='ltr'><strong>quopiam</strong></span> <span class='ocrx_word' id='word_1_432' title='bbox 2354 2550 2477 2596; x_wconf 87' lang='lat' dir='ltr'><strong>actu</strong></span> <span class='ocrx_word' id='word_1_433' title='bbox 2507 2541 2809 2612; x_wconf 69' lang='lat' dir='ltr'><strong>vifquadam</strong></span> <span class='ocrx_word' id='word_1_434' title='bbox 2848 2543 3217 2612; x_wconf 88' lang='lat' dir='ltr'><strong>protrudatur,</strong></span> <span class='ocrx_word' id='word_1_435' title='bbox 3246 2559 3423 2613; x_wconf 56' lang='lat' dir='ltr'><strong>neque</strong></span> <span class='ocrx_word' id='word_1_436' title='bbox 3456 2560 3646 2602; x_wconf 85' lang='lat' dir='ltr'><strong>rursus</strong></span> 
     </span>
    </p>
   </div>
   <div class='ocr_carea' id='block_1_57' title="bbox 2071 2632 3646 2705">
    <p class='ocr_par' dir='ltr' id='par_1_57' title="bbox 2071 2632 3646 2705">
     <span class='ocr_line' id='line_1_57' title="bbox 2071 2632 3646 2705; baseline 0.004 -19"><span class='ocrx_word' id='word_1_437' title='bbox 2071 2633 2122 2687; x_wconf 90' lang='lat' dir='ltr'><strong>id</strong></span> <span class='ocrx_word' id='word_1_438' title='bbox 2151 2633 2293 2703; x_wconf 91' lang='lat' dir='ltr'><strong>quod</strong></span> <span class='ocrx_word' id='word_1_439' title='bbox 2326 2634 2440 2687; x_wconf 89' lang='lat' dir='ltr'><strong>sola</strong></span> <span class='ocrx_word' id='word_1_440' title='bbox 2480 2632 2531 2689; x_wconf 89' lang='lat' dir='ltr'><strong>vi</strong></span> <span class='ocrx_word' id='word_1_441' title='bbox 2567 2634 2770 2689; x_wconf 86' lang='lat' dir='ltr'><strong>latente</strong></span> <span class='ocrx_word' id='word_1_442' title='bbox 2792 2634 2906 2690; x_wconf 89' lang='lat' dir='ltr'><strong>sive</strong></span> <span class='ocrx_word' id='word_1_443' title='bbox 2936 2636 3173 2705; x_wconf 85' lang='lat' dir='ltr'><strong>potentia</strong></span> <span class='ocrx_word' id='word_1_444' title='bbox 3203 2636 3513 2693; x_wconf 87' lang='lat' dir='ltr'><strong>absolutum</strong></span> <span class='ocrx_word' id='word_1_445' title='bbox 3540 2651 3646 2700; x_wconf 75' lang='grc' dir='ltr'><strong>εει.</strong></span> 
     </span>
    </p>
   </div>
   <div class='ocr_carea' id='block_1_58' title="bbox 2071 2721 3642 2793">
    <p class='ocr_par' dir='ltr' id='par_1_58' title="bbox 2071 2721 3642 2793">
     <span class='ocr_line' id='line_1_58' title="bbox 2071 2721 3642 2793; baseline 0.004 -17"><span class='ocrx_word' id='word_1_446' title='bbox 2071 2721 2126 2776; x_wconf 90' lang='lat' dir='ltr'><strong>id</strong></span> <span class='ocrx_word' id='word_1_447' title='bbox 2155 2722 2319 2777; x_wconf 91' lang='lat' dir='ltr'><strong>etiam</strong></span> <span class='ocrx_word' id='word_1_448' title='bbox 2353 2725 2530 2793; x_wconf 89' lang='lat' dir='ltr'><strong>reipsa</strong></span> <span class='ocrx_word' id='word_1_449' title='bbox 2558 2724 2870 2780; x_wconf 87' lang='lat' dir='ltr'><strong>absolutum</strong></span> <span class='ocrx_word' id='word_1_450' title='bbox 2908 2729 3157 2787; x_wconf 80' lang='lat' dir='ltr'><strong>eradere,</strong></span> <span class='ocrx_word' id='word_1_451' title='bbox 3194 2727 3301 2782; x_wconf 92' lang='lat' dir='ltr'><strong>nisi</strong></span> <span class='ocrx_word' id='word_1_452' title='bbox 3334 2729 3402 2783; x_wconf 90' lang='lat' dir='ltr'><strong>ab</strong></span> <span class='ocrx_word' id='word_1_453' title='bbox 3466 2731 3642 2785; x_wconf 92' lang='lat' dir='ltr'><strong>altero</strong></span> 
     </span>
    </p>
   </div>
   <div class='ocr_carea' id='block_1_59' title="bbox 2073 2815 3643 2890">
    <p class='ocr_par' dir='ltr' id='par_1_59' title="bbox 2073 2815 3643 2890">
     <span class='ocr_line' id='line_1_59' title="bbox 2073 2815 3643 2890; baseline 0.006 -22"><span class='ocrx_word' id='word_1_454' title='bbox 2073 2815 2351 2884; x_wconf 83' lang='lat' dir='ltr'><strong>quopiam,</strong></span> <span class='ocrx_word' id='word_1_455' title='bbox 2387 2818 2534 2887; x_wconf 91' lang='lat' dir='ltr'><strong>quod</strong></span> <span class='ocrx_word' id='word_1_456' title='bbox 2581 2819 2653 2873; x_wconf 80' lang='lat' dir='ltr'><strong>sit</strong></span> <span class='ocrx_word' id='word_1_457' title='bbox 2681 2817 2859 2888; x_wconf 87' lang='lat' dir='ltr'><strong>reipsa</strong></span> <span class='ocrx_word' id='word_1_458' title='bbox 2886 2818 3201 2887; x_wconf 67' lang='lat' dir='ltr'><strong>perfectius,</strong></span> <span class='ocrx_word' id='word_1_459' title='bbox 3236 2831 3643 2890; x_wconf 79' lang='lat' dir='ltr'><strong>promoveatur.</strong></span> 
     </span>
    </p>
   </div>
   <div class='ocr_carea' id='block_1_60' title="bbox 2074 2903 3761 2984">
    <p class='ocr_par' dir='ltr' id='par_1_60' title="bbox 2074 2903 3761 2984">
     <span class='ocr_line' id='line_1_60' title="bbox 2074 2903 3761 2984; baseline 0.006 -25"><span class='ocrx_word' id='word_1_460' title='bbox 2074 2903 2170 2960; x_wconf 91' lang='lat' dir='ltr'><strong>llis</strong></span> <span class='ocrx_word' id='word_1_461' title='bbox 2195 2905 2263 2961; x_wconf 93' lang='lat' dir='ltr'><strong>de</strong></span> <span class='ocrx_word' id='word_1_462' title='bbox 2284 2908 2466 2964; x_wconf 90' lang='lat' dir='ltr'><strong>causis</strong></span> <span class='ocrx_word' id='word_1_463' title='bbox 2493 2925 2614 2978; x_wconf 89' lang='lat' dir='ltr'><strong>nos,</strong></span> <span class='ocrx_word' id='word_1_464' title='bbox 2646 2910 2760 2979; x_wconf 86' lang='lat' dir='ltr'><strong>(Gr.</strong></span> <span class='ocrx_word' id='word_1_465' title='bbox 2793 2912 2896 2966; x_wconf 84' lang='lat' dir='ltr'><strong>col.</strong></span> <span class='ocrx_word' id='word_1_466' title='bbox 2926 2910 3030 2967; x_wconf 72' lang='lat'><strong>928</strong></span> <span class='ocrx_word' id='word_1_467' title='bbox 3065 2911 3130 2979; x_wconf 86' lang='lat' dir='ltr'><strong>A)</strong></span> <span class='ocrx_word' id='word_1_468' title='bbox 3163 2912 3433 2984; x_wconf 88' lang='lat' dir='ltr'><strong>inquient,</strong></span> <span class='ocrx_word' id='word_1_469' title='bbox 3465 2925 3647 2969; x_wconf 90' lang='lat' dir='ltr'><strong>actum</strong></span> <span class='ocrx_word' id='word_1_470' title='bbox 3742 2954 3761 2963; x_wconf 45' lang='grc' dir='ltr'>κ</span> 
     </span>
    </p>
   </div>
   <div class='ocr_carea' id='block_1_61' title="bbox 2074 2996 3653 3075">
    <p class='ocr_par' dir='ltr' id='par_1_61' title="bbox 2074 2996 3653 3075">
     <span class='ocr_line' id='line_1_61' title="bbox 2074 2996 3653 3075; baseline 0.007 -25"><span class='ocrx_word' id='word_1_471' title='bbox 2074 2996 2250 3066; x_wconf 87' lang='lat' dir='ltr'><strong>illum,</strong></span> <span class='ocrx_word' id='word_1_472' title='bbox 2278 3015 2387 3069; x_wconf 91' lang='lat' dir='ltr'><strong>quo</strong></span> <span class='ocrx_word' id='word_1_473' title='bbox 2446 3003 2570 3056; x_wconf 82' lang='lat' dir='ltr'><strong>talia</strong></span> <span class='ocrx_word' id='word_1_474' title='bbox 2599 3013 2727 3057; x_wconf 83' lang='lat' dir='ltr'><strong>tunc</strong></span> <span class='ocrx_word' id='word_1_475' title='bbox 2766 3004 2945 3061; x_wconf 87' lang='lat' dir='ltr'><strong>solent</strong></span> <span class='ocrx_word' id='word_1_476' title='bbox 2982 3005 3193 3074; x_wconf 87' lang='lat' dir='ltr'><strong>perﬁci,</strong></span> <span class='ocrx_word' id='word_1_477' title='bbox 3221 3007 3506 3075; x_wconf 86' lang='lat' dir='ltr'><strong>speciebus</strong></span> <span class='ocrx_word' id='word_1_478' title='bbox 3541 3007 3653 3062; x_wconf 88' lang='lat' dir='ltr'><strong>illis</strong></span> 
     </span>
    </p>
   </div>
   <div class='ocr_carea' id='block_1_62' title="bbox 2075 3093 3654 3163">
    <p class='ocr_par' dir='ltr' id='par_1_62' title="bbox 2075 3093 3654 3163">
     <span class='ocr_line' id='line_1_62' title="bbox 2075 3093 3654 3163; baseline 0.006 -19"><span class='ocrx_word' id='word_1_479' title='bbox 2075 3100 2239 3159; x_wconf 85' lang='lat' dir='ltr'><strong>atque</strong></span> <span class='ocrx_word' id='word_1_480' title='bbox 2262 3093 2689 3163; x_wconf 79' lang='lat' dir='ltr'><strong>exemplaribus.</strong></span> <span class='ocrx_word' id='word_1_481' title='bbox 2726 3095 2793 3149; x_wconf 89' lang='lat' dir='ltr'><strong>Et</strong></span> <span class='ocrx_word' id='word_1_482' title='bbox 2822 3095 2918 3149; x_wconf 89' lang='lat' dir='ltr'><strong>has</strong></span> <span class='ocrx_word' id='word_1_483' title='bbox 2939 3110 2967 3150; x_wconf 88' lang='lat' dir='ltr'><strong>a</strong></span> <span class='ocrx_word' id='word_1_484' title='bbox 2997 3095 3161 3152; x_wconf 89' lang='lat' dir='ltr'><strong>rebus</strong></span> <span class='ocrx_word' id='word_1_485' title='bbox 3187 3098 3536 3154; x_wconf 81' lang='lat' dir='ltr'><strong>sensibilihus</strong></span> <span class='ocrx_word' id='word_1_486' title='bbox 3560 3114 3654 3154; x_wconf 90' lang='lat' dir='ltr'><strong>se-</strong></span> 
     </span>
    </p>
   </div>
   <div class='ocr_carea' id='block_1_63' title="bbox 2078 3185 3655 3259">
    <p class='ocr_par' dir='ltr' id='par_1_63' title="bbox 2078 3185 3655 3259">
     <span class='ocr_line' id='line_1_63' title="bbox 2078 3185 3655 3259; baseline 0.004 -21"><span class='ocrx_word' id='word_1_487' title='bbox 2078 3195 2294 3253; x_wconf 88' lang='lat' dir='ltr'><strong>paratas</strong></span> <span class='ocrx_word' id='word_1_488' title='bbox 2317 3186 2545 3254; x_wconf 61' lang='lat' dir='ltr'><strong>species</strong></span> <span class='ocrx_word' id='word_1_489' title='bbox 2575 3185 2828 3241; x_wconf 80' lang='lat' dir='ltr'><strong>bifariam</strong></span> <span class='ocrx_word' id='word_1_490' title='bbox 2869 3187 3287 3259; x_wconf 84' lang='lat' dir='ltr'><strong>distinguentes,</strong></span> <span class='ocrx_word' id='word_1_491' title='bbox 3324 3198 3437 3245; x_wconf 92' lang='lat' dir='ltr'><strong>tum</strong></span> <span class='ocrx_word' id='word_1_492' title='bbox 3472 3189 3529 3245; x_wconf 91' lang='lat' dir='ltr'><strong>in</strong></span> <span class='ocrx_word' id='word_1_493' title='bbox 3562 3204 3655 3246; x_wconf 72' lang='lat' dir='ltr'><strong>eas</strong></span> 
     </span>
    </p>
   </div>
   <div class='ocr_carea' id='block_1_64' title="bbox 397 3276 3653 3348">
    <p class='ocr_par' dir='ltr' id='par_1_64' title="bbox 397 3276 3653 3348">
     <span class='ocr_line' id='line_1_64' title="bbox 397 3276 3653 3348; baseline 0 -14"><span class='ocrx_word' id='word_1_494' title='bbox 397 3280 526 3334; x_wconf 87' lang='lat' dir='ltr'><strong>solis</strong></span> <span class='ocrx_word' id='word_1_495' title='bbox 572 3278 736 3334; x_wconf 87' lang='lat' dir='ltr'><strong>etiam</strong></span> <span class='ocrx_word' id='word_1_496' title='bbox 789 3278 1040 3343; x_wconf 88' lang='lat' dir='ltr'><strong>istarum,</strong></span> <span class='ocrx_word' id='word_1_497' title='bbox 1102 3296 1222 3345; x_wconf 69' lang='lat' dir='ltr'><strong>qua:</strong></span> <span class='ocrx_word' id='word_1_498' title='bbox 1280 3289 1605 3339; x_wconf 89' lang='lat' dir='ltr'><strong>nascuntur,</strong></span> <span class='ocrx_word' id='word_1_499' title='bbox 1639 3277 1969 3347; x_wconf 82' lang='lat' dir='ltr'><strong>exemplaria</strong></span> <span class='ocrx_word' id='word_1_500' title='bbox 2002 3276 2045 3334; x_wconf 88' lang='lat' dir='ltr'><strong>C</strong></span> <span class='ocrx_word' id='word_1_501' title='bbox 2076 3289 2200 3344; x_wconf 64' lang='lat' dir='ltr'><strong>quae</strong></span> <span class='ocrx_word' id='word_1_502' title='bbox 2227 3289 2323 3344; x_wconf 90' lang='lat' dir='ltr'><strong>per</strong></span> <span class='ocrx_word' id='word_1_503' title='bbox 2358 3288 2418 3331; x_wconf 79' lang='lat' dir='ltr'><strong>se</strong></span> <span class='ocrx_word' id='word_1_504' title='bbox 2445 3276 2510 3332; x_wconf 85' lang='lat' dir='ltr'><strong>ad</strong></span> <span class='ocrx_word' id='word_1_505' title='bbox 2538 3276 2817 3333; x_wconf 81' lang='lat' dir='ltr'><strong>efﬁcienda</strong></span> <span class='ocrx_word' id='word_1_506' title='bbox 2840 3292 3006 3348; x_wconf 80' lang='lat' dir='ltr'><strong>Opera</strong></span> <span class='ocrx_word' id='word_1_507' title='bbox 3030 3288 3159 3334; x_wconf 92' lang='lat' dir='ltr'><strong>sunt</strong></span> <span class='ocrx_word' id='word_1_508' title='bbox 3188 3280 3417 3344; x_wconf 68' lang='lat' dir='ltr'><strong>idoneae,</strong></span> <span class='ocrx_word' id='word_1_509' title='bbox 3450 3289 3562 3335; x_wconf 89' lang='lat' dir='ltr'><strong>tum</strong></span> <span class='ocrx_word' id='word_1_510' title='bbox 3597 3281 3653 3336; x_wconf 91' lang='lat' dir='ltr'><strong>in</strong></span> 
     </span>
    </p>
   </div>
   <div class='ocr_carea' id='block_1_65' title="bbox 398 3370 1971 3444">
    <p class='ocr_par' dir='ltr' id='par_1_65' title="bbox 398 3370 1971 3444">
     <span class='ocr_line' id='line_1_65' title="bbox 398 3370 1971 3444; baseline -0.003 -16"><span class='ocrx_word' id='word_1_511' title='bbox 398 3374 688 3439; x_wconf 88' lang='lat' dir='ltr'><strong>contineri,</strong></span> <span class='ocrx_word' id='word_1_512' title='bbox 719 3388 815 3429; x_wconf 89' lang='lat' dir='ltr'><strong>nec</strong></span> <span class='ocrx_word' id='word_1_513' title='bbox 846 3372 970 3427; x_wconf 90' lang='lat' dir='ltr'><strong>ullis</strong></span> <span class='ocrx_word' id='word_1_514' title='bbox 989 3381 1245 3442; x_wconf 60' lang='lat' dir='ltr'><strong>praeterea</strong></span> <span class='ocrx_word' id='word_1_515' title='bbox 1281 3373 1522 3444; x_wconf 84' lang='lat' dir='ltr'><strong>indigere</strong></span> <span class='ocrx_word' id='word_1_516' title='bbox 1543 3370 1971 3441; x_wconf 78' lang='lat' dir='ltr'><strong>exemplaribus,</strong></span> 
     </span>
    </p>
   </div>
   <div class='ocr_carea' id='block_1_66' title="bbox 397 3463 1979 3534">
    <p class='ocr_par' dir='ltr' id='par_1_66' title="bbox 397 3463 1979 3534">
     <span class='ocr_line' id='line_1_66' title="bbox 397 3463 1979 3534; baseline -0.002 -16"><span class='ocrx_word' id='word_1_517' title='bbox 397 3482 518 3534; x_wconf 73' lang='lat' dir='ltr'><strong>qua:</strong></span> <span class='ocrx_word' id='word_1_518' title='bbox 544 3481 637 3533; x_wconf 90' lang='lat' dir='ltr'><strong>per</strong></span> <span class='ocrx_word' id='word_1_519' title='bbox 671 3466 849 3534; x_wconf 77' lang='lat' dir='ltr'><strong>Seipsa</strong></span> <span class='ocrx_word' id='word_1_520' title='bbox 880 3464 1207 3521; x_wconf 90' lang='lat' dir='ltr'><strong>consistant.</strong></span> <span class='ocrx_word' id='word_1_521' title='bbox 1235 3464 1463 3520; x_wconf 87' lang='lat' dir='ltr'><strong>Constat</strong></span> <span class='ocrx_word' id='word_1_522' title='bbox 1493 3464 1639 3520; x_wconf 90' lang='lat' dir='ltr'><strong>enim</strong></span> <span class='ocrx_word' id='word_1_523' title='bbox 1667 3465 1736 3518; x_wconf 91' lang='lat' dir='ltr'><strong>ab</strong></span> <span class='ocrx_word' id='word_1_524' title='bbox 1769 3463 1979 3516; x_wconf 83' lang='lat' dir='ltr'><strong>Aristo-</strong></span> 
     </span>
    </p>
   </div>
   <div class='ocr_carea' id='block_1_67' title="bbox 400 3555 1972 3627">
    <p class='ocr_par' dir='ltr' id='par_1_67' title="bbox 400 3555 1972 3627">
     <span class='ocr_line' id='line_1_67' title="bbox 400 3555 1972 3627; baseline -0.004 -15"><span class='ocrx_word' id='word_1_525' title='bbox 400 3560 503 3613; x_wconf 87' lang='lat' dir='ltr'><strong>tele</strong></span> <span class='ocrx_word' id='word_1_526' title='bbox 532 3558 703 3613; x_wconf 91' lang='lat' dir='ltr'><strong>solem</strong></span> <span class='ocrx_word' id='word_1_527' title='bbox 736 3559 1105 3627; x_wconf 82' lang='lat' dir='ltr'><strong>generationis</strong></span> <span class='ocrx_word' id='word_1_528' title='bbox 1152 3571 1342 3612; x_wconf 90' lang='lat' dir='ltr'><strong>eorum</strong></span> <span class='ocrx_word' id='word_1_529' title='bbox 1380 3572 1501 3626; x_wconf 64' lang='lat' dir='ltr'><strong>quae</strong></span> <span class='ocrx_word' id='word_1_530' title='bbox 1556 3555 1714 3621; x_wconf 87' lang='lat' dir='ltr'><strong>ﬁunt,</strong></span> <span class='ocrx_word' id='word_1_531' title='bbox 1751 3568 1972 3608; x_wconf 90' lang='lat' dir='ltr'><strong>causam</strong></span> 
     </span>
    </p>
   </div>
   <div class='ocr_carea' id='block_1_68' title="bbox 399 3644 1975 3719">
    <p class='ocr_par' dir='ltr' id='par_1_68' title="bbox 399 3644 1975 3719">
     <span class='ocr_line' id='line_1_68' title="bbox 399 3644 1975 3719; baseline -0.003 -17"><span class='ocrx_word' id='word_1_532' title='bbox 399 3649 678 3703; x_wconf 89' lang='lat' dir='ltr'><strong>constitui.</strong></span> <span class='ocrx_word' id='word_1_533' title='bbox 712 3648 749 3702; x_wconf 90' lang='grc' dir='ltr'>Ιι</span> <span class='ocrx_word' id='word_1_534' title='bbox 782 3648 963 3719; x_wconf 76' lang='lat' dir='ltr'><strong>igitur,</strong></span> <span class='ocrx_word' id='word_1_535' title='bbox 995 3649 1088 3718; x_wconf 89' lang='lat' dir='ltr'><strong>qui</strong></span> <span class='ocrx_word' id='word_1_536' title='bbox 1113 3650 1322 3716; x_wconf 86' lang='lat' dir='ltr'><strong>species</strong></span> <span class='ocrx_word' id='word_1_537' title='bbox 1344 3646 1687 3702; x_wconf 84' lang='lat' dir='ltr'><strong>constituunt</strong></span> <span class='ocrx_word' id='word_1_538' title='bbox 1711 3644 1975 3699; x_wconf 79' lang='lat' dir='ltr'><strong>adversus</strong></span> 
     </span>
    </p>
   </div>
   <div class='ocr_carea' id='block_1_69' title="bbox 400 3736 1979 3811">
    <p class='ocr_par' dir='ltr' id='par_1_69' title="bbox 400 3736 1979 3811">
     <span class='ocr_line' id='line_1_69' title="bbox 400 3736 1979 3811; baseline -0.004 -16"><span class='ocrx_word' id='word_1_539' title='bbox 400 3741 527 3810; x_wconf 81' lang='lat' dir='ltr'><strong>ista,</strong></span> <span class='ocrx_word' id='word_1_540' title='bbox 549 3741 656 3797; x_wconf 86' lang='lat' dir='ltr'><strong>hoc</strong></span> <span class='ocrx_word' id='word_1_541' title='bbox 677 3740 877 3805; x_wconf 84' lang='lat' dir='ltr'><strong>dicent,</strong></span> <span class='ocrx_word' id='word_1_542' title='bbox 909 3741 985 3796; x_wconf 89' lang='lat' dir='ltr'><strong>lla</strong></span> <span class='ocrx_word' id='word_1_543' title='bbox 1011 3741 1252 3811; x_wconf 86' lang='lat' dir='ltr'><strong>quidem,</strong></span> <span class='ocrx_word' id='word_1_544' title='bbox 1277 3740 1321 3794; x_wconf 88' lang='lat' dir='ltr'><strong>si</strong></span> <span class='ocrx_word' id='word_1_545' title='bbox 1345 3738 1672 3803; x_wconf 81' lang='lat' dir='ltr'><strong>videremus,</strong></span> <span class='ocrx_word' id='word_1_546' title='bbox 1703 3752 1735 3791; x_wconf 93' lang='grc' dir='ltr'><strong>ο</strong></span> <span class='ocrx_word' id='word_1_547' title='bbox 1765 3736 1979 3791; x_wconf 85' lang='lat' dir='ltr'><strong>Aristo-</strong></span> 
     </span>
    </p>
   </div>
   <div class='ocr_carea' id='block_1_70' title="bbox 394 3829 1978 3910">
    <p class='ocr_par' dir='ltr' id='par_1_70' title="bbox 394 3829 1978 3910">
     <span class='ocr_line' id='line_1_70' title="bbox 394 3829 1978 3910; baseline -0.005 -20"><span class='ocrx_word' id='word_1_548' title='bbox 394 3836 552 3902; x_wconf 77' lang='lat' dir='ltr'><strong>teles,</strong></span> <span class='ocrx_word' id='word_1_549' title='bbox 579 3836 693 3888; x_wconf 70' lang='lat' dir='ltr'><strong>hare</strong></span> <span class='ocrx_word' id='word_1_550' title='bbox 727 3834 1020 3910; x_wconf 67' lang='lat' dir='ltr'><strong>artiﬁciosa</strong></span> <span class='ocrx_word' id='word_1_551' title='bbox 1051 3849 1080 3888; x_wconf 92' lang='lat' dir='ltr'><strong>a</strong></span> <span class='ocrx_word' id='word_1_552' title='bbox 1113 3832 1227 3887; x_wconf 89' lang='lat' dir='ltr'><strong>suis</strong></span> <span class='ocrx_word' id='word_1_553' title='bbox 1256 3830 1559 3886; x_wconf 82' lang='lat' dir='ltr'><strong>artiﬁcibus</strong></span> <span class='ocrx_word' id='word_1_554' title='bbox 1591 3830 1780 3885; x_wconf 89' lang='lat' dir='ltr'><strong>eodem</strong></span> <span class='ocrx_word' id='word_1_555' title='bbox 1815 3829 1978 3882; x_wconf 89' lang='lat' dir='ltr'><strong>modo</strong></span> 
     </span>
    </p>
   </div>
   <div class='ocr_carea' id='block_1_71' title="bbox 402 3910 1975 4001">
    <p class='ocr_par' dir='ltr' id='par_1_71' title="bbox 402 3910 1975 4001">
     <span class='ocr_line' id='line_1_71' title="bbox 402 3910 1975 4001; baseline -0.004 -18"><span class='ocrx_word' id='word_1_556' title='bbox 402 3929 540 3995; x_wconf 86' lang='lat' dir='ltr'><strong>ﬁeri,</strong></span> <span class='ocrx_word' id='word_1_557' title='bbox 572 3945 680 3999; x_wconf 91' lang='lat' dir='ltr'><strong>quo</strong></span> <span class='ocrx_word' id='word_1_558' title='bbox 712 3928 799 3983; x_wconf 90' lang='lat' dir='ltr'><strong>illa</strong></span> <span class='ocrx_word' id='word_1_559' title='bbox 834 3927 1102 3983; x_wconf 79' lang='lat' dir='ltr'><strong>naturalia</strong></span> <span class='ocrx_word' id='word_1_560' title='bbox 1131 3941 1159 3980; x_wconf 86' lang='lat' dir='ltr'><strong>a</strong></span> <span class='ocrx_word' id='word_1_561' title='bbox 1192 3910 1307 4001; x_wconf 76' lang='lat' dir='ltr'><strong>sole</strong></span> <span class='ocrx_word' id='word_1_562' title='bbox 1339 3925 1658 3996; x_wconf 80' lang='lat' dir='ltr'><strong>gignuntur,</strong></span> <span class='ocrx_word' id='word_1_563' title='bbox 1688 3931 1801 3977; x_wconf 87' lang='lat' dir='ltr'><strong>tum</strong></span> <span class='ocrx_word' id='word_1_564' title='bbox 1839 3935 1975 3976; x_wconf 83' lang='lat' dir='ltr'><strong>sane</strong></span> 
     </span>
    </p>
   </div>
   <div class='ocr_carea' id='block_1_72' title="bbox 400 4015 1976 4085">
    <p class='ocr_par' dir='ltr' id='par_1_72' title="bbox 400 4015 1976 4085">
     <span class='ocr_line' id='line_1_72' title="bbox 400 4015 1976 4085; baseline -0.005 -9"><span class='ocrx_word' id='word_1_565' title='bbox 400 4021 506 4076; x_wconf 86' lang='lat' dir='ltr'><strong>tuis</strong></span> <span class='ocrx_word' id='word_1_566' title='bbox 537 4020 715 4076; x_wconf 84' lang='lat' dir='ltr'><strong>verbis</strong></span> <span class='ocrx_word' id='word_1_567' title='bbox 741 4020 897 4074; x_wconf 86' lang='lat' dir='ltr'><strong>ﬁdem</strong></span> <span class='ocrx_word' id='word_1_568' title='bbox 945 4020 1271 4075; x_wconf 85' lang='lat' dir='ltr'><strong>haberemus</strong></span> <span class='ocrx_word' id='word_1_569' title='bbox 1298 4034 1313 4085; x_wconf 89' lang='lat'><strong>;</strong></span> <span class='ocrx_word' id='word_1_570' title='bbox 1344 4032 1487 4072; x_wconf 87' lang='lat' dir='ltr'><strong>nunc</strong></span> <span class='ocrx_word' id='word_1_571' title='bbox 1519 4023 1698 4071; x_wconf 80' lang='lat' dir='ltr'><strong>autem</strong></span> <span class='ocrx_word' id='word_1_572' title='bbox 1729 4015 1976 4070; x_wconf 80' lang='lat' dir='ltr'><strong>videmus</strong></span> 
     </span>
    </p>
   </div>
   <div class='ocr_carea' id='block_1_73' title="bbox 399 4109 1976 4183">
    <p class='ocr_par' dir='ltr' id='par_1_73' title="bbox 399 4109 1976 4183">
     <span class='ocr_line' id='line_1_73' title="bbox 399 4109 1976 4183; baseline -0.001 -16"><span class='ocrx_word' id='word_1_573' title='bbox 399 4112 694 4167; x_wconf 86' lang='lat' dir='ltr'><strong>artiﬁciosa</strong></span> <span class='ocrx_word' id='word_1_574' title='bbox 719 4113 927 4179; x_wconf 67' lang='lat' dir='ltr'><strong>islhaae,</strong></span> <span class='ocrx_word' id='word_1_575' title='bbox 960 4112 1220 4183; x_wconf 91' lang='lat' dir='ltr'><strong>quamdiu</strong></span> <span class='ocrx_word' id='word_1_576' title='bbox 1249 4120 1548 4182; x_wconf 84' lang='lat' dir='ltr'><strong>praesentes</strong></span> <span class='ocrx_word' id='word_1_577' title='bbox 1582 4109 1784 4165; x_wconf 89' lang='lat' dir='ltr'><strong>habent</strong></span> <span class='ocrx_word' id='word_1_578' title='bbox 1837 4110 1976 4165; x_wconf 52' lang='lat' dir='ltr'><strong>arti.</strong></span> 
     </span>
    </p>
   </div>
   <div class='ocr_carea' id='block_1_74' title="bbox 401 4199 1980 4273">
    <p class='ocr_par' dir='ltr' id='par_1_74' title="bbox 401 4199 1980 4273">
     <span class='ocr_line' id='line_1_74' title="bbox 401 4199 1980 4273; baseline -0.002 -14"><span class='ocrx_word' id='word_1_579' title='bbox 401 4205 550 4270; x_wconf 83' lang='lat' dir='ltr'><strong>lices,</strong></span> <span class='ocrx_word' id='word_1_580' title='bbox 598 4205 665 4259; x_wconf 87' lang='lat' dir='ltr'><strong>ab</strong></span> <span class='ocrx_word' id='word_1_581' title='bbox 718 4204 1022 4273; x_wconf 84' lang='lat' dir='ltr'><strong>iisdemque</strong></span> <span class='ocrx_word' id='word_1_582' title='bbox 1079 4217 1238 4256; x_wconf 90' lang='lat' dir='ltr'><strong>manu</strong></span> <span class='ocrx_word' id='word_1_583' title='bbox 1293 4201 1661 4269; x_wconf 75' lang='lat' dir='ltr'><strong>attinguntur,</strong></span> <span class='ocrx_word' id='word_1_584' title='bbox 1712 4199 1980 4267; x_wconf 84' lang='lat' dir='ltr'><strong>tantisper</strong></span> 
     </span>
    </p>
   </div>
   <div class='ocr_carea' id='block_1_75' title="bbox 399 4293 1978 4367">
    <p class='ocr_par' dir='ltr' id='par_1_75' title="bbox 399 4293 1978 4367">
     <span class='ocr_line' id='line_1_75' title="bbox 399 4293 1978 4367; baseline -0.001 -18"><span class='ocrx_word' id='word_1_585' title='bbox 399 4299 704 4367; x_wconf 80' lang='lat' dir='ltr'><strong>prolicere,</strong></span> <span class='ocrx_word' id='word_1_586' title='bbox 756 4306 807 4350; x_wconf 90' lang='lat' dir='ltr'><strong>et</strong></span> <span class='ocrx_word' id='word_1_587' title='bbox 870 4296 936 4351; x_wconf 89' lang='lat' dir='ltr'><strong>ad</strong></span> <span class='ocrx_word' id='word_1_588' title='bbox 1006 4294 1398 4365; x_wconf 78' lang='lat' dir='ltr'><strong>perfectionem</strong></span> <span class='ocrx_word' id='word_1_589' title='bbox 1458 4293 1978 4361; x_wconf 87' lang='lat' dir='ltr'><strong>absolutionemque</strong></span> 
     </span>
    </p>
   </div>
   <div class='ocr_carea' id='block_1_76' title="bbox 398 4383 1978 4456">
    <p class='ocr_par' dir='ltr' id='par_1_76' title="bbox 398 4383 1978 4456">
     <span class='ocr_line' id='line_1_76' title="bbox 398 4383 1978 4456; baseline -0.001 -14"><span class='ocrx_word' id='word_1_590' title='bbox 398 4403 550 4442; x_wconf 89' lang='lat' dir='ltr'><strong>suam</strong></span> <span class='ocrx_word' id='word_1_591' title='bbox 591 4386 837 4449; x_wconf 82' lang='lat' dir='ltr'><strong>tendere,‘</strong></span> <span class='ocrx_word' id='word_1_592' title='bbox 861 4385 1006 4456; x_wconf 92' lang='lat' dir='ltr'><strong>quod</strong></span> <span class='ocrx_word' id='word_1_593' title='bbox 1033 4386 1077 4439; x_wconf 91' lang='lat' dir='ltr'><strong>si</strong></span> <span class='ocrx_word' id='word_1_594' title='bbox 1124 4383 1263 4441; x_wconf 89' lang='lat' dir='ltr'><strong>forte</strong></span> <span class='ocrx_word' id='word_1_595' title='bbox 1311 4385 1588 4449; x_wconf 90' lang='lat' dir='ltr'><strong>inchoata,</strong></span> <span class='ocrx_word' id='word_1_596' title='bbox 1643 4385 1978 4454; x_wconf 89' lang='lat' dir='ltr'><strong>dimidiaque</strong></span> 
     </span>
    </p>
   </div>
   <div class='ocr_carea' id='block_1_77' title="bbox 400 4476 1975 4546">
    <p class='ocr_par' dir='ltr' id='par_1_77' title="bbox 400 4476 1975 4546">
     <span class='ocr_line' id='line_1_77' title="bbox 400 4476 1975 4546; baseline -0.001 -13"><span class='ocrx_word' id='word_1_597' title='bbox 400 4479 591 4533; x_wconf 88' lang='lat' dir='ltr'><strong>saltem</strong></span> <span class='ocrx_word' id='word_1_598' title='bbox 623 4492 685 4532; x_wconf 78' lang='lat' dir='ltr'><strong>ex</strong></span> <span class='ocrx_word' id='word_1_599' title='bbox 719 4486 872 4546; x_wconf 88' lang='lat' dir='ltr'><strong>parte</strong></span> <span class='ocrx_word' id='word_1_600' title='bbox 923 4476 1194 4541; x_wconf 91' lang='lat' dir='ltr'><strong>absoluta,</strong></span> <span class='ocrx_word' id='word_1_601' title='bbox 1229 4476 1615 4546; x_wconf 89' lang='lat' dir='ltr'><strong>relinquantur</strong></span> <span class='ocrx_word' id='word_1_602' title='bbox 1646 4476 1715 4531; x_wconf 90' lang='lat' dir='ltr'><strong>ab</strong></span> <span class='ocrx_word' id='word_1_603' title='bbox 1743 4477 1975 4531; x_wconf 85' lang='lat' dir='ltr'><strong>artiﬁci-</strong></span> 
     </span>
    </p>
   </div>
   <div class='ocr_carea' id='block_1_78' title="bbox 401 4567 2052 4663">
    <p class='ocr_par' dir='ltr' id='par_1_78' title="bbox 401 4567 2052 4663">
     <span class='ocr_line' id='line_1_78' title="bbox 401 4567 2052 4663; baseline -0.002 -40"><span class='ocrx_word' id='word_1_604' title='bbox 401 4571 523 4635; x_wconf 89' lang='lat' dir='ltr'><strong>bus,</strong></span> <span class='ocrx_word' id='word_1_605' title='bbox 561 4584 667 4623; x_wconf 90' lang='lat' dir='ltr'><strong>non</strong></span> <span class='ocrx_word' id='word_1_606' title='bbox 691 4568 799 4638; x_wconf 91' lang='lat' dir='ltr'><strong>jam</strong></span> <span class='ocrx_word' id='word_1_607' title='bbox 828 4568 1103 4637; x_wconf 89' lang='lat' dir='ltr'><strong>acceptius</strong></span> <span class='ocrx_word' id='word_1_608' title='bbox 1133 4567 1435 4635; x_wconf 78' lang='lat' dir='ltr'><strong>quidquam</strong></span> <span class='ocrx_word' id='word_1_609' title='bbox 1470 4568 1802 4638; x_wconf 80' lang='lat' dir='ltr'><strong>promoveri,</strong></span> <span class='ocrx_word' id='word_1_610' title='bbox 1856 4576 1976 4622; x_wconf 84' lang='lat' dir='ltr'><strong>tan-</strong></span> <span class='ocrx_word' id='word_1_611' title='bbox 2007 4608 2052 4663; x_wconf 65' lang='grc' dir='ltr'>Β</span> 
     </span>
    </p>
   </div>
   <div class='ocr_carea' id='block_1_79' title="bbox 403 4659 1976 4732">
    <p class='ocr_par' dir='ltr' id='par_1_79' title="bbox 403 4659 1976 4732">
     <span class='ocr_line' id='line_1_79' title="bbox 403 4659 1976 4732; baseline -0.003 -16"><span class='ocrx_word' id='word_1_612' title='bbox 403 4678 565 4732; x_wconf 81' lang='lat' dir='ltr'><strong>quam</strong></span> <span class='ocrx_word' id='word_1_613' title='bbox 616 4659 1007 4717; x_wconf 80' lang='lat' dir='ltr'><strong>auferentitus.</strong></span> <span class='ocrx_word' id='word_1_614' title='bbox 1070 4659 1271 4714; x_wconf 87' lang='lat' dir='ltr'><strong>Eorum</strong></span> <span class='ocrx_word' id='word_1_615' title='bbox 1313 4668 1496 4715; x_wconf 91' lang='lat' dir='ltr'><strong>autem</strong></span> <span class='ocrx_word' id='word_1_616' title='bbox 1551 4673 1728 4729; x_wconf 80' lang='lat' dir='ltr'><strong>quaea</strong></span> <span class='ocrx_word' id='word_1_617' title='bbox 1778 4667 1976 4713; x_wconf 88' lang='lat' dir='ltr'><strong>natura</strong></span> 
     </span>
    </p>
   </div>
   <div class='ocr_carea' id='block_1_80' title="bbox 403 4742 1982 4822">
    <p class='ocr_par' dir='ltr' id='par_1_80' title="bbox 403 4742 1982 4822">
     <span class='ocr_line' id='line_1_80' title="bbox 403 4742 1982 4822; baseline -0.002 -14"><span class='ocrx_word' id='word_1_618' title='bbox 403 4761 539 4809; x_wconf 86' lang='lat' dir='ltr'><strong>ﬁunt</strong></span> <span class='ocrx_word' id='word_1_619' title='bbox 568 4753 823 4822; x_wconf 86' lang='lat' dir='ltr'><strong>pleraque</strong></span> <span class='ocrx_word' id='word_1_620' title='bbox 850 4753 1098 4808; x_wconf 84' lang='lat' dir='ltr'><strong>videmus</strong></span> <span class='ocrx_word' id='word_1_621' title='bbox 1126 4753 1289 4807; x_wconf 87' lang='lat' dir='ltr'><strong>etiam</strong></span> <span class='ocrx_word' id='word_1_622' title='bbox 1357 4742 1649 4807; x_wconf 81' lang='lat' dir='ltr'><strong>recedente</strong></span> <span class='ocrx_word' id='word_1_623' title='bbox 1691 4751 1803 4807; x_wconf 88' lang='lat' dir='ltr'><strong>sole</strong></span> <span class='ocrx_word' id='word_1_624' title='bbox 1844 4751 1982 4805; x_wconf 88' lang='lat' dir='ltr'><strong>nihil</strong></span> 
     </span>
    </p>
   </div>
   <div class='ocr_carea' id='block_1_81' title="bbox 404 4843 1979 4914">
    <p class='ocr_par' dir='ltr' id='par_1_81' title="bbox 404 4843 1979 4914">
     <span class='ocr_line' id='line_1_81' title="bbox 404 4843 1979 4914; baseline -0.003 -13"><span class='ocrx_word' id='word_1_625' title='bbox 404 4843 760 4901; x_wconf 86' lang='lat' dir='ltr'><strong>nihilominus</strong></span> <span class='ocrx_word' id='word_1_626' title='bbox 786 4844 970 4914; x_wconf 88' lang='lat' dir='ltr'><strong>perﬁci</strong></span> <span class='ocrx_word' id='word_1_627' title='bbox 1018 4853 1074 4899; x_wconf 90' lang='lat' dir='ltr'><strong>et</strong></span> <span class='ocrx_word' id='word_1_628' title='bbox 1102 4845 1168 4899; x_wconf 90' lang='lat' dir='ltr'><strong>ad</strong></span> <span class='ocrx_word' id='word_1_629' title='bbox 1201 4844 1600 4899; x_wconf 88' lang='lat' dir='ltr'><strong>absolutionem</strong></span> <span class='ocrx_word' id='word_1_630' title='bbox 1664 4859 1818 4899; x_wconf 89' lang='lat' dir='ltr'><strong>suam</strong></span> <span class='ocrx_word' id='word_1_631' title='bbox 1853 4858 1979 4912; x_wconf 90' lang='lat' dir='ltr'><strong>pro-</strong></span> 
     </span>
    </p>
   </div>
   <div class='ocr_carea' id='block_1_82' title="bbox 401 4934 1978 5009">
    <p class='ocr_par' dir='ltr' id='par_1_82' title="bbox 401 4934 1978 5009">
     <span class='ocr_line' id='line_1_82' title="bbox 401 4934 1978 5009; baseline -0.004 -16"><span class='ocrx_word' id='word_1_632' title='bbox 401 4941 574 5009; x_wconf 78' lang='lat' dir='ltr'><strong>gredi,</strong></span> <span class='ocrx_word' id='word_1_633' title='bbox 613 4938 664 4991; x_wconf 90' lang='lat' dir='ltr'><strong>id</strong></span> <span class='ocrx_word' id='word_1_634' title='bbox 694 4937 837 5006; x_wconf 88' lang='lat' dir='ltr'><strong>quod</strong></span> <span class='ocrx_word' id='word_1_635' title='bbox 866 4936 1100 4990; x_wconf 84' lang='lat' dir='ltr'><strong>maxime</strong></span> <span class='ocrx_word' id='word_1_636' title='bbox 1132 4935 1184 4989; x_wconf 94' lang='lat' dir='ltr'><strong>in</strong></span> <span class='ocrx_word' id='word_1_637' title='bbox 1220 4935 1288 4991; x_wconf 89' lang='lat' dir='ltr'><strong>iis</strong></span> <span class='ocrx_word' id='word_1_638' title='bbox 1313 4942 1368 4989; x_wconf 89' lang='lat' dir='ltr'><strong>et</strong></span> <span class='ocrx_word' id='word_1_639' title='bbox 1387 4936 1645 4990; x_wconf 89' lang='lat' dir='ltr'><strong>arborum</strong></span> <span class='ocrx_word' id='word_1_640' title='bbox 1676 4944 1730 4990; x_wconf 85' lang='lat' dir='ltr'><strong>et</strong></span> <span class='ocrx_word' id='word_1_641' title='bbox 1763 4934 1978 5003; x_wconf 83' lang='lat' dir='ltr'><strong>frugum</strong></span> 
     </span>
    </p>
   </div>
   <div class='ocr_carea' id='block_1_83' title="bbox 399 5024 1985 5097">
    <p class='ocr_par' dir='ltr' id='par_1_83' title="bbox 399 5024 1985 5097">
     <span class='ocr_line' id='line_1_83' title="bbox 399 5024 1985 5097; baseline -0.003 -15"><span class='ocrx_word' id='word_1_642' title='bbox 399 5028 688 5097; x_wconf 84' lang='lat' dir='ltr'><strong>generibus</strong></span> <span class='ocrx_word' id='word_1_643' title='bbox 714 5035 936 5097; x_wconf 86' lang='lat' dir='ltr'><strong>apparet</strong></span> <span class='ocrx_word' id='word_1_644' title='bbox 971 5042 1091 5096; x_wconf 70' lang='lat' dir='ltr'><strong>quae</strong></span> <span class='ocrx_word' id='word_1_645' title='bbox 1144 5025 1254 5080; x_wconf 91' lang='lat' dir='ltr'><strong>cito</strong></span> <span class='ocrx_word' id='word_1_646' title='bbox 1285 5026 1661 5081; x_wconf 89' lang='lat' dir='ltr'><strong>absolvuntur.</strong></span> <span class='ocrx_word' id='word_1_647' title='bbox 1710 5024 1786 5081; x_wconf 86' lang='lat' dir='ltr'><strong>Ea</strong></span> <span class='ocrx_word' id='word_1_648' title='bbox 1832 5041 1985 5080; x_wconf 87' lang='lat' dir='ltr'><strong>nam-</strong></span> 
     </span>
    </p>
   </div>
   <div class='ocr_carea' id='block_1_84' title="bbox 398 5106 1983 5186">
    <p class='ocr_par' dir='ltr' id='par_1_84' title="bbox 398 5106 1983 5186">
     <span class='ocr_line' id='line_1_84' title="bbox 398 5106 1983 5186; baseline -0.003 -17"><span class='ocrx_word' id='word_1_649' title='bbox 398 5130 506 5186; x_wconf 89' lang='lat' dir='ltr'><strong>que</strong></span> <span class='ocrx_word' id='word_1_650' title='bbox 538 5130 644 5170; x_wconf 92' lang='lat' dir='ltr'><strong>non</strong></span> <span class='ocrx_word' id='word_1_651' title='bbox 679 5115 858 5170; x_wconf 88' lang='lat' dir='ltr'><strong>minus</strong></span> <span class='ocrx_word' id='word_1_652' title='bbox 891 5124 1052 5168; x_wconf 87' lang='lat' dir='ltr'><strong>noctu</strong></span> <span class='ocrx_word' id='word_1_653' title='bbox 1078 5106 1268 5182; x_wconf 46' lang='lat' dir='ltr'><strong>&#39;quam</strong></span> <span class='ocrx_word' id='word_1_654' title='bbox 1337 5111 1585 5167; x_wconf 89' lang='lat' dir='ltr'><strong>interdiu</strong></span> <span class='ocrx_word' id='word_1_655' title='bbox 1619 5112 1870 5167; x_wconf 86' lang='lat' dir='ltr'><strong>videmus</strong></span> <span class='ocrx_word' id='word_1_656' title='bbox 1901 5112 1983 5164; x_wconf 90' lang='lat' dir='ltr'><strong>in-</strong></span> 
     </span>
    </p>
   </div>
   <div class='ocr_carea' id='block_1_85' title="bbox 398 5204 1981 5274">
    <p class='ocr_par' dir='ltr' id='par_1_85' title="bbox 398 5204 1981 5274">
     <span class='ocr_line' id='line_1_85' title="bbox 398 5204 1981 5274; baseline -0.004 -13"><span class='ocrx_word' id='word_1_657' title='bbox 398 5216 730 5261; x_wconf 89' lang='lat' dir='ltr'><strong>crementum</strong></span> <span class='ocrx_word' id='word_1_658' title='bbox 758 5206 1005 5274; x_wconf 87' lang='lat' dir='ltr'><strong>accipere</strong></span> <span class='ocrx_word' id='word_1_659' title='bbox 1028 5214 1194 5273; x_wconf 88' lang='lat' dir='ltr'><strong>atque</strong></span> <span class='ocrx_word' id='word_1_660' title='bbox 1216 5204 1424 5273; x_wconf 85' lang='lat' dir='ltr'><strong>perlici.</strong></span> <span class='ocrx_word' id='word_1_661' title='bbox 1461 5204 1610 5258; x_wconf 85' lang='lat' dir='ltr'><strong>Illam</strong></span> <span class='ocrx_word' id='word_1_662' title='bbox 1638 5208 1823 5273; x_wconf 62' lang='lat' dir='ltr'><strong>itaque</strong></span> <span class='ocrx_word' id='word_1_663' title='bbox 1848 5204 1981 5257; x_wconf 83' lang='lat' dir='ltr'><strong>solis</strong></span> 
     </span>
    </p>
   </div>
   <div class='ocr_carea' id='block_1_86' title="bbox 398 5295 1977 5365">
    <p class='ocr_par' dir='ltr' id='par_1_86' title="bbox 398 5295 1977 5365">
     <span class='ocr_line' id='line_1_86' title="bbox 398 5295 1977 5365; baseline -0.003 -11"><span class='ocrx_word' id='word_1_664' title='bbox 398 5309 634 5354; x_wconf 87' lang='lat' dir='ltr'><strong>mentem</strong></span> <span class='ocrx_word' id='word_1_665' title='bbox 665 5298 833 5363; x_wconf 84' lang='lat' dir='ltr'><strong>hujus</strong></span> <span class='ocrx_word' id='word_1_666' title='bbox 893 5295 1270 5365; x_wconf 75' lang='lat' dir='ltr'><strong>perfectionis,</strong></span> <span class='ocrx_word' id='word_1_667' title='bbox 1302 5310 1421 5364; x_wconf 74' lang='lat' dir='ltr'><strong>qua:</strong></span> <span class='ocrx_word' id='word_1_668' title='bbox 1455 5295 1546 5349; x_wconf 88' lang='lat' dir='ltr'><strong>tali</strong></span> <span class='ocrx_word' id='word_1_669' title='bbox 1601 5296 1659 5347; x_wconf 87' lang='lat' dir='ltr'><strong>lit</strong></span> <span class='ocrx_word' id='word_1_670' title='bbox 1712 5305 1977 5364; x_wconf 81' lang='lat' dir='ltr'><strong>tempore,</strong></span> 
     </span>
    </p>
   </div>
   <div class='ocr_carea' id='block_1_87' title="bbox 397 5384 2007 5459">
    <p class='ocr_par' dir='ltr' id='par_1_87' title="bbox 397 5384 2007 5459">
     <span class='ocr_line' id='line_1_87' title="bbox 397 5384 2007 5459; baseline -0.004 -15"><span class='ocrx_word' id='word_1_671' title='bbox 397 5406 505 5445; x_wconf 87' lang='lat' dir='ltr'><strong>tton</strong></span> <span class='ocrx_word' id='word_1_672' title='bbox 559 5404 720 5459; x_wconf 90' lang='lat' dir='ltr'><strong>posse</strong></span> <span class='ocrx_word' id='word_1_673' title='bbox 765 5402 985 5442; x_wconf 66' lang='lat' dir='ltr'><strong>causam</strong></span> <span class='ocrx_word' id='word_1_674' title='bbox 1053 5386 1339 5449; x_wconf 82' lang='lat' dir='ltr'><strong>constitui,</strong></span> <span class='ocrx_word' id='word_1_675' title='bbox 1385 5400 1560 5454; x_wconf 85' lang='lat' dir='ltr'><strong>neque</strong></span> <span class='ocrx_word' id='word_1_676' title='bbox 1619 5386 1764 5439; x_wconf 88' lang='lat' dir='ltr'><strong>enim</strong></span> <span class='ocrx_word' id='word_1_677' title='bbox 1814 5384 2007 5439; x_wconf 80' lang='lat' dir='ltr'><strong>etiam‘</strong></span> 
     </span>
    </p>
   </div>
   <div class='ocr_carea' id='block_1_88' title="bbox 397 5476 1982 5550">
    <p class='ocr_par' dir='ltr' id='par_1_88' title="bbox 397 5476 1982 5550">
     <span class='ocr_line' id='line_1_88' title="bbox 397 5476 1982 5550; baseline -0.003 -17"><span class='ocrx_word' id='word_1_678' title='bbox 397 5481 781 5550; x_wconf 79' lang='lat' dir='ltr'><strong>participautes</strong></span> <span class='ocrx_word' id='word_1_679' title='bbox 834 5480 955 5534; x_wconf 83' lang='lat' dir='ltr'><strong>illas</strong></span> <span class='ocrx_word' id='word_1_680' title='bbox 1005 5489 1211 5532; x_wconf 84' lang='lat' dir='ltr'><strong>mentes</strong></span> <span class='ocrx_word' id='word_1_681' title='bbox 1243 5478 1360 5532; x_wconf 89' lang='lat' dir='ltr'><strong>sine</strong></span> <span class='ocrx_word' id='word_1_682' title='bbox 1392 5479 1508 5531; x_wconf 88' lang='lat' dir='ltr'><strong>suis</strong></span> <span class='ocrx_word' id='word_1_683' title='bbox 1543 5492 1665 5546; x_wconf 76' lang='lat' dir='ltr'><strong>qua:</strong></span> <span class='ocrx_word' id='word_1_684' title='bbox 1698 5476 1805 5532; x_wconf 89' lang='lat' dir='ltr'><strong>sibi</strong></span> <span class='ocrx_word' id='word_1_685' title='bbox 1849 5492 1982 5532; x_wconf 87' lang='lat' dir='ltr'><strong>eon-</strong></span> 
     </span>
    </p>
   </div>
   <div class='ocr_carea' id='block_1_89' title="bbox 391 5562 1981 5642">
    <p class='ocr_par' dir='ltr' id='par_1_89' title="bbox 391 5562 1981 5642">
     <span class='ocr_line' id='line_1_89' title="bbox 391 5562 1981 5642; baseline 0.001 -21"><span class='ocrx_word' id='word_1_686' title='bbox 391 5572 577 5642; x_wconf 86' lang='lat' dir='ltr'><strong>jnncta</strong></span> <span class='ocrx_word' id='word_1_687' title='bbox 606 5570 824 5633; x_wconf 83' lang='lat' dir='ltr'><strong>habent,</strong></span> <span class='ocrx_word' id='word_1_688' title='bbox 856 5568 1179 5637; x_wconf 85' lang='lat' dir='ltr'><strong>corporibus</strong></span> <span class='ocrx_word' id='word_1_689' title='bbox 1211 5568 1508 5637; x_wconf 84' lang='lat' dir='ltr'><strong>quidquam</strong></span> <span class='ocrx_word' id='word_1_690' title='bbox 1532 5562 1759 5622; x_wconf 26' lang='lat' dir='ltr'><strong>‘ellieere</strong></span> <span class='ocrx_word' id='word_1_691' title='bbox 1808 5583 1877 5638; x_wconf 89' lang='lat' dir='ltr'><strong>po</strong></span> <span class='ocrx_word' id='word_1_692' title='bbox 1894 5583 1981 5624; x_wconf 78' lang='lat' dir='ltr'><strong>sse</strong></span> 
     </span>
    </p>
   </div>
   <div class='ocr_carea' id='block_1_90' title="bbox 400 5661 1979 5731">
    <p class='ocr_par' dir='ltr' id='par_1_90' title="bbox 400 5661 1979 5731">
     <span class='ocr_line' id='line_1_90' title="bbox 400 5661 1979 5731; baseline 0.001 -16"><span class='ocrx_word' id='word_1_693' title='bbox 400 5664 452 5715; x_wconf 88' lang='lat' dir='ltr'><strong>iu</strong></span> <span class='ocrx_word' id='word_1_694' title='bbox 486 5663 693 5731; x_wconf 89' lang='lat' dir='ltr'><strong>reliqua</strong></span> <span class='ocrx_word' id='word_1_695' title='bbox 723 5677 973 5731; x_wconf 86' lang='lat' dir='ltr'><strong>corpora.</strong></span> <span class='ocrx_word' id='word_1_696' title='bbox 1006 5661 1235 5717; x_wconf 85' lang='lat' dir='ltr'><strong>Cunctis</strong></span> <span class='ocrx_word' id='word_1_697' title='bbox 1268 5677 1413 5716; x_wconf 81' lang='lat' dir='ltr'><strong>enim</strong></span> <span class='ocrx_word' id='word_1_698' title='bbox 1445 5663 1768 5731; x_wconf 88' lang='lat' dir='ltr'><strong>corporibus</strong></span> <span class='ocrx_word' id='word_1_699' title='bbox 1794 5671 1847 5717; x_wconf 93' lang='lat' dir='ltr'><strong>et</strong></span> <span class='ocrx_word' id='word_1_700' title='bbox 1868 5666 1979 5718; x_wconf 86' lang='lat' dir='ltr'><strong>situ</strong></span> 
     </span>
    </p>
   </div>
   <div class='ocr_carea' id='block_1_91' title="bbox 400 5754 1979 5825">
    <p class='ocr_par' dir='ltr' id='par_1_91' title="bbox 400 5754 1979 5825">
     <span class='ocr_line' id='line_1_91' title="bbox 400 5754 1979 5825; baseline 0.003 -19"><span class='ocrx_word' id='word_1_701' title='bbox 400 5754 581 5823; x_wconf 89' lang='lat' dir='ltr'><strong>aliquo</strong></span> <span class='ocrx_word' id='word_1_702' title='bbox 604 5764 657 5807; x_wconf 90' lang='lat' dir='ltr'><strong>et</strong></span> <span class='ocrx_word' id='word_1_703' title='bbox 688 5756 857 5823; x_wconf 76' lang='lat' dir='ltr'><strong>ﬁgura</strong></span> <span class='ocrx_word' id='word_1_704' title='bbox 886 5771 1024 5824; x_wconf 86' lang='lat' dir='ltr'><strong>opus</strong></span> <span class='ocrx_word' id='word_1_705' title='bbox 1063 5771 1206 5819; x_wconf 88' lang='lat' dir='ltr'><strong>esse,</strong></span> <span class='ocrx_word' id='word_1_706' title='bbox 1242 5771 1311 5810; x_wconf 89' lang='lat' dir='ltr'><strong>au</strong></span> <span class='ocrx_word' id='word_1_707' title='bbox 1352 5770 1415 5810; x_wconf 90' lang='lat' dir='ltr'><strong>ea</strong></span> <span class='ocrx_word' id='word_1_708' title='bbox 1441 5772 1562 5825; x_wconf 69' lang='lat' dir='ltr'><strong>qua:</strong></span> <span class='ocrx_word' id='word_1_709' title='bbox 1590 5765 1715 5810; x_wconf 92' lang='lat' dir='ltr'><strong>sunt</strong></span> <span class='ocrx_word' id='word_1_710' title='bbox 1749 5772 1979 5824; x_wconf 69' lang='lat' dir='ltr'><strong>passura</strong></span> 
     </span>
    </p>
   </div>
   <div class='ocr_carea' id='block_1_92' title="bbox 400 5845 1972 5915">
    <p class='ocr_par' dir='ltr' id='par_1_92' title="bbox 400 5845 1972 5915">
     <span class='ocr_line' id='line_1_92' title="bbox 400 5845 1972 5915; baseline 0.003 -16"><span class='ocrx_word' id='word_1_711' title='bbox 400 5845 623 5915; x_wconf 80' lang='lat' dir='ltr'><strong>aliquid,</strong></span> <span class='ocrx_word' id='word_1_712' title='bbox 663 5847 856 5900; x_wconf 84' lang='lat' dir='ltr'><strong>horum</strong></span> <span class='ocrx_word' id='word_1_713' title='bbox 891 5857 1070 5901; x_wconf 84' lang='lat' dir='ltr'><strong>autem</strong></span> <span class='ocrx_word' id='word_1_714' title='bbox 1104 5848 1238 5902; x_wconf 80' lang='lat' dir='ltr'><strong>nihil</strong></span> <span class='ocrx_word' id='word_1_715' title='bbox 1272 5847 1375 5903; x_wconf 88' lang='lat' dir='ltr'><strong>soli</strong></span> <span class='ocrx_word' id='word_1_716' title='bbox 1436 5847 1504 5903; x_wconf 87' lang='lat' dir='ltr'><strong>ad</strong></span> <span class='ocrx_word' id='word_1_717' title='bbox 1557 5848 1646 5903; x_wconf 82' lang='lat' dir='ltr'><strong>illa</strong></span> <span class='ocrx_word' id='word_1_718' title='bbox 1700 5849 1972 5903; x_wconf 81' lang='lat' dir='ltr'><strong>naturalia</strong></span> 
     </span>
    </p>
   </div>
   <div class='ocr_carea' id='block_1_93' title="bbox 2080 3366 3656 3442">
    <p class='ocr_par' dir='ltr' id='par_1_93' title="bbox 2080 3366 3656 3442">
     <span class='ocr_line' id='line_1_93' title="bbox 2080 3366 3656 3442; baseline 0.004 -21"><span class='ocrx_word' id='word_1_719' title='bbox 2080 3366 2241 3432; x_wconf 89' lang='lat' dir='ltr'><strong>alias,</strong></span> <span class='ocrx_word' id='word_1_720' title='bbox 2266 3367 2641 3438; x_wconf 64' lang='lat' dir='ltr'><strong>quaidipsum</strong></span> <span class='ocrx_word' id='word_1_721' title='bbox 2679 3385 2786 3425; x_wconf 91' lang='lat' dir='ltr'><strong>non</strong></span> <span class='ocrx_word' id='word_1_722' title='bbox 2848 3380 3081 3440; x_wconf 87' lang='lat' dir='ltr'><strong>possunt</strong></span> <span class='ocrx_word' id='word_1_723' title='bbox 3142 3371 3417 3438; x_wconf 86' lang='lat' dir='ltr'><strong>similiter,</strong></span> <span class='ocrx_word' id='word_1_724' title='bbox 3445 3372 3656 3442; x_wconf 82' lang='lat' dir='ltr'><strong>priores</strong></span> 
     </span>
    </p>
   </div>
   <div class='ocr_carea' id='block_1_94' title="bbox 2080 3457 3657 3536">
    <p class='ocr_par' dir='ltr' id='par_1_94' title="bbox 2080 3457 3657 3536">
     <span class='ocr_line' id='line_1_94' title="bbox 2080 3457 3657 3536; baseline 0.006 -24"><span class='ocrx_word' id='word_1_725' title='bbox 2080 3457 2202 3513; x_wconf 89' lang='lat' dir='ltr'><strong>illas</strong></span> <span class='ocrx_word' id='word_1_726' title='bbox 2222 3458 2413 3513; x_wconf 90' lang='lat' dir='ltr'><strong>harum</strong></span> <span class='ocrx_word' id='word_1_727' title='bbox 2441 3476 2621 3515; x_wconf 89' lang='lat' dir='ltr'><strong>rerum</strong></span> <span class='ocrx_word' id='word_1_728' title='bbox 2647 3458 3104 3531; x_wconf 79' lang='lat' dir='ltr'><strong>sempiteruarum</strong></span> <span class='ocrx_word' id='word_1_729' title='bbox 3128 3481 3251 3534; x_wconf 71' lang='lat' dir='ltr'><strong>quae</strong></span> <span class='ocrx_word' id='word_1_730' title='bbox 3275 3471 3457 3521; x_wconf 84' lang='lat' dir='ltr'><strong>sensui</strong></span> <span class='ocrx_word' id='word_1_731' title='bbox 3476 3467 3657 3536; x_wconf 79' lang='lat' dir='ltr'><strong>subje-</strong></span> 
     </span>
    </p>
   </div>
   <div class='ocr_carea' id='block_1_95' title="bbox 2079 3554 3657 3623">
    <p class='ocr_par' dir='ltr' id='par_1_95' title="bbox 2079 3554 3657 3623">
     <span class='ocr_line' id='line_1_95' title="bbox 2079 3554 3657 3623; baseline 0.006 -20"><span class='ocrx_word' id='word_1_732' title='bbox 2079 3558 2181 3603; x_wconf 72' lang='lat' dir='ltr'><strong>ette</strong></span> <span class='ocrx_word' id='word_1_733' title='bbox 2204 3558 2334 3605; x_wconf 88' lang='lat' dir='ltr'><strong>sunt</strong></span> <span class='ocrx_word' id='word_1_734' title='bbox 2362 3565 2554 3606; x_wconf 81' lang='lat' dir='ltr'><strong>causas</strong></span> <span class='ocrx_word' id='word_1_735' title='bbox 2590 3560 2646 3607; x_wconf 90' lang='lat' dir='ltr'><strong>et</strong></span> <span class='ocrx_word' id='word_1_736' title='bbox 2665 3554 2992 3623; x_wconf 83' lang='lat' dir='ltr'><strong>exemplaria</strong></span> <span class='ocrx_word' id='word_1_737' title='bbox 3024 3555 3448 3611; x_wconf 88' lang='lat' dir='ltr'><strong>constituimus:</strong></span> <span class='ocrx_word' id='word_1_738' title='bbox 3494 3557 3657 3613; x_wconf 85' lang='lat' dir='ltr'><strong>hasce</strong></span> 
     </span>
    </p>
   </div>
   <div class='ocr_carea' id='block_1_96' title="bbox 2033 3644 3650 3721">
    <p class='ocr_par' dir='ltr' id='par_1_96' title="bbox 2033 3644 3650 3721">
     <span class='ocr_line' id='line_1_96' title="bbox 2033 3644 3650 3721; baseline 0.002 -24"><span class='ocrx_word' id='word_1_739' title='bbox 2033 3699 2047 3711; x_wconf 65' lang='grc'><em>,</em></span> <span class='ocrx_word' id='word_1_740' title='bbox 2078 3658 2207 3697; x_wconf 87' lang='lat' dir='ltr'><strong>vero</strong></span> <span class='ocrx_word' id='word_1_741' title='bbox 2228 3644 2555 3721; x_wconf 87' lang='lat' dir='ltr'><strong>posteriores</strong></span> <span class='ocrx_word' id='word_1_742' title='bbox 2582 3659 2763 3699; x_wconf 90' lang='lat' dir='ltr'><strong>rerum</strong></span> <span class='ocrx_word' id='word_1_743' title='bbox 2788 3660 2909 3715; x_wconf 84' lang='lat' dir='ltr'><strong>quae</strong></span> <span class='ocrx_word' id='word_1_744' title='bbox 2929 3647 3013 3700; x_wconf 88' lang='lat' dir='ltr'><strong>hic</strong></span> <span class='ocrx_word' id='word_1_745' title='bbox 3030 3656 3165 3701; x_wconf 92' lang='lat' dir='ltr'><strong>sunt</strong></span> <span class='ocrx_word' id='word_1_746' title='bbox 3183 3647 3650 3715; x_wconf 83' lang='lat' dir='ltr'><strong>corruptibilium,</strong></span> 
     </span>
    </p>
   </div>
   <div class='ocr_carea' id='block_1_97' title="bbox 2080 3738 3652 3811">
    <p class='ocr_par' dir='ltr' id='par_1_97' title="bbox 2080 3738 3652 3811">
     <span class='ocr_line' id='line_1_97' title="bbox 2080 3738 3652 3811; baseline 0.001 -19"><span class='ocrx_word' id='word_1_747' title='bbox 2080 3738 2252 3806; x_wconf 90' lang='lat' dir='ltr'><strong>ipsius</strong></span> <span class='ocrx_word' id='word_1_748' title='bbox 2283 3738 2503 3808; x_wconf 89' lang='lat' dir='ltr'><strong>quidem</strong></span> <span class='ocrx_word' id='word_1_749' title='bbox 2546 3738 2677 3795; x_wconf 91' lang='lat' dir='ltr'><strong>solis</strong></span> <span class='ocrx_word' id='word_1_750' title='bbox 2704 3753 2806 3806; x_wconf 91' lang='lat' dir='ltr'><strong>ope</strong></span> <span class='ocrx_word' id='word_1_751' title='bbox 2836 3739 3154 3808; x_wconf 81' lang='lat' dir='ltr'><strong>auxilioque</strong></span> <span class='ocrx_word' id='word_1_752' title='bbox 3186 3739 3512 3809; x_wconf 81' lang='lat' dir='ltr'><strong>indigentes,</strong></span> <span class='ocrx_word' id='word_1_753' title='bbox 3556 3742 3652 3811; x_wconf 91' lang='lat' dir='ltr'><strong>qui</strong></span> 
     </span>
    </p>
   </div>
   <div class='ocr_carea' id='block_1_98' title="bbox 2080 3828 3651 3898">
    <p class='ocr_par' dir='ltr' id='par_1_98' title="bbox 2080 3828 3651 3898">
     <span class='ocr_line' id='line_1_98' title="bbox 2080 3828 3651 3898; baseline 0.001 -15"><span class='ocrx_word' id='word_1_754' title='bbox 2080 3829 2213 3898; x_wconf 85' lang='lat' dir='ltr'><strong>ipsis</strong></span> <span class='ocrx_word' id='word_1_755' title='bbox 2270 3830 2553 3884; x_wconf 87' lang='lat' dir='ltr'><strong>materiam</strong></span> <span class='ocrx_word' id='word_1_756' title='bbox 2600 3831 2904 3897; x_wconf 88' lang='lat' dir='ltr'><strong>admoveat,</strong></span> <span class='ocrx_word' id='word_1_757' title='bbox 2955 3829 3047 3884; x_wconf 91' lang='lat' dir='ltr'><strong>ubi</strong></span> <span class='ocrx_word' id='word_1_758' title='bbox 3105 3843 3233 3884; x_wconf 91' lang='lat' dir='ltr'><strong>vero</strong></span> <span class='ocrx_word' id='word_1_759' title='bbox 3282 3828 3559 3886; x_wconf 87' lang='lat' dir='ltr'><strong>materiam</strong></span> <span class='ocrx_word' id='word_1_760' title='bbox 3620 3845 3651 3885; x_wconf 87' lang='lat' dir='ltr'><strong>a</strong></span> 
     </span>
    </p>
   </div>
   <div class='ocr_carea' id='block_1_99' title="bbox 2079 3922 3649 3994">
    <p class='ocr_par' dir='ltr' id='par_1_99' title="bbox 2079 3922 3649 3994">
     <span class='ocr_line' id='line_1_99' title="bbox 2079 3922 3649 3994; baseline 0.003 -18"><span class='ocrx_word' id='word_1_761' title='bbox 2079 3925 2195 3978; x_wconf 88' lang='lat' dir='ltr'><strong>sole</strong></span> <span class='ocrx_word' id='word_1_762' title='bbox 2235 3922 2567 3994; x_wconf 88' lang='lat' dir='ltr'><strong>acceperint,</strong></span> <span class='ocrx_word' id='word_1_763' title='bbox 2615 3922 2765 3992; x_wconf 89' lang='lat' dir='ltr'><strong>ipsas</strong></span> <span class='ocrx_word' id='word_1_764' title='bbox 2814 3937 3034 3994; x_wconf 89' lang='lat' dir='ltr'><strong>quoque</strong></span> <span class='ocrx_word' id='word_1_765' title='bbox 3087 3937 3184 3993; x_wconf 88' lang='lat' dir='ltr'><strong>per</strong></span> <span class='ocrx_word' id='word_1_766' title='bbox 3225 3937 3285 3979; x_wconf 84' lang='lat' dir='ltr'><strong>se</strong></span> <span class='ocrx_word' id='word_1_767' title='bbox 3330 3924 3435 3977; x_wconf 91' lang='lat' dir='ltr'><strong>vim</strong></span> <span class='ocrx_word' id='word_1_768' title='bbox 3491 3939 3649 3980; x_wconf 81' lang='lat' dir='ltr'><strong>exer-</strong></span> 
     </span>
    </p>
   </div>
   <div class='ocr_carea' id='block_1_100' title="bbox 2080 4013 3654 4087">
    <p class='ocr_par' dir='ltr' id='par_1_100' title="bbox 2080 4013 3654 4087">
     <span class='ocr_line' id='line_1_100' title="bbox 2080 4013 3654 4087; baseline 0.001 -16"><span class='ocrx_word' id='word_1_769' title='bbox 2080 4025 2267 4072; x_wconf 83' lang='lat' dir='ltr'><strong>centes</strong></span> <span class='ocrx_word' id='word_1_770' title='bbox 2312 4015 2366 4070; x_wconf 91' lang='lat' dir='ltr'><strong>in</strong></span> <span class='ocrx_word' id='word_1_771' title='bbox 2414 4016 2581 4071; x_wconf 90' lang='lat' dir='ltr'><strong>illam.</strong></span> <span class='ocrx_word' id='word_1_772' title='bbox 2623 4013 2813 4084; x_wconf 88' lang='lat' dir='ltr'><strong>Neque</strong></span> <span class='ocrx_word' id='word_1_773' title='bbox 2854 4029 2984 4070; x_wconf 92' lang='lat' dir='ltr'><strong>vero</strong></span> <span class='ocrx_word' id='word_1_774' title='bbox 3044 4030 3244 4070; x_wconf 89' lang='lat' dir='ltr'><strong>novum</strong></span> <span class='ocrx_word' id='word_1_775' title='bbox 3296 4016 3654 4087; x_wconf 71' lang='lat' dir='ltr'><strong>pltilosophite</strong></span> 
     </span>
    </p>
   </div>
   <div class='ocr_carea' id='block_1_101' title="bbox 2081 4107 3654 4179">
    <p class='ocr_par' dir='ltr' id='par_1_101' title="bbox 2081 4107 3654 4179">
     <span class='ocr_line' id='line_1_101' title="bbox 2081 4107 3654 4179; baseline 0.001 -16"><span class='ocrx_word' id='word_1_776' title='bbox 2081 4124 2254 4179; x_wconf 85' lang='lat' dir='ltr'><strong>genus</strong></span> <span class='ocrx_word' id='word_1_777' title='bbox 2279 4107 2634 4177; x_wconf 79' lang='lat' dir='ltr'><strong>jinducimus,</strong></span> <span class='ocrx_word' id='word_1_778' title='bbox 2688 4109 2957 4178; x_wconf 89' lang='lat' dir='ltr'><strong>inquient,</strong></span> <span class='ocrx_word' id='word_1_779' title='bbox 3008 4124 3183 4179; x_wconf 90' lang='lat' dir='ltr'><strong>neque</strong></span> <span class='ocrx_word' id='word_1_780' title='bbox 3222 4124 3392 4165; x_wconf 89' lang='lat' dir='ltr'><strong>novas</strong></span> <span class='ocrx_word' id='word_1_781' title='bbox 3433 4125 3654 4176; x_wconf 86' lang='lat' dir='ltr'><strong>causas,</strong></span> 
     </span>
    </p>
   </div>
   <div class='ocr_carea' id='block_1_102' title="bbox 2081 4199 3653 4271">
    <p class='ocr_par' dir='ltr' id='par_1_102' title="bbox 2081 4199 3653 4271">
     <span class='ocr_line' id='line_1_102' title="bbox 2081 4199 3653 4271; baseline 0.001 -16"><span class='ocrx_word' id='word_1_782' title='bbox 2081 4209 2142 4256; x_wconf 87' lang='lat' dir='ltr'><strong>ut</strong></span> <span class='ocrx_word' id='word_1_783' title='bbox 2183 4212 2239 4255; x_wconf 89' lang='lat' dir='ltr'><strong>tu</strong></span> <span class='ocrx_word' id='word_1_784' title='bbox 2279 4199 2438 4265; x_wconf 90' lang='lat' dir='ltr'><strong>dicis,</strong></span> <span class='ocrx_word' id='word_1_785' title='bbox 2469 4210 2803 4263; x_wconf 88' lang='lat' dir='ltr'><strong>scrutamur,</strong></span> <span class='ocrx_word' id='word_1_786' title='bbox 2846 4200 2941 4255; x_wconf 87' lang='lat' dir='ltr'><strong>sed</strong></span> <span class='ocrx_word' id='word_1_787' title='bbox 2972 4214 3260 4256; x_wconf 89' lang='lat' dir='ltr'><strong>causarum</strong></span> <span class='ocrx_word' id='word_1_788' title='bbox 3308 4204 3495 4271; x_wconf 87' lang='lat' dir='ltr'><strong>potius</strong></span> <span class='ocrx_word' id='word_1_789' title='bbox 3538 4203 3653 4271; x_wconf 79' lang='lat' dir='ltr'><strong>ple-</strong></span> 
     </span>
    </p>
   </div>
   <div class='ocr_carea' id='block_1_103' title="bbox 2080 4289 3651 4359">
    <p class='ocr_par' dir='ltr' id='par_1_103' title="bbox 2080 4289 3651 4359">
     <span class='ocr_line' id='line_1_103' title="bbox 2080 4289 3651 4359; baseline -0.001 -16"><span class='ocrx_word' id='word_1_790' title='bbox 2080 4304 2212 4344; x_wconf 90' lang='lat' dir='ltr'><strong>num</strong></span> <span class='ocrx_word' id='word_1_791' title='bbox 2242 4289 2663 4359; x_wconf 89' lang='lat' dir='ltr'><strong>absolutumque</strong></span> <span class='ocrx_word' id='word_1_792' title='bbox 2689 4304 2979 4344; x_wconf 90' lang='lat' dir='ltr'><strong>numerum</strong></span> <span class='ocrx_word' id='word_1_793' title='bbox 3009 4290 3174 4345; x_wconf 88' lang='lat' dir='ltr'><strong>rebus</strong></span> <span class='ocrx_word' id='word_1_794' title='bbox 3198 4306 3318 4359; x_wconf 58' lang='lat' dir='ltr'><strong>quas</strong></span> <span class='ocrx_word' id='word_1_795' title='bbox 3343 4299 3469 4347; x_wconf 83' lang='lat' dir='ltr'><strong>sunt</strong></span> <span class='ocrx_word' id='word_1_796' title='bbox 3494 4293 3651 4346; x_wconf 85' lang='lat' dir='ltr'><strong>attri-</strong></span> 
     </span>
    </p>
   </div>
   <div class='ocr_carea' id='block_1_104' title="bbox 2080 4380 3659 4453">
    <p class='ocr_par' dir='ltr' id='par_1_104' title="bbox 2080 4380 3659 4453">
     <span class='ocr_line' id='line_1_104' title="bbox 2080 4380 3659 4453; baseline 0.001 -18"><span class='ocrx_word' id='word_1_797' title='bbox 2080 4380 2316 4446; x_wconf 88' lang='lat' dir='ltr'><strong>hniums,</strong></span> <span class='ocrx_word' id='word_1_798' title='bbox 2384 4396 2546 4451; x_wconf 88' lang='lat' dir='ltr'><strong>quem</strong></span> <span class='ocrx_word' id='word_1_799' title='bbox 2621 4391 2677 4435; x_wconf 91' lang='lat' dir='ltr'><strong>tu</strong></span> <span class='ocrx_word' id='word_1_800' title='bbox 2753 4380 3136 4450; x_wconf 87' lang='lat' dir='ltr'><strong>imperfectum</strong></span> <span class='ocrx_word' id='word_1_801' title='bbox 3215 4382 3659 4453; x_wconf 89' lang='lat' dir='ltr'><strong>diminutumque</strong></span> 
     </span>
    </p>
   </div>
   <div class='ocr_carea' id='block_1_105' title="bbox 2079 4472 3652 4544">
    <p class='ocr_par' dir='ltr' id='par_1_105' title="bbox 2079 4472 3652 4544">
     <span class='ocr_line' id='line_1_105' title="bbox 2079 4472 3652 4544; baseline 0.001 -17"><span class='ocrx_word' id='word_1_802' title='bbox 2079 4472 2281 4527; x_wconf 87' lang='lat' dir='ltr'><strong>reddis.</strong></span> <span class='ocrx_word' id='word_1_803' title='bbox 2316 4472 2450 4526; x_wconf 86' lang='lat' dir='ltr'><strong>Cum</strong></span> <span class='ocrx_word' id='word_1_804' title='bbox 2486 4472 2631 4527; x_wconf 89' lang='lat' dir='ltr'><strong>enim</strong></span> <span class='ocrx_word' id='word_1_805' title='bbox 2662 4482 2716 4526; x_wconf 94' lang='lat' dir='ltr'><strong>tu</strong></span> <span class='ocrx_word' id='word_1_806' title='bbox 2746 4472 2872 4526; x_wconf 89' lang='lat' dir='ltr'><strong>item</strong></span> <span class='ocrx_word' id='word_1_807' title='bbox 2905 4487 3104 4529; x_wconf 87' lang='lat' dir='ltr'><strong>causas</strong></span> <span class='ocrx_word' id='word_1_808' title='bbox 3126 4473 3179 4527; x_wconf 91' lang='lat' dir='ltr'><strong>in</strong></span> <span class='ocrx_word' id='word_1_809' title='bbox 3208 4484 3443 4544; x_wconf 87' lang='lat' dir='ltr'><strong>quatuor</strong></span> <span class='ocrx_word' id='word_1_810' title='bbox 3458 4490 3652 4544; x_wconf 85' lang='lat' dir='ltr'><strong>genera</strong></span> 
     </span>
    </p>
   </div>
   <div class='ocr_carea' id='block_1_106' title="bbox 2080 4563 3655 4636">
    <p class='ocr_par' dir='ltr' id='par_1_106' title="bbox 2080 4563 3655 4636">
     <span class='ocr_line' id='line_1_106' title="bbox 2080 4563 3655 4636; baseline 0.003 -19"><span class='ocrx_word' id='word_1_811' title='bbox 2080 4563 2311 4629; x_wconf 88' lang='lat' dir='ltr'><strong>dividas,</strong></span> <span class='ocrx_word' id='word_1_812' title='bbox 2338 4564 2499 4619; x_wconf 91' lang='lat' dir='ltr'><strong>trium</strong></span> <span class='ocrx_word' id='word_1_813' title='bbox 2537 4564 2753 4634; x_wconf 90' lang='lat' dir='ltr'><strong>quidem</strong></span> <span class='ocrx_word' id='word_1_814' title='bbox 2783 4578 2947 4633; x_wconf 90' lang='lat' dir='ltr'><strong>opera</strong></span> <span class='ocrx_word' id='word_1_815' title='bbox 2974 4565 3136 4621; x_wconf 91' lang='lat' dir='ltr'><strong>etiam</strong></span> <span class='ocrx_word' id='word_1_816' title='bbox 3173 4567 3289 4636; x_wconf 91' lang='lat' dir='ltr'><strong>ipse</strong></span> <span class='ocrx_word' id='word_1_817' title='bbox 3323 4567 3400 4621; x_wconf 91' lang='lat' dir='ltr'><strong>uti</strong></span> <span class='ocrx_word' id='word_1_818' title='bbox 3430 4564 3655 4630; x_wconf 86' lang='lat' dir='ltr'><strong>videris,</strong></span> 
     </span>
    </p>
   </div>
   <div class='ocr_carea' id='block_1_107' title="bbox 2086 4655 3656 4727">
    <p class='ocr_par' dir='ltr' id='par_1_107' title="bbox 2086 4655 3656 4727">
     <span class='ocr_line' id='line_1_107' title="bbox 2086 4655 3656 4727; baseline 0.003 -16"><span class='ocrx_word' id='word_1_819' title='bbox 2086 4666 2198 4711; x_wconf 88' lang='lat' dir='ltr'><strong>tum</strong></span> <span class='ocrx_word' id='word_1_820' title='bbox 2238 4656 2438 4721; x_wconf 90' lang='lat' dir='ltr'><strong>ﬁnalis,</strong></span> <span class='ocrx_word' id='word_1_821' title='bbox 2483 4665 2597 4711; x_wconf 88' lang='lat' dir='ltr'><strong>tum</strong></span> <span class='ocrx_word' id='word_1_822' title='bbox 2630 4657 2749 4725; x_wconf 90' lang='lat' dir='ltr'><strong>ejus</strong></span> <span class='ocrx_word' id='word_1_823' title='bbox 2771 4671 2893 4726; x_wconf 66' lang='lat' dir='ltr'><strong>quae</strong></span> <span class='ocrx_word' id='word_1_824' title='bbox 2934 4655 3147 4711; x_wconf 89' lang='lat' dir='ltr'><strong>initium</strong></span> <span class='ocrx_word' id='word_1_825' title='bbox 3174 4658 3420 4713; x_wconf 92' lang='lat' dir='ltr'><strong>movendi</strong></span> <span class='ocrx_word' id='word_1_826' title='bbox 3451 4659 3656 4727; x_wconf 73' lang='lat' dir='ltr'><strong>praebet</strong></span> 
     </span>
    </p>
   </div>
   <div class='ocr_carea' id='block_1_108' title="bbox 2083 4749 3657 4823">
    <p class='ocr_par' dir='ltr' id='par_1_108' title="bbox 2083 4749 3657 4823">
     <span class='ocr_line' id='line_1_108' title="bbox 2083 4749 3657 4823; baseline 0.001 -19"><span class='ocrx_word' id='word_1_827' title='bbox 2083 4751 2401 4815; x_wconf 89' lang='lat' dir='ltr'><strong>materialis,</strong></span> <span class='ocrx_word' id='word_1_828' title='bbox 2456 4749 2703 4805; x_wconf 90' lang='lat' dir='ltr'><strong>formalis</strong></span> <span class='ocrx_word' id='word_1_829' title='bbox 2750 4759 2928 4805; x_wconf 91' lang='lat' dir='ltr'><strong>autem</strong></span> <span class='ocrx_word' id='word_1_830' title='bbox 2951 4766 3084 4819; x_wconf 71' lang='lat' dir='ltr'><strong>.qnte</strong></span> <span class='ocrx_word' id='word_1_831' title='bbox 3115 4752 3338 4823; x_wconf 76' lang='lat' dir='ltr'><strong>,reliqua</strong></span> <span class='ocrx_word' id='word_1_832' title='bbox 3376 4759 3479 4815; x_wconf 85' lang='lat' dir='ltr'><strong>est,</strong></span> <span class='ocrx_word' id='word_1_833' title='bbox 3526 4767 3657 4806; x_wconf 88' lang='lat' dir='ltr'><strong>nus-</strong></span> 
     </span>
    </p>
   </div>
   <div class='ocr_carea' id='block_1_109' title="bbox 2082 4836 3655 4911">
    <p class='ocr_par' dir='ltr' id='par_1_109' title="bbox 2082 4836 3655 4911">
     <span class='ocr_line' id='line_1_109' title="bbox 2082 4836 3655 4911; baseline 0.003 -17"><span class='ocrx_word' id='word_1_834' title='bbox 2082 4856 2246 4911; x_wconf 90' lang='lat' dir='ltr'><strong>quam</strong></span> <span class='ocrx_word' id='word_1_835' title='bbox 2293 4841 2539 4896; x_wconf 89' lang='lat' dir='ltr'><strong>omnino.</strong></span> <span class='ocrx_word' id='word_1_836' title='bbox 2579 4839 2712 4895; x_wconf 85' lang='lat' dir='ltr'><strong>Nam</strong></span> <span class='ocrx_word' id='word_1_837' title='bbox 2752 4842 2797 4896; x_wconf 89' lang='lat' dir='ltr'><strong>si</strong></span> <span class='ocrx_word' id='word_1_838' title='bbox 2845 4841 3138 4911; x_wconf 87' lang='lat' dir='ltr'><strong>cujuslibet</strong></span> <span class='ocrx_word' id='word_1_839' title='bbox 3183 4843 3259 4897; x_wconf 89' lang='lat' dir='ltr'><strong>rei</strong></span> <span class='ocrx_word' id='word_1_840' title='bbox 3305 4842 3487 4897; x_wconf 85' lang='lat' dir='ltr'><strong>sensui</strong></span> <span class='ocrx_word' id='word_1_841' title='bbox 3524 4836 3655 4898; x_wconf 78' lang='lat' dir='ltr'><strong>sub-</strong></span> 
     </span>
    </p>
   </div>
   <div class='ocr_carea' id='block_1_110' title="bbox 2080 4930 3651 5002">
    <p class='ocr_par' dir='ltr' id='par_1_110' title="bbox 2080 4930 3651 5002">
     <span class='ocr_line' id='line_1_110' title="bbox 2080 4930 3651 5002; baseline -0.002 -16"><span class='ocrx_word' id='word_1_842' title='bbox 2080 4933 2240 5002; x_wconf 71' lang='lat' dir='ltr'><strong>jectae</strong></span> <span class='ocrx_word' id='word_1_843' title='bbox 2272 4931 2508 5000; x_wconf 90' lang='lat' dir='ltr'><strong>speciem</strong></span> <span class='ocrx_word' id='word_1_844' title='bbox 2550 4932 2665 4986; x_wconf 87' lang='lat' dir='ltr'><strong>sive</strong></span> <span class='ocrx_word' id='word_1_845' title='bbox 2694 4930 2950 5000; x_wconf 86' lang='lat' dir='ltr'><strong>formam,</strong></span> <span class='ocrx_word' id='word_1_846' title='bbox 2981 4932 3249 5002; x_wconf 86' lang='lat' dir='ltr'><strong>ejusmodi</strong></span> <span class='ocrx_word' id='word_1_847' title='bbox 3278 4947 3398 4987; x_wconf 90' lang='lat' dir='ltr'><strong>esse</strong></span> <span class='ocrx_word' id='word_1_848' title='bbox 3430 4948 3651 4988; x_wconf 90' lang='lat' dir='ltr'><strong>causam</strong></span> 
     </span>
    </p>
   </div>
   <div class='ocr_carea' id='block_1_111' title="bbox 2083 5022 3654 5087">
    <p class='ocr_par' dir='ltr' id='par_1_111' title="bbox 2083 5022 3654 5087">
     <span class='ocr_line' id='line_1_111' title="bbox 2083 5022 3654 5087; baseline -0.001 -8"><span class='ocrx_word' id='word_1_849' title='bbox 2083 5023 2311 5084; x_wconf 79' lang='lat' dir='ltr'><strong>dixeris,</strong></span> <span class='ocrx_word' id='word_1_850' title='bbox 2344 5023 2434 5077; x_wconf 89' lang='lat' dir='ltr'><strong>illa</strong></span> <span class='ocrx_word' id='word_1_851' title='bbox 2460 5037 2592 5078; x_wconf 88' lang='lat' dir='ltr'><strong>sane</strong></span> <span class='ocrx_word' id='word_1_852' title='bbox 2626 5022 3073 5078; x_wconf 82' lang='lat' dir='ltr'><strong>manifestissime</strong></span> <span class='ocrx_word' id='word_1_853' title='bbox 3102 5038 3207 5077; x_wconf 88' lang='lat' dir='ltr'><strong>non</strong></span> <span class='ocrx_word' id='word_1_854' title='bbox 3235 5030 3315 5076; x_wconf 89' lang='lat' dir='ltr'><strong>est</strong></span> <span class='ocrx_word' id='word_1_855' title='bbox 3336 5037 3525 5087; x_wconf 87' lang='lat' dir='ltr'><strong>causa,</strong></span> <span class='ocrx_word' id='word_1_856' title='bbox 3560 5024 3654 5078; x_wconf 84' lang='lat' dir='ltr'><strong>sed</strong></span> 
     </span>
    </p>
   </div>
   <div class='ocr_carea' id='block_1_112' title="bbox 2084 5109 3657 5180">
    <p class='ocr_par' dir='ltr' id='par_1_112' title="bbox 2084 5109 3657 5180">
     <span class='ocr_line' id='line_1_112' title="bbox 2084 5109 3657 5180; baseline 0 -17"><span class='ocrx_word' id='word_1_857' title='bbox 2084 5109 2307 5164; x_wconf 85' lang='lat' dir='ltr'><strong>alterius</strong></span> <span class='ocrx_word' id='word_1_858' title='bbox 2328 5109 2631 5178; x_wconf 85' lang='lat' dir='ltr'><strong>cujuspiam</strong></span> <span class='ocrx_word' id='word_1_859' title='bbox 2656 5125 2836 5164; x_wconf 72' lang='lat' dir='ltr'><strong>causa:</strong></span> <span class='ocrx_word' id='word_1_860' title='bbox 2859 5110 3085 5165; x_wconf 85' lang='lat' dir='ltr'><strong>ell&#39;ectus</strong></span> <span class='ocrx_word' id='word_1_861' title='bbox 3106 5111 3220 5165; x_wconf 87' lang='lat' dir='ltr'><strong>sive</strong></span> <span class='ocrx_word' id='word_1_862' title='bbox 3238 5125 3393 5180; x_wconf 89' lang='lat' dir='ltr'><strong>opus.</strong></span> <span class='ocrx_word' id='word_1_863' title='bbox 3410 5110 3521 5164; x_wconf 91' lang='lat' dir='ltr'><strong>Nos</strong></span> <span class='ocrx_word' id='word_1_864' title='bbox 3536 5112 3657 5180; x_wconf 90' lang='lat' dir='ltr'><strong>qui-</strong></span> 
     </span>
    </p>
   </div>
   <div class='ocr_carea' id='block_1_113' title="bbox 2083 5201 3652 5274">
    <p class='ocr_par' dir='ltr' id='par_1_113' title="bbox 2083 5201 3652 5274">
     <span class='ocr_line' id='line_1_113' title="bbox 2083 5201 3652 5274; baseline -0.001 -16"><span class='ocrx_word' id='word_1_865' title='bbox 2083 5203 2230 5267; x_wconf 89' lang='lat' dir='ltr'><strong>dem,</strong></span> <span class='ocrx_word' id='word_1_866' title='bbox 2248 5201 2452 5267; x_wconf 87' lang='lat' dir='ltr'><strong>dicent,</strong></span> <span class='ocrx_word' id='word_1_867' title='bbox 2480 5202 2631 5267; x_wconf 83' lang='lat' dir='ltr'><strong>(ibid.</strong></span> <span class='ocrx_word' id='word_1_868' title='bbox 2651 5201 2712 5266; x_wconf 86' lang='lat' dir='ltr'><strong>C)</strong></span> <span class='ocrx_word' id='word_1_869' title='bbox 2739 5203 2898 5256; x_wconf 89' lang='lat' dir='ltr'><strong>linem</strong></span> <span class='ocrx_word' id='word_1_870' title='bbox 2919 5203 3276 5274; x_wconf 88' lang='lat' dir='ltr'><strong>ipsum,quod</strong></span> <span class='ocrx_word' id='word_1_871' title='bbox 3303 5212 3385 5258; x_wconf 90' lang='lat' dir='ltr'><strong>est</strong></span> <span class='ocrx_word' id='word_1_872' title='bbox 3411 5205 3652 5257; x_wconf 87' lang='lat' dir='ltr'><strong>omnium</strong></span> 
     </span>
    </p>
   </div>
   <div class='ocr_carea' id='block_1_114' title="bbox 2074 5291 3651 5367">
    <p class='ocr_par' dir='ltr' id='par_1_114' title="bbox 2074 5291 3651 5367">
     <span class='ocr_line' id='line_1_114' title="bbox 2074 5291 3651 5367; baseline 0.001 -22"><span class='ocrx_word' id='word_1_873' title='bbox 2074 5306 2374 5367; x_wconf 81' lang='lat' dir='ltr'><strong>causarum</strong></span> <span class='ocrx_word' id='word_1_874' title='bbox 2439 5291 2950 5361; x_wconf 64' lang='lat' dir='ltr'><strong>prmstantissimum</strong></span> <span class='ocrx_word' id='word_1_875' title='bbox 3015 5307 3185 5362; x_wconf 82' lang='lat' dir='ltr'><strong>genus</strong></span> <span class='ocrx_word' id='word_1_876' title='bbox 3239 5307 3346 5346; x_wconf 91' lang='lat' dir='ltr'><strong>non</strong></span> <span class='ocrx_word' id='word_1_877' title='bbox 3407 5300 3651 5347; x_wconf 92' lang='lat' dir='ltr'><strong>motuum</strong></span> 
     </span>
    </p>
   </div>
   <div class='ocr_carea' id='block_1_115' title="bbox 2084 5382 3659 5453">
    <p class='ocr_par' dir='ltr' id='par_1_115' title="bbox 2084 5382 3659 5453">
     <span class='ocr_line' id='line_1_115' title="bbox 2084 5382 3659 5453; baseline -0.004 -13"><span class='ocrx_word' id='word_1_878' title='bbox 2084 5382 2283 5448; x_wconf 84' lang='lat' dir='ltr'><strong>solum,</strong></span> <span class='ocrx_word' id='word_1_879' title='bbox 2309 5383 2402 5438; x_wconf 89' lang='lat' dir='ltr'><strong>sed</strong></span> <span class='ocrx_word' id='word_1_880' title='bbox 2437 5384 2598 5438; x_wconf 88' lang='lat' dir='ltr'><strong>etiam</strong></span> <span class='ocrx_word' id='word_1_881' title='bbox 2630 5382 2992 5438; x_wconf 87' lang='lat' dir='ltr'><strong>essentiarum</strong></span> <span class='ocrx_word' id='word_1_882' title='bbox 3020 5394 3074 5439; x_wconf 90' lang='lat' dir='ltr'><strong>et</strong></span> <span class='ocrx_word' id='word_1_883' title='bbox 3108 5382 3350 5438; x_wconf 89' lang='lat' dir='ltr'><strong>omnium</strong></span> <span class='ocrx_word' id='word_1_884' title='bbox 3390 5398 3659 5453; x_wconf 59' lang='lat' dir='ltr'><strong>quaecun-</strong></span> 
     </span>
    </p>
   </div>
   <div class='ocr_carea' id='block_1_116' title="bbox 2084 5473 3653 5546">
    <p class='ocr_par' dir='ltr' id='par_1_116' title="bbox 2084 5473 3653 5546">
     <span class='ocr_line' id='line_1_116' title="bbox 2084 5473 3653 5546; baseline 0.001 -18"><span class='ocrx_word' id='word_1_885' title='bbox 2084 5490 2189 5544; x_wconf 90' lang='lat' dir='ltr'><strong>que</strong></span> <span class='ocrx_word' id='word_1_886' title='bbox 2217 5483 2365 5538; x_wconf 91' lang='lat' dir='ltr'><strong>sunt,</strong></span> <span class='ocrx_word' id='word_1_887' title='bbox 2400 5489 2618 5531; x_wconf 88' lang='lat' dir='ltr'><strong>summo</strong></span> <span class='ocrx_word' id='word_1_888' title='bbox 2647 5475 2720 5529; x_wconf 89' lang='lat' dir='ltr'><strong>illi</strong></span> <span class='ocrx_word' id='word_1_889' title='bbox 2755 5490 2934 5531; x_wconf 90' lang='lat' dir='ltr'><strong>rerum</strong></span> <span class='ocrx_word' id='word_1_890' title='bbox 2967 5476 3184 5544; x_wconf 56' lang='lat' dir='ltr'><strong>praesidi</strong></span> <span class='ocrx_word' id='word_1_891' title='bbox 3214 5485 3377 5545; x_wconf 88' lang='lat' dir='ltr'><strong>atque</strong></span> <span class='ocrx_word' id='word_1_892' title='bbox 3410 5478 3515 5546; x_wconf 87' lang='lat' dir='ltr'><strong>regi</strong></span> <span class='ocrx_word' id='word_1_893' title='bbox 3543 5473 3653 5530; x_wconf 80' lang='lat' dir='ltr'><strong>Deo</strong></span> 
     </span>
    </p>
   </div>
   <div class='ocr_carea' id='block_1_117' title="bbox 2084 5559 3654 5636">
    <p class='ocr_par' dir='ltr' id='par_1_117' title="bbox 2084 5559 3654 5636">
     <span class='ocr_line' id='line_1_117' title="bbox 2084 5559 3654 5636; baseline 0.002 -17"><span class='ocrx_word' id='word_1_894' title='bbox 2084 5567 2461 5633; x_wconf 85' lang='lat' dir='ltr'><strong>attribuimus,</strong></span> <span class='ocrx_word' id='word_1_895' title='bbox 2492 5567 2705 5636; x_wconf 76' lang='lat' dir='ltr'><strong>species</strong></span> <span class='ocrx_word' id='word_1_896' title='bbox 2730 5577 2910 5623; x_wconf 89' lang='lat' dir='ltr'><strong>autem</strong></span> <span class='ocrx_word' id='word_1_897' title='bbox 2946 5568 3067 5623; x_wconf 81' lang='lat' dir='ltr'><strong>illas</strong></span> <span class='ocrx_word' id='word_1_898' title='bbox 3097 5568 3211 5624; x_wconf 86' lang='lat' dir='ltr'><strong>sive</strong></span> <span class='ocrx_word' id='word_1_899' title='bbox 3238 5568 3436 5622; x_wconf 85' lang='lat' dir='ltr'><strong>formas</strong></span> <span class='ocrx_word' id='word_1_900' title='bbox 3471 5559 3654 5622; x_wconf 67' lang='lat' dir='ltr'><strong>rerum</strong></span> 
     </span>
    </p>
   </div>
   <div class='ocr_carea' id='block_1_118' title="bbox 2082 5658 3655 5731">
    <p class='ocr_par' dir='ltr' id='par_1_118' title="bbox 2082 5658 3655 5731">
     <span class='ocr_line' id='line_1_118' title="bbox 2082 5658 3655 5731; baseline -0.001 -17"><span class='ocrx_word' id='word_1_901' title='bbox 2082 5677 2203 5731; x_wconf 75' lang='lat' dir='ltr'><strong>qua:</strong></span> <span class='ocrx_word' id='word_1_902' title='bbox 2219 5672 2346 5715; x_wconf 89' lang='lat' dir='ltr'><strong>sunt</strong></span> <span class='ocrx_word' id='word_1_903' title='bbox 2369 5661 2701 5729; x_wconf 77' lang='lat' dir='ltr'><strong>exemplaria</strong></span> <span class='ocrx_word' id='word_1_904' title='bbox 2723 5661 3144 5727; x_wconf 89' lang='lat' dir='ltr'><strong>constituimus;</strong></span> <span class='ocrx_word' id='word_1_905' title='bbox 3173 5670 3228 5716; x_wconf 91' lang='lat' dir='ltr'><strong>at</strong></span> <span class='ocrx_word' id='word_1_906' title='bbox 3262 5674 3481 5715; x_wconf 90' lang='lat' dir='ltr'><strong>causam</strong></span> <span class='ocrx_word' id='word_1_907' title='bbox 3510 5658 3655 5713; x_wconf 88' lang='lat' dir='ltr'><strong>illam</strong></span> 
     </span>
    </p>
   </div>
   <div class='ocr_carea' id='block_1_119' title="bbox 2082 5751 3657 5824">
    <p class='ocr_par' dir='ltr' id='par_1_119' title="bbox 2082 5751 3657 5824">
     <span class='ocr_line' id='line_1_119' title="bbox 2082 5751 3657 5824; baseline 0.001 -19"><span class='ocrx_word' id='word_1_908' title='bbox 2082 5770 2202 5823; x_wconf 63' lang='lat' dir='ltr'><strong>quse</strong></span> <span class='ocrx_word' id='word_1_909' title='bbox 2252 5754 2504 5806; x_wconf 73' lang='lat' dir='ltr'><strong>movendi</strong></span> <span class='ocrx_word' id='word_1_910' title='bbox 2540 5753 2754 5809; x_wconf 90' lang='lat' dir='ltr'><strong>initium</strong></span> <span class='ocrx_word' id='word_1_911' title='bbox 2784 5756 3013 5824; x_wconf 69' lang='lat' dir='ltr'><strong>praebet,</strong></span> <span class='ocrx_word' id='word_1_912' title='bbox 3044 5755 3238 5809; x_wconf 67' lang='lat' dir='ltr'><strong>animae</strong></span> <span class='ocrx_word' id='word_1_913' title='bbox 3272 5754 3344 5807; x_wconf 88' lang='lat' dir='ltr'><strong>illi</strong></span> <span class='ocrx_word' id='word_1_914' title='bbox 3369 5766 3491 5821; x_wconf 70' lang='lat' dir='ltr'><strong>quae</strong></span> <span class='ocrx_word' id='word_1_915' title='bbox 3527 5751 3657 5807; x_wconf 88' lang='lat' dir='ltr'><strong>huic</strong></span> 
     </span>
    </p>
   </div>
   <div class='ocr_carea' id='block_1_120' title="bbox 2084 5845 3654 5915">
    <p class='ocr_par' dir='ltr' id='par_1_120' title="bbox 2084 5845 3654 5915">
     <span class='ocr_line' id='line_1_120' title="bbox 2084 5845 3654 5915; baseline -0.004 -14"><span class='ocrx_word' id='word_1_916' title='bbox 2084 5846 2223 5901; x_wconf 73' lang='lat' dir='ltr'><strong>cwlo</strong></span> <span class='ocrx_word' id='word_1_917' title='bbox 2263 5846 2513 5915; x_wconf 64' lang='lat' dir='ltr'><strong>praelecta</strong></span> <span class='ocrx_word' id='word_1_918' title='bbox 2541 5855 2644 5913; x_wconf 81' lang='lat' dir='ltr'><strong>est,</strong></span> <span class='ocrx_word' id='word_1_919' title='bbox 2672 5845 3003 5902; x_wconf 56' lang='lat' dir='ltr'><strong>materialem</strong></span> <span class='ocrx_word' id='word_1_920' title='bbox 3035 5846 3285 5912; x_wconf 70' lang='lat' dir='ltr'><strong>denique,</strong></span> <span class='ocrx_word' id='word_1_921' title='bbox 3322 5845 3559 5899; x_wconf 66' lang='lat' dir='ltr'><strong>materiae</strong></span> <span class='ocrx_word' id='word_1_922' title='bbox 3587 5856 3654 5896; x_wconf 68' lang='lat' dir='ltr'><strong>ex</strong></span> 
     </span>
    </p>
   </div>
  </div>
