4078 6408
418 413 518 477 9'11

1636 407 1968 470 GEORGII
2012 406 2452 468 PLE'I‘IIONIS

3568 409 3675 473 9322

418 538 524 591 qua
547 523 856 576 universum
876 520 2365 599 hocconstatcarlum,assignamus,atqucAquosdam
2413 534 2476 572 ex
2526 519 2799 573 veteribus
2850 528 3122 584 secutum,
3169 519 3492 589 quibusdam
3543 539 3672 577 vero

417 621 496 666 sic
515 613 678 667 rebus
699 628 818 681 qua
840 623 962 666 sunt
987 613 1138 681 plena
1163 612 1438 665 reddimus
1455 628 1650 681 genera
1674 627 1990 665 causarum.

419 703 568 757 Talia
613 705 794 773 itaque
834 704 1014 757 dicent
1046 703 1417 774 (Gr.col.928
1453 704 1514 773 C)
1562 705 1596 757 ii
1653 707 1744 773 qui
1785 705 1992 774 species

417 797 758 851 constituunt
797 807 1145 851 occurrentes
1177 796 1577 866 objectionibus
1610 796 1994 860 Aristotelicis,

419 889 508 943 ubi
548 905 680 944 sane
724 904 753 943 a
789 890 906 944 suis
937 891 1178 957 ipsorum
1212 890 1491 958 principiis
1524 904 1631 942 non
1672 890 1990 958 discrepant

418 981 738 1049 quidquam,
782 981 1126 1034 Aristotelem
1185 992 1368 1034 autem
1421 983 1755 1035 convincunt
1798 983 1991 1050 partim

418 1071 726 1134 calumniis,
762 1071 860 1138 uti,
887 1073 1080 1140 partim
1120 1087 1224 1126 non
1252 1073 1303 1126 id
1330 1074 1596 1126 conﬁcere
1634 1074 1779 1142 quod
1813 1073 1989 1138 vellet,

416 1175 531 1217 tum
579 1165 816 1218 maxime
868 1165 1044 1233 ipsum
1082 1165 1134 1217 in
1183 1165 1372 1220 multis
1421 1165 1786 1233 ignorantiam
1833 1180 1989 1219 suam

421 1254 671 1323 prodere.
718 1254 784 1307 Et
831 1270 1065 1322 quanam
1100 1257 1318 1309 tandem
1371 1257 1579 1311 ratione
1617 1256 1993 1324 reprehensio-

419 1360 540 1396 nem
575 1345 893 1411 ignorantiae
924 1345 1142 1414 eil’ugiet
1167 1348 1489 1402 Aristoteles
1518 1348 1571 1400 in
1606 1350 1768 1403 rebus
1800 1348 1989 1400 maxi-

419 1435 524 1488 mis
555 1443 608 1490 et
655 1437 842 1490 multis
883 1437 1024 1498 aliis,
1052 1442 1184 1506 {quae
1210 1439 1325 1506 jam
1363 1440 1712 1494 recitavimus
1745 1449 1798 1494 et
1831 1455 1987 1493 cum-

417 1526 630 1593 ptitnis,
687 1527 832 1595 quod
898 1530 1252 1598 sempiternis
1306 1533 1558 1586 essentiis
1613 1533 1725 1585 sive
1778 1533 1991 1587 na:uris

419 1617 627 1670 nullum
702 1628 981 1671 auctorem
1045 1622 1158 1674 sive
1239 1633 1652 1690 propagatorem
1724 1623 1987 1691 assignet,

418 1722 599 1776 neque
661 1708 784 1763 illas
849 1724 915 1764 ex
989 1713 1244 1766 omnibus
1305 1714 1584 1782 cuiquam,
1646 1715 1792 1784 quod
1858 1715 1986 1779 sint,

419 1807 700 1868 acceptum
753 1789 894 1854 ferre
948 1803 1113 1856 velit?
1165 1805 1215 1857 id
1268 1804 1414 1873 quod
1472 1806 1625 1859 Plato
1679 1821 1785 1859 non
1837 1804 1986 1866 fecit,

416 1904 592 1957 neque
643 1890 718 1943 illi
759 1891 1157 1960 quiPlatonem
1206 1906 1532 1964 sequuntur,
1570 1898 1661 1964 qui
1705 1896 1985 1960 nimirum,

415 1977 716 2045 principem
761 1979 910 2032 illum
963 1981 1322 2052 omniumque
1370 2001 1550 2053 regem
1605 1986 1771 2041 Deum
1829 1989 1994 2040 rebus

412 2081 537 2132 qute
584 2079 715 2122 sunt
757 2069 1136 2138 prazlicientes,
1178 2073 1323 2128 hunc
1369 2075 1546 2142 ipsum
1582 2077 1826 2130 omnium
1859 2079 1994 2131 alio-

413 2172 561 2220 rum,
610 2175 730 2224 quae
761 2161 970 2229 p03siut
1003 2163 1205 2233 aliquid
1239 2181 1500 2234 generare
1543 2177 1751 2236 patrem
1781 2177 1834 2222 et
1870 2183 1995 2237 pro-

411 2259 721 2318 ,creatoretn
751 2255 995 2306 omnium
1027 2270 1369 2325 quaecunque
1398 2257 1627 2312 consilio
1658 2268 1809 2310 certo
1833 2259 1994 2326 quip-

411 2337 562 2406 piam
602 2341 838 2394 eiiieiant
876 2343 1216 2398 coaditoretn
1254 2355 1416 2415 atque
1445 2346 1752 2403 effectorem
1784 2350 1992 2403 consti-

406 2438 595 2496 tuunt,
640 2432 882 2500 nihilque
931 2437 1088 2502 plane
1127 2451 1345 2503 eorum,
1412 2455 1533 2509 quae
1579 2451 1728 2505 sunt,
1765 2458 1872 2496 non
1923 2443 1990 2496 ad

407 2521 569 2575 .illum
598 2524 857 2578 referunt.
895 2528 1028 2581 Illud
1059 2543 1273 2599 quoque
1301 2532 1522 2584 silentio
1573 2536 1992 2604 praatermittere

405 2629 524 2667 .non
576 2629 799 2684 pessum
849 2615 1130 2674 Platonem
1173 2623 1225 2674 in
1279 2623 1501 2692 scriptis
1556 2626 1674 2680 suis
1716 2625 1873 2680 fateri
1931 2642 1992 2682 se

437 2837 3505 2865 —._____________________._____________________________

2101 623 2208 672 non
2257 609 2538 662 assentiri.
2565 608 2633 662 At
2684 609 3021 674 Aristoteles,
3074 609 3202 663 licet
3244 611 3496 664 omnibus
3543 627 3670 680 pro-

2102 704 2310 757 miscue
2337 705 2699 770 contradicat,
2733 719 3034 773 omnesque
3059 704 3441 772 reprehendat,
3462 706 3666 760 nullum

2098 806 2278 850 tamen
2332 798 2597 862 nominat,
2631 797 2790 865 cujus
2820 811 2879 850 se
2916 797 3257 851 institutione
3279 797 3548 851 eruditum
3593 797 3668 850 la-

2100 898 2296 951 teatur,
2347 902 2410 941 ex
2463 903 2572 956 quo
2611 893 2861 958 {apparet
2909 892 3106 959 ,ipsum
3155 905 3214 943 se
3261 889 3502 942 omnium
3550 905 3669 958 qua:

2099 981 2320 1048 scripsit
2352 978 2696 1032 inventorem
2738 980 2978 1034 Voluisse
3022 981 3212 1041 videri,
3242 980 3294 1034 id
3325 980 3467 1045 quod
3512 981 3662 1048 plane

2095 1081 2181 1125 est
2204 1071 2562 1139 sophisticam
2595 1081 2648 1125 et
2676 1073 2913 1124 alienum
2946 1085 2976 1124 a
3005 1069 3250 1124 moribus
3281 1071 3391 1123 veri
3424 1070 3656 1138 philoso-

2098 1164 2210 1232 phi,
2255 1181 2363 1233 quo
2395 1165 2558 1220 etiam
2591 1164 2720 1218 illud
2756 1163 3010 1232 pertinet,
3048 1162 3193 1230 quod
3236 1161 3290 1214 in
3327 1170 3431 1216 ttne
3471 1162 3666 1231 logico-

2097 1271 2216 1309 rum
2268 1258 2536 1325 gloriatur
2580 1272 2742 1309 suum
2780 1269 2903 1309 esse
2945 1263 3116 1308 totum
3144 1269 3279 1323 opus
3311 1255 3378 1308 de
3417 1254 3666 1309 methodo

2095 1347 2408 1411 dialectica,
2436 1355 2489 1402 et
2512 1347 2682 1410 addit,
2722 1346 2868 1399 illius
2897 1345 3136 1398 methodi
3172 1361 3279 1399 non
3304 1346 3415 1400 haec
3448 1347 3662 1416 quidem

2095 1452 2225 1504 pars
2258 1446 2375 1490 erat
2413 1437 2715 1506 explorata,
2746 1437 2834 1490 illa
2869 1452 3001 1490 vero
3051 1451 3159 1489 non
3203 1445 3338 1499 erat,
3395 1437 3486 1490 sed
3520 1440 3665 1492 nulla

2094 1538 2323 1596 prorsus
2351 1537 2487 1582 erat.
2527 1530 2596 1581 At
2639 1536 2856 1582 constat
2899 1527 3192 1598 Archytam
3223 1538 3348 1582 aute
3389 1530 3558 1598 ipsum
3591 1530 3666 1584 lo-

2094 1620 2270 1689 gieam
2323 1629 2494 1674 artem
2558 1620 2942 1686 contexuisse,
3007 1619 3164 1686 cujus
3216 1621 3500 1689 praeceptis
3553 1621 3667 1691 ipse

2094 1711 2418 1765 Aristoteles
2473 1725 2606 1764 usus
2672 1709 2794 1773 fuit,
2854 1710 2988 1780 quin
3043 1711 3207 1764 etiam
3267 1710 3419 1765 Plato
3472 1714 3661 1781 partim

2097 1799 2364 1868 principia
2402 1797 2828 1866 disciplinarum
2871 1799 3170 1868 logicarum
3201 1800 3439 1864 tradidit,
3473 1801 3662 1867 partim

2022 1908 2063 1962 Β
2093 1893 2261 1946 etiam
2309 1891 2378 1944 iis
2435 1891 2570 1960 ipsis
2615 1907 2723 1945 non
2773 1892 2891 1946 sine
2935 1901 3053 1945 arte
3089 1891 3143 1945 in
3176 1893 3292 1947 suis
3341 1894 3554 1964 scriptis
3585 1903 3667 1951 est

2097 1999 2254 2048 usus,
2286 1993 2338 2036 et
2371 1993 2544 2038 artem
2579 1983 2810 2052 logicam
2844 1991 3001 2037 vocat
3033 1992 3290 2054 tanquam
3327 1985 3663 2055 exploratam

2096 2078 2189 2132 sed
2245 2074 2486 2129 nondum
2537 2077 2902 2144 exploratam,
2959 2089 3137 2144 neque
3180 2085 3358 2129 tamen
3408 2085 3661 2146 tanquam

2097 2183 2326 2238 prorsus
2362 2183 2470 2220 non
2505 2166 2780 2220 inventam
2808 2167 2901 2220 sed
2925 2165 3037 2234 jam
3074 2168 3298 2220 omnino
3330 2167 3383 2220 in
3418 2182 3518 2221 usu
3550 2183 3668 2222 ver-

2094 2272 2328 2315 santem.
2376 2259 2516 2326 Quid
2543 2258 2709 2328 igitur
2753 2257 2900 2311 dicat
2946 2257 3252 2326 quispiam?
3297 2274 3404 2313 non
3433 2274 3550 2314 esse
3590 2261 3666 2314 di-

2101 2367 2239 2423 gnos
2264 2351 2574 2405 Aristotelis
2601 2350 2776 2404 libros
2811 2349 2902 2418 qui
2935 2349 3221 2418 legantur;
3257 2351 3420 2404 etiam
3445 2356 3666 2406 omnino

2103 2453 2324 2513 propter
2351 2442 2506 2496 utilia
2537 2457 2658 2507 quae
2715 2442 2767 2494 in
2815 2440 2882 2494 iis
2933 2441 3066 2509 ipsis
3091 2441 3460 2505 continentur,
3512 2446 3669 2498 modo

2100 2533 2276 2586 simus
2331 2546 2603 2587 memores
2654 2531 2856 2584 multos
2904 2544 3023 2583 esse
3073 2530 3263 2586 iisdem
3302 2547 3516 2589 errores
3545 2549 3670 2605 per-

2099 2625 2314 2679 mislos.

977 3007 1366 3136 INDEX
1474 3009 2004 3099 CAPITUM
2098 3013 2486 3103 HUJUS
2581 3013 3103 3100 LiBELLl.

482 3375 770 3430 PR/EFATIO
798 3375 850 3428 in
878 3389 984 3443 qua
1016 3375 1302 3430 disseritur
1329 3376 1396 3431 de
1421 3380 1826 3448 comparatione
1861 3379 1984 3434 Piao
2009 3409 2055 3473 α
2087 3400 2210 3438 xum
2237 3401 2370 3451 esse,
2389 3388 2471 3440 hic
2492 3397 2746 3456 quantum
2773 3398 2989 3454 possunt
3011 3388 3126 3458 ejus
3152 3390 3380 3443 rationes
3402 3399 3664 3444 terrarum

413 3475 558 3525 tonis
579 3481 635 3525 et
664 3471 996 3531 Aristotelis.
1037 3471 1338 3525 secundum
1361 3472 1628 3543 judicium
1663 3483 1906 3528 veterum
1933 3483 1986 3528 et

396 3565 806 3620 recentiorum.
846 3562 962 3617 Non
995 3579 1218 3634 possum
1251 3575 1432 3620 autem
1479 3565 1565 3621 hic
1597 3583 1703 3621 non
1739 3582 1983 3622 comme-

412 3672 630 3711 morare
665 3659 908 3726 quaedam
933 3674 1056 3726 quae
1084 3659 1150 3712 de
1174 3659 1279 3711 vita
1304 3659 1656 3729 moribusque
1679 3660 1988 3716 Aristmelis

411 3751 766 3819 prodiderunt
799 3751 1018 3820 quidam
1043 3752 1250 3822 antiqui
1294 3760 1347 3805 et
1391 3753 1730 3808 celeberrimi
1757 3755 1988 3822 scripto-

409 3858 518 3907 res,
540 3859 648 3912 quo
674 3843 980 3898 evidentius
1001 3855 1262 3914 appareat
1282 3860 1386 3900 non
1412 3863 1600 3902 omnes
1623 3848 1788 3918 hujus
1813 3854 1987 3921 philo-

407 3935 564 4002 sophi
600 3939 1004 4004 assumptiones
1027 3952 1123 4004 pro
1153 3938 1297 3993 veris
1318 3955 1532 4010 semper
1558 3943 1986 4010 amplectendas,

409 4027 648 4095 ideoque
677 4045 703 4079 a
737 4025 983 4082 Gemisto
1019 4045 1126 4082 non
1153 4042 1353 4087 temere
1381 4034 1677 4089 confutari.
1713 4035 1848 4090 Nam
1878 4053 1988 4106 quo

409 4119 600 4174 melior
634 4119 714 4172 vir
752 4121 876 4189 quis
928 4131 1169 4189 putatur,
1245 4125 1347 4178 hoc
1393 4126 1658 4181 similiora
1713 4144 1845 4184 vero
1911 4132 1987 4182 vi-

406 4215 607 4264 deutttr
641 4229 763 4282 qua:
805 4215 992 4269 sentit.

477 4301 856 4359 ’I‘ueodorelus
879 4303 1137 4377 Cyrensis
1161 4308 1450 4378 episcOpus
1475 4310 1614 4364 libro
1638 4322 1825 4368 contra
1859 4330 1990 4384 gen-

405 4394 529 4447 tiles
563 4394 784 4450 Graecos
817 4398 1144 4454 duodecimo
1199 4401 1271 4453 ita
1306 4403 1497 4456 scribit
1557 4422 1570 4456 :
1631 4405 1828 4460 Morem
1869 4424 1986 4460 cum

406 4486 570 4550 fuisse
592 4487 862 4540 Aristoteli
889 4497 945 4540 ut
972 4491 1144 4542 oleum
1173 4492 1409 4546 venderet
1434 4511 1534 4562 quo
1564 4496 1736 4548 calido
1763 4514 1816 4551 se
1839 4502 1986 4565 prius

404 4579 759 4642 perunxisset.
787 4579 1018 4649 Cumque
1045 4583 1085 4634 is
1110 4582 1235 4634 olim
1258 4584 1310 4635 in
1333 4584 1639 4639 Chalcidem
1665 4591 1982 4658 navigasset,

406 4666 712 4736 publicanos
741 4667 1018 4735 explorato
1049 4671 1163 4737 ejus
1190 4675 1401 4742 navigio
1425 4675 1681 4746 invenisse
1714 4677 1848 4731 ollas
1870 4681 1983 4747 ejus

401 4758 506 4810 olei
545 4770 772 4825 quatuor
809 4771 857 4812 et
894 4763 1226 4828 septuaginta
1260 4765 1337 4818 rel
1383 4775 1439 4818 ut
1468 4767 1560 4820 alii
1594 4771 1825 4837 referunt
1873 4783 1974 4826 tre-
2011 4777 2058 4836 D

400 4859 605 4904 cantas.

467 4939 620 4992 idem
657 4940 793 4994 libro
823 4943 1016 5012 quinto
1041 4961 1055 4998 :
1081 4946 1392 5000 Aristoteles
1420 4961 1591 5002 autem
1625 4951 1842 5006 Platoni
1875 4955 1982 5007 ad-

387 5037 502 5086 emto
537 5034 722 5086 viventi
745 5037 1022 5103 manifeste
1045 5041 1409 5096 adversarium
1443 5060 1498 5095 se
1529 5045 1752 5112 prwbuit
1786 5058 1974 5100 contra

397 5126 741 5182 Academiam
765 5127 898 5182 bello
929 5142 1190 5198 suscepto,
1219 5149 1380 5201 neque
1410 5135 1674 5191 doctrina:
1710 5139 1790 5192 illi
1816 5140 1978 5192 Itono-

399 5233 509 5270 rem
541 5217 706 5271 ullum
734 5221 984 5286 rependit,
1012 5239 1170 5290 qnam
1213 5223 1587 5281 liberalissime
1637 5229 1761 5282 olim
1799 5248 1978 5299 perce-

390 5310 496 5378 pit,
525 5324 678 5373 neque
697 5312 1012 5364 ce.'eberrimi
1042 5314 1141 5364 uiri
1171 5315 1395 5382 gloriam
1417 5327 1489 5370 est
1517 5322 1790 5382 reveritus,
1818 5337 1979 5390 neque

397 5399 689 5452 Platonica:
723 5399 1026 5470 eloquentia:
1061 5406 1162 5457 uim
1208 5409 1500 5474 pertimuit,
1532 5412 1622 5462 sed
1652 5413 1980 5479 impudenter

392 5490 477 5542 illi
517 5492 876 5545 adversarium
923 5510 976 5547 se
1006 5497 1208 5564 gessit,
1241 5514 1361 5550 cum
1413 5510 1590 5552 tamen
1647 5519 1976 5572 nequaquam

399 5584 673 5634 meliorum
693 5589 1017 5651 «taumatum,
1045 5588 1133 5640 sed
1157 5588 1323 5642 multo
1347 5591 1585 5660 pejorum
1611 5609 1769 5661 quant
1794 5595 1974 5657 Plato,

389 5673 509 5738 ipse
536 5687 723 5726 auctor
754 5679 1034 5731 exstiterit.
1069 5677 1212 5731 Nam
1240 5697 1356 5734 cum
1392 5683 1476 5736 ille
1512 5687 1743 5738 animam
1779 5689 1974 5742 dixerit

397 5763 772 5828 immortalem,
810 5770 891 5819 hic
941 5787 1052 5823 esse
1089 5775 1365 5825 mortalem
1410 5777 1542 5828 dixit
1575 5816 1588 5838 ,
1623 5793 1845 5845 cumque
1879 5782 1968 5834 ille

397 5854 591 5905 dixerit
638 5857 797 5911 Deum
844 5877 924 5914 res
964 5878 1139 5915 omnes
1178 5867 1516 5929 proridentire
1559 5886 1684 5922 cura
1739 5875 1966 5942 complc-

2088 3478 2263 3531 orbem
2298 3480 2490 3533 divina:
2527 3481 2870 3548 providentia:
2893 3492 3158 3535 exsortem
3187 3483 3340 3551 facit.

2142 3591 2472 3647 ‘Subscribit
2517 3593 2860 3648 Theodoreto
2895 3593 3217 3650 Laurentius
3249 3597 3396 3652 Valla
3445 3598 3666 3668 prologo

2090 3687 2143 3740 in
2173 3685 2517 3740 Dialecticam
2553 3703 2729 3742 suam.
2759 3687 2890 3752 Qum
2911 3689 3181 3756 eompilat,
3211 3689 3402 3758 inquit,
3430 3705 3531 3744 non
3558 3693 3664 3744 ilt:s

2090 3780 2249 3848 refert
2283 3789 2496 3846 accepta
2539 3798 2569 3833 a
2605 3782 2794 3850 quibus
2825 3781 3076 3849 sumpsit.
3109 3782 3200 3834 sed
3227 3782 3327 3836 sibi
3356 3783 3579 3836 vindicat
3610 3793 3665 3836 tt

2089 3872 2385 3941 ubicunque
2417 3872 2626 3926 eosdem
2651 3889 2893 3941 peccasse
2918 3875 3186 3940 opinatur,
3213 3875 3369 3928 citius
3397 3875 3661 3929 ardentem

2088 3965 2361 4033 flammam
2395 3980 2485 4018 ore
2522 3966 2788 4018 continere
2817 3982 2970 4034 posse
3013 3983 3174 4034 quant
3219 3983 3323 4020 non
3367 3968 3660 4023 nominare.

2158 4054 2342 4108 CAPUT
2379 4055 2418 4108 Ι.
2451 4054 2590 4120 Quid
2631 4053 2782 4110 Plato
2827 4055 2893 4108 de
2939 4055 3048 4110 Deo
3095 4068 3148 4111 et
3200 4073 3379 4112 rerum
3421 4061 3660 4112 omniuu

2091 4147 2388 4213 creatione,
2441 4150 2586 4216 quod
2634 4148 2959 4204 Aristoteles
3009 4150 3262 4205 senserit.
3308 4150 3426 4216 Quo
3458 4149 3509 4202 in
3546 4149 3664 4204 loco

2089 4237 2252 4290 etiam
2291 4238 2617 4306 explicatur,
2649 4242 2927 4314 quomodo
2966 4238 3120 4297 Plato
3152 4243 3389 4295 animam
3429 4241 3661 4311 genitam

2090 4338 2142 4383 et
2179 4329 2480 4396 ingenitam
2513 4333 2887 4400 appellaverit.

2161 4445 2341 4498 Cum
2377 4445 2439 4500 Il.
2482 4446 2919 4513 llepreheuditur
2967 4447 3286 4501 Aristoteles
3313 4447 3458 4516 quod
3489 4446 3656 4502 Deum

2091 4554 2364 4592 suantnum
2401 4538 2647 4593 omnium
2697 4541 2982 4608 prmsidetn
3028 4553 3091 4592 ac
3143 4553 3322 4609 regem
3371 4553 3536 4592 untnn
3590 4537 3655 4588 ad

2091 4632 2354 4682 movenda
2389 4630 2573 4683 omnia
2625 4630 2878 4684 idoneum
2915 4646 3022 4684 non
3057 4638 3311 4692 censeat,
3347 4643 3532 4683 verum
3580 4628 3654 4682 illi

2091 4722 2270 4776 socias
2303 4721 2559 4776 movendi
2601 4721 2738 4776 alias
2765 4722 3027 4792 quasdam
3069 4730 3280 4776 mentes
3304 4721 3580 4790 adjungat.

2155 4834 2337 4888 Carm-
2366 4833 2454 4886 lll.
2488 4833 2717 4889 Illunme
2765 4835 2832 4888 sit
2863 4848 3035 4901 genus
3063 4834 3307 4887 omnium
3352 4847 3540 4887 earum
3567 4847 3652 4887 re-

2081 4949 2203 4986 rum
2236 4935 2530 4999 qum'suut,
2556 4933 2605 4985 id
2635 4941 2719 4986 est
2743 4947 2809 4985 an
2835 4948 2931 4986 ens
2958 4932 3028 4985 sit
3061 4931 3166 4986 tale
3190 4932 3486 5001 quippiam,
3511 4929 3651 5000 quod

2083 5026 2274 5078 decem
2310 5025 2484 5092 prima
2519 5039 2717 5094 genera
2755 5027 2987 5078 univoce
3037 5039 3146 5078 non
3195 5025 3475 5091 aequivoce
3507 5038 3654 5076 com-

2086 5118 2378 5187 plectatur.

2158 5210 2335 5264 Carm
2372 5211 2456 5264 IV.
2497 5209 2688 5264 Utrum
2723 5211 3045 5265 Aristoteles
3098 5225 3294 5280 genera
3341 5219 3394 5264 et
3449 5208 3656 5279 species

2089 5313 2238 5357 recte
2269 5303 2542 5358 secundas
2573 5320 2588 5356 :
2624 5303 2911 5357 individua
2941 5318 3072 5356 vero
3098 5303 3299 5372 primas
3328 5301 3658 5356 substantias

2088 5395 2469 5463 appellaverit,
2517 5396 2619 5448 hoc
2655 5405 2759 5453 est.
2792 5410 2859 5448 an
2911 5410 3110 5463 genera
3139 5405 3191 5448 et
3226 5395 3438 5463 species
3479 5392 3658 5446 minus

2081 5488 2191 5540 sint
2221 5502 2385 5555 quam
2423 5487 2751 5558 singularia,
2786 5497 2842 5542 et
2893 5488 3135 5542 secundo
3161 5488 3280 5542 loco
3310 5488 3374 5540 ad
3403 5487 3653 5542 essentia:

2082 5580 2348 5634 rationem
2390 5581 2700 5649 pertineant
2737 5594 2806 5633 an
2835 5589 3050 5634 contra.

2151 5693 2337 5747 Carm
2369 5694 2430 5747 V.
2484 5692 2677 5747 Utrum
2725 5694 3044 5747 universum
3097 5694 3361 5748 rationem
3413 5695 3655 5748 obtineat

2082 5786 2345 5849 materize,
2371 5786 2557 5840 forma:
2582 5798 2763 5840 autem
2795 5802 2943 5856 pars,
2971 5787 3022 5840 id
3053 5796 3155 5850 est,
3182 5801 3249 5839 an
3273 5787 3338 5841 ad
3371 5787 3650 5841 materiam

2083 5889 2287 5945 spectet
2325 5881 2640 5934 universum
2677 5881 2857 5950 potius
2891 5895 3054 5948 quam
3082 5896 3230 5949 pats.
