4078 6402
350 404 446 465 933
1028 408 1125 468 DE
1158 408 1583 468 PLATONICA
1632 408 1727 467 ET
1764 405 2329 467 ARISTOTELICA
2375 408 2921 473 PIIILOSOPHIA.

3492 403 3599 466 934

420 522 604 576 CAPUT
639 518 726 575 VI.
765 520 1019 576 Scusuue
1067 522 1348 590 antiquius
1390 522 1462 577 sit
1501 523 1551 576 id
1581 522 1725 590 quod
1755 536 1919 577 sensu
1946 536 1996 595 Α
2097 524 2278 577 (ΣΛιιυτ
2319 520 2408 576 XI.
2443 522 2637 575 Anima
2672 522 2817 577 sime
2850 520 3179 576 immortalis
3209 518 3350 589 apud
3381 518 3599 575 Aristo—

350 629 464 681 .pso
503 615 709 685 percipi
737 624 933 682 potest,
962 613 1105 683 quod
1135 622 1330 669 vocant
1357 614 1615 669 sensibile
1650 629 1716 668 an
1761 614 1924 669 simul

350 714 641 773 atrumque
672 711 888 759 natura.
923 703 1043 771 Quo
1074 705 1129 759 in
1170 704 1290 761 loco
1329 704 1678 760 rclativorum
1728 713 1925 759 natura

349 798 514 854 simul
546 796 882 851 declaratur.

416 891 599 944 Cum
640 889 750 944 γυ.
783 890 1083 947 Indefinitm
1112 890 1500 961 propositionis
1531 899 1725 946 natura
1762 902 1925 962 atque

350 982 654 1051 proprietas
684 982 995 1037 declaratur
1026 992 1080 1037 et
1103 985 1371 1052 quaeritur
1393 990 1656 1039 verumne
1683 984 1756 1038 sit
1777 983 1924 1053 quod

349 1072 580 1125 docetur
612 1071 756 1140 apud
795 1071 1214 1141 Peripateticos,
1248 1072 1496 1127 eamdem
1547 1073 1694 1127 illam
1739 1086 1924 1127 veram

350 1171 460 1217 tam
492 1161 853 1217 aﬂirmantem
891 1178 1055 1232 quam
1083 1174 1369 1233 negantem
1404 1164 1637 1220 inveniri
1666 1180 1849 1236 posse.

418 1257 604 1312 Csru-r
636 1256 770 1313 VIII.
803 1256 943 1312 Num
985 1258 1297 1313 necessaria
1327 1256 1614 1313 conclusio
1656 1265 1924 1326 sequatur

352 1364 416 1403 ex
446 1348 662 1403 duobus
692 1349 1009 1417 praemissis,
1034 1363 1265 1418 quarum
1299 1348 1469 1402 altera
1494 1347 1563 1403 sit
1587 1349 1922 1414 necessaria,

352 1441 520 1495 altera
548 1440 808 1508 simplex,
852 1454 922 1493 an
956 1455 1086 1495 vero
1114 1440 1344 1509 simplex
1376 1440 1662 1493 duntaxat.
1700 1439 1806 1496 Ubi
1842 1442 1920 1494 si-

353 1531 464 1583 mul
511 1538 706 1583 natura
759 1528 926 1583 medii
978 1529 1198 1585 termini
1237 1540 1292 1586 et
1335 1531 1747 1601 proloquiorum
1805 1531 1921 1585 sive

352 1620 759 1689 prmmissarum
783 1620 1152 1675 examinatur.

421 1709 604 1762 Ctrur
640 1707 732 1764 IX.
764 1709 1067 1765 Discrimen
1102 1709 1220 1773 Dei,
1248 1710 1514 1765 mentium
1562 1710 1677 1767 sive
1723 1710 1921 1766 intelli-

352 1801 654 1871 gentiarunt
682 1808 738 1855 et
786 1800 985 1856 anima;
1042 1801 1372 1867 declaratur,
1405 1810 1460 1856 et
1504 1801 1565 1855 τὸ
1597 1802 1919 1872 ὑπερούσιον

2032 615 2227 678 telem,
2265 624 2320 668 et
2360 628 2490 666 nunt
2535 612 2716 683 aliqua
2758 614 2896 669 bona
2943 621 3068 682 post
3107 620 3345 667 mortem
3383 613 3593 665 euasti-

2031 702 2230 758 tuenda
2260 703 2391 757 sint.

2097 793 2283 850 Cspu'r
2314 792 2433 850 XII.
2470 792 2612 849 Num
2642 793 2872 847 virtutes
2902 791 3164 861 qualitate
3204 800 3258 847 et
3291 791 3597 862 quantitate

2027 887 2139 941 sint
2192 885 2483 941 metiendae
2549 893 2603 942 et
2652 899 2722 940 an
2776 882 3187 940 mediocritates
3231 883 3506 947 dicendae,
3541 891 3599 936 ut

2027 978 2308 1033 contendit
2339 976 2680 1033 Aristoteles.

2095 1089 2282 1145 CAPUT
2313 1087 2451 1143 XIII.
2493 1087 2650 1154 Quod
2697 1086 2769 1143 sit
2812 1098 3090 1142 summum
3157 1081 3363 1138 bonum
3411 1087 3468 1135 et
3527 1094 3596 1134 an

2027 1181 2349 1237 Aristoteles
2382 1188 2529 1236 recte
2559 1193 2829 1235 summam
2860 1175 3182 1233 felicitatem
3225 1173 3282 1228 in
3324 1170 3599 1241 voluptate

2024 1272 2442 1343 contemplativa
2472 1270 2843 1328 collocaveril.

2095 1380 2275 1443 Csrur
2302 1385 2444 1441 XIV.
2487 1385 2698 1442 Caelum
2732 1398 2857 1440 esse
2907 1383 3077 1454 ignea:
3138 1389 3350 1435 naturae
3379 1386 3437 1434 et
3479 1376 3597 1433 dari

2025 1496 2134 1537 non
2169 1463 2425 1550 oportere
2450 1480 2702 1548 quintum
2732 1476 3006 1548 quoddam
3038 1487 3244 1544 corpus
3272 1480 3470 1542 praeter
3489 1469 3597 1525 ele-
3661 1465 3672 1477 ’

2025 1582 2209 1628 menta
2243 1581 2504 1642 quatuor.

2097 1685 2283 1741 Cum
2323 1682 2440 1739 XV.
2483 1684 2557 1740 De
2610 1681 2989 1736 immobilitate
3032 1678 3275 1735 siderum
3328 1684 3381 1731 et
3435 1688 3597 1744 quam

2027 1787 2175 1837 recte
2204 1775 2526 1833 Aristoteles
2556 1787 2790 1845 corpora
2819 1770 3066 1829 coelestia
3106 1769 3347 1826 animata
3385 1768 3600 1823 consti-

352 1894 573 1964 qnidcm
604 1908 725 1949 esse
765 1893 1087 1963 simpliciter
1118 1911 1310 1961 unum,
1338 1894 1439 1951 hoc
1458 1904 1561 1959 est,
1592 1904 1652 1949 ut
1672 1910 1924 1969 supremo
1955 1897 1998 1951 Β
2029 1876 2166 1924 ma"

359 1989 467 2041 Deo
491 1994 545 2041 et
568 2001 693 2042 esse
723 1996 777 2040 et
804 2001 965 2058 posse
994 1996 1051 2043 et
1075 1986 1310 2053 efficere,
1354 1989 1471 2043 sive
1499 1990 1669 2058 magis
1712 1991 1921 2057 placet,

352 2080 643 2134 essentiam
676 2082 972 2149 potentiam
1007 2089 1061 2134 et
1088 2089 1267 2134 actum
1304 2081 1452 2136 nullo
1482 2082 1640 2136 modo
1664 2080 1922 2135 distincta

355 2173 564 2241 hateri,
602 2173 703 2227 hoc
735 2181 821 2227 est
850 2181 907 2226 ut
944 2172 1081 2227 alias
1110 2172 1205 2237 sit,
1242 2173 1380 2228 alias
1425 2173 1623 2242 possit,
1651 2172 1787 2226 alias
1807 2171 1923 2226 eili-

353 2264 483 2324 ciat.
511 2263 606 2319 sed
642 2272 699 2320 ut
731 2264 895 2319 simul
925 2275 983 2320 et
1014 2267 1086 2319 sit
1127 2276 1181 2320 et
1210 2265 1382 2335 possit
1429 2274 1483 2319 et
1513 2265 1730 2319 etiiciat.
1764 2263 1922 2322 Unde

353 2364 539 2424 postea
571 2354 989 2426 reprelienditur
1015 2355 1358 2419 Aristoteles,
1384 2356 1478 2426 qui
1512 2358 1751 2411 animam
1783 2354 1921 2411 deti-

351 2449 548 2503 niverit
578 2463 702 2504 esse
735 2458 912 2503 actum
945 2465 962 2517 ;
1011 2449 1078 2504 de
1121 2464 1224 2518 qua
1250 2465 1306 2503 re
1357 2448 1487 2503 libet
1518 2449 1681 2504 etiam
1731 2445 1922 2504 Jacobi

353 2539 580 2611 Ziegleri
608 2539 709 2594 viri
735 2540 882 2595 docti
904 2554 1190 2594 censuram
1220 2538 1535 2594 adscribere
1556 2539 1649 2608 qui
1682 2539 1762 2594 sic
1791 2540 1924 2593 seri-

352 2631 431 2685 bit
456 2629 693 2700 quodam
723 2630 778 2685 in
815 2631 937 2685 loco
966 2646 980 2683 :
1017 2630 1121 2685 Sed
1147 2647 1309 2697 quam
1340 2640 1573 2685 sectatur
1599 2647 1725 2700 rogo
1750 2632 1924 2701 (intel-

350 2724 512 2792 ligens
546 2722 912 2793 Aristotelem)
951 2724 1469 2777 demonstrationum
1515 2725 1880 2777 necessitatem
1906 2762 1920 2787 ,

352 2817 496 2884 quia
530 2816 737 2884 scriptis
773 2816 883 2869 suis
913 2814 1047 2867 sicut
1081 2812 1286 2867 libitum
1317 2822 1393 2866 est
1430 2814 1670 2870 discedit.
1698 2817 1802 2867 Aut
1830 2814 1924 2868 de-

354 2908 538 2977 ﬁniens
575 2909 846 2974 animam,
889 2907 1352 2974 ;demanstratione
1395 2922 1541 2961 usus'
1570 2907 1694 2961 est?
1745 2910 1925 2960 anima

356 2998 571 3069 (inquit)
603 3011 675 3051 est
709 3008 858 3051 actus
885 2999 1117 3067 corporis
1142 2998 1378 3067 organici
1405 3000 1625 3068 physici,
1658 2998 1816 3052 vitam
1838 3000 1926 3050 Ita-

355 3091 518 3145 bsntis
546 3089 598 3142 in
628 3091 884 3159 potentia.
913 3089 1055 3158 Ergo
1093 3090 1232 3143 alius
1265 3098 1473 3142 secutus
1499 3090 1796 3159 exemplum
1833 3092 1922 3145 de-

355 3182 530 3251 ﬁniat,
561 3184 749 3250 auriga
789 3190 866 3235 est
894 3193 1044 3235 actor
1073 3183 1329 3236 curriculi
1364 3192 1559 3236 motum
1603 3184 1839 3238 habentis
1870 3185 1926 3238 in

352 3274 610 3341 potentia.
640 3272 780 3326 Num
804 3274 893 3326 ille
919 3290 1036 3342 qua:
1064 3274 1132 3326 ad
1161 3272 1513 3327 substantiam
1541 3275 1769 3329 hominis
1799 3276 1927 3329 atti-

355 3362 566 3420 nebant.
590 3363 705 3416 dico
731 3379 890 3432 genus
915 3374 964 3417 et
997 3365 1349 3434 di/ferentiam
1369 3366 1722 3435 essentialem,
1746 3384 1777 3420 α
1804 3370 1953 3438 (γαί-ν

355 3454 448 3508 bus
477 3454 681 3508 desumi
714 3453 1066 3522 deﬁnitionem
1102 3458 1400 3525 oportebat,
1434 3460 1637 3525 attigit.
1729 3470 1735 3478 ‘

422 3545 602 3602 Caru'r
651 3544 721 3600 Χ.
782 3546 1131 3601 l'latunicmn
1185 3549 1382 3617 dogma
1435 3548 1767 3615 defenditur,
1812 3567 1925 3621 quo

357 3638 584 3693 duretur
631 3640 841 3693 animos
890 3654 921 3694 e
972 3638 1110 3695 cmlo
1156 3640 1550 3696 descendentes
1612 3641 1917 3698 hauriendo

359 3733 694 3787 oblivionem
755 3749 938 3788 rerum
989 3733 1342 3800 divinarum,
1395 3752 1625 3807 quarum
1671 3738 1726 3791 in
1783 3739 1925 3794 coelo

357 3833 517 3881 erant
565 3825 820 3889 consciae,
861 3826 997 3881 alias
1039 3842 1169 3881 vero
1218 3828 1410 3894 magis,
1450 3829 1585 3883 alias
1625 3831 1832 3897 minus,
1866 3831 1920 3885 in

361 3919 521 3974 terris
562 3934 670 3973 non
706 3919 917 3975 discere
950 3924 1043 3976 sed
1090 3922 1407 3987 reminisci,
1448 3922 1596 3993 quod
1635 3924 1749 3980 illic
1795 3935 1920 3980 ante

359 4013 735 4082 cognoverint.

2096 1982 2276 2039 CAPUT
2303 1979 2446 2039 XVI.
2477 1981 2616 2036 Num
2653 1978 2896 2036 caelestia
2935 1990 3184 2047 corpora
3210 1975 3263 2030 vi
3304 1980 3360 2029 et
3402 1978 3599 2026 natura

2026 2079 2181 2146 ignea
2209 2075 2529 2129 calefaciunt
2560 2074 2675 2129 haec
2704 2070 2984 2132 inferiora,
3018 2083 3087 2121 an
3121 2076 3272 2121 motu
3309 2064 3598 2120 duntaxat.

2094 2189 2270 2244 CAPUT
2307 2188 2470 2244 XVII.
2525 2188 2719 2242 Utrum
2763 2200 2854 2241 ars
2900 2193 2957 2240 et
3002 2192 3198 2238 natura
3249 2178 3596 2239 deliberent,

2025 2279 2156 2335 dum
2195 2281 2394 2350 aliquid
2439 2289 2632 2351 agunt.

2087 2394 2276 2450 ‘Csrur
2304 2392 2490 2450 XVIII.
2522 2390 2714 2447 Utrum
2743 2405 2863 2460 quae
2897 2389 3032 2444 ﬁunt
3059 2390 3242 2445 omnia
3267 2428 3281 2454 ,
3315 2385 3452 2441 fiant
3508 2397 3602 2437 ne-

2026 2487 2291 2550 cessario,
2330 2500 2395 2538 an
2429 2492 2483 2538 et
2509 2484 2686 2552 aliqua
2722 2482 3123 2550 coutingenter,
3162 2490 3215 2535 et
3250 2490 3432 2536 utrum
3462 2479 3604 2535 dan-

2026 2581 2153 2636 dum
2188 2581 2263 2636 sit
2301 2578 2510 2649 aliquid
2554 2579 2608 2631 in
2652 2576 2718 2631 iis
2763 2590 2881 2646 qua:
2912 2575 3049 2628 liunt
3089 2575 3233 2644 quod
3267 2590 3376 2628 nou
3408 2573 3602 2630 habeat

2026 2689 2252 2731 causam
2288 2674 2372 2728 sui
2403 2686 2548 2728 esse.
2581 2650 2725 2724 'l‘ale‘
2751 2682 2882 2721 vero
2933 2675 3127 2721 tractat
3157 2676 3272 2721 toto
3302 2670 3481 2736 rapite
3510 2684 3602 2721 ar-

2026 2773 2345 2836 gumentum
2376 2762 2674 2826 Gemistns,
2704 2761 2845 2828 quod
2877 2760 2925 2815 si
2956 2761 3078 2829 quis
3103 2758 3156 2812 in
3185 2766 3478 2837 conspectu
3509 2761 3603 2813 lia-

2027 2856 2169 2921 beat,
2210 2870 2326 2911 rem
2363 2856 2649 2925 perspicue
2693 2852 2978 2919 intelliget.

2097 2970 2269 3026 Omne
2295 2970 2435 3040 quod
2467 2968 2523 3024 fit
2553 2967 2620 3022 ab
2650 2967 2823 3043 aliqua
2856 2980 3020 3022 causa
3047 3003 3064 3027 .
3098 2980 3325 3022 necesse
3350 2974 3433 3021 est
3462 2966 3599 3021 ﬁeri.

2031 3061 2135 3114 Sed
2162 3060 2343 3113 omnis
2369 3072 2534 3112 causa
2567 3071 2690 3127 qua:
2726 3055 2930 3125 aliquid
2975 3053 3126 3121 facit,
3161 3054 3397 3125 idipsum
3422 3063 3477 3108 et
3507 3070 3605 3109 nc-

2031 3154 2271 3206 cessario
2289 3159 2341 3205 et
2360 3160 2508 3204 certo
2533 3149 2685 3203 facit.
2713 3147 2853 3218 Ergo
2883 3146 3065 3201 omnia
3103 3145 3242 3200 fiunt
3265 3146 3601 3202 necessario.

1952 3250 1994 3309 ο
2030 3241 2293 3296 Minorem
2321 3239 2573 3295 concedit
2592 3237 2809 3306 quidem
2847 3233 3192 3299 Aristoteles,
3217 3234 3313 3289 sed
3341 3236 3604 3304 majorem

2035 3334 2253 3397 inuitat,
2286 3331 2432 3385 unde
2468 3344 2497 3383 a
2541 3329 2788 3384 Getuisto
2821 3326 3260 3397 reprehenditur.

2102 3443 2285 3500 CAPUT
2325 3442 2466 3497 XIX.
2518 3441 2722 3496 Motum
2781 3442 2835 3494 in
2884 3440 3048 3494 rebus
3099 3439 3437 3496 naturalibus
3457 3455 3604 3497 :esse

2033 3541 2371 3604 mquivocum
2428 3543 2485 3590 et
2534 3549 2702 3589 unum
2764 3533 2997 3605 agendo,
3056 3532 3285 3604 alterum
3351 3534 3607 3603 patiendo

2035 3630 2172 3684 ﬁeri.

2109 3741 2292 3797 Csrur
2323 3741 2442 3797 XX.
2492 3742 2567 3797 De
2610 3740 2746 3797 ideis
2780 3752 2799 3795 :
2836 3738 3017 3794 sintne
3083 3738 3255 3806 idem;
3305 3746 3417 3792 tum
3476 3738 3607 3808 quid

2035 3837 2167 3900 sint,
2205 3848 2257 3889 et
2292 3834 2623 3904 cnjusmodi,
2654 3842 2708 3888 ct
2750 3834 2952 3904 quibus
2992 3831 3297 3888 rationibus
3341 3831 3460 3886 illas
3490 3831 3609 3885 Pla-

2032 3922 2205 3983 ionici
2237 3930 2498 3984 adversus
2527 3926 2871 3984 Aristotelem
2903 3924 3277 3980 adversarium
3313 3939 3475 3980 suum
3511 3922 3612 3978 de-

2038 4021 2280 4076 fendant.
