4078 6426
1244 435 1634 499 LAUDATIO
1665 435 2048 500 F‘UNEBRIS
2088 439 2419 502 HELENxE
2456 442 3050 508 PAL/EOLOGINAZ.

493 543 570 597 Τὸ
602 541 658 594 δὲ
690 558 895 613 μουσας
925 542 1102 614 τιμῶν
1128 544 1281 609 ἔθνος
1311 549 1410 603 οὐκ
1443 549 1708 618 ἄμουσον,
1741 552 1862 606 οὐδὲ
1906 551 2064 607 ἀπαί-

2181 560 2355 616 musis
2389 576 2730 633 nequaquam
2761 563 2937 618 aliena
2985 569 3102 617 erat
3132 561 3486 632 animumque
3517 559 3589 616 ob
3613 559 3748 616 insi-
3813 585 3816 587 λ

491 638 681 691 δευτον
718 636 842 691 οὐδὲ
873 653 938 706 γε
995 637 1056 690 τὸ
1092 637 1269 710 ψυχῆς
1301 641 1649 712 ἀνθρωπίνης
1681 645 1749 712 τῇ
1796 644 2069 714 ἀθανασίᾳ

501 727 729 796 νομίζον
767 727 984 797 ἀγενές.
1019 728 1223 782 Τούτου
1262 729 1356 796 τοῦ
1406 730 1619 798 γένους,
1652 736 1679 786 ό
1709 735 1808 802 τῆς
1831 733 1958 803 ἄρτι
2004 731 2068 804 δὴ

497 813 904 892 μετηλλαχυίας
929 821 1019 874 τὸν
1047 820 1162 891 βίον
1203 821 1476 892 βασιλίδος
1499 824 1683 896 πατὴρ
1707 817 1776 896 ἦν
1803 824 1984 896 χώρας
2008 841 2069 878 τε

495 914 682 982 ἄρχων
707 911 769 964 οὐ
790 911 941 986 παρά
981 912 1157 980 Ἀξιὸν
1181 914 1447 984 ποταμὸν,
1467 908 1528 969 οὗ
1553 917 1613 969 τὸ
1643 915 1789 987 ὕδωρ
1821 919 1877 970 ὲν
1905 934 2066 971 ποτα-

500 1005 671 1073 μείων
729 1003 939 1059 ὑδάτων
989 1006 1100 1066 τοῖς
1149 1003 1467 1074 κρατίστοις
1522 1009 1618 1060 καὶ
1675 1006 2067 1075 ὑγιεινοτάτοις

495 1097 672 1149 πίνειν
698 1095 836 1162 ἐστὶ,
869 1094 964 1148 καὶ
1001 1093 1164 1155 αὐτὸς
1199 1097 1257 1148 ἔν
1285 1094 1495 1166 ἀνδρῶν
1520 1099 1634 1160 τοῖς
1665 1098 2068 1167 ἀνδρειοτάτοις

496 1188 592 1240 καὶ
644 1187 1009 1249 δικαιοτάτοις
1048 1188 1352 1257 τυγχάνων,
1398 1190 1494 1242 καὶ
1540 1190 1608 1243 τά
1658 1206 1720 1257 γε
1770 1191 1905 1259 πρὸς
1940 1192 2068 1257 τούς

498 1277 686 1348 φίλους
718 1279 1059 1340 πιστότατος.
1092 1278 1351 1333 Τοιούτου
1397 1279 1454 1334 δὲ
1503 1281 1708 1349 πατρὸς
1742 1286 2001 1351 γεγονυῖα
2033 1285 2066 1356 ή

497 1367 607 1421 τῶν
651 1369 939 1440 ἡμετέρων
993 1367 1265 1438 βασιλέων
1318 1387 1379 1422 τε
1432 1373 1528 1425 καὶ
1581 1372 1868 1442 ἡγεμόνων
1923 1373 2065 1446 αῦτη

503 1459 820 1529 μήτηρ,,τῷ
844 1457 1054 1512 τούτων
1089 1460 1274 1538 πατρί
1291 1461 1544 1531 ἐγήματο
1577 1462 1757 1533 πολλῷ
1789 1465 2064 1536 κρείττονι

494 1552 597 1620 τήν
620 1568 680 1604 τε
723 1551 880 1615 ἀξίαν
909 1551 1080 1623 τύχην
1107 1553 1141 1624 ἢ
1178 1552 1322 1607 κατά
1350 1557 1480 1618 τοὺς
1507 1555 1707 1626 ἑαυτῆς
1751 1558 1944 1625 γονέας
1968 1559 2065 1612 καὶ

496 1642 646 1712 αύτῷ
690 1659 752 1694 τε
803 1642 955 1712 καλῷ
1003 1643 1234 1712 κάγαθῷ
1291 1645 1528 1715 βασιλεῖ,
1574 1647 1672 1702 καὶ
1725 1648 1826 1702 οὐκ
1866 1647 2065 1719 ὀλίγων

494 1733 759 1789 τοιούτων
807 1735 1078 1806 βασιλέων
1137 1736 1395 1809 ἀπογόνῳ
1459 1737 1801 1808 βασιλεύοντι
1855 1758 1915 1794 τε
1967 1743 2063 1796 τοῦ

493 1826 766 1898 ἡμετέρου
797 1826 986 1882 τούτου
1013 1827 1107 1882 τοῦ
1157 1827 1444 1899 Ῥωμαίων
1474 1830 1688 1899 γένους,
1718 1824 1780 1886 οὗ
1810 1832 1939 1904 περὶ
1963 1832 2064 1903 τῆς

495 1919 667 1974 πάλαι
707 1918 963 1992 εὐτυχίας
991 1936 1052 1974 τε
1086 1919 1204 1991 ἅμα
1243 1922 1336 1975 καὶ
1360 1923 1419 1985 ἔς
1460 1923 1630 1977 πλείω
1671 1923 2062 1997 διακεκριμένη

493 2010 666 2079 γένει,
695 2011 852 2082 ἡμῶν
893 2011 992 2082 μὲν
1017 2011 1308 2083 κρείττων,
1335 2013 1553 2067 ἐκείνου
1602 2013 1656 2067 δέ
1689 2031 1741 2067 τι
1778 2016 1920 2071 πάνυ
1955 2016 2065 2072 λει-

496 2097 732 2174 πομένη.
764 2104 878 2158 Οὐκ
921 2103 1070 2158 ἔστιν
1110 2100 1176 2158 αὖ
1203 2102 1263 2167 ὃς
1291 2103 1354 2158 οὐ
1405 2104 1502 2159 καὶ
1543 2105 1701 2158 τοῦτο
1751 2108 1953 2176 νομιεῖ.
1982 2107 2059 2162 Οὐ

493 2194 604 2266 γὰρ
647 2195 870 2262 ἀξιώσει
912 2213 996 2258 τις
1028 2195 1139 2251 τῶν
1166 2194 1262 2249 τοῦ
1290 2194 1428 2249 Θεοῦ
1464 2196 1644 2268 ἔργων
1673 2196 1732 2250 τὸ
1770 2199 2064 2267 κράτιστον

493 2286 645 2356 ἡμᾶς
675 2303 734 2338 τε
757 2280 918 2353 εἶναι,
941 2285 1144 2350 ταύτας
1160 2285 1226 2358 δὴ
1248 2285 1348 2351 τὰς
1372 2287 1531 2358 ἡμῶν
1556 2287 1842 2358 κρείττους
1873 2288 2064 2358 φύσεις

494 2376 666 2442 οὐδεὶς
718 2379 870 2440 ὅστις
920 2379 983 2432 οὐ
1026 2377 1152 2443 νοῦς
1199 2377 1267 2433 ἂν
1303 2379 1437 2449 φαίη
1495 2377 1634 2436 εἶναι
1664 2379 1696 2450 ἢ
1729 2381 1826 2434 καὶ
1884 2381 2062 2452 ψυχάς

491 2484 646 2530 τινας
699 2467 809 2522 τῶν
864 2469 1156 2541 ἡμετέρων
1213 2470 1537 2540 κρείττους·
1598 2473 1647 2525 εί
1695 2471 1752 2525 δὲ
1813 2472 2060 2526 τοιαῦται

494 2560 704 2615 ἐκεῖναι
732 2559 944 2629 φύσεις,
973 2561 1028 2614 τί
1063 2561 1130 2616 ἂν
1157 2561 1288 2615 ἄλλο
1312 2561 1493 2615 αὐτῶν
1522 2563 1581 2616 τὸ
1612 2565 1947 2635 κυριώτατον
1972 2567 2057 2633 είη

493 2651 656 2722 ἔργον
690 2652 786 2706 καὶ
821 2651 1085 2722 πρᾶξιςῆ
1131 2652 1166 2723 ἡ
1215 2652 1324 2706 τῶν
1363 2652 1537 2706 ὄντοιν
1569 2652 1791 2725 θεωρία,
1827 2661 1922 2708 καί
1974 2655 2059 2709 ἐπ’

491 2745 630 2814 αὐτῇ
674 2745 707 2816 ἡ
741 2743 836 2798 τοῦ
877 2745 988 2798 τῶν
1029 2745 1168 2798 ὅλων
1203 2745 1552 2816 Δημιουργοῦ
1602 2747 1802 2812 ἔννοια,
1853 2743 1921 2820 ἦς
1952 2750 2066 2812 τοῖς

491 2837 790 2906 τυγχάνειν
815 2836 1141 2905 πεφυκόσιν,
1173 2836 1399 2907 οὐδεμία
1437 2853 1521 2900 τις
1567 2837 1633 2892 ἂν
1669 2837 1803 2907 ἄλλη
1854 2838 2065 2906 γένοιτο

493 2929 762 3000 κρείττων
795 2926 996 3000 πρᾶξις
1027 2929 1148 2982 οὐδὲ
1181 2929 1603 3000 μακαριωτέρα,
1633 2924 1701 3002 ἧς
1728 2931 1822 2982 καὶ
1854 2929 2067 3000 ἄνθρω-

493 3038 592 3083 πος
636 3021 772 3090 πρὸς
812 3022 878 3091 τῇ
927 3020 1060 3093 ἄλλῃ
1092 3022 1200 3074 τῶν
1229 3021 1400 3076 ὄντων
1433 3022 1660 3093 θεωρίᾳ,
1715 3023 1808 3075 καὶ
1859 3021 2065 3092 ταύτης

492 3111 652 3182 δῆλός
691 3112 806 3164 ἔστι
829 3113 1140 3182 τυγχάνων.
1174 3113 1384 3168 Οὐκοῦν
1417 3115 1477 3166 οὐ
1523 3115 1684 3183 μόνον
1716 3116 1828 3177 τοῖς
1862 3114 2066 3185 Θηρίων

2175 663 2287 707 tam
2325 654 2796 710 immortalitatem
2839 655 3062 726 plurimi
3096 653 3747 723 faciebat.lmperatricis

2169 755 2350 800 autem
2417 756 2620 802 nostrae
2675 761 2799 817 quae
2840 762 2987 803 nunc
3039 747 3274 802 maxime
3334 755 3584 801 emortua
3638 755 3743 810 est,

2167 844 2321 907 pater
2347 837 2619 908 regionem
2657 853 2767 894 non
2829 837 2993 894 vilem
3068 852 3235 907 prope
3289 838 3487 892 Axium
3540 835 3742 892 ﬂumen

2168 929 2412 1000 regebat,
2437 930 2596 1001 cujus
2645 945 2787 1000 aqua
2823 929 3216 1001 potabilissima
3245 928 3436 984 eadem
3489 939 3546 984 et
3595 927 3745 984 salu-

2164 1019 2402 1076 berrima
2451 1028 2724 1078 censetur.
2760 1021 2876 1078 Rex
2922 1021 3039 1092 ipse
3076 1018 3408 1076 fortissimus
3429 1027 3482 1074 et
3503 1018 3743 1088 justissi-

2169 1126 2292 1167 mus
2327 1112 2570 1168 virorum
2611 1123 2666 1167 et
2694 1127 2822 1184 erga
2852 1112 3061 1168 amicos
3119 1109 3418 1166 ﬁdissimus
3445 1108 3566 1164 fuit.
3593 1109 3743 1164 Talis

2167 1199 2332 1270 igitur
2359 1201 2600 1270 parentis
2657 1201 2767 1256 ﬁlia
2821 1202 3210 1272 imperatorum
3267 1214 3332 1255 ac
3386 1200 3582 1279 ducum
3644 1214 3745 1253 no-

2166 1299 2405 1347 strorum
2441 1295 2635 1360 mater,
2670 1294 2860 1349 horum
2903 1292 3133 1363 genitori
3161 1303 3422 1362 nupserat
3452 1291 3545 1362 qui
3579 1305 3740 1358 gene-

2167 1381 2243 1438 ris
2283 1382 2566 1439 nobilitate
2616 1393 2671 1439 et
2719 1384 2953 1440 fortunae
2987 1383 3184 1454 opibus
3239 1383 3413 1437 multo
3454 1380 3654 1436 clarior
3686 1387 3746 1434 ut

2165 1484 2220 1531 et
2247 1477 2506 1530 virtutum
2529 1476 2703 1548 gloria
2735 1477 2789 1532 in
2819 1476 3166 1533 Romaeorum
3194 1474 3394 1545 populo
3419 1473 3742 1537 excellebat,

2165 1567 2413 1637 quamvis
2442 1566 2686 1624 inferiori
2717 1567 2834 1638 ipsa
2871 1567 2990 1623 loco
3036 1567 3268 1622 oriunda
3312 1575 3480 1631 esset,
3511 1565 3564 1619 id
3598 1563 3741 1633 quod

2166 1659 2311 1714 inter
2365 1673 2556 1715 omnes
2599 1666 2832 1715 constat.
2890 1657 3213 1728 Quicunque
3267 1657 3412 1712 enim
3468 1654 3740 1711 hominem

2164 1748 2678 1818 praestantissimum
2702 1748 2975 1804 Creatoris
3015 1762 3152 1819 opus
3186 1747 3485 1811 existimat,
3521 1745 3744 1800 minime

2094 1879 2144 1941 Β
2171 1839 2382 1896 animas
2411 1839 2624 1910 aliquas
2653 1839 2857 1897 nostris
2887 1840 3142 1936 meliores
3162 1840 3285 1895 esse
3319 1837 3557 1908 negabit.
3590 1835 3744 1904 Quod

2169 1931 2219 1987 si
2249 1931 2322 1985 ita
2371 1939 2474 1998 est,
2499 1931 2628 2001 quid
2656 1932 2935 2002 antiquius
2990 1911 3115 1986 esse
3157 1937 3335 2000 potest
3366 1943 3530 2000 quam
3560 1928 3744 1997 opinio

2167 2035 2290 2093 quae
2315 2036 2379 2078 ex
2414 2037 2595 2078 rerum
2630 2031 2938 2078 creatarum
2989 2020 3428 2077 consideratione
3459 2018 3655 2082 oritur,
3687 2025 3744 2071 et

2168 2113 2276 2168 ﬂne
2297 2128 2460 2183 quem
2484 2112 2723 2170 universi
2751 2114 3002 2170 conditor
3017 2113 3124 2170 sibi
3147 2110 3448 2184 proposuit,
3471 2123 3578 2179 quo
3607 2107 3744 2161 nihil

2168 2205 2386 2272 melius,
2418 2207 2496 2262 nil
2530 2208 2743 2264 beatius
2777 2207 3005 2278 cogitari
3044 2214 3242 2277 potest,
3281 2212 3336 2261 et
3364 2203 3520 2273 cuius
3577 2201 3744 2255 homo

2169 2297 2287 2367 ipse
2341 2297 2630 2354 manifeste
2679 2299 2946 2367 particeps
2973 2307 3077 2355 est.
3103 2297 3269 2368 Igitur
3300 2311 3408 2350 non
3441 2301 3651 2347 tantum
3683 2301 3744 2345 ut

2172 2397 2361 2454 caetera
2390 2387 2646 2442 animalia
2675 2396 2993 2460 operaretur
3027 2389 3213 2452 homo,
3243 2385 3342 2442 sed
3367 2381 3742 2440 nobilissimov

2171 2496 2291 2536 rum
2318 2481 2482 2537 simul
2507 2495 2677 2551 penes
2707 2496 2808 2536 nos
2841 2493 3100 2551 generum
3156 2476 3463 2547 exemplum
3514 2474 3568 2528 in
3611 2488 3744 2542 ope-

2169 2571 2341 2626 rando
2390 2579 2444 2627 et
2487 2585 2614 2627 cum
2670 2569 2793 2626 aliis
2821 2568 3166 2627 subsistendo
3208 2577 3548 2638 sequeretur.
3581 2563 3742 2617 Rela-

2172 2660 2373 2716 tionem
2439 2661 2586 2716 enim
2645 2670 2846 2716 certam
2925 2658 3258 2714 intercedere
3318 2663 3535 2727 oportet
3599 2653 3744 2707 inter

2167 2753 2544 2808 exsistenliam
2595 2760 2651 2808 et
2704 2751 2896 2822 agendi
2939 2750 3253 2806 facultatem
3308 2757 3360 2803 et
3417 2747 3533 2801 vico
3566 2757 3740 2800 versa.
3785 2796 3790 2801 .

2167 2843 2322 2910 Quod
2359 2843 2405 2900 si
2448 2843 2573 2914 quis
2633 2843 2910 2899 hominem
2973 2857 3078 2912 qua
3122 2839 3351 2896 bestiam
3408 2837 3741 2914 considerat,

2168 2936 2452 2991 bestialem
2477 2950 2608 2990 sane
2640 2934 2689 2990 ei
2724 2943 2978 2990 naturam
3036 2946 3160 2988 esse
3219 2930 3501 2996 fatebitur,
3535 2919 3635 2982 nec
3661 2935 3743 2981 ta-

2170 3041 2292 3081 men
2349 3025 2589 3081 melioris
2624 3039 2748 3080 eum
2777 3034 2987 3104 natura:
3029 3031 3333 3093 compotem
3372 3021 3612 3093 negabit,
3645 3035 3744 3075 nec

2170 3117 2460 3173 mirabitur
2508 3117 2653 3186 quod
2688 3131 2852 3185 opera
2894 3129 3101 3171 natura
3151 3131 3264 3171 sum
3311 3129 3553 3185 congrua
3595 3111 3744 3168 facit.

494 3206 678 3274 ἔργοις
704 3206 954 3258 κοινωνοῖ
975 3203 1042 3258 ἂν
1072 3204 1358 3276 ἅνθρωπος
1391 3205 1487 3259 καὶ
1517 3205 1584 3259 τὰ
1613 3207 1780 3275 θηρία
1811 3206 2061 3276 πράττοι,

2172 3209 2315 3264 Duas
2338 3209 2482 3264 enim
2507 3207 2715 3264 homini
2745 3209 3016 3264 essentias
3045 3208 3225 3264 inesse
3247 3206 3349 3263 sibi
3370 3205 3745 3277 persuadebit,

493 3300 634 3354 ἀλλὰ
671 3300 766 3354 καὶ
806 3301 921 3363 τοῖς
961 3299 1072 3352 τῶν
1106 3298 1436 3370 κρειττόνων
1489 3299 1647 3371 ἡμῶν
1679 3299 1853 3368 γενῶν
1890 3301 1938 3354 εί
1964 3301 2064 3369 τῆς
2105 3317 2113 3326 ’

494 3391 669 3456 αὐτῆς
690 3392 873 3454 αὐτοῖς
899 3390 1133 3461 θεωρίας
1166 3392 1222 3453 ἐς
1245 3389 1480 3460 δύναμιν
1510 3392 1602 3443 καὶ
1625 3391 1788 3452 αὐτὸς
1810 3389 2060 3456 ἅπτεται,

491 3486 560 3539 τὰ
603 3484 660 3538 δὲ
713 3482 1077 3538 κοινωνοῦντα
1129 3485 1243 3545 τοῖς
1295 3483 1500 3553 ἔργοις,
1539 3483 1633 3536 καὶ
1671 3485 1794 3544 ταῖς
1852 3483 2066 3546 οὐσίαις

495 3574 712 3646 ἀνάγκη
761 3576 1062 3628 κοινωνεῖν.
1110 3573 1400 3640 Ἀνόιλογον
1435 3574 1544 3641 γὰρ
1582 3573 1664 3626 δεῖ
1703 3572 1849 3642 ἔχειν
1878 3572 2066 3635 οὐσίας

491 3685 551 3720 τε
581 3669 785 3737 ἔργοις,
841 3667 936 3720 καὶ
980 3664 1119 3737 ἔργα
1160 3665 1389 3728 οὐσίαις,
1439 3664 1627 3735 ὥσπερ
1681 3663 1774 3716 οὐν
1821 3681 1905 3725 τις
1952 3665 2065 3725 τοῖς

494 3757 699 3830 θηρίων
724 3757 906 3829 ἔργοις
937 3756 1299 3811 κοινωνοῦντα
1329 3756 1619 3825 ἄνθρωπον
1673 3756 1837 3824 ὁρῶν,
1873 3755 2063 3809 οὐσίαν

494 3853 558 3921 τῇ
608 3848 816 3925 θηρίων
855 3846 1247 3920 παραπλησίαν
1279 3847 1490 3900 τίθεται
1531 3845 1696 3900 αὐτὸν
1738 3845 2058 3916 κεκτῆσθαι,

492 3941 675 4006 καλῶς
703 3940 873 4006 ἀξιῶν
908 3941 1000 3994 καὶ
1043 3941 1158 4004 τοῖς
1191 3939 1298 3993 τῶν
1333 3938 1659 4009 κρειττόνων
1701 3937 1860 4008 ἡμῶν
1889 3936 2064 4006 γενῶν

491 4033 851 4088 κοινωνοῦντα
885 4033 1030 4103 ὁρῶν
1070 4031 1255 4103 ἔργοις
1292 4031 1388 4085 καὶ
1435 4029 1626 4084 οὐσίαν
1673 4027 2062 4100 παραπλησίαν

489 4129 556 4198 τῇ
587 4124 815 4178 ἐκείνων
846 4124 961 4195 ἔχει
1001 4123 1256 4190 ἀξιούτω,
1279 4121 1356 4186 ὡς
1394 4123 1493 4193 οὐχ
1522 4116 1634 4176 οἷόν
1666 4137 1723 4173 τε
1750 4119 1810 4173 ὃν
1842 4119 1918 4192 μὴ
1963 4120 2063 4174 οὐκ

489 4223 597 4276 ἀπὸ
635 4222 1042 4294 παραπλησίων
1084 4222 1188 4290 τῆς
1239 4219 1428 4283 οὐσίας
1468 4220 1830 4291 παραπλήσια
1867 4217 2064 4272 καὶτὰ

490 4316 625 4384 ἔργα
653 4311 813 4375 εῖναι,
846 4316 941 4367 καὶ
978 4315 1044 4366 ἔκ
1075 4313 1223 4365 δυοῖν
1252 4312 1444 4365 οὐσίαν
1471 4311 1562 4364 τὸν
1592 4313 1884 4383 ἄνθρωπον
1910 4327 2064 4382 νομι-

488 4406 628 4470 ζέτω
676 4402 1073 4465 συντεθεῖσθαι,
1135 4402 1234 4472 τῆς
1290 4403 1390 4472 μὲν
1446 4403 1597 4466 θείας
1641 4403 1807 4468 τινὸς,
1853 4401 1950 4471 τῆς
2004 4401 2062 4454 δὲ

488 4495 812 4567 θηριώδους,
859 4493 954 4547 καὶ
1005 4493 1207 4561 ταύτης
1259 4493 1358 4561 μὲν
1411 4494 1635 4564 θνητῆς,
1669 4495 1777 4565 τῆς
1815 4494 1872 4546 δὲ
1909 4493 2061 4557 θείας

2167 3300 2408 3357 divinam
2467 3299 2968 3370 immortalemque,
3044 3309 3099 3354 et
3177 3299 3460 3355 bestialem
3517 3312 3745 3367 eamque

2167 3391 2474 3447 mortalem.
2507 3391 2752 3461 Cogitari
2802 3393 2946 3446 enim
2987 3406 3268 3461 nunquam
3330 3397 3508 3460 potest
3575 3390 3743 3443 Deum

2165 3483 2379 3539 infinite
2409 3484 2610 3538 bonum
2641 3491 2697 3539 et
2726 3491 2879 3538 extra
2925 3498 3142 3538 omnem
3174 3483 3436 3538 invidiam
3487 3482 3746 3551 positum,

2167 3589 2274 3644 non
2308 3584 2516 3646 partem
2572 3575 2808 3643 aliquam
2873 3575 3072 3630 divina:
3139 3583 3348 3629 naturae
3401 3574 3746 3639 mortalibus,

2164 3664 2631 3719 immortalitatem
2661 3663 2896 3730 scilicet,
2937 3664 3229 3720 indidisse.
3260 3663 3550 3734 Nunquam
3598 3674 3746 3720 certe

2164 3755 2309 3825 quod
2373 3755 2600 3809 mortale
2646 3763 2730 3810 est
2779 3754 3241 3810 immortalitatem
3295 3755 3645 3810 nanciscetur
3675 3755 3746 3810 ob

2163 3847 2382 3913 limites)
2411 3853 2617 3901 natura:
2666 3846 2917 3901 humanae
2951 3847 3178 3916 positos,
3210 3846 3303 3916 qui
3343 3861 3445 3901 nos
3475 3845 3745 3916 perfectos

2162 3953 2284 3994 esse
2335 3954 2444 3994 non
2496 3939 2705 4008 sinunt,
2748 3939 2850 3995 etsi
2903 3931 3005 3995 nos
3040 3939 3187 4010 ipsos
3243 3947 3461 4009 propter
3520 3953 3743 3994 causam

2163 4033 2400 4103 aliquam
2459 4040 2552 4087 aut
2601 4032 2721 4087 sine
2776 4047 2943 4088 causa
2979 4033 3378 4099 interimamus,
3416 4047 3524 4102 qua
3575 4033 3642 4087 de
3689 4047 3744 4086 re

2165 4139 2311 4179 nunc
2351 4123 2501 4193 loqui
2543 4123 2872 4192 superﬂuum
2925 4133 3072 4180 esset
3105 4140 3294 4180 coram
3331 4133 3410 4179 tot
3441 4124 3571 4179 viris
3623 4123 3743 4193 ejus

2165 4215 2312 4271 haud
2345 4216 2578 4287 ignaris.
2607 4213 2762 4270 Nunc
2791 4229 2921 4270 vero
2951 4214 3069 4285 ejus
3101 4217 3176 4271 rei
3197 4217 3527 4270 mentionem
3565 4215 3744 4271 facere

2167 4308 2315 4363 haud
2347 4307 2684 4364 fastidiosum
2741 4308 2868 4372 erit,
2903 4308 3172 4376 siquidem
3203 4322 3264 4364 ex
3308 4319 3380 4363 tot
3416 4325 3537 4376 qua:
3564 4322 3744 4378 quon-

2163 4401 2289 4455 dam
2324 4399 2557 4455 ﬂoruere
2585 4400 2908 4456 civitatibus
2950 4400 3167 4457 diﬂicile
3215 4401 3462 4456 invenias
3493 4400 3743 4464 alteram,

2164 4493 2219 4548 in
2281 4508 2388 4564 qua
2440 4495 2617 4549 virtus
2681 4503 2736 4549 et
2806 4495 3026 4550 fortuna
3083 4478 3321 4549 feliciori'
3373 4508 3536 4563 quam
3602 4493 3746 4562 apud

487 4564 645 4660 ἡμῶν
671 4589 964 4653 ἀθανάτου,
1003 4587 1057 4640 εί
1099 4603 1164 4655 γε
1206 4587 1300 4640 καὶ
1331 4589 1365 4658 η
1399 4587 1507 4641 τῶν
1541 4564 1868 4656 κρειττόνων
1898 4587 2060 4657 ἡμῶν

2166 4584 2418 4642 Romanos
2453 4587 2655 4642 unione
2690 4588 2997 4658 gaudebant
3027 4603 3092 4642 ac
3125 4587 3328 4644 diutius
3355 4587 3674 4642 ﬂoruerunt.

486 4682 660 4752 γενῶν
691 4681 960 4743 ἀθάνατος
983 4695 998 4711 ο
1041 4679 1255 4749 οὐδαμῆ
1287 4680 1398 4751 γὰρ
1427 4679 1494 4733 ἂν
1542 4678 1765 4748 εὐλογον
1805 4682 1914 4747 εἴη,
1945 4680 2130 4750 άκρως
2162 4679 2388 4750 ἀγαθῶν
2420 4679 2549 4734 ὄντα
2573 4679 2664 4733 τὸν
2693 4680 2826 4735 Θεὸν
2858 4682 2953 4735 καὶ
2983 4681 3180 4751 φθόνου
3207 4681 3313 4746 ἔξω
3342 4680 3544 4742 παντὸς
3569 4678 3644 4748 μὴ
3682 4678 3746 4730 οὐ

488 4775 626 4846 πρὸς
678 4777 793 4838 τοῖς
844 4773 1027 4838 ἄλλοις
1071 4790 1124 4827 τι
1153 4773 1455 4836 ἀθανάτους
1506 4775 1606 4837 τὰς
1638 4774 1922 4841 ἐγγυτέρω
1962 4774 2158 4829 ἑαυτοῦ
2215 4775 2404 4838 οὐσίας
2466 4776 2815 4844 παραγαγεῖν
2850 4791 2865 4807 θ
2919 4776 2969 4828 εί
3034 4775 3081 4828 δ’
3113 4777 3319 4828 ἐκεῖναι
3353 4775 3612 4828 ἀθάνατοι
3643 4771 3746 4826 κᾶν

483 4871 644 4943 ἡμῶν
669 4872 794 4926 ὅσον
819 4871 915 4940 τῆς
939 4869 1127 4932 οὐσίας
1148 4867 1343 4930 αὑταῖς
1378 4869 1785 4938 παραπλήσιον,
1817 4869 2085 4924 ἀθάνατον
2119 4869 2206 4942 εἴη
2232 4886 2246 4900 ο
2279 4869 2403 4922 ἐπεὶ
2435 4869 2545 4922 οὐδ’
2571 4867 2636 4923 ἄν
2661 4886 2792 4922 ποτε
2820 4869 3031 4938 γένοιτο
3057 4868 3250 4939 θνητὸν
3275 4870 3529 4938 ἀθανάτῳ
3562 4885 3740 4937 παρα-

486 4969 714 5038 πλήσιον
734 4966 842 5020 οὐδ’
866 4965 951 5033 ἔφ’
969 4961 1213 5028 δσονοῦν,
1243 4961 1305 5014 τὸ
1329 4963 1757 5034 πεπερασμένην
1789 4979 1852 5030 γε
1881 4961 2005 5032 ἔχον
2025 4964 2122 5033 τὴν
2145 4963 2242 5017 τοῦ
2273 4960 2416 5017 εἶναι
2445 4961 2676 5034 δύναμιν
2701 4961 2796 5016 καὶ
2820 4962 3230 5027 ἐπιλείπουσαν,
3254 4962 3333 5025 τῷ
3353 4964 3744 5019 ἀνεπίλειπτον

483 5064 660 5133 ἔχοντι
693 5059 790 5112 καὶ
819 5058 1048 5128 ἀπειρόν
1074 5072 1088 5088 ⁸
1128 5059 1222 5112 καὶ
1257 5059 1356 5131 μὲν
1386 5060 1449 5129 δὴ
1478 5059 1581 5110 κᾶν
1609 5057 1658 5109 οἱ
1686 5057 1841 5110 αὐτοὶ
1865 5057 2065 5122 αὐτοὺς
2093 5056 2515 5121 ἀποκτιννύντες
2543 5059 2655 5110 εἴτε
2702 5055 2910 5125 ἀρετῆς
2959 5058 3254 5128 περίεργον
3302 5059 3371 5132 ἂν
3420 5059 3504 5126 εἴη
3559 5057 3746 5126 λέγειν

484 5154 814 5226 παμπόλλων
868 5152 1120 5205 εἰδότων·
1158 5152 1296 5205 ἀλλὰ
1337 5151 1591 5204 τοσοῦτον
1645 5151 1820 5204 εἰπεῖν
1873 5151 1931 5203 ὲν
1973 5150 2051 5220 τῷ
2098 5151 2330 5221 παρόντι
2390 5153 2450 5204 οὐ
2489 5153 2770 5222 φορτικὸν,
2825 5151 2908 5204 ὅτι
2963 5149 3174 5204 πολλῶν
3215 5152 3508 5207 πολιτειῶν
3546 5166 3608 5202 τε
3645 5152 3741 5203 καὶ

483 5248 772 5320 βασιλειῶν
824 5246 1120 5314 γεγονυιῶν
1168 5247 1225 5298 ἐν
1277 5246 1440 5299 παντὶ
1481 5245 1557 5314 τῷ
1603 5247 1661 5297 ὲν
1717 5246 1905 5316 μνήμῃ
1950 5246 2127 5317 χρόνῳ
2161 5244 2398 5314 χαλεπὸν
2433 5246 2583 5298 ἐστιν
2616 5245 2820 5316 εὑρεῖν,
2854 5245 2989 5298 ὅπου
3033 5244 3202 5314 ἀρετή
3254 5259 3314 5297 τε
3366 5244 3462 5295 καὶ
3515 5243 3745 5312 εὐτυχία

481 5347 568 5398 ἐπ’
598 5341 733 5396 αὐτὸ
761 5337 1210 5409 συνεληλυθέτην,
1232 5337 1307 5400 ὼς
1343 5341 1401 5392 ὲν
1431 5342 1498 5410 τῇ
1526 5338 1693 5392 πάλαι
1727 5338 2016 5409 Ῥωμαίων
2049 5338 2312 5408 πολιτείᾳ,
2338 5337 2454 5406 ἅμα
2480 5338 2537 5391 δὲ
2560 5338 2655 5391 καὶ
2678 5337 2770 5389 ἐπὶ
2803 5337 2940 5390 πολὺ
2971 5335 3066 5390 τοῦ
3100 5337 3296 5407 χρόνου
3327 5336 3642 5404 διαρκέσαν.

550 5437 629 5506 Τῇ
692 5435 750 5488 δὲ
802 5433 898 5487 νῦν
954 5431 1270 5504 ύμνουμένῃ
1339 5431 1572 5501 βασιλίδι
1627 5431 1787 5485 τοῦτο
1836 5433 2055 5503 πρῶτον

482 5527 703 5596 εὐτυχὲς
737 5522 949 5594 ὑπῆρξε
975 5524 1037 5576 τὸ
1074 5523 1192 5592 ἅμα
1243 5523 1340 5591 μὲν
1369 5522 1426 5588 ἐξ
1457 5522 1682 5590 ἀγαθῶν
1712 5521 1830 5592 ἅμα
1861 5523 1907 5575 δ’
1957 5523 2058 5575 οὐκ

482 5621 710 5688 ἀσήμων
734 5615 932 5686 φῦσαν,
960 5615 1174 5668 πολλῶν
1199 5614 1508 5684 κρείττονος
1537 5613 1570 5682 ἢ
1597 5613 1718 5666 καθ’
1747 5615 1944 5683 ἑαυτὴν
1964 5614 2058 5685 τοῦ

479 5712 661 5779 γάμου
721 5711 908 5778 τυχεῖν
964 5706 1176 5776 βασιλεῖ
1225 5705 1510 5774 Ῥωμαίων
1555 5707 1853 5776 γημαμένη
1886 5722 1897 5736 ·
1931 5707 2056 5776 ἄρτι

478 5803 576 5871 τὴν
612 5798 890 5870 βασιλείαν
921 5797 1058 5868 μετὰ
1088 5798 1187 5868 τὴν
1210 5796 1305 5849 τοῦ
1328 5797 1532 5866 πατρὸς
1565 5797 1826 5867 τελευτὴν
1863 5815 2056 5866 παρει-

478 5894 692 5964 ληφότι,
724 5892 790 5944 τὰ
832 5891 886 5944 δὲ
931 5889 1068 5962 μετά
1118 5888 1291 5943 ταῦτα
1323 5889 1422 5943 οὐκ
1453 5889 1669 5960 ἀμιγεῖς
1700 5891 1754 5944 αἱ
1808 5892 2052 5960 εὐτυχίαι

2243 5429 2380 5486 lluic
2433 5442 2630 5486 nostra?
2655 5429 2870 5499 quidem
2902 5429 3233 5496 impcratrici
3266 5427 3412 5484 felici
3451 5443 3578 5484 casu
3606 5427 3744 5482 obti-

2167 5523 2246 5595 git
2297 5534 2355 5580 ut
2398 5524 2556 5579 bonis
2613 5524 2790 5590 iisque
2844 5521 3119 5577 nobilibus
3173 5529 3454 5591 procreata
3505 5522 3744 5590 parenti-

2167 5618 2268 5673 bus
2313 5617 2657 5672 Romzeorum
2701 5615 3020 5684 imperatori
3069 5629 3266 5684 genere
3318 5614 3570 5670 nobiliori
3620 5623 3747 5668 nato

2167 5712 2434 5775 numeret;
2457 5695 2564 5781 qui
2595 5709 2734 5778 patri
2768 5711 3024 5764 defuncto
3057 5709 3345 5773 successit,
3376 5708 3541 5778 inque
3576 5725 3745 5774 νυμιιο

2165 5815 2265 5856 suo
2306 5817 2430 5856 cum
2495 5800 2642 5855 varia
2688 5801 2902 5853 fortuna
2966 5800 3180 5853 luctans
3235 5798 3547 5854 invasioncs
3611 5798 3744 5851 Bar-

2160 5892 2416 5949 barorum
2463 5908 2524 5949 ac
2575 5891 2924 5949 obsessioncs
2965 5887 3177 5946 urbium
3219 5897 3470 5950 expertus
3507 5896 3588 5942 cst
3632 5903 3740 5941 non
