4078 6404
383 353 486 417 967

1577 329 1913 390 GEORGII
1952 327 2386 388 PLETHONIS

3526 321 3637 387 968

387 486 516 532 τως,
546 462 782 532 Mulae;
813 476 874 528 γε
914 456 1019 527 μὴν
1049 454 1244 513 αὐτοὺς
1277 450 1374 521 μὲν
1440 446 1702 508 ὡσαύτως
1762 445 1963 507 καίειν,
1997 449 2039 504 Α
2073 440 2401 504 θάπτεσθαι,
2429 437 2492 492 οῦ
2520 438 2582 506 δὴ
2613 439 2706 492 καὶ
2744 438 2869 500 τούς
2897 431 3059 508 ἦττον
3095 436 3307 503 ἐναγεῖς
3339 433 3660 504 τολμῶντας

391 561 485 615 καί
519 552 876 628 προαγωγοὺς
902 548 1041 620 πρδς
1069 546 1275 606 αὐτοῖς.
1315 541 1380 596 ἄν
1423 558 1482 593 τε
1514 539 1728 608 ἄνδρες,
1787 538 1854 590 άν
1909 553 1968 589 τε

391 652 650 721 γυναῖκες
703 640 1007 699 αἰτινεσοῦν
1053 632 1180 692 ῶσι.
1236 635 1506 694 Γυναῖκας
1559 631 1616 684 δέ
1665 629 1730 701 δὴ
1784 629 1877 691 τάς
1909 643 1972 693 γε

394 739 748 812 μοιχευτρίας
771 739 836 806 τῇ
867 734 974 788 τῶν
1029 730 1242 801 πορνῶν
1291 724 1672 796 προεστηκυίᾳ
1731 721 1977 812 περικεί-

398 810 598 904 ραντας
629 826 1002 898 παραδιδόναι,
1039 823 1132 875 τὸν
1164 819 1352 874 λοιπὸν
1401 813 1806 885 πορνευσούσας
1837 810 1971 882 βίον,

397 926 486 980 ῖνα
518 923 631 977 ἀνθ’
657 916 731 975 ὧν
758 918 958 978 ἐαυτάς
1020 913 1330 986 μονολεχεῖς
1380 907 1462 974 οἷς
1517 907 1979 978 καθωμολόγηντο

396 1021 497 1073 οὐκ
527 1015 816 1084 ἐφύλαξαν,
847 1012 959 1073 τοῖς
985 1008 1191 1072 ἀλλοις,
1220 1007 1343 1059 ὅσον
1369 1003 1430 1056 τὸ
1465 1000 1551 1056 ἐπ’
1595 1000 1810 1062 αὐταῖς,
1879 1014 1978 1066 μο-

397 1108 636 1176 νολεχεῖς
689 1103 790 1166 τὰς
863 1097 1403 1168 καθωμολογημένας
1465 1093 1706 1158 σώζωσι,
1753 1093 1818 1160 τῇ
1870 1087 1981 1141 τῶν

400 1198 539 1263 προς
565 1193 766 1259 ταύτην
796 1191 862 1243 ἂν
887 1185 1142 1258 μαλακῶς
1172 1185 1404 1255 ἐχόντων
1427 1181 1524 1251 τὴν
1554 1177 1849 1250 ἐπιθυμίαν
1881 1177 1983 1231 οὐκ

405 1286 590 1354 ἐναγεῖ
614 1301 718 1336 τινι
751 1281 1039 1350 θεραπείᾳ.
1107 1275 1300 1330 Καίειν
1332 1273 1377 1328 δ’
1408 1271 1694 1337 ὡσαύτως,
1733 1269 1836 1324 κάν
1901 1287 1985 1333 τις

404 1377 639 1444 γυναῖκα
665 1367 914 1442 ἡντινοῦν
951 1366 1230 1438 βιάσηται,
1268 1362 1413 1432 πλὴν
1446 1361 1674 1432 πόρνης,
1707 1360 1814 1414 κάν
1842 1361 1984 1412 ἐται-

409 1463 601 1536 ροῦσα,
638 1461 863 1532 μηδέπω
902 1455 1332 1527 πεπορνευκυῖα,
1353 1451 1609 1521 ἐλεγχθῇ.
1638 1451 1752 1504 Καὶ
1777 1449 1988 1519 πόρνην

407 1557 461 1610 δέ
486 1551 816 1624 βιασάμενόν
846 1567 977 1604 ποτε
999 1547 1196 1612 καίειν,
1232 1545 1299 1616 ἦν
1319 1561 1381 1614 γε
1404 1543 1732 1613 αἰμορῤοίας
1759 1541 1860 1612 τῆς
1890 1557 1990 1606 γυ-

408 1645 584 1708 ἰαιξίν
617 1639 875 1703 εἰωθυίας
933 1639 996 1692 οὐ
1045 1636 1461 1705 καθαρεύουσαν
1521 1632 1803 1704 βιάσηται.
1853 1629 1991 1683 Τού-

409 1753 531 1798 τους
599 1733 698 1802 μὲν
747 1729 842 1784 οῦν
885 1729 1116 1795 πάντας,
1166 1725 1260 1780 ac:
1307 1727 1402 1778 καὶ
1444 1721 1864 1788 ἐναγεστάτους,
1930 1722 1987 1800 ἐν

2074 531 2184 584 τῶν
2213 531 2412 599 φόνων.
2440 529 2658 592 Βιαίους
2699 529 2754 581 δὲ
2779 529 2843 599 δὴ
2876 529 2971 581 καὶ
2999 527 3224 598 μοιχοὺς
3267 527 3330 582 οὐ
3363 529 3522 596 μόνον
3543 527 3663 582 δια-

2076 625 2503 696 πεπραγμένους
2541 621 2795 694 ζημιοῦν,
2859 622 2996 675 ἀλλά
3058 621 3161 675 κάν
3208 638 3293 684 τις
3337 620 3662 690 βιαζόμενος

2081 719 2202 789 μὲν,
2235 717 2294 772 οὐ
2329 715 2510 786 τυχὼν
2538 715 2620 781 δὲ,
2645 715 2963 782 ἁλίσκηται,
2999 714 3032 784 ἢ
3065 713 3269 784 πειρῶν
3303 713 3422 782 μὲν,
3451 713 3511 766 οὐ
3545 712 3666 764 διαο

2078 807 2469 877 πεπραγμένος
2499 805 2578 870 δὲ,
2609 804 2704 856 καί
2753 801 2942 857 τοῦτον
2980 801 3134 856 οὐδὲν
3187 796 3348 873 ἦττον
3403 803 3470 871 τῇ
3520 801 3662 870 αὐτῇ

2080 897 2255 967 ζημίᾳ
2300 895 2555 967 ζημιοῦν.
2611 896 2690 966 Τῇ
2742 897 2850 963 γὰρ
2905 893 3100 966 γνώμῃ
3120 895 3218 947 καί
3246 892 3403 954 οὗτος
3428 891 3597 963 βίαιος
3626 893 3664 962 ἢ

2086 989 2270 1058 μοιχὸς
2299 989 2450 1043 οὐδὲν
2481 983 2646 1060 ἦττον
2686 986 2782 1040 τοῦ
2827 987 3333 1058 διαπεπραγμένου.
3379 984 3668 1054 Ἀξιοῦμεν

2081 1081 2126 1135 δ’
2154 1083 2336 1152 ἡμεῖς,
2361 1080 2428 1151 ἢν
2446 1078 2706 1150 γυναικός
2732 1095 2814 1140 τις
2849 1077 3024 1150 ἑτέρῳ
3073 1079 3281 1148 ὁτῳοῦν
3339 1076 3655 1145 καθωμολο-

2084 1174 2336 1246 γημένης
2392 1173 2556 1244 ἔρωτι
2621 1170 2816 1227 ἐαυτοῦ
2871 1170 3237 1241 ἁλισκομένου
3317 1169 3666 1238 αἰσθάνηται,

2087 1265 2219 1338 παρ’
2239 1265 2513 1336 ὲξηγητήν
2543 1281 2602 1318 τε
2635 1264 2802 1328 εὐθὺς
2838 1264 2985 1318 ίόντα
3015 1265 3112 1317 καὶ
3159 1262 3222 1315 τὸ
3252 1261 3422 1323 πάθος
3473 1259 3670 1328 ἐξαγο-

2090 1358 2342 1429 ρεύοντα,
2375 1355 2667 1427 καθαρμόν
2696 1373 2758 1410 τε
2789 1355 2954 1410 αὐτοῦ
2978 1354 3076 1409 τοῦ
3101 1353 3308 1418 πάθους
3347 1353 3540 1415 αἰτεῖν,
3573 1351 3670 1403 καλ

2088 1450 2186 1504 τοῦ
2243 1451 2319 1520 μὴ
2359 1451 2416 1514 ἐς
2474 1451 2663 1520 μεῖξον
2718 1448 3077 1518 ἐμπεσεῖσθαι
3131 1445 3303 1500 κακὸν
3345 1443 3667 1514 ἀσφάλειαν,

2091 1546 2468 1616 κρατήσαντος
2499 1541 2564 1597 ἂν
2597 1543 2691 1597 τοῦ
2718 1541 2925 1603 πάθους
2956 1540 3052 1610 τῆς
3081 1539 3282 1609 ψυχῆς,
3306 1537 3400 1591 καὶ
3429 1538 3520 1590 ἐπί
3545 1535 3670 1608 ἰερά

2095 1637 3664 1711 βαδίζοντα..............

415 1826 562 1887 ἰδίοις
592 1825 733 1877 τισ“;ν
762 1821 1076 1887 ἀπάγοντας
1119 1814 1494 1886 πολυανδρίοις
1525 1812 1725 1876 καίειν,
1781 1814 1842 1865 οὐ
1873 1813 1985 1874 τοῖς
2019 1814 2062 1872 Β
2089 1823 2186 1878 καὶ
2215 1823 2430 1892 θανάτῳ
2459 1821 2560 1892 ἤδη
2592 1819 2844 1892 ζημιοῦν,
2869 1819 2990 1872 τῶν
3015 1818 3058 1871 δ’
3085 1817 3438 1888 ἀδικημάτων
3464 1817 3668 1885 ἀμφισ-

412 1919 630 1980 κοινοῖς.
660 1915 862 1986 Τριττά
895 1913 1004 1982 γάρ
1031 1908 1122 1965 οὖν
1153 1917 1247 1963 καὶ
1283 1905 1423 1963 εἶναι
1458 1907 1763 1978 ἑκασταχοῦ
1786 1907 1854 1961 τὰ
1889 1921 1989 1958 που

413 2008 690 2076 λυάνδρια,
729 2007 873 2073 ὅροις
900 2003 1144 2073 εὐδήλοις
1173 2001 1237 2073 δή
1263 2018 1407 2054 τισιν
1449 2000 1694 2070 ἀλλήλων
1720 2000 1990 2070 διακρινό-

417 2117 573 2168 μενα,
606 2098 663 2150 ἓν
697 2099 794 2167 μέν
851 2095 1107 2166 ἰερεῦσιν,
1149 2093 1334 2163 ἕτερον
1368 2093 1427 2146 δὲ
1478 2093 1556 2163 τῷ
1601 2092 1744 2163 άῦλῳ
1808 2093 1989 2161 δήμῳ,

415 2192 543 2250 ἄλλο
563 2191 618 2242 δὲ
645 2189 705 2241 τὸ
733 2190 844 2249 τοῖς
877 2186 1096 2253 ἐναγέσι
1145 2184 1379 2248 τούτοις,
1433 2177 1492 2236 οὐ
1545 2185 1640 2236 καὶ
1697 2182 1990 2251 σοφιστῶν,

416 2283 482 2349 ἦν
512 2298 592 2342 τις
626 2279 775 2352 παρά
801 2279 901 2341 τάς
931 2279 1206 2346 ἡμετέρας
1225 2276 1427 2337 ταύτας
1457 2274 1614 2338 δόξας
1640 2275 1994 2344 σοφιζόμενος

415 2373 550 2442 ἁλῷ,
601 2373 708 2436 ζῶν
754 2373 850 2424 καὶ
907 2365 1064 2433 οὗτος
1120 2370 1473 2422 κεκαύσεται.
1511 2368 1620 2421 Καὶ
1655 2368 1722 2436 ἢν
1762 2366 1996 2437 θυγατρί

411 2481 496 2527 τις
521 2465 554 2535 ἢ
584 2465 744 2536 μητρί
770 2463 887 2532 διλῷ
921 2463 1136 2534 μιχθεὶς
1162 2461 1195 2530 ἦ
1233 2477 1339 2513 τινι
1367 2459 1478 2514 τῶν
1509 2458 1622 2514 ἀνω
1641 2476 1700 2512 τε
1724 2459 1818 2512 καί
1843 2459 1996 2512 κάτω

413 2556 640 2613 τούτων.
683 2558 786 2611 Ἢν
821 2555 878 2610 δὲ
909 2556 1017 2610 τῶν
1041 2572 1150 2607 τινι
1176 2553 1351 2608 ἀλλων
1400 2552 1638 2616 οἰκείων,
1668 2551 1999 2624 ἀπορῤητων

419 2651 604 2721 μέντοι
627 2649 720 2704 καὶ
754 2647 959 2713 αὐτῶν,
995 2645 1361 2717 προσμιχθείς
1391 2663 1474 2707 τις
1502 2643 1638 2714 ἁλῷ,
1687 2643 1883 2715 ἀτιμίᾳ
1938 2661 1998 2695 τε

415 2742 771 2812 ζημιοῦσθαι,
803 2741 1024 2810 ἕωσπερ
1062 2741 1128 2793 ἂν
1182 2741 1381 2803 ἱκανῶς
1426 2737 1702 2808 καθαρθῇ,
1740 2736 2000 2805 καὶπρὸς

417 2838 483 2904 τῇ
516 2834 710 2904 ἀτιμίᾳ
737 2834 831 2886 καί
863 2831 1025 2902 ἰερῶν
1057 2831 1391 2900 συμπάντων
1415 2829 1720 2900 εἴργεσθαι.
1758 2828 1848 2880 Ἐν
1879 2827 2002 2880 τού-

415 2943 495 2995 τῳ
552 2924 661 2976 τῶν
711 2924 920 2992 ἐναγῶν
972 2921 1051 2992 τῷ
1108 2921 1446 2990 πολυανδρίῳ
1508 2922 1602 2972 καί
1675 2921 2000 2990 ἀνδροφόνον

418 3017 614 3081 καίειν,
648 3013 712 3078 ὅς’
741 3032 870 3068 ποτε
907 3014 972 3068 ἂν
1001 3014 1109 3066 τῶν
1140 3031 1260 3067 τινα
1288 3013 1664 3082 ἐναγεστέρων
1693 3012 1866 3081 φόνων
1895 3012 2002 3065 ὐπὸ

417 3106 529 3157 τῶν
558 3105 838 3175 ἀρχόντων
859 3104 1251 3174 τετολμηκέναι
1271 3104 1464 3174 κριθῇ.
1491 3105 1594 3159 Ἢν
1632 3103 1687 3156 δὲ
1745 3103 2002 3174 παρθένῳ

418 3214 528 3260 τις,
555 3196 587 3267 ἢ
615 3197 709 3250 καί
733 3214 837 3249 τινι
864 3198 1222 3267 κεκινημένῃ,
1257 3197 1416 3266 ἀνδρὶ
1444 3197 1542 3266 μὲν
1592 3197 1650 3251 οὐ
1687 3196 2005 3267 καθωμολο-

421 3289 660 3359 γημένη,
687 3288 791 3340 ὐπὸ
817 3287 871 3340 δὲ
894 3290 1070 3358 κυρίῳ
1110 3288 1188 3358 τῷ
1235 3289 1373 3351 τέως
1417 3290 1746 3362 τρεφομένῃ.
1805 3289 2004 3360 ἐχούσῃ

426 3381 641 3449 μιχθεὶς
674 3380 842 3441 οὕτως
873 3381 1006 3451 ἁλῷ,
1039 3380 1166 3434 ὥστ’
1195 3381 1260 3434 ἂν
1293 3383 1386 3436 καὶ
1414 3381 1646 3436 θά.·ατον
1687 3382 1835 3452 αὐτῷ
1865 3378 2008 3436 εἶναι

425 3475 523 3545 τὴν
574 3475 804 3546 ζημίαν,
857 3477 914 3530 ἐν
964 3475 1044 3547 τῷ
1097 3476 1262 3549 κηινῷ
1312 3477 1654 3550 πολυανδρίῳ
1717 3479 2009 3549 καιόμενον

2094 1915 2260 1982 6ητου
2269 1914 2464 1981 μένων,
2491 1914 2608 1974 ταῖς
2635 1911 2873 1964 πλείοσιν
2895 1910 2962 1965 ἂν
2992 1908 3102 1964 τῶν
3122 1909 3317 1979 ψήφων
3333 1907 3424 1960 τδν
3445 1905 3670 1976 φεύγον-

2093 2023 2163 2059 τα
2185 2004 2524 2060 ἁλίσκεσθαι.
2563 2003 2921 2057 ’Λπολύεσθαι
2949 2003 3006 2057 δὲ
3031 2003 3105 2073 μὴ
3151 2002 3378 2066 ἀδικεῖν,
3411 2001 3474 2054 οὐ
3512 1999 3672 2069 μόνον

2094 2097 2188 2152 ἀπ’
2211 2097 2512 2151 ἐλαττόνων
2539 2095 2646 2150 τῶν
2667 2093 3221 2165 καταψηφιξομένων,
3249 2092 3383 2146 ἀλλά
3413 2090 3515 2145 κάν
3570 2105 3669 2140 πο-

2095 2191 2153 2244 τέ
2187 2207 2273 2243 πω
2306 2188 2729 2257 ῖσαιγένωνται.
2769 2189 2890 2241 Ἔτι
2925 2188 3105 2258 μέντοι
3139 2187 3360 2240 κάκεῖνο
3407 2182 3486 2254 τῷ
3544 2183 3674 2250 περὶ

2097 2282 2264 2337 δικῶν
2282 2281 2427 2351 λόγῳ
2459 2279 2825 2350 προσκείσθω,
2851 2279 2927 2344 ὡς
2950 2279 3048 2332 ἐὰν
3074 2277 3409 2348 ἀδικήματός
3444 2293 3528 2339 τις
3555 2292 3669 2328 τοι·

2098 2372 2256 2426 ούτου
2284 2370 2438 2441 παρά
2465 2375 2542 2442 τῷ
2569 2370 2833 2441 συνεδρίῳ
2860 2367 3198 2440 κρινόμενος,
3225 2367 3322 2437 οῖῳ
3353 2367 3418 2421 ἀν
3442 2367 3671 2420 θάνατον

2098 2465 2196 2534 τὴν
2218 2465 2424 2535 ζημίαν
2454 2462 2785 2524 ἐπικεῖσθαι.
2819 2462 2960 2516 καλά
2987 2463 3122 2516 άττα
3147 2459 3328 2529 ἐαυτῷ
3351 2460 3488 2530 ἔργα
3537 2474 3674 2528 προσ

2101 2556 2467 2628 πεπραγμένα
2519 2553 2782 2625 ἐπιδείξῃ,
2822 2552 3109 2624 μεγέθειῆ
3160 2551 3354 2621 πλήθει
3409 2548 3682 2620 ὑπερϐάλ-

2100 2651 2214 2704 λειν
2240 2651 2300 2703 τὸ
2330 2648 2576 2718 ἀδίκημα
2599 2648 2882 2712 δοκοῦντα,
2909 2646 3117 2713 τοῦτον,
3151 2646 3225 2709 ὡς
3242 2645 3420 2698 οὐκέτ’
3456 2645 3521 2698 ἂν
3549 2645 3678 2697 δυσ-

2101 2740 2362 2811 όρθωτον,
2409 2740 2532 2792 οὐδέ
2586 2739 2682 2808 τὴν
2738 2738 2902 2807 φύσιν
2957 2737 3146 2802 κακὸν,
3197 2736 3459 2806 δυστυχίᾳ
3510 2734 3565 2787 δὲ
3611 2733 3679 2804 δὴ

2102 2832 2210 2884 τῶν
2245 2831 2419 2886 ἀλλων
2448 2830 2788 2901 κεχρημένον
2815 2829 2920 2882 τινί
2961 2831 3053 2882 καί
3079 2827 3329 2890 παιδείας
3380 2826 3576 2896 ἐνδείᾳ,
3603 2826 3678 2893 μὴ

2103 2927 2168 2996 δὴ
2193 2925 2407 2995 θανάτῳ
2435 2925 2538 2990 ἐτι,
2588 2924 2724 2977 ἀλλά
2786 2923 3006 2993 δεσμοῖς
3055 2939 3197 2976 τισιν
3255 2921 3501 2974 εὐθύνειν
3556 2935 3684 2990 χρο-

2105 3020 2262 3082 νίοις.
2306 3018 2470 3072 Ἀλλά
2489 3019 2617 3088 περί
2655 3017 2754 3087 μὲν
2784 3017 2895 3071 τῶν
2925 3017 3186 3070 τοιούτων
3219 3015 3364 3077 ἃλις.
3389 3013 3455 3068 Εἰ
3485 3012 3592 3082 γάρ
3627 3029 3681 3065 τι

2109 3111 2239 3180 ἡμῖν
2271 3111 2362 3163 καί
2397 3109 2856 3180 παραλέλειπται,
2889 3107 3006 3160 ἀλλ’
3040 3106 3134 3160 οῦν
3173 3106 3239 3161 τά
3266 3123 3326 3174 γε
3356 3107 3414 3159 ἐν
3443 3105 3540 3175 ὅλῃ
3575 3104 3676 3174 ἤδη

2112 3205 2179 3272 τῇ
2212 3201 2380 3272 βίσλῳ
2429 3201 2696 3272 εἰρημένα
2754 3199 2938 3265 ἰκανὰ,
2983 3199 3123 3252 θεῶν
3172 3199 3240 3252 ἂν
3290 3187 3693 3266 συλλαμϐανόνὶ

2114 3311 2243 3357 των,
2274 3291 2532 3362 τοιαύτην
2569 3293 2685 3355 τοῖς
2728 3291 3022 3362 ἡμετέροις
3081 3289 3340 3359 ἄρχουσιν
3388 3287 3686 3357 ἐμποιῆσαι

2116 3385 2251 3450 ἐξιν,
2279 3385 2417 3451 οἵαν,
2447 3384 2544 3438 καὶ
2567 3383 2694 3454 περὶ
2722 3376 2800 3442 ὧν
2823 3383 2921 3454 οὐχ
2942 3383 3076 3452 ἡμῖν
3117 3381 3532 3450 διασεσάφηται,
3589 3379 3689 3432 αὐ-

2119 3479 2245 3542 τοὺς
2276 3477 2460 3542 καλῶς
2485 3493 2550 3530 τε
2583 3476 2678 3531 καί
2707 3475 2767 3530 εὖ
2798 3474 3198 3546 διαγινώσκειν.

1694 3852 2254 3940 ΕΠΙΝΟΜΙΣ
2334 3843 2439 3932 (¹).

500 4201 575 4254 *Α
634 4198 733 4269 μὲν
787 4191 880 4252 οῦν
934 4197 1032 4267 τῆς
1095 4195 1278 4268 βίϐλου
1339 4195 1397 4250 ἐν
1449 4196 1590 4266 ἀρχῇ
1667 4195 1796 4268 ὐμῖν
1854 4193 2017 4265 τῆσδε

432 4294 728 4365 προύτέθη,
753 4288 1102 4362 ἐξείργασταί
1133 4306 1194 4342 τε
1251 4289 1348 4342 σύν
1398 4288 1506 4343 τῶν
1565 4288 1704 4342 θεῶν
1745 4292 1856 4353 τοῖς
1906 4288 2017 4342 τῶν

431 4385 688 4439 τοιούτων
711 4383 949 4454 ἐφόροις,
985 4379 1071 4449 ἐφ’
1099 4377 1193 4443 οὓς
1221 4379 1285 4450 δὴ
1313 4381 1472 4450 ἡμεῖς
1499 4381 1593 4432 καί
1633 4380 1876 4434 Ποσειδῶ
1925 4397 2020 4434 κο-

437 4477 666 4544 ρυφαῖον
707 4473 869 4543 τήνδε
894 4471 1241 4541 ἀναφέρομεν
1269 4471 1368 4539 τὴν
1403 4470 1750 4542 συγγραφὴν,
1783 4473 1880 4524 καὶ
1907 4472 2020 4524 δια-

437 4564 745 4634 πεπέραταί
772 4580 834 4631 γε
861 4562 1084 4626 ἱκανῶς.
1118 4561 1514 4615 Ἐπιδέδεικται
1550 4563 1659 4630 γάρ
1705 4563 1860 4633 ἡμῖν,
1893 4563 2021 4634 ἥτις

2126 4199 2332 4268 γίστων
2357 4195 2600 4263 ἐκείνων,
2635 4195 2752 4261 ἐνδς
2786 4195 2908 4267 μὲν,
2942 4195 3037 4251 τοῦ
3059 4193 3134 4261 ὡς
3163 4197 3192 4265 ἡ
3221 4195 3361 4270 ἀρχὴ
3401 4196 3535 4266 αὐτη
3585 4197 3693 4250 τῶν

2127 4289 2367 4350 πάντων,
2405 4289 2434 4340 ὁ
2459 4287 2711 4358 μέγιστος
2741 4285 2880 4351 θεὸς,
2910 4287 2968 4341 ὄν
2993 4305 3053 4354 γε
3081 4287 3243 4358 ἡμεῖς
3285 4288 3496 4359 πατρίῳ
3525 4289 3696 4357 φωνῇ.

2117 4383 2223 4433 Δία
2253 4379 2546 4449 καλοῦμεν,
2569 4380 2752 4449 ἄκρως
2778 4379 2979 4447 ἀγαθός
3009 4381 3178 4446 ἐστιν,
3227 4380 3480 4450 οὐδεμιᾶς
3544 4378 3691 4447 αὐτῷ

2125 4471 2332 4541 ἀγαθοῦ
2359 4469 2664 4541 ὑπερϐολῆς
2691 4471 2764 4542 μὴ
2793 4473 2892 4524 οὐκ
2910 4464 3118 4535 ἐςόσὸν
3171 4469 3284 4524 οἷόν
3331 4489 3389 4524 τε
3446 4471 3702 4542 βελτίστῳ

2129 4561 2266 4618 εἶναι
2299 4563 2628 4634 λειπομένης
2660 4579 2674 4594 ο
2717 4563 2904 4633 ἐτέρου
2943 4562 3024 4627 δὲ,
3047 4561 3140 4615 τοῦ
3164 4562 3262 4625 τάς
3283 4578 3342 4614 τε
3369 4561 3553 4622 οὐσίας
3582 4563 3702 4622 ταῖς

435 4673 496 4710 τε
525 4654 668 4726 ἀρχὴ
701 4655 810 4707 τῶν
847 4655 1064 4710 πάντων
1105 4654 1197 4707 καί
1226 4654 1282 4706 ἐν
1316 4656 1428 4718 τοῖς
1464 4655 1632 4708 πᾶσιν
1659 4653 1728 4709 αὖ
1755 4655 1898 4720 τίνες
1926 4657 2025 4726 μὲν
2060 4651 2101 4679 ν
2129 4658 2414 4726 γεννήσεσι
2432 4656 2548 4718 ταῖς
2589 4655 2788 4721 αὐτῶν,
2843 4655 2938 4707 καί.
2981 4653 3080 4717 τὰς
3129 4652 3411 4724 γεννήσεις
3451 4655 3570 4714 ταῖς
3619 4651 3706 4703 οὐ-

403 4750 412 4828 ;
439 4746 654 4817 πρῶταί
686 4761 742 4796 τε
773 4742 964 4813 φύσεις
993 4745 1086 4797 καὶ
1132 4746 1197 4814 τῇ
1228 4746 1368 4815 ἀρχῇ
1405 4745 1718 4814 προσεχεῖς,
1777 4746 1923 4807 τίνες
1971 4745 2028 4798 δὲ

440 4837 713 4908 δεύτεραι,
741 4836 886 4900 τίνες
921 4835 979 4889 δέ
1010 4835 1190 4907 τρίται
1242 4837 1340 4891 καὶ
1382 4836 1630 4906 ἔσχαται,
1661 4837 1689 4889 ὅ
1721 4853 1780 4889 τε
1817 4836 2032 4907 ἀνθρω-

443 4947 541 4992 πος
572 4929 628 4981 ὲν
655 4928 842 4991 αὐταῖς
871 4927 992 4980 τίνα
1015 4927 1144 4979 ποτὲ
1176 4926 1275 4997 τὴν
1298 4926 1481 4996 χώραν
1506 4927 1713 4996 εἴληχε,
1739 4928 1836 4979 καί
1857 4929 1920 4979 ἐκ
1951 4923 2032 4979 τίὲ

442 5041 548 5074 νων
611 5021 967 5091 συνέστηκεν,
1018 5019 1118 5090 οἴῳ
1169 5036 1229 5072 τε
1286 5019 1401 5072 δντι
1436 5019 1584 5088 αὐτῷ
1613 5014 1725 5082 οἶος
1765 5019 1860 5072 καί
1919 5019 2033 5090 βίος

445 5115 731 5185 προσήκει,
751 5111 890 5167 ὥστε
914 5113 978 5182 δὴ
1008 5115 1102 5166 καὶ
1129 5111 1466 5182 εὐδαιμόνως
1507 5111 1631 5182 ζῇν.
1661 5105 1736 5166 Οὐ
1785 5113 1871 5184 δὴ,
1931 5130 2032 5166 κυ-

446 5209 711 5276 ριωτάτου
745 5222 803 5258 τε
837 5206 989 5267 ὄντος
1022 5205 1114 5257 καὶ
1148 5203 1326 5258 κοινοῦ
1358 5203 1806 5274 ὲπιθυμήματος,
1853 5205 2031 5259 ἃπαν-

444 5317 538 5362 τες
572 5298 672 5368 μὲν
705 5296 982 5367 ἄνθρωποι
1015 5296 1280 5365 ἐφίενται,
1313 5293 1538 5363 ζητοῦσι
1574 5297 1621 5349 δ’
1662 5296 1792 5349 αὐτὸ
1821 5297 1922 5349 οὐκ
1977 5298 2035 5350 ἐν

445 5390 523 5458 τῷ
557 5390 702 5457 αὐτῷ
734 5391 972 5450 ἅπαντες
1005 5389 1126 5458 βίῳ,
1159 5387 1274 5441 ἀλλ’
1308 5382 1351 5456 ᾧ
1391 5429 1403 5443 .
1487 5427 1502 5442 .
1581 5428 1595 5443 .
1649 5389 2034 5444 ἀποδέδεικται

446 5483 654 5534 ἐιαστα
686 5480 780 5534 ἀπ’
818 5480 1038 5533 ἐννοιῶν
1071 5496 1129 5532 τε
1159 5481 1254 5534 καὶ
1276 5480 1608 5552 ἀξιωμάτων
1641 5483 1743 5536 οὐκ
1787 5482 2034 5536 ἀσθενῶν

447 5590 607 5627 τινων
635 5575 727 5627 καί¹
759 5572 1102 5642 ἀμφιλόγων,
1133 5573 1308 5628 ἄλλων
1338 5591 1395 5628 τε
1425 5575 1508 5645 δὴ,
1549 5575 1644 5628 καὶ
1699 5575 1869 5646 τριῶν
1928 5592 2030 5644 με·

2135 4751 2278 4814 σίαις
2313 4748 2572 4817 ἀνάλογον
2601 4748 2744 4819 ἐχειν
2773 4749 2886 4802 δεῖν
2922 4763 2936 4779 °
2975 4748 3068 4801 καὶ
3117 4747 3327 4818 τρίτου,
3380 4745 3470 4800 τοῦ
3505 4746 3595 4798 καί
3643 4745 3708 4798 τὰ

2134 4841 2272 4911 ἔργα
2304 4843 2422 4904 ταῖς
2453 4840 2680 4907 οὐσίαις,
2715 4841 2809 4893 καὶ
2839 4839 2934 4903 τὰς
2968 4839 3154 4903 οὐσίας
3198 4840 3310 4902 τοῖς
3362 4836 3544 4910 ἔργοις
3603 4838 3711 4897 τοῖς

2137 4931 2420 5002 σφετέροις
2451 4932 2714 4999 ἀνάλογον
2739 4931 2846 4984 δεῖν
2873 4931 2966 4985 καὶ
3008 4930 3148 4984 αὐτὰ
3171 4929 3338 5000 ἐχειν.

2209 5023 2425 5077 Τούτων
2449 5027 2556 5094 γάρ
2577 5024 2952 5094 ὑποκειμένων
2981 5024 3307 5093 ἀξιωμάτων
3361 5023 3612 5094 βεϐαίων,
3650 5023 3711 5075 ἐκ

2139 5113 2238 5182 μὲν
2267 5112 2358 5165 τοῦ
2387 5113 2628 5184 πρώτου,
2659 5113 2796 5168 ἄλλα
2827 5130 2888 5166 τε
2926 5115 3057 5184 ἡμῖν
3097 5112 3205 5166 τῶν
3247 5114 3430 5176 καλῶς
3489 5112 3714 5183 ἐχόντων

2140 5207 2426 5275 δογμάτων
2474 5205 2881 5270 ἀποδείκνυται,
2944 5207 3038 5260 καί
3098 5208 3172 5272 ὡς
3219 5208 3278 5260 τὸ
3309 5208 3418 5260 πᾶν
3465 5205 3581 5275 ἅμα
3617 5205 3714 5272 μὲν

2141 5297 2313 5350 ἀΐδιον
2336 5295 2413 5366 τῷ
2436 5295 2517 5349 Διῒ
2541 5297 2784 5366 γέγονεν,
2819 5297 2936 5368 ἅμα
2965 5296 3022 5350 δὲ
3055 5296 3151 5350 καὶ
3183 5297 3211 5350 ὅ
3241 5314 3293 5350 τι
3340 5297 3405 5364 δὴ
3432 5293 3714 5350 κάλλιστον

2143 5390 2206 5441 ἐκ
2229 5387 2336 5441 τῶν
2363 5388 2589 5441 ἐνόντων
2621 5387 2867 5456 γεγονὸς,
2907 5389 2964 5440 ἐν
3000 5390 3065 5460 τῇ
3122 5388 3258 5456 αὐτῇ
3324 5385 3473 5456 μένει
3522 5392 3578 5448 ἐς
3633 5384 3722 5437 τὸν

2143 5479 2322 5531 πάντα
2355 5478 2526 5532 αἰῶνα
2563 5479 2917 5541 καταστάσει,
2951 5478 3013 5531 ἐκ
3039 5495 3102 5547 γε
3120 5478 3184 5548 δὴ
3218 5478 3309 5530 τοῦ
3334 5475 3588 5540 καθάπαξ
3621 5476 3712 5528 αὐς

2141 5570 2218 5642 τῷ
2243 5570 2690 5639 ἀποδεδειγμένου
2729 5572 3005 5640 σχήματος
3045 5569 3474 5641 ἀπαρακίνητον,
3507 5568 3581 5620 (λύ
3615 5567 3722 5635 γὰρ

521 5717 601 5784 (1)
636 5715 929 5791 Co_n_c_lu_sio
957 5717 1170 5774 scilicet
1201 5718 1327 5776 libri
1393 5717 1467 5774 De
1503 5720 1731 5791 legibiis,
1769 5720 1930 5790 cujus
1973 5732 2100 5790 cap.
2131 5715 2164 5772 6
2223 5715 2343 5771 libri
2376 5729 2438 5780 ιι,
2467 5713 2545 5770 De
2595 5713 2731 5782 fato,
2765 5720 2818 5769 ct
2846 5728 2968 5785 cap.
3008 5713 3068 5768 51
3112 5713 3234 5770 libri
3265 5728 3350 5782 ιιι,
3382 5711 3455 5766 De
3483 5709 3724 5781 iudfciis,

449 5798 616 5855 snpra
643 5786 1015 5842 exhibuimus.
