4100 6408
351 413 482 477 1061

1379 411 1468 468 LA
1484 409 1879 470 MENTATIO
1907 410 2000 469 DE
2040 407 2263 468 Cl’OLl
2291 408 2545 469 CAPTA.

3466 404 3610 467 1032

344 530 614 598 κιούμενα
645 525 829 596 μόνον,
873 525 1010 580 ἀλλὰ
1063 527 1156 580 καὶ
1206 527 1266 578 τὸ
1299 523 1458 594 σῶμα
1493 525 1784 589 κόπτοντα,
1826 525 1899 579 κα⁴

2022 522 2400 579 acerbissima.
2456 521 2588 576 Nam
2623 521 2842 576 visurus
2895 533 3011 578 erat
3051 532 3197 577 certe
3248 523 3359 588 illa,
3396 538 3518 592 qua:
3554 533 3605 575 et

343 621 565 688 μυρίαις
627 618 759 670 αὐτὸ
807 615 1209 688 ταλαιπωρίαις
1262 615 1769 680 καθυποϐἀλλοντα,
1825 615 1920 668 νύ-

341 730 488 782 κτωρ
515 712 610 764 καὶ
645 709 986 780 μεθημέραν.
1014 709 1090 764 Οὔ
1121 709 1185 778 δὴ
1213 709 1396 778 θρηνῶ
1427 727 1530 778 μου
1559 708 1648 759 τὸν
1677 709 1915 779 πατέρα,

340 801 456 869 ἅμα
493 801 592 870 μὲν
633 798 852 869 πατρίδι
902 797 1303 864 συνεαλωκότα,
1355 799 1451 851 καὶ
1505 797 1714 852 δούλιον
1760 795 1918 869 ἦμαρ

342 894 544 955 ἰδόντα,
569 895 872 961 ποιητικῶς
908 892 1106 955 εἰπεῖν,
1140 889 1257 960 ἆμα
1300 889 1356 942 δὲ
1395 893 1460 960 τῇ
1513 889 1764 961 αἰσθήσει
1817 891 1914 958 τῆς

340 985 607 1054 ἀδοκήτου
662 985 755 1038 καὶ
793 983 1190 1054 χαλεπωτάτης
1229 983 1441 1052 ἐκείνης
1476 983 1720 1046 δουλείας
1757 985 1918 1036 πολε-

343 1078 442 1150 μίᾳ
503 1077 649 1146 χειρὶ
692 1077 752 1127 τὸ
817 1075 918 1144 ζῇν
969 1075 1388 1141 ἀπολελοιπότα,
1423 1074 1560 1145 πρὶν
1621 1073 1729 1128 τῶν
1779 1076 1918 1144 μετὰ

337 1169 512 1221 ταῦτα
549 1170 747 1236 πεῖραν
781 1168 971 1220 λαϐεῖν
1022 1167 1234 1230 δεινῷν,
1281 1167 1568 1234 ἑπομένων
1613 1167 1828 1220 πολλῶν
1861 1185 1915 1220 τε

338 1262 433 1313 καὶ
469 1260 747 1330 μεγάλωνο
793 1258 929 1313 ἀλλὰ
960 1260 1056 1312 καὶ
1087 1258 1442 1330 παραμυθίας
1481 1258 1614 1313 αὐτὸ
1643 1259 1708 1330 δὴ
1756 1261 1917 1314 τοῦτο

343 1352 602 1420 ποιοῦμαι
627 1351 882 1404 ὑπόθεσιν
908 1354 966 1404 ὲν
998 1351 1116 1413 ταῖς
1145 1350 1563 1421 κατειληφυίαις
1590 1353 1740 1422 ἡμᾶς
1777 1369 1916 1422 συμ-

342 1445 553 1512 φοραῖς.
587 1445 648 1495 El
676 1443 731 1496 δέ
754 1461 831 1513 τῳ
862 1443 1061 1512 πικρὸν
1089 1444 1236 1497 δοκεῖ
1287 1445 1350 1499 τὸ
1384 1443 1478 1515 βίᾳ
1505 1445 1604 1514 τῆς
1630 1447 1916 1516 παρούσης

340 1535 482 1603 ζωῆς
510 1534 843 1606 ὑπεξελθεῖν,
864 1533 1029 1608 [forte
1058 1535 1385 1608 πολεμίους]
1404 1537 1677 1606 πολεμούς
1698 1554 1758 1590 τε
1787 1537 1914 1590 ἰδεῖν

339 1626 719 1694 ἐσπασμένους
757 1627 1054 1698 μαχαίρας,
1099 1625 1320 1695 φονικὸν
1367 1627 1465 1680 καὶ
1519 1627 1780 1690 πνέοντας
1819 1629 1915 1682 καὶ

338 1718 600 1786 ὁρῶντας,
621 1719 715 1771 καὶ
735 1719 948 1788 πληγὰς
971 1719 1326 1786 ἐντείνοντας,
1350 1718 1382 1789 ἢ
1407 1721 1546 1774 κατὰ
1563 1720 1669 1774 τῶν
1685 1739 1913 1792 καιριω-

337 1810 535 1877 τὰτων,
572 1811 662 1866 ῖνα
684 1811 749 1882 δὴ
776 1812 969 1866 θᾶττον
991 1812 1233 1884 ἀπολίπῃ
1273 1813 1332 1866 τὸ
1360 1812 1459 1884 ζῇν
1486 1815 1514 1867 ό
1544 1814 1912 1886 πληττόμενος

2022 612 2146 667 aliis
2205 612 2538 676 acciderent,
2569 621 2621 665 et
2653 612 2699 666 ei
2729 612 2831 681 ipsi
2865 615 3186 668 sustinenda
3225 613 3482 680 fuissent,
3510 630 3600 667 su-

2023 705 2136 759 bito
2197 703 2250 758 in
2280 714 2486 758 tanlam
2513 705 2636 758 vitae
2657 706 3145 760 commutationem
3183 706 3554 775 praecipitatus
3585 722 3599 734 ·

2021 813 2142 868 quae
2175 797 2311 851 mala
2337 813 2442 850 non
2475 797 2541 850 ad
2571 798 2816 851 animum
2850 798 3025 851 solum
3065 807 3388 868 perventura
3417 810 3600 860 erant,

2019 889 2115 946 sed
2144 905 2347 958 corpus
2391 891 2552 944 etiam
2583 888 2872 955 aﬂlictura,
2907 901 2959 944 et
2989 890 3292 944 innumeris
3339 890 3600 943 utrumuis

2021 987 2359 1056 subiectura.
2385 985 2549 1055 idque
2585 984 2700 1038 dies
2735 991 2788 1037 et
2818 991 3026 1036 noctes.
3063 980 3182 1036 Non
3210 980 3374 1052 igitur
3410 981 3598 1050 lugeo,

2021 1079 2289 1149 iuquant,.
2311 1088 2517 1148 patrem
2554 1091 2756 1140 meum,
2779 1074 2924 1142 quod
2963 1089 3066 1126 una
3103 1074 3318 1142 quidem
3351 1089 3473 1126 eum
3508 1089 3601 1141 pa-

2019 1170 2121 1226 tria
2145 1179 2359 1246 captus,
2385 1168 2665 1225 servitutis
2688 1167 2901 1221 initium
2929 1164 3158 1220 viderit:
3189 1164 3373 1217 sta'im
3394 1170 3599 1228 autem,

2019 1273 2077 1318 ut
2146 1263 2480 1332 inopinatam
2543 1261 2689 1315 illam
2751 1258 3210 1327 dnrissimamque
3274 1256 3599 1311 servitutem

2018 1372 2182 1412 sensu
2220 1355 2484 1425 percepit,
2528 1352 2722 1408 hostili
2743 1351 2925 1421 gladio
2981 1350 3348 1420 interemptus
3408 1349 3597 1414 fuerit,

2019 1447 2336 1518 priusquam
2364 1452 2694 1520 consecutus
2715 1443 2914 1498 exinde
2934 1458 3209 1497 aerumnas
3229 1441 3598 1512 experiretur,

2018 1541 2218 1595 multas
2247 1551 2302 1594 et
2339 1553 2565 1607 magnas
2599 1553 2615 1592 :
2647 1537 2742 1592 sed
2800 1537 2900 1592 hoc
2928 1537 3044 1606 ipso
3066 1577 3079 1596 .
3112 1550 3212 1606 pro
3271 1546 3598 1604 argumento

2016 1631 2408 1687 consolationis
2432 1637 2577 1696 utor,
2608 1630 2738 1684 dum
2761 1629 2826 1684 ad
2858 1628 3290 1698 magnitudinem
3319 1628 3600 1683 involven-

2020 1723 2156 1778 tium
2190 1738 2292 1779 nos
2322 1723 2696 1778 calamitatum
2753 1721 2987 1791 respicio
3060 1719 3212 1787 Quod
3241 1722 3285 1775 si
3321 1721 3407 1776 cui
3437 1736 3597 1775 acer-
3653 1716 3663 1726 ’

2015 1815 2142 1869 bum
2176 1814 2410 1878 videtur,
2440 1814 2678 1869 violenta
2705 1821 2882 1867 morte
2911 1827 2978 1868 ex
3012 1811 3115 1866 hac
3149 1813 3257 1866 vita
3291 1813 3596 1880 discedere,

336 1901 366 1970 ἢ
402 1901 508 1954 τῶν
537 1895 698 1973 ἦττον
723 1901 1003 1968 τοιούτων,
1030 1902 1096 1956 ἵν’
1130 1904 1388 1959 ὲπιπλέον
1427 1904 1818 1976 αἰσθανόμενος
1846 1907 1899 1961 τὲ

2010 1921 2134 1962 cum
2165 1906 2350 1962 hostes
2369 1906 2550 1961 videat
2601 1905 2800 1976 aliquis
2855 1905 3068 1960 eductis
3127 1904 3350 1976 gladiis,
3389 1895 3592 1961 caedem

335 1993 612 2062 θνήσκειν,
640 1993 1031 2066 ὀδυνηρότερον
1061 1997 1283 2064 γίνοιτο,
1314 1997 1726 2068 φιλανθρωπίας
1758 2001 1858 2071 μὲν
1881 2003 1909 2055 ὁ

335 2083 573 2146 τοιοῦτος
595 2085 874 2156 λογισμὸς,
908 2087 1002 2140 καὶ
1024 2087 1114 2142 τὸν
1143 2089 1372 2142 τοιαῦτα
1401 2089 1790 2159 διανοούμενον
1806 2092 1908 2162 τῆς

335 2177 470 2246 πρὸς
503 2177 600 2248 τὴν
622 2178 783 2244 φύσιν
835 2179 1169 2250 ἀποδέχομαι
1205 2183 1578 2251 συμπαθείας.
1616 2184 1690 2237 Τὸ
1721 2184 1906 2251 μέντοι

333 2270 432 2322 οὐκ
481 2270 734 2340 ἄμισθον,
761 2271 870 2325 οὐδ’
921 2272 1150 2344 ἀκερδὲς
1210 2274 1304 2328 τοῦ
1361 2276 1611 2329 τοιούτου
1649 2277 1905 2344 θανάτου,

267 2349 270 2352 ’
332 2362 526 2427 πείθει,
571 2363 645 2433 μὴ
690 2364 890 2433 μᾶλλον
936 2365 1225 2436 ὀδύρεσθαι
1273 2366 1466 2434 ταῦτα,
1515 2367 1546 2438 ἦ
1598 2370 1786 2437 πράως
1821 2370 1910 2440 φέ-

334 2471 468 2521 ρειν,
501 2449 646 2530 ᾗπερ
689 2455 838 2519 εἰκὸς
877 2457 1272 2528 μεταχωρῆσαι
1313 2459 1406 2512 τὸν
1432 2458 1577 2513 οὕτω
1610 2461 1708 2531 τῆς
1759 2463 1907 2530 ζωῆς

333 2547 678 2600 ὑπεκστάντα
723 2547 1128 2618 διανοούμενον,
1169 2551 1261 2604 καὶ
1317 2551 1576 2621 μάλιστα,
1608 2555 1658 2607 εί
1702 2555 1904 2624 μετιὼν

329 2637 631 2707 ἐτύγχανεν
689 2641 894 2712 ἀρετὴν
936 2642 1030 2695 καὶ
1062 2643 1192 2713 παρ’
1235 2644 1354 2698 ὅλον
1385 2644 1476 2698 τδν
1509 2646 1660 2716 αὐτῷ
1701 2664 1907 2718 μετρη-

332 2730 492 2784 θέντα
535 2733 650 2801 βίον
695 2733 862 2804 αὐτὴν
911 2735 1059 2805 αὑτῷ
1115 2736 1589 2807 προστησάμενος.
1632 2735 1757 2802 Οίός
1814 2757 1905 2809 μοι

329 2824 354 2873 ό
387 2823 568 2891 πατὴρ
609 2823 781 2892 μυρία
809 2823 1162 2894 συνεσχηκὼς
1185 2825 1378 2896 ἀρετῇ,
1416 2829 1509 2880 καὶ
1540 2828 1681 2898 μετὰ
1703 2830 1905 2899 ταύτης

325 2916 638 2968 οςττουανών.
672 2915 848 2968 Πολλὰ
875 2917 933 2970 δὲ
960 2918 1108 2987 αύτῴ
1135 2919 1233 2989 τῆς
1260 2921 1462 2989 ἀρετῆς
1489 2921 1556 2974 τὰ
1590 2923 1902 2992 μαρτύρια,

327 3003 560 3066 καὶτοῖς
601 3005 760 3059 αὑτὸν
785 3005 948 3060 είδόσι
994 3007 1252 3078 γνώριμα
1294 3009 1491 3064 πάντα.
1528 3012 1637 3066 Καί
1671 3029 1760 3082 μοι
1795 3029 1898 3067 πε-

324 3093 546 3160 ρίεργον
569 3094 1007 3164 ἀπαριθμεῖσθαι
1046 3097 1223 3151 πάντα
1256 3099 1356 3152 ὅσα
1389 3116 1447 3152 τε
1479 3101 1537 3152 ἐν
1590 3117 1901 3173 πτωχοτρο-

2015 1999 2262 2055 trucibus
2289 1999 2466 2055 oculis
2490 1999 2837 2062 anhelantes.
2871 2006 2926 2052 et
2977 1999 3201 2052 vulnera
3259 1999 3592 2069 indigentes.

2011 2105 2187 2160 eaque
2239 2090 2325 2146 vel
2355 2090 2686 2160 opportunis
2719 2089 2965 2160 partibus
2995 2091 3340 2160 corporibus,
3394 2093 3597 2160 quibus

2013 2182 2311 2250 percussis,
2340 2185 2446 2238 cita
2474 2199 2619 2238 mors
2644 2183 2910 2254 sequitur;
2936 2186 3016 2238 vel
3043 2194 3102 2240 et
3130 2184 3250 2239 aliis
3292 2185 3478 2241 minus
3505 2203 3597 2254 pe-

2011 2273 2286 2341 riculosis,
2331 2283 2390 2330 ut
2451 2290 2651 2332 sensus
2714 2276 2919 2331 doloris
2977 2275 3298 2330 diuturnior
3358 2286 3588 2330 mortem

2009 2373 2202 2428 atterat
2245 2373 2584 2428 acerbiorem
2646 2374 3062 2434 :humanitatis
3134 2375 3385 2445 equidem
3461 2375 3588 2431 talis

2012 2473 2099 2519 est
2130 2465 2394 2534 cegitatio
2427 2483 2441 2520 :
2475 2481 2714 2537 eumque
2739 2468 2832 2536 qui
2865 2467 2967 2522 hoc
3002 2467 3184 2522 animo
3239 2478 3346 2535 est,
3397 2468 3585 2530 laudo,

2008 2558 2155 2628 quod
2211 2559 2460 2614 humanae
2497 2569 2708 2615 natura:
2737 2561 3218 2616 commiseratione
3268 2560 3534 2616 allieiatur
3574 2579 3588 2614 :

2007 2649 2100 2704 sed
2126 2650 2478 2720 tamen,quia
2537 2667 2686 2707 mors
2743 2652 3055 2722 huiusmodi
3114 2668 3218 2708 suo
3265 2655 3489 2722 praemio
3535 2663 3592 2707 et

2012 2741 2170 2798 luero
2224 2759 2334 2797 non
2387 2755 2559 2809 caret,
2589 2760 2696 2799 non
2731 2754 2836 2798 tam
2869 2745 2933 2798 ad
2992 2748 3397 2800 lamentantium
3423 2762 3587 2816 quam

2008 2839 2074 2890 ad
2107 2837 2384 2891 moderate
2434 2837 2549 2892 haec
2575 2836 2855 2892 ferendum
2891 2837 3155 2902 adducor,
3191 2838 3319 2891 dum
3371 2854 3590 2893 meeum.

2007 2929 2283 2998 perpendo
2343 2929 2710 2984 conditionem
2746 2945 2896 2999 :qua
2949 2929 3077 2984 hinc
3105 2929 3426 2985 discessisse
3455 2945 3588 3001 pro-

2009 3023 2183 3076 babile
2218 3034 2300 3076 est
2324 3037 2446 3077 eum
2478 3023 2674 3090 quisic
2708 3023 2872 3078 vitam
2909 3021 3167 3089 reliquit;
3225 3023 3462 3078 maxime
3512 3027 3584 3086 si,

2005 3111 2226 3166 virtutis
2274 3113 2454 3167 studio
2505 3113 2749 3179 deditus,
2807 3129 2928 3169 eam
2971 3115 3074 3169 sibi
3125 3131 3224 3185 per
3260 3123 3434 3170 totum
3468 3117 3600 3170 vitae

321 3184 496 3251 φίαις,
521 3184 622 3238 ὅσα
652 3188 709 3239 ὲν
735 3187 970 3259 ὑποδοχῇ
1021 3190 1214 3257 ξένων,
1258 3193 1574 3264 συμπαθείᾳ
1601 3194 1897 3265 δεομένων,

323 3279 409 3297 --_‘.
477 3277 610 3297 '.’_____
675 3278 698 3297 L
747 3277 814 3297 κε·
919 3281 932 3297 ἱ
1035 3282 1077 3297 9‘
1135 3285 1146 3297 ρ
1648 3286 1694 3297 ι..
1880 3291 1889 3297 .

2007 3203 2478 3259 sutecurrieulum
2537 3207 2870 3275 sequendam
2943 3205 3119 3260 duxit.
3177 3205 3326 3261 Talis
3401 3217 3588 3260 autem

321 3279 416 3328 καὶ
474 3277 617 3346 ἅπερ
667 3277 850 3342 ἁπλῶς
885 3281 977 3333 τὸν
1031 3282 1298 3352 ἐλεήμονα
1345 3286 1768 3356 χαρακτηρίζει,
1809 3291 1901 3344 κ.“ι

317 3367 554 3430 δίκαιον,
611 3368 994 3440 εὐλαϐουμένῳ
1036 3374 1095 3426 τὸ
1149 3375 1326 3429 δοκεῖν
1357 3380 1424 3431 τὰ
1453 3381 1630 3434 οἰκεῖα
1679 3381 1898 3453 θαυμά-

319 3456 454 3520 ζειν,
504 3459 552 3509 εί
601 3460 868 3528 πατρικὸν
913 3461 1002 3513 διὰ
1047 3465 1260 3534 μακροῦ
1293 3467 1622 3538 διεξέλθοιμι
1651 3473 1896 3527 ἔπαινον.

319 3550 448 3616 (Kal
475 3543 640 3618 εἶχεν
662 3549 750 3603 ἐτι
776 3551 1068 3621 ἐγκώμιον
1097 3551 1247 3621 εἶτα,
1276 3557 1368 3612 ὅτι
1415 3562 1612 3628 ἱερεὺς
1637 3559 1714 3634 ἦν
1747 3565 1898 3623 Θεοῦ

315 3639 488 3705 ἄξιος
516 3659 527 3668 '
557 3642 689 3710 μεθ’
744 3642 800 3710 ἅ,
849 3644 940 3698 ὅτι
1000 3649 1101 3701 καί
1126 3664 1286 3714 τινες
1332 3651 1594 3718 ἀναξίως
1626 3655 1898 3724 ἐτόλμων

315 3732 607 3800 ιμρᾶσθαι,
645 3737 743 3789 καὶ
797 3739 1172 3808 λειτουργεῖν
1209 3740 1353 3808 Θεῷ,
1392 3744 1493 3798 καὶ
1533 3744 1786 3814 ἔλεγεν·
1832 3749 1895 3802 Ὀ

318 3825 456 3895 πρὸς
487 3828 600 3890 τοῖς
625 3827 808 3891 ἄλλοις
860 3833 1181 3902 ἁτοπήμασι
1242 3834 1458 3898 πολλοῖς
1495 3837 1588 3890 καί⁵
1635 3839 1896 3906 μεγάλοις

315 3918 589 3986 ὑπάρξασι
638 3923 779 3987 τότε,
812 3923 964 3976 οὐδὲν
995 3920 1178 3996 ἧττον,
1213 3927 1260 3979 εί
1288 3927 1366 3998 μὴ
1400 3929 1492 3981 καὶ
1535 3929 1760 3997 μᾶλλον,
1791 3931 1892 4002 τὴν

314 4010 544 4078 σιδηρᾶν
578 4012 708 4082 ἡμῖν
733 4013 808 4076 ὡς
859 4016 1149 4088 ἀστραπὴν
1182 4017 1468 4088 παρώξυνέ
1507 4037 1565 4072 τε
1619 4021 1713 4075 καὶ
1771 4024 1893 4075 ἁνε-

312 4101 576 4155 στίιϐωσε
614 4105 833 4174 ῥάϐδον,
871 4108 963 4160 ἐπὶ
994 4109 1136 4163 ἔθνει
1179 4112 1424 4182 ἀσυνέτῳ
1456 4115 1894 4183 παροργὶσαντος

309 4195 455 4262 ἡμᾶς
489 4196 773 4265 τοῦ-Θεοῦ,
811 4201 901 4252 καὶ
929 4201 1028 4271 τὴν
1056 4202 1167 4255 τῶν
1211 4204 1452 4273 ἀνομιῶν
1479 4207 1637 4276 ἡμῶν
1668 4209 1893 4262 ἐπίσκε-

306 4286 402 4354 ψιν
461 4289 844 4358 ἐργασαμένου
897 4294 958 4346 ὲν
1009 4294 1286 4364 μάστιξιν,
1323 4297 1404 4348 ὅτι
1430 4297 1806 4370 ἐξεκαύθημεν
1833 4303 1892 4354 ἐν

306 4380 426 4440 ταῖς
476 4379 800 4451 ἐπιθυμίαις
831 4385 1016 4454 ἡμῶν,
1065 4387 1159 4439 καὶ
1213 4387 1538 4458 ἀπέστημεν
1592 4391 1686 4444 τοῦ
1723 4393 1888 4462 μόνου

303 4468 605 4537 δυναμένου
633 4474 828 4537 σώζειν
856 4478 1025 4546 ἡμᾶς.
1052 4477 1164 4535 Καί
1184 4475 1334 4545 εἶτα,
1360 4483 1512 4550 μετὰ
1533 4485 1598 4537 τὸ
1621 4483 1891 4548 ἐξειπεῖν

301 4561 403 4613 καὶ
435 4561 595 4616 ἄλλα
624 4566 760 4634 περὶ
788 4568 894 4622 τοῦ
927 4572 1156 4638 πατρὸς
1189 4572 1372 4638 αὐτῷ,
1407 4573 1634 4645 ἐπάγεν

2007 3310 2162 3349 meus
2200 3304 2353 3365 pater
2383 3297 2624 3359 exstitit,
2649 3298 2743 3368 qui
2788 3297 3097 3353 indivulsus
3132 3299 3356 3354 virtutis
3411 3309 3588 3354 secta-

2006 3399 2090 3443 tor
2119 3387 2225 3442 fuit
2260 3399 2313 3443 et
2345 3388 2472 3444 huic
2509 3391 2836 3445 immortuus
2865 3399 2968 3444 est.
3001 3390 3188 3460 Itaque
3211 3392 3382 3445 multa
3404 3407 3584 3446 rerum

2003 3480 2358 3534 [mutabilium
2399 3481 2726 3536 documenta
2784 3481 2980 3537 dedit:
3017 3494 3144 3538 nota
3192 3483 3320 3548 illis,
3384 3483 3590 3552 quibus

2003 3579 2166 3623 notus
2198 3570 2318 3634 fuit,
2345 3571 2548 3625 omnia.
2572 3572 2682 3626 Nec
2713 3571 2845 3625 tnihi
2877 3587 3104 3628 necesse
3126 3583 3231 3638 est,
3258 3587 3587 3626 enumerare

1998 3678 2123 3730 quae
2155 3664 2236 3717 vel
2267 3665 2320 3716 in
2381 3679 2649 3732 pauperes
2695 3666 2964 3734 erogavit,
3031 3664 3110 3718 vel
3142 3665 3194 3717 in
3249 3664 3582 3733 recipiendis

2001 3755 2326 3824 hospitibus,
2375 3755 3002 3825 misericordia:indigis,
3038 3755 3273 3824 benigne
3297 3755 3430 3810 fecit
3493 3756 3577 3808 vel

2000 3848 2088 3901 illa
2117 3849 2317 3918 quibus
2386 3847 2584 3917 aliquis
2611 3849 2962 3917 cognoscitur
3007 3849 3086 3901 vir
3117 3848 3295 3902 bonus
3326 3857 3382 3901 et
3415 3849 3581 3903 mise-

1998 3941 2194 3994 ricors.
2257 3939 2460 3994 Vereor
2511 3941 2680 4002 enim,
2716 3956 2783 3994 ne
2842 3955 2958 3994 mea
2999 3939 3184 3994 videar
3211 3941 3490 4006 admirari,
3526 3941 3576 3993 si

1998 4046 2258 4100 paternas
2288 4034 2441 4102 IOuga
2475 4032 2725 4086 oratione
2765 4047 3112 4101 percenseam
3151 4033 3360 4087 laudes.
3388 4033 3455 4086 Et
3479 4036 3579 4087 ad-

1995 4127 2254 4178 debantur
2276 4125 2431 4194 plura
2487 4126 2542 4177 in
2576 4125 2753 4178 eadem
2784 4125 3028 4193 epistola,
3068 4124 3137 4178 ad
3194 4125 3403 4178 laudem
3430 4126 3587 4181 illius.

1993 4217 2145 4270 viri:
2179 4225 2256 4280 ut,
2292 4216 2432 4282 quod
2465 4216 2713 4268 sacerdos
2767 4215 2954 4284 [uisset
3011 4213 3119 4268 Deo
3173 4213 3386 4282 dignus.
3446 4215 3582 4268 Huic

1997 4310 2112 4362 loco
2151 4307 2397 4360 additum
2427 4308 2691 4377 quosdam
2730 4323 2809 4372 se,
2836 4323 2960 4362 cum
2995 4306 3143 4377 ἀίειιί
3209 4321 3317 4360 non
3368 4318 3576 4371 essent,

1995 4401 2047 4452 iu
2073 4401 2368 4453 sacerdotii
2400 4401 2721 4470 dignitatem
2755 4401 3074 4469 ingessisse,
3121 4409 3176 4454 et
3239 4414 3394 4453 saera
3429 4398 3575 4453 cele-

1993 4492 2202 4546 bra~se.
2242 4491 2344 4546 Ubi
2407 4493 2636 4546 addebat
2677 4509 2696 4546 :
2733 4492 2845 4548 Hoc
2872 4494 3035 4546 etiam
3096 4501 3296 4563 praeter
3343 4492 3450 4546 alia
3481 4494 3578 4544 ab-

1920 4575 1964 4630 D
1993 4587 2184 4652 surda,
2221 4603 2346 4656 qua:
2373 4589 2542 4644 multa
2579 4602 2884 4658 magnaque
2919 4597 3048 4642 tunc
3081 4588 3429 4651 exstiterunt,
3465 4599 3572 4639 non

302 4662 484 4716 minus
508 4661 636 4726 illis,
698 4663 809 4717 imo
867 4665 1040 4719 multo
1099 4668 1296 4736 magis,
1359 4669 1592 4725 ferream
1655 4673 1884 4744 virgam,
1921 4685 2175 4748 tanquam
2211 4683 2410 4752 fulgur,
2441 4685 2495 4738 in
2560 4699 2658 4741 nos
2693 4685 2924 4740 irritavit
2995 4694 3047 4738 et
3100 4685 3391 4739 vibravit:
3464 4691 3586 4738 sto-

299 4761 462 4814 lidam
517 4760 630 4813 Deo
653 4770 868 4828 gentem
937 4761 1076 4816 irate
1118 4764 1172 4817 in
1201 4766 1672 4845 nosimmittente,
1701 4769 2041 4843 ﬂagellisque
2075 4789 2292 4836 nostras
2367 4782 2688 4853 iniquitates
2751 4785 3028 4850 visitante,
3095 4785 3242 4854 quod
3302 4783 3576 4852 cupidita-

301 4855 448 4909 tibus
482 4857 687 4912 nostris
736 4874 1144 4924 exarseramus,
1181 4861 1250 4915 ab
1316 4860 1521 4931 illoque
1585 4865 1679 4932 qui
1741 4865 1892 4919 solus
1956 4883 2286 4928 conservare
2351 4891 2452 4930 nos
2487 4886 2720 4946 poterat,
2779 4876 3182 4932 defeeeramns.
3230 4875 3324 4930 His
3380 4877 3456 4930 ita
3506 4877 3579 4929 de

294 4959 448 5019 patre
473 4951 648 5017 dictis,
682 4961 731 5006 et
757 4955 876 5006 aliis
903 4953 1264 5024 super-additis
1295 4953 1455 5022 infert
1479 4971 1498 5010 :

364 5043 408 5094 Τ
409 5044 619 5096 οιούτου
649 5045 830 5098 τοίνυν
871 5046 1025 5107 ὄντος
1057 5063 1152 5116 μοι
1185 5045 1278 5100 τοῦ
1306 5047 1510 5117 πατρός
1537 5063 1552 5079 ⁸
1580 5049 1628 5101 εί
1653 5050 1886 5118 σφαγεὶς

292 5135 486 5206 ᾤχετο,
553 5140 601 5190 εἰ
651 5137 861 5206 ἄταφος
922 5140 1202 5206 ἐρῤιπται,
1264 5142 1312 5190 εί
1364 5141 1439 5210 μὴ
1507 5142 1607 5211 τῆς
1670 5160 1884 5212 νενομι-

291 5230 501 5300 σμένης
533 5229 834 5299 τετύχηκεν
878 5232 1054 5295 ὁσίας,
1090 5232 1138 5284 εί
1177 5232 1251 5301 μὴ
1283 5233 1350 5286 τὰ
1403 5234 1588 5286 είκότα
1615 5234 1881 5306 τεθρήνη-

291 5339 403 5387 ται,
435 5321 609 5376 ταῦτα
635 5323 700 5392 δὴ
723 5322 792 5376 τὰ
814 5323 924 5376 τῶν
956 5323 1295 5394 μικρολόγων
1340 5327 1436 5376 καὶ
1484 5326 1866 5397 μικροψύχων,

290 5419 339 5471 τί
397 5418 500 5489 τῆς
549 5419 700 5483 θείας
747 5419 969 5490 ἐκείνης
1025 5419 1204 5489 ψυχῆς
1263 5420 1361 5472 καὶ
1413 5421 1872 5492 μεγαλοψυχίαςς

288 5507 498 5564 Οὔκουν
555 5511 665 5563 οὐδ’
693 5511 895 5582 ἤκουσέ
959 5511 1062 5577 μού
1100 5527 1205 5574 τις,
1257 5511 1370 5564 οὐδ’
1416 5511 1734 5579 ἀκούσεται,
1778 5516 1873 5567 τὸν

284 5600 522 5654 τοιοῦτον
573 5602 933 5672 ὀδυρομένου,
977 5603 1089 5655 οὐδ’
1132 5605 1190 5655 ἐν
1243 5601 1404 5673 δεινῷ
1448 5603 1737 5672 τιθεμένου
1780 5606 1874 5660 τὸν

285 5695 481 5759 τρόπον
533 5694 635 5762 τῆς
687 5695 970 5765 τελευτῆς.
1018 5695 1162 5750 Ἀλλ’
1221 5697 1430 5750 ἐκεῖνον
1453 5697 1553 5767 μὲν
1586 5699 1680 5751 ἐπὶ
1731 5703 1868 5754 πᾶσι

286 5783 522 5853 ἡγοῦμαί
557 5801 615 5836 τε
668 5789 764 5838 καὶ
817 5786 1074 5857 ὀνομάζω
1133 5790 1426 5858 μακάριον,
1479 5789 1572 5841 καὶ
1637 5792 1862 5861 μνήμης

285 5878 632 5947 μαρτυρικῆς
666 5878 822 5945 ἀξιῶ,
858 5879 1032 5944 οὕτως
1078 5881 1218 5949 ὑπὲρ
1248 5879 1533 5944 εὐσεϐείας
1579 5883 1862 5938 ἀπολελοι-

2063 5052 2210 5109 Talis
2243 5054 2409 5125 igitur
2452 5069 2578 5110 eum
2651 5055 2783 5109 mihi
2849 5052 3013 5109 fuerit
3069 5063 3267 5124 pater:
3301 5053 3348 5109 si
3403 5051 3573 5107 etiam

1988 5145 2292 5200 trucidatus
2319 5145 2507 5215 periit.
2549 5147 2595 5200 si
2633 5147 2947 5200 inhumatus
3001 5145 3281 5215 proiectus
3324 5145 3448 5209 fuit,
3523 5147 3574 5200 si

1980 5237 2146 5307 justis
2200 5237 2478 5306 exsequiis
2537 5237 2736 5302 caruit,
2777 5235 2825 5292 si
2857 5252 2968 5290 non
3039 5236 3107 5290 de
3139 5251 3290 5289 more
3341 5235 3570 5290 deﬂetus

1982 5339 2086 5395 est,
2121 5330 2251 5400 quid
2284 5328 2420 5395 haec,
2457 5343 2580 5400 quae
2611 5329 2863 5384 homines
2888 5329 2940 5383 in
2976 5330 3156 5399 parvis
3191 5331 3355 5384 rebus
3400 5345 3571 5384 occu—
3609 5359 3612 5362 ~

1978 5425 2115 5494 pati,
2156 5433 2212 5478 et
2246 5423 2445 5492 pusillo
2503 5423 2693 5478 animo
2751 5423 2986 5492 prtediti,
3047 5433 3306 5492 reputare
3367 5423 3570 5487 solent,

1978 5519 2044 5572 ad
2083 5518 2233 5571 illam
2297 5517 2468 5572 divini
2506 5517 2674 5572 animi
2729 5517 3076 5572 altitudinem
3107 5515 3382 5571 attinent?
3416 5518 3536 5582 Qun

1976 5607 2122 5662 circa
2159 5621 2259 5661 nec
2289 5606 2476 5661 audita
2503 5615 2586 5661 est
2618 5623 2717 5661 vox
2748 5621 2866 5660 mea
2887 5606 2958 5660 ab
2992 5606 3126 5671 ullo,
3156 5621 3253 5660 nec
3285 5607 3565 5672 audietur,

1978 5698 2127 5752 hunc
2161 5699 2317 5752 talem
2350 5699 2688 5768 deplorantis
2725 5709 2777 5754 et
2841 5699 3090 5753 dolenter
3145 5697 3336 5753 mortis
3389 5713 3568 5766 genus

1972 5788 2220 5846 ferentis.
2255 5791 2536 5856 Quinitno,
2573 5791 2626 5845 in
2667 5791 2754 5847 his
2782 5791 3036 5846 omnibus
3059 5790 3212 5844 illum
3241 5803 3292 5843 et
3312 5790 3572 5844 existimo

1972 5894 2027 5938 et
2058 5886 2283 5939 nomino
2312 5886 2530 5940 beatum
2569 5901 2581 5937 :
2620 5886 2846 5955 parique
2901 5900 3024 5939 cum
3064 5885 3397 5955 martyribus
3442 5879 3562 5936 tne-
