4100 6428
567 427 705 491 1063

1760 413 2133 475 ΜΑΤΤΗᾹΞΙ
2172 409 2642 472 (ΞΑΜΑῐὶΙΟΤΑῑ

3678 421 3787 484 Ῑῡῦςὶ

562 539 734 594 inuria
789 536 1013 608 dignum
1049 533 1262 605 judico,
1327 531 1418 602 qui
1456 530 1532 585 ita
1585 526 1801 583 fortiter
1824 543 1924 597 pro
1949 527 2157 596 pietate

2264 523 2400 576 πότα
2422 522 2482 575 τὸ
2507 523 2630 592 ζῇν.
2666 521 2931 593 Ἐμαυτὸν
2955 522 3011 577 δὲ
3055 523 3423 596 ἀποδύρομσι,
3455 531 3528 598 μὴ
3571 546 3768 586 κεκοινω

564 631 874 687 Christiana
906 631 1070 685 vitam
1098 626 1424 699 profuderit.
1459 623 1534 678 De
1569 639 1656 676 me
1689 621 1876 692 potius
1903 619 2149 689 deploro,

567 723 661 792 qui
701 737 810 777 non
867 721 1052 776 socius
1083 719 1130 773 ei
1167 716 1364 770 mortis
1390 713 1587 768 fuerim
1626 726 1727 766 nec
1761 709 1965 780 dignus
2000 707 2154 762 habi-

566 826 656 871 tus
678 826 734 869 ut
788 829 914 868 cum
948 812 1038 867 illo
1069 810 1323 865 similiter
1375 823 1406 863 e
1439 807 1548 860 vita
1582 804 1790 860 abirem
1827 819 1841 857 :
1881 812 1941 856 ut
1969 817 2038 856 ue
2065 800 2156 855 hic

569 907 840 962 moriendi
875 904 1071 960 modus
1105 903 1238 958 mihi
1269 901 1493 971 praemio
1522 899 1893 962 caruisset,ut
1918 895 1998 950 sic
2027 909 2159 948 one-

569 1016 633 1054 re
656 1013 1027 1054 aerumnarum
1072 997 1341 1051 liberatus
1389 1008 1589 1056 essem,
1643 1001 1699 1047 et
1746 989 2154 1059 insequentium

571 1091 827 1145 dolorum
859 1104 1026 1144 sensu
1063 1089 1309 1158 privatus
1343 1101 1483 1156 quos
1507 1093 1561 1140 et
1590 1085 1701 1139 huc
1747 1097 1921 1152 usque
1958 1095 2157 1151 passus

575 1200 722 1246 sum,
756 1192 811 1239 et
843 1182 1074 1252 posthac
1107 1180 1306 1234 talibus
1329 1178 1675 1247 temporibus
1705 1175 1897 1245 patiar.
1932 1173 2066 1228 Nam
2092 1187 2160 1226 ne

574 1289 703 1343 spes
731 1272 948 1342 quidem
978 1271 1085 1324 ulla
1118 1269 1364 1324 melioris
1396 1269 1660 1337 deinceps
1700 1267 1934 1320 fortuna;
1971 1265 2160 1319 relicta

573 1375 682 1422 est.
706 1365 854 1420 Adeo
896 1364 1096 1434 quippe
1131 1379 1217 1416 res
1245 1362 1560 1417 Christiana
1603 1367 1876 1430 prostrata
1928 1359 2074 1430 jacet
2105 1368 2164 1414 ut

576 1458 652 1512 illi
685 1459 776 1528 qui
809 1455 1248 1513 Christianorum
1312 1468 1509 1507 nomen
1550 1461 1772 1526 gerunt,
1830 1451 1993 1520 hujus
2050 1452 2159 1504 vim

576 1565 808 1623 prorsus
866 1548 1278 1619 abuegaverint,
1311 1546 1442 1600 dum
1473 1559 1535 1599 ea
1575 1543 1761 1599 cuncti
1814 1543 2017 1597 audent
2041 1556 2164 1610 quae

575 1643 748 1698 Deum
774 1641 839 1696 ad
876 1639 1309 1710 indignationem
1336 1626 1670 1707 provocant:
1707 1634 1966 1702 ut,cujus
2000 1634 2163 1688 bene-

579 1735 700 1790 ficia
735 1744 790 1789 et
833 1733 1190 1802 multiplicem
1251 1728 1481 1784 sanandi
1523 1727 1824 1783 bonitatem
1859 1741 1969 1781 non
1993 1741 2164 1796 agno-

577 1834 800 1885 verunt,
826 1824 946 1895 ejus
973 1824 1108 1878 iram
1129 1822 1309 1892 justas
1335 1835 1529 1891 poenas
1557 1820 1624 1874 de
1684 1819 1943 1888 peccatis,
1977 1833 2006 1871 a
2033 1820 2161 1887 qui-

2257 613 2464 683 νηκότα
2507 613 2608 683 τῆς
2662 613 2925 683 τελευτῆς
2981 614 3058 686 τῷ
3095 617 3285 688 πατρὶ,
3320 619 3456 688 μηδὲ
3512 620 3653 688 ἄξιον
3697 641 3794 694 κρι-

2259 702 2448 769 θέντα,
2489 705 2898 774 παραπλησίως
2932 709 3128 775 ἐκείνῳ
3154 708 3250 762 τοῦ
3296 709 3397 781 ζῇν
3423 709 3527 777 ἔξω
3556 715 3792 782 γενέσθαι,

2259 795 2345 848 ἵνα
2375 796 2440 865 δὴ
2477 796 2551 866 μὴ
2606 797 2840 866 ἄμισθος
2871 800 2899 851 ό
2950 801 3150 868 τρόπος
3181 819 3275 871 μοι
3317 806 3416 874 τῆς
3468 806 3702 878 τελευτῆς
3723 805 3792 879 ἦν,

2258 886 2353 940 τοῦ
2381 905 2442 940 τε
2469 889 2696 958 φορτίου
2734 891 2844 941 τῶν
2880 891 3072 944 παθῶν
3107 894 3570 965 ὑποτεμνόμενος,
3600 899 3685 952 καί
3709 900 3796 953 τῶν

2259 976 2528 1046 ἁλγεῖνῶν
2580 981 2690 1032 τῶν
2740 981 2880 1050 μετά
2943 983 3119 1038 ταῦτα
3170 987 3661 1060 ἀπαλλαττόμενος,
3691 993 3721 1046 ἃ
3747 1011 3794 1045 τε

2261 1071 2506 1141 ὑπέστην
2533 1074 2590 1136 ἐς
2621 1073 2804 1144 δεῦρο,
2833 1075 2929 1128 καὶ
2979 1077 3126 1149 ἆπερ
3158 1079 3216 1132 ὲν
3248 1081 3478 1150 τοιούτῳ
3508 1082 3672 1157 καιρῷ
3697 1085 3801 1144 ὐπο-

2265 1165 2560 1232 στήσομαι.
2594 1165 2673 1220 Ού
2737 1167 2846 1237 γὰρ
2879 1169 2992 1222 οὐδ’
3018 1169 3175 1236 ἐλπὶς
3226 1175 3363 1245 ἡμῖν
3401 1176 3584 1232 λοιπὸν
3622 1181 3799 1244 οὐδενὸς

2271 1255 2562 1322 τεύξεσθαι
2588 1263 2980 1332 χρηστοτέρου.
3009 1263 3169 1343 Οὕτω,
3207 1266 3279 1320 τὰ
3323 1269 3657 1338 Χριστιανῶν
3686 1274 3800 1341 ἄγαν

2265 1351 2432 1415 νοσεῖ,
2462 1349 2546 1403 ὅτι
2590 1352 2652 1403 τὸ
2690 1350 3046 1421 Χριστιανῶν
3089 1355 3260 1427 ὄνομα
3305 1361 3685 1430 περικείμενοι,
3723 1364 3800 1431 τὴν

2264 1439 2360 1492 τοῦ
2391 1441 2650 1510 ὀνόματος
2686 1446 3039 1500 παντάπασιν
3077 1449 3344 1520 ἧρνηνται
3378 1452 3618 1520 δύναμιν,
3640 1456 3793 1508 ὲκεῐνα

2267 1533 2474 1594 πάντες
2499 1534 2811 1605 τολμῶντες
2849 1539 2887 1593 ἀ
2927 1538 3024 1610 τὴν
3063 1540 3157 1595 τοῦ
3193 1541 3333 1597 Θεοῦ
3368 1547 3508 1598 κινεῖ
3531 1547 3800 1616 ἀγανάκτη-

2269 1641 2377 1690 σιν,
2409 1625 2518 1692 ἵνα,
2544 1625 2603 1680 ὃν
2642 1629 3062 1700 εὐεργετοῦντα,
3099 1635 3195 1687 καὶ
3227 1636 3490 1700 ποικίλως
3516 1637 3800 1707 θεραπεύον-

2267 1734 2357 1782 τα,
2409 1718 2508 1772 ούκ
2540 1719 2890 1790 ἐπέγνωσαν,
2927 1723 3118 1781 τοῦτον
3178 1725 3336 1791 δίκας
3388 1728 3802 1798 εἰσπραττόμενοί

2269 1811 2566 1880 ὲπιγνοῐεν,
2611 1808 2686 1868 ὧν
2743 1813 3184 1888 ἀμεταμελήτως
3237 1813 3676 1890 πλημμελοῦντες
3723 1819 3801 1871 οὐκ

581 1920 686 1975 bus
720 1916 1097 1988 pestilentiam
1143 1916 1358 1984 agendo
1413 1928 1472 1969 se
1539 1921 1790 1967 avertere
1845 1910 2166 1977 noluerunt,

2275 1905 2677 1977 ἐπεστρέφοντο
2696 1923 2708 1938 '
2741 1909 2854 1962 οὐδ’
2885 1911 2944 1961 ὲν
2967 1909 3046 1981 τῷ
3107 1912 3400 1981 μαστίζειν
3452 1909 3801 1981 πατρικῶςτοῦ

579 2011 870 2081 exigentis,
904 2016 1234 2078 cognoscant
1263 2022 1280 2062 :
1313 2005 1409 2077 qui
1441 2015 1621 2061 tamen
1660 2020 1726 2058 ne
1758 2005 1901 2058 inter
1932 2003 2170 2073 punien-

580 2104 708 2158 dum
731 2100 974 2172 quidem,
1007 2109 1296 2170 paternum
1347 2100 1593 2153 animum
1635 2113 1664 2152 a
1705 2106 1892 2154 nostra
1928 2096 2166 2152 utilitate

581 2196 781 2251 avertit
815 2213 830 2250 :
866 2209 990 2259 quze
1018 2201 1166 2248 certe
1196 2192 1251 2247 in
1287 2192 1606 2246 universum
1675 2190 1816 2246 ratio
1870 2200 1955 2246 est
1984 2189 2169 2246 omnis

582 2289 773 2356 virgae,
807 2302 971 2356 quam
1003 2286 1148 2341 Deus
1180 2285 1463 2341 concutit:
1488 2283 1616 2338 dum
1648 2291 1745 2337 aut
1787 2282 1918 2338 vitia
1972 2297 2170 2352 ampu-

579 2387 682 2441 tat,
714 2387 810 2431 aut
839 2386 1158 2446 peccatores
1185 2375 1412 2444 corrigit
1435 2383 1491 2428 et
1542 2373 1778 2428 reducit.
1823 2372 2167 2440 Quamquam

583 2486 651 2524 ne
680 2469 928 2540 flagellati
959 2469 1178 2539 quidem
1213 2467 1461 2538 plerique
1493 2466 1562 2520 ad
1603 2466 1888 2522 meliorem
1927 2475 2166 2521 mentem

582 2562 764 2617 redire
801 2562 1011 2624 volunt,
1040 2560 1202 2631 plane
1224 2559 1367 2614 vitiis
1415 2575 1474 2614 se
1530 2557 1814 2623 dedentes,
1841 2559 1913 2613 ita
1947 2567 2008 2613 ut
2061 2558 2172 2614 sint

582 2654 934 2710 incurabiles.
968 2653 1109 2720 Quid
1141 2667 1273 2724 ergo
1323 2653 1518 2706 mirum
1553 2652 1653 2715 sit,
1687 2651 1888 2706 talibus
1926 2651 2172 2721 quotidie
2203 2693 2216 2703 .

581 2747 860 2814 tantisque
880 2743 1074 2813 subjici
1112 2744 1271 2798 malis
1289 2743 1313 2796 ἲ
1339 2743 1411 2797 De
1433 2756 1518 2795 me
1540 2741 1723 2811 itaque
1740 2743 1936 2796 merito
1964 2744 2170 2796 lamen-

586 2846 672 2890 tor
694 2835 766 2891 ob
817 2835 954 2894 haec.
1013 2841 1218 2905 patrem
1261 2845 1389 2886 vero
1425 2831 1479 2886 in
1513 2845 1801 2884 numerum
1855 2843 2046 2883 eorum
2079 2829 2172 2898 qui

583 2927 846 2998 martyrio
884 2925 1224 2996 reliquerunt
1254 2925 1444 2987 vitam,
1479 2924 1679 2988 refero,
1718 2937 1826 2976 non
1863 2922 2024 2976 modo
2049 2937 2175 2991 pro-

583 3025 704 3083 pter
737 3028 910 3082 geuus
941 3013 1156 3076 mortis,
1186 3012 1280 3066 sed
1307 3011 1471 3066 etiam
1504 3018 1720 3080 propter
1739 3011 1862 3064 vita:
1917 3009 2178 3064 innocen-

586 3107 719 3160 tiam
752 3113 806 3159 et
832 3105 1047 3174 longam
1078 3101 1273 3156 animm
1303 3100 1752 3169 praeparatiOnem
1775 3099 1843 3152 ad
1863 3098 2035 3154 illam.
2063 3097 2176 3153 llac

589 3212 723 3266 ergo
751 3195 1086 3265 cogitatione
1126 3191 1446 3246 memoriam
1517 3190 1638 3261 ejus
1677 3205 1888 3260 usurpo
1919 3191 2175 3259 diemque

2277 1995 2590 2062 λυσιτελοῦς
2624 1998 3001 2071 ἀφιστάμενον
3025 2016 3041 2034 ο
3074 2001 3134 2066 ὃς
3175 2002 3242 2074 δὴ
3277 2003 3505 2057 καθόλου
3540 2002 3698 2070 λόγος,
3725 2000 3804 2052 πά-

2285 2104 2383 2158 σης
2413 2089 2678 2160 μάστιγος
2717 2093 3070 2163 κινουμένης,
3123 2093 3395 2165 θεόθεν,ἢ
3450 2091 3801 2165 περιαιρούσης

2280 2179 2382 2249 τὴν
2409 2181 2631 2245 κακίαν,
2657 2180 2690 2250 ἢ
2729 2183 2858 2246 τοὺς
2872 2183 3332 2256 πλημμελοῦντας
3355 2184 3732 2255 ὲπανορθούσης
3758 2198 3802 2234 τε

2281 2271 2378 2324 καὶ
2445 2272 2863 2344 ἀνακτωμένης.
2928 2274 3125 2329 Καίτοι
3191 2277 3314 2330 οὐδὲ
3369 2277 3724 2347 μαστιζόμενοι
3765 2272 3803 2325 οι

2283 2363 2553 2429 πλείονες,
2597 2364 2696 2436 οὐχ
2755 2365 3044 2436 αἱροῦνται
3091 2370 3519 2441 σωφρονέστεροι
3571 2365 3800 2437 γενέσθαι,

2281 2455 2537 2524 καθάπαξ
2578 2456 2774 2510 ἑαυτοῦ
2804 2456 2883 2528 τῷ
2913 2457 3006 2513 τοῦ
3060 2459 3270 2524 πάθους
3303 2462 3505 2531 ἀνιάτῳ
3549 2456 3799 2513 ἐκδεδωκό-

2281 2563 2394 2609 τες.
2423 2551 2517 2602 Διὸ
2552 2551 2646 2603 καὶ
2675 2548 2785 2602 τῶν
2817 2551 3076 2604 τοιούτων
3111 2551 3265 2606 ἐστιν
3294 2556 3581 2624 ὁσημέραι,
3627 2551 3709 2604 καὶ
3739 2564 3802 2599 το-

2285 2640 2498 2694 σούτων
2532 2641 2834 2712 πειρᾶσθαι
2885 2642 3098 2698 δεινῶν.
3143 2645 3412 2715 Ἐμαυτὸν
3470 2644 3563 2712 μὲν
3590 2641 3672 2695 οῦν
3694 2638 3804 2692 είκό-

2282 2751 2390 2796 τως
2421 2734 2796 2804 ἁποκλαίομαι
2827 2736 2921 2788 ἐπὶ
2961 2738 3173 2798 τούτοις
3197 2751 3212 2766 °
3253 2737 3344 2790 τὸν
3395 2737 3452 2790 δὲ
3511 2733 3700 2803 πατέρα
3720 2731 3805 2789 τοῖς

2287 2824 2647 2895 μαρτυρικῶς
2681 2824 3069 2879 ἀπολελοιπόσι
3121 2825 3214 2879 τὸν
3248 2827 3362 2897 βίον
3395 2827 3624 2880 ἑντάττω
3660 2820 3712 2874 οὗ
3744 2815 3803 2884 τῷ

2283 2916 2472 2986 τρόπῳ
2511 2916 2670 2985 μόνον
2713 2916 2812 2986 τῆς
2860 2916 3141 2988 τελευτῆς,
3189 2919 3331 2971 ἀλλά
3369 2919 3462 2971 καὶ
3507 2919 3570 2986 τῇ
3617 2907 3804 2976 καθαρὸ-

2255 3024 2407 3078 ,τητι
2439 3008 2534 3061 τοῦ
2569 3008 2710 3077 βίου,
2740 3010 2835 3062 καὶ
2884 3011 2951 3080 τῇ
3003 3010 3140 3079 πρός
3166 3011 3341 3082 αὐτὴν
3385 3011 3447 3062 ἐκ
3499 3001 3691 3078 μακροῦ
3723 3014 3803 3051 πα·

2289 3103 2531 3171 ρασκευῗι
2567 3101 2667 3170 τῆς
2693 3098 2894 3170 ψυχῆς.
2924 3103 3034 3155 Καὶ
3067 3101 3244 3165 οὕτως
3283 3101 3447 3156 αὑτοῦ
3475 3099 3680 3170 μνήμην
3715 3106 3805 3144 ποι-

2285 3194 2479 3266 οῦμαι,
2535 3195 2631 3248 καὶ
2695 3193 2794 3265 τὴν
2855 3197 3070 3269 ἡμέραν
3119 3197 3286 3268 τιμῶ,
3341 3197 3464 3268 ητις
3503 3195 3690 3247 ἐκεῖνον
3721 3178 3802 3237 εἶδε

587 3289 747 3342 illiilli
779 3287 992 3340 honoro
1019 3284 1112 3354 qui
1142 3284 1322 3354 gladio
1358 3293 1700 3354 peremptum
1773 3283 1909 3338 vidit
1936 3301 1948 3338 :
1978 3283 2173 3353 gladio,

2290 3287 2568 3358 μαχαίρας
2634 3287 2798 3358 ἔργον
2837 3288 3205 3359 γεγενημένον
3250 3289 3538 3361 μαχαίρας,
3585 3283 3617 3354 ἦ
3660 3274 3804 3332 δεινῶν

588 3381 680 3450 qui
707 3379 1064 3433 intolerandis
1093 3393 1218 3432 eum
1252 3377 1414 3435 malis
1445 3377 1720 3445 liberavit,
1745 3376 1841 3446 qui
1877 3376 1930 3431 in
1961 3385 2173 3432 sanctos

2288 3379 2581 3448 ἀφορήτων
2611 3378 2952 3450 ἀπήλλαξεν,
2980 3381 3015 3452 ἢ
3064 3384 3177 3441 τοῖς
3227 3384 3468 3451 μάρτυσι
3523 3371 3806 3444 συνηριθμη’

591 3479 859 3539 martyres
889 3468 1072 3522 retulit
1093 3468 1210 3538 qui,
1242 3474 1301 3521 ut
1331 3468 1553 3522 credere
1576 3482 1673 3537 par
1699 3474 1804 3531 est,
1860 3468 1907 3522 ei
1947 3477 1999 3523 et
2026 3483 2173 3524 c0rot

2289 3487 2402 3536 σεν,
2423 3471 2594 3542 ἥπερ,
2627 3473 2703 3535 ὼς
2729 3473 2894 3540 εἰκὸς,
2929 3490 2997 3527 πε
3007 3474 3296 3545 ριέστεψεν
3319 3474 3564 3537 αἰωνίως,
3584 3469 3667 3522 καὶ
3688 3459 3805 3532 lapti-

588 3575 717 3615 nam
771 3568 1031 3615 aeternam
1059 3560 1338 3629 imposuit,
1371 3568 1422 3614 et
1467 3561 1807 3614 sacerdotem
1870 3558 2173 3614 victimam-

2287 3564 2380 3616 καὶ
2405 3564 2603 3633 ἱερεῖον
2625 3564 2705 3634 τῷ
2724 3563 2965 3636 ἀληθινῷ
2999 3566 3094 3620 καὶ
3124 3566 3272 3636 μόνῳ
3292 3564 3531 3637 ἀρχιερεῖ
3548 3554 3735 3630 Χριστῷ
3750 3547 3807 3616 τῷ

589 3667 698 3722 que
741 3667 872 3708 vero
916 3652 1191 3721 nnicoque
1232 3649 1494 3706 Pontifici
1522 3651 1743 3706 Christo
1772 3649 1880 3704 Deo
1905 3651 2128 3706 adduxit
2167 3667 2173 3704 :

2286 3654 2408 3723 Θεῷ
2460 3657 2846 3726 παρέστησεν·
2876 3655 2936 3710 δν
2973 3658 3162 3710 ἐπόθει
3217 3661 3317 3712 καὶ
3346 3659 3513 3720 ἔπνει,
3545 3645 3681 3720 ᾧπερ
3715 3643 3806 3706 ἔζη.

589 3759 752 3816 quem
783 3743 1131 3800 desiderabat
1169 3751 1225 3799 et
1291 3745 1556 3814 spirabat,
1616 3743 1705 3798 cui
1777 3743 2018 3807 vivebat,
2087 3759 2173 3814 prc

2289 3747 2462 3818 οὗπερ
2527 3749 2825 3816 τέ’)νηκεν⁸
2887 3750 3026 3820 πρὸς
3076 3749 3137 3802 δν
3180 3750 3459 3814 ἀνέλυσεν,
3519 3739 3560 3812 ᾦ
3597 3741 3805 3794 σύνεστι·

590 3853 702 3906 quo
726 3839 860 3895 obiit
885 3854 900 3904 ;
927 3839 995 3893 ad
1025 3853 1187 3908 quem
1224 3846 1484 3907 tanquam
1518 3851 1549 3891 e
1577 3837 1882 3891 diversorio
1908 3836 2173 3904 discessit,

2290 3839 2458 3909 θύτης
2503 3841 2794 3911 πρότερον,
2825 3842 2918 3895 καὶ
2967 3842 3118 3911 θῦμά
3147 3858 3208 3896 τε
3249 3841 3576 3904 τελευταῖον,
3609 3835 3633 3888 ό
3681 3825 3805 3884 αὐτὸς

589 3945 856 3998 cumquo
883 3938 1192 3984 versatur:
1257 3928 1397 3984 idem
1464 3937 1624 3983 antea
1695 3928 1976 3994 sacerdos,
2036 3929 2180 3984 idem
2287 3931 2547 4002 γεγονώς.

589 4034 866 4093 postremo
892 4039 1036 4077 nunc
1074 4023 1319 4078 victima.

661 4114 739 4170 Illi
771 4131 925 4180 sane,
953 4115 1046 4170 tali
1076 4115 1216 4180 viro,
1254 4117 1392 4170 bene
1443 4115 1758 4171 consultum
1808 4125 1912 4181 est,
1965 4118 2058 4187 qui
2109 4119 2173 4173 ad

2369 4114 2532 4169 ’Λλλά
2565 4116 2644 4187 τῷ
2674 4115 2776 4187 μὲν
2801 4116 3031 4187 τοιούτῳ
3060 4118 3203 4171 πάνυ
3254 4121 3438 4182 καλῶς
3471 4117 3500 4186 ἠ
3535 4099 3808 4184 μεταφοίτη·

592 4207 836 4261 caalestia
868 4208 1008 4262 bona
1041 4207 1323 4262 transierit
1353 4223 1368 4261 :
1401 4207 1560 4262 nobis
1590 4213 1754 4272 vero,‘
1775 4209 1868 4276 qui
1895 4208 1947 4261 in
1981 4209 2173 4265 miscr-

2292 4223 2374 4270 σις
2410 4209 2488 4270 είς
2530 4204 2598 4260 τά
2630 4210 2811 4266 ἐκεῖσε
2848 4209 3033 4276 ἀγαθά
3055 4225 3072 4242 ⁸
3103 4211 3235 4280 ἡμῖν
3282 4211 3361 4278 δὲ,
3396 4209 3506 4262 ὅσοι
3538 4198 3808 4270 περίεσμεν.

533 4358 542 4364 ν
593 4300 732 4352 rima
757 4299 1022 4353 servitute
1057 4299 1232 4354 relicti
1261 4315 1476 4366 sumus,
1539 4299 1724 4353 omnia
1777 4315 1836 4356 se
1890 4316 2083 4356 omnes
2134 4302 2168 4355 ii

2288 4298 2369 4350 ἔτι
2401 4299 2500 4369 τὴν
2561 4300 2767 4369 πικρὰν
2823 4303 3085 4372 φέροντες
3139 4303 3408 4367 δουλείαν,
3461 4297 3622 4351 πάντα
3673 4283 3811 4344 πάντη

529 4451 545 4467 .
594 4403 777 4462 partes
798 4392 939 4446 male
968 4392 1192 4447 habent.
1219 4391 1282 4446 Et
1309 4393 1529 4462 quidem
1560 4393 1650 4447 illa
1675 4409 1796 4463 qua:
1815 4398 2173 4450 communiter

2289 4391 2569 4462 δυστυχῶς
2595 4392 2730 4464 ἔχει.
2767 4393 2870 4447 Καὶ
2899 4395 2969 4447 τὰ
2995 4395 3094 4465 μὲν
3125 4397 3281 4450 κοινὰ
3309 4398 3493 4457 πᾶσιν,
3519 4391 3609 4442 ὅσα
3626 4383 3811 4467 ἕκαστος

590 4498 783 4537 οιιιιιθε
810 4493 865 4538 et
896 4483 1095 4551 singuli
1127 4485 1272 4552 passi
1297 4499 1515 4550 sumus,
1546 4485 1601 4539 in
1633 4485 1919 4552 praesentia
1952 4502 2173 4543 οοιηιιιθ·

2292 4484 2516 4548 ἔπαθεν,
2565 4486 2625 4538 ὲν
2671 4483 2748 4556 τῷ
2786 4487 3015 4556 παρόντι
3048 4486 3356 4558 ὀδύρεσθαι,
3392 4485 3478 4540 καὶ
3523 4465 3813 4538 ἐπεκδιηγεῖ·

595 4574 862 4627 morando
896 4574 1178 4642 deplorare
1205 4589 1676 4644 supervacaneum
1704 4584 1809 4630 est.
1843 4577 1900 4633 Si
1930 4592 2058 4634 vero
2112 4580 2173 4633 ad

2257 4618 2259 4635 μ
2297 4575 2422 4628 σθαι
2459 4576 2738 4646 περιττόνο
2787 4580 2836 4630 εί
2883 4579 2940 4630 δὲ
2983 4579 3054 4632 τὰ
3097 4580 3270 4633 οἰκεῖα
3312 4579 3596 4647 ποιήσομαι
3637 4563 3811 4654 θρῇγθνν

595 4667 818 4732 propria
847 4673 900 4718 et
929 4665 1227 4719 domestica
1262 4677 1584 4721 convertam
1624 4667 1852 4734 luctum,
1889 4670 2005 4723 lucc
2051 4685 2188 4740 quo-

595 4770 703 4823 que
732 4757 1042 4809 communis
1073 4757 1318 4811 omnium
1340 4759 1564 4828 querela
1591 4767 1695 4824 est,
1711 4759 1855 4828 quod
1885 4775 1915 4814 a
1939 4775 2187 4815 conlinu-

596 4847 760 4901 nione
783 4847 945 4914 hujus
976 4848 1154 4902 luctus
1215 4851 1469 4904 exclusus
1493 4849 1565 4905 sit
1585 4864 1763 4904 nemo.
1790 4850 1999 4906 Cuncta
2032 4853 2188 4910 nobis

597 4939 851 5008 prazsidia
883 4949 937 4995 et
966 4951 1291 4996 ornamenta
1339 4941 1502 4997 simul
1573 4957 1685 4996 uno
1739 4941 1943 5014 impetu
2002 4957 2188 5016 erepta

599 5041 748 5086 sunt.
776 5029 956 5086 Patria
980 5042 1136 5102 capta
1158 5042 1264 5096 est,
1297 5033 1457 5104 cujus
1486 5035 1618 5095 urbs
1649 5035 1702 5088 in
1743 5038 1936 5100 terris,
1989 5038 2190 5094 similis

600 5123 773 5189 nulla,
807 5124 901 5178 sed
932 5124 1204 5193 ejusmodi
1232 5140 1354 5194 qua:
1387 5140 1492 5178 non
1524 5125 1763 5181 humana
1795 5130 2032 5198 potuerit
2095 5146 2191 5186 ex-

598 5213 733 5268 strui
777 5229 962 5268 manu.
991 5213 1214 5277 Eadem,
1247 5215 1627 5282 magnitudine
1671 5225 1727 5272 et
1779 5220 2187 5288 pulchritudine

605 5306 956 5374 praestabilis,
1009 5304 1121 5358 situ
1179 5315 1233 5358 et
1281 5316 1568 5363 venustate
1625 5309 1975 5380 splendens:
2017 5331 2184 5385 quam

598 5398 872 5452 allii-mare
897 5401 1142 5454 omnium
1169 5400 1381 5470 uspiam
1437 5402 1655 5458 urbium
1711 5408 2005 5461 maximam
2068 5411 2187 5476 pul-

601 5490 1047 5562 cherrimamquc
1072 5494 1272 5556 ausim,
1293 5510 1456 5564 quam
1491 5512 1652 5550 unam
1679 5512 1871 5554 omnes
1893 5501 2189 5570 sperabant

599 5594 653 5636 et
678 5584 998 5649 credebant,
1036 5585 1090 5638 in
1120 5596 1439 5656 perpetuum
1467 5594 1536 5643 ah
1570 5592 1825 5647 omnibus
1865 5608 2184 5649 mansuram

604 5673 1098 5746 inexpugnabilem,
1175 5681 1263 5733 cui
1318 5683 1618 5737 secundum
1687 5683 1880 5749 Deum,
1946 5687 2190 5742 universi

601 5764 832 5817 salutem
867 5767 1162 5820 credebant
1193 5785 1346 5824 suam
1391 5786 1404 5821 :
1431 5787 1554 5842 qua:
1585 5772 1630 5828 si
1655 5774 1847 5828 oculus
1878 5777 2188 5844 appelletur

603 5852 754 5907 orbis
787 5865 959 5922 terrae,
993 5867 1085 5910 aut
1130 5875 1245 5926 cor,
1279 5879 1306 5916 a
1335 5879 1462 5918 vero
1495 5879 1599 5920 non
1634 5867 1940 5934 abcrretur,
1970 5871 2033 5922 de
2073 5884 2191 5938 qua

2291 4668 2448 4720 κοινά
2499 4668 2816 4728 καὶταῦτα
2849 4671 3018 4724 πᾶσιν
3058 4667 3201 4726 εἶναι
3248 4668 3560 4744 συμῦαίνει·
3586 4661 3658 4712 ὅτι
3697 4649 3749 4710 δὴ
3769 4657 3815 4748 ξ)

2291 4758 2425 4812 αὐτὸ
2457 4762 2612 4830 κοινῇ
2645 4762 2848 4823 πάντες
2889 4762 3242 4831 πεπόνθαμεν
3279 4743 3488 4821 πένθος.
3524 4753 3685 4841 Πάνυι
3709 4743 3812 4841 illa?

2291 4853 2491 4921 ἀθρόον
2555 4851 2728 4923 ᾤχετο
2756 4857 2824 4910 τὰ
2856 4855 3016 4912 καλά.
3063 4855 3128 4909 Ἠ
3158 4858 3358 4928 πατρὶς
3407 4851 3561 4910 ἑάλων
3596 4839 3726 4928 πδλίέ
3767 4839 3812 4878 ⁰⁰

2293 4947 2436 4998 κατὰ
2469 4946 2564 5010 τὰς
2600 4950 2658 5000 ὲν
2688 4951 2759 5019 γῇ
2790 4949 2974 5012 πόλεις
3006 4951 3248 5017 ἁπάσας,
3275 4926 3421 5006 ἀλλὰ
3448 4939 3620 5014 σχεδὸν
3646 4926 3812 5024 Mon

2293 5037 2457 5108 πίνης
2485 5013 2759 5109 κρείττων
2783 5040 2985 5110 χειρός.
3024 5041 3090 5095 Ἦ
3118 5013 3280 5113 αὕτη,
3308 5039 3507 5113 μεγάλη
3524 5048 3577 5116 τε
3599 5025 3680 5116 καὶ
3695 5013 3808 5116 lculi

2295 5127 2444 5181 θέσει
2477 5130 2574 5182 καὶ
2604 5109 2795 5200 χάρισι
2821 5109 3230 5202 διαλάμπουσα,
3247 5109 3352 5185 ’κάι
3375 5109 3540 5183 εἰπεῖν
3568 5115 3664 5170 τῶν
3687 5109 3738 5202 ,ἦν
3761 5109 3812 5202 ΥΒ

2294 5221 2488 5276 πασῶν
2520 5198 2756 5294 μεγίστη
2789 5241 2850 5276 τε
2884 5198 2998 5277 καὶ⁷
3023 5227 3287 5296 καλλίστη
3309 5245 3324 5258 ο
3350 5224 3437 5294 ’ἢν
3468 5216 3623 5288 μόνην
3651 5198 3812 5296 “ﬁt?

2294 5312 2363 5366 δι’
2395 5314 2592 5378 αἰῶνος
2649 5315 2880 5387 ἠλπιζόν
2934 5334 2994 5370 τε
3027 5320 3122 5370 καὶ
3170 5319 3453 5371 ἐπίστευον
3484 5303 3722 5387 ἀνάλωῖσν
3766 5283 3814 5332 ἐκ

2295 5409 2514 5460 πάντων
2545 5407 2986 5478 διαγενήσεσθαι·
3078 5411 3218 5480 μετᾶ
3247 5410 3378 5465 Θεὸν
3401 5406 3494 5474 τὴν
3523 5385 3710 5451 ἑαυτῶν
3733 5389 3812 5482 σθ’

2301 5502 2498 5571 τηρίαν
2531 5502 2818 5556 ἐπίστευον
2851 5478 3116 5566 ἅπαντες.
3142 5504 3210 5574 ἢν
3235 5496 3500 5572 ὀφθαλμόν
3528 5501 3604 5546 τιὶ

2299 5561 2421 5689 πιῧγ
2444 5595 2545 5689 τῆς
2578 5594 2712 5664 γῆς.
2742 5595 2775 5689 ι
2803 5595 3052 5689 ⁵κοιρδίοιν
3212 5561 3566 5689 meam
3584 5573 3676 5689 331‘
3698 5561 3816 5689 ,ἵῘὲ

2295 5645 2775 5754 delegare:
2798 5645 3011 5763 5a.;
3034 5645 3190 5756 ae.
3219 5645 3436 5757 3......
3463 5673 3558 5745 ἦν·
3584 5645 3791 5784 nam

2301 5777 2572 5848 κληθῆναι
2607 5779 2837 5848 πολίτην
2884 5779 2980 5846 οὐχ
3032 5781 3065 5848 ἡ
3100 5779 3338 5848 τυχοῦσα
3383 5768 3615 5826 ὑπόθεσις
3647 5759 3714 5803 εις
3740 5755 3809 5868 ἒξὶ

3420 5865 3430 5868 _
3485 5860 3503 5868 _
3556 5845 3683 5868 in“

2299 5886 2393 5936 γον
2441 5872 2759 5943 φιλοτιμίας
2787 5886 2800 5900 ‘
2841 5874 2872 5942 ἡ
2917 5871 3142 5941 τοιαύτη
3195 5870 3372 5925 τοίνυν
3410 5860 3529 5932 ἡμῖν
3551 5849 3700 5902 ’ὲὰλωρ
3740 5839 3792 5878 κα
