4100 6436
302 413 440 479 1065

1324 402 1824 468 LAMENTATIO
1849 401 1946 463 DE
1976 400 2199 462 CPOLl
2235 400 2502 461 CAP'I‘A.

3432 397 3565 464 1066

297 524 627 597 τηλικαύτη,
655 522 876 596 πατρίς·
915 522 948 593 ή
992 519 1283 590 Ῥωμαίων
1315 518 1561 575 ἐκποδὼν
1612 519 1880 590 βασιλείαο

1998 515 2193 570 nemini
2227 511 2568 582 nongloriari
2601 512 2890 578 licebat,in
2923 525 3031 582 qua
3063 511 3238 566 civem
3268 511 3569 580 ascriptum

301 617 566 689 βασιλεία,
599 616 662 670 τὸ
692 614 888 685 σεμνὶν
916 614 1011 667 καὶ
1051 614 1285 685 πρᾶγμα
1320 614 1414 667 καὶ
1457 612 1650 683 ὄνομα.
1682 611 1756 665 Τδ
1780 611 1879 681 τῆς

313 708 646 778 Ἐκκλησίας
702 705 886 760 ἐνθεόν
941 722 1001 759 τε
1061 705 1159 759 καὶ
1214 703 1422 776 ὑψηλὸν
1475 702 1880 774 καταϐέϐληται

302 801 510 871 σχῆμα*
545 800 574 852 ό
621 797 730 850 ἀπὸ
761 797 865 866 γῆς
899 796 1070 866 ὕμνος
1110 794 1228 864 Θεῷ
1277 795 1762 865 ἀναπεμπόμενος,
1812 795 1881 864 τῇ

304 888 573 958 ἀγγελικῇ
613 884 1142 959 προσαμιλλώμενος
1183 886 1429 955 πολιτείᾳ
1476 884 1572 937 καὶ
1621 883 1878 954 μελῳδίᾳ,

304 978 702 1049 κατεσιγάσθη.
747 979 812 1031 Oi
865 979 985 1031 ναοὶ
1028 977 1076 1032 οἱ
1127 976 1261 1031 θεῖοι
1292 974 1777 1045 κατεστράφησαν,
1813 972 1884 1027 τὰ

307 1070 673 1142 θυσιαστήρια
707 1069 1100 1143 βεϐεϐήλωται,
1123 1067 1480 1138 κατεπατήθη
1526 1066 1597 1120 τὰ
1630 1065 1775 1137 ἱερά.
1818 1065 1883 1121 Ἠ

305 1162 469 1216 πολιὰ
502 1162 1010 1234 καταπεφρόνηται,
1055 1163 1089 1234 ή
1135 1160 1327 1231 νεότης
1362 1158 1714 1232 διέφθαρται.
1761 1156 1885 1212 Τῶν

304 1255 365 1308 ἐν
392 1252 581 1326 ήλικίᾳ
611 1255 673 1308 τὸ
704 1254 865 1307 πλέον
898 1253 1175 1324 μαχαίρας
1226 1250 1351 1325 (φεῦ
1376 1249 1416 1323 ί)
1450 1250 1614 1321 ἔργου
1656 1249 1888 1319 γεγόναο

248 1340 255 1347 “
307 1363 413 1400 σιν·
450 1347 501 1400 ei
527 1346 584 1398 δὲ
614 1345 829 1418 δουλείᾳ
857 1343 1319 1415 διακαρτεροῦσιν
1348 1343 1572 1414 αίσχρᾷ.
1604 1343 1671 1396 Ai.
1698 1342 1887 1410 γυναῖ-

308 1455 428 1502 κες,
462 1440 519 1491 ἰν
549 1439 779 1509 ἀτιμίᾳο
810 1438 919 1489 τῶν
947 1435 1171 1503 παίδων,
1197 1436 1257 1489 οὐ
1296 1435 1357 1488 τὸ
1386 1435 1520 1505 θῆλυ
1550 1435 1734 1501 μόνον,
1753 1435 1888 1488 ἀλλά

308 1530 405 1583 καὶ
430 1528 560 1582 αὐτὸ
590 1528 653 1581 τὸ
679 1530 870 1600 ἄρρεν,
903 1528 1312 1596 ὲνασελγαίνειν
1345 1525 1495 1595 αὖτῷ
1523 1526 1648 1589 τοὺς
1683 1525 1890 1597 βαρϐά-

312 1641 438 1695 ρους
463 1624 762 1679 ἐκδίδοται.
796 1623 870 1676 Τὸ
901 1623 958 1678 δὲ
990 1623 1088 1676 καὶ
1118 1622 1252 1693 πρὸς
1280 1621 1381 1690 τὴν
1405 1619 1667 1674 ἀσέϐειαν
1716 1620 1887 1674 ἐλεει-

307 1716 416 1779 νῶς
450 1714 854 1785 μετατέθειται.
880 1714 962 1767 Τά
990 1714 1170 1766 πάντα
1213 1714 1270 1766 ἐν
1302 1710 1570 1783 ἀπωλείᾳ,
1604 1713 1661 1765 ὲν
1693 1712 1890 1782 ἀτιμίᾳ

1980 620 2123 669 esse,
2154 619 2264 660 non
2287 620 2478 676 parum
2546 604 2849 675 argumenti
2909 605 2977 659 ad
3040 605 3570 660 commendationem

1980 698 2321 771 gloriamque
2355 697 2613 754 habebat.
2643 697 2736 753 llla
2772 698 2941 766 igitur
2969 700 3092 756 talis
3123 714 3186 755 ac
3215 707 3361 754 tanta
3398 698 3573 769 patria

1982 800 2170 847 nostra
2201 798 2358 860 capta
2390 799 2513 846 est:
2548 788 2922 844 Romanorum
2949 789 3226 844 sublatum
3253 799 3339 844 est
3395 791 3570 859 itnpe-

1982 881 2127 936 rium
2157 899 2170 936 :
2198 880 2412 950 imperii
2441 879 2631 946 decus,
2663 889 2717 934 et
2744 893 2803 933 re
2831 887 2887 933 et
2931 881 3155 935 nomine
3174 882 3569 935 venerandutit.

1983 972 2242 1029 Ecclesiae
2271 971 2457 1027 divina
2484 982 2539 1027 et
2590 971 2846 1028 sublimis
2902 970 3110 1043 dejecta
3167 980 3253 1026 est
3310 973 3572 1042 species:

1984 1064 2245 1136 hymnus,
2281 1065 2374 1136 qui
2398 1081 2428 1121 e
2456 1073 2602 1120 terra
2632 1079 2851 1119 sursum
2887 1063 2953 1118 ad
2992 1064 3157 1119 Deum
3228 1064 3570 1132 mittebatur,

1985 1167 2192 1214 etcum
2227 1158 2473 1228 angelica
2503 1157 2748 1214 certabat
2780 1159 2889 1212 vita
2940 1164 2995 1211 et
3053 1166 3242 1224 cantu,
3297 1158 3575 1213 consiluit.

1987 1250 2213 1322 Templa
2245 1251 2341 1306 Dei
2373 1259 2745 1316 eversasuut,
2805 1250 3002 1304 altaria
3050 1248 3361 1320 profanata,
3419 1258 3587 1306 sacra

1987 1342 2590 1400 conculrata.Canities
2611 1351 2921 1412 contempta
2951 1351 3053 1405 est,
3075 1343 3337 1411 juventus
3367 1343 3581 1414 disper-

1988 1435 2125 1490 dita.
2155 1434 2259 1502 Qui
2291 1449 2385 1505 per
2407 1434 2583 1489 astatis
2617 1435 2860 1505 vigorem
2895 1449 3047 1488 arma
3083 1433 3227 1490 ferte
3256 1445 3574 1505 petuernnt,

1992 1542 2181 1582 eorum
2210 1542 2342 1597 pars
2373 1526 2549 1595 major
2583 1525 2727 1582 ferro
2760 1526 2979 1582 concisa
3010 1526 3175 1597 jacet,
3212 1527 3309 1582 alii
3344 1530 3581 1584 servitu-

1992 1627 2100 1674 tem
2175 1628 2389 1689 turpem
2459 1618 2711 1673 tolerant.
2766 1617 3027 1674 Matrona:
3086 1618 3444 1676 dedecoratus.
3499 1620 3579 1675 Ex

1992 1708 2164 1779 prole.
2198 1724 2306 1764 non
2342 1708 2558 1764 feminre
2588 1715 2825 1773 tantum,
2859 1711 2951 1765 sed
2980 1712 3207 1768 masculi
3241 1714 3430 1779 etiam,
3455 1714 3582 1770 libi-

306 1807 375 1861 τά
395 1809 578 1878 τίμια.
625 1807 686 1860 'O
717 1806 1002 1878 βοηθήσων
1035 1805 1235 1868 οὐδείς.
1274 1805 1344 1857 Ἦ
1379 1804 1648 1873 σύμπασα
1677 1792 1890 1876 πλήρης

1998 1793 2109 1857 dini
2150 1801 2507 1857 barbarorum
2539 1801 2730 1858 dediti.
2768 1800 2975 1857 Horum
3030 1804 3187 1858 tnulti
3248 1821 3462 1876 quoque
3511 1807 3581 1862 ad

305 1902 416 1955 τῶν
454 1870 529 1953 ’ἐκ
578 1900 679 1970 τῆς
712 1870 992 1969 ήμετόρας
1036 1896 1249 1959 πόλεως
1295 1870 1890 1967 προσαιτοῦντωνξκαὶ

1998 1894 2225 1965 impium
2294 1892 2588 1949 Mahometi
2644 1893 2852 1948 cultum
2912 1896 3191 1951 conversi.
3244 1895 3457 1952 Cuncta
3509 1900 3580 1952 ad

308 1995 477 2047 πᾶσιν
525 1996 582 2045 ἐν
615 1990 910 2060 ὀφθαλμοῖς
958 1990 1092 2060 ἡμῖν
1141 1991 1209 2043 τά
1252 1989 1426 2042 δεινά.
1476 1989 1688 2052 Πάντες
1734 1988 1891 2058 ἡμῶν

306 2087 404 2148 τὰς
441 2084 729 2153 συμφοράς
760 2081 1061 2146 ἐλεοῦντες,
1096 2081 1400 2150 ὀδύρονταιο
1455 2081 1517 2134 οὐ
1564 2080 1788 2135 δύναται
1835 2080 1892 2135 δὲ

310 2175 809 2250 παραμυθήσεσθαι
831 2175 981 2245 ὅμως
1012 2173 1209 2237 οὐδείς.
1247 2172 1654 2244 Ἐπιχαίρουσιν
1686 2174 1735 2226 oi
1761 2173 1892 2244 βάρ-

309 2270 471 2339 ϐαροι
502 2270 568 2339 τῇ
594 2266 841 2340 ἀπωλείᾳ
869 2266 1050 2338 ήμῶνο
1071 2264 1284 2336 τρυφὴν
1309 2263 1591 2319 ποιοῦνται
1614 2265 1713 2328 τὰς
1737 2264 1891 2336 ήμῶν

312 2362 639 2432 συμφοράς’
673 2358 1054 2430 ἐγκαυχῶνται
1109 2360 1174 2428 τῇ
1226 2357 1437 2411 ἑαυτῶν
1488 2356 1746 2429 ἀσεϐείᾳ·
1793 2357 1893 2428 τῆς

309 2453 589 2522 ἡμετέρας
613 2450 898 2514 εὐσεϐείας
944 2448 1475 2514 κατεξανίστανταιο
1516 2449 1893 2519 ἐνυϐρίζουσιν

312 2540 474 2611 ήμῶν
502 2543 619 2604 τοῖς
647 2540 891 2610 σεμνοῖς.
934 2538 1008 2592 Τὸ
1040 2538 1135 2592 τοῦ
1167 2537 1304 2592 Θεοῦ
1334 2538 1422 2593 διὰ
1462 2538 1562 2609 τὴν
1606 2537 1766 2609 ἡμῶν
1797 2556 1893 2592 κα-

312 2631 436 2684 κίαν
480 2630 654 2701 ϐνομα
698 2629 1130 2699 βλασφημεῖται.
1194 2626 1548 2693 Ἀλαλάζουσι
1601 2628 1746 2682 κατὰ
1792 2628 1894 2699 τῆς

310 2722 588 2792 ἡμετέρας
620 2721 939 2794 θρησκείας.
964 2715 1040 2776 0³5
1079 2719 1158 2791 τῷ
1186 2720 1431 2790 ἀληθινῷ
1456 2718 1577 2792 Θεῷ
1631 2719 1730 2791 τὴν
1758 2719 1893 2790 ἀλη-

310 2812 464 2884 θινὴν
515 2812 775 2885 λατρείαν
833 2813 1164 2884 ἐκτελοῦμεν
1219 2814 1428 2885 ἡμεῖς,
1500 2812 1731 2867 ἐνταῦθα
1799 2812 1894 2866 νῦν

307 2906 485 2971 ἑστὼς
517 2906 581 2959 τὸ
623 2907 720 2976 τῆς
753 2904 1089 2976 ἐρημώσεως
1134 2905 1410 2976 βδέλυγμα
1457 2907 1778 2975 καθορᾶται.
1828 2906 1892 2960 Ἦ

304 2996 653 3068 Χριστιανῶν
722 2996 877 3060 πόλις
922 2996 1024 3067 ἤδη
1077 2997 1186 3051 τῶν
1243 2996 1496 3050 ἀσεϐὦνο
1531 2997 1632 3050 οὐκ
1674 2995 1755 3050 ἔτι
1801 3012 1896 3067 με-

306 3090 452 3160 γάλη
513 3089 603 3142 ἐπ’
662 3088 924 3157 ἀγαθοῖς,
970 3088 1108 3142 ἀλλᾶ
1154 3088 1388 3158 μεγίστη
1438 3087 1498 3141 ὲν
1556 3089 1890 3158 συμφοραῖς.

307 3181 467 3253 Ὄσῳ
500 3181 863 3253 λαμπροτέρα
892 3174 984 3252 ἦν,
1017 3179 1257 3252 τοσούτῳ
1286 3179 1383 3234 νῦν
1426 3179 1588 3234 ἀθλία
1629 3180 1897 3251 καθέστη-
1923 3207 1967 3266 c

306 3287 430 3326 κεν.
481 3270 650 3324 Οὐδὲν
690 3269 863 3339 αὐτῆς
917 3271 1339 3339 μακαριώτερον
1379 3270 1681 3341 πρότερον,
1742 3268 1897 3323 οὐδὲν

308 3365 680 3434 ἕλεεινότερον
710 3363 808 3417 νῦν
838 3362 966 3431 ἐξῆν
988 3363 1162 3433 αὐτὴν
1212 3363 1310 3416 καὶ
1359 3362 1575 3434 οὐρανῷ
1610 3362 1896 3432 παραϐάλ-

309 3459 450 3513 λεινο
473 3456 550 3518 ῶς
576 3455 755 3525 ἥλιον,
783 3454 880 3508 καὶ
903 3453 1158 3522 σελήνην,
1179 3454 1273 3506 καὶ
1299 3453 1559 3525 ἀστέρας,
1585 3454 1652 3507 τὰ
1677 3454 1898 3509 ποικίλα

311 3548 427 3604 τῶν
458 3546 626 3610 ναῶν,
660 3545 751 3598 καὶ
783 3544 894 3597 τῶν
938 3543 1115 3598 ἄλλων
1164 3545 1545 3614 περιϐλέπτων
1577 3544 1900 3615 οἰκημάτων

315 3637 770 3709 προϐαλλομένην
796 3635 970 3704 κάλλη
999 3652 1057 3686 τε
1087 3635 1184 3687 καὶ
1221 3635 1451 3705 μεγέθη,
1480 3635 1697 3690 πάντων
1729 3636 1898 3705 ἀσύγ-

314 3746 480 3802 κριτα
530 3727 727 3783 ἀλλων.
788 3725 947 3780 Ἀλλὰ
981 3723 1076 3777 νῦν
1112 3726 1211 3779 οὐκ
1245 3720 1363 3789 οἷδ’,
1418 3726 1446 3778 ὅ
1492 3742 1544 3778 τι
1595 3742 1678 3789 τις
1732 3726 1900 3797 αὐτὴν

315 3822 509 3888 εἰπὼν,
543 3823 644 3875 οὐκ
669 3817 1107 3888 ἀπενεχθήσεται
1146 3816 1241 3870 τοῦ
1290 3818 1682 3888 προσήκοντος.
1716 3819 1900 3874 Πάντα

316 3916 428 3985 γὰρ
457 3913 596 3982 αὐτῇ
632 3910 821 3965 λοιπὸν
851 3909 1089 3981 ἁρμόζει
1121 3910 1189 3962 τά
1220 3909 1412 3979 χείρω.
1451 3909 1690 3979 Ἀμείνω
1716 3911 1783 3966 ἂν
1808 3907 1899 3983 ἦν,

317 4008 368 4062 εί
420 4007 534 4075 πῦρ
582 4004 753 4073 αὐτὴν
807 4001 1180 4072 κατενεμήθη,
1226 4001 1258 4073 ἢ
1298 4001 1441 4070 ὕδωρ
1485 4002 1813 4071 ἐπέκλυσεν,
1867 4004 1900 4076 ἢ

318 4098 543 4168 σεισμδς
585 4095 977 4164 κατηδάφισεν,
1031 4094 1217 4158 αὐτοῖς
1270 4095 1541 4161 πολίταις,
1591 4098 1686 4149 καὶ
1732 4098 1901 4151 πᾶσιν

316 4190 434 4257 ἅμα
470 4189 671 4259 τιμίοις
701 4203 759 4239 τε
787 4187 882 4240 καὶ
909 4185 1149 4254 σεμνοῖς,
1187 4185 1219 4257 ᾗ
1261 4184 1554 4255 σωζομένη
1586 4201 1646 4238 τε
1679 4175 1782 4252 ἔτι,
1806 4187 1902 4240 καὶ

316 4283 416 4337 επὶ
445 4280 551 4349 γῆς
580 4278 855 4351 ὁρωμένη,
904 4277 1031 4332 ἀνευ
1065 4270 1140 4330 ῶν
1170 4271 1284 4345 εἶχε
1333 4275 1534 4343 τιμίων
1566 4293 1625 4329 τε
1669 4275 1766 4330 καὶ
1795 4293 1900 4330 κα-

315 4374 448 4428 λῶν.
479 4372 631 4439 Μέγα
663 4370 1011 4440 Χριστιανοῖς
1041 4367 1266 4432 ὄνειδος,
1298 4368 1409 4438 ὅσῳ
1456 4367 1589 4437 πρὶν
1622 4370 1902 4439 φιλοτιμία

320 4463 559 4537 μεγάλη.
595 4461 785 4531 Πάσης
835 4459 1120 4522 ἐλπίζουσι
1167 4458 1640 4529 καταδραμείσθαι
1681 4461 1780 4529 τῆς
1827 4461 1902 4513 ol-

1995 1987 2271 2042 interitum
2335 1987 2551 2041 redacta
2631 1986 2697 2040 ad
2756 1985 3225 2057 ignominiamque
3314 1989 3581 2044 honorata

1994 2090 2170 2143 erant,
2196 2093 2299 2133 nec
2338 2079 2429 2146 qui
2448 2086 2736 2133 succurrat
2767 2079 3091 2149 quisquam.
3114 2078 3407 2136 Terrarum
3430 2081 3586 2139 orbis

1997 2171 2279 2227 hominum
2314 2185 2381 2226 ex
2412 2179 2597 2226 nostra
2628 2171 2848 2227 civitate
2877 2170 3253 2243 dispersorum
3312 2182 3368 2228 et
3423 2188 3580 2228 men-

1995 2263 2229 2319 dicando
2265 2262 2468 2318 victum
2503 2263 2862 2331 quaerentium
2923 2263 3164 2334 plenus;
3227 2263 3280 2320 in
3332 2266 3583 2321 omnium

1996 2352 2453 2443 nostrumﬁoculis
2474 2367 2733 2408 aerumnae
2765 2353 2975 2424 positae.
3016 2352 3242 2423 Omnes,
3303 2355 3582 2413 excidium

1995 2451 2246 2500 nostrum
2285 2444 2633 2507 miserantes,
2667 2443 2902 2511 plorant,
2933 2443 3032 2499 sed
3090 2458 3252 2500 nemo
3302 2447 3582 2503 consolari

1995 2535 2252 2590 miserias
2290 2541 2493 2605 potest.
2539 2531 2810 2588 lnsultant
2871 2534 3093 2590 barbari
3149 2544 3350 2592 nostrae
3399 2537 3586 2608 perni-

1998 2625 2124 2691 ciei,
2150 2625 2309 2681 ludos
2341 2625 2549 2681 faciunt
2574 2635 2807 2681 nostras
2835 2625 3197 2693 calamitates,
3235 2628 3288 2683 in
3332 2644 3429 2684 sua
3479 2630 3586 2684 im-

1997 2720 2199 2790 pietate
2232 2718 2563 2790 gloriantur,
2597 2718 2655 2773 in
2690 2717 3018 2789 religionem
3047 2727 3293 2775 nostram
3331 2721 3474 2791 piam
3500 2722 3585 2776 in-

2001 2819 2259 2881 surgunt,
2293 2809 2639 2866 contumeliis
2670 2810 2723 2864 iu
2784 2819 3003 2867 nostras
3064 2825 3155 2867 res
3213 2812 3476 2869 honestas
3531 2822 3588 2869 et

2001 2911 2221 2959 sanctas
2254 2901 2608 2957 invehuntur.
2648 2901 2909 2956 Sanctum
2948 2900 3039 2957 Dei
3080 2917 3303 2968 nomen,
3369 2915 3587 2975 propter

1998 2994 2350 3050 vitiositatem
2430 3003 2696 3059 nostram,
2760 2994 2902 3047 male
2967 2994 3141 3049 audit.
3205 2994 3589 3051 Vociferantur

2000 3097 2190 3142 centra
2225 3095 2473 3141 nostram
2529 3086 2870 3155 religionem.
2918 3084 3127 3153 Quibus
3168 3086 3224 3141 in
3276 3087 3415 3143 locis
3456 3102 3591 3142 vero

2002 3175 2114 3232 Deo
2137 3192 2326 3231 verum
2356 3191 2457 3231 nos
2485 3178 2690 3231 cultum
2710 3178 3129 3247 praestabamus,
3151 3177 3225 3232 ibi
3257 3193 3403 3233 nunc
3426 3178 3590 3235 deso-

2002 3266 2245 3323 lationis
2293 3266 2631 3322 abominatio
2700 3275 2854 3321 stans
2908 3267 3268 3338 conspicitur.
3315 3268 3590 3326 Christia-

2000 3373 2196 3413 norum
2220 3368 2379 3413 antea
2413 3359 2545 3415 urbs
2607 3375 2754 3415 nunc
2806 3361 3099 3431 impiorum
3145 3361 3278 3417 urbs
3323 3372 3407 3416 est
3437 3381 3450 3418 :
3480 3380 3590 3422 non

1996 3452 2111 3521 jam
2149 3453 2390 3522 amplius
2425 3468 2616 3523 magna
2659 3453 2822 3509 rebus
2850 3455 3009 3509 bonis
3039 3464 3094 3509 et
3124 3454 3288 3519 laetis,
3321 3456 3416 3513 scd
3438 3457 3592 3512 cala-

2002 3545 2284 3601 mitatibus
2316 3555 2370 3600 et
2400 3545 2640 3601 miseriis
2670 3547 2928 3600 maxima.
2951 3546 3073 3612 Quo
3095 3548 3434 3617 splendidior
3454 3550 3585 3605 olim

2000 3646 2138 3702 erat,
2176 3646 2327 3693 tanto
2354 3652 2498 3692 nunc
2534 3638 2790 3693 miserior
2828 3639 3046 3692 redacta
3080 3646 3183 3694 est.
3218 3639 3590 3706 Quemadmo-

2001 3728 2130 3783 dum
2166 3730 2300 3784 nihil
2330 3730 2420 3783 illa
2450 3729 2660 3784 beatius
2688 3738 2866 3795 antea,
2902 3729 2975 3784 ita
3006 3740 3196 3791 contra
3248 3733 3382 3787 nihil
3439 3750 3587 3790 nunc

2002 3812 2502 3873 eadem’miserius.
2536 3818 2758 3873 Poterat
2786 3817 2903 3884 ipsa
2932 3818 3016 3874 vel
3040 3822 3182 3876 cudo
3247 3825 3583 3892 ermnparari,

2004 3919 2193 3981 utpote
2231 3925 2353 3980 quae
2409 3919 2668 3981 tanquam
2701 3909 2817 3966 sole
2848 3919 2902 3966 et
2932 3911 3057 3966 luna
3103 3922 3157 3968 et
3204 3915 3400 3978 stellis,
3436 3918 3589 3973 varia

2005 4002 2332 4072 templorum
2385 4011 2439 4057 et
2484 4002 2717 4057 aliorum
2774 4002 3128 4059 aediﬁciorum
3179 4006 3587 4076 splendidorum

2004 4093 2409 4164 pulchritudine
2454 4102 2509 4149 et
2558 4094 2940 4163 amplitudine,
2968 4097 3226 4152 omnibus
3278 4098 3401 4154 aliis
3433 4110 3589 4155 extra

2004 4201 2221 4240 onmem
2262 4186 2691 4254 eontparationis
2719 4186 2891 4240 aleam
2918 4195 3241 4243 antestaret.
3270 4187 3425 4243 Nune
3457 4206 3589 4245 vero

2005 4278 2188 4333 nescio
2217 4278 2347 4348 quid
2383 4278 2451 4333 de
2482 4278 2595 4348 ipsa
2624 4279 2729 4333 diei
2757 4288 2921 4347 queat
2974 4288 3029 4333 ut
3079 4295 3183 4334 non
3231 4281 3518 4337 aberrctur
3556 4299 3587 4338 a

2003 4383 2155 4423 vero.
2188 4368 2398 4424 Cuncta
2433 4383 2669 4438 namque
2716 4368 2987 4424 deteriora
3045 4372 3302 4443 deinceps
3358 4358 3409 4427 in
3463 4389 3586 4429 eam

2005 4461 2302 4532 quadrant.
2370 4457 2664 4515 Prwsturct
2725 4475 2843 4514 eam
2896 4462 3147 4518 incendio
3205 4474 3586 4534 consumptam

317 4556 594 4627 κουμένης
623 4554 673 4607 oi
708 4551 915 4621 ταύτην
942 4549 1501 4621 ἐκπολιορκήσαντες,
1524 4552 1619 4605 καὶ
1649 4551 1897 4615 εἰκότως.

2006 4567 2150 4615 esse,
2186 4563 2282 4606 aut
2313 4552 2671 4608 inundatione
2699 4544 2968 4623 aquarum
2992 4557 3292 4624 abreptam,
3328 4552 3420 4610 aut
3475 4567 3588 4613 ter—

323 4642 430 4699 Ἲιν
460 4644 569 4714 γὰρ
599 4643 766 4713 μόνην
792 4639 861 4694 δι’
881 4639 1078 4703 αἰῶνος
1101 4638 1335 4711 ἡγοῦντο
1362 4639 1637 4695 ἀνάλωτον
1657 4639 1899 4707 ἔσεσθαι,

318 4738 395 4800 ὡς
437 4731 739 4805 κρείττωῆ
790 4732 933 4785 κατά
976 4730 1076 4795 τὰς
1111 4733 1168 4785 ἐν
1215 4733 1285 4799 γῇ
1327 4730 1510 4795 πόλεις
1543 4731 1784 4796 ἁπάσας,
1835 4733 1902 4796 ἀς

323 4825 644 4896 ἀνθρωπίνη
692 4822 815 4893 χεὶρ
863 4821 1111 4890 ἧγειρεν,
1161 4821 1209 4871 εί
1263 4818 1404 4890 αὕτη
1439 4822 1534 4873 νῦν
1568 4821 1752 4884 αὐτοῖς
1797 4821 1901 4892 ήδη

324 4918 480 4990 παρά
536 4918 717 4971 πᾶσαν
767 4914 959 4967 ἐλπίδα
1010 4913 1406 4983 πεπόρθηται,
1460 4913 1513 4965 τί
1557 4912 1743 4967 λοιπον
1794 4914 1904 4967 τῶν

328 5012 550 5065 πάντων
582 5009 943 5071 ἀνέλπιστονς
994 5004 1161 5057 Ὀθεν
1208 5003 1304 5057 καὶ
1340 5003 1480 5074 μέγα
1506 5004 1649 5057 κατά
1682 5004 1903 5059 πάντων

331 5101 612 5174 φρονοῦσι,
647 5099 741 5153 καὶ
772 5096 910 5166 μετὰ
935 5097 1284 5170 φρονήματος
1338 5097 1577 5163 μεγάλου
1607 5096 1701 5149 καὶ
1732 5098 1906 5165 φορᾶς

326 5190 655 5249 ἀνυποίστου
688 5189 859 5242 πᾶσιν
910 5186 1146 5239 ἐπίασιν.
1189 5186 1253 5238 Ἤ
1301 5185 1506 5255 ταύτης
1556 5187 1906 5250 κατάπτωσις

323 5286 385 5338 τδ
419 5282 638 5336 πάντων
668 5276 1048 5347 καταϐέϐληκε
1083 5277 1359 5347 φρόνημασ
1399 5278 1488 5330 καὶ
1519 5278 1650 5348 περὶ
1693 5279 1907 5331 ἑαυτῶν

329 5374 518 5429 λοιπὸν
570 5371 776 5426 δεδίασι
829 5369 1053 5430 πάντες.
1103 5367 1302 5420 Οὐκέτι
1357 5367 1532 5430 οὐδεὶς
1584 5370 1651 5439 τῇ
1712 5368 1905 5422 ἑαυτοῦ

328 5463 616 5534 ἐλευθερίᾳ
649 5462 867 5534 θαῤῥεῖ¹
909 5459 1109 5521 πάντες
1137 5457 1335 5521 αὐτοὺς
1372 5458 1786 5529 ὲπιδραμεῖσθαι
1815 5465 1908 5514 τὸν

332 5556 608 5625 βάρϐαρον
640 5550 1035 5625 προσδοκῶσιν.
1071 5549 1237 5602 Ὅθεν
1287 5550 1383 5602 καὶ.
1436 5549 1486 5603 oi
1542 5549 1640 5618 μὲν
1671 5551 1746 5620 τῷ
1797 5551 1909 5604 δέει

332 5642 533 5712 φόρους
558 5642 806 5697 τελοῦσιν
835 5637 1006 5709 αὐτῷ,
1039 5638 1147 5692 οὐδ’
1172 5636 1316 5691 οὕτω
1342 5639 1485 5693 πάνυ
1515 5638 1741 5711 θαρρεῖν
1761 5638 1909 5709 ἔχον.

331 5750 444 5798 τεςο
477 5732 527 5785 οἱ
568 5732 613 5785 δ’
638 5736 850 5804 ἕτοιμοι
884 5731 1045 5786 τοῦτο
1079 5732 1274 5797 ποιεῖν,
1332 5732 1381 5784 εί
1437 5733 1512 5802 μὴ
1555 5749 1911 5807 προαναρπα-

335 5824 508 5881 σθεῖεν
539 5823 638 5895 τῆς
666 5825 793 5892 γῆς.
834 5824 920 5887 Ὠς
955 5821 1128 5892 πυρὸς
1159 5820 1363 5893 ῥύμην,
1398 5822 1532 5895 ὓλην
1577 5824 1776 5898 πολλὴν
1817 5827 1909 5881 καὶ

613 5919 874 5980 Parum.
933 5919 1049 5977 Gn.
1092 5917 1260 5980 CLX.

2006 4651 2245 4697 raetnotu
2278 4641 2426 4696 humi
2470 4654 2819 4713 prostratam,
2855 4661 3017 4716 quam
3058 4647 3237 4702 adhuc
3267 4658 3503 4713 exstare,
3534 4658 3591 4706 et

2005 4731 2059 4786 in
2085 4741 2228 4787 terra
2258 4733 2520 4802 conspici,
2553 4734 2820 4804 dignitate
2850 4751 2949 4790 sua
2977 4744 3032 4791 et
3065 4743 3408 4794 ornamentis
3457 4756 3588 4809 spo-

2006 4826 2213 4879 liatatn.
2235 4824 2426 4894 Magna
2448 4827 2769 4882 Christiano
2798 4829 3009 4883 nomini
3046 4830 3345 4900 ignominia
3378 4847 3443 4888 ex
3469 4836 3589 4901 ejus

2005 4916 2303 4971 amissione
2323 4918 2541 4983 accidit,
2569 4930 2775 4989 quanto
2807 4920 3012 4974 scilicet
3046 4929 3209 4976 antea
3259 4924 3408 4979 salus
3465 4926 3589 4993 ejus

2007 5008 2203 5077 majori
2232 5009 2418 5078 gloria:
2452 5021 2592 5065 erat.
2628 5009 2747 5065 Non
2783 5010 2896 5080 jam
2929 5011 3203 5077 dubitant,
3258 5017 3350 5083 qui
3410 5017 3585 5085 ipsam

2004 5111 2475 5170 expugnaverunt,
2513 5105 2566 5156 in
2594 5112 2768 5156 totum
2822 5112 3090 5158 terrarum
3160 5107 3345 5160 orbem
3399 5123 3592 5162 excur-

2007 5193 2190 5247 siones
2206 5191 2384 5247 l'acere
2407 5207 2641 5260 eumque
2665 5192 2956 5261 subjicere.
2985 5197 3157 5262 Quam
3189 5198 3387 5252 etenim
3416 5203 3587 5255 solam

2007 5284 2062 5338 in
2086 5300 2245 5339 omne
2271 5286 2532 5340 saeculum
2567 5282 2823 5340 invictam
2853 5288 3266 5354 existimabant,
3298 5301 3354 5343 ut
3379 5293 3590 5347 caeteris

2008 5374 2062 5429 in
2104 5386 2246 5431 terra
2271 5378 2499 5432 urbibus
2533 5379 2766 5432 humana
2801 5393 2964 5433 manu
3002 5381 3298 5436 exstructis
3368 5384 3589 5452 praecel-

2006 5467 2207 5522 lentem
2242 5469 2516 5532 omnibus,
2568 5482 2693 5522 cum
2754 5468 2871 5523 haec
2919 5469 3033 5539 jam
3089 5472 3160 5527 ab
3206 5471 3340 5540 ipsis
3396 5483 3591 5543 praeter

2010 5573 2224 5613 omnem
2252 5574 2403 5629 sprm
2449 5570 2604 5629 capta
2650 5566 2706 5614 et
2751 5561 2961 5631 direpta
3013 5563 3105 5629 sit,
3148 5565 3280 5633 quid
3331 5565 3592 5638 deinceps

2011 5653 2255 5705 omnium
2285 5666 2345 5706 se
2375 5666 2481 5705 non
2514 5652 2843 5708 subacturos
2866 5669 3081 5724 sperent
3108 5657 3131 5711 ?
3162 5655 3316 5712 Unde
3370 5675 3594 5730 quoque

2014 5757 2234 5811 magnos
2259 5753 2626 5811 conceperuttt
2648 5743 2884 5811 animos,
2923 5746 3210 5816 minasque
3235 5761 3422 5805 contra
3473 5755 3598 5809 uni-

2013 5846 2200 5889 versos
2231 5830 2461 5902 spirant,
2492 5840 2545 5887 et
2577 5848 2770 5903 magna
2809 5837 3218 5907 contemptione
3244 5854 3434 5895 eorum
3489 5841 3597 5898 im-

3204 5930 3282 5991 34
