2050 3205
268 172 333 203 il‘b'i

854 170 1036 200 ΜΑΤΤΗᾸΞΙ
1059 170 1292 201 (ΙΛΜᾹΗΙΟΤΕ

1832 168 1902 199 1068

265 234 382 264 petuquc
398 228 571 257 intolerando
599 228 711 263 quosvis
726 228 867 256 invadunt.
885 228 971 263 llujus
983 229 1057 263 priu-

1112 229 1252 264 συνηρεφῆ
1270 227 1447 263 νεμηθέντος,
1476 226 1563 259 οὕτως
1581 227 1641 254 οὐδὲ
1656 226 1705 262 τὴν
1727 226 1905 263 βαρϐαρικὴν

265 276 333 309 ripis
350 275 424 301 urbis
440 275 518 302 ruiua
532 275 655 302 omnium
672 274 779 302 animos
793 274 891 309 dcjccit
908 280 935 302 et
951 275 1057 308 aﬂlixil,

266 330 297 348 nc
329 321 442 355 proinde
468 321 518 349 sibi
546 325 672 348 metuunt
697 329 802 348 omnes.
829 320 914 349 Nemo
941 321 1058 356 amplius

267 368 384 395 libertati
400 375 457 395 sua:
472 367 598 400 conﬁdit,
613 367 660 394 sed
677 367 769 394 cuncti
783 375 797 394 a
812 367 929 395 barbaro
960 375 990 395 se
1014 368 1057 394 in-

267 421 361 440 rasum
384 413 417 440 iri
435 417 571 440 metuunt.
589 411 657 439 llinc
674 412 703 439 iit
720 417 748 438 ut
763 412 862 446 partim
888 420 984 440 eorum
1011 413 1058 440 tri-
1079 435 1084 439 .

262 459 361 486 butum
379 460 404 486 ei
422 458 551 493 pendant,
569 465 622 492 qua
643 465 677 485 ne
693 458 750 493 ipsa
768 458 878 493 quidem
895 466 923 485 re
939 466 969 486 se
984 463 1058 486 tutos

267 512 412 532 mansuros
440 504 600 537 conﬁdunt;
632 504 678 531 alii
712 512 776 532 vero
806 505 858 531 hoc
886 505 970 539 parati
995 509 1060 531 sunt

267 551 367 583 facere,
381 550 434 578 nisi
449 554 510 577 aute
528 550 663 584 oppressi,
677 550 710 577 de
736 555 808 577 terra
835 550 915 577 deleti
947 550 1059 578 fuerint.

267 597 343 624 Sicut
360 596 433 624 enim
451 596 523 631 ignis
538 596 665 624 violentia
680 597 780 631 passim
794 596 827 623 ad
854 603 962 623 omnem
991 604 1058 623 con-

267 649 368 678 gestam
384 642 547 676 obviamque
561 642 702 669 materiam
723 647 874 676 grassatur,
890 642 926 669 ita
940 642 1061 670 barbari-

267 698 327 717 cum
361 690 388 716 iu
414 697 511 717 omnes
538 690 670 724 impettrm
697 697 779 716 nemo
805 689 934 716 cohibere
958 693 1057 723 potest.

268 737 380 771 Semper
400 735 432 763 ad
447 735 550 770 majora
566 735 698 763 barbarus
724 735 905 769 cogitationes
931 734 1059 767 intendit,

267 782 442 815 cupiditatem
459 789 536 808 suam
549 781 582 808 ad
597 785 717 808 extrema
734 788 822 815 usque
832 785 911 808 terrm
925 780 1059 813 extendit,

267 831 294 853 et
308 834 363 862 quo
380 828 469 853 minus
488 826 514 853 in
533 833 628 853 omnes
643 833 716 853 οποοο
731 826 833 861 impetu
850 826 982 857 incurrat,
1006 831 1060 853 ter-

268 874 341 900 mino
356 877 461 899 velatur
477 871 564 898 nullo.
580 872 621 899 Ab
636 871 719 899 altera
736 876 822 906 parte,
840 877 913 900 metu
927 871 1059 907 prostrati

1113 275 1184 302 κατὰ
1207 277 1318 302 πάντων
1342 274 1437 308 ἔφοδον
1463 275 1493 300 οὐ
1517 273 1628 300 δύναται
1651 273 1739 304 οὐδεὶς
1762 273 1903 306 ἐπισχεῖν.

1116 321 1172 347 Ἀεὶ
1188 321 1297 356 μείζοσι
1315 320 1452 355 βάρϐαρος
1478 319 1609 353 ἐγχειρεῖ,
1623 319 1670 345 καὶ
1685 318 1733 349 τὴν
1748 318 1901 352 ὲτιιθυμίπν

1111 366 1153 397 εἰς
1172 366 1205 392 τὰ
1219 365 1271 400 γῆς
1288 365 1394 400 πέρατα
1411 364 1581 398 παρατείνει·
1597 364 1645 391 καὶ
1658 364 1721 399 ὄρος
1739 364 1814 399 αὑτῷ
1838 364 1905 395 τοὺς

1110 412 1157 439 ἐπὶ
1172 412 1211 446 τῷ
1234 412 1322 439 πάντα
1341 412 1521 447 κατατρέχειν
1541 411 1639 443 οὐδείς.
1662 411 1765 443 Πάντες
1784 410 1813 438 δὲ
1829 412 1902 437 1:1-

1110 459 1247 493 επτήχασι
1269 466 1276 473 ·
1299 459 1346 485 καὶ
1359 458 1407 485 τοῦ
1421 458 1481 485 καθ’
1498 458 1594 486 ἑαυτὸν
1609 457 1760 493 φροντίζων
1771 456 1904 489 ἕκαστος,

1111 503 1250 539 κάῠηνται
1281 505 1311 530 τὺ
1333 503 1431 539 μέλλον
1456 502 1689 535 ἀποσκοποῦντες,
1714 502 1775 530 δέον
1796 503 1902 538 ὁρμᾷν,

1113 550 1243 585 σύστημα
1255 551 1420 584 γενομένους
1438 551 1478 582 ἓν,
1499 549 1581 578 αὐτὸν
1604 550 1682 584 κοινῇ
1701 550 1804 581 πάντας
1828 549 1904 583 ὰ.μῦ-

1112 597 1222 629 νασθαι,
1237 598 1285 624 καὶ
1308 597 1388 631 δίκην
1410 597 1476 632 παρ’
1495 597 1578 625 αὖτοῦ
1592 597 1696 628 λαϐεῖν,
1713 593 1750 624 ὧν
1777 597 1816 627 είς
1829 595 1903 631 Χρι-

1113 643 1240 675 στιανοὺς
1264 643 1313 670 καὶ
1335 644 1365 670 τὸ
1389 643 1510 679 Χριστοῦ
1534 643 1632 678 ὄνομα,
1659 643 1707 671 καὶ
1732 642 1826 677 ὕϐριζε
1853 642 1903 669 καὶ

1113 690 1234 725 ὑϐρίζων
1259 690 1434 725 καθεκάστην
1452 690 1483 717 οὺ
1511 689 1640 718 παύεται.
1667 689 1749 717 Ἀλλὰ
1764 688 1844 715 τοῦτό
1868 696 1902 721 γι

1111 735 1302 771 οὔτ’,ὲμέλησέ
1317 744 1361 763 πω
1375 735 1474 769 οὐδενὶ,
1492 735 1554 762 οὔτε
1570 735 1693 770 μελήσει,
1714 734 1782 769 πλὴν
1797 734 1821 760 ει
1833 734 1904 765 Θεὸς

1113 781 1231 817 θελήσει,
1247 781 1331 814 ἀξίων
1346 782 1496 817 γινομένων
1516 781 1606 816 ἡμῶν.
1621 782 1677 810 Καὶ
1690 781 1806 812 ἕκαστος
1820 780 1903 807 τοῦτο

1112 827 1339 863 παρακερδαίνει,
1364 828 1395 855 τὸ
1421 828 1479 860 τοῖς
1512 827 1609 860 δεινοῖς
1633 827 1747 863 ὕστερος
1773 826 1901 862 ἡγεῖσθαι

1112 874 1357 910 ταμιευθήσισθαι.
1381 873 1526 907 ἐξαπατῶν
1548 874 1645 902 ἑαυτὸν
1668 875 1703 910 τῇ
1732 874 1900 909 ίδιοπραγίᾳ,

267 923 331 946 sunt
344 926 452 951 omnes,
468 923 495 945 et
511 926 560 953 pro
580 926 610 946 se
628 918 746 953 quisque
761 918 884 952 solliciti,
914 922 1059 954 exspecta-

1112 922 1159 948 καὶ
1181 922 1214 956 τῇ
1232 921 1356 956 ἀπωλείᾳ
1370 921 1424 948 τῶν
1439 921 1538 953 ἄλλων,
1564 921 1580 957 ἢ
1602 921 1651 949 καὶ
1666 921 1705 957 τῷ
1720 922 1758 957 μὴ
1777 921 1810 948 ἂν
1823 921 1901 955 ἥξειν

268 966 339 992 tione
356 966 453 997 futuri,
470 973 589 1001 quonam
607 973 650 993 res
666 973 790 993 evaserat
799 965 865 996 sint.
900 966 1060 1000 languentes

269 1016 389 1044 cessant,
403 1019 465 1039 eum
478 1017 574 1039 001111⁵3
592 1017 731 1047 oporteret
749 1012 775 1039 lll
790 1019 874 1038 unum
899 1011 1060 1052 conspirare

268 1058 420 1090 universos,
432 1058 681 1093 communibusque
698 1058 794 1093 opibus
811 1062 839 1084 et
854 1057 938 1084 armis
953 1058 1058 1085 hostem

267 1104 421 1139 populsare,
441 1111 472 1131 ac
488 1111 584 1139 poenas
600 1104 734 1132 scelerum
750 1111 811 1139 qum
825 1104 851 1132 in
884 1103 1058 1131 Christianos

265 1150 424 1184 Christique
451 1157 548 1176 nomen
576 1149 774 1177 contumeliose
790 1154 816 1177 et
841 1149 1007 1185 perpetravit
1033 1153 1060 1176 et

265 1196 389 1236 quotidie
404 1200 561 1230 perpetrare
575 1203 628 1223 uou
641 1196 757 1228 desistit,
774 1196 807 1223 de
820 1196 866 1223 illo
874 1194 992 1223 sumere.
1005 1195 1059 1223 Sed

265 1244 319 1270 hoc
342 1242 444 1271 nemini
473 1249 546 1270 nunc
564 1249 637 1270 cura:
658 1246 709 1274 est,
725 1249 813 1278 neque
838 1241 953 1277 posthac
975 1241 1058 1269 etiam

264 1295 339 1315 cum
352 1287 415 1321 erit,
428 1288 479 1315 uisi
496 1287 686 1322 tum,quando
701 1286 773 1315 Deus
788 1287 957 1320 volet,uobis
971 1286 1061 1322 dignis

267 1334 356 1362 factis.
374 1334 480 1369 Singuli
495 1341 570 1366 vero,
589 1341 619 1361 se
647 1337 801 1368 postremos
828 1332 862 1360 ad
890 1333 1060 1363 calamitates

268 1383 436 1408 reservatum
455 1379 487 1407 iri
502 1383 642 1414 putantes,
654 1378 726 1406 male
736 1379 841 1406 interea
857 1378 909 1406 hoc
935 1385 1020 1406 morte
1031 1378 1059 1405 in

259 1421 343 1463 ilu‘cro
359 1429 476 1461 ponunt.
493 1423 546 1452 Ubi
560 1428 633 1452 certe
647 1424 754 1459 seipsos
767 1424 917 1458 decipiunt,
945 1431 1059 1451 suarum

266 1471 359 1503 rerum
373 1470 475 1501 studio,
489 1474 518 1497 ut
532 1469 707 1505 negligentia,
725 1469 786 1497 aliis
811 1469 915 1497 interea
944 1476 1061 1502 pereun-

268 1518 351 1550 tibus,
367 1517 485 1544 autdum
502 1524 642 1552 nunquam
657 1517 689 1543 ad
704 1524 732 1543 se
748 1523 862 1543 Ventura
877 1517 975 1543 similia
989 1517 1057 1544 mala

269 1569 374 1597 pntaul,
391 1568 438 1590 aut
453 1568 516 1590 tunc
540 1563 650 1589 demutu
678 1570 707 1589 se
730 1570 805 1589 arma
825 1567 851 1590 et
871 1563 1057 1590 defensionem

1116 967 1182 994 ποτὶ
1196 967 1245 994 καὶ
1262 968 1302 999 είς
1318 968 1401 994 αὑτὸν
1427 967 1532 995 οτεσθαι
1552 968 1586 995 τὰ
1617 968 1692 995 δεινά
1705 976 1712 984 ·
1736 967 1753 1003 ἢ
1768 967 1828 994 τότε
1844 967 1902 995 δια-

1115 1014 1262 1048 νοούμενος
1278 1013 1454 1049 διεγερῠῆναί
1478 1023 1508 1041 τε
1533 1014 1579 1041 καὶ
1604 1014 1771 1049 ἀμύνασθαι,
1793 1015 1836 1042 ὅτε
1851 1014 1901 1042 καὶ

1114 1059 1159 1086 ἐπ’
1174 1059 1255 1086 αὐτὸν
1271 1060 1285 1086 ὁ
1301 1060 1437 1095 βάρϐαρος
1459 1060 1497 1095 τῃ·
1521 1060 1587 1095 πρὶν
1609 1060 1637 1087 δὲ
1660 1059 1738 1087 τοῦτο
1760 1059 1896 1094 γενέσθω,

1115 1107 1177 1141 μηδ’
1196 1106 1229 1133 ἂν
1252 1106 1280 1133 εί
1299 1116 1325 1134 τι
1345 1107 1392 1134 καὶ
1417 1107 1522 1141 γένοιτό
1559 1116 1624 1134 ποτε
1648 1107 1898 1143 διεγερθησὸμεντς·

1114 1153 1173 1180 οὐδὲ
1187 1152 1284 1180 τοῦτον
1299 1153 1365 1187 γοῦν
1379 1153 1487 1185 οὐδενὸς
1500 1153 1688 1189 λογιζομένου,
1708 1154 1745 1190 μὴ
1760 1163 1899 1191 προαναρ-

1115 1198 1255 1234 πασθῆναι
1274 1199 1390 1233 φθάσαι,
1405 1200 1471 1235 πρίν
1484 1209 1545 1227 τινα
1561 1200 1655 1235 σχεδὸν
1668 1200 1760 1228 λαϐεῖν
1775 1201 1900 1236 αἴσθησιν

1114 1245 1168 1272 τῶν
1180 1245 1288 1272 δεινῶν.
1305 1246 1392 1273 Τοῦτο
1406 1246 1428 1273 δ’
1443 1247 1569 1279 ἑκάστοις
1581 1248 1653 1274 ποιεῖ
1663 1247 1679 1283 ἡ
1691 1255 1720 1274 τε
1736 1247 1802 1283 άλλη
1814 1248 1899 1280 πᾶσα,

1114 1287 1131 1328 ᾖ
1150 1291 1283 1324 συζῶσιν,
1303 1291 1466 1328 ἀϐελτηρία,
1496 1293 1543 1319 καὶ
1563 1292 1593 1319 τὺ
1619 1293 1653 1320 δι’
1678 1292 1763 1328 αὐτὴν
1775 1293 1825 1328 τὴν
1845 1293 1901 1319 τῶν

1115 1336 1221 1364 πολλῶν
1239 1337 1351 1372 ἀγάπην
1378 1338 1511 1373 ψυγῆναι.
1536 1338 1585 1366 καὶ
1605 1338 1766 1373 ἐξαφανίσαι
1785 1340 1831 1367 τὸν
1850 1340 1899 1368 ὲπὶ

1113 1382 1163 1417 τῆς
1179 1384 1299 1416 πίστεως
1319 1384 1410 1420 ζῆλον.
1430 1384 1461 1412 El
1475 1385 1497 1411 δ’
1512 1385 1638 1419 ἕκαστος,
1662 1386 1898 1422 ἀποστρεφόμενος

1113 1430 1147 1458 τὰ
1164 1431 1272 1464 πονηρὰ
1287 1430 1366 1465 ἔργα,
1385 1430 1420 1457 τὰ
1443 1431 1499 1458 τῶν
1519 1430 1691 1465 Χριστιανῶν
1706 1431 1820 1459 ἑκάστου
1843 1431 1899 1459 ὗπδ

1113 1477 1168 1504 τῶν
1180 1476 1288 1504 ἀσεϐῶν
1313 1477 1387 1512 πάθη
1418 1477 1473 1504 [δια
1499 1478 1650 1511 ἐλογίζετο,
1675 1478 1723 1505 καὶ
1737 1478 1816 1514 ζῆλον
1827 1478 1899 1513 ὑπὲρ

1114 1523 1161 1549 τοῦ
1184 1522 1303 1557 Χριστοῦ
1330 1523 1463 1557 ὀνόματος
1490 1524 1662 1558 ἀνελάμϐανε
1690 1525 1837 1561 πρέποντα,
1860 1525 1900 1560 μὴ

1114 1569 1182 1596 ἄλλα
1195 1569 1286 1600 ἄλλοις
1302 1569 1439 1602 ἐγκαλῶν,
1455 1567 1495 1601 οἷς
1509 1570 1538 1596 οὐ
1556 1570 1645 1605 οέμις·
1661 1571 1692 1597 οὗ
1710 1572 1789 1605 μόνον
1804 1571 1853 1598 οὐκ
1865 1571 1899 1598 ἂν

267 1615 447 1645 szzsceptttros
478 1610 610 1645 cogitant,
629 1610 737 1643 quando
754 1610 780 1636 in
798 1610 871 1643 ipsos
888 1610 968 1637 etiam
995 1610 1057 1637 bar-

1113 1615 1189 1640 αὐτοὶ
1204 1615 1250 1641 τὸν
1270 1615 1408 1649 βάρϐαρον
1438 1615 1587 1648 ἐδεδίεσαν,
1614 1616 1675 1643 ἀλλ’
1698 1616 1753 1643 οὐδ’
1771 1617 1803 1644 ἂν
1820 1617 1899 1652 ἡμεῖς

268 1659 350 1684 Imrus
368 1657 498 1684 invaserit
517 1657 697 1691 ;priusquam
715 1664 778 1683 vero
793 1657 843 1683 hoc
856 1656 912 1689 fiat,
941 1664 970 1684 se
988 1665 1058 1684 nun-

267 1711 360 1736 quam,
379 1703 510 1738 quidquid
539 1703 619 1730 etiam
636 1702 693 1735 ﬁat,
707 1708 881 1730 surrecturos
897 1704 1059 1731 vindictam-

266 1758 319 1782 q-te
335 1755 489 1784 paraturos.
519 1749 573 1776 Nec
593 1750 700 1776 interim
721 1750 773 1776 hoc
789 1750 884 1777 saltem
912 1751 1058 1785 quisquam

266 1796 377 1827 cogitat,
395 1796 444 1822 sibi
457 1798 608 1823 cavendum
641 1803 712 1827 esse,
743 1803 776 1823 ne
803 1800 864 1823 antc
891 1797 1060 1831 opprimatur

267 1850 345 1873 quam
364 1842 419 1868 fere
440 1842 523 1868 ullutn
545 1850 655 1869 sensum
686 1843 775 1877 capiat
804 1843 942 1870 interitus.
969 1843 1059 1871 Causa

267 1889 346 1922 hujus
361 1889 422 1915 mali
440 1894 480 1915 est
496 1897 558 1916 eum
578 1889 681 1923 reliqua
700 1890 800 1921 omnis,
815 1898 876 1916 cum
895 1898 949 1924 qua
965 1897 1060 1917 consc-

266 1939 392 1967 m-scmtt,
410 1935 545 1962 stoliditas
562 1939 588 1961 et
604 1935 743 1967 socerdia,
775 1940 831 1962 tum
850 1936 922 1969 quod
933 1936 996 1963 hinc
1005 1937 1059 1970 ple—

266 1987 413 2013 roremque
428 1980 509 2006 etiam
526 1980 647 2007 Charitas
661 1979 777 2011 refrixit,
792 1986 817 2007 et
834 1981 972 2015 religionis
986 1982 1060 2009 lelus

263 2026 391 2051 exolevit.
406 2025 482 2057 Quod
501 2025 524 2052 si
546 2026 748 2060 unusquisque,
780 2026 900 2059 improba
931 2026 1001 2053 facta
1034 2031 1060 2054 et

264 2072 364 2098 scelera
382 2072 545 2104 detestatus,
567 2073 636 2099 mala
664 2073 764 2104 quibus
795 2073 895 2106 singuli
922 2073 1060 2100 Chrislia-

265 2124 360 2143 norunt
375 2118 409 2144 ab
425 2117 506 2152 impia
522 2122 601 2151 gente
617 2117 784 2149 afﬁciuntur,
797 2126 845 2145 sua
862 2119 1059 2151 existimasset,

263 2163 518 2197 tumulatiouemque
532 2171 581 2197 pro
591 2163 689 2190 Christi
708 2164 817 2191 nomine
832 2172 861 2191 se
876 2165 985 2200 dignam
1001 2171 1060 2192 sus-

263 2209 394 2242 cepisset,
420 2216 475 2235 nou
489 2214 579 2236 autem
590 2209 704 2236 crimina
721 2210 773 2237 alia
790 2210 851 2237 aliis
867 2210 976 2244 indigne
985 2210 1060 2245 obje-

264 2254 357 2286 cisset,
375 2262 428 2281 uou
448 2259 553 2282 tantum
569 2255 618 2290 ipsi
648 2256 791 2283 barbarum
808 2265 879 2284 nunc
895 2264 948 2284 non
974 2258 1060 2285 refor-

1112 1668 1143 1693 γε
1155 1660 1309 1695 τηλικαύτῃ
1325 1661 1600 1696 περιεπεπτώκειμεν
1611 1663 1748 1698 συμφορᾷ,
1766 1663 1811 1690 καὶ
1823 1662 1899 1698 δίκην

1112 1707 1160 1739 τὴν
1187 1706 1265 1738 ἀξίαν
1296 1707 1380 1733 πάλαι
1405 1707 1439 1733 ἂν
1454 1708 1468 1733 ὁ
1484 1707 1623 1742 βάρϐαρος
1648 1708 1783 1736 ἐδεδώκει.
1801 1708 1856 1735 Νῦν
1870 1707 1900 1736 δὲ

1111 1752 1155 1778 διὰ
1171 1752 1200 1777 τὸ
1219 1752 1320 1787 μηδένα
1340 1752 1387 1779 τοῦ
1408 1753 1596 1788 προσήκοντος
1618 1753 1744 1789 ἐθελῆσαι
1763 1753 1899 1788 γενέσθαι,

1112 1798 1160 1823 καὶ
1176 1797 1224 1833 τὴν
1241 1798 1316 1825 θείαν
1333 1799 1531 1832 ἐγκαταλιπεῖν
1547 1800 1623 1835 ἡμᾶς
1635 1800 1773 1835 πρόνοιαν,
1788 1800 1900 1832 ἑκόντας

1112 1845 1374 1879 ἀποσχοινισοέντας
1398 1845 1494 1880 αὐτῆς,
1511 1846 1558 1872 ἐπὶ
1574 1847 1674 1881 πολλῆς
1693 1855 1722 1873 τε
1747 1847 1794 1874 τοῦ
1809 1847 1899 1874 κωλύ-

1113 1899 1206 1921 σοντος
1225 1891 1353 1925 ἐρημίας,
1368 1891 1384 1925 ἣ
1402 1890 1449 1917 καὶ
1462 1891 1530 1923 ὅλως
1542 1891 1589 1918 τοῦ
1606 1892 1787 1927 ἀμυνομένου,
1806 1893 1856 1928 τήν
1870 1901 1900 1920 τε

1113 1937 1190 1963 πόλιν
1206 1937 1285 1971 ἡμῶν
1302 1936 1356 1972 (εἴη
1382 1937 1411 1963 δὲ
1441 1938 1487 1964 καὶ
1510 1938 1603 1974 κοινὴν
1632 1939 1747 1973 πατρίδα
1764 1939 1818 1967 τῶν
1830 1939 1899 1974 Χρι-

1113 1983 1230 2009 στιανῶν
1247 1983 1376 2009 ἁπάντων
1391 1983 1489 2018 εἰπεῖν)
1501 1984 1515 2010 ὁ
1531 1983 1668 2020 βάρϐαρος
1682 1984 1897 2020 κατεστρέψατο,

1112 2030 1186 2063 ἡμᾶς
1208 2037 1237 2054 τε
1267 2028 1524 2063 ἐξηνδραποδίσατο,
1554 2031 1601 2057 καὶ
1628 2032 1715 2058 πάντα
1741 2031 1847 2066 διέθηκε
1866 2032 1900 2058 τὰ

1112 2075 1264 2108 δεινότατα,
1281 2075 1403 2107 καὶτοῖς
1418 2075 1522 2108 λοιποῖς
1550 2078 1619 2111 μετὰ
1647 2076 1746 2104 πολλοῦ
1768 2077 1814 2104 τοῦ
1836 2077 1899 2114 θρά-

1113 2129 1177 2151 σους
1192 2120 1238 2146 καὶ
1257 2120 1378 2155 μεγάλου
1394 2122 1554 2156 ἐπέρχεται,
1570 2122 1619 2148 Διά
1633 2123 1721 2149 ταῦτα
1741 2124 1787 2150 καὶ
1808 2123 1899 2158 ὀδύρο·

1113 2176 1174 2201 μαι,
1193 2167 1240 2193 καὶ
1255 2166 1368 2202 δακρύω
1385 2186 1392 2198 ,
1417 2169 1465 2194 καὶ
1481 2167 1528 2194 τοῦ
1551 2168 1680 2203 δακρύειν
1702 2169 1732 2196 οὐ
1750 2169 1899 2204 παύσομαι.

1111 2213 1163 2244 ἓως
1179 2212 1212 2239 ἂν
1224 2212 1274 2248 τὴν
1288 2212 1465 2245 τῶνάσεϐὦν
1478 2213 1549 2240 κατὰ
1563 2214 1736 2249 Χριστιανῶν
1752 2214 1899 2251 εὐημερίαν
1923 2222 1926 2225 ·

1112 2260 1180 2294 ὁρῶ.

265 2301 410 2333 nudarent,
430 2303 477 2329 sed
494 2310 527 2329 ne
543 2311 593 2330 uos
608 2303 715 2338 quidem
730 2304 784 2338 jam
802 2305 827 2330 iu
845 2309 946 2331 tantam
973 2305 1165 2334 incidissemus
1186 2307 1379 2340 calamitatem,
1395 2314 1491 2342 poenas
1516 2311 1605 2334 autem
1629 2307 1789 2342 jamdudum
1816 2306 1898 2335 hostis

265 2355 293 2375 ευ
309 2350 405 2383 dignas
415 2349 545 2376 dedisset.
558 2349 638 2376 Nune
652 2358 728 2383 vero,
743 2352 872 2385 quoniam
887 2358 965 2378 uerno
980 2352 1064 2380 voluit
1083 2352 1202 2380 cilicium
1218 2353 1319 2385 facere,
1351 2354 1505 2388 divinaeque
1538 2361 1588 2382 nos
1613 2354 1788 2387 providentiae
1817 2355 1899 2382 destr-

266 2396 313 2422 tuti
332 2396 432 2422 luimus
457 2403 519 2430 ope,
536 2397 599 2423 dum
615 2402 707 2425 nostra
720 2398 798 2432 culpa
816 2399 887 2426 ultro
903 2406 954 2426 uos
971 2399 1004 2427 ab
1018 2407 1049 2427 ea
1080 2402 1247 2429 exclusimus
1264 2411 1271 2429 :
1288 2401 1417 2435 quoniam
1429 2402 1491 2429 item
1506 2409 1601 2436 magna
1627 2402 1826 2436 prohibentium
1852 2402 1898 2430 ho-

264 2449 343 2474 stem,
361 2447 407 2469 aut
438 2444 533 2470 saltem
563 2445 762 2476 resistentium,
792 2445 906 2480 penuria
934 2447 1050 2479 exstitit,
1071 2448 1173 2476 factum
1190 2453 1241 2481 est,
1261 2452 1330 2476 utet
1344 2449 1440 2476 urbem
1474 2452 1609 2482 nostram,
1634 2449 1690 2477 iuro
1729 2457 1898 2477 communem

264 2491 454 2518 universorum
493 2491 714 2518 Christianorum
754 2492 882 2525 patriam,
923 2493 1057 2522 barbarus
1077 2494 1215 2527 everterit,
1251 2495 1397 2529 omnisque
1429 2495 1537 2529 generis
1559 2496 1693 2522 horrenda
1724 2496 1845 2534 exempla
1873 2497 1898 2523 in

264 2546 313 2566 nos
327 2539 443 2566 ediderit
460 2543 565 2572 captos,
584 2539 776 2566 etiucaneros
803 2546 899 2573 magna
932 2539 1046 2566 audacia
1067 2540 1199 2568 effrenate
1214 2540 1334 2567 invadat.
1353 2539 1400 2567 His
1433 2540 1467 2566 de
1509 2539 1602 2567 causis
1631 2547 1681 2575 ego
1711 2541 1846 2577 lacrymor
1873 2545 1899 2569 et

264 2586 351 2621 ploro,
367 2595 416 2614 uec
431 2586 598 2621 laerymandi
617 2585 697 2612 linem
719 2585 826 2617 faciam,
857 2586 978 2620 quandiu
1005 2586 1148 2621 irupiorum
1162 2586 1254 2614 felices
1269 2591 1365 2615 contra
1376 2586 1549 2615 Christianos
1565 2594 1710 2615 successus
1723 2587 1828 2615 videbo.

299 2636 420 2669 Augetur
438 2634 520 2660 etiam
535 2640 611 2660 meus
624 2631 701 2659 dolor
717 2639 751 2659 ex
767 2639 798 2658 eo
811 2632 884 2666 quod
912 2633 985 2660 circa
1011 2633 1059 2660 do-

1155 2633 1302 2660 Ἐπιτείνει
1314 2633 1342 2659 δέ
1356 2642 1403 2667 μοι
1417 2633 1447 2660 τὸ
1459 2632 1546 2665 πάθος
1558 2634 1605 2660 καὶ
1618 2633 1648 2660 τὸ
1659 2633 1706 2659 ἐπὶ
1720 2634 1776 2665 τοῖς
1790 2632 1900 2664 οἰκείοις

263 2682 392 2708 mesticos
408 2684 433 2706 ct
451 2683 582 2713 cognatos
593 2685 667 2706 meos
683 2679 783 2705 factum
796 2683 848 2705 cst.
865 2678 970 2706 Etenim
987 2679 1059 2707 alius

1112 2680 1156 2706 ml.
1172 2679 1317 2713 συγγενέσι
1340 2681 1537 2715 γεγενημένον.
1565 2679 1662 2712 Ἀλλος
1678 2680 1732 2714 γὰρ
1755 2679 1833 2715 ἄλλῃ,
1851 2680 1900 2705 οὒκ

263 2726 358 2753 horum
375 2726 438 2756 alio,
461 2725 554 2752 nescio
567 2732 621 2759 quo
638 2729 774 2752 terrarum
800 2725 912 2760 singuli,
940 2725 1057 2760 dispersi

262 2777 335 2798 sunt.
351 2771 479 2798 Nonnulli
495 2779 615 2806 quoque,
633 2779 695 2798 vera
710 2772 843 2806 religione
860 2773 1005 2805 abnegata,
1022 2772 1055 2798 ad

262 2816 427 2850 impietatem
440 2815 650 2843 defeeerunt.Ac
665 2817 866 2844 dectetororum
880 2818 987 2852 quidem
1000 2825 1058 2844 om-

263 2862 336 2887 nium
354 2861 462 2888 fortuna
492 2862 719 2896 singulorumque
746 2863 836 2889 dicere
852 2870 906 2889 n0u
920 2870 1029 2895 possunt
1047 2871 1053 2890 ι

262 2905 308 2931 sed
324 2905 356 2931 de
364 2909 480 2935 quatuor
492 2906 583 2933 iratris
596 2906 648 2933 mei
661 2908 731 2939 (Νῆις,
748 2915 809 2934 eum
823 2912 876 2934 tres
891 2906 945 2940 (hei
957 2906 1023 2933 mihi
1036 2907 1055 2940 ἱ)

1111 2723 1158 2751 οἷδ’
1175 2726 1228 2760 ὅπη
1249 2724 1313 2759 γῆς,
1332 2725 1521 2760 διεσπάρησαν
1539 2724 1667 2757 ἕκαστος.
1687 2725 1718 2752 0i
1735 2724 1764 2752 δὲ
1787 2724 1834 2751 καὶ
1850 2724 1901 2759 τὴν

1110 2771 1263 2806 ἀμώμητον
1282 2771 1374 2797 πίστιν
1387 2771 1520 2806 ἤμειψαν,
1541 2771 1587 2797 ἐπὶ
1603 2771 1653 2806 τὴν
1668 2770 1796 2797 ἀσέϐειαν
1820 2777 1901 2804 μετα-

1113 2816 1215 2844 Οέντες.
1232 2816 1285 2842 Καὶ
1299 2817 1361 2847 τοὺς
1381 2817 1430 2851 μὲν
1444 2816 1542 2845 ἄλλους
1560 2817 1685 2848 ἅπαντας
1709 2816 1772 2842 καθ’
1787 2815 1900 2840 ἕκαστον

1109 2860 1199 2894 λέγειν
1214 2862 1264 2887 οὐκ
1282 2861 1315 2886 ἂν
1332 2858 1387 2892 οἷός
1409 2869 1439 2885 τε
1459 2858 1503 2896 ἦν·
1523 2861 1580 2886 ἀλλ’
1597 2860 1745 2894 ἀδελφιδῶν
1764 2866 1812 2892 μοι
1835 2865 1900 2884 τεσ-

1110 2907 1212 2941 σάρων,
1231 2907 1285 2934 τῶν
1311 2907 1404 2941 τριῶν,
1432 2907 1499 2940 est")!
1525 2907 1715 2941 μεταθεμένων
1730 2903 1843 2935 δεινῶς,
1861 2903 1900 2935 τῷ
