4100 6414
316 364 450 425 105‘.)

1340 358 1832 420 LAMENTATIO
1862 354 1962 415 DE
1994 355 2212 418 CPOLI
2242 358 2498 419 CAPTA.

3437 361 3567 424 1οὈ

313 480 517 548 σφᾶδρα
579 476 753 547 νεαρῷ
808 477 905 546 τῆς
949 475 1183 546 ἡλικίας,
1240 478 1336 530 καὶ
1384 477 1545 531 ἄλλου
1586 475 1722 546 ἄλλῃ
1755 474 1891 527 ἀπε-

2008 473 2049 524 In
2084 472 2391 526 calamitate
2424 474 2581 528 fidem
2614 474 2993 530 adolescentim
3017 477 3305 545 lragiLtate
3342 477 3567 546 relique-

313 573 617 644 νεχθέντος,
652 572 805 641 μόλις
830 564 911 634 είς
945 588 1035 638 μοι
1067 568 1496 638 περισέσωσται,
1528 568 1686 630 ὤνιος
1716 569 1889 638 ἀργυ-

316 667 475 734 ρίοις,
533 663 627 715 καὶ
681 660 1031 732 ταλαιπωρίᾳ
1066 661 1258 732 πολλῇ·
1301 660 1400 713 οὐκ
1438 660 1501 713 ἂν
1552 659 1683 720 ἴσως
1730 657 1891 710 τοῦτο

318 756 534 825 συμϐὰν
562 757 761 820 οὑτως,
792 755 842 808 εί
868 757 895 808 ό
923 754 1103 826 πατὴρ
1141 753 1240 823 μὲν
1270 755 1477 817 αὐτοῖς,
1502 754 1625 823 ἐμοὶ
1656 752 1711 805 δὲ
1733 751 1889 805 ἀδελ-

317 847 414 913 φὸς
447 848 666 917 περιῆν.
694 846 844 916 Ταχὺ
869 845 978 915 γάρ
1010 844 1076 899 ἀν
1104 845 1299 907 αὑτοὺς
1332 844 1678 913 ἀναζητήσας
1707 857 1893 910 περιε-

316 937 551 1000 σώσατο,
579 937 673 991 τοῦ
702 937 863 991 πόνου
898 955 989 1007 μοι
1022 937 1422 1007 συναράμενος.
1447 934 1561 987 Νῦν
1588 935 1643 987 δὲ
1666 934 1727 985 τὸ
1750 933 1893 987 ὲκεί-

314 1047 441 1092 νους
475 1030 573 1099 μὲν
606 1031 662 1096 ἐξ
687 1029 994 1100 ἀνθρώπων
1028 1028 1307 1097 γενέσθαι,
1340 1027 1441 1096 ἐμὲ
1470 1027 1526 1079 δὲ
1563 1026 1725 1096 μόνον
1752 1027 1890 1096 πρὸς

316 1123 493 1176 πάντα
530 1122 606 1195 μὴ
646 1122 933 1191 ἐξαρκεῖν,
985 1122 1160 1183 ἄλλως
1211 1138 1270 1173 τε
1330 1119 1425 1172 καὶ
1483 1119 1889 1193 ἀπραγμοσύνῃ

316 1214 656 1284 συνεζηκότα
712 1213 883 1285 πολλῇ
939 1214 1029 1285 (δι’
1069 1214 1137 1283 ἢν
1182 1212 1321 1281 πρὸς
1359 1212 1536 1265 πάντα
1586 1210 1745 1263 πόνον
1798 1212 1893 1265 καὶ

314 1306 536 1374 πρᾶξιν,
573 1305 715 1376 πλὴν
762 1307 855 1360 τοῦ
909 1305 1049 1359 κατά
1108 1305 1234 1369 τοὺς
1296 1304 1529 1373 λόγους,
1578 1304 1891 1357 συνέϐαινεν

316 1397 463 1466 ἔχειν
490 1398 754 1468 ἀπείρως)
787 1398 962 1452 αἴτιον
994 1398 1182 1461 αὐτοῖς
1229 1396 1326 1466 τῆς
1371 1397 1630 1467 τοιαύτης
1664 1398 1892 1465 μεταϐο-

317 1490 436 1558 λῆς.
478 1488 619 1543 υῦτε
660 1489 769 1561 γὰρ
820 1489 1001 1558 εὑρεῖν
1032 1489 1248 1553 αὐτοὺς,
1279 1489 1387 1558 ὅπη
1433 1490 1559 1559 γῆς,
1590 1489 1772 1559 ῥᾴδιον
1804 1485 1890 1557 ἦν,

316 1582 438 1636 οὑδὲ
472 1583 580 1635 τῶν
614 1581 790 1636 ἄλλων
819 1582 1012 1635 οὐδένα
1045 1582 1349 1651 συγγενῶν,
1391 1582 1609 1635 πάντων
1646 1581 1891 1644 ἐλεεινῶς

316 1676 423 1736 τοῖς
461 1673 757 1745 βαρϐάροις
798 1674 892 1726 ἀπ’
924 1673 1175 1742 ἀλλήλων
1205 1672 1626 1741 γεγενημένων,
1674 1672 1768 1724 καὶ
1800 1672 1893 1726 ἄλ-

315 1765 410 1818 λου
450 1764 585 1835 ἄλλῃ
608 1764 1024 1835 ἀπενεχθέντος·
1058 1763 1151 1816 καὶ
1173 1764 1201 1816 ὁ
1223 1762 1485 1815 ἑκάστοτε
1509 1762 1565 1815 δὲ
1600 1764 1698 1815 σὺν
1721 1762 1890 1831 πολλῇ

317 1857 672 1927 ταλαιπωρίᾳ
709 1874 799 1927 μοι
850 1854 1241 1925 εὑρισκόμενος
1275 1848 1427 1906 εἷλκε
1482 1853 1620 1922 πρὸς
1675 1853 1893 1908 ἑαυτόν.

320 1932 543 2019 Πρῶτον
579 1947 673 2001 οὖν
702 1946 1086 2014 περιτυγχάνω
1109 1946 1175 2013 τῇ
1210 1943 1435 2013 ἀδελφῇ,
1472 1938 1593 1995 εἶτα
1620 1944 1684 2011 τῇ
1723 1941 1895 2011 μητρὶ

320 2039 577 2107 ἀλλαχοῦ,
601 2038 681 2108 τῷ
704 2036 969 2107 ἀδελφιδῷ
994 2034 1242 2105 ὕστερον*
1269 2036 1365 2089 καὶ
1394 2034 1603 2097 τούτοις
1626 2033 1724 2103 τὴν
1747 2034 1898 2086 ἐλευ-

321 2133 510 2201 θερίαν
534 2131 639 2184 ὑπδ
669 2129 789 2200 Θεῷ
820 2130 979 2200 αἰτίῳ
1004 2126 1420 2199 περιποιοῦμαι,
1444 2128 1599 2192 τάξιν
1623 2127 1898 2196 ὑπηρέτου

325 2224 516 2288 σώζων
549 2224 733 2288 αὑτδς,
776 2224 873 2278 καὶ
907 2222 966 2276 τὸ
1018 2221 1219 2290 σφόδρα
1252 2221 1491 2291 χαλεπὸν
1535 2220 1637 2288 τῆς
1677 2221 1784 2273 τῶν
1810 2220 1899 2272 λύ-

322 2335 468 2384 τρων
503 2316 795 2386 εὑρέσεως·
830 2315 895 2383 ἦν
945 2313 1080 2382 ἐλέῳ
1113 2314 1259 2382 μόνῳ
1297 2311 1433 2364 Θεοῦ
1481 2311 1791 2382 ὲκτὼμεθα,
1829 2312 1897 2366 δι’

330 2409 397 2476 ἢν
422 2407 531 2461 τῶν
558 2406 916 2477 παρεχόντων
970 2406 1068 2459 καὶ
1092 2404 1385 2458 ἐλεούντων
1415 2406 1448 2475 ἡ
1479 2404 1599 2458 θεία
1633 2404 1901 2468 ἀντίδοσις

331 2499 730 2570 μυριοπλασίας
775 2495 1191 2569 ἀποδοθήσεται.
1228 2496 1407 2550 Μόνον
1438 2496 1534 2550 νῦν
1580 2498 1721 2567 είμι,
1772 2513 1920 2565 συγ--

326 2589 509 2658 γενέσι
541 2588 755 2653 πολλοῖς
782 2586 1032 2657 πολλαχῆ
1060 2586 1508 2657 διεσπαρμένοις,
1543 2589 1637 2641 καὶ
1662 2586 1901 2657 οὐδαμοῦ

325 2679 450 2734 οὑδὲ
483 2680 677 2735 σύνδυο
714 2679 1154 2751 εὑρισκομένοις,
1210 2680 1269 2733 ὲν
1314 2680 1519 2751 ἀπορίᾳ
1577 2679 1748 2750 πολλῇ
1805 2680 1903 2735 καὶ

324 2769 674 2841 ταλαιπωρίᾳ
709 2770 945 2843 μεγάλῃ.
998 2770 1170 2823 Τοῦτό
1226 2786 1295 2840 με
1348 2772 1438 2823 καὶ
1488 2769 1609 2823 λίαν
1654 2769 1901 2838 ἀλγύνει,

324 2858 488 2913 τοῦτο
511 2863 658 2913 ποιεῖ
683 2861 745 2913 τδ
773 2861 874 2931 ζῇν
904 2860 1296 2930 ἀπολέγεσθαι.
1330 2860 1478 2931 Δῦτη
1507 2878 1598 2930 μοι
1630 2862 1904 2931 συμφορὰ,

329 2951 690 3022 παραμυθίας
727 2953 985 3006 ὑπόθεσιν
1018 2953 1281 3022 οὐδεμίαν
1334 2955 1727 3027 ὑποφαίνουσα.
1792 2952 1907 3006 Μία

332 3063 425 3113 μοι
463 3045 625 3115 μόνον
659 3044 1009 3115 παραμυθία,
1043 3044 1103 3098 τὺ
1139 3045 1266 3106 τοὺς
1316 3045 1630 3114 ἀδελφιδοῦς
1676 3045 1908 3114 ὁινακλη⁶

1992 563 2121 628 rint,
2149 563 2399 634 aliusque
2425 566 2534 619 alio
2560 567 2870 623 abstractus
2904 570 2997 633 sit,
3025 569 3110 623 vix
3146 583 3288 623 unus
3323 569 3456 622 mihi
3489 582 3569 623 re-

1992 665 2121 721 stat,
2154 667 2379 729 argento
2439 660 2671 726 venalis,
2732 677 2928 731 magna
2978 662 3299 717 diliicultate
3349 661 3550 724 conllic

1993 757 2114 803 laus
2143 767 2155 803 :
2193 750 2335 817 quod
2368 748 2600 804 fortasse
2630 767 2737 804 noa
2771 752 3091 818 accidisset,
3126 755 3169 806 si
3236 762 3386 823 pater
3418 753 3571 821 ipsis,

1992 850 2045 897 et
2082 843 2210 897 milii
2242 842 2428 906 frater,
2454 855 2782 913 superesset.
2816 845 3134 901 Brevienim
3159 861 3253 902 eos
3291 848 3573 917 requirens

1993 946 2389 999 conservasset,
2421 936 2625 992 laboris
2667 938 2799 991 mihi
2840 939 3044 994 socius.
3081 940 3237 993 Nunc
3270 955 3415 1003 vero,
3467 922 3575 994 illis

1994 1023 2062 1077 de
2091 1025 2197 1080 vita
2225 1029 2503 1081 communi
2531 1029 2785 1088 sublatis.
2811 1044 3044 1095 quorum
3079 1045 3245 1099 opera
3279 1031 3409 1084 miln
3437 1046 3571 1100 opus

1994 1127 2132 1179 erat,
2153 1133 2277 1173 cum
2309 1133 2410 1190 ego
2450 1121 2600 1176 solus
2630 1122 2777 1176 omni
2817 1122 2990 1177 labori
3013 1122 3234 1177 ferendo
3256 1139 3359 1176 non
3374 1138 3574 1183 essem.

1995 1211 2294 1280 praesertim
2326 1222 2484 1267 aetate
2516 1214 2570 1267 in
2604 1214 3048 1280 otiolitterisque
3096 1224 3217 1270 aeta
3275 1213 3445 1286 (unde
3509 1215 3575 1269 ad

1995 1317 2215 1357 omnem
2247 1304 2485 1360 laborem
2505 1318 2550 1361 e‘
2580 1307 2869 1368 actionem,
2892 1316 3253 1376 praeterquam
3274 1308 3338 1361 ad
3374 1306 3576 1369 studia.

1997 1396 2151 1452 rudis
2179 1405 2233 1452 et
2263 1397 2480 1466 ineptus
2507 1398 2677 1467 sum),
2714 1415 2878 1455 causa
2922 1400 3033 1454 bare
3072 1399 3176 1454 illis
3210 1407 3371 1452 tanta:
3409 1406 3577 1451 muta-

1998 1491 2162 1546 tionis
2192 1491 2408 1546 accidit.
2438 1489 2625 1559 Neque
2659 1492 2825 1555 enim,
2874 1493 3096 1547 ubinam
3155 1492 3255 1560 ipsi
3308 1478 3577 1544 terrarum

1995 1588 2198 1645 essent,
2229 1590 2445 1650 repertu
2481 1583 2666 1635 faciles
2680 1593 2867 1635 erant:
2902 1597 3076 1649 neque
3101 1591 3419 1635 cazterorum
3445 1594 3579 1633 con-

1999 1674 2420 1743 sauguineorum
2481 1674 2624 1727 ullus
2670 1693 2682 1726 :
2735 1674 2880 1743 quod
2934 1673 3135 1744 singuli
3198 1672 3580 1727 miserabiliter

2000 1779 2027 1815 a
2077 1766 2320 1819 barbaris
2353 1765 2601 1819 distracti
2641 1781 2671 1818 a
2702 1780 2760 1819 se
2789 1764 3018 1819 invicem
3080 1772 3283 1828 essent,
3331 1764 3581 1833 aliusque

2000 1858 2106 1912 alio
2140 1858 2438 1927 abreptus:
2467 1857 2540 1911 ita
2569 1866 2621 1911 ut
2654 1858 2890 1926 quisque
2918 1858 3184 1925 ipsorum,
3227 1858 3313 1910 vix
3360 1870 3500 1924 aegre
3548 1870 3611 1906 at

2002 1946 2398 2002 modiversoin
2429 1947 2548 2000 loco
2588 1954 2852 2013 repertus,
2912 1960 2998 1999 me
3059 1945 3113 1998 in
3169 1960 3227 1999 sc
3286 1945 3582 2012 quaerendo

2002 2047 2327 2108 occupatum
2381 2048 2606 2093 teneret.
2639 2039 2821 2092 Primo
2855 2037 3038 2107 itaque
3094 2037 3387 2090 nanciscor
3431 2050 3583 2090 soroc
3672 2074 3677 2081 η

2002 2146 2139 2191 rem,
2168 2130 2367 2186 deinde
2403 2140 2634 2185 matrem
2672 2131 2781 2185 alio
2818 2130 2870 2183 in
2908 2130 3046 2196 loco,
3106 2139 3218 2184 tum
3277 2129 3460 2185 fratris
3523 2130 3585 2182 [ἰ-
3656 2198 3662 2205 _

2003 2223 2135 2277 lium
2173 2241 2186 2278 ε
2221 2222 2420 2292 quibus
2447 2222 2779 2286 libertatem,
2815 2220 3188 2290 Deojuvante,
3227 2221 3441 2291 peperi:
3469 2222 3585 2290 ipse

2006 2316 2366 2371 ministerium
2416 2330 2578 2369 omne
2636 2314 2848 2378 obiens,
2896 2313 3319 2383 difficillimeque
3355 2314 3585 2383 pretium

2005 2409 2308 2464 redimendi
2348 2423 2646 2477 corrogans
2684 2425 2699 2461 :
2742 2406 2884 2476 quod
2919 2406 3032 2460 sola
3065 2406 3158 2461 Dei
3200 2404 3576 2461 misericordia

2004 2497 2285 2553 consecuti
2313 2512 2503 2552 sumus
2539 2513 2555 2555 ;
2579 2511 2676 2567 pro
2693 2511 2802 2566 quo
2823 2496 2931 2553 illis
2950 2496 3067 2566 qui,
3086 2510 3169 2550 nor
3191 2504 3329 2549 trum
3354 2494 3586 2563 m'scrti,

2005 2590 2565 2656 coutulerunt,diriua
2584 2587 2884 2658 benignitas
2906 2586 3337 2644 cumulatissime
3357 2587 3590 2658 gratiam

2008 2688 2228 2741 referet.
2277 2682 2436 2737 Nunc
2468 2683 2619 2736 solus
2676 2696 2798 2736 sum
2828 2699 2842 2736 :
2880 2680 3321 2749 consanguineis,
3353 2694 3588 2749 quorum

2012 2789 2241 2845 magnus
2271 2788 2555 2839 numerus,
2583 2772 2636 2827 in
2661 2772 2809 2826 varia
2834 2772 2949 2826 loca
2976 2771 3262 2841 dispersis,
3292 2786 3359 2827 ne
3380 2771 3592 2827 duobus

2009 2868 2227 2938 quidem
2260 2867 2470 2935 uspiam
2506 2881 2613 2918 una
2634 2864 3006 2926 manentibus,
3034 2864 3088 2916 in
3124 2878 3317 2932 magna
3349 2872 3593 2932 egestate

2007 2970 2063 3015 et
2083 2960 2364 3015 aerumnis.
2401 2958 2511 3011 lloc
2535 2957 2714 3026 ipsum
2739 2964 2840 3019 est,
2880 2954 3025 3024 quod
3059 2953 3216 3008 valde
3244 2968 3329 3009 me
3380 2953 3593 3008 discru-

2010 3054 2136 3114 ciet,
2167 3052 2270 3105 hoc
2299 3051 2543 3103 animum
2579 3059 2636 3104 ut
2662 3048 3029 3118 despondeam
3082 3044 3228 3109 facit,
3290 3046 3404 3100 tunc
3447 3046 3594 3100 cala-

330 3136 525 3200 θέντας
566 3135 716 3201 ίδεῖν,
758 3135 854 3189 καὶ
908 3141 1043 3207 πρὸς
1095 3135 1158 3190 τὸ
1194 3137 1423 3206 πάτριον
1474 3135 1642 3200 σέϐας
1682 3135 1903 3191 ἐπανελ-

2018 3146 2178 3200 mitas
2217 3144 2394 3199 solatii
2450 3143 2717 3197 rationem
2772 3143 2978 3196 nullam
3042 3140 3306 3195 ostendit.
3359 3137 3594 3194 Unicum

326 3229 548 3293 θόντας.
582 3230 649 3282 Ὃ
689 3229 922 3297 γένοιτο,
955 3231 1051 3282 καὶ
1086 3231 1274 3300 μεῖζον
1300 3231 1379 3293 είς
1417 3230 1775 3300 παραμυθίας
1822 3246 1912 3300 μοι

322 3323 488 3392 λόγον
520 3322 721 3392 οὑδὲνῆ
756 3323 850 3375 καὶ
879 3322 971 3375 τοῦ
1007 3322 1105 3393 ζῇν
1128 3322 1235 3389 ἔξω
1264 3323 1549 3395 γενοίμην,
1579 3323 1664 3377 ἵνα
1695 3321 1790 3377 καὶ
1816 3322 1910 3376 τοῦ

328 3416 537 3483 ἀλγεῖν.
579 3413 745 3469 Ἀλλά
797 3414 1033 3478 δέδοικα,
1093 3414 1167 3484 μὴ
1204 3414 1297 3467 καὶ
1348 3414 1540 3469 τούτου
1598 3416 1911 3485 γινομένου,

335 3507 601 3577 μειζόνως
630 3505 856 3577 ἀλγήσω
886 3506 919 3576 ἢ
951 3506 1091 3558 κατά
1123 3507 1221 3578 τὴν
1251 3506 1347 3558 νῦν
1405 3508 1715 3577 συμφορὰν,
1756 3506 1916 3559 κολάο

335 3612 488 3648 σεειν
522 3595 902 3665 ἀτελευτήτοις
934 3595 1284 3665 ὑποϐληθεὶς,
1315 3596 1383 3648 δι’
1408 3596 1466 3650 δν
1502 3597 1787 3665 ἔπίκειμαι
1817 3597 1916 3664 τῆς

332 3688 512 3759 ψυχῆς
544 3689 848 3759 μολυσμόν.
889 3687 1049 3741 Ἀλλὰ
1079 3687 1307 3742 καὶτῶν
1342 3689 1438 3742 νῦν
1477 3690 1798 3759 συμφορῶν,
1822 3690 1916 3742 καλ⁹

333 3778 441 3830 τῶν
467 3778 546 3837 εἰς
576 3778 638 3829 τὸ
687 3776 883 3844 μέλλον
914 3777 1290 3847 ἀπαλλαγείην
1323 3777 1617 3844 κολάσεων,
1648 3778 1743 3830 τοῦ
1776 3777 1913 3831 Θεοῦ

337 3886 429 3938 μοι
467 3868 595 3923 ῐλεω
655 3867 753 3922 νῦν
795 3867 1019 3931 ἰδόντος,
1049 3870 1145 3922 καὶ
1184 3868 1263 3939 τῷ
1313 3869 1482 3938 πατρὶ
1544 3869 1917 3939 συγγενοίμην

335 3962 431 4014 καὶ
478 3960 718 4030 ἀδελφῷ,
757 3960 809 4013 εί
872 3961 967 4014 καὶ
1028 3960 1103 4032 μὴ
1152 3962 1252 4029 τῆς
1307 3961 1678 4030 καθαρότητος
1731 3962 1917 4024 αὑτοῖς

335 4052 601 4106 κοινωνῶ.
640 4052 766 4106 Εἴθε
801 4052 859 4105 δὲ
888 4055 920 4124 ή
955 4052 1195 4123 Χριστοῦ
1225 4051 1385 4123 χάρις
1414 4056 1478 4122 τῇ
1508 4054 1631 4121 ἐμοὶ
1660 4054 1918 4124 μετανοίᾳ

339 4143 436 4198 καὶ
472 4146 611 4215 ῥοπῇ
643 4146 710 4214 τῇ
740 4144 880 4213 πρὸς
919 4143 987 4209 τὰ
1020 4143 1162 4198 καλά
1207 4144 1315 4196 τῶν
1370 4146 1549 4197 ἐκεῖσε
1585 4145 1917 4209 ἀπαλλάξειε

336 4237 733 4306 κολαστηρίων,
767 4236 861 4289 τὸν
890 4235 999 4290 τῶν
1040 4235 1229 4289 παθῶν
1260 4236 1451 4305 ἐσμὸν,
1480 4236 1539 4289 ὃν
1569 4239 1916 4308 περίκειμαι,

338 4331 665 4400 παριδοῦσα.
704 4332 956 4401 Ζήσομαι
983 4330 1185 4392 τοίνυν,
1222 4328 1329 4391 ἓως
1358 4329 1424 4382 ἂν
1452 4328 1545 4400 ἐξῇ
1586 4328 1710 4399 ζῇν,
1740 4329 1921 4397 ἀλγῶν

338 4427 432 4478 καὶ
484 4424 740 4494 δακρύων
794 4424 844 4475 εί
899 4422 973 4493 μή
1015 4439 1067 4475 τι
1093 4421 1456 4493 χρηστότερον
1488 4421 1548 4485 ἐξ
1581 4423 1920 4476 ἀνελπίστων

2017 3240 2147 3295 milii
2178 3239 2428 3293 solatium
2464 3246 2654 3303 restat,
2682 3238 2727 3293 si
2757 3248 2981 3305 nepetes
3004 3250 3065 3288 ex
3093 3233 3264 3287 fratre
3301 3246 3595 3301 recupera.

2017 3341 2103 3389 tos
2128 3332 2481 3397 vidcamLet
2537 3330 2605 3385 ad
2656 3329 2887 3399 patriam
2944 3326 3262 3396 religionem
3314 3327 3597 3379 reductos.

2018 3423 2237 3478 Utinam
2271 3424 2373 3477 hoc
2406 3423 2535 3477 fiat!
2595 3422 2769 3491 major
2825 3418 2955 3473 mihi
3020 3422 3087 3473 ad
3140 3417 3397 3472 solatium
3461 3417 3602 3471 ratio

2016 3514 2162 3569 nulla
2197 3514 2314 3567 dari
2348 3521 2545 3582 potest.
2581 3512 2690 3566 Aut
2720 3526 2850 3566 sane
2870 3526 2935 3565 ex
2960 3509 3065 3562 vita
3084 3524 3301 3578 quoque
3321 3508 3601 3563 discedere

2016 3607 2316 3675 continget,
2355 3613 2415 3658 ut
2444 3604 2525 3659 sic
2552 3603 2719 3658 etiam
2781 3599 3103 3672 aegritudine
3157 3597 3323 3653 animi
3381 3599 3601 3655 liberer.

2017 3699 2201 3753 Metuo
2224 3708 2405 3750 tamen
2434 3712 2521 3762 ne,
2556 3695 2602 3750 si
2635 3696 2735 3749 hoc
2765 3693 2968 3749 factum
3006 3692 3194 3757 fuerit,
3257 3693 3313 3746 in
3369 3692 3601 3759 majores

2016 3789 2277 3851 incidam,
2297 3802 2459 3857 quam
2493 3794 2725 3855 quantos
2743 3801 2808 3839 ex
2837 3783 3199 3854 praesentibus
3228 3782 3385 3837 malis
3405 3783 3602 3843 sentio,

2018 3879 2255 3942 dolores,
2293 3878 2630 3931 cruciatibus
2663 3875 2883 3929 azternis
2924 3882 3149 3943 propter
3198 3873 3394 3926 animae
3469 3889 3603 3927 mea:

2020 3970 2429 4038 inquinamenta
2456 3967 2771 4021 mandatus.
2808 3967 2912 4020 Sed
2948 3965 3153 4019 utinam
3208 3976 3261 4019 et
3318 3968 3603 4033 prazscnt't-

2024 4061 2125 4114 bus
2147 4059 2407 4124 miseriis,
2432 4068 2485 4113 et
2520 4057 2717 4112 futurae
2752 4058 2872 4111 vitm
2904 4059 3105 4128 pmnis,
3148 4058 3256 4111 Deo
3288 4074 3377 4112 me
3422 4060 3605 4128 propi-

2026 4149 2113 4201 tiis
2146 4148 2321 4202 oculis
2349 4147 2671 4217 aspiciente,
2717 4148 2937 4211 liberer,
2992 4148 3379 4213 consortioque
3439 4152 3605 4216 patris

2023 4252 2077 4296 et
2107 4240 2290 4295 fratris
2319 4240 2491 4305 fruar,
2530 4240 2657 4293 licet
2686 4255 2792 4293 non
2825 4255 2887 4295 ea
2915 4242 3170 4309 puritate,
3201 4256 3305 4310 qna
3333 4242 3455 4309 ipsi,
3477 4245 3604 4296 sim.

2022 4331 2163 4403 Opto
2190 4348 2320 4388 vero
2350 4332 2550 4386 Christi
2577 4332 2830 4401 gratiam,
2865 4342 2921 4386 ut
2953 4348 3015 4385 ca
3048 4346 3155 4393 me,
3190 4332 3505 4401 pmnitcnlia
3540 4335 3606 4386 ad

2026 4425 2200 4479 bonas
2224 4423 2475 4478 actiones
2506 4423 2963 4492 propemlentem,
3029 4421 3332 4477 inferorum
3400 4425 3608 4478 crucia-

339 4492 642 4587 ἀναφανείη
670 4515 852 4581 ποθὲν,
883 4492 1051 4586 τιμὴν
1085 4492 1308 4567 ἃπασαν
1342 4512 1625 4581 τιθέμενος
1671 4513 1800 4583 παρ’
1830 4514 1903 4566 οὑ·

2027 4516 2228 4571 mentis
2260 4515 2474 4580 liberet,
2497 4529 2604 4568 non
2645 4514 2831 4584 habito
2857 4530 3144 4584 pravorum
3215 4516 3508 4571 allectuum
3556 4527 3611 4571 et

258 4614 267 4618 ’
338 4613 428 4664 δὲν
459 4612 565 4664 τῶν
608 4613 712 4665 οὑκ
761 4611 849 4678 ἐφ’
896 4611 1030 4682 ἡμῖν
1061 4605 1248 4673 οὖσαν,
1282 4610 1376 4663 καὶ
1419 4608 1575 4661 οὐδὲν
1623 4611 1762 4677 πρὸς
1796 4610 1915 4678 ὲμέο

338 4704 441 4757 κᾶν
459 4719 601 4766 τινες
626 4701 888 4756 τάναντία
910 4700 1255 4777 ψηφίζοιντο,
1275 4697 1455 4767 κάμοῦ
1488 4698 1736 4767 μέλλοιεν
1761 4699 1921 4765 scr/ﬁ-

338 4811 440 4864 την
476 4792 913 4863 καταγινώσκειν
949 4790 1308 4861 ἀϐελτηρίαν,
1357 4788 1514 4841 τοῦτό
1548 4804 1613 4857 γε
1650 4789 1834 4852 αὐτοῖς
1859 4790 1917 4841 οὑ

341 4887 683 4957 ουνᾴδοντος,
1110 4872 1113 4875 ’
1640 4910 1643 4911 ν
1663 4874 1666 4877 λ

2030 4615 2399 4675 peccatorum,
2439 4623 2676 4677 quorum
2732 4608 2987 4662 satellnio
3039 4612 3273 4679 stipatus
3326 4625 3471 4672 sum,
3520 4624 3611 4663 re-

2029 4706 2239 4768 spectu.
2276 4697 2466 4753 Vivam
2496 4699 2678 4770 igitur,
2710 4701 2891 4769 quodd
2947 4700 3129 4756 vivere
3173 4705 3519 4767 concedetur,
3556 4702 3611 4756 in

2029 4790 2223 4846 dolore
2272 4798 2328 4845 et
2372 4791 2650 4859 lacrymis,
2717 4794 2819 4847 nisi
2867 4792 2998 4861 quid
3054 4792 3331 4862 insperato
3370 4794 3614 4847 melioris

2029 4883 2261 4939 fortuna:
2282 4884 2533 4941 alicunde
2562 4899 2648 4937 me
2682 4887 2982 4951 respexerit
3012 4900 3026 4937 :
3059 4899 3276 4938 onmem
3317 4885 3479 4953 hujus
3511 4901 3615 4939 ste-

342 4979 452 5034 culi
478 4982 736 5035 honorem
774 4996 871 5051 pro
893 4982 1062 5037 nihilo
1104 4988 1324 5052 putans,
1353 4991 1478 5032 cum
1511 4977 1556 5031 is
1583 4990 1692 5032 non
1749 4975 1820 5031 sit
1864 4975 1918 5029 in
1996 4986 2270 5046 potestate
2294 4987 2503 5042 nostra,
2573 4992 2671 5031 nec
2732 4977 2799 5028 ad
2868 4992 2953 5029 me
2999 4978 3228 5031 attineat
3287 4977 3611 5045 quidquam,

340 5073 593 5144 quamvis
619 5073 785 5142 aliqui
824 5075 878 5127 in
911 5074 1182 5129 contraria
1212 5072 1323 5129 sint
1349 5072 1645 5137 sententia,
1705 5069 1935 5140 ideoque
1973 5086 2081 5137 me,
2118 5072 2334 5142 quodin
2368 5070 2472 5124 huc
2504 5071 2636 5139 ipsis
2697 5086 2804 5125 non
2846 5071 3135 5136 assentiar,
3198 5080 3453 5127 extreure
3519 5073 3615 5127 de-

344 5167 556 5225 mentiaa
593 5167 816 5223 nomine
837 5166 1279 5223 condemnaturi.
