4100 6412
999 475 1090 488 ν-...ι
1111 480 1876 489 .__u.-—._.—_---———.~—-.—~_..-_
1915 480 2618 490 --q.__—-—..--___—.—.—__

2159 450 3778 491 Μ

1015 659 1900 846 MARCUS
2027 664 3266 847 EUGENICUS

1675 1010 2016 1069 EPIIESIUS
2069 1010 2587 1067 METROPOLITA.

893 1339 1407 1432 NOTITIA
1528 1339 2189 1434 HISTORICA
2298 1341 2450 1430 ET
2575 1335 3362 1430 LITTERARIA.

1510 1531 1732 1606 (Fabric‘
1751 1529 1985 1584 Biblioth.
2011 1532 2099 1583 Gr.
2131 1531 2210 1581 ed.
2260 1529 2460 1593 llarles,
2493 1532 2616 1580 tom.
2652 1530 2733 1593 X.)

565 1833 781 1888 Marcus
812 1832 1144 1900 Eugenicns,
1185 1834 1380 1904 Ephesi
1419 1837 1785 1906 metropolita,
1815 1836 2135 1892 Latinorum
2171 1836 2224 1891 in
2258 1837 2516 1901 concilio,
2567 1836 2654 1892 cui
2707 1851 2814 1891 non
2859 1835 3212 1906 subscripsit,
3239 1834 3576 1903 Florentino,
3610 1851 3760 1891 anno

495 1923 652 1984 M59.
691 1934 856 1991 atque
891 1923 1151 1993 deinceps
1183 1925 1249 1978 ad
1295 1926 1505 1978 obitum
1543 1942 1717 1994 usque
1751 1925 2109 1982 adversarius
2141 1928 2468 1992 acerrimus,
2500 1927 2854 1995 unionisque,
2887 1940 3051 1995 quam
3109 1940 3234 1979 cum
3290 1925 3396 1980 illis
3427 1939 3759 1994 componere

491 2009 729 2065 J-iannes
761 2011 1099 2080 Palmologns
1137 2012 1267 2081 imp.
1304 2013 1649 2076 inetiluebat,
1691 2027 1889 2082 magna
1927 2027 2186 2078 remora;
2225 2029 2398 2070 novus
2451 2015 2573 2068 ideo
2621 2013 2851 2068 Photins
2883 2015 3064 2068 dictus
3101 2011 3322 2066 Horatio
3347 2009 3656 2066 Iustiniano
3696 2012 3752 2064 in

490 2099 642 2153 Actis
674 2098 895 2152 concilii
927 2097 1073 2154 Flor.
1099 2116 1113 2164 ;
1143 2099 1283 2153 idem
1319 2115 1465 2153 anno
1495 2099 1653 2161 1417,
1686 2100 1846 2154 morti
1879 2099 2124 2167 vicinus,
2149 2099 2382 2172 Georgio
2419 2101 2704 2156 St-holario
2737 2100 2936 2154 tuenda
2980 2099 3183 2154 (ἶνα-(ιω
3217 2098 3471 2155 Ecclesia:
3501 2100 3752 2169 dogmata

492 2199 546 2240 et
572 2186 828 2241 unionem
861 2185 1170 2257 fugiendam
1198 2187 1537 2257 gravissimis
1587 2187 1767 2241 verbis
1798 2186 2204 2242 commendavit
2252 2207 2265 2244 :
2309 2189 2578 2261 Georgius
2631 2189 2820 2251 etiam,
2850 2189 2980 2253 Deo,
3014 2188 3221 2256 angelis
3270 2199 3324 2242 et
3355 2187 3664 2242 hominibus
3696 2187 3749 2240 in

492 2273 866 2328 testimonium
895 2274 1202 2336 advocatis,
1235 2275 1335 2328 hoc
1383 2288 1441 2326 se
1499 2273 1917 2328 observaturum
1976 2282 2166 2328 sancte
2209 2275 2440 2344 juravit,
2499 2274 2924 2344 observavitque
2974 2275 3170 2329 deinde
3219 2273 3659 2344 diligentissime,
3693 2280 3752 2326 ct

492 2361 736 2416 Marcum
799 2362 1075 2416 doctorem
1116 2377 1275 2415 suum
1338 2361 1658 2417 defunctum
1705 2377 1804 2429 pro
1861 2361 2061 2445 funere.
2109 2362 2375 2418 laudavit.
2427 2362 2641 2433 Scripta
2693 2363 2812 2432 ejus
2868 2372 3262 2432 oppugnarunt
3323 2361 3495 2416 Graeci
3541 2361 3749 2412 λατινό-

489 2467 688 2519 φρονες
729 2448 1000 2520 ,Ιοερριιιιε
1057 2449 1450 2513 Methonensis,
1481 2450 1780 2521 Gregorius
1814 2451 2277 2506 hieromonachus
2309 2451 2768 2521 protosynccllus,
2803 2449 3052 2505 Bessario
3081 2459 3134 2505 et
3163 2449 3256 2519 qui
3283 2447 3470 2503 Latine
3498 2448 3744 2518 scripsit,

488 2540 735 2593 Andreas
762 2539 1130 2594 Culossensis.
1165 2538 1298 2604 Ejus
1323 2542 1525 2608 scripta
1556 2540 1674 2596 lucc
1708 2539 1837 2594 mihi
1869 2540 2160 2597 innotuere
2198 2557 2212 2594 :

563 2629 612 2680 1.
643 2628 882 2696 Epistoln
926 2631 993 2680 α-ιι
1053 2627 1313 2681 Joannem
1367 2624 1757 2698 Palwologum,
1814 2629 2009 2695 incipit
2044 2645 2059 2685 :
2093 2629 2177 2680 Δῶ

2123 2627 2277 2696 ιῶρόν
2303 2645 2382 2680 τοι
2422 2625 2580 2680 τοῦτο
2633 2625 2848 2695 μικρόν.
2907 2625 3120 2681 Citalur
3170 2625 3238 2680 ab
3281 2624 3477 2680 Allalio
3532 2623 3597 2678 de
3651 2637 3742 2693 sy-

490 2717 634 2768 nodo
662 2731 776 2780 vm,
809 2730 930 2784 pag.
985 2715 1110 2770 5i5.
1151 2713 1324 2769 Eun.
1363 2715 1597 2785 Mosquw
1632 2718 1683 2770 in
1737 2716 1861 2770 cod.
1901 2715 2094 2786 synod.

2143 2715 2269 2780 395,
2323 2713 2389 2767 ad
2425 2711 2624 2766 Joann.
2674 2711 3059 2782 Palzeologum,
3115 2715 3473 2783 ἀπορήσαντα
3510 2712 3616 2780 πρὸ
3647 2709 3739 2763 τοῦ

487 2804 812 2872 λατινισμοῠ
836 2821 850 2835 ο
885 2806 994 2859 ine.
1039 2806 1110 2856 Σὺ
1149 2804 1270 2873 μὲν,
1304 2798 1347 2857 ὦ
1379 2805 1623 2858 θειότατε
1648 2804 1869 2874 βασιλεῦ
1891 2819 1906 2834 ·
1943 2835 2014 2846 -
2046 2819 2104 2860 se

2123 2804 2295 2874 luitur
2327 2801 2572 2872 ejusdem
2615 2801 2909 2870 explicatio
2962 2805 3063 2871 τῆς
3105 2801 3574 2872 ὲκκλησιαστικῆς
3616 2799 3742 2851 ἁκο-

486 2891 711 2953 λουθίας
733 2907 747 2922 ο
782 2891 904 2946 init.
935 2892 1083 2944 Ἔδει
1118 2891 1216 2960 μὲν
1241 2891 1382 2945 κατὰ
1410 2893 1510 2961 τὴν
1536 2891 1890 2947 κελεύουσαν.
1921 2890 1984 2947 ν.
2015 2890 2098 2944 Ma

2114 2891 2252 2945 tthaai
2281 2887 2450 2945 Notit.
2495 2888 2656 2943 codd.
2692 2887 2787 2942 Gr.
2825 2887 3003 2959 Mosq.
3055 2905 3110 2959 p.
3143 2890 3272 2952 249,
3303 2905 3357 2943 η.
3391 2890 3442 2953 1,
3478 2889 3534 2953 2,
3565 2887 3733 2941 Paris.

489 2981 541 3034 in
570 2980 703 3034 bibl.
740 2981 890 3050 pttbl.
925 2996 1115 3034 novem
1145 2979 1306 3034 codd.
1337 2989 1555 3036 exstant
1578 2981 1745 3036 Marci
1773 2981 2032 3052 Eugenici
2074 2977 2350 3046 Epistolze.
2397 2975 2460 3031 V.
2497 2977 2667 3032 ludic.
2703 2978 2768 3032 ad
2835 2979 2943 3033 vol.
2979 2977 3022 3031 ll
3051 2977 3171 3032 Cat.
3197 2993 3330 3034 is.
3361 2976 3535 3032 Paris.
3571 2975 3734 3045 Regg.

489 3067 846 3133 Singulorum
903 3069 1047 3121 enim
1079 3066 1244 3122 codd.
1304 3070 1762 3123 commemoratio
1795 3069 2022 3122 molesta
2082 3067 2340 3122 foret.—
2371 3064 2583 3120 Addam
2635 3065 3001 3135 quorumdam
3053 3066 3288 3120 aliorum
3347 3065 3559 3135 Ephesii
3610 3065 3738 3120 libr.

488 3155 676 3208 minus
703 3155 940 3208 dilucide
981 3154 1344 3208 indicatorum
1393 3154 1650 3208 Notitiam
1689 3155 1981 3210 :Venctiis
2044 3155 2098 3209 in
2155 3154 2289 3209 bibl.
2336 3152 2630 3208 Justinian.
2663 3152 2828 3207 Marci
2886 3152 3143 3222 Ephesini
3196 3167 3358 3222 opera
3406 3154 3574 3218 varia,
3606 3162 3739 3208 teste

488 3241 786 3296 Montfauc.
820 3239 962 3294 Bibl.
1001 3240 1246 3295 bibliolh.
1273 3257 1403 3295 mss.
1443 3257 1496 3303 ι).
1529 3241 1636 3295 485
1673 3241 1738 3296 D.
1769 3271 1838 3282 —
1870 3241 2005 3297 Ibid.
2039 3259 2095 3313 p.
2154 3243 2260 3296 772
2315 3241 2378 3296 E.
2415 3242 2594 3295 Paris.
2627 3242 2682 3293 in
2717 3239 2840 3294 cod.
2893 3239 3116 3294 cardiu.
3159 3239 3455 3310 Radulphi,
3493 3240 3735 3309 quaedam

486 3329 651 3384 Marci
675 3328 916 3400 Ephesii.
946 3359 1017 3370 -
1047 3329 1182 3383 Ibid.
1217 3344 1272 3398 p.
1307 3329 1445 3384 1526
1466 3329 1535 3385 D.
1567 3330 1619 3383 in
1654 3330 1786 3384 bibl.
1816 3330 1883 3384 de
1912 3330 2112 3385 Mesme
2137 3330 2358 3401 Ephesii
2385 3329 2613 3384 scholia.
2638 3357 2706 3366 —
2733 3327 2968 3396 Mosqua:
2997 3329 3048 3380 in
3081 3327 3200 3381 cod.
3228 3327 3420 3398 synod.
3455 3328 3557 3383 555
3589 3343 3640 3380 n.
3667 3328 3689 3380 1
3718 3343 3734 3393 ;

485 3417 663 3487 ejusd.
699 3417 945 3481 Διάλεξις
989 3419 1126 3485 μετᾶ
1158 3417 1268 3470 τῶν
1298 3417 1584 3488 πρέσϐεων
1616 3418 1711 3470 τοῦ
1766 3418 1926 3471 πάπα
1947 3435 1961 3448 '
1995 3435 2104 3473 cari

2118 3429 2148 3472 ιι
2197 3419 2395 3472 initio:
2422 3427 2476 3472 et
2510 3433 2563 3470 η.
2602 3417 2690 3483 12,
2721 3416 2926 3487 sylloge
2977 3415 3230 3486 χρήσεων
3259 3416 3549 3486 γραφικῶν
3581 3432 3737 3482 γεγοο

485 3507 607 3558 νυϊα
643 3505 796 3576 παρὰ
843 3505 938 3558 τοῦ
977 3505 1228 3573 Ἐφέσου,
1263 3507 1329 3560 de
1383 3506 1737 3575 proccssione
1783 3504 2021 3575 Spiritus
2077 3521 2103 3561 s

2116 3507 2256 3561 aucti
2318 3521 2385 3562 ex
2437 3505 2554 3561 solo
2616 3503 2799 3560 Patre.
2870 3503 2988 3560 Inc.
3036 3503 3258 3574 Ἐπειδὴ
3327 3503 3465 3571 μετά
3515 3504 3611 3573 τῆς
3637 3502 3735 3556 τοῦ

484 3596 722 3661 κόσμου’
765 3593 824 3647 ν.
856 3591 1107 3647 ΜαιιΙιίινὶ
1137 3593 1173 3646 l.
1207 3607 1258 3647 c.
1295 3609 1348 3663 p.
1369 3591 1478 3647 254
1500 3601 1549 3647 et
1581 3592 1706 3648 9.35.
1740 3591 1914 3647 "ARL.

551 3681 605 3736 ‘2.
639 3679 917 3736 Orationes
948 3684 1066 3735 dua:
1095 3681 1153 3735 ἀι
1178 3682 1508 3750 purgatorio,
1542 3679 1809 3736 Ferrariae
1834 3681 2052 3748 scripta:
2072 3689 2125 3736 et
2149 3682 2329 3737 adhuc
2357 3682 2593 3736 incditai.
2613 3679 2748 3736 Vide
2774 3680 3056 3740 Allatium.
3081 3679 3160 3734 De
3182 3681 3507 3752 purgatorio,
3534 3693 3587 3749 p.
3607 3678 3734 3746 241,

481 3777 534 3822 et
566 3767 723 3823 Rich.
757 3767 1060 3832 Simonem,
1094 3776 1225 3824 tom.
1261 3765 1327 3819 IV
1362 3767 1506 3822 Bibi.
1539 3769 1760 3832 criticw,
1821 3784 1944 3838 pag.
1977 3769 2069 3822 Ἡ.
2105 3769 2275 3832 Infra.
2310 3786 2366 3825 n.
2409 3769 2494 3823 16.
2533 3768 2699 3822 ΕἈιςιι.
2747 3768 3040 3824 Medioiani
3076 3769 3128 3822 in
3161 3769 3301 3824 bibl.
3330 3768 3584 3823 Ambros.
3616 3784 3738 3837 qua:

481 3865 612 3910 sunt
645 3871 772 3925 opp.
802 3856 979 3926 ejusd.
1016 3857 1090 3910 ita
1125 3870 1154 3910 a
1202 3854 1503 3911 Montfauc.
1539 3856 1592 3910 in
1649 3856 1792 3911 Bibl.
1842 3857 2082 3912 bibliotb.
2133 3875 2262 3912 mss.
2317 3873 2368 3927 p.
2403 3858 2498 3912 501
2539 3857 2604 3922 D,
2666 3867 3042 3912 memorantur
3079 3875 3092 3912 :
3124 3857 3292 3912 Marci
3341 3857 3734 3927 archiepiscopi

483 3941 764 4010 Ephesini,
799 3943 935 3996 alias
963 3943 1217 3996 monachi
1249 3953 1303 3998 et
1365 3944 1579 3998 abbatis
1636 3947 2079 4014 congregationis
2133 3946 2474 4001 Cassincnsis
2509 3946 2566 3999 S.
2595 3943 2824 4001 Iustina:
2877 3945 2945 4001 de
2985 3945 3192 4010 Padua,
3251 3960 3437 4015 opera,
3469 3945 3504 3999 i.
3531 3959 3581 4000 e.
3614 3959 3740 4000 ora-

482 4032 558 4082 tio
593 4030 771 4084 habita
799 4031 866 4084 de
906 4033 1226 4102 purgatorio
1281 4033 1332 4085 in
1388 4030 1634 4100 synodo;
1667 4060 1738 4070 —
1766 4030 2074 4099 Responsio
2125 4035 2190 4088 ad
2246 4035 2559 4104 propositas
2603 4034 3013 4101 dubitationes;
3043 4065 3114 4075 —-
3140 4033 3429 4090 Confessio
3475 4033 3619 4088 edita
3678 4034 3735 4086 in

481 4117 714 4172 concilio
743 4117 1106 4186 Florentino;
1136 4148 1202 4158 —
1230 4116 1420 4188 Capita
1451 4117 1699 4186 qumdam
1737 4130 1928 4171 contra
1968 4118 2235 4185 Latinos;
2266 4148 2335 4160 -
2372 4119 2634 4190 Apologia
2691 4118 2862 4182 dicta,
2899 4119 2952 4172 in
2999 4119 3116 4189 ejus
3151 4129 3365 4188 morte;
3395 4147 3467 4161 ~
3498 4117 3732 4188 Epistula

480 4206 545 4259 ad
585 4206 928 4261 Sebolarium
953 4223 968 4274 ;
998 4236 1069 4246 -—
1101 4207 1409 4276 Responsio
1439 4205 1508 4259 ad
1539 4205 1801 4275 quasdam
1836 4205 2248 4270 dubitationes;
2284 4237 2348 4248 -
2381 4208 2637 4262 Cannnes
2668 4207 3067 4272 astronomici;
3104 4235 3169 4248 -—
3211 4209 3410 4277 Opusc.
3447 4210 3511 4262 de
3539 4220 3734 4261 conse-

479 4297 721 4349 cratione
759 4293 1320 4349 altarium.—Marci
1376 4293 1633 4363 Eugcnici
1687 4295 2090 4362 Speculatiuncs
2147 4294 2201 4347 in
2271 4311 2559 4348 numerum
2614 4297 2948 4350 talentorum
3003 4304 3056 4349 et
3115 4296 3402 4364 parabolas
3456 4292 3733 4362 Evangelii

479 4381 644 4451 (conf.
671 4382 736 4435 ad
763 4397 818 4434 n.
852 4383 929 4451 7).
959 4411 1030 4422 —
1064 4380 1246 4435 Paris.
1273 4382 1326 4434 in
1358 4381 1490 4434 bibl.
1525 4381 1674 4450 publ.
1711 4381 1832 4436 cod.
1874 4382 2032 4448 1218,
2067 4384 2417 4438 continentur
2448 4386 2628 4452 plura,
2663 4400 2784 4453 qua:
2843 4383 2951 4438 huc
2987 4385 3284 4453 pertinent,
3326 4398 3514 4452 opera,
3558 4381 3736 4436 brevi-

480 4472 608 4522 tatis
634 4469 818 4523 studio
863 4469 1026 4523 simul
1077 4470 1430 4523 memoranda
1467 4485 1480 4521 :
1515 4471 1663 4532 scil.,
1719 4485 1774 4522 υ.
1810 4470 1863 4534 1,
1889 4469 2157 4541 Anonymi
2213 4473 2389 4526 oratio
2425 4472 2669 4526 funebris
2709 4473 2761 4526 in
2819 4471 3034 4526 laudem
3068 4470 3238 4526 Marci
3269 4471 3550 4540 Eugenici.
3576 4499 3645 4509 —
3673 4468 3730 4536 2)

481 4555 656 4624 llujns
681 4555 916 4610 llomilia
949 4559 1123 4625 prima
1149 4557 1215 4610 de
1248 4557 1591 4626 purgatorio,
1630 4555 1898 4612 Fer-rario:
1925 4559 2107 4613 habita
2142 4575 2327 4614 coram
2359 4577 2574 4616 summo
2606 4561 2886 4630 pontifice,
2916 4541 3289 4616 cardinalibus
3328 4570 3381 4614 et
3406 4560 3527 4614 aliis
3550 4560 3732 4614 Eccle-

479 4645 573 4700 site
601 4641 724 4697 Lat.
763 4641 1110 4698 Ductoribus.
1138 4643 1250 4697 Inc.
1293 4641 1514 4713 Ἐπειδὴ
1547 4644 1686 4710 μετὰ
1737 4643 1985 4714 ἀγάπης.
2017 4675 2085 4687 -

2109 4645 2164 4717 3)
2203 4647 2393 4715 Ejttsd.
2452 4647 2685 4702 llomiiia
2741 4649 2982 4703 secunda
3013 4647 3081 4702 de
3133 4649 3321 4703 eodem
3357 4657 3725 4719 argumento:

478 4732 591 4785 luc.
626 4729 835 4800 Πολλῆς
869 4731 970 4801 μὲν
993 4730 1067 4794 ὡς
1090 4730 1326 4802 ἀληθῶς.
1361 4732 1507 4803 -4)
1540 4731 1669 4802 Ejus
1715 4733 2006 4800 responsio
2037 4735 2097 4788 ad

2134 4737 2492 4806 obiectiones,
2526 4737 2727 4807 quibus
2761 4752 2860 4792 sua
2893 4736 2962 4792 de
2994 4737 3122 4808 igne
3165 4738 3483 4807 purgatorio
3513 4745 3729 4792 sentcn-

480 4822 574 4885 tia,
605 4835 727 4873 cum
760 4835 790 4872 a
822 4820 1191 4875 cardinalibus
1227 4831 1337 4874 tum
1365 4821 1432 4875 ab
1464 4819 1724 4875 Ecclesia:
1769 4819 1889 4873 Lat.
1921 4821 2099 4874 tlteolo

2109 4824 2189 4891 gis
2233 4835 2546 4893 Oppugnala
2581 4825 2759 4878 fuerat
2791 4842 2805 4880 :
2837 4825 2949 4879 inc.
2999 4825 3226 4896 Ἐπειδή
3265 4825 3625 4893 σαφέστερον.
3661 4851 3728 4862 —-

479 4909 540 4962 Ν.
575 4909 608 4963 9
631 4918 715 4963 cst
743 4910 968 4963 secund.
998 4909 1244 4964 ordinem
1300 4908 1517 4965 Fabric.
1551 4925 1607 4966 η.
1643 4910 1731 4963 15.
1758 4941 1826 4951 -
1855 4908 1922 4966 Ν.
1951 4910 2035 4974 10,
2077 4927 2098 4964 a

2112 4911 2219 4981 pud
2252 4909 2471 4966 Fabric.
2500 4913 2664 4967 etiam
2717 4929 2773 4968 n.
2809 4912 2899 4967 10.
2932 4941 3004 4951 -
3031 4910 3094 4966 Ν.
3141 4912 3227 4978 11,
3266 4910 3581 4966 Solutioncs
3623 4912 3724 4964 dn-

479 4998 692 5050 biorum
725 4995 1109 5066 quorumdam,
1147 4997 1245 5066 ipsi
1279 4997 1682 5066 propositorum
1718 5015 1731 5051 :
1766 4999 1889 5052 init.
1923 4998 1984 5051 '0
2039 4999 2098 5051 Θε

2104 5001 2172 5062 ιὸς
2210 5001 2401 5070 σχῆμα.
2439 5001 2540 5052 οὐκ
2576 5001 2712 5070 ἔχει.
2758 5032 2827 5044 —-
2858 5000 2945 5055 12.
2983 5001 3056 5055 De
3111 5000 3386 5056 additione
3437 5014 3466 5052 a
3524 4999 3723 5052 Latinis

477 5084 1011 5156 Symboloinscrta:
1045 5100 1160 5138 acc.
1196 5085 1262 5139 ad
1321 5086 1620 5155 marginem
1677 5087 1886 5139 scholia
1943 5088 2096 5156 ampl‘

2115 5091 2302 5144 ssima.
2338 5091 2452 5144 Inc.
2511 5081 2809 5161 Θαυεὶάζω,
2858 5089 2976 5152 πῶς
3019 5091 3154 5159 ἡμῖν
3179 5090 3254 5158 (v.
3289 5089 3359 5143 ad
3390 5104 3446 5144 n.
3487 5088 3520 5142 5
3578 5096 3725 5140 nota-

473 5175 634 5243 tum).
662 5202 733 5212 —-—
761 5173 826 5227 Ν.
855 5172 946 5235 26,
970 5173 1038 5225 27
1061 5184 1112 5225 ct
1139 5173 1230 5237 28,
1264 5173 1504 5227 citantur
1527 5173 1594 5226 ad
1630 5170 1906 5240 Fabricio,
1946 5192 2000 5228 n.
2033 5179 2086 5242 7,

2117 5178 2148 5230 5
2179 5188 2234 5232 et
2271 5180 2352 5232 11.
2383 5209 2452 5219 ——
2485 5180 2622 5234 Ibid.
2663 5167 2716 5232 in
2747 5179 2869 5234 cod.
2908 5179 3072 5242 12τὶ1,
3107 5194 3160 5231 n.
3204 5177 3255 5230 1.
3286 5176 3595 5246 Responsio
3621 5176 3725 5229 du-

472 5261 590 5328 plex
627 5263 691 5314 tle
724 5261 844 5329 igne
877 5261 1216 5330 purgatorio.
1245 5289 1314 5300 --
1341 5259 1398 5313 lu
1434 5260 1557 5315 cod.
1592 5261 1753 5328 1286,
1794 5279 1848 5316 n.
1883 5265 1936 5328 1,
1961 5276 2046 5319 est
2096 5264 2239 5335 apud
2274 5264 2489 5319 Fabric.
2522 5253 2577 5321 ri.
2605 5266 2661 5319 7.
2692 5294 2761 5304 —
2797 5266 2857 5320 N.
2890 5264 2942 5329 8,
3001 5263 3165 5318 Marci
3201 5265 3481 5333 Ephesini,
3504 5261 3726 5331 Juliani,

470 5355 701 5408 Andrea:
724 5351 946 5416 Rhodii,
979 5351 1320 5407 Bessarinnis
1352 5362 1406 5407 et
1433 5355 1666 5408 aliorum
1706 5357 1974 5426 Disputat.
2012 5359 2211 5414 habita:
2259 5361 2318 5414 in
2372 5360 2606 5414 concilio
2651 5357 2993 5414 Florentino.
3021 5388 3090 5396 —
3120 5356 3184 5412 Ν.
3225 5357 3309 5424 10,
3339 5357 3481 5426 a‘pnd
3512 5355 3726 5408 Fabric.

468 5454 546 5495 est
585 5458 643 5495 n.
676 5440 730 5496 6.
755 5439 912 5495 -Ν.
957 5441 1040 5508 12,
1077 5439 1228 5510 Opus
1279 5443 1546 5499 adversus
1604 5443 1853 5501 Latinos.
1899 5449 1988 5501 ubi
2043 5448 2110 5502 de
2160 5448 2396 5516 Spiritus
2427 5448 2604 5501 sancti
2639 5449 3014 5516 processione,
3044 5445 3111 5499 de
3153 5444 3382 5516 azymis.
3414 5445 3479 5497 de
3506 5442 3727 5496 Sabhati

463 5529 699 5598 jejunio.
727 5531 795 5584 de
822 5531 942 5599 igne
1004 5531 1338 5599 purgatorio,
1390 5534 1456 5589 de
1482 5535 1766 5600 beatitate,
1806 5537 1872 5590 de
1906 5537 2164 5605 baptismi
2201 5536 2380 5590 verbis
2433 5545 2485 5588 ct
2513 5535 2718 5604 nuptiis
2753 5535 3119 5597 sacerdotum,
3175 5533 3243 5588 de
3293 5544 3500 5601 quartae
3533 5531 3636 5584 diei
3675 5535 3730 5584 tt

468 5617 798 5671 l'arasccves
819 5609 1063 5686 jéjuniis,
1107 5628 1160 5671 et
1187 5610 1272 5673 del
1295 5622 1468 5674 tribus
1493 5622 1954 5694 quadragesintis.
1982 5626 1999 5676 l
2030 5641 2087 5679 lc.

2135 5625 2459 5692 Παρέικλητε
2490 5624 2683 5690 Κύριε.
2709 5652 2782 5662 --
2805 5621 2868 5675 Ν.
2909 5623 2995 5685 19,
3048 5639 3096 5674 v.
3137 5623 3298 5686 infra,
3332 5636 3387 5674 η.
3438 5618 3529 5679 28,
3561 5634 3616 5671 η.
3651 5617 3723 5672 20

465 5704 594 5767 012,
625 5715 754 5758 sunt
788 5721 879 5773 ap.
934 5705 1155 5760 Fabric.
1203 5725 1256 5762 n.
1296 5709 1381 5761 16.
1412 5709 1638 5763 —-lbid.
1676 5713 1726 5763 in
1775 5716 1894 5765 col.
1937 5713 2092 5774 12527,
2137 5729 2194 5766 n.
2225 5714 2314 5773 51,
2353 5712 2520 5780 Epist.
2579 5710 2854 5780 encycliea
2903 5710 2970 5764 de
3011 5708 3224 5779 synodo
3259 5707 3574 5762 Florentino
3616 5718 3726 5757 non

465 5793 816 5850 suscipienda
850 5793 1059 5852 (forsan
1103 5813 1155 5852 n.
1199 5797 1251 5860 ὅ,
1281 5798 1422 5864 apud
1451 5796 1810 5862 Fabricium).
1859 5830 1923 5840 -
1957 5799 2022 5854 Ν.
2060 5800 2148 5864 52,
2197 5799 2435 5862 Epistula
2462 5798 2528 5853 ad
2564 5797 2858 5861 Georgium
2888 5796 3234 5853 Scholarium
3273 5804 3464 5852 contra
3503 5792 3640 5846 rit-us
3668 5800 3726 5845 et
