4100 6416
314 487 451 543 1073
1308 477 1626 538 MARCUS
1659 473 1933 537 EPHESI

1954 472 2068 534 US.
2107 499 2176 507 —
2206 470 2548 534 ΝΟἸῚΤΙΛ.
2709 536 2712 537 ν
3438 464 3573 530 1074

309 593 577 652 sacriﬁcia
607 592 869 649 Romanae
897 594 1275 649 Ecclesizc.‘—
1311 594 1376 649 N.
1406 596 1494 659 55,
1523 594 1589 648 ad
1625 593 1879 648 eumdem
1916 590 2160 659 Epistula
2221 591 2605 662 gratulator-ia,
2637 589 2779 660 quod
2833 604 2861 642 a
2911 586 3121 642 Latinis
3152 585 3461 642 ἀρερίνωοίι.
3505 620 3577 630 κ-

311 681 374 735 Ν.
407 682 496 742 54,
530 691 614 736 est
638 697 726 751 ap.
763 680 981 738 Fabric.
1019 699 1076 737 ιι.
1115 683 1202 736 17.
1243 713 1313 723 --
1353 681 1418 736 Ν.
1449 684 1541 748 55,
1570 681 1634 736 ad
1668 680 1894 734 Latinos
1923 677 2229 747 Responsio
2264 679 2330 733 de
2372 678 2495 746 igne
2533 677 2870 746 purgatorio.
2899 706 2962 720 —
2992 677 3130 729 Ibid.
3167 675 3219 728 in
3251 675 3376 727 rod.
3417 673 3573 732 1572,

311 787 366 824 ιι.
404 771 458 832 5,
486 769 653 824 Marci
686 769 974 840 Eugenici,
1008 772 1100 840 qui
1133 772 1370 827 concilio
1421 771 1744 825 Florentino
1799 768 2074 829 interfuit,
2126 780 2266 835 opus
2327 767 2395 819 dc
2453 765 2578 832 igne
2628 763 2968 832 purgatorio,
3005 764 3274 818 adversus
3323 761 3574 822 Latinos,

311 857 574 911 incditum
602 874 616 922 ;
672 874 726 910 ιι.
761 860 816 920 4,
847 856 1152 927 Expositio,
1186 860 1328 928 apul
1359 858 1580 913 Fabric.
1605 874 1659 911 ιι.
1695 859 1782 911 14.
1833 888 1890 901 .-
1923 857 1930 909 l

1955 854 2064 910 bid.-
2099 854 2153 907 in
2192 851 2319 907 cod.
2365 852 2524 913 1589,
2575 867 2632 904 ιι.
2662 851 2717 904 2.
2753 850 2908 904 Orat.
2949 850 3068 903 dum
3113 851 3179 902 de
3214 850 3341 918 igne
3372 864 3574 916 purga-

312 947 474 1006 torio,
501 944 728 1010 easdem,
757 960 876 1011 qure
911 961 964 1000 ιι.
1000 947 1088 1013 16,
1117 961 1204 1016 ap.
1235 946 1439 1010 Fabr.;
1472 953 1524 1000 ct
1575 961 1634 1000 ιι.
1666 944 1720 1009 5,
1766 942 2048 1012 Expositio
2078 942 2132 996 in
2195 956 2416 996 sacram
2452 939 2782 1007 Liturgiam.
2811 965 2883 976 -—
2920 937 2977 990 I-n
3031 938 3153 990 cod.
3185 937 3412 990 Coislin.
3447 935 3574 996 289,

314 1029 548 1084 llomilia
583 1031 726 1086 dicta
763 1031 1027 1088 Ferrarize
1054 1035 1118 1088 ad
1153 1033 1460 1089 cardinales
1500 1043 1554 1088 et
1603 1033 1845 1100 reliquos
1879 1031 1933 1085 L:

1961 1032 2202 1084 tinorum
2235 1029 2488 1083 doctores
2526 1027 2658 1095 περὶ
2698 1024 2795 1078 τοῦ
2826 1023 3194 1099 δσιξαζομὲνου
3229 1023 3360 1090 παρ’
3393 1024 3577 1084 αὐτοῖς

313 1117 613 1186 καθαρσίου
656 1119 828 1189 πυρός
899 1125 1002 1190 (est
1023 1122 1164 1190 apud
1196 1121 1356 1177 Fabr.
1389 1138 1444 1176 η.
1482 1121 1568 1186 16,
1596 1120 1744 1190 prior
1777 1134 1932 1188 respc

1966 1117 2117 1187 isio).
2169 1114 2233 1170 V.
2266 1115 2456 1172 Illontl.
2493 1113 2632 1168 Bibl.
2670 1111 2832 1167 Coisl.
2876 1128 2930 1181 p.
2967 1111 3094 1167 406.
3128 1141 3199 1152 --
3222 1109 3348 1163 Sec.
3386 1108 3577 1162 Moml'.

315 1206 368 1257 in
400 1205 541 1260 Bibl.
581 1207 824 1265 biblioth.
875 1227 1005 1265 mss.
1037 1227 1088 1278 p.
1125 1212 1282 1274 1552,
1339 1217 1559 1266 exstant
1607 1211 1662 1263 in
1726 1207 1862 1264 Cod.
1907 1207 2113 1261 Mazar.
2152 1203 2252 1257 124
2291 1220 2304 1256 :
2354 1219 2409 1256 n.
2451 1202 2503 1266 1,
2559 1200 2750 1255 Oratio
2789 1199 3053 1252 Ferrarirc
3083 1197 3268 1250 habita
3319 1197 3383 1250 ad
3414 1197 3577 1248 (Zard.

315 1294 561 1364 aliosque
589 1295 814 1352 Latinos
846 1299 912 1353 de
937 1300 1060 1368 igne
1087 1300 1426 1368 purgatorio.
1458 1329 1531 1340 —
1565 1296 1632 1353 N.
1661 1297 1716 1360 2,
1748 1296 2154 1364 Responsiones
2186 1294 2252 1348 ad
2283 1293 2625 1363 objectioncs
2658 1291 2706 1345 ei
2742 1289 2938 1343 factas.
2970 1316 3038 1329 --
3069 1286 3134 1341 Ν.
3163 1287 3217 1348 6,
3249 1287 3390 1356 quod
3438 1286 3579 1339 idem

316 1390 422 1442 cst.
461 1397 523 1437 ac
559 1384 774 1440 Fabric.
832 1402 888 1441 ιι.
925 1387 990 1440 15
1038 1389 1211 1454 citat;
1245 1416 1314 1454 -ε
1341 1387 1409 1444 Ν.
1461 1388 1516 1452 7,
1548 1386 1781 1442 Joannis
1836 1382 2099 1453 Eugenici
2165 1382 2432 1436 adversus
2465 1379 2836 1435 deﬁnitionem
2884 1375 3102 1431 concilii
3141 1373 3440 1428 Florentini
3467 1389 3482 1439 ;
3513 1403 3584 1412 —-

317 1468 382 1522 N.
425 1471 512 1536 15,
539 1472 733 1540 synodi
765 1475 1115 1542 praesentium
1149 1475 1308 1531 CPoli
1341 1477 1728 1546 episcoporum
1755 1473 2026 1542 apologia,
2064 1471 2213 1540 quod
2254 1469 2628 1524 Florentinam
2672 1465 2944 1537 synodum
2995 1480 3100 1517 non
3133 1463 3437 1531 receperint
3468 1478 3482 1528 ;
3512 1490 3584 1502 ~—

316 1553 383 1608 N.
429 1557 518 1618 15.
550 1557 716 1613 Marci
753 1559 971 1630 Ephesii
1027 1562 1291 1618 adversus
1330 1561 1702 1626 scholarium;
1736 1589 1804 1601 μ
1833 1575 1888 1613 ιι.
1918 1559 2004 1621 16,
2037 1559 2319 1614 Adversus
2377 1557 2626 1617 Latinos.
2653 1555 2832 1624 capita
2878 1553 3214 1624 syllogistica
3243 1550 3391 1621 (add.
3429 1567 3484 1604 ιι.
3524 1551 3578 1612 7,

316 1658 406 1712 ap.
437 1643 702 1718 Fabric);
730 1679 798 1690 —
825 1650 1092 1721 Apologia
1127 1667 1224 1720 pro
1255 1635 1480 1716 unione',
1509 1651 1646 1706 citra
1684 1649 1804 1718 ejus
1873 1647 2205 1702 sententiam
2273 1645 2568 1700 Florentiae
2615 1644 2799 1697 habita
2827 1659 2842 1708 ;
2875 1649 2930 1695 ct
2989 1657 3042 1695 n.
3079 1641 3169 1705 19,
3204 1639 3380 1706 ejusd.
3434 1638 3583 1694 Con-

317 1726 510 1793 fessio,
540 1731 594 1786 in
632 1735 839 1802 synodo
874 1734 1191 1792 Florentina
1224 1737 1372 1792 edita
1399 1736 1652 1791 Barlaam
1687 1735 1968 1798 monachi,
1997 1733 2295 1804 procedere
2343 1732 2608 1800 Spiritum
2643 1737 2897 1786 sanctum
2933 1745 3004 1783 ex
3055 1729 3172 1783 solo
3202 1727 3384 1780 Patre.
3420 1726 3582 1781 Ctmf.

317 1831 484 1883 Supra
518 1818 570 1872 in
598 1823 652 1876 h.
686 1821 796 1877 vol.
823 1837 878 1890 p.
905 1824 1032 1888 468,
1065 1842 1204 1892 xxu,
1243 1833 1298 1880 et
1326 1825 1393 1880 de
1423 1825 1546 1893 igne
1577 1824 1918 1893 purgatorio,
1943 1832 2051 1878 etc.
2077 1851 2148 1864 --
2181 1821 2239 1876 In
2271 1820 2659 1890 Banmgarten.
2691 1818 3010 1871 Nachricht.
3048 1834 3146 1870 von
3210 1816 3582 1884 merkwﬁrdig.

317 1900 582 1971 Bticltern,
620 1915 751 1963 tom.
785 1910 873 1976 VI,
901 1927 954 1979 ρ.
996 1913 1124 1978 451,
1160 1912 1346 1978 ibique
1374 1923 1486 1969 not.
1523 1913 1566 1968 ἱ.
1605 1911 1774 1968 "tum.

392 1991 446 2047 5.
484 1991 866 2062 Responsiones
901 2000 970 2052 ad
1003 2005 1319 2069 quwstiones
1345 2001 1725 2065 cardinalium,
1758 2017 1886 2055 mss.
1914 1999 1971 2052 Ia
2000 2000 2188 2055 codice
2213 1997 2381 2070 Regio
2418 1997 2592 2052 Paris.
2624 1996 2754 2052 250.
2791 1997 2950 2059 1218,
2977 1997 3029 2050 in
3077 1995 3209 2050 bibl.
3249 1995 3401 2065 publ.
3437 2012 3491 2050 ιι.
3527 1998 3582 2062 4,

319 2091 373 2134 et
404 2097 457 2144 ν,
489 2083 553 2136 ad
588 2099 644 2136 n.
678 2084 732 2147 2,
759 2084 936 2140 Leidm
965 2089 1111 2144 inter
1140 2091 1266 2144 cod.
1314 2088 1568 2146 Vossian.
1605 2107 1655 2145 ν.
1687 2089 1860 2144 Catal.
1891 2090 1938 2142 bi

1253 2131 1266 2144 .
1314 2088 1568 2146 Vossian.
1605 2107 1655 2145 ν.
1687 2089 1860 2144 Catal.
1891 2087 2022 2142 bibl.
2056 2085 2213 2140 Leid.
2248 2101 2302 2155 p.
2333 2085 2457 2151 597,
2483 2101 2540 2139 ιι.
2576 2085 2664 2140 57.
2695 2085 2866 2140 ΙΙΑιιι.

390 2168 445 2222 4.
486 2169 692 2226 Solatia
718 2174 949 2229 duarum
981 2179 1330 2246 questionunt
1361 2179 1514 2248 παρὰ
1547 2180 1642 2230 τοῦ
1675 2177 1938 2247 βασιλέως
1980 2194 2009 2230 a

1980 2177 2044 2230 ab
2089 2176 2412 2242 imperatore
2446 2173 2679 2240 (Joanne
2709 2171 3040 2241 l’almologo)
3073 2171 3486 2240 propositarum.
3524 2171 3581 2225 In

319 2258 510 2313 codice
535 2259 704 2331 Regio
727 2262 892 2328 2016,
930 2271 1069 2318 teste
1115 2265 1331 2320 Labbeo
1361 2281 1484 2337 pag.
1517 2265 1585 2322 88
1636 2265 1770 2321 bibl.
1807 2279 1959 2320 nom
2019 2277 2152 2318 mss.
2195 2260 2378 2333 [Conll
2446 2261 2572 2316 cod.
2636 2259 2956 2330 Mosqucns.
3008 2260 3133 2325 555.,
3157 2261 3247 2324 41,
3281 2269 3334 2314 ct
3373 2260 3424 2312 in
3456 2258 3581 2314 cod.

324 2341 594 2402 Escorial.
633 2364 754 2404 mox
789 2352 1008 2407 citanda
1041 2362 1240 2408 exstat.
1273 2354 1450 2410 "ARL.

395 2435 448 2490 5.
479 2435 722 2505 Epistolo
755 2443 1018 2513 encyclica
1049 2445 1118 2497 ad
1142 2461 1318 2498 omnes
1346 2443 1686 2498 Christianos
1718 2442 1784 2497 de
1827 2438 2038 2512 synodo
2075 2435 2390 2491 Florentius
2447 2450 2555 2489 non
2603 2435 2982 2503 suscipienda,
3035 2451 3156 2504 qua:
3205 2451 3328 2490 cum
3360 2434 3581 2503 Iosephi

329 2520 694 2580 Iletlionensis
720 2530 1076 2597 responsione
1103 2531 1303 2598 legitur
1331 2541 1456 2600 post
1479 2540 1598 2585 acta
1624 2528 1841 2584 concilii
1877 2525 2027 2580 Flor.
2081 2534 2213 2580 tom.
2251 2523 2393 2588 XIII,
2430 2523 2654 2588 Labbei,
2688 2538 2811 2592 pag.
2861 2523 3001 2591 677;
3040 2534 3094 2578 et
3145 2533 3278 2578 tom.
3305 2524 3409 2588 IX;
3448 2524 3585 2576 Ilur-

322 2610 478 2665 duin.
527 2627 649 2680 pag.
683 2614 805 2669 549.
866 2616 1062 2685 Incipit
1094 2635 1108 2671 :
1154 2617 1296 2684 Ἐγὼ
1354 2619 1441 2671 διὰ
1463 2617 1562 2687 τὴν
1595 2615 1862 2684 ἐπιταγὴν
1895 2633 1941 2668 κε

1961 2615 1990 2668 ,1.
2049 2613 2147 2683 τὴν
2183 2613 2394 2682 χρείαν.
2457 2612 2646 2666 Graece
2697 2621 2749 2665 et
2792 2611 2982 2665 Latine
3035 2627 3158 2666 cum
3213 2612 3468 2666 versione
3495 2611 3580 2666 Ju.

323 2697 563 2754 Matthxi
599 2701 948 2775 CaryOpbyli.
983 2703 1150 2758 Fssn.
1187 2703 1391 2780 Matr-ili
1448 2705 1501 2759 in
1538 2704 1660 2758 cod.
1703 2701 1870 2773 Regio
1909 2701 1999 2768 77,
2063 2701 2158 2754 l‘ol.
2216 2701 2340 2761 509,
2375 2709 2690 2769 sequuntur
2737 2699 2916 2765 cjusd.
2975 2699 3250 2755 Professio
3292 2701 3437 2761 lidci,
3491 2717 3584 2768 ap.

322 2785 538 2842 Fabric.
580 2805 636 2843 ιι.
671 2790 759 2844 17.
790 2792 1210 2861 —Excerptum
1261 2779 1424 2848 breve
1471 2807 1538 2847 ex
1592 2791 1713 2860 ejus
1765 2807 1887 2859 cap.
1938 2787 2292 2857 syllogisticis
2330 2787 2409 2857 (ιι.
2459 2787 2512 2850 7,
2547 2803 2636 2856 ap.
2668 2785 3004 2854 Fabric.)-—
3031 2789 3169 2842 Tum
3233 2790 3584 2858 opusculum,

318 2875 468 2943 quod
495 2882 580 2930 est
609 2892 700 2946 ap.
731 2876 944 2934 Fabric.
980 2897 1036 2935 ιι.
1073 2882 1160 2935 15.
1193 2911 1266 2922 --
1305 2881 1440 2935 Dein
1472 2895 1662 2948 opusc.
1715 2878 1878 2948 cujus
1924 2877 2207 2931 rarissime
2239 2878 2296 2930 ﬁt
2336 2878 2542 2930 mentio
2581 2876 2649 2929 de
2696 2877 2932 2930 terminis
2963 2878 3086 2930 vita:
3151 2878 3260 2948 (cst
3314 2887 3492 2932 tamen
3531 2880 3584 2930 iu

313 2963 445 3016 cod.
482 2963 745 3020 Escorial.
805 2977 857 3022 et
888 2967 941 3021 in
980 2968 1102 3022 cod.
1167 2967 1482 3037 Mosquensi
1521 2967 1649 3032 594,
1697 2983 1755 3020 ιι.
1802 2965 1892 3020 12.

1965 2963 1998 3018 ⁷.
2034 2963 2272 3018 Matt/tati
2303 2963 2338 3016 I.
2373 2978 2420 3016 c.
2458 2979 2510 3032 p.
2543 2956 2696 3027 252).
2738 2963 2852 3018 Inc.
2886 2962 3010 3016 Obt’
3047 2965 3212 3027 αὒτδς
3256 2966 3508 3036 ἠπόρεις,
3539 2961 3584 3018 ὦ

311 3051 564 3121 μακάριε
599 3054 857 3120 δέσποτα,
895 3055 992 3108 τοῦ
1024 3054 1365 3126 ζητουμένου
1393 3056 1494 3125 τὴν
1516 3055 1672 3109 λύσιν
1702 3054 1930 3123 ὲξευρεῖι

1971 3069 2033 3105 τε
2080 3053 2174 3103 καὶ
2210 3051 2530 3105 ἀποδοῦναι.
2559 3079 2628 3088 ——
2659 3051 2898 3119 Epistula
2931 3053 2994 3107 ad
3033 3052 3331 3121 Georgium
3383 3056 3464 3123 (ιι.
3500 3055 3587 3118 ll,

310 3151 410 3203 ap.
446 3137 714 3210 Fabric.).
744 3170 812 3181 —-
842 3142 959 3195 Alia
1003 3143 1068 3195 ad
1102 3143 1352 3196 eumdem
1385 3151 1438 3198 et
1472 3143 1662 3197 eadem
1697 3157 1820 3197 esse
1855 3140 2089 3202 videtur,
2127 3154 2247 3207 qua:
2276 3151 2359 3194 cst
2416 3154 2500 3207 ap.
2551 3137 2715 3192 Fabr.
2754 3155 2812 3192 ιι.
2866 3139 2950 3206 10,
2985 3149 3038 3193 ct
3064 3157 3226 3210 quam
3257 3141 3494 3211 Congius
3530 3143 3582 3194 iu

311 3224 568 3280 Glossar.
596 3226 689 3281 Gr.
719 3229 825 3283 vol.
857 3228 922 3293 II,
956 3231 1060 3285 col.
1094 3230 1258 3294 1281,
1299 3231 1449 3286 velut
1483 3229 1745 3286 ineditam
1811 3239 2102 3293 memorat,
2143 3238 2515 3298 provocatque
2545 3228 2611 3282 ad
2655 3228 2778 3283 cui.
2809 3229 2939 3282 bibl.
2980 3228 3158 3284 Paris.
3207 3231 3390 3298 Regia:
3418 3231 3583 3297 5118,

317 3315 418 3377 qui
450 3314 501 3366 in
541 3315 703 3370 catal.
737 3331 866 3370 mss.
908 3317 1041 3372 bibl.
1085 3319 1235 3387 publ.
1293 3318 1466 3374 Paris.
1531 3327 1854 3373 numeratur
1889 3315 2051 3381 1218,
2094 3316 2186 3371 ubi
2243 3316 2422 3372 locum
2453 3325 2689 3385 Occupat
2741 3315 3034 3371 decimum.
3083 3317 3156 3370 Dc
3216 3318 3299 3370 his
3333 3319 3590 3374 omuiluts

323 3403 480 3468 plura
522 3400 767 3468 disputat
799 3402 992 3457 Iriarte
1017 3404 1072 3458 in
1099 3405 1222 3461 Cat.
1259 3406 1418 3460 codd.
1460 3405 1555 3461 Gr.
1589 3405 1792 3460 Matrit.
1819 3420 1875 3473 p.
1910 3403 2016 3460 285
2047 3420 2164 3474 seq.
2209 3436 2273 3446 —
2317 3405 2374 3459 In
2407 3405 2569 3459 codd.
2606 3403 3098 3468 Escorialensibus,
3135 3406 3192 3459 in
3219 3407 3425 3474 quibus
3458 3419 3588 3463 sunt

324 3488 571 3544 nuzedam
601 3503 629 3542 a
658 3488 910 3550 Fabricio
941 3504 1049 3543 non
1084 3491 1372 3550 observata
1401 3491 1490 3561 (V.
1522 3493 1699 3546 Plueri
1727 3491 1982 3546 ltinerar.
2015 3509 2108 3561 per
2158 3492 2388 3559 Ilispan.
2422 3508 2476 3561 p.
2529 3491 2676 3561 180),
2715 3504 3070 3549 asservantur
3107 3494 3270 3548 Marci
3330 3495 3589 3562 Eugcuici

328 3574 567 3642 Epistula
603 3576 672 3628 al
705 3574 1023 3630 orthodoxa:
1051 3576 1406 3643 Christianos,
1461 3579 1666 3648 ubique
1725 3579 1971 3647 gentium
2021 3590 2074 3632 et
2129 3580 2434 3635 insularum
2495 3563 2752 3648 degentes
2784 3595 2798 3645 ;
2836 3609 2904 3619 —
2930 3579 2997 3633 de
3031 3583 3440 3636 resurrectione
3463 3625 3480 3649 ,
3518 3611 3593 3622 —-

327 3665 398 3716 de
431 3661 682 3718 terminis
717 3664 838 3716 vita:
865 3663 930 3717 ad
962 3662 1271 3731 Isidorum;
1311 3695 1375 3705 —
1402 3667 1466 3720 ad
1503 3667 1639 3736 imp.
1668 3665 1873 3720 Joann.
1909 3663 2305 3739 Palmologum,
2340 3667 2682 3722 dubitantem
2722 3666 2790 3720 de
2843 3667 3164 3721 Latinorum
3209 3670 3342 3732 ritu,
3372 3687 3584 3725 scruto-

329 3766 427 3805 nes
455 3750 595 3814 duo;
629 3781 700 3794 —
723 3749 956 3807 Ilomilia
991 3752 1045 3806 in
1077 3753 1462 3809 dormitionctn
1518 3752 1578 3808 S.
1617 3753 1830 3808 Macarii
1892 3755 2121 3811 Cornute
2156 3754 2330 3826 (conf.
2357 3756 2424 3810 ad
2478 3771 2534 3809 η.
2566 3757 2619 3824 7)
2649 3773 2662 3819 ;
2693 3785 2760 3795 -
2789 3753 3254 3823 Interrogationes
3289 3758 3354 3810 ad
3394 3773 3590 3826 quem-

329 3841 456 3895 dum
487 3840 865 3910 dubitantem;
893 3842 1270 3898 —Conlessio
1297 3852 1458 3897 recta:
1492 3843 1612 3896 ﬁdei
1649 3842 1942 3898 Florentiae
1983 3843 2146 3908 facta,
2182 3843 2485 3900 secundum
2524 3841 2794 3912 synodum
2841 3840 3160 3896 Latinorum
3191 3859 3314 3897 cum
3352 3844 3590 3915 Chrys-u-

328 3940 546 3994 stomo;
582 3956 650 3968 -—
691 3929 854 3986 Marci
885 3931 1142 4000 Epistula
1173 3931 1294 3985 duae
1329 3929 1396 3984 ad
1454 3932 1810 4000 praepositum
1853 3933 1907 3985 in
1947 3931 2004 3985 S.
2044 3940 2227 3984 monte
2286 3929 2664 3990 habitationis,
2704 3927 3062 3998 Batopcdium
3106 3930 3146 3984 I.
3180 3960 3246 3970 —
3276 3932 3352 3983 Ad
3395 3949 3590 4000 quent-

329 4015 455 4070 dam
497 4014 842 4073 Scholarium
880 4019 1287 4089 phi1050phum,
1328 4021 1519 4074 altera.
1551 4048 1617 4059 —
1652 4019 1864 4074 Ilionae.
1901 4021 1953 4074 in
1991 4021 2115 4076 cod.
2170 4020 2363 4074 Bavar.
2398 4018 2522 4074 145.
2558 4018 2656 4072 fol.
2694 4017 2822 4081 188,
2855 4018 2947 4071 ubi
2991 4030 3296 4086 sequuntur
3327 4020 3591 4090 Prorsa-io

329 4103 498 4173 (apud
527 4103 742 4160 Fabric.
778 4121 833 4161 ιι.
873 4107 955 4174 10)
985 4115 1098 4161 tum
1155 4109 1326 4162 altera
1370 4108 1534 4175 epist.
1567 4108 1844 4180 encyclica
1905 4110 2002 4175 (ib.
2048 4126 2101 4162 ιι.
2147 4107 2227 4179 6).
2259 4138 2330 4148 —
2367 4107 2624 4178 Dialogus
2656 4105 2831 4160 Graeci
2864 4115 2918 4160 et
2956 4105 3159 4171 Latini,
3195 4124 3288 4162 sru
3328 4112 3391 4162 de
3432 4113 3591 4162 mir/i-

328 4203 471 4246 ttone
493 4192 547 4244 in
579 4191 819 4261 symbolo
849 4208 868 4247 :
899 4194 1068 4264 incip.
1095 4193 1376 4265 Θαυμάζω
1401 4195 1517 4258 πῶς
1547 4196 1681 4262 ἡμῖν
1714 4196 1947 4263 ἐγκαλεῖ

1968 4213 2000 4249 ἐ
2025 4212 2040 4226 θ
2071 4196 2124 4248 in
2156 4195 2259 4249 ﬁne
2288 4201 2532 4259 notatur,
2565 4192 2831 4260 scriptum
2856 4207 2979 4246 esse
3009 4209 3080 4246 m.
3111 4196 3283 4262 April.
3305 4213 3392 4249 an.
3415 4198 3587 4262 6951,

329 4296 429 4336 seu
467 4295 573 4334 arra
603 4289 792 4336 nostra
823 4281 981 4347 1445,
1015 4283 1206 4337 indict.
1239 4299 1313 4338 vr.
1352 4280 1507 4336 llunc
1531 4282 1806 4353 dialogum
1855 4283 2015 4338 etiam
2053 4280 2241 4336 omisit
2291 4280 2595 4344 Fabricius,
2632 4277 2737 4331 nisi
2787 4277 2878 4345 sit,
2915 4278 3174 4348 opinante
3202 4280 3450 4343 Har'tio,
3494 4299 3592 4335 ex-

329 4377 574 4438 cerptum
601 4371 840 4439 capitum
869 4371 1138 4442 syllogist.
1170 4370 1271 4441 (α).
1315 4400 1386 4412 —-
1419 4370 1689 4438 Posthac,
1724 4371 2110 4440 MareiEphes.
2142 4377 2374 4437 metrop.
2409 4369 2472 4422 ad
2495 4383 2686 4424 omnes
2725 4371 2922 4439 ubique
2957 4379 3231 4426 terrarmn
3293 4381 3347 4425 ct
3383 4372 3592 4425 insula-

332 4474 459 4512 rum
511 4458 851 4514 orthodoxos
908 4459 1254 4514 Christianos
1291 4477 1304 4514 :
1344 4459 1504 4528 cujus
1557 4461 1779 4530 quidem
1819 4459 1951 4528 EpiSI

1971 4457 2070 4510 olm.
2129 4457 2344 4510 initium
2399 4466 2531 4511 est:
2569 4456 2698 4520 Τοῖς
2758 4458 3074 4528 ἅπανταχοῦ
3117 4459 3218 4529 τῆς
3254 4460 3354 4528 γῆς
3381 4475 3396 4491 ο
3443 4459 3588 4513 illam

333 4546 634 4614 Epistolam
671 4547 1154 4617 excipitApologia
1183 4547 1433 4616 Gregorii
1466 4548 1876 4604 hieromonachi
1903 4555 1958 4601 et
1985 4547 2401 4618 protosyncelli,
2435 4559 2624 4617 postea
2663 4549 3013 4618 patriarchte,
3049 4548 3236 4604 Romm
3266 4549 3485 4620 sepulti,
3532 4552 3583 4603 in

333 4632 587 4704 Ephesini
615 4633 896 4700 epistolam
921 4650 952 4688 e
997 4635 1162 4690 variis
1195 4637 1398 4690 sanctis
1433 4651 1446 4686 :
1481 4635 1604 4691 init.
1639 4636 1711 4688 Τὸ
1747 4636 1843 4704 μὲν
1884 4653 1952 4704 πρ

1973 4635 2171 4704 inlato»)
2201 4635 2296 4688 τοῦ
2325 4635 2634 4706 αἰδεσίμου.
2665 4667 2736 4677 -
2759 4637 2898 4692 Ibid.
2930 4637 2981 4690 in
3035 4636 3160 4692 cod.
3189 4637 3282 4699 51,
3310 4638 3430 4691 cad.
3465 4637 3592 4706 Epi-

329 4722 472 4778 stola
506 4737 627 4774 cum
664 4720 927 4789 Apologia
954 4730 1059 4777 etc.
1107 4723 1266 4778 Conl.
1297 4723 1365 4777 cl.
1401 4721 1590 4778 Har-dt.
1628 4723 1681 4777 in
1731 4722 1936 4776 Aretini
1965 4721 2295 4792 Beytm’gcn,
2332 4733 2438 4779 etc.
2491 4739 2583 4777 an.
2630 4722 2790 4788 1804,
2831 4735 2973 4793 p-zrt.
3003 4724 3091 4791 10,
3128 4739 3250 4794 pag.
3283 4725 3350 4778 19
3375 4740 3497 4793 sqq.
3539 4735 3594 4779 ct

331 4816 472 4878 part.
509 4825 546 4870 ι.
582 4825 634 4874 p.
673 4809 742 4862 25
770 4823 887 4879 seq.
925 4837 992 4850 -—
1017 4809 1217 4891 Eadem
1273 4811 1500 4884 epistola
1548 4825 1672 4865 cum
1708 4809 1957 4880 Gregorii
1996 4812 2246 4879 apologia
2308 4812 2361 4866 in
2399 4813 2523 4867 cod.
2558 4811 2876 4883 Mosqnensi
2926 4813 3123 4884 synod.
3176 4813 3306 4877 552,
3344 4829 3398 4866 ιι.
3436 4813 3490 4867 5.
3527 4812 3594 4870 ν.

331 4895 577 4950 Μαιιιιωὶ
609 4905 722 4950 ιιοι.
751 4896 844 4950 cit.
877 4912 929 4964 p.
962 4897 1070 4953 228
1107 4913 1252 4967 seq.,
1289 4909 1451 4968 atque
1477 4913 1533 4966 p.
1564 4899 1690 4960 252,
1727 4913 1781 4953 n.
1820 4898 1909 4964 22,
1945 4899 2068 4952 cod.
2113 4899 2240 4964 594,
2277 4899 2504 4968 cpistola
2561 4899 2864 4968 encyclica.
2902 4929 2964 4939 -—
3011 4898 3302 4954 Florentiae
3363 4900 3416 4953 in
3457 4901 3590 4954 bibl.

330 4983 650 5038 monasterii
689 4982 1163 5039 Benedictinorum
1197 4983 1256 5039 Β.
1291 4985 1493 5048 Marias,
1519 4984 1766 5054 Iosephi,
1799 4986 2042 5054 episcopi
2099 4986 2400 5052 Metltoncs,
2435 4986 2682 5058 apologis
2733 4987 2800 5042 ad
2837 4987 3079 5042 libellum
3106 4986 3274 5042 Marci
3305 4985 3591 5056 Ephesiui.

334 5069 398 5125 V.
432 5070 724 5124 Montl'auc.
755 5069 894 5124 Bibl.
932 5071 1179 5127 biblioth.
1211 5088 1346 5128 mss.
1381 5089 1436 5142 ι).
1474 5073 1578 5128 415
1608 5071 1667 5135 C.
1710 5084 1762 5127 et
1797 5073 1864 5124 ad
1897 5089 1954 5126 η.
1985 5073 2038 5127 7.
2079 5071 2254 5128 11Αῐιι..

400 5156 454 5210 6.
498 5155 742 5225 Epistola
774 5156 1040 5222 encyclica
1065 5159 1133 5212 ad
1159 5176 1336 5214 omnes
1361 5161 1548 5228 ubique
1577 5171 1840 5214 terrarum
1870 5167 2131 5228 degentes,
2167 5161 2234 5215 de
2275 5162 2467 5216 eodem
2497 5173 2841 5231 argumento,
2878 5178 3000 5231 qua:
3039 5178 3163 5218 cum
3225 5163 3598 5232 responsione

333 5244 577 5313 Gregorii
610 5241 1004 5315 Protosyncelli
1039 5255 1216 5301 exstat
1252 5257 1383 5301 tom.
1418 5247 1537 5303 Xlll
1565 5248 1771 5304 Concil.
1800 5248 2022 5309 Labbei,
2049 5264 2170 5318 pag.
2210 5249 2332 5309 7.10,
2376 5258 2430 5304 et
2459 5259 2592 5303 tom.
2637 5249 2706 5302 IX
2769 5249 3059 5314 Ilarduin.,
3094 5266 3148 5318 p.
3185 5250 3311 5305 601.
3343 5251 3539 5318 Incipit
3574 5269 3587 5304 :

332 5331 398 5386 Οἱ
432 5333 534 5402 τὴν
573 5333 750 5403 κακὴν
781 5334 928 5402 ἡμᾶς
954 5333 1341 5402 αἰχμαλωσίαν
1373 5336 1950 5406 αἱχμαλωτεύσαντες.

1985 5337 2173 5393 Gra3ce
2215 5347 2269 5393 et
2309 5337 2502 5392 Latine
2543 5355 2667 5392 cum
2715 5339 2966 5393 versione
2999 5340 3349 5410 Caryophyli,
3379 5357 3429 5407 p.
3463 5342 3587 5392 610.

332 5419 496 5473 Ἐλιιιι.
557 5419 686 5474 Mss.
717 5419 957 5490 Mosqnzc
985 5422 1038 5475 in
1064 5422 1224 5476 ccdd.
1256 5424 1451 5492 synod.
1482 5423 1547 5476 15
1577 5431 1631 5476 et
1665 5423 1789 5488 554,
1832 5439 1888 5476 ιι.
1922 5425 1951 5478 5

1971 5464 1975 5476 .
2007 5422 2072 5479 ν.
2105 5425 2342 5480 Μειιιιιίεί
2415 5424 2586 5480 Notit.
2622 5428 2720 5480 cit.
2755 5441 2805 5494 p.
2844 5427 2914 5480 50
2949 5437 3000 5482 et
3033 5429 3158 5482 252.
3199 5457 3266 5465 -
3299 5427 3590 5482 Mediolani

334 5523 386 5560 ιιι
411 5507 543 5562 bibl.
580 5506 836 5562 Ambros.
870 5519 954 5564 est
976 5509 1112 5565 liber
1137 5511 1395 5580 anonymi
1431 5511 1709 5565 Adversus
1739 5521 2144 5582 argumentum,
2175 5528 2285 5583 quo
2325 5513 2378 5567 in
2417 5515 2610 5582 primis
2644 5515 2720 5566 uti
2755 5515 2968 5570 solebat
2996 5516 3258 5570 adversus
3283 5517 3588 5569 catholicos

335 5591 570 5660 Marcus,
602 5595 961 5666 Ephesiorum
995 5597 1246 5653 antistes.
1273 5597 1339 5653 ν.
1375 5599 1672 5654 Montlauc.
1705 5600 1843 5655 Bibl.
1872 5599 2119 5656 biblioth.
2157 5617 2292 5658 mss.
2324 5617 2380 5672 p.
2423 5603 2548 5658 519.
2583 5602 2644 5656 C.
2681 5631 2749 5642 -—-
2788 5605 2925 5659 Add.
2957 5620 3124 5673 supra
3179 5604 3244 5658 ad
3283 5621 3336 5658 ιι.
3371 5606 3404 5656 2
3442 5613 3493 5656 et
3537 5606 3590 5666 5,

334 5883 348 5898 ⁸
407 5818 484 5884 la)
515 5819 658 5874 Idem
680 5830 862 5898 tamen
881 5841 1070 5889 opusc.
1089 5829 1438 5898 cumrodcm
1480 5827 1744 5898 principio
1793 5839 2005 5886 exstare
2045 5829 2288 5887 etiamin
2349 5828 2470 5885 cod.
2514 5828 2644 5883 bibl.
2745 5829 2890 5898 publ.
2947 5829 3118 5885 Paris.
3178 5830 3310 5886 1218
3361 5847 3414 5884 ιι.
3504 5830 3600 5897 12,

334 5894 437 5956 jam
459 5905 620 5962 supra
650 5894 1152 5965 anitnadrertiums,
1176 5897 1241 5951 ad
1275 5915 1327 5954 ιι.
1360 5897 1413 5952 2.
