4100 6438
537 4711 564 4748 δ

587 466 724 525 illi!)
1531 468 1842 532 MARCUS
1867 466 2204 543 EPHESIU

2202 473 2252 532 ‘S
2275 471 2848 536 METROPOLITA.
3129 466 3137 471 ’
3714 469 3821 538 1οί6

583 584 634 626 et
661 571 978 626 Schroecin
1019 571 1160 629 Ilist.
1197 573 1400 631 Ercles.
1430 577 1725 634 Christian.
1757 590 1899 650 part.
1927 597 2114 646 xxxiv,
2152 595 2209 650 p.
2255 580 2522 640 59I-4I7.
2549 614 2620 626 —
2650 583 2876 654 .Iosephi
2920 581 3306 639 Methonensis
3339 592 3400 638 et
3452 582 3689 652 Gregorii
3722 585 3823 639 Ilie-

587 675 728 714 rom.
757 659 1168 731 Responsiones
1195 664 1260 719 ad
1297 681 1382 735 ep.
1435 667 1600 721 Marci
1637 667 1884 738 Ephesii,
1918 669 2040 724 Lat.
2070 669 2124 723 in
2157 678 2362 724 sanctre
2416 673 2692 743 generalis
2752 670 3084 728 Florentino:
3144 670 3356 742 synodi
3410 679 3547 725 tom.
3579 669 3641 736 II,
3667 687 3714 741 p.
3739 672 3818 728 271

590 763 748 818 seqq.
787 746 852 805 V.
891 748 1282 820 Baumgarten,
1315 755 1413 807 cit.
1466 752 1848 823 Nachrichten,
1887 765 2022 812 tom.
2059 755 2148 824 VI,
2187 771 2243 826 p.
2279 756 2408 814 452.
2454 761 2629 816 Haec.

655 840 710 894 7.
744 840 934 908 Capita
958 842 1283 912 syllogistica
1301 853 1485 900 contra
1505 846 1720 901 Latinos
1735 847 1798 899 de
1820 847 2152 915 processione
2170 843 2274 914 Spit

2205 846 2400 914 fpiritus
2421 844 2508 912 S.,
2530 847 2805 913 κεφάλαια
2824 843 3237 915 conaris-emat,
3257 861 3388 915 quae
3411 861 3589 916 usque
3613 847 3673 900 ad
3694 858 3824 916 caput

585 927 653 984 17
685 926 984 1000 Gregorius
1050 929 1510 1005 Protosynceilus,
1544 945 1739 990 cratera
1771 935 2021 990 Bessario
2081 935 2204 990 (.onl

2201 935 2412 990 iutavit.
2469 934 2666 1006 Incipit
2697 953 2712 990 :
2757 933 3050 1006 Ἐρώμεθα
3083 935 3218 995 τοὺς
3255 934 3556 998 Λατίνους.
3587 933 3820 1007 [Florent.

586 1017 642 1072 in
675 1019 798 1072 cod.
833 1018 1095 1082 Laurent,
1120 1019 1264 1088 XIV,
1294 1039 1348 1077 ιι.
1378 1023 1466 1088 14,
1502 1023 1638 1094 plut.
1679 1023 1768 1078 10.
1798 1022 1860 1078 V.
1896 1023 2126 1079 Bandin.
2162 1023 2285 1079 Cat.
2321 1022 2482 1078 codd.
2521 1022 2620 1078 Gr.
2646 1021 2812 1078 Laur.
2842 1022 2883 1087 I,
2921 1037 2976 1092 p,
3009 1020 3162 1092 ‘84.]
3199 1021 3279 1077 De
3305 1021 3505 1077 eodem
3543 1033 3824 1092 argumento

588 1106 695 1161 alia
734 1108 900 1161 Marci
943 1107 1202 1178 Ephesini
1234 1111 1412 1181 capita
1452 1112 1783 1183 syllogistica
1813 1121 2079 1167 memorat
2143 1111 2207 1166 ιι

2203 1111 2458 1167 ιηιὺεοὶιιε
2500 1109 2630 1176 VII,
2676 1127 2730 1182 p.
2762 1111 2796 1166 5
2824 1110 2923 1182 (ὑ).
2959 1111 3033 1164 Τὸ
3068 1109 3302 1180 Πνεῦμα
3360 1110 3425 1163 τὸ
3460 1111 3614 1177 ἅγιον
3653 1112 3710 1163 ὲκ
3739 1113 3822 1163 Πα-

585 1194 739 1272 τρός.
783 1194 942 1249 Aliud
997 1197 1126 1251 item
1157 1199 1424 1267 scriptum
1461 1197 1522 1254 γ.
1556 1215 1609 1268 p.
1654 1197 1782 1257 227.
1838 1201 2011 1270 lneip.
2049 1202 2204 1254 Katvi

2201 1201 2221 1272 ἡ
2255 1201 2338 1264 τίς
2394 1201 2546 1254 ἐστιν
2578 1200 2654 1263 ὡς
2709 1199 2946 1270 ἀληθῶς.
3005 1197 3161 1254 Adde
3232 1197 3504 1254 eumdem
3543 1195 3608 1262 V,
3640 1213 3688 1266 p.
3721 1197 3820 1251 256.

587 1271 750 1336 Fam.
786 1281 842 1336 S.
876 1298 929 1352 p.
952 1283 1081 1338 467.
1115 1284 1328 1340 Kollar.
1379 1285 1504 1341 cod.
1558 1286 1688 1344 280.
1722 1316 1793 1327 -
1827 1287 1906 1342 Ib.
1949 1304 2002 1358 p.
2037 1289 2162 1351 510,
2197 1305 2255 1343 ιι.
2297 1287 2352 1353 6,
2407 1287 2536 1344 cod.
2568 1286 2697 1342 291.
2756 1286 2920 1341 Marci
2975 1284 3378 1358 Fragmentum
3444 1284 3820 1341 schismaticum

586 1378 781 1424 contra
816 1371 1039 1428 Latinos
1072 1371 1141 1428 de
1168 1375 1517 1442 processione
1543 1374 1691 1445 Spir.
1725 1377 1937 1442 sancti;
1971 1377 2093 1431 init.
2127 1377 2191 1432 Ei

2216 1378 2272 1431 δὲ
2307 1377 2403 1431 καὶ⁸
2424 1376 2516 1429 τὸν
2557 1376 2735 1447 μέγαν
2770 1375 3046 1445 Κύριλλον
3079 1377 3422 1444 συνηγορεῖν
3455 1375 3638 1436 αὑτοῖς
3659 1373 3818 1441 λέγου-

589 1471 676 1510 σιν
710 1458 927 1514 Ἰταλοί.
965 1488 1036 1500 -
1062 1459 1325 1530 Mosquae,
1364 1463 1417 1516 in
1449 1464 1574 1519 cod.
1613 1465 1806 1535 synod.
1845 1463 1970 1528 591,
2003 1481 2058 1518 n.
2093 1466 2146 1529 1,
2171 1465 2363 1521 eadem
2422 1479 2582 1534 capp.
2614 1479 2738 1519 cum
2779 1465 3140 1533 responsione
3179 1462 3441 1532 Gregorii
3475 1460 3741 1516 Scholarii.
3767 1489 3822 1498 —

588 1542 654 1598 N.
679 1543 732 1606 3,
776 1543 945 1601 Marci
986 1545 1245 1618 Eugenici
1278 1547 1345 1601 In
1372 1565 1647 1604 numerum
1680 1551 2003 1604 talentorum
2033 1553 2085 1606 in
2121 1551 2207 1604 Ev:

2201 1553 2378 1624 angel.
2411 1550 2668 1622 parabola
2706 1551 2962 1622 Θεωρία;
3006 1552 3116 1605 inc.
3195 1550 3263 1603 '0
3301 1549 3376 1602 τὰ
3405 1549 3566 1602 πέντε
3595 1548 3816 1601 τάλαντα.

591 1631 771 1701 (Cunf.
800 1634 864 1686 ad
905 1649 962 1690 ιι.
989 1635 1070 1703 2.)
1101 1665 1172 1679 -
1201 1634 1266 1692 Ν.
1300 1635 1352 1701 ι,
1393 1637 1574 1706 ejusd.
1609 1637 1814 1708 ἀπορία
1844 1641 1986 1707 μετὰ
2017 1639 2210 1704 λύσεως

2199 1658 2260 1707 ς;
2300 1641 2420 1696 init.
2455 1641 2520 1694 Ei
2551 1642 2646 1695 καὶ
2675 1641 2708 1709 ή
2745 1641 3089 1710 σμικροτάτη
3149 1640 3368 1702 πίστις.
3426 1667 3496 1679 -
3543 1635 3606 1692 Ν.
3633 1638 3681 1701 9,
3709 1634 3817 1689 Gre-

588 1720 751 1786 gorii,
792 1722 1116 1789 patriarchae
1143 1723 1306 1779 CPoI.
1343 1725 1595 1795 apologis
1630 1735 1820 1780 contra
1891 1719 2148 1794 Ephesini
2209 1729 2598 1799 homologiam.
2632 1759 2702 1770 —
2736 1723 2804 1784 N.
2843 1728 2930 1791 I5,
2984 1727 3147 1782 Marci
3205 1726 3480 1798 Eugenici
3536 1723 3748 1778 Homilia
3778 1724 3820 1774 in

587 1808 955 1865 rlormitionem
992 1812 1048 1868 S.
1085 1809 1313 1867 Macarii
1337 1813 1432 1868 τοῦ
1464 1816 1727 1884 Κορωνᾶ·
1759 1817 1869 1869 inc.
1917 1817 2055 1886 Ὀδῷ
2093 1833 2200 1870 τινι

2251 1815 2428 1869 ἔοικεν
2473 1815 2641 1882 (coni.
2676 1816 2741 1869 ad
2772 1832 2826 1868 ιι.
2878 1815 2960 1884 5).
2996 1843 3068 1856 --
3093 1812 3160 1868 Ν.
3215 1813 3309 1876 16,
3365 1812 3550 1883 ejusd.
3586 1810 3709 1880 napi
3736 1806 3819 1857 τῶν

591 1898 991 1968 ἐμφερομένων
1021 1904 1088 1972 τῇ
1121 1901 1240 1973 θείᾳ
1274 1903 1414 1974 εὐχῇ
1448 1904 1738 1974 ῥημάτων,
1781 1905 1951 1973 ἧγουν
1981 1904 2100 1967 τοῦ,
2133 1905 2308 1975 Κύριε
2345 1905 2527 1974 Ἰησοῦ
2557 1904 2790 1973 Χριστὲ,
2815 1903 2912 1957 Υἱὲ
2939 1903 3033 1956 τοῦ
3077 1903 3239 1968 Θεοῦ,
3272 1901 3541 1971 ῑλέησον;
3581 1900 3678 1953 inc.
3706 1896 3818 1963 Ὀατι

591 1994 690 2063 μὲν
730 1997 760 2062 ἡ
798 1994 899 2063 τῆς
925 1995 1121 2066 εὐχῆς.
1173 2026 1243 2040 -
1279 1995 1347 2053 Ν.
1377 1998 1470 2064 20,
1531 2001 1706 2070 ejusd.
1743 2001 2108 2055 ἐπιτελεύτιοι
2156 2001 2368 2071 ὁμιλίαι
2432 1999 2720 2072 παρούσης
2773 1999 2873 2069 τῆς
2906 1999 3018 2055 τῶν
3051 1997 3363 2070 ὁροοδόξων
3410 1996 3694 2060 συνάξεως.
3730 2002 3814 2046 etc.

589 2083 709 2136 init.
749 2081 1024 2152 Βούλομαι
1059 2083 1402 2158 πλατύτερον
1430 2086 1531 2156 τὴν
1576 2089 1746 2156 ἐμήν,
1785 2089 1968 2160 (Conf.
2005 2090 2068 2142 ad
2105 2105 2160 2143 ιι.
2206 2111 2208 2119 λ

2206 2089 2294 2159 17)
2341 2097 2394 2144 et
2427 2104 2483 2142 ιι.
2536 2089 2601 2142 21
2635 2107 2650 2141 :
2714 2086 2987 2143 Scholarii
3041 2085 3367 2156 ἐπικήδειος
3406 2082 3636 2154 μονῳδία
3663 2082 3743 2134 ἐπὶ
3765 2079 3814 2146 τῇ

587 2170 844 2240 κοιμήσει
866 2169 926 2225 S.
965 2166 1164 2239 Marci,
1195 2175 1436 2247 arehiep.
1474 2176 1696 2248 Ephesi.
1722 2176 2044 2247 ἀνεγνώσθη
2075 2179 2169 2232 ἐπὶ
2194 2195 2206 2226 1

2194 2177 2272 2247 τῷ
2295 2178 2356 2230 ὲν
2374 2176 2456 2248 τῷ
2485 2176 2728 2246 λειψάνῳ
2754 2176 2892 2243 ναῷ,
2919 2175 3027 2230 inc.
3071 2172 3182 2228 Φιῦ
3229 2174 3357 2237 νῦν,
3392 2165 3439 2228 ὦ
3465 2173 3737 2242 παρόντες.
3766 2164 3813 2219 ν.

588 2255 780 2313 Matth.
815 2259 972 2314 uotit.
1009 2261 1105 2316 cit.
1140 2255 1191 2331 p.
1219 2262 1346 2327 250,
1378 2279 1502 2334 sqq.
1533 2296 1600 2306 —
1632 2264 1762 2319 Par.
1797 2265 1852 2319 in
1879 2265 2010 2320 bibl.
2046 2265 2197 2335 publ.
2231 2266 2394 2321 codd.
2435 2265 2596 2331 1218,
2628 2265 2790 2321 1261.
2819 2263 3000 2320 Oxon.
3045 2265 3099 2319 in
3133 2263 3274 2319 bibl.
3313 2261 3522 2320 Bodlei.
3549 2261 3666 2315 cod.
3689 2256 3813 2324 78,8

586 2362 710 2417 sqq.
741 2346 886 2402 Guil.
912 2345 1110 2411 Laudi,
1149 2365 1197 2406 s.
1236 2367 1294 2405 ιι.
1327 2352 1450 2412 720.
1483 2353 1606 2408 Cat.
1639 2369 1774 2409 mss.
1801 2353 2010 2424 Anglia:
2036 2363 2164 2416 etc.,
2184 2353 2294 2407 vol.
2324 2353 2367 2420 I,
2398 2352 2564 2408 Marci
2596 2353 2801 2424 Eugen.
2834 2351 3050 2407 Relatlo
3079 2352 3146 2406 de
3171 2352 3389 2422 synodo
3415 2347 3710 2404 Florentina
3731 2361 3744 2410 ;
3764 2369 3816 2383 -

588 2433 763 2506 Epist.
793 2437 862 2492 ad
895 2436 1187 2508 Georgium
1229 2441 1520 2509 quemdam
1556 2441 1936 2513 presbyterum
1969 2443 2024 2496 in
2057 2438 2368 2497 Methonem
2425 2441 2627 2507 missa;
2659 2471 2730 2483 —
2757 2439 3003 2512 Epistola
3034 2439 3102 2494 ad
3149 2439 3545 2502 Scholarium;
3575 2430 3811 2489 Confessio

586 2525 1016 2594 extemporaria,
1047 2527 1149 2581 sub
1183 2538 1412 2584 mortem
1451 2529 1627 2595 facta;
1656 2531 1722 2585 ad
1771 2530 2118 2585 Scholarium
2155 2531 2496 2594 archontem,
2549 2526 2820 2598 huiusque
2881 2525 3233 2595 Responsio;
3293 2522 3605 2596 Syllugismi
3660 2529 3809 2573 contra

587 2606 816 2668 Latinos
848 2614 914 2667 de
942 2616 1294 2684 processione
1317 2617 1558 2687 Spiritus
1592 2620 1766 2674 sancti
1797 2634 1920 2674 cum
1963 2619 2346 2685 Responsione
2371 2616 2638 2672 Gennadii
2674 2615 2966 2670 Scholarii.
2992 2645 3063 2655 —
3092 2614 3340 2690 Venetiis
3375 2615 3428 2669 in
3461 2613 3578 2668 cod.
3609 2608 3807 2664 Nauinno

595 2701 722 2766 127,
749 2717 805 2756 ιι.
832 2698 888 2765 4,
915 2704 1252 2773 syllogistica
1283 2721 1405 2776 cap.
1438 2707 1544 2762 inc.
1577 2706 1653 2760 Τὸ
1681 2706 1907 2776 Πνεῦμα
1935 2707 1996 2760 τὸ
2029 2706 2206 2775 ἅγιον.

2183 2725 2206 2761 ’.
2234 2735 2302 2746 -
2329 2701 2396 2757 Ν.
2433 2703 2486 2768 5,
2513 2702 2752 2757 Theoria
2798 2702 2850 2756 in
2901 2703 3178 2773 parabolas
3208 2701 3540 2770 evangelica:
3566 2706 3802 2751 numerum

590 2793 944 2846 talentorum.
975 2821 1042 2833 -ν-
1071 2791 1134 2846 Ν.
1165 2793 1220 2858 6,
1259 2795 1333 2850 De
1390 2797 1574 2851 anima
1610 2797 1898 2852 brutorum
1947 2797 2177 2864 qumstio
2219 2803 2276 2849 et
2315 2791 2626 2861 responsio.
2676 2789 2840 2844 Coni.
2890 2800 3000 2844 cat.
3061 2789 3221 2845 codd.
3260 2788 3362 2845 Gr.
3388 2787 3524 2844 Nan.
3552 2803 3599 2853 p.
3625 2783 3728 2837 280.
3757 2806 3807 2817 -—

591 2875 808 2933 Monac.
843 2880 896 2933 in
931 2880 1056 2935 cod.
1097 2879 1292 2938 Bavar.
1320 2882 1412 2949 27,
1449 2883 1613 2937 Marci
1657 2884 1789 2954 Eug.
1826 2882 1997 2953 Capp.
2035 2881 2368 2956 syllogistica
2391 2895 2514 2936 cum
2544 2879 2763 2948 Georgii
2790 2877 3062 2932 Scholarii
3104 2876 3577 2932 confutatiouibus
3612 2872 3804 2942 priurum

592 2978 755 3034 capp.
779 2962 940 3029 XVII,
968 2975 1025 3022 et
1055 2965 1396 3024 Bessarionis
1433 2970 1704 3025 confutat.
1733 2986 1763 3024 a
1816 2985 1940 3039 cap.
1965 2970 2058 3044 18.
2088 2968 2157 3024 V.
2198 2969 2369 3025 Iiardt
2413 2969 2468 3023 in
2512 2967 2726 3023 Aretini
2756 2965 3086 3037 Beytraigen,
3117 2975 3224 3022 etc.
3255 2979 3390 3020 auri.
3424 2963 3575 3022 1805.
3602 2966 3802 3044 part._tv.

591 3068 646 3123 p.
686 3054 756 3107 12
789 3069 910 3122 seq.
949 3065 1004 3110 et
1036 3071 1204 3124 supra
1241 3055 1293 3110 in
1332 3057 1434 3113 hoc
1467 3058 1575 3112 vol.
1613 3073 1666 3127 p.
1698 3058 1826 3123 572,
1875 3041 2013 3114 sect.
2043 3059 2100 3124 5,
2140 3067 2195 3113 et
2224 3073 2280 3126 p.
2308 3055 2434 3113 591.
2472 3064 2610 3111 sect.
2644 3047 2698 3109 4.
2723 3083 2794 3094 -
2823 3052 3140 3110 Secundum
3190 3063 3304 3110 cat.
3358 3052 3518 3108 codd.
3543 3048 3698 3104 Graec.
3727 3041 3806 3096 Ba-

590 3153 713 3194 var.
741 3155 796 3211 p.
830 3142 900 3196 50
927 3159 1007 3211 sq.
1037 3142 1090 3196 in
1127 3143 1254 3200 cod.
1279 3143 1401 3210 118,
1433 3147 1524 3207 (ab
1565 3145 1788 3201 I'Iardtio
1846 3155 2168 3202 numeratur
2198 3145 2328 3211 256,
2366 3141 2464 3200 sed
2493 3144 2642 3199 illam
2673 3141 2798 3197 libri
2823 3157 2839 3195 :
2865 3139 3074 3196 Aretini
3107 3139 3405 3212 Βρεμι-ωσι,
3457 3147 3580 3201 etc.,
3619 3140 3801 3204 partem.

594 3229 651 3284 in
691 3245 798 3300 qua
839 3230 928 3285 ille
960 3231 1082 3284 cod.
1121 3243 1465 3295 recensetur,
1495 3234 1736 3288 nondum
1779 3235 1955 3289 habeo
1995 3235 2048 3290 in
2081 3231 2362 3301 manibus)
2388 3240 2518 3287 sunt
2571 3230 2739 3285 Marci
2767 3227 2994 3299 Ephesii
3033 3229 3103 3284 ad
3129 3228 3425 3299 Georgium
3461 3224 3800 3295 presbyterum.

594 3317 818 3386 quando
849 3316 1026 3373 Latini
1054 3319 1356 3375 deieceriut
1399 3335 1429 3375 a
1458 3331 1606 3376 recta
1639 3322 1780 3390 (ide;
1809 3323 1985 3394 ejusd.
2030 3323 2367 3395 syllogistica
2397 3337 2560 3393 capp.
2585 3329 2780 3377 contra
2812 3316 3038 3374 Latinos
3085 3327 3142 3374 et
3190 3319 3344 3374 varia
3374 3313 3626 3387 opuscula
3655 3313 3802 3364 contra

596 3401 844 3473 Latinos,
873 3406 1002 3461 add.
1069 3407 1134 3462 ad
1161 3422 1214 3462 ιι.
1247 3407 1302 3462 2.
1335 3407 1508 3465 lima.

668 3495 723 3551 8.
765 3495 1028 3566 Apologia
1063 3496 1124 3550 de
1151 3495 1282 3566 fuga
1315 3514 1439 3551 sua.
1479 3497 1696 3553 Citatur
1725 3513 1752 3551 a
1786 3495 1906 3553 Nic.
1937 3497 2218 3554 Coiuneno
2251 3513 2376 3569 pag.
2414 3497 2543 3565 525,
2577 3496 2980 3568 praenotionum
3015 3503 3322 3567 mystagog.
3435 3515 3460 3534 ο

664 3583 720 3641 9.
757 3581 960 3640 Contra
995 3584 1320 3654 encyclicam
1353 3586 1714 3653 Bessarionis,
1748 3587 1825 3642 id.
1862 3603 1914 3656 p.
1948 3587 2071 3642 172.

666 3672 757 3727 10.
793 3671 1037 3743 Epistola
1079 3673 1150 3727 ad
1200 3673 1480 3745 Georgium
1513 3654 1878 3741 Scholarium,
1903 3690 2008 3744 qua
2064 3690 2189 3730 eum
2222 3674 2592 3745 reprehendit,
2633 3675 2780 3745 quod
2813 3674 2881 3730 ad
2922 3672 3150 3729 Latinos
3205 3669 3508 3728 deﬂexerit.
3531 3664 3591 3720 ν.
3616 3661 3674 3716 ad
3695 3675 3739 3712 ιι.
3761 3654 3803 3715 2,

595 3759 631 3818 5
665 3771 720 3818 ct
753 3762 808 3828 7,
839 3778 1004 3832 supra
1039 3761 1092 3816 in
1129 3761 1230 3818 hoc
1255 3765 1364 3818 vol.
1401 3778 1457 3832 p.
1512 3763 1641 3827 572,
1680 3773 1816 3819 sect.
1852 3765 1907 3818 5.
1935 3793 2006 3804 —
2035 3762 2217 3819 Paris.
2245 3765 2298 3818 in
2341 3765 2480 3822 bibi.
2548 3767 2703 3835 pubi.
2741 3767 2872 3820 cod.
2940 3763 3079 3818 1218
3123 3763 3200 3832 (in
3243 3777 3354 3834 quo
3406 3759 3523 3816 cod.
3551 3756 3684 3826 plura
3708 3757 3803 3802 esse

596 3849 761 3904 Marci
798 3848 1002 3921 Eugen.
1038 3850 1320 3920 opuscula,
1350 3851 1463 3920 jam
1499 3863 1658 3906 antea
1692 3853 2155 3920 observavimus),
2192 3868 2248 3906 ιι.
2283 3854 2374 3910 10.
2402 3852 2790 3910 —Florentias
2838 3854 2890 3908 in
2942 3853 3064 3907 eod.
3120 3851 3382 3907 Laurent.
3433 3845 3564 3907 XIII,
3592 3859 3641 3898 ιι.
3665 3837 3738 3900 45,
3762 3839 3803 3886 et

596 3954 654 3993 ιι.
693 3940 786 4003 42,
819 3949 901 3993 est
962 3939 1140 4008 (δίης-1.
1195 3939 1348 4009 εὐχὴ,
1412 3938 1603 3994 Oratio
1662 3939 2215 4009 ἰιιο.Ἐθαυμαστώθ·

2179 3941 2248 4010 θη
2295 3944 2328 4012 ἡ
2385 3941 2588 4010 γνῶσις
2623 3958 2718 3994 σου
2747 3940 2806 4007 ἐξ
2843 3939 3000 4010 ἐμοῦ.
3040 3937 3109 3992 ν.
3144 3938 3382 3994 Bandin.
3414 3936 3529 3991 Cat.
3558 3927 3797 4012 Codd-781'

597 4025 765 4082 Laur.
806 4025 892 4086 ill,
922 4043 974 4097 p.
995 4005 1028 4081 -1
1048 4027 1132 4083 10.
1163 4057 1231 4066 —
1259 4005 1485 4082 laus-iu.
1519 4029 1574 4082 in
1607 4030 1731 4083 cod.
1759 4027 1892 4099 Reg.
1928 4005 2050 4096 161,
2079 4005 2252 4100 Epist:
2285 4005 2349 4084 ad
2379 4005 2578 4100 Georg.
2623 4005 2887 4084 Scholar.
2910 4028 2979 4084 V.
3014 4029 3134 4084 Cat.
3165 4028 3326 4083 codd.
3369 4042 3448 4097 gr.
3476 4021 3626 4076 'I‘aur.
3652 4031 3696 4084 p-

597 4130 716 4186 seq.
744 4115 856 4169 Inc.
897 4117 1081 4185 Ὀσης
1117 4117 1264 4187 ἡμᾶς
1297 4115 1605 4187 ἐνέπλησας
1633 4097 1865 4186 ἡδονῆς..
1887 4115 2083 4170 Eadem
2115 4097 2199 4171 est

2180 4124 2199 4169 t
2230 4117 2281 4170 in
2309 4118 2428 4171 cod.
2457 4097 2769 4186 Mosquensi
2802 4126 3009 4187 typogr.
3044 4116 3244 4186 synod.
3301 4115 3392 4182 24,
3433 4129 3486 4168 ιι.
3521 4107 3602 4170 11,
3628 4105 3684 4157 ad
3703 4097 3799 4170 phi-

596 4207 815 4276 losoph.
843 4206 1134 4278 quemdam
1173 4206 1552 4270 Seholarium;
1609 4222 1664 4260 ν.
1689 4206 1949 4268 Matthzei,
1978 4206 2018 4259 I.
2056 4220 2108 4260 c.
2145 4221 2198 4276 p.
2233 4205 2359 4262 5M.
2403 4205 2574 4259 IIARL.
3615 4281 3624 4284 _
3692 4276 3702 4284 _
3736 4273 3744 4284 .

673 4294 759 4349 11.
799 4276 1044 4363 Epistola
1066 4299 1135 4348 ad
1159 4293 1443 4364 Georgium
1476 4295 1839 4367 presbyterum
1867 4294 2262 4366 (Scholarium)
2289 4302 2474 4347 contra
2505 4294 2638 4345 ritus
2671 4300 2722 4345 et
2752 4292 3022 4361 sacri/icio
3045 4290 3301 4346 Romana:
3321 4288 3577 4349 Ecclesiae,
3611 4276 3762 4343 iucii’il
3787 4285 3798 4322 ³

599 4385 713 4454 Τὴν
744 4386 964 4455 γραφήν
995 4401 1090 4437 σου
1121 4385 1438 4452 δεξάμενος.
1478 4383 1631 4437 Hanc
1663 4383 1994 4454 oppugnavit
2023 4382 2218 4438 Andre:

2179 4398 2271 4437 eas
2297 4381 2643 4436 Colossensis
2683 4379 2738 4433 in
2771 4380 2988 4450 dialogo
3019 4379 3086 4434 ad
3121 4381 3264 4433 cives
3295 4367 3798 4455 Methouenscsrlem.

597 4451 823 4529 Aliatio.
952 4471 1071 4526 162.
1102 4451 1297 4524 contra
1322 4451 1751 4541 Creyghtonurn
1785 4451 1840 4524 et
1877 4470 1946 4524 de
1987 4483 2284 4532 consensu,
2320 4485 2374 4540 p.
2405 4469 2535 4525 955.
2575 4467 2745 4522 ΕΔιιιι.
2782 4465 2906 4522 1⁷111.
2943 4467 3011 4523 ad
3065 4482 3123 4521 ιι.
3170 4466 3222 4534 7,
3265 4481 3318 4521 et
3361 4464 3567 4522 Gerium
3587 4455 3644 4510 ad
3669 4451 3798 4505 δεινοί

598 4559 741 4616 Hist.
777 4561 881 4612 litt.
918 4557 1020 4613 SS.
1058 4557 1174 4611 EE.
1211 4559 1246 4611 I.
1275 4574 1324 4614 c.
1367 4574 1422 4629 p.
1459 4559 1584 4613 158.
1633 4553 1804 4612 111111..

673 4647 761 4700 12.
799 4646 1212 4700 Autirrheticum
1239 4655 1428 4700 contra
1456 4645 1725 4698 Andream
1755 4643 2137 4700 Colosscnsem.
2173 4641 2385 4698 Citatur
2414 4659 2443 4698 a
2470 4642 2596 4697 Nic.
2629 4641 2918 4707 Coumeno,
2947 4659 3002 4713 p.
3037 4642 3127 4707 42,
3161 4642 3286 4706 556,
3319 4641 3441 4696 420.

674 4735 762 4788 15.
797 4735 920 4786 Ὀτι
955 4735 1014 4787 οὺ
1051 4734 1212 4802 μόνον
1241 4733 1348 4786 ἀπὸ
1379 4735 1566 4802 φωνῆς
1587 4731 1697 4785 τῶν
1720 4731 2061 4786 δεσποτικῶν
2089 4733 2293 4802 ῥημάτι

2178 4733 2351 4787 ιάτων
2387 4733 2712 4801 ἁγιάζονται
2739 4737 2809 4785 τὰ
2837 4731 2960 4784 Θεῖα
2989 4733 3162 4803 δῶρα.
3196 4731 3348 4796 Quod
3374 4728 3647 4784 divinorum
3666 4713 3797 4766 dono-

604 4839 724 4877 rum
753 4823 1079 4876 consecratio
1119 4837 1222 4874 non
1249 4823 1420 4874 solum
1461 4821 1521 4890 [it
1558 4819 1725 4874 verbis
1758 4820 2073 4883 Dominicis,
2124 4826 2215 4874 sed
2250 4822 2414 4874 etiam
2459 4839 2491 4874 a
2521 4820 2729 4890 Spiritu
2773 4829 2960 4874 sancto
3024 4836 3115 4892 per
3148 4836 3322 4889 preces
3351 4827 3399 4873 et
3449 4805 3796 4897 ὺειιεάὶειξοηξξξξ

601 4911 912 4967 sacerdotis.
952 4908 1192 4978 Incipit:
1235 4909 1428 4978 Ἡμεῖς
1461 4886 1527 4961 ἐκ
1564 4909 1674 4961 τῶν
1735 4907 1898 4976 ἱερῶν
1962 4908 2220 4975 omnem

2174 4909 2302 4965 λων.
2351 4910 2540 4966 Graece
2599 4912 2665 4966 ad
2695 4913 2904 4966 calcem
2969 4911 3313 4980 Iiturgiarum
3348 4908 3402 4962 S.
3432 4899 3623 4959 Jacobi.
3655 4886 3793 4980 Bansjlj'

602 5009 657 5053 et
683 4969 1083 5069 Chrysostomi,
1128 5012 1184 5066 p.
1222 4969 1496 5065 158-11ις
1528 4995 1702 5052 Paris.
1740 4969 1880 5050 1560
1916 4969 2016 5048 fol.
2048 5007 2101 5049 et
2128 4995 2322 5052 Latine
2348 4999 2398 5051 in
2427 4999 2726 5068 Liturgicis
2760 4997 2973 5054 Claudii
3004 4997 3072 5051 de
3095 4969 3366 5061 gainctes,
3389 4993 3646 5073 Antwerp:

601 5091 660 5153 8,
691 5059 815 5160 pug:
841 5087 934 5143 ss.
970 5059 1144 5143 ut..."
1167 5088 1230 5143 ι’.
1272 5089 1339 5143 ad
1375 5104 1428 5143 ιι.
1460 5059 1516 5140 a.
1548 5117 1618 5127 —
1653 5085 1828 5140 Paris.
1859 5086 1911 5138 in
1940 5085 2072 5139 b.bl.
2109 5089 2216 5155 pub

2173 5087 2259 5141 ibi.
2289 5087 2451 5140 codd.
2481 5059 2650 5151 issi,
2680 5104 2736 5142 ιι.
2771 5088 2830 5151 2,
2864 5096 2919 5141 et
2947 5085 3110 5151 1218,
3141 5101 3196 5141 η.
3220 5085 3273 5142 9.
3304 5059 3372 5126 -4
3393 5081 3448 5136 In
3471 5074 3582 5132 cod.
3612 5059 3792 5121 Coislin.

602 5180 730 5236 290.
767 5177 832 5234 V.
859 5176 1161 5233 Montiauc.
1191 5176 1332 5230 Bibl.
1366 5174 1532 5232 Coisl.
1559 5191 1613 5245 p.
1636 5174 1764 5228 406.
1797 5173 1966 5226 111111..
3685 5237 3697 5245 _
3761 5228 3770 5238 .

675 5269 765 5322 11.
799 5265 1078 5335 Expositio
1111 5265 1211 5336 τῆς
1241 5263 1708 5334 ἐκκλησιαστικῆς
1762 5259 2090 5322 ἁκιλουοίας
2149 5261 2294 5314 edita

2175 5261 2294 5314 :dita
2342 5259 2532 5316 Graece
2567 5263 2633 5318 ad
2668 5265 2876 5320 calcem
2931 5279 3159 5335 operum
3194 5257 3458 5318 Simeonis
3503 5237 3794 5336 τιιεξεϋριξξ·

605 5360 808 5422 censis,
831 5323 994 5409 Jassii
1029 5357 1081 5407 in
1111 5323 1376 5407 Moldavia
1399 5323 1564 5415 1685,
1597 5323 1691 5405 I'oI.
1727 5347 1896 5402 FABR.
1925 5345 1988 5401 V.
2027 5349 2093 5400 ad
2130 5364 2186 5401 ιι.

2177 5387 2186 5401 .
2227 5348 2277 5413 1,
2309 5349 2365 5412 2,
2401 5350 2642 5419 Mosqum
2701 5353 2756 5406 in
2789 5353 2910 5417 cod,
2941 5323 3138 5422 s.yuod.
3167 5352 3294 5416 595,
3329 5345 3459 5404 τινε.
3495 5337 3550 5392 νο
3583 5323 3796 5422 Μ³¹¹Ῐ¹³³Ϊ¹

607 5445 644 5496 ι.
682 5460 732 5500 c.
765 5411 817 5514 ρ’.
859 5443 987 5506 ato,
1028 5442 1203 5496 Paris.
1239 5443 1291 5494 in
1331 5440 1460 5494 bibl.
1497 5411 1643 5508 pubi.
1683 5435 2215 5492 οοιιι1.1218οι126

2169 5411 2274 5490 161.
2305 5411 2376 5476 -έ-
2399 5411 2562 5492 (Ioni.
2623 5429 2789 5510 supra
2835 5411 2904 5494 in.
2939 5411 2995 5494 Il:
3057 5441 3163 5495 vol.
3196 5457 3250 5510 p.
3281 5411 3370 5495 80.
3404 5461 3466 5475 --
3497 5422 3665 5482 Gerius
3694 5411 3723 5464 1·
3752 5418 3788 5457 θ·

610 5537 944 5606 suspicatur,
984 5537 1125 5590 hanc
1148 5533 1540 5602 expositionem
1582 5546 1690 5586 non
1717 5528 1937 5585 diii'erre
1973 5544 2001 5581 a
2037 5528 2196 5583 Marci
2225 5530 2361 5598 Eug.
2401 5531 2728 5601 Paraphrasi
2780 5533 2832 5588 in
2868 5532 3358 5588 Pentecostarium.
3385 5526 3538 5583 IIABL-

684 5625 772 5680 15.
816 5623 1148 5693 Puraphasis
1173 5624 1225 5674 in
1261 5619 1736 5675 Pentecostarium.
1770 5618 1934 5672 Allat.
1963 5618 2096 5672 diss.
2127 5633 2184 5679 ιι,
2214 5633 2338 5688 pag.
2369 5619 2496 5682 280,
2539 5621 2608 5675 de
2638 5622 2794 5678 libris
2831 5623 3037 5678 Eccies.
3071 5620 3401 5677 Grtecorum.

1788 5707 2118 5776 pttrgatort'o.

2172 5671 2267 5762 iis.
2285 5671 2351 5760 1;.
2372 5671 2525 5761 1;”...
2547 5671 3036 5782 5.553.103.7585};
3067 5671 3323 5782 {issi
3334 5671 3480 5778 perit
3513 5692 3718 5763 ἀγάπηςο
3745 5671 3791 5728 Et

687 5918 761 5984 (li)
794 5919 850 5972 S.
888 5918 1157 5987 1116259.
1195 5917 1390 5970 Iiullar.
1428 5931 1481 5970 ιι.
1511 5919 1563 5984 6,
1600 5919 1718 5973 Cod.
1753 5916 1838 5972 68.
1874 5918 2043 5970 lianc.
