  <div class='ocr_page' id='page_1' title='image "/cluster/home/n/w/nwhite01/storage/ocr_20150623/160/coo.31924054870658/548.png"; bbox 0 0 4100 6430; ppageno 0'>
   <div class='ocr_carea' id='block_1_1' title="bbox 315 394 1934 493">
    <p class='ocr_par' dir='ltr' id='par_1_1' title="bbox 315 414 1934 493">
     <span class='ocr_line' id='line_1_1' title="bbox 315 414 1934 493; baseline -0.012 0"><span class='ocrx_word' id='word_1_1' title='bbox 315 435 455 493; x_wconf 74' lang='grc' dir='ltr'><strong>1οη</strong></span> <span class='ocrx_word' id='word_1_2' title='bbox 836 478 851 487; x_wconf 84' lang='grc'><strong>.,</strong></span> <span class='ocrx_word' id='word_1_3' title='bbox 1736 414 1934 476; x_wconf 87' lang='grc' dir='ltr'><strong>ΝΟΤ1’</strong></span> 
     </span>
    </p>
   </div>
   <div class='ocr_carea' id='block_1_2' title="bbox 1960 394 3579 493">
    <p class='ocr_par' dir='ltr' id='par_1_2' title="bbox 1960 394 3579 473">
     <span class='ocr_line' id='line_1_2' title="bbox 1960 394 3579 473; baseline -0.012 -2"><span class='ocrx_word' id='word_1_4' title='bbox 1960 414 2071 473; x_wconf 73' lang='grc' dir='ltr'><strong>ῚΛ.</strong></span> <span class='ocrx_word' id='word_1_5' title='bbox 3442 394 3579 456; x_wconf 70' lang='lat'><strong>1075</strong></span> 
     </span>
    </p>
   </div>
   <div class='ocr_carea' id='block_1_3' title="bbox 310 506 1929 608">
    <p class='ocr_par' dir='ltr' id='par_1_3' title="bbox 310 526 1929 608">
     <span class='ocr_line' id='line_1_3' title="bbox 310 526 1929 608; baseline -0.009 -16"><span class='ocrx_word' id='word_1_6' title='bbox 310 539 505 597; x_wconf 72' lang='grc' dir='ltr'>ἐπειδὴ</span> <span class='ocrx_word' id='word_1_7' title='bbox 525 553 858 608; x_wconf 77' lang='grc' dir='ltr'>σαφεστερον</span> <span class='ocrx_word' id='word_1_8' title='bbox 874 537 1019 608; x_wconf 78' lang='grc' dir='ltr'>ἡμᾶς</span> <span class='ocrx_word' id='word_1_9' title='bbox 1036 536 1334 591; x_wconf 83' lang='grc' dir='ltr'><strong>ἀπαιτεῖτε.</strong></span> <span class='ocrx_word' id='word_1_10' title='bbox 1356 531 1610 587; x_wconf 88' lang='lat' dir='ltr'><strong>Lambec.</strong></span> <span class='ocrx_word' id='word_1_11' title='bbox 1634 528 1744 593; x_wconf 86' lang='lat' dir='ltr'><strong>Vll,</strong></span> <span class='ocrx_word' id='word_1_12' title='bbox 1763 542 1884 595; x_wconf 99' lang='lat' dir='ltr'><strong>pag.</strong></span> <span class='ocrx_word' id='word_1_13' title='bbox 1907 526 1929 578; x_wconf 95' lang='lat'><strong>1</strong></span> 
     </span>
    </p>
   </div>
   <div class='ocr_carea' id='block_1_4' title="bbox 1963 506 3582 608">
    <p class='ocr_par' dir='ltr' id='par_1_4' title="bbox 1963 506 3582 608">
     <span class='ocr_line' id='line_1_4' title="bbox 1963 506 3582 608; baseline -0.014 -30"><span class='ocrx_word' id='word_1_14' title='bbox 1963 527 2008 580; x_wconf 65' lang='lat' dir='ltr'><strong>l0</strong></span> <span class='ocrx_word' id='word_1_15' title='bbox 2029 538 2140 588; x_wconf 86' lang='lat' dir='ltr'><strong>seq.</strong></span> <span class='ocrx_word' id='word_1_16' title='bbox 2168 520 2246 592; x_wconf 84' lang='lat' dir='ltr'><strong>[p.</strong></span> <span class='ocrx_word' id='word_1_17' title='bbox 2265 519 2394 581; x_wconf 75' lang='lat'><strong>257,</strong></span> <span class='ocrx_word' id='word_1_18' title='bbox 2412 533 2525 587; x_wconf 89' lang='lat' dir='ltr'><strong>seq.</strong></span> <span class='ocrx_word' id='word_1_19' title='bbox 2552 516 2687 571; x_wconf 82' lang='lat' dir='ltr'><strong>Koll.</strong></span> <span class='ocrx_word' id='word_1_20' title='bbox 2711 533 2767 571; x_wconf 91' lang='lat' dir='ltr'><strong>n.</strong></span> <span class='ocrx_word' id='word_1_21' title='bbox 2789 516 2887 569; x_wconf 80' lang='lat' dir='ltr'><strong>3et</strong></span> <span class='ocrx_word' id='word_1_22' title='bbox 2910 514 2942 567; x_wconf 99' lang='lat'><strong>4</strong></span> <span class='ocrx_word' id='word_1_23' title='bbox 2970 512 3088 567; x_wconf 87' lang='lat' dir='ltr'><strong>cod.</strong></span> <span class='ocrx_word' id='word_1_24' title='bbox 3125 509 3239 579; x_wconf 81' lang='lat'><strong>68.]</strong></span> <span class='ocrx_word' id='word_1_25' title='bbox 3258 508 3431 608; x_wconf 43' lang='grc' dir='ltr'><strong>’ξηρῷ</strong></span> <span class='ocrx_word' id='word_1_26' title='bbox 3452 524 3504 559; x_wconf 92' lang='lat' dir='ltr'><strong>n.</strong></span> <span class='ocrx_word' id='word_1_27' title='bbox 3524 506 3582 574; x_wconf 62' lang='grc'><strong>2,</strong></span> 
     </span>
    </p>
   </div>
   <div class='ocr_carea' id='block_1_5' title="bbox 383 596 3577 696">
    <p class='ocr_par' dir='ltr' id='par_1_5' title="bbox 383 596 3577 696">
     <span class='ocr_line' id='line_1_5' title="bbox 383 596 3577 696; baseline -0.012 -14"><span class='ocrx_word' id='word_1_28' title='bbox 383 596 557 683; x_wconf 89' lang='lat' dir='ltr'><strong>Etiam</strong></span> <span class='ocrx_word' id='word_1_29' title='bbox 608 596 845 682; x_wconf 46' lang='lat' dir='ltr'><strong>&#39;ltbell&#39;us</strong></span> <span class='ocrx_word' id='word_1_30' title='bbox 894 596 962 681; x_wconf 72' lang='lat' dir='ltr'><strong>de</strong></span> <span class='ocrx_word' id='word_1_31' title='bbox 1000 596 1349 695; x_wconf 30' lang='lat' dir='ltr'><strong>ipurgatorio,</strong></span> <span class='ocrx_word' id='word_1_32' title='bbox 1388 621 1567 677; x_wconf 89' lang='lat' dir='ltr'><strong>editus</strong></span> <span class='ocrx_word' id='word_1_33' title='bbox 1631 618 1734 674; x_wconf 91' lang='lat' dir='ltr'><strong>sub</strong></span> <span class='ocrx_word' id='word_1_34' title='bbox 1789 614 1894 669; x_wconf 84' lang='lat' dir='ltr'><strong>Nili</strong></span> <span class='ocrx_word' id='word_1_35' title='bbox 1949 610 2206 674; x_wconf 86' lang='lat' dir='ltr'><strong>nomine,</strong></span> <span class='ocrx_word' id='word_1_36' title='bbox 2263 607 2699 696; x_wconf 34' lang='lat' dir='ltr'><strong>Marco-nostro</strong></span> <span class='ocrx_word' id='word_1_37' title='bbox 2774 618 2803 657; x_wconf 90' lang='lat' dir='ltr'><strong>a</strong></span> <span class='ocrx_word' id='word_1_38' title='bbox 2856 599 3220 696; x_wconf 42' lang='lat' dir='ltr'><strong>quibusdam“</strong></span> <span class='ocrx_word' id='word_1_39' title='bbox 3244 596 3577 696; x_wconf 46' lang='lat' dir='ltr'><strong>vilid&#39;catur‘.</strong></span> 
     </span>
    </p>
   </div>
   <div class='ocr_carea' id='block_1_6' title="bbox 315 685 1934 784">
    <p class='ocr_par' dir='ltr' id='par_1_6' title="bbox 315 685 1903 784">
     <span class='ocr_line' id='line_1_6' title="bbox 315 685 1903 784; baseline -0.006 -15"><span class='ocrx_word' id='word_1_40' title='bbox 315 716 482 771; x_wconf 73' lang='lat' dir='ltr'><strong>FABR.</strong></span> <span class='ocrx_word' id='word_1_41' title='bbox 545 714 607 769; x_wconf 87' lang='lat' dir='ltr'><strong>In</strong></span> <span class='ocrx_word' id='word_1_42' title='bbox 665 713 789 771; x_wconf 87' lang='lat' dir='ltr'><strong>cod.</strong></span> <span class='ocrx_word' id='word_1_43' title='bbox 830 685 1146 784; x_wconf 71' lang='lat' dir='ltr'><strong>Mosquensi</strong></span> <span class='ocrx_word' id='word_1_44' title='bbox 1204 685 1400 783; x_wconf 87' lang='lat' dir='ltr'><strong>synod.</strong></span> <span class='ocrx_word' id='word_1_45' title='bbox 1451 709 1555 765; x_wconf 73' lang='grc'><strong>594</strong></span> <span class='ocrx_word' id='word_1_46' title='bbox 1618 717 1747 762; x_wconf 90' lang='lat' dir='ltr'><strong>sunt</strong></span> <span class='ocrx_word' id='word_1_47' title='bbox 1792 714 1903 759; x_wconf 89' lang='lat' dir='ltr'><strong>tres</strong></span> 
     </span>
    </p>
   </div>
   <div class='ocr_carea' id='block_1_7' title="bbox 1966 685 3585 784">
    <p class='ocr_par' dir='ltr' id='par_1_7' title="bbox 1966 685 3585 769">
     <span class='ocr_line' id='line_1_7' title="bbox 1966 685 3585 769; baseline -0.014 -15"><span class='ocrx_word' id='word_1_48' title='bbox 1966 697 2369 769; x_wconf 77' lang='lat' dir='ltr'><strong>Responsiones</strong></span> <span class='ocrx_word' id='word_1_49' title='bbox 2420 693 2486 747; x_wconf 86' lang='lat' dir='ltr'><strong>ad</strong></span> <span class='ocrx_word' id='word_1_50' title='bbox 2545 691 2726 745; x_wconf 86' lang='lat' dir='ltr'><strong>Latin.</strong></span> <span class='ocrx_word' id='word_1_51' title='bbox 2787 708 2843 746; x_wconf 91' lang='lat' dir='ltr'><strong>n.</strong></span> <span class='ocrx_word' id='word_1_52' title='bbox 2903 691 2956 745; x_wconf 88' lang='lat'><strong>6.</strong></span> <span class='ocrx_word' id='word_1_53' title='bbox 3004 690 3117 744; x_wconf 84' lang='lat' dir='ltr'><strong>luc.</strong></span> <span class='ocrx_word' id='word_1_54' title='bbox 3165 685 3384 750; x_wconf 78' lang='grc' dir='ltr'><strong>Ἐπειδὴ</strong></span> <span class='ocrx_word' id='word_1_55' title='bbox 3446 685 3585 751; x_wconf 81' lang='grc' dir='ltr'><strong>μετὰ</strong></span> 
     </span>
    </p>
   </div>
   <div class='ocr_carea' id='block_1_8' title="bbox 314 775 1933 877">
    <p class='ocr_par' dir='ltr' id='par_1_8' title="bbox 314 775 1933 877">
     <span class='ocr_line' id='line_1_8' title="bbox 314 775 1933 877; baseline -0.009 -16"><span class='ocrx_word' id='word_1_56' title='bbox 314 807 535 877; x_wconf 79' lang='grc' dir='ltr'><strong>ἀγάπης</strong></span> <span class='ocrx_word' id='word_1_57' title='bbox 562 825 575 872; x_wconf 88' lang='grc'><strong>;</strong></span> <span class='ocrx_word' id='word_1_58' title='bbox 608 822 662 860; x_wconf 93' lang='lat' dir='ltr'><strong>n.</strong></span> <span class='ocrx_word' id='word_1_59' title='bbox 703 807 736 859; x_wconf 88' lang='lat' dir='ltr'><strong><em>&#39;I</em></strong></span> <span class='ocrx_word' id='word_1_60' title='bbox 787 805 904 858; x_wconf 91' lang='lat' dir='ltr'><strong>inc.</strong></span> <span class='ocrx_word' id='word_1_61' title='bbox 932 775 1139 872; x_wconf 68' lang='grc' dir='ltr'><strong>Ιίολλῆς</strong></span> <span class='ocrx_word' id='word_1_62' title='bbox 1187 775 1286 871; x_wconf 61' lang='grc' dir='ltr'>μέν</span> <span class='ocrx_word' id='word_1_63' title='bbox 1323 802 1399 864; x_wconf 85' lang='grc' dir='ltr'>ὡς</span> <span class='ocrx_word' id='word_1_64' title='bbox 1432 797 1651 869; x_wconf 78' lang='grc' dir='ltr'><strong>ἀληθῶς</strong></span> <span class='ocrx_word' id='word_1_65' title='bbox 1673 811 1691 829; x_wconf 78' lang='grc'><em>’</em></span> <span class='ocrx_word' id='word_1_66' title='bbox 1721 812 1776 850; x_wconf 95' lang='lat' dir='ltr'><strong>n.</strong></span> <span class='ocrx_word' id='word_1_67' title='bbox 1810 794 1864 859; x_wconf 88' lang='lat'><strong>8,</strong></span> <span class='ocrx_word' id='word_1_68' title='bbox 1890 792 1933 846; x_wconf 82' lang='lat' dir='ltr'><strong>ir</strong></span> 
     </span>
    </p>
   </div>
   <div class='ocr_carea' id='block_1_9' title="bbox 1967 775 3586 877">
    <p class='ocr_par' dir='ltr' id='par_1_9' title="bbox 1967 775 3586 877">
     <span class='ocr_line' id='line_1_9' title="bbox 1967 775 3586 877; baseline -0.011 -35"><span class='ocrx_word' id='word_1_69' title='bbox 1967 806 2000 844; x_wconf 71' lang='grc' dir='ltr'><strong>ε.</strong></span> <span class='ocrx_word' id='word_1_70' title='bbox 2046 786 2266 857; x_wconf 82' lang='grc' dir='ltr'><strong>Ἐπειδὴ</strong></span> <span class='ocrx_word' id='word_1_71' title='bbox 2313 785 2669 854; x_wconf 78' lang='grc' dir='ltr'>σαφέστερον.</span> <span class='ocrx_word' id='word_1_72' title='bbox 2728 782 2791 835; x_wconf 89' lang='lat' dir='ltr'><strong>V.</strong></span> <span class='ocrx_word' id='word_1_73' title='bbox 2825 781 3082 844; x_wconf 68' lang='lat' dir='ltr'><strong>Mattbmi,</strong></span> <span class='ocrx_word' id='word_1_74' title='bbox 3113 779 3149 833; x_wconf 95' lang='grc'><strong>1.</strong></span> <span class='ocrx_word' id='word_1_75' title='bbox 3182 792 3229 831; x_wconf 84' lang='lat' dir='ltr'><strong>c.</strong></span> <span class='ocrx_word' id='word_1_76' title='bbox 3272 792 3335 877; x_wconf 47' lang='grc' dir='ltr'>ρ..</span> <span class='ocrx_word' id='word_1_77' title='bbox 3357 775 3482 876; x_wconf 70' lang='grc'><strong>251.</strong></span> <span class='ocrx_word' id='word_1_78' title='bbox 3516 802 3586 813; x_wconf 88' lang='grc'><strong>--</strong></span> 
     </span>
    </p>
   </div>
   <div class='ocr_carea' id='block_1_10' title="bbox 317 865 3580 963">
    <p class='ocr_par' dir='ltr' id='par_1_10' title="bbox 317 865 3580 963">
     <span class='ocr_line' id='line_1_10' title="bbox 317 865 3580 963; baseline -0.009 -19"><span class='ocrx_word' id='word_1_79' title='bbox 317 865 679 949; x_wconf 62' lang='grc' dir='ltr'>ιιίοεί.ἰῇεε.</span> <span class='ocrx_word' id='word_1_80' title='bbox 724 892 949 963; x_wconf 71' lang='lat' dir='ltr'><strong>Angliaa,</strong></span> <span class='ocrx_word' id='word_1_81' title='bbox 980 865 1229 946; x_wconf 39' lang='lat' dir='ltr'><strong>etc.&#39;vo-l.</strong></span> <span class='ocrx_word' id='word_1_82' title='bbox 1264 889 1333 953; x_wconf 86' lang='lat' dir='ltr'><strong>ll,</strong></span> <span class='ocrx_word' id='word_1_83' title='bbox 1387 903 1439 958; x_wconf 93' lang='lat' dir='ltr'><strong>p.</strong></span> <span class='ocrx_word' id='word_1_84' title='bbox 1470 865 1559 951; x_wconf 78' lang='grc'><strong>61,</strong></span> <span class='ocrx_word' id='word_1_85' title='bbox 1602 901 1656 940; x_wconf 89' lang='lat' dir='ltr'><strong>n.</strong></span> <span class='ocrx_word' id='word_1_86' title='bbox 1686 883 1849 945; x_wconf 86' lang='grc'><strong>2255,</strong></span> <span class='ocrx_word' id='word_1_87' title='bbox 1881 878 1949 934; x_wconf 89' lang='lat' dir='ltr'><strong>de</strong></span> <span class='ocrx_word' id='word_1_88' title='bbox 2013 876 2138 933; x_wconf 90' lang='lat' dir='ltr'><strong>cod.</strong></span> <span class='ocrx_word' id='word_1_89' title='bbox 2164 874 2433 930; x_wconf 84' lang='lat' dir='ltr'><strong>Vossiano</strong></span> <span class='ocrx_word' id='word_1_90' title='bbox 2470 874 2594 937; x_wconf 85' lang='grc'><strong>142,</strong></span> <span class='ocrx_word' id='word_1_91' title='bbox 2661 873 2773 925; x_wconf 65' lang='lat' dir='ltr'><strong>haec</strong></span> <span class='ocrx_word' id='word_1_92' title='bbox 2827 879 2951 963; x_wconf 77' lang='lat' dir='ltr'><strong>nota</strong></span> <span class='ocrx_word' id='word_1_93' title='bbox 2998 867 3175 963; x_wconf 75' lang='lat' dir='ltr'><strong>Vossii</strong></span> <span class='ocrx_word' id='word_1_94' title='bbox 3232 865 3527 963; x_wconf 59' lang='lat' dir='ltr'><strong>adducitur</strong></span> <span class='ocrx_word' id='word_1_95' title='bbox 3566 881 3580 917; x_wconf 89' lang='lat'><strong>:</strong></span> 
     </span>
    </p>
   </div>
   <div class='ocr_carea' id='block_1_11' title="bbox 326 952 3583 1050">
    <p class='ocr_par' dir='ltr' id='par_1_11' title="bbox 326 952 3583 1050">
     <span class='ocr_line' id='line_1_11' title="bbox 326 952 3583 1050; baseline -0.008 -18"><span class='ocrx_word' id='word_1_96' title='bbox 326 1000 343 1032; x_wconf 76' lang='grc' dir='ltr'><strong>ε</strong></span> <span class='ocrx_word' id='word_1_97' title='bbox 381 981 547 1037; x_wconf 83' lang='lat' dir='ltr'><strong>Marci</strong></span> <span class='ocrx_word' id='word_1_98' title='bbox 575 952 901 1050; x_wconf 75' lang='lat' dir='ltr'><strong>archiepisc.</strong></span> <span class='ocrx_word' id='word_1_99' title='bbox 936 952 1204 1049; x_wconf 37' lang='lat' dir='ltr'><strong>&#39;Ephesini</strong></span> <span class='ocrx_word' id='word_1_100' title='bbox 1237 952 1403 1031; x_wconf 57' lang='lat' dir='ltr'><strong>oratt:</strong></span> <span class='ocrx_word' id='word_1_101' title='bbox 1437 974 1505 1029; x_wconf 90' lang='lat' dir='ltr'><strong>de</strong></span> <span class='ocrx_word' id='word_1_102' title='bbox 1533 972 1775 1027; x_wconf 88' lang='lat' dir='ltr'><strong>Latinor.</strong></span> <span class='ocrx_word' id='word_1_103' title='bbox 1806 968 2150 1041; x_wconf 84' lang='lat' dir='ltr'><strong>purgatorio,</strong></span> <span class='ocrx_word' id='word_1_104' title='bbox 2181 980 2247 1021; x_wconf 89' lang='lat' dir='ltr'><strong>ac</strong></span> <span class='ocrx_word' id='word_1_105' title='bbox 2300 964 2367 1019; x_wconf 87' lang='lat' dir='ltr'><strong>de</strong></span> <span class='ocrx_word' id='word_1_106' title='bbox 2400 964 2468 1019; x_wconf 91' lang='lat' dir='ltr'><strong>iis</strong></span> <span class='ocrx_word' id='word_1_107' title='bbox 2499 977 2621 1033; x_wconf 82' lang='lat' dir='ltr'><strong>quae</strong></span> <span class='ocrx_word' id='word_1_108' title='bbox 2659 959 3082 1050; x_wconf 58' lang='lat' dir='ltr'><strong>tractataluere</strong></span> <span class='ocrx_word' id='word_1_109' title='bbox 3117 958 3170 1011; x_wconf 93' lang='lat' dir='ltr'><strong>in</strong></span> <span class='ocrx_word' id='word_1_110' title='bbox 3223 956 3430 1050; x_wconf 75' lang='lat' dir='ltr'><strong>synodo</strong></span> <span class='ocrx_word' id='word_1_111' title='bbox 3453 952 3583 1007; x_wconf 87' lang='lat' dir='ltr'><strong>Flo-</strong></span> 
     </span>
    </p>
   </div>
   <div class='ocr_carea' id='block_1_12' title="bbox 324 1042 3584 1137">
    <p class='ocr_par' dir='ltr' id='par_1_12' title="bbox 324 1042 3584 1137">
     <span class='ocr_line' id='line_1_12' title="bbox 324 1042 3584 1137; baseline -0.009 -15"><span class='ocrx_word' id='word_1_112' title='bbox 324 1069 561 1123; x_wconf 89' lang='lat' dir='ltr'><strong>rentina.</strong></span> <span class='ocrx_word' id='word_1_113' title='bbox 591 1068 669 1122; x_wconf 77' lang='lat' dir='ltr'><strong>Ex</strong></span> <span class='ocrx_word' id='word_1_114' title='bbox 718 1042 803 1123; x_wconf 76' lang='lat' dir='ltr'><strong>his</strong></span> <span class='ocrx_word' id='word_1_115' title='bbox 858 1042 1078 1137; x_wconf 72' lang='lat' dir='ltr'><strong>colligo,</strong></span> <span class='ocrx_word' id='word_1_116' title='bbox 1126 1062 1385 1134; x_wconf 78' lang='lat' dir='ltr'><strong>anonymi</strong></span> <span class='ocrx_word' id='word_1_117' title='bbox 1416 1058 1734 1115; x_wconf 75' lang='lat' dir='ltr'><strong>Orationem</strong></span> <span class='ocrx_word' id='word_1_118' title='bbox 1784 1057 1849 1111; x_wconf 88' lang='lat' dir='ltr'><strong>de</strong></span> <span class='ocrx_word' id='word_1_119' title='bbox 1910 1054 2244 1127; x_wconf 82' lang='lat' dir='ltr'><strong>purgatorio,</strong></span> <span class='ocrx_word' id='word_1_120' title='bbox 2281 1067 2310 1106; x_wconf 91' lang='lat' dir='ltr'><strong>a</strong></span> <span class='ocrx_word' id='word_1_121' title='bbox 2349 1050 2623 1137; x_wconf 84' lang='lat' dir='ltr'><strong>Salmasio</strong></span> <span class='ocrx_word' id='word_1_122' title='bbox 2682 1046 2834 1137; x_wconf 86' lang='lat' dir='ltr'><strong>operi</strong></span> <span class='ocrx_word' id='word_1_123' title='bbox 2881 1045 2944 1099; x_wconf 85' lang='lat' dir='ltr'><strong>de</strong></span> <span class='ocrx_word' id='word_1_124' title='bbox 2978 1042 3584 1137; x_wconf 35' lang='lat' dir='ltr'><strong>P-rimatuAsubnexam,</strong></span> 
     </span>
    </p>
   </div>
   <div class='ocr_carea' id='block_1_13' title="bbox 326 1128 3586 1226">
    <p class='ocr_par' dir='ltr' id='par_1_13' title="bbox 326 1128 3586 1226">
     <span class='ocr_line' id='line_1_13' title="bbox 326 1128 3586 1226; baseline -0.008 -19"><span class='ocrx_word' id='word_1_125' title='bbox 326 1153 493 1210; x_wconf 85' lang='lat' dir='ltr'><strong>Marci</strong></span> <span class='ocrx_word' id='word_1_126' title='bbox 518 1153 779 1224; x_wconf 85' lang='lat' dir='ltr'><strong>Ephesini</strong></span> <span class='ocrx_word' id='word_1_127' title='bbox 820 1128 1102 1219; x_wconf 34' lang='lat' dir='ltr'><strong>non‘esse,</strong></span> <span class='ocrx_word' id='word_1_128' title='bbox 1134 1159 1194 1206; x_wconf 91' lang='lat' dir='ltr'><strong>ut</strong></span> <span class='ocrx_word' id='word_1_129' title='bbox 1251 1128 1425 1216; x_wconf 71' lang='lat' dir='ltr'><strong>nuper</strong></span> <span class='ocrx_word' id='word_1_130' title='bbox 1483 1146 1676 1214; x_wconf 88' lang='lat' dir='ltr'><strong>scripsi</strong></span> <span class='ocrx_word' id='word_1_131' title='bbox 1741 1145 1793 1198; x_wconf 92' lang='lat' dir='ltr'><strong>in</strong></span> <span class='ocrx_word' id='word_1_132' title='bbox 1864 1142 2136 1197; x_wconf 82' lang='lat' dir='ltr'><strong>Observat.</strong></span> <span class='ocrx_word' id='word_1_133' title='bbox 2181 1142 2346 1195; x_wconf 75' lang='lat' dir='ltr'><strong>sacris</strong></span> <span class='ocrx_word' id='word_1_134' title='bbox 2394 1148 2449 1193; x_wconf 90' lang='lat' dir='ltr'><strong>et</strong></span> <span class='ocrx_word' id='word_1_135' title='bbox 2483 1135 2914 1226; x_wconf 24' lang='lat' dir='ltr'><strong>inhBililiothfea</strong></span> <span class='ocrx_word' id='word_1_136' title='bbox 2951 1132 3168 1226; x_wconf 68' lang='lat' dir='ltr'><strong>selecta.</strong></span> <span class='ocrx_word' id='word_1_137' title='bbox 3219 1128 3586 1226; x_wconf 62' lang='lat' dir='ltr'><strong>Quaerendum</strong></span> 
     </span>
    </p>
   </div>
   <div class='ocr_carea' id='block_1_14' title="bbox 326 1217 3588 1311">
    <p class='ocr_par' dir='ltr' id='par_1_14' title="bbox 326 1217 3588 1311">
     <span class='ocr_line' id='line_1_14' title="bbox 326 1217 3588 1311; baseline -0.009 -17"><span class='ocrx_word' id='word_1_138' title='bbox 326 1245 533 1311; x_wconf 88' lang='lat' dir='ltr'><strong>itaque,</strong></span> <span class='ocrx_word' id='word_1_139' title='bbox 563 1217 734 1307; x_wconf 64' lang='lat' dir='ltr'><strong>cujus</strong></span> <span class='ocrx_word' id='word_1_140' title='bbox 765 1240 877 1295; x_wconf 63' lang='lat' dir='ltr'><strong>haec</strong></span> <span class='ocrx_word' id='word_1_141' title='bbox 912 1217 1096 1294; x_wconf 15' lang='lat' dir='ltr'><strong>oratio»</strong></span> <span class='ocrx_word' id='word_1_142' title='bbox 1143 1238 1214 1292; x_wconf 86' lang='lat' dir='ltr'><strong>sit</strong></span> <span class='ocrx_word' id='word_1_143' title='bbox 1260 1234 1525 1290; x_wconf 85' lang='lat' dir='ltr'><strong>auctoris.</strong></span> <span class='ocrx_word' id='word_1_144' title='bbox 1559 1232 1666 1287; x_wconf 87' lang='lat' dir='ltr'><strong>Alii</strong></span> <span class='ocrx_word' id='word_1_145' title='bbox 1717 1246 1850 1286; x_wconf 85' lang='lat' dir='ltr'><strong>sane</strong></span> <span class='ocrx_word' id='word_1_146' title='bbox 1907 1226 2135 1286; x_wconf 85' lang='lat' dir='ltr'><strong>Nicolao</strong></span> <span class='ocrx_word' id='word_1_147' title='bbox 2188 1226 2478 1292; x_wconf 62' lang='lat' dir='ltr'><strong>Cabasilte,</strong></span> <span class='ocrx_word' id='word_1_148' title='bbox 2516 1224 2608 1278; x_wconf 87' lang='lat' dir='ltr'><strong>alii</strong></span> <span class='ocrx_word' id='word_1_149' title='bbox 2640 1222 2762 1276; x_wconf 90' lang='lat' dir='ltr'><strong>Nilo</strong></span> <span class='ocrx_word' id='word_1_150' title='bbox 2813 1217 3300 1275; x_wconf 86' lang='lat' dir='ltr'><strong>Thessalonicensi</strong></span> <span class='ocrx_word' id='word_1_151' title='bbox 3332 1231 3450 1271; x_wconf 88' lang='lat' dir='ltr'><strong>eam</strong></span> <span class='ocrx_word' id='word_1_152' title='bbox 3486 1217 3588 1267; x_wconf 88' lang='lat' dir='ltr'><strong>tri-</strong></span> 
     </span>
    </p>
   </div>
   <div class='ocr_carea' id='block_1_15' title="bbox 331 1326 786 1382">
    <p class='ocr_par' dir='ltr' id='par_1_15' title="bbox 331 1326 786 1382">
     <span class='ocr_line' id='line_1_15' title="bbox 331 1326 786 1382; baseline -0.004 -1"><span class='ocrx_word' id='word_1_153' title='bbox 331 1328 525 1382; x_wconf 90' lang='lat' dir='ltr'><strong>buunt.</strong></span> <span class='ocrx_word' id='word_1_154' title='bbox 563 1345 581 1378; x_wconf 71' lang='grc' dir='ltr'><strong>ι</strong></span> <span class='ocrx_word' id='word_1_155' title='bbox 619 1326 786 1381; x_wconf 70' lang='grc' dir='ltr'><strong>ΒΑΜ..</strong></span> 
     </span>
    </p>
   </div>
   <div class='ocr_carea' id='block_1_16' title="bbox 403 1391 3590 1484">
    <p class='ocr_par' dir='ltr' id='par_1_16' title="bbox 403 1391 3590 1484">
     <span class='ocr_line' id='line_1_16' title="bbox 403 1391 3590 1484; baseline -0.008 -15"><span class='ocrx_word' id='word_1_156' title='bbox 403 1416 472 1469; x_wconf 93' lang='grc'><strong>17</strong></span> <span class='ocrx_word' id='word_1_157' title='bbox 529 1414 803 1484; x_wconf 76' lang='lat' dir='ltr'><strong>Professio</strong></span> <span class='ocrx_word' id='word_1_158' title='bbox 834 1413 960 1482; x_wconf 80' lang='lat' dir='ltr'><strong>ﬁdei</strong></span> <span class='ocrx_word' id='word_1_159' title='bbox 996 1411 1046 1464; x_wconf 92' lang='lat' dir='ltr'><strong>in</strong></span> <span class='ocrx_word' id='word_1_160' title='bbox 1079 1408 1317 1465; x_wconf 91' lang='lat' dir='ltr'><strong>concilio</strong></span> <span class='ocrx_word' id='word_1_161' title='bbox 1347 1407 1670 1463; x_wconf 86' lang='lat' dir='ltr'><strong>Florentino</strong></span> <span class='ocrx_word' id='word_1_162' title='bbox 1698 1407 1906 1477; x_wconf 84' lang='lat' dir='ltr'><strong>pridem</strong></span> <span class='ocrx_word' id='word_1_163' title='bbox 1936 1406 2166 1476; x_wconf 90' lang='lat' dir='ltr'><strong>scripta,</strong></span> <span class='ocrx_word' id='word_1_164' title='bbox 2212 1403 2306 1459; x_wconf 83' lang='lat' dir='ltr'><strong>sed</strong></span> <span class='ocrx_word' id='word_1_165' title='bbox 2368 1402 2588 1455; x_wconf 88' lang='lat' dir='ltr'><strong>demum</strong></span> <span class='ocrx_word' id='word_1_166' title='bbox 2628 1399 2794 1468; x_wconf 87' lang='lat' dir='ltr'><strong>paulo</strong></span> <span class='ocrx_word' id='word_1_167' title='bbox 2828 1406 2954 1452; x_wconf 88' lang='lat' dir='ltr'><strong>ante</strong></span> <span class='ocrx_word' id='word_1_168' title='bbox 3003 1396 3213 1450; x_wconf 89' lang='lat' dir='ltr'><strong>obitmn</strong></span> <span class='ocrx_word' id='word_1_169' title='bbox 3259 1393 3427 1484; x_wconf 82' lang='lat' dir='ltr'><strong>edita,</strong></span> <span class='ocrx_word' id='word_1_170' title='bbox 3456 1391 3590 1484; x_wconf 73' lang='lat' dir='ltr'><strong>inci-</strong></span> 
     </span>
    </p>
   </div>
   <div class='ocr_carea' id='block_1_17' title="bbox 332 1478 1951 1572">
    <p class='ocr_par' dir='ltr' id='par_1_17' title="bbox 332 1478 1951 1572">
     <span class='ocr_line' id='line_1_17' title="bbox 332 1478 1951 1572; baseline -0.006 -16"><span class='ocrx_word' id='word_1_171' title='bbox 332 1503 413 1571; x_wconf 89' lang='lat' dir='ltr'><strong>pit</strong></span> <span class='ocrx_word' id='word_1_172' title='bbox 442 1518 457 1556; x_wconf 88' lang='lat'><strong>:</strong></span> <span class='ocrx_word' id='word_1_173' title='bbox 500 1478 652 1569; x_wconf 61' lang='grc' dir='ltr'>Ἐγὰί</span> <span class='ocrx_word' id='word_1_174' title='bbox 677 1503 744 1572; x_wconf 80' lang='grc' dir='ltr'>τῇ</span> <span class='ocrx_word' id='word_1_175' title='bbox 769 1478 864 1553; x_wconf 88' lang='grc' dir='ltr'><strong>τοῦ</strong></span> <span class='ocrx_word' id='word_1_176' title='bbox 891 1498 1028 1552; x_wconf 87' lang='grc' dir='ltr'>Θεοῦ</span> <span class='ocrx_word' id='word_1_177' title='bbox 1064 1497 1248 1568; x_wconf 87' lang='grc' dir='ltr'>χάριτι</span> <span class='ocrx_word' id='word_1_178' title='bbox 1277 1498 1547 1565; x_wconf 85' lang='grc' dir='ltr'>δόγμασιν</span> <span class='ocrx_word' id='word_1_179' title='bbox 1575 1494 1871 1565; x_wconf 78' lang='grc' dir='ltr'>ἐντραφεὶς</span> <span class='ocrx_word' id='word_1_180' title='bbox 1896 1494 1951 1547; x_wconf 77' lang='grc' dir='ltr'>εὖ</span> 
     </span>
    </p>
   </div>
   <div class='ocr_carea' id='block_1_18' title="bbox 1975 1478 3594 1572">
    <p class='ocr_par' dir='ltr' id='par_1_18' title="bbox 1975 1478 3594 1560">
     <span class='ocr_line' id='line_1_18' title="bbox 1975 1478 3594 1560; baseline -0.009 -14"><span class='ocrx_word' id='word_1_181' title='bbox 1975 1492 2207 1546; x_wconf 75' lang='grc' dir='ltr'>ςεὸἐσιν.</span> <span class='ocrx_word' id='word_1_182' title='bbox 2237 1489 2591 1560; x_wconf 84' lang='lat' dir='ltr'><strong>Uppugnavit</strong></span> <span class='ocrx_word' id='word_1_183' title='bbox 2629 1485 2929 1555; x_wconf 79' lang='lat' dir='ltr'><strong>Gregorius</strong></span> <span class='ocrx_word' id='word_1_184' title='bbox 2960 1482 3424 1554; x_wconf 81' lang='lat' dir='ltr'><strong>Protosyncellus.</strong></span> <span class='ocrx_word' id='word_1_185' title='bbox 3460 1478 3594 1532; x_wconf 76' lang='lat' dir='ltr'><strong>Vide</strong></span> 
     </span>
    </p>
   </div>
   <div class='ocr_carea' id='block_1_19' title="bbox 268 1570 1887 1657">
    <p class='ocr_par' dir='ltr' id='par_1_19' title="bbox 268 1570 1879 1657">
     <span class='ocr_line' id='line_1_19' title="bbox 268 1570 1879 1657; baseline -0.003 -15"><span class='ocrx_word' id='word_1_186' title='bbox 268 1584 275 1591; x_wconf 92' lang='grc'>·</span> <span class='ocrx_word' id='word_1_187' title='bbox 332 1570 609 1654; x_wconf 67' lang='grc' dir='ltr'>Ᾱηειειιηι,</span> <span class='ocrx_word' id='word_1_188' title='bbox 642 1570 1024 1651; x_wconf 42' lang='lat' dir='ltr'><strong>oceanum,</strong></span> <span class='ocrx_word' id='word_1_189' title='bbox 1061 1600 1186 1657; x_wconf 84' lang='lat' dir='ltr'><strong>pag.</strong></span> <span class='ocrx_word' id='word_1_190' title='bbox 1223 1584 1348 1649; x_wconf 76' lang='lat'><strong>934,</strong></span> <span class='ocrx_word' id='word_1_191' title='bbox 1379 1583 1486 1640; x_wconf 77' lang='lat'><strong>955</strong></span> <span class='ocrx_word' id='word_1_192' title='bbox 1514 1590 1569 1639; x_wconf 85' lang='lat' dir='ltr'><strong>et</strong></span> <span class='ocrx_word' id='word_1_193' title='bbox 1595 1582 1725 1650; x_wconf 89' lang='lat'><strong>280,</strong></span> <span class='ocrx_word' id='word_1_194' title='bbox 1752 1582 1879 1647; x_wconf 83' lang='lat'><strong>285,</strong></span> 
     </span>
    </p>
   </div>
   <div class='ocr_carea' id='block_1_20' title="bbox 1974 1570 3593 1657">
    <p class='ocr_par' dir='ltr' id='par_1_20' title="bbox 1974 1570 3593 1648">
     <span class='ocr_line' id='line_1_20' title="bbox 1974 1570 3593 1648; baseline -0.009 -10"><span class='ocrx_word' id='word_1_195' title='bbox 1974 1582 2031 1638; x_wconf 52' lang='lat'><strong>&#39;9.</strong></span> <span class='ocrx_word' id='word_1_196' title='bbox 2066 1579 2232 1635; x_wconf 69' lang='lat' dir='ltr'><strong>hau.</strong></span> <span class='ocrx_word' id='word_1_197' title='bbox 2258 1578 2500 1648; x_wconf 84' lang='lat' dir='ltr'><strong>Mosquae</strong></span> <span class='ocrx_word' id='word_1_198' title='bbox 2558 1578 2615 1631; x_wconf 89' lang='lat' dir='ltr'><strong>in</strong></span> <span class='ocrx_word' id='word_1_199' title='bbox 2652 1576 2812 1631; x_wconf 88' lang='lat' dir='ltr'><strong>codd.</strong></span> <span class='ocrx_word' id='word_1_200' title='bbox 2846 1572 3045 1646; x_wconf 88' lang='lat' dir='ltr'><strong>synod.</strong></span> <span class='ocrx_word' id='word_1_201' title='bbox 3082 1574 3149 1628; x_wconf 86' lang='grc'><strong>15</strong></span> <span class='ocrx_word' id='word_1_202' title='bbox 3188 1582 3241 1627; x_wconf 92' lang='lat' dir='ltr'><strong>et</strong></span> <span class='ocrx_word' id='word_1_203' title='bbox 3284 1572 3410 1637; x_wconf 85' lang='grc'><strong>554,</strong></span> <span class='ocrx_word' id='word_1_204' title='bbox 3449 1588 3504 1625; x_wconf 92' lang='lat' dir='ltr'><strong>n.</strong></span> <span class='ocrx_word' id='word_1_205' title='bbox 3536 1570 3593 1623; x_wconf 87' lang='lat'><strong>2.</strong></span> 
     </span>
    </p>
   </div>
   <div class='ocr_carea' id='block_1_21' title="bbox 336 1659 1955 1747">
    <p class='ocr_par' dir='ltr' id='par_1_21' title="bbox 336 1672 1936 1747">
     <span class='ocr_line' id='line_1_21' title="bbox 336 1672 1936 1747; baseline -0.006 -13"><span class='ocrx_word' id='word_1_206' title='bbox 336 1678 399 1734; x_wconf 87' lang='lat' dir='ltr'><strong>V.</strong></span> <span class='ocrx_word' id='word_1_207' title='bbox 430 1676 666 1733; x_wconf 76' lang='lat' dir='ltr'><strong>Matthzei</strong></span> <span class='ocrx_word' id='word_1_208' title='bbox 705 1677 743 1731; x_wconf 89' lang='grc'><strong>1.</strong></span> <span class='ocrx_word' id='word_1_209' title='bbox 772 1691 821 1732; x_wconf 94' lang='lat' dir='ltr'><strong>c.</strong></span> <span class='ocrx_word' id='word_1_210' title='bbox 856 1692 912 1747; x_wconf 80' lang='grc' dir='ltr'>ρ.</span> <span class='ocrx_word' id='word_1_211' title='bbox 951 1675 1020 1731; x_wconf 92' lang='grc'><strong>29</strong></span> <span class='ocrx_word' id='word_1_212' title='bbox 1051 1683 1105 1730; x_wconf 90' lang='lat' dir='ltr'><strong>et</strong></span> <span class='ocrx_word' id='word_1_213' title='bbox 1128 1674 1259 1741; x_wconf 89' lang='grc'><strong>252,</strong></span> <span class='ocrx_word' id='word_1_214' title='bbox 1287 1672 1380 1729; x_wconf 92' lang='lat' dir='ltr'><strong>ubi</strong></span> <span class='ocrx_word' id='word_1_215' title='bbox 1428 1672 1513 1729; x_wconf 91' lang='lat' dir='ltr'><strong>bis</strong></span> <span class='ocrx_word' id='word_1_216' title='bbox 1560 1680 1936 1738; x_wconf 88' lang='lat' dir='ltr'><strong>memoratur;</strong></span> 
     </span>
    </p>
   </div>
   <div class='ocr_carea' id='block_1_22' title="bbox 1973 1659 3592 1747">
    <p class='ocr_par' dir='ltr' id='par_1_22' title="bbox 1973 1659 3592 1739">
     <span class='ocr_line' id='line_1_22' title="bbox 1973 1659 3592 1739; baseline -0.009 -14"><span class='ocrx_word' id='word_1_217' title='bbox 1973 1684 2167 1739; x_wconf 85' lang='lat' dir='ltr'><strong>nempe</strong></span> <span class='ocrx_word' id='word_1_218' title='bbox 2221 1684 2277 1722; x_wconf 93' lang='lat' dir='ltr'><strong>n.</strong></span> <span class='ocrx_word' id='word_1_219' title='bbox 2330 1668 2388 1733; x_wconf 87' lang='grc'><strong>2,</strong></span> <span class='ocrx_word' id='word_1_220' title='bbox 2420 1664 2591 1720; x_wconf 83' lang='lat' dir='ltr'><strong>Marci</strong></span> <span class='ocrx_word' id='word_1_221' title='bbox 2617 1695 2689 1705; x_wconf 89' lang='lat'><strong><em>—</em></strong></span> <span class='ocrx_word' id='word_1_222' title='bbox 2714 1662 2975 1733; x_wconf 84' lang='lat' dir='ltr'><strong>Eugenici</strong></span> <span class='ocrx_word' id='word_1_223' title='bbox 3031 1661 3129 1714; x_wconf 74' lang='grc' dir='ltr'><strong>καὶ</strong></span> <span class='ocrx_word' id='word_1_224' title='bbox 3159 1661 3280 1714; x_wconf 78' lang='grc' dir='ltr'>νέου</span> <span class='ocrx_word' id='word_1_225' title='bbox 3314 1659 3592 1726; x_wconf 77' lang='grc' dir='ltr'>θεολόγον,</span> 
     </span>
    </p>
   </div>
   <div class='ocr_carea' id='block_1_23' title="bbox 333 1748 3597 1836">
    <p class='ocr_par' dir='ltr' id='par_1_23' title="bbox 333 1748 3597 1836">
     <span class='ocr_line' id='line_1_23' title="bbox 333 1748 3597 1836; baseline -0.006 -17"><span class='ocrx_word' id='word_1_226' title='bbox 333 1764 429 1819; x_wconf 85' lang='grc' dir='ltr'><strong>τοῦ</strong></span> <span class='ocrx_word' id='word_1_227' title='bbox 467 1764 874 1836; x_wconf 78' lang='grc' dir='ltr'><strong>ἀνατρέψαντος</strong></span> <span class='ocrx_word' id='word_1_228' title='bbox 924 1764 1023 1834; x_wconf 79' lang='grc' dir='ltr'>τὴν</span> <span class='ocrx_word' id='word_1_229' title='bbox 1053 1763 1292 1832; x_wconf 78' lang='grc' dir='ltr'>ἄθεσμον</span> <span class='ocrx_word' id='word_1_230' title='bbox 1345 1762 1403 1815; x_wconf 84' lang='grc' dir='ltr'>ὲν</span> <span class='ocrx_word' id='word_1_231' title='bbox 1450 1760 1763 1831; x_wconf 81' lang='grc' dir='ltr'>Φλωρεντίᾳ</span> <span class='ocrx_word' id='word_1_232' title='bbox 1796 1759 2031 1823; x_wconf 76' lang='grc' dir='ltr'><strong>σύνοδον,</strong></span> <span class='ocrx_word' id='word_1_233' title='bbox 2066 1756 2329 1827; x_wconf 77' lang='grc' dir='ltr'>ὁμολογία</span> <span class='ocrx_word' id='word_1_234' title='bbox 2386 1756 2628 1816; x_wconf 83' lang='grc' dir='ltr'>πίστεως</span> <span class='ocrx_word' id='word_1_235' title='bbox 2649 1768 2669 1784; x_wconf 65' lang='grc'><strong>·“</strong></span> <span class='ocrx_word' id='word_1_236' title='bbox 2713 1751 2857 1820; x_wconf 85' lang='grc' dir='ltr'><strong>Ἐγὼ</strong></span> <span class='ocrx_word' id='word_1_237' title='bbox 2893 1753 2961 1821; x_wconf 82' lang='grc' dir='ltr'>τῇ</span> <span class='ocrx_word' id='word_1_238' title='bbox 2986 1748 3081 1803; x_wconf 87' lang='grc' dir='ltr'><strong>τοῦ</strong></span> <span class='ocrx_word' id='word_1_239' title='bbox 3118 1748 3254 1803; x_wconf 82' lang='grc' dir='ltr'>Θεοῦ</span> <span class='ocrx_word' id='word_1_240' title='bbox 3286 1749 3503 1820; x_wconf 81' lang='grc' dir='ltr'>χάριτιο</span> <span class='ocrx_word' id='word_1_241' title='bbox 3533 1763 3597 1799; x_wconf 83' lang='lat' dir='ltr'><strong>ac</strong></span> 
     </span>
    </p>
   </div>
   <div class='ocr_carea' id='block_1_24' title="bbox 336 1836 1955 1922">
    <p class='ocr_par' dir='ltr' id='par_1_24' title="bbox 336 1847 1955 1922">
     <span class='ocr_line' id='line_1_24' title="bbox 336 1847 1955 1922; baseline -0.004 -16"><span class='ocrx_word' id='word_1_242' title='bbox 336 1869 393 1907; x_wconf 91' lang='lat' dir='ltr'><strong>n.</strong></span> <span class='ocrx_word' id='word_1_243' title='bbox 425 1853 483 1907; x_wconf 85' lang='grc'><strong>4.</strong></span> <span class='ocrx_word' id='word_1_244' title='bbox 518 1852 627 1905; x_wconf 88' lang='grc' dir='ltr'>Τοῦ</span> <span class='ocrx_word' id='word_1_245' title='bbox 658 1851 826 1905; x_wconf 77' lang='grc' dir='ltr'>αὐτοῦ</span> <span class='ocrx_word' id='word_1_246' title='bbox 851 1852 1015 1922; x_wconf 73' lang='grc' dir='ltr'>ἑτέρα</span> <span class='ocrx_word' id='word_1_247' title='bbox 1049 1850 1313 1918; x_wconf 78' lang='grc' dir='ltr'>ὁμολογία</span> <span class='ocrx_word' id='word_1_248' title='bbox 1340 1847 1578 1911; x_wconf 86' lang='grc' dir='ltr'>πίστεως</span> <span class='ocrx_word' id='word_1_249' title='bbox 1601 1862 1620 1883; x_wconf 79' lang='grc' dir='ltr'><strong>ο</strong></span> <span class='ocrx_word' id='word_1_250' title='bbox 1669 1847 1811 1915; x_wconf 87' lang='grc' dir='ltr'><strong>Ἐγὼ</strong></span> <span class='ocrx_word' id='word_1_251' title='bbox 1835 1850 1901 1918; x_wconf 80' lang='grc' dir='ltr'>τῇ</span> <span class='ocrx_word' id='word_1_252' title='bbox 1928 1864 1955 1899; x_wconf 87' lang='grc' dir='ltr'><strong>τ</strong></span> 
     </span>
    </p>
   </div>
   <div class='ocr_carea' id='block_1_25' title="bbox 1977 1836 3596 1922">
    <p class='ocr_par' dir='ltr' id='par_1_25' title="bbox 1977 1836 3596 1915">
     <span class='ocr_line' id='line_1_25' title="bbox 1977 1836 3596 1915; baseline -0.007 -16"><span class='ocrx_word' id='word_1_253' title='bbox 1977 1844 2021 1899; x_wconf 71' lang='lat'><strong>&gt;5</strong></span> <span class='ocrx_word' id='word_1_254' title='bbox 2060 1845 2196 1898; x_wconf 80' lang='grc' dir='ltr'>Θεοῦ</span> <span class='ocrx_word' id='word_1_255' title='bbox 2229 1844 2438 1915; x_wconf 83' lang='grc' dir='ltr'>χάριτι.</span> <span class='ocrx_word' id='word_1_256' title='bbox 2465 1841 2521 1896; x_wconf 85' lang='grc' dir='ltr'><strong>1η</strong></span> <span class='ocrx_word' id='word_1_257' title='bbox 2556 1840 2859 1911; x_wconf 89' lang='lat' dir='ltr'><strong>posteriore</strong></span> <span class='ocrx_word' id='word_1_258' title='bbox 2887 1840 3010 1894; x_wconf 89' lang='lat' dir='ltr'><strong>cod.</strong></span> <span class='ocrx_word' id='word_1_259' title='bbox 3040 1847 3125 1893; x_wconf 93' lang='lat' dir='ltr'><strong>est</strong></span> <span class='ocrx_word' id='word_1_260' title='bbox 3159 1852 3380 1908; x_wconf 86' lang='lat' dir='ltr'><strong>quoque</strong></span> <span class='ocrx_word' id='word_1_261' title='bbox 3408 1853 3465 1891; x_wconf 92' lang='lat' dir='ltr'><strong>n.</strong></span> <span class='ocrx_word' id='word_1_262' title='bbox 3508 1836 3596 1900; x_wconf 84' lang='lat'><strong>14,</strong></span> 
     </span>
    </p>
   </div>
   <div class='ocr_carea' id='block_1_26' title="bbox 338 1923 1957 2010">
    <p class='ocr_par' dir='ltr' id='par_1_26' title="bbox 338 1934 1957 2010">
     <span class='ocr_line' id='line_1_26' title="bbox 338 1934 1957 2010; baseline -0.006 -16"><span class='ocrx_word' id='word_1_263' title='bbox 338 1938 512 1994; x_wconf 79' lang='lat' dir='ltr'><strong>Marci</strong></span> <span class='ocrx_word' id='word_1_264' title='bbox 548 1939 750 2008; x_wconf 87' lang='lat' dir='ltr'><strong>Eugen.</strong></span> <span class='ocrx_word' id='word_1_265' title='bbox 774 1938 1039 2010; x_wconf 77' lang='grc' dir='ltr'><strong>διαθήκηο</strong></span> <span class='ocrx_word' id='word_1_266' title='bbox 1082 1938 1191 1992; x_wconf 87' lang='lat' dir='ltr'><strong>inc.</strong></span> <span class='ocrx_word' id='word_1_267' title='bbox 1228 1936 1503 2006; x_wconf 83' lang='grc' dir='ltr'>Βούλομαι</span> <span class='ocrx_word' id='word_1_268' title='bbox 1533 1934 1874 2003; x_wconf 80' lang='grc' dir='ltr'>πλατύτερον</span> <span class='ocrx_word' id='word_1_269' title='bbox 1894 1934 1957 2004; x_wconf 80' lang='grc' dir='ltr'>τὴ</span> 
     </span>
    </p>
   </div>
   <div class='ocr_carea' id='block_1_27' title="bbox 1977 1923 3596 2010">
    <p class='ocr_par' dir='ltr' id='par_1_27' title="bbox 1977 1923 3596 2004">
     <span class='ocr_line' id='line_1_27' title="bbox 1977 1923 3596 2004; baseline -0.006 -16"><span class='ocrx_word' id='word_1_270' title='bbox 1977 1952 1992 1988; x_wconf 71' lang='grc' dir='ltr'><strong>ι</strong></span> <span class='ocrx_word' id='word_1_271' title='bbox 2023 1932 2163 2004; x_wconf 79' lang='grc' dir='ltr'>ἐμὴν</span> <span class='ocrx_word' id='word_1_272' title='bbox 2184 1934 2432 2001; x_wconf 83' lang='grc' dir='ltr'><strong>γνώμην.</strong></span> <span class='ocrx_word' id='word_1_273' title='bbox 2471 1928 2655 2001; x_wconf 82' lang='lat' dir='ltr'><strong>(Conl.</strong></span> <span class='ocrx_word' id='word_1_274' title='bbox 2690 1928 2756 1982; x_wconf 90' lang='lat' dir='ltr'><strong>ad</strong></span> <span class='ocrx_word' id='word_1_275' title='bbox 2809 1944 2860 1981; x_wconf 84' lang='grc' dir='ltr'><strong>η.</strong></span> <span class='ocrx_word' id='word_1_276' title='bbox 2894 1926 2975 1997; x_wconf 89' lang='grc'><strong>7.)</strong></span> <span class='ocrx_word' id='word_1_277' title='bbox 3004 1955 3074 1968; x_wconf 84' lang='lat'>-</span> <span class='ocrx_word' id='word_1_278' title='bbox 3129 1924 3330 1981; x_wconf 80' lang='lat' dir='ltr'><strong>Oxonii</strong></span> <span class='ocrx_word' id='word_1_279' title='bbox 3372 1925 3427 1979; x_wconf 91' lang='lat' dir='ltr'><strong>in</strong></span> <span class='ocrx_word' id='word_1_280' title='bbox 3460 1923 3596 1979; x_wconf 83' lang='lat' dir='ltr'><strong>bibl.</strong></span> 
     </span>
    </p>
   </div>
   <div class='ocr_carea' id='block_1_28' title="bbox 338 2011 1957 2087">
    <p class='ocr_par' dir='ltr' id='par_1_28' title="bbox 338 2022 1957 2081">
     <span class='ocr_line' id='line_1_28' title="bbox 338 2022 1957 2081; baseline -0.003 -1"><span class='ocrx_word' id='word_1_281' title='bbox 338 2026 546 2081; x_wconf 87' lang='lat' dir='ltr'><strong>Bodlei.</strong></span> <span class='ocrx_word' id='word_1_282' title='bbox 571 2026 690 2081; x_wconf 73' lang='lat' dir='ltr'><strong>eod.</strong></span> <span class='ocrx_word' id='word_1_283' title='bbox 727 2025 954 2080; x_wconf 86' lang='lat' dir='ltr'><strong>Barocc.</strong></span> <span class='ocrx_word' id='word_1_284' title='bbox 989 2025 1114 2080; x_wconf 91' lang='grc'><strong>114.</strong></span> <span class='ocrx_word' id='word_1_285' title='bbox 1143 2052 1213 2064; x_wconf 89' lang='lat'><strong>—-</strong></span> <span class='ocrx_word' id='word_1_286' title='bbox 1238 2024 1374 2080; x_wconf 85' lang='lat' dir='ltr'><strong>ibid.</strong></span> <span class='ocrx_word' id='word_1_287' title='bbox 1410 2025 1461 2079; x_wconf 91' lang='lat' dir='ltr'><strong>in</strong></span> <span class='ocrx_word' id='word_1_288' title='bbox 1487 2023 1612 2079; x_wconf 90' lang='lat' dir='ltr'><strong>cod.</strong></span> <span class='ocrx_word' id='word_1_289' title='bbox 1643 2022 1729 2079; x_wconf 71' lang='lat' dir='ltr'><strong>Io.</strong></span> <span class='ocrx_word' id='word_1_290' title='bbox 1765 2022 1957 2077; x_wconf 81' lang='lat' dir='ltr'><strong>Selden</strong></span> 
     </span>
    </p>
   </div>
   <div class='ocr_carea' id='block_1_29' title="bbox 1978 2011 3597 2087">
    <p class='ocr_par' dir='ltr' id='par_1_29' title="bbox 1978 2011 3597 2087">
     <span class='ocr_line' id='line_1_29' title="bbox 1978 2011 3597 2087; baseline -0.009 -10"><span class='ocrx_word' id='word_1_291' title='bbox 1978 2064 1984 2077; x_wconf 90' lang='lat'><strong>.</strong></span> <span class='ocrx_word' id='word_1_292' title='bbox 2019 2021 2111 2087; x_wconf 90' lang='lat'><strong>47,</strong></span> <span class='ocrx_word' id='word_1_293' title='bbox 2174 2019 2228 2084; x_wconf 97' lang='lat'><strong>5,</strong></span> <span class='ocrx_word' id='word_1_294' title='bbox 2280 2019 2397 2075; x_wconf 88' lang='lat' dir='ltr'><strong>sive</strong></span> <span class='ocrx_word' id='word_1_295' title='bbox 2426 2034 2483 2074; x_wconf 83' lang='grc' dir='ltr'><strong>ιι.</strong></span> <span class='ocrx_word' id='word_1_296' title='bbox 2514 2017 2676 2083; x_wconf 85' lang='grc'><strong>5577,</strong></span> <span class='ocrx_word' id='word_1_297' title='bbox 2726 2014 2850 2073; x_wconf 89' lang='lat' dir='ltr'><strong>Cat.</strong></span> <span class='ocrx_word' id='word_1_298' title='bbox 2905 2029 3038 2069; x_wconf 86' lang='lat' dir='ltr'><strong>mss.</strong></span> <span class='ocrx_word' id='word_1_299' title='bbox 3090 2012 3298 2082; x_wconf 61' lang='lat' dir='ltr'><strong>Anglia:</strong></span> <span class='ocrx_word' id='word_1_300' title='bbox 3337 2011 3446 2065; x_wconf 92' lang='lat' dir='ltr'><strong>vol.</strong></span> <span class='ocrx_word' id='word_1_301' title='bbox 3476 2011 3515 2077; x_wconf 92' lang='grc'><strong>1,</strong></span> <span class='ocrx_word' id='word_1_302' title='bbox 3546 2020 3597 2064; x_wconf 91' lang='lat' dir='ltr'><strong>et</strong></span> 
     </span>
    </p>
   </div>
   <div class='ocr_carea' id='block_1_30' title="bbox 339 2103 3598 2185">
    <p class='ocr_par' dir='ltr' id='par_1_30' title="bbox 339 2103 3598 2185">
     <span class='ocr_line' id='line_1_30' title="bbox 339 2103 3598 2185; baseline -0.004 -17"><span class='ocrx_word' id='word_1_303' title='bbox 339 2132 393 2185; x_wconf 91' lang='lat' dir='ltr'><strong>p.</strong></span> <span class='ocrx_word' id='word_1_304' title='bbox 430 2113 558 2178; x_wconf 89' lang='lat'><strong>268,</strong></span> <span class='ocrx_word' id='word_1_305' title='bbox 586 2130 642 2168; x_wconf 90' lang='lat' dir='ltr'><strong>n.</strong></span> <span class='ocrx_word' id='word_1_306' title='bbox 680 2116 744 2170; x_wconf 87' lang='lat'><strong>14</strong></span> <span class='ocrx_word' id='word_1_307' title='bbox 770 2124 825 2169; x_wconf 92' lang='lat' dir='ltr'><strong>et</strong></span> <span class='ocrx_word' id='word_1_308' title='bbox 860 2114 948 2179; x_wconf 88' lang='lat'><strong>15,</strong></span> <span class='ocrx_word' id='word_1_309' title='bbox 986 2116 1040 2168; x_wconf 93' lang='lat' dir='ltr'><strong>in</strong></span> <span class='ocrx_word' id='word_1_310' title='bbox 1068 2113 1413 2170; x_wconf 83' lang='lat' dir='ltr'><strong>Adversariis</strong></span> <span class='ocrx_word' id='word_1_311' title='bbox 1442 2111 1570 2168; x_wconf 83' lang='lat' dir='ltr'><strong>Ger.</strong></span> <span class='ocrx_word' id='word_1_312' title='bbox 1614 2111 1927 2182; x_wconf 77' lang='lat' dir='ltr'><strong>Langbaeni.</strong></span> <span class='ocrx_word' id='word_1_313' title='bbox 1962 2110 2106 2164; x_wconf 85' lang='lat' dir='ltr'><strong>Add.</strong></span> <span class='ocrx_word' id='word_1_314' title='bbox 2158 2110 2223 2163; x_wconf 86' lang='lat' dir='ltr'><strong>ad</strong></span> <span class='ocrx_word' id='word_1_315' title='bbox 2268 2126 2324 2164; x_wconf 93' lang='lat' dir='ltr'><strong>n.</strong></span> <span class='ocrx_word' id='word_1_316' title='bbox 2350 2110 2402 2176; x_wconf 89' lang='lat'><strong>5,</strong></span> <span class='ocrx_word' id='word_1_317' title='bbox 2448 2117 2503 2164; x_wconf 88' lang='lat' dir='ltr'><strong>et</strong></span> <span class='ocrx_word' id='word_1_318' title='bbox 2532 2121 2726 2177; x_wconf 90' lang='lat' dir='ltr'><strong>supra,</strong></span> <span class='ocrx_word' id='word_1_319' title='bbox 2782 2106 2835 2160; x_wconf 92' lang='lat' dir='ltr'><strong>in</strong></span> <span class='ocrx_word' id='word_1_320' title='bbox 2872 2105 2927 2160; x_wconf 92' lang='lat' dir='ltr'><strong>h.</strong></span> <span class='ocrx_word' id='word_1_321' title='bbox 2982 2104 3092 2161; x_wconf 85' lang='lat' dir='ltr'><strong>vol.</strong></span> <span class='ocrx_word' id='word_1_322' title='bbox 3119 2119 3177 2173; x_wconf 89' lang='lat' dir='ltr'><strong>p.</strong></span> <span class='ocrx_word' id='word_1_323' title='bbox 3207 2103 3335 2167; x_wconf 88' lang='grc'><strong>594,</strong></span> <span class='ocrx_word' id='word_1_324' title='bbox 3362 2110 3502 2158; x_wconf 90' lang='lat' dir='ltr'><strong>sect.</strong></span> <span class='ocrx_word' id='word_1_325' title='bbox 3546 2104 3598 2157; x_wconf 83' lang='grc'><strong>4.</strong></span> 
     </span>
    </p>
   </div>
   <div class='ocr_carea' id='block_1_31' title="bbox 342 2188 1961 2274">
    <p class='ocr_par' dir='ltr' id='par_1_31' title="bbox 342 2200 1944 2274">
     <span class='ocr_line' id='line_1_31' title="bbox 342 2200 1944 2274; baseline -0.004 -17"><span class='ocrx_word' id='word_1_326' title='bbox 342 2203 521 2257; x_wconf 71' lang='lat' dir='ltr'><strong>l’aris.</strong></span> <span class='ocrx_word' id='word_1_327' title='bbox 584 2202 641 2258; x_wconf 92' lang='lat' dir='ltr'><strong>in</strong></span> <span class='ocrx_word' id='word_1_328' title='bbox 695 2202 829 2259; x_wconf 90' lang='lat' dir='ltr'><strong>bibl.</strong></span> <span class='ocrx_word' id='word_1_329' title='bbox 893 2202 1043 2274; x_wconf 89' lang='lat' dir='ltr'><strong>publ.</strong></span> <span class='ocrx_word' id='word_1_330' title='bbox 1103 2202 1157 2257; x_wconf 89' lang='lat' dir='ltr'><strong>ln</strong></span> <span class='ocrx_word' id='word_1_331' title='bbox 1219 2201 1467 2272; x_wconf 89' lang='lat' dir='ltr'><strong>quinque</strong></span> <span class='ocrx_word' id='word_1_332' title='bbox 1524 2200 1687 2255; x_wconf 87' lang='lat' dir='ltr'><strong>con.</strong></span> <span class='ocrx_word' id='word_1_333' title='bbox 1745 2200 1944 2268; x_wconf 85' lang='lat' dir='ltr'><strong>partim</strong></span> 
     </span>
    </p>
   </div>
   <div class='ocr_carea' id='block_1_32' title="bbox 1981 2188 3600 2274">
    <p class='ocr_par' dir='ltr' id='par_1_32' title="bbox 2000 2188 3600 2261">
     <span class='ocr_line' id='line_1_32' title="bbox 2000 2188 3600 2261; baseline -0.006 -9"><span class='ocrx_word' id='word_1_334' title='bbox 2000 2198 2344 2261; x_wconf 81' lang='lat' dir='ltr'><strong>memoratis,</strong></span> <span class='ocrx_word' id='word_1_335' title='bbox 2397 2212 2453 2251; x_wconf 92' lang='lat' dir='ltr'><strong>n.</strong></span> <span class='ocrx_word' id='word_1_336' title='bbox 2490 2194 2650 2261; x_wconf 87' lang='grc'><strong>1218,</strong></span> <span class='ocrx_word' id='word_1_337' title='bbox 2719 2193 2883 2259; x_wconf 90' lang='grc'><strong>1259,</strong></span> <span class='ocrx_word' id='word_1_338' title='bbox 2940 2189 3101 2259; x_wconf 93' lang='grc'><strong>1527,</strong></span> <span class='ocrx_word' id='word_1_339' title='bbox 3132 2190 3280 2246; x_wconf 88' lang='grc'><strong>2075</strong></span> <span class='ocrx_word' id='word_1_340' title='bbox 3323 2197 3380 2246; x_wconf 85' lang='lat' dir='ltr'><strong>et</strong></span> <span class='ocrx_word' id='word_1_341' title='bbox 3438 2188 3600 2246; x_wconf 89' lang='grc'><strong>5104.</strong></span> 
     </span>
    </p>
   </div>
   <div class='ocr_carea' id='block_1_33' title="bbox 346 2289 2375 2346">
    <p class='ocr_par' dir='ltr' id='par_1_33' title="bbox 346 2289 2375 2346">
     <span class='ocr_line' id='line_1_33' title="bbox 346 2289 2375 2346; baseline -0 -3"><span class='ocrx_word' id='word_1_342' title='bbox 346 2289 517 2346; x_wconf 67' lang='lat' dir='ltr'><strong>llum.</strong></span> <span class='ocrx_word' id='word_1_343' title='bbox 2368 2328 2375 2342; x_wconf 78' lang='lat'><strong>,</strong></span> 
     </span>
    </p>
   </div>
   <div class='ocr_carea' id='block_1_34' title="bbox 416 2364 3602 2448">
    <p class='ocr_par' dir='ltr' id='par_1_34' title="bbox 416 2364 3602 2448">
     <span class='ocr_line' id='line_1_34' title="bbox 416 2364 3602 2448; baseline -0.004 -17"><span class='ocrx_word' id='word_1_344' title='bbox 416 2378 504 2433; x_wconf 86' lang='lat'><strong>18.</strong></span> <span class='ocrx_word' id='word_1_345' title='bbox 531 2377 817 2448; x_wconf 72' lang='lat' dir='ltr'><strong>Ecphrasis</strong></span> <span class='ocrx_word' id='word_1_346' title='bbox 850 2378 1091 2431; x_wconf 87' lang='lat' dir='ltr'><strong>animam</strong></span> <span class='ocrx_word' id='word_1_347' title='bbox 1116 2375 1341 2447; x_wconf 74' lang='lat' dir='ltr'><strong>agentis.</strong></span> <span class='ocrx_word' id='word_1_348' title='bbox 1370 2373 1514 2429; x_wconf 86' lang='lat' dir='ltr'><strong>Gitat</strong></span> <span class='ocrx_word' id='word_1_349' title='bbox 1566 2372 1800 2427; x_wconf 76' lang='lat' dir='ltr'><strong>Allatius</strong></span> <span class='ocrx_word' id='word_1_350' title='bbox 1831 2374 1896 2426; x_wconf 85' lang='lat' dir='ltr'><strong>de</strong></span> <span class='ocrx_word' id='word_1_351' title='bbox 1928 2372 2139 2442; x_wconf 79' lang='lat' dir='ltr'><strong>synodo</strong></span> <span class='ocrx_word' id='word_1_352' title='bbox 2189 2380 2402 2434; x_wconf 88' lang='lat' dir='ltr'><strong>octava,</strong></span> <span class='ocrx_word' id='word_1_353' title='bbox 2444 2387 2564 2443; x_wconf 88' lang='lat' dir='ltr'><strong>pag.</strong></span> <span class='ocrx_word' id='word_1_354' title='bbox 2620 2371 2748 2426; x_wconf 78' lang='grc'><strong>544.</strong></span> <span class='ocrx_word' id='word_1_355' title='bbox 2802 2368 2896 2441; x_wconf 70' lang='grc' dir='ltr'><strong>[ν.</strong></span> <span class='ocrx_word' id='word_1_356' title='bbox 2930 2370 3168 2426; x_wconf 82' lang='lat' dir='ltr'><strong>Bandin.</strong></span> <span class='ocrx_word' id='word_1_357' title='bbox 3226 2368 3351 2425; x_wconf 83' lang='lat' dir='ltr'><strong>Cat.</strong></span> <span class='ocrx_word' id='word_1_358' title='bbox 3386 2366 3483 2423; x_wconf 88' lang='lat' dir='ltr'><strong>cit.</strong></span> <span class='ocrx_word' id='word_1_359' title='bbox 3513 2364 3602 2429; x_wconf 88' lang='lat' dir='ltr'><strong>Ill,</strong></span> 
     </span>
    </p>
   </div>
   <div class='ocr_carea' id='block_1_35' title="bbox 347 2464 978 2535">
    <p class='ocr_par' dir='ltr' id='par_1_35' title="bbox 347 2464 978 2535">
     <span class='ocr_line' id='line_1_35' title="bbox 347 2464 978 2535; baseline 0 -16"><span class='ocrx_word' id='word_1_360' title='bbox 347 2480 400 2533; x_wconf 87' lang='lat' dir='ltr'><strong>p.</strong></span> <span class='ocrx_word' id='word_1_361' title='bbox 435 2465 562 2528; x_wconf 83' lang='lat'><strong>105.</strong></span> <span class='ocrx_word' id='word_1_362' title='bbox 592 2473 649 2521; x_wconf 89' lang='lat' dir='ltr'><strong>et</strong></span> <span class='ocrx_word' id='word_1_363' title='bbox 674 2481 730 2520; x_wconf 81' lang='grc' dir='ltr'><strong>η.</strong></span> <span class='ocrx_word' id='word_1_364' title='bbox 760 2467 831 2520; x_wconf 83' lang='grc'><strong>27</strong></span> <span class='ocrx_word' id='word_1_365' title='bbox 856 2464 978 2535; x_wconf 90' lang='lat' dir='ltr'><strong>cit.|</strong></span> 
     </span>
    </p>
   </div>
   <div class='ocr_carea' id='block_1_36' title="bbox 416 2542 3604 2619">
    <p class='ocr_par' dir='ltr' id='par_1_36' title="bbox 416 2542 3604 2619">
     <span class='ocr_line' id='line_1_36' title="bbox 416 2542 3604 2619; baseline -0.005 -9"><span class='ocrx_word' id='word_1_366' title='bbox 416 2555 504 2611; x_wconf 90' lang='lat'><strong>19.</strong></span> <span class='ocrx_word' id='word_1_367' title='bbox 539 2554 741 2610; x_wconf 87' lang='lat' dir='ltr'><strong>Ultima</strong></span> <span class='ocrx_word' id='word_1_368' title='bbox 773 2558 927 2610; x_wconf 86' lang='lat' dir='ltr'><strong>verba</strong></span> <span class='ocrx_word' id='word_1_369' title='bbox 956 2556 1025 2610; x_wconf 86' lang='lat' dir='ltr'><strong>ad</strong></span> <span class='ocrx_word' id='word_1_370' title='bbox 1084 2556 1415 2611; x_wconf 79' lang='lat' dir='ltr'><strong>Gennadium</strong></span> <span class='ocrx_word' id='word_1_371' title='bbox 1457 2555 1823 2613; x_wconf 86' lang='lat' dir='ltr'><strong>Scholarium.</strong></span> <span class='ocrx_word' id='word_1_372' title='bbox 1855 2552 1989 2607; x_wconf 86' lang='lat' dir='ltr'><strong>Vide</strong></span> <span class='ocrx_word' id='word_1_373' title='bbox 2034 2564 2200 2617; x_wconf 77' lang='lat' dir='ltr'><strong>supra</strong></span> <span class='ocrx_word' id='word_1_374' title='bbox 2247 2564 2370 2618; x_wconf 79' lang='lat' dir='ltr'><strong>pag.</strong></span> <span class='ocrx_word' id='word_1_375' title='bbox 2416 2547 2522 2601; x_wconf 84' lang='grc'><strong>556</strong></span> <span class='ocrx_word' id='word_1_376' title='bbox 2594 2546 2672 2619; x_wconf 91' lang='lat' dir='ltr'><strong>[et</strong></span> <span class='ocrx_word' id='word_1_377' title='bbox 2707 2554 2827 2603; x_wconf 87' lang='lat' dir='ltr'><strong>not.</strong></span> <span class='ocrx_word' id='word_1_378' title='bbox 2865 2561 3034 2617; x_wconf 87' lang='lat' dir='ltr'><strong>supra</strong></span> <span class='ocrx_word' id='word_1_379' title='bbox 3082 2547 3152 2602; x_wconf 89' lang='lat' dir='ltr'><strong>ad</strong></span> <span class='ocrx_word' id='word_1_380' title='bbox 3182 2544 3427 2611; x_wconf 91' lang='lat' dir='ltr'><strong>initium,</strong></span> <span class='ocrx_word' id='word_1_381' title='bbox 3457 2550 3513 2598; x_wconf 92' lang='lat' dir='ltr'><strong>et</strong></span> <span class='ocrx_word' id='word_1_382' title='bbox 3539 2542 3604 2595; x_wconf 90' lang='lat' dir='ltr'><strong>ad</strong></span> 
     </span>
    </p>
   </div>
   <div class='ocr_carea' id='block_1_37' title="bbox 348 2637 1758 2710">
    <p class='ocr_par' dir='ltr' id='par_1_37' title="bbox 348 2637 1758 2710">
     <span class='ocr_line' id='line_1_37' title="bbox 348 2637 1758 2710; baseline 0.001 -19"><span class='ocrx_word' id='word_1_383' title='bbox 348 2653 406 2692; x_wconf 91' lang='lat' dir='ltr'><strong>n.</strong></span> <span class='ocrx_word' id='word_1_384' title='bbox 444 2638 529 2710; x_wconf 86' lang='lat'><strong>7].</strong></span> <span class='ocrx_word' id='word_1_385' title='bbox 567 2638 811 2694; x_wconf 84' lang='lat' dir='ltr'><strong>Meminit</strong></span> <span class='ocrx_word' id='word_1_386' title='bbox 845 2640 1163 2695; x_wconf 82' lang='lat' dir='ltr'><strong>Gennadius</strong></span> <span class='ocrx_word' id='word_1_387' title='bbox 1187 2641 1305 2709; x_wconf 85' lang='lat' dir='ltr'><strong>ipse</strong></span> <span class='ocrx_word' id='word_1_388' title='bbox 1333 2656 1523 2710; x_wconf 89' lang='lat' dir='ltr'><strong>supra,</strong></span> <span class='ocrx_word' id='word_1_389' title='bbox 1551 2654 1605 2707; x_wconf 91' lang='lat' dir='ltr'><strong>p.</strong></span> <span class='ocrx_word' id='word_1_390' title='bbox 1632 2637 1758 2693; x_wconf 84' lang='grc'><strong>567.</strong></span> 
     </span>
    </p>
   </div>
   <div class='ocr_carea' id='block_1_38' title="bbox 418 2719 2037 2797">
    <p class='ocr_par' dir='ltr' id='par_1_38' title="bbox 418 2723 2037 2797">
     <span class='ocr_line' id='line_1_38' title="bbox 418 2723 2037 2797; baseline -0.001 -16"><span class='ocrx_word' id='word_1_391' title='bbox 418 2726 510 2781; x_wconf 92' lang='grc'><strong>20.</strong></span> <span class='ocrx_word' id='word_1_392' title='bbox 545 2725 871 2792; x_wconf 74' lang='lat' dir='ltr'><strong>Qumtiones</strong></span> <span class='ocrx_word' id='word_1_393' title='bbox 918 2727 1222 2797; x_wconf 78' lang='lat' dir='ltr'><strong>theologij</strong></span> <span class='ocrx_word' id='word_1_394' title='bbox 1269 2742 1373 2782; x_wconf 90' lang='lat' dir='ltr'><strong>ms.</strong></span> <span class='ocrx_word' id='word_1_395' title='bbox 1411 2728 1466 2782; x_wconf 91' lang='lat' dir='ltr'><strong>in</strong></span> <span class='ocrx_word' id='word_1_396' title='bbox 1518 2726 1645 2781; x_wconf 85' lang='lat' dir='ltr'><strong>bibl.</strong></span> <span class='ocrx_word' id='word_1_397' title='bbox 1680 2727 1886 2781; x_wconf 63' lang='lat' dir='ltr'><strong>Caesar.</strong></span> <span class='ocrx_word' id='word_1_398' title='bbox 1932 2723 2037 2779; x_wconf 84' lang='lat' dir='ltr'><strong>inci</strong></span> 
     </span>
    </p>
   </div>
   <div class='ocr_carea' id='block_1_39' title="bbox 1983 2719 3602 2797">
    <p class='ocr_par' dir='ltr' id='par_1_39' title="bbox 1983 2719 3602 2795">
     <span class='ocr_line' id='line_1_39' title="bbox 1983 2719 3602 2795; baseline -0.001 -19"><span class='ocrx_word' id='word_1_399' title='bbox 1983 2723 2098 2791; x_wconf 56' lang='lat' dir='ltr'><strong>:cip.</strong></span> <span class='ocrx_word' id='word_1_400' title='bbox 2141 2725 2205 2777; x_wconf 86' lang='lat' dir='ltr'><strong>&#39;H</strong></span> <span class='ocrx_word' id='word_1_401' title='bbox 2241 2724 2335 2778; x_wconf 86' lang='grc' dir='ltr'><strong>τοῦ</strong></span> <span class='ocrx_word' id='word_1_402' title='bbox 2394 2722 2524 2777; x_wconf 81' lang='grc' dir='ltr'>Υἰοῦ</span> <span class='ocrx_word' id='word_1_403' title='bbox 2579 2721 2929 2795; x_wconf 71' lang='grc' dir='ltr'>προσηγορία</span> <span class='ocrx_word' id='word_1_404' title='bbox 2977 2721 3072 2776; x_wconf 83' lang='grc' dir='ltr'>δύο</span> <span class='ocrx_word' id='word_1_405' title='bbox 3102 2720 3280 2775; x_wconf 86' lang='grc' dir='ltr'>ταῦτα</span> <span class='ocrx_word' id='word_1_406' title='bbox 3319 2719 3602 2791; x_wconf 78' lang='grc' dir='ltr'><strong>σημαίνει.</strong></span> 
     </span>
    </p>
   </div>
   <div class='ocr_carea' id='block_1_40' title="bbox 348 2806 1967 2887">
    <p class='ocr_par' dir='ltr' id='par_1_40' title="bbox 348 2813 1967 2887">
     <span class='ocr_line' id='line_1_40' title="bbox 348 2813 1967 2887; baseline -0.001 -19"><span class='ocrx_word' id='word_1_407' title='bbox 348 2813 605 2870; x_wconf 89' lang='lat' dir='ltr'><strong>Lambec.</strong></span> <span class='ocrx_word' id='word_1_408' title='bbox 637 2814 746 2879; x_wconf 91' lang='lat' dir='ltr'><strong>VlI,</strong></span> <span class='ocrx_word' id='word_1_409' title='bbox 786 2831 840 2885; x_wconf 91' lang='lat' dir='ltr'><strong>p.</strong></span> <span class='ocrx_word' id='word_1_410' title='bbox 879 2816 913 2871; x_wconf 88' lang='grc'><strong>5</strong></span> <span class='ocrx_word' id='word_1_411' title='bbox 964 2814 1040 2887; x_wconf 91' lang='lat' dir='ltr'><strong>[p.</strong></span> <span class='ocrx_word' id='word_1_412' title='bbox 1073 2816 1199 2871; x_wconf 88' lang='grc'><strong>259.</strong></span> <span class='ocrx_word' id='word_1_413' title='bbox 1231 2816 1374 2871; x_wconf 85' lang='lat' dir='ltr'><strong>Koll.</strong></span> <span class='ocrx_word' id='word_1_414' title='bbox 1433 2833 1488 2870; x_wconf 92' lang='lat' dir='ltr'><strong>n.</strong></span> <span class='ocrx_word' id='word_1_415' title='bbox 1543 2814 1600 2882; x_wconf 87' lang='lat'><strong>5,</strong></span> <span class='ocrx_word' id='word_1_416' title='bbox 1630 2816 1751 2872; x_wconf 87' lang='lat' dir='ltr'><strong>eod.</strong></span> <span class='ocrx_word' id='word_1_417' title='bbox 1788 2814 1876 2879; x_wconf 86' lang='lat'><strong>68,</strong></span> <span class='ocrx_word' id='word_1_418' title='bbox 1927 2824 1967 2867; x_wconf 88' lang='lat' dir='ltr'><strong>el</strong></span> 
     </span>
    </p>
   </div>
   <div class='ocr_carea' id='block_1_41' title="bbox 1986 2806 3605 2887">
    <p class='ocr_par' dir='ltr' id='par_1_41' title="bbox 2034 2806 3605 2879">
     <span class='ocr_line' id='line_1_41' title="bbox 2034 2806 3605 2879; baseline -0.003 -12"><span class='ocrx_word' id='word_1_419' title='bbox 2034 2813 2272 2867; x_wconf 87' lang='lat' dir='ltr'><strong>Bandin.</strong></span> <span class='ocrx_word' id='word_1_420' title='bbox 2332 2811 2455 2867; x_wconf 89' lang='lat' dir='ltr'><strong>Cat.</strong></span> <span class='ocrx_word' id='word_1_421' title='bbox 2517 2810 2675 2871; x_wconf 83' lang='lat' dir='ltr'><strong>citat.</strong></span> <span class='ocrx_word' id='word_1_422' title='bbox 2702 2808 2793 2877; x_wconf 92' lang='grc'><strong>111,</strong></span> <span class='ocrx_word' id='word_1_423' title='bbox 2830 2826 2883 2879; x_wconf 92' lang='lat' dir='ltr'><strong>p.</strong></span> <span class='ocrx_word' id='word_1_424' title='bbox 2928 2810 3054 2875; x_wconf 86' lang='lat'><strong>106,</strong></span> <span class='ocrx_word' id='word_1_425' title='bbox 3087 2825 3144 2864; x_wconf 91' lang='lat' dir='ltr'><strong>n.</strong></span> <span class='ocrx_word' id='word_1_426' title='bbox 3178 2808 3273 2874; x_wconf 89' lang='lat'><strong>21,</strong></span> <span class='ocrx_word' id='word_1_427' title='bbox 3317 2807 3443 2863; x_wconf 91' lang='lat' dir='ltr'><strong>cod.</strong></span> <span class='ocrx_word' id='word_1_428' title='bbox 3516 2806 3605 2873; x_wconf 86' lang='grc'><strong>15,</strong></span> 
     </span>
    </p>
   </div>
   <div class='ocr_carea' id='block_1_42' title="bbox 350 2900 638 2974">
    <p class='ocr_par' dir='ltr' id='par_1_42' title="bbox 350 2900 638 2974">
     <span class='ocr_line' id='line_1_42' title="bbox 350 2900 638 2974; baseline -0.007 -17"><span class='ocrx_word' id='word_1_429' title='bbox 350 2902 490 2973; x_wconf 86' lang='lat' dir='ltr'><strong>plut.</strong></span> <span class='ocrx_word' id='word_1_430' title='bbox 524 2900 638 2974; x_wconf 88' lang='lat'><strong>74].</strong></span> 
     </span>
    </p>
   </div>
   <div class='ocr_carea' id='block_1_43' title="bbox 421 2984 2040 3059">
    <p class='ocr_par' dir='ltr' id='par_1_43' title="bbox 421 2987 2040 3059">
     <span class='ocr_line' id='line_1_43' title="bbox 421 2987 2040 3059; baseline 0 -17"><span class='ocrx_word' id='word_1_431' title='bbox 421 2988 511 3044; x_wconf 87' lang='grc'><strong>21.</strong></span> <span class='ocrx_word' id='word_1_432' title='bbox 544 2987 734 3057; x_wconf 86' lang='lat' dir='ltr'><strong>Capita</strong></span> <span class='ocrx_word' id='word_1_433' title='bbox 764 2988 1022 3054; x_wconf 81' lang='lat' dir='ltr'><strong>LXVIII,</strong></span> <span class='ocrx_word' id='word_1_434' title='bbox 1053 2999 1237 3044; x_wconf 86' lang='lat' dir='ltr'><strong>contra</strong></span> <span class='ocrx_word' id='word_1_435' title='bbox 1263 2988 1487 3044; x_wconf 74' lang='lat' dir='ltr'><strong>hwresin</strong></span> <span class='ocrx_word' id='word_1_436' title='bbox 1519 2989 1991 3059; x_wconf 78' lang='lat' dir='ltr'><strong>Acindynistarum</strong></span> <span class='ocrx_word' id='word_1_437' title='bbox 2018 3004 2040 3042; x_wconf 88' lang='lat' dir='ltr'><strong>Il</strong></span> 
     </span>
    </p>
   </div>
   <div class='ocr_carea' id='block_1_44' title="bbox 1991 2984 3610 3059">
    <p class='ocr_par' dir='ltr' id='par_1_44' title="bbox 2018 2984 3610 3055">
     <span class='ocr_line' id='line_1_44' title="bbox 2018 2984 3610 3055; baseline -0.004 -14"><span class='ocrx_word' id='word_1_438' title='bbox 2018 3002 2120 3042; x_wconf 90' lang='lat' dir='ltr'><strong>ms.</strong></span> <span class='ocrx_word' id='word_1_439' title='bbox 2153 2987 2205 3041; x_wconf 92' lang='lat' dir='ltr'><strong>in</strong></span> <span class='ocrx_word' id='word_1_440' title='bbox 2233 2986 2364 3041; x_wconf 87' lang='lat' dir='ltr'><strong>bibl.</strong></span> <span class='ocrx_word' id='word_1_441' title='bbox 2395 2986 2667 3049; x_wconf 77' lang='lat' dir='ltr'><strong>Czesarea,</strong></span> <span class='ocrx_word' id='word_1_442' title='bbox 2700 2985 2868 3054; x_wconf 89' lang='lat' dir='ltr'><strong>incip.</strong></span> <span class='ocrx_word' id='word_1_443' title='bbox 2900 2986 3046 3055; x_wconf 82' lang='grc' dir='ltr'>Κεφ.</span> <span class='ocrx_word' id='word_1_444' title='bbox 3079 2991 3150 3050; x_wconf 84' lang='grc' dir='ltr'><strong>α’,</strong></span> <span class='ocrx_word' id='word_1_445' title='bbox 3182 2984 3244 3039; x_wconf 75' lang='grc' dir='ltr'><strong>ΕΞ</strong></span> <span class='ocrx_word' id='word_1_446' title='bbox 3273 2984 3610 3038; x_wconf 76' lang='grc' dir='ltr'>ταυτὸνὲστι</span> 
     </span>
    </p>
   </div>
   <div class='ocr_carea' id='block_1_45' title="bbox 349 3064 1968 3147">
    <p class='ocr_par' dir='ltr' id='par_1_45' title="bbox 349 3064 1933 3147">
     <span class='ocr_line' id='line_1_45' title="bbox 349 3064 1933 3147; baseline -0.001 -18"><span class='ocrx_word' id='word_1_447' title='bbox 349 3076 489 3130; x_wconf 87' lang='grc' dir='ltr'><strong>Θεοῦ</strong></span> <span class='ocrx_word' id='word_1_448' title='bbox 522 3077 680 3131; x_wconf 80' lang='grc' dir='ltr'>οὐσία</span> <span class='ocrx_word' id='word_1_449' title='bbox 715 3078 812 3131; x_wconf 80' lang='grc' dir='ltr'><strong>καὶ</strong></span> <span class='ocrx_word' id='word_1_450' title='bbox 839 3064 1112 3147; x_wconf 73' lang='grc' dir='ltr'>ὲνέργέια.</span> <span class='ocrx_word' id='word_1_451' title='bbox 1154 3075 1410 3132; x_wconf 87' lang='lat' dir='ltr'><strong>Lambec.</strong></span> <span class='ocrx_word' id='word_1_452' title='bbox 1457 3074 1521 3141; x_wconf 87' lang='lat' dir='ltr'><strong>V,</strong></span> <span class='ocrx_word' id='word_1_453' title='bbox 1556 3091 1679 3146; x_wconf 82' lang='lat' dir='ltr'><strong>pag.</strong></span> <span class='ocrx_word' id='word_1_454' title='bbox 1707 3075 1813 3129; x_wconf 81' lang='lat'><strong>226</strong></span> <span class='ocrx_word' id='word_1_455' title='bbox 1850 3077 1933 3147; x_wconf 90' lang='lat' dir='ltr'><strong>[p.</strong></span> 
     </span>
    </p>
   </div>
   <div class='ocr_carea' id='block_1_46' title="bbox 1989 3064 3608 3147">
    <p class='ocr_par' dir='ltr' id='par_1_46' title="bbox 1989 3070 3608 3146">
     <span class='ocr_line' id='line_1_46' title="bbox 1989 3070 3608 3146; baseline -0.002 -17"><span class='ocrx_word' id='word_1_456' title='bbox 1989 3074 2096 3130; x_wconf 76' lang='lat' dir='ltr'><strong>l66.</strong></span> <span class='ocrx_word' id='word_1_457' title='bbox 2134 3075 2345 3131; x_wconf 77' lang='lat' dir='ltr'><strong>Kollar.</strong></span> <span class='ocrx_word' id='word_1_458' title='bbox 2373 3091 2427 3129; x_wconf 92' lang='lat' dir='ltr'><strong>n.</strong></span> <span class='ocrx_word' id='word_1_459' title='bbox 2465 3076 2516 3139; x_wconf 87' lang='lat'><strong>1,</strong></span> <span class='ocrx_word' id='word_1_460' title='bbox 2557 3074 2683 3131; x_wconf 86' lang='lat' dir='ltr'><strong>cod.</strong></span> <span class='ocrx_word' id='word_1_461' title='bbox 2716 3073 2877 3146; x_wconf 81' lang='lat'><strong>278].</strong></span> <span class='ocrx_word' id='word_1_462' title='bbox 2934 3074 3101 3129; x_wconf 82' lang='lat' dir='ltr'><strong>Marci</strong></span> <span class='ocrx_word' id='word_1_463' title='bbox 3134 3073 3381 3144; x_wconf 87' lang='lat' dir='ltr'><strong>archiep.</strong></span> <span class='ocrx_word' id='word_1_464' title='bbox 3409 3070 3608 3141; x_wconf 82' lang='lat' dir='ltr'><strong>Ephesi</strong></span> 
     </span>
    </p>
   </div>
   <div class='ocr_carea' id='block_1_47' title="bbox 350 3154 3611 3235">
    <p class='ocr_par' dir='ltr' id='par_1_47' title="bbox 350 3154 3611 3235">
     <span class='ocr_line' id='line_1_47' title="bbox 350 3154 3611 3235; baseline -0.001 -16"><span class='ocrx_word' id='word_1_465' title='bbox 350 3173 547 3219; x_wconf 84' lang='lat' dir='ltr'><strong>contra</strong></span> <span class='ocrx_word' id='word_1_466' title='bbox 581 3165 898 3229; x_wconf 65' lang='lat' dir='ltr'><strong>haereticos,</strong></span> <span class='ocrx_word' id='word_1_467' title='bbox 954 3165 1145 3222; x_wconf 84' lang='lat' dir='ltr'><strong>Venet.</strong></span> <span class='ocrx_word' id='word_1_468' title='bbox 1209 3165 1262 3219; x_wconf 89' lang='lat' dir='ltr'><strong>in</strong></span> <span class='ocrx_word' id='word_1_469' title='bbox 1326 3164 1463 3219; x_wconf 88' lang='lat' dir='ltr'><strong>bibl.</strong></span> <span class='ocrx_word' id='word_1_470' title='bbox 1511 3164 1680 3220; x_wconf 88' lang='lat' dir='ltr'><strong>Marc.</strong></span> <span class='ocrx_word' id='word_1_471' title='bbox 1740 3178 1856 3219; x_wconf 90' lang='lat' dir='ltr'><strong>sec.</strong></span> <span class='ocrx_word' id='word_1_472' title='bbox 1920 3154 2224 3220; x_wconf 80' lang='lat' dir='ltr'><strong>Muntfauc.</strong></span> <span class='ocrx_word' id='word_1_473' title='bbox 2258 3164 2401 3220; x_wconf 79' lang='lat' dir='ltr'><strong>Bibl.</strong></span> <span class='ocrx_word' id='word_1_474' title='bbox 2444 3164 2687 3219; x_wconf 79' lang='lat' dir='ltr'><strong>biblioth.</strong></span> <span class='ocrx_word' id='word_1_475' title='bbox 2741 3181 2870 3220; x_wconf 81' lang='lat' dir='ltr'><strong>mss.</strong></span> <span class='ocrx_word' id='word_1_476' title='bbox 2918 3180 2974 3235; x_wconf 86' lang='lat' dir='ltr'><strong>p.</strong></span> <span class='ocrx_word' id='word_1_477' title='bbox 3016 3164 3143 3229; x_wconf 86' lang='lat'><strong>469,</strong></span> <span class='ocrx_word' id='word_1_478' title='bbox 3203 3163 3271 3219; x_wconf 85' lang='lat' dir='ltr'><strong>E.</strong></span> <span class='ocrx_word' id='word_1_479' title='bbox 3299 3193 3370 3204; x_wconf 90' lang='lat'><strong>—</strong></span> <span class='ocrx_word' id='word_1_480' title='bbox 3400 3162 3459 3218; x_wconf 87' lang='lat' dir='ltr'><strong><em>In</em></strong></span> <span class='ocrx_word' id='word_1_481' title='bbox 3484 3164 3611 3217; x_wconf 84' lang='lat' dir='ltr'><strong>cod.</strong></span> 
     </span>
    </p>
   </div>
   <div class='ocr_carea' id='block_1_48' title="bbox 355 3249 3613 3324">
    <p class='ocr_par' dir='ltr' id='par_1_48' title="bbox 355 3249 3613 3324">
     <span class='ocr_line' id='line_1_48' title="bbox 355 3249 3613 3324; baseline -0.001 -16"><span class='ocrx_word' id='word_1_482' title='bbox 355 3249 583 3308; x_wconf 80' lang='lat' dir='ltr'><strong>Coistin.</strong></span> <span class='ocrx_word' id='word_1_483' title='bbox 615 3251 745 3317; x_wconf 89' lang='lat'><strong>288,</strong></span> <span class='ocrx_word' id='word_1_484' title='bbox 773 3252 944 3307; x_wconf 80' lang='lat' dir='ltr'><strong>Marci</strong></span> <span class='ocrx_word' id='word_1_485' title='bbox 982 3252 1228 3307; x_wconf 75' lang='lat' dir='ltr'><strong>monachi</strong></span> <span class='ocrx_word' id='word_1_486' title='bbox 1259 3250 1530 3307; x_wconf 82' lang='lat' dir='ltr'><strong>adversus</strong></span> <span class='ocrx_word' id='word_1_487' title='bbox 1558 3252 1809 3307; x_wconf 86' lang='lat' dir='ltr'><strong>Barlaam</strong></span> <span class='ocrx_word' id='word_1_488' title='bbox 1842 3258 1897 3305; x_wconf 90' lang='lat' dir='ltr'><strong>et</strong></span> <span class='ocrx_word' id='word_1_489' title='bbox 1934 3250 2281 3323; x_wconf 85' lang='lat' dir='ltr'><strong>Acindynum</strong></span> <span class='ocrx_word' id='word_1_490' title='bbox 2337 3267 2532 3323; x_wconf 88' lang='lat' dir='ltr'><strong>opusc.</strong></span> <span class='ocrx_word' id='word_1_491' title='bbox 2570 3252 2717 3324; x_wconf 84' lang='lat' dir='ltr'><strong>quod</strong></span> <span class='ocrx_word' id='word_1_492' title='bbox 2761 3268 2845 3324; x_wconf 79' lang='lat' dir='ltr'><strong>gr.</strong></span> <span class='ocrx_word' id='word_1_493' title='bbox 2895 3263 2949 3310; x_wconf 88' lang='lat' dir='ltr'><strong>ct</strong></span> <span class='ocrx_word' id='word_1_494' title='bbox 2981 3252 3077 3308; x_wconf 86' lang='lat' dir='ltr'><strong>lat.</strong></span> <span class='ocrx_word' id='word_1_495' title='bbox 3109 3252 3278 3308; x_wconf 87' lang='lat' dir='ltr'><strong>edidit</strong></span> <span class='ocrx_word' id='word_1_496' title='bbox 3310 3249 3613 3307; x_wconf 69' lang='lat' dir='ltr'><strong>Montl‘auc.</strong></span> 
     </span>
    </p>
   </div>
   <div class='ocr_carea' id='block_1_49' title="bbox 354 3338 2445 3411">
    <p class='ocr_par' dir='ltr' id='par_1_49' title="bbox 354 3338 2445 3411">
     <span class='ocr_line' id='line_1_49' title="bbox 354 3338 2445 3411; baseline -0.001 -16"><span class='ocrx_word' id='word_1_497' title='bbox 354 3340 411 3395; x_wconf 92' lang='lat' dir='ltr'><strong>in</strong></span> <span class='ocrx_word' id='word_1_498' title='bbox 439 3339 572 3395; x_wconf 90' lang='lat' dir='ltr'><strong>bibl.</strong></span> <span class='ocrx_word' id='word_1_499' title='bbox 616 3339 847 3396; x_wconf 87' lang='lat' dir='ltr'><strong>Coislin.</strong></span> <span class='ocrx_word' id='word_1_500' title='bbox 877 3354 933 3411; x_wconf 89' lang='lat' dir='ltr'><strong>p.</strong></span> <span class='ocrx_word' id='word_1_501' title='bbox 960 3341 1086 3407; x_wconf 83' lang='lat'><strong>404,</strong></span> <span class='ocrx_word' id='word_1_502' title='bbox 1122 3356 1245 3408; x_wconf 82' lang='lat' dir='ltr'><strong>sqq.</strong></span> <span class='ocrx_word' id='word_1_503' title='bbox 1270 3338 1435 3395; x_wconf 75' lang='lat' dir='ltr'><strong>Cani.</strong></span> <span class='ocrx_word' id='word_1_504' title='bbox 1471 3355 1663 3407; x_wconf 80' lang='lat' dir='ltr'><strong>supra,</strong></span> <span class='ocrx_word' id='word_1_505' title='bbox 1702 3342 1755 3393; x_wconf 92' lang='lat' dir='ltr'><strong>in</strong></span> <span class='ocrx_word' id='word_1_506' title='bbox 1788 3339 1845 3394; x_wconf 92' lang='lat' dir='ltr'><strong>h.</strong></span> <span class='ocrx_word' id='word_1_507' title='bbox 1877 3340 1983 3395; x_wconf 86' lang='lat' dir='ltr'><strong>vel.</strong></span> <span class='ocrx_word' id='word_1_508' title='bbox 2022 3355 2076 3410; x_wconf 88' lang='lat' dir='ltr'><strong>p.</strong></span> <span class='ocrx_word' id='word_1_509' title='bbox 2114 3340 2239 3394; x_wconf 87' lang='lat'><strong>507.</strong></span> <span class='ocrx_word' id='word_1_510' title='bbox 2275 3339 2445 3395; x_wconf 55' lang='lat' dir='ltr'><strong>Hane.</strong></span> 
     </span>
    </p>
   </div>
   <div class='ocr_carea' id='block_1_50' title="bbox 422 3417 3616 3497">
    <p class='ocr_par' dir='ltr' id='par_1_50' title="bbox 422 3417 3616 3497">
     <span class='ocr_line' id='line_1_50' title="bbox 422 3417 3616 3497; baseline 0.001 -18"><span class='ocrx_word' id='word_1_511' title='bbox 422 3426 514 3481; x_wconf 89' lang='lat'><strong>22.</strong></span> <span class='ocrx_word' id='word_1_512' title='bbox 555 3427 797 3483; x_wconf 69' lang='lat' dir='ltr'><strong>Conone:</strong></span> <span class='ocrx_word' id='word_1_513' title='bbox 828 3438 946 3483; x_wconf 82' lang='lat' dir='ltr'><strong>octo</strong></span> <span class='ocrx_word' id='word_1_514' title='bbox 977 3430 1034 3482; x_wconf 88' lang='lat' dir='ltr'><strong>in</strong></span> <span class='ocrx_word' id='word_1_515' title='bbox 1066 3426 1125 3482; x_wconf 91' lang='lat' dir='ltr'><strong>S.</strong></span> <span class='ocrx_word' id='word_1_516' title='bbox 1169 3426 1441 3497; x_wconf 85' lang='lat' dir='ltr'><strong>Virginem</strong></span> <span class='ocrx_word' id='word_1_517' title='bbox 1494 3426 1781 3496; x_wconf 82' lang='lat' dir='ltr'><strong>Deiparam</strong></span> <span class='ocrx_word' id='word_1_518' title='bbox 1827 3435 1884 3482; x_wconf 88' lang='lat' dir='ltr'><strong>et</strong></span> <span class='ocrx_word' id='word_1_519' title='bbox 1938 3427 2042 3481; x_wconf 86' lang='lat' dir='ltr'><strong>duo</strong></span> <span class='ocrx_word' id='word_1_520' title='bbox 2071 3428 2282 3482; x_wconf 79' lang='lat' dir='ltr'><strong>cantica</strong></span> <span class='ocrx_word' id='word_1_521' title='bbox 2329 3428 2386 3481; x_wconf 89' lang='lat' dir='ltr'><strong>in</strong></span> <span class='ocrx_word' id='word_1_522' title='bbox 2414 3425 2488 3484; x_wconf 87' lang='lat' dir='ltr'><strong>‘S.</strong></span> <span class='ocrx_word' id='word_1_523' title='bbox 2535 3417 2876 3495; x_wconf 76' lang='lat' dir='ltr'><strong>Trinitatem,</strong></span> <span class='ocrx_word' id='word_1_524' title='bbox 2938 3443 3043 3483; x_wconf 88' lang='lat' dir='ltr'><strong>ms.</strong></span> <span class='ocrx_word' id='word_1_525' title='bbox 3075 3428 3129 3483; x_wconf 90' lang='lat' dir='ltr'><strong>in</strong></span> <span class='ocrx_word' id='word_1_526' title='bbox 3175 3428 3311 3485; x_wconf 92' lang='lat' dir='ltr'><strong>bibl.</strong></span> <span class='ocrx_word' id='word_1_527' title='bbox 3340 3428 3616 3491; x_wconf 66' lang='lat' dir='ltr'><strong>Caesarea,</strong></span> 
     </span>
    </p>
   </div>
   <div class='ocr_carea' id='block_1_51' title="bbox 359 3512 1978 3588">
    <p class='ocr_par' dir='ltr' id='par_1_51' title="bbox 359 3512 1951 3583">
     <span class='ocr_line' id='line_1_51' title="bbox 359 3512 1951 3583; baseline -0.001 -16"><span class='ocrx_word' id='word_1_528' title='bbox 359 3512 525 3582; x_wconf 84' lang='lat' dir='ltr'><strong>incip.</strong></span> <span class='ocrx_word' id='word_1_529' title='bbox 551 3513 882 3583; x_wconf 80' lang='grc' dir='ltr'>Ἀρχόμενος</span> <span class='ocrx_word' id='word_1_530' title='bbox 909 3515 1151 3583; x_wconf 79' lang='grc' dir='ltr'>σήμερον</span> <span class='ocrx_word' id='word_1_531' title='bbox 1187 3513 1281 3566; x_wconf 84' lang='grc' dir='ltr'><strong>τοῦ</strong></span> <span class='ocrx_word' id='word_1_532' title='bbox 1313 3514 1652 3568; x_wconf 77' lang='grc' dir='ltr'>τελευταίου.</span> <span class='ocrx_word' id='word_1_533' title='bbox 1690 3513 1951 3568; x_wconf 87' lang='lat' dir='ltr'><strong>Lambec.</strong></span> 
     </span>
    </p>
   </div>
   <div class='ocr_carea' id='block_1_52' title="bbox 1997 3512 3616 3588">
    <p class='ocr_par' dir='ltr' id='par_1_52' title="bbox 2010 3512 3616 3588">
     <span class='ocr_line' id='line_1_52' title="bbox 2010 3512 3616 3588; baseline 0 -20"><span class='ocrx_word' id='word_1_534' title='bbox 2010 3512 2074 3577; x_wconf 91' lang='lat' dir='ltr'><strong>V,</strong></span> <span class='ocrx_word' id='word_1_535' title='bbox 2110 3529 2163 3583; x_wconf 91' lang='lat' dir='ltr'><strong>p.</strong></span> <span class='ocrx_word' id='word_1_536' title='bbox 2201 3514 2308 3569; x_wconf 81' lang='lat'><strong>284</strong></span> <span class='ocrx_word' id='word_1_537' title='bbox 2356 3513 2435 3584; x_wconf 92' lang='lat' dir='ltr'><strong>[p.</strong></span> <span class='ocrx_word' id='word_1_538' title='bbox 2476 3514 2601 3580; x_wconf 86' lang='lat'><strong>599,</strong></span> <span class='ocrx_word' id='word_1_539' title='bbox 2630 3530 2725 3584; x_wconf 86' lang='lat' dir='ltr'><strong>seq</strong></span> <span class='ocrx_word' id='word_1_540' title='bbox 2775 3514 2912 3570; x_wconf 82' lang='lat' dir='ltr'><strong>Koll.</strong></span> <span class='ocrx_word' id='word_1_541' title='bbox 2950 3519 3072 3570; x_wconf 89' lang='lat' dir='ltr'><strong>cod.</strong></span> <span class='ocrx_word' id='word_1_542' title='bbox 3134 3515 3291 3588; x_wconf 73' lang='lat'><strong>524].</strong></span> <span class='ocrx_word' id='word_1_543' title='bbox 3342 3516 3520 3571; x_wconf 86' lang='lat' dir='ltr'><strong>Paris.</strong></span> <span class='ocrx_word' id='word_1_544' title='bbox 3562 3517 3616 3568; x_wconf 90' lang='lat' dir='ltr'><strong>in</strong></span> 
     </span>
    </p>
   </div>
   <div class='ocr_carea' id='block_1_53' title="bbox 356 3599 3621 3672">
    <p class='ocr_par' dir='ltr' id='par_1_53' title="bbox 356 3599 3621 3672">
     <span class='ocr_line' id='line_1_53' title="bbox 356 3599 3621 3672; baseline 0 -17"><span class='ocrx_word' id='word_1_545' title='bbox 356 3599 492 3655; x_wconf 87' lang='lat' dir='ltr'><strong>bibl.</strong></span> <span class='ocrx_word' id='word_1_546' title='bbox 524 3599 673 3670; x_wconf 78' lang='lat' dir='ltr'><strong>publ.</strong></span> <span class='ocrx_word' id='word_1_547' title='bbox 703 3599 868 3664; x_wconf 88' lang='grc'><strong>2075,</strong></span> <span class='ocrx_word' id='word_1_548' title='bbox 910 3600 1065 3669; x_wconf 88' lang='lat' dir='ltr'><strong>plura</strong></span> <span class='ocrx_word' id='word_1_549' title='bbox 1126 3609 1281 3662; x_wconf 89' lang='lat' dir='ltr'><strong>sunt,</strong></span> <span class='ocrx_word' id='word_1_550' title='bbox 1314 3617 1435 3670; x_wconf 71' lang='lat' dir='ltr'><strong>qua:</strong></span> <span class='ocrx_word' id='word_1_551' title='bbox 1467 3601 1781 3656; x_wconf 87' lang='lat' dir='ltr'><strong>smnmatim</strong></span> <span class='ocrx_word' id='word_1_552' title='bbox 1810 3600 2087 3668; x_wconf 87' lang='lat' dir='ltr'><strong>indicabo,</strong></span> <span class='ocrx_word' id='word_1_553' title='bbox 2112 3616 2170 3655; x_wconf 89' lang='lat' dir='ltr'><strong>n.</strong></span> <span class='ocrx_word' id='word_1_554' title='bbox 2205 3600 2299 3664; x_wconf 88' lang='grc'><strong>25,</strong></span> <span class='ocrx_word' id='word_1_555' title='bbox 2340 3601 2504 3655; x_wconf 86' lang='lat' dir='ltr'><strong>Marci</strong></span> <span class='ocrx_word' id='word_1_556' title='bbox 2536 3602 2733 3672; x_wconf 85' lang='lat' dir='ltr'><strong>Ephesi</strong></span> <span class='ocrx_word' id='word_1_557' title='bbox 2770 3602 3009 3670; x_wconf 88' lang='lat' dir='ltr'><strong>Epistola</strong></span> <span class='ocrx_word' id='word_1_558' title='bbox 3044 3604 3108 3656; x_wconf 89' lang='lat' dir='ltr'><strong>ad</strong></span> <span class='ocrx_word' id='word_1_559' title='bbox 3152 3618 3425 3657; x_wconf 88' lang='lat' dir='ltr'><strong>summum</strong></span> <span class='ocrx_word' id='word_1_560' title='bbox 3487 3618 3621 3672; x_wconf 89' lang='lat' dir='ltr'><strong>pon-</strong></span> 
     </span>
    </p>
   </div>
   <div class='ocr_carea' id='block_1_54' title="bbox 360 3685 3619 3757">
    <p class='ocr_par' dir='ltr' id='par_1_54' title="bbox 360 3685 3619 3757">
     <span class='ocr_line' id='line_1_54' title="bbox 360 3685 3619 3757; baseline 0.001 -18"><span class='ocrx_word' id='word_1_561' title='bbox 360 3687 580 3741; x_wconf 82' lang='lat' dir='ltr'><strong>tiﬁcem.</strong></span> <span class='ocrx_word' id='word_1_562' title='bbox 612 3719 680 3732; x_wconf 83' lang='lat'><strong>-—-</strong></span> <span class='ocrx_word' id='word_1_563' title='bbox 714 3686 784 3742; x_wconf 85' lang='grc' dir='ltr'><strong>Ν.</strong></span> <span class='ocrx_word' id='word_1_564' title='bbox 827 3688 918 3751; x_wconf 88' lang='lat'><strong>26,</strong></span> <span class='ocrx_word' id='word_1_565' title='bbox 967 3686 1245 3743; x_wconf 82' lang='lat' dir='ltr'><strong>Professio</strong></span> <span class='ocrx_word' id='word_1_566' title='bbox 1299 3688 1460 3753; x_wconf 89' lang='lat' dir='ltr'><strong>lidei;</strong></span> <span class='ocrx_word' id='word_1_567' title='bbox 1490 3718 1557 3729; x_wconf 94' lang='lat'><strong>—</strong></span> <span class='ocrx_word' id='word_1_568' title='bbox 1586 3688 1647 3741; x_wconf 83' lang='grc' dir='ltr'><strong>Ν.</strong></span> <span class='ocrx_word' id='word_1_569' title='bbox 1682 3688 1772 3752; x_wconf 90' lang='grc'><strong>27,</strong></span> <span class='ocrx_word' id='word_1_570' title='bbox 1841 3686 2098 3742; x_wconf 90' lang='lat' dir='ltr'><strong>Carmina</strong></span> <span class='ocrx_word' id='word_1_571' title='bbox 2131 3686 2282 3741; x_wconf 89' lang='lat' dir='ltr'><strong>varia</strong></span> <span class='ocrx_word' id='word_1_572' title='bbox 2336 3687 2403 3741; x_wconf 88' lang='lat' dir='ltr'><strong>ad</strong></span> <span class='ocrx_word' id='word_1_573' title='bbox 2468 3685 2829 3757; x_wconf 87' lang='lat' dir='ltr'><strong>Euthymium</strong></span> <span class='ocrx_word' id='word_1_574' title='bbox 2867 3687 3235 3756; x_wconf 85' lang='lat' dir='ltr'><strong>patriarcham</strong></span> <span class='ocrx_word' id='word_1_575' title='bbox 3265 3704 3278 3749; x_wconf 83' lang='lat'>;</span> <span class='ocrx_word' id='word_1_576' title='bbox 3309 3716 3379 3726; x_wconf 90' lang='lat'><strong><em>—</em></strong></span> <span class='ocrx_word' id='word_1_577' title='bbox 3411 3686 3476 3741; x_wconf 91' lang='lat' dir='ltr'><strong>N.</strong></span> <span class='ocrx_word' id='word_1_578' title='bbox 3526 3688 3619 3750; x_wconf 89' lang='lat'><strong>28,</strong></span> 
     </span>
    </p>
   </div>
   <div class='ocr_carea' id='block_1_55' title="bbox 359 3770 3616 3847">
    <p class='ocr_par' dir='ltr' id='par_1_55' title="bbox 359 3770 3616 3847">
     <span class='ocr_line' id='line_1_55' title="bbox 359 3770 3616 3847; baseline 0 -20"><span class='ocrx_word' id='word_1_579' title='bbox 359 3773 647 3844; x_wconf 78' lang='lat' dir='ltr'><strong>Expositio</strong></span> <span class='ocrx_word' id='word_1_580' title='bbox 673 3775 947 3847; x_wconf 87' lang='lat' dir='ltr'><strong>symboli;</strong></span> <span class='ocrx_word' id='word_1_581' title='bbox 983 3792 1039 3829; x_wconf 92' lang='lat' dir='ltr'><strong>n.</strong></span> <span class='ocrx_word' id='word_1_582' title='bbox 1079 3775 1173 3839; x_wconf 88' lang='lat'><strong>29,</strong></span> <span class='ocrx_word' id='word_1_583' title='bbox 1204 3773 1395 3846; x_wconf 83' lang='lat' dir='ltr'><strong>hymni</strong></span> <span class='ocrx_word' id='word_1_584' title='bbox 1434 3775 1489 3829; x_wconf 86' lang='lat' dir='ltr'><strong>in</strong></span> <span class='ocrx_word' id='word_1_585' title='bbox 1530 3774 1854 3842; x_wconf 82' lang='lat' dir='ltr'><strong>Deiparam;</strong></span> <span class='ocrx_word' id='word_1_586' title='bbox 1886 3803 1955 3816; x_wconf 91' lang='lat'><strong><em>—-</em></strong></span> <span class='ocrx_word' id='word_1_587' title='bbox 1988 3774 2053 3831; x_wconf 83' lang='lat' dir='ltr'><strong>N.</strong></span> <span class='ocrx_word' id='word_1_588' title='bbox 2086 3775 2177 3840; x_wconf 83' lang='lat'><strong>50,</strong></span> <span class='ocrx_word' id='word_1_589' title='bbox 2228 3770 2462 3828; x_wconf 76' lang='lat' dir='ltr'><strong>liomilia</strong></span> <span class='ocrx_word' id='word_1_590' title='bbox 2522 3775 2575 3827; x_wconf 91' lang='lat' dir='ltr'><strong>in</strong></span> <span class='ocrx_word' id='word_1_591' title='bbox 2617 3775 2921 3829; x_wconf 80' lang='lat' dir='ltr'><strong>orationem</strong></span> <span class='ocrx_word' id='word_1_592' title='bbox 2970 3774 3338 3828; x_wconf 84' lang='lat' dir='ltr'><strong>Dominicam.</strong></span> <span class='ocrx_word' id='word_1_593' title='bbox 3395 3773 3455 3827; x_wconf 80' lang='lat' dir='ltr'><strong>in</strong></span> <span class='ocrx_word' id='word_1_594' title='bbox 3492 3775 3616 3828; x_wconf 89' lang='lat' dir='ltr'><strong>eod.</strong></span> 
     </span>
    </p>
   </div>
   <div class='ocr_carea' id='block_1_56' title="bbox 361 3860 2029 3933">
    <p class='ocr_par' dir='ltr' id='par_1_56' title="bbox 361 3860 2029 3933">
     <span class='ocr_line' id='line_1_56' title="bbox 361 3860 2029 3933; baseline 0.002 -19"><span class='ocrx_word' id='word_1_595' title='bbox 361 3862 487 3917; x_wconf 90' lang='lat' dir='ltr'><strong>cod.</strong></span> <span class='ocrx_word' id='word_1_596' title='bbox 523 3860 694 3918; x_wconf 89' lang='lat' dir='ltr'><strong>multa</strong></span> <span class='ocrx_word' id='word_1_597' title='bbox 730 3861 959 3918; x_wconf 79' lang='lat' dir='ltr'><strong>Joannis</strong></span> <span class='ocrx_word' id='word_1_598' title='bbox 984 3860 1246 3933; x_wconf 84' lang='lat' dir='ltr'><strong>Eugenici</strong></span> <span class='ocrx_word' id='word_1_599' title='bbox 1277 3876 1477 3933; x_wconf 90' lang='lat' dir='ltr'><strong>opusc.</strong></span> <span class='ocrx_word' id='word_1_600' title='bbox 1522 3861 2029 3933; x_wconf 84' lang='lat' dir='ltr'><strong>deprehenduntur.</strong></span> 
     </span>
    </p>
   </div>
   <div class='ocr_carea' id='block_1_57' title="bbox 444 3949 2063 4023">
    <p class='ocr_par' dir='ltr' id='par_1_57' title="bbox 444 3949 2063 4022">
     <span class='ocr_line' id='line_1_57' title="bbox 444 3949 2063 4022; baseline -0.001 -19"><span class='ocrx_word' id='word_1_601' title='bbox 444 3949 640 4007; x_wconf 71' lang='lat' dir='ltr'><strong>Versus</strong></span> <span class='ocrx_word' id='word_1_602' title='bbox 698 3952 780 4015; x_wconf 77' lang='lat' dir='ltr'><strong>si;</strong></span> <span class='ocrx_word' id='word_1_603' title='bbox 832 3951 1004 4020; x_wconf 71' lang='grc' dir='ltr'>τάφον</span> <span class='ocrx_word' id='word_1_604' title='bbox 1055 3951 1150 4005; x_wconf 88' lang='grc' dir='ltr'><strong>τοῦ</strong></span> <span class='ocrx_word' id='word_1_605' title='bbox 1198 3950 1524 4005; x_wconf 75' lang='grc' dir='ltr'>διδασκάλου</span> <span class='ocrx_word' id='word_1_606' title='bbox 1578 3949 1749 4021; x_wconf 85' lang='grc' dir='ltr'>κυροῦ</span> <span class='ocrx_word' id='word_1_607' title='bbox 1793 3952 1993 4022; x_wconf 79' lang='grc' dir='ltr'>Ἰωσὴφ</span> <span class='ocrx_word' id='word_1_608' title='bbox 2024 3967 2063 4002; x_wconf 79' lang='grc' dir='ltr'>τι</span> 
     </span>
    </p>
   </div>
   <div class='ocr_carea' id='block_1_58' title="bbox 2000 3949 3619 4023">
    <p class='ocr_par' dir='ltr' id='par_1_58' title="bbox 2024 3949 3619 4023">
     <span class='ocr_line' id='line_1_58' title="bbox 2024 3949 3619 4023; baseline 0.003 -21"><span class='ocrx_word' id='word_1_609' title='bbox 2024 3949 2120 4004; x_wconf 86' lang='grc' dir='ltr'><strong>τοῦ</strong></span> <span class='ocrx_word' id='word_1_610' title='bbox 2167 3950 2498 4023; x_wconf 71' lang='grc' dir='ltr'>Βρυεννίου,</span> <span class='ocrx_word' id='word_1_611' title='bbox 2534 3950 2645 4009; x_wconf 91' lang='lat' dir='ltr'><strong>inc.</strong></span> <span class='ocrx_word' id='word_1_612' title='bbox 2681 3950 2851 4004; x_wconf 81' lang='grc' dir='ltr'>Οὐδέν</span> <span class='ocrx_word' id='word_1_613' title='bbox 2894 3969 2941 4003; x_wconf 85' lang='grc' dir='ltr'><strong>τι</strong></span> <span class='ocrx_word' id='word_1_614' title='bbox 2978 3951 3209 4017; x_wconf 81' lang='grc' dir='ltr'>και·.όν;</span> <span class='ocrx_word' id='word_1_615' title='bbox 3244 3952 3295 4005; x_wconf 91' lang='lat' dir='ltr'><strong>in</strong></span> <span class='ocrx_word' id='word_1_616' title='bbox 3322 3952 3447 4006; x_wconf 90' lang='lat' dir='ltr'><strong>cod.</strong></span> <span class='ocrx_word' id='word_1_617' title='bbox 3475 3951 3619 4006; x_wconf 79' lang='lat' dir='ltr'><strong>Mus-</strong></span> 
     </span>
    </p>
   </div>
   <div class='ocr_carea' id='block_1_59' title="bbox 362 4038 2105 4112">
    <p class='ocr_par' dir='ltr' id='par_1_59' title="bbox 362 4038 2105 4112">
     <span class='ocr_line' id='line_1_59' title="bbox 362 4038 2105 4112; baseline 0.002 -22"><span class='ocrx_word' id='word_1_618' title='bbox 362 4041 558 4109; x_wconf 85' lang='lat' dir='ltr'><strong>qnensi</strong></span> <span class='ocrx_word' id='word_1_619' title='bbox 593 4040 789 4112; x_wconf 84' lang='lat' dir='ltr'><strong>synod.</strong></span> <span class='ocrx_word' id='word_1_620' title='bbox 820 4039 948 4103; x_wconf 88' lang='lat'><strong>297,</strong></span> <span class='ocrx_word' id='word_1_621' title='bbox 980 4056 1035 4094; x_wconf 85' lang='grc' dir='ltr'><strong>η.</strong></span> <span class='ocrx_word' id='word_1_622' title='bbox 1061 4039 1117 4094; x_wconf 90' lang='grc'><strong>2.</strong></span> <span class='ocrx_word' id='word_1_623' title='bbox 1144 4039 1209 4095; x_wconf 89' lang='lat' dir='ltr'><strong>V.</strong></span> <span class='ocrx_word' id='word_1_624' title='bbox 1241 4039 1499 4104; x_wconf 63' lang='lat' dir='ltr'><strong>Matthxi,</strong></span> <span class='ocrx_word' id='word_1_625' title='bbox 1531 4040 1567 4094; x_wconf 96' lang='lat' dir='ltr'><strong>l.</strong></span> <span class='ocrx_word' id='word_1_626' title='bbox 1603 4054 1650 4096; x_wconf 91' lang='lat' dir='ltr'><strong>c.</strong></span> <span class='ocrx_word' id='word_1_627' title='bbox 1684 4055 1739 4110; x_wconf 89' lang='lat' dir='ltr'><strong>p.</strong></span> <span class='ocrx_word' id='word_1_628' title='bbox 1774 4040 1895 4095; x_wconf 89' lang='grc'><strong>192.</strong></span> <span class='ocrx_word' id='word_1_629' title='bbox 1931 4038 2105 4096; x_wconf 68' lang='lat' dir='ltr'><strong>Hane.</strong></span> 
     </span>
    </p>
   </div>
   <div class='ocr_carea' id='block_1_60' title="bbox 432 4124 2051 4197">
    <p class='ocr_par' dir='ltr' id='par_1_60' title="bbox 432 4124 2051 4197">
     <span class='ocr_line' id='line_1_60' title="bbox 432 4124 2051 4197; baseline 0 -18"><span class='ocrx_word' id='word_1_630' title='bbox 432 4125 526 4180; x_wconf 88' lang='grc'><strong>25.</strong></span> <span class='ocrx_word' id='word_1_631' title='bbox 563 4124 746 4180; x_wconf 84' lang='lat' dir='ltr'><strong>Sermo</strong></span> <span class='ocrx_word' id='word_1_632' title='bbox 779 4126 832 4179; x_wconf 89' lang='lat' dir='ltr'><strong>in</strong></span> <span class='ocrx_word' id='word_1_633' title='bbox 879 4124 937 4180; x_wconf 93' lang='lat' dir='ltr'><strong>S.</strong></span> <span class='ocrx_word' id='word_1_634' title='bbox 972 4124 1110 4182; x_wconf 73' lang='lat' dir='ltr'><strong>Elite</strong></span> <span class='ocrx_word' id='word_1_635' title='bbox 1143 4126 1279 4195; x_wconf 78' lang='lat' dir='ltr'><strong>festo</strong></span> <span class='ocrx_word' id='word_1_636' title='bbox 1320 4126 1376 4180; x_wconf 87' lang='lat' dir='ltr'><strong>in</strong></span> <span class='ocrx_word' id='word_1_637' title='bbox 1430 4127 1596 4196; x_wconf 74' lang='lat' dir='ltr'><strong>oﬂicio</strong></span> <span class='ocrx_word' id='word_1_638' title='bbox 1629 4128 1902 4197; x_wconf 83' lang='lat' dir='ltr'><strong>tegendus,</strong></span> <span class='ocrx_word' id='word_1_639' title='bbox 1934 4127 2051 4195; x_wconf 89' lang='lat' dir='ltr'><strong>inci</strong></span> 
     </span>
    </p>
   </div>
   <div class='ocr_carea' id='block_1_61' title="bbox 2001 4124 3620 4197">
    <p class='ocr_par' dir='ltr' id='par_1_61' title="bbox 2001 4124 3620 4197">
     <span class='ocr_line' id='line_1_61' title="bbox 2001 4124 3620 4197; baseline 0 -16"><span class='ocrx_word' id='word_1_640' title='bbox 2001 4127 2104 4197; x_wconf 84' lang='lat' dir='ltr'><strong>cip.</strong></span> <span class='ocrx_word' id='word_1_641' title='bbox 2138 4126 2289 4180; x_wconf 85' lang='grc' dir='ltr'><strong>Ἔδει</strong></span> <span class='ocrx_word' id='word_1_642' title='bbox 2327 4127 2425 4196; x_wconf 79' lang='grc' dir='ltr'>μὲν</span> <span class='ocrx_word' id='word_1_643' title='bbox 2450 4124 2671 4197; x_wconf 81' lang='grc' dir='ltr'><strong>ἀληθῶς</strong></span> <span class='ocrx_word' id='word_1_644' title='bbox 2713 4127 2841 4196; x_wconf 70' lang='grc' dir='ltr'>ἡμῖν</span> <span class='ocrx_word' id='word_1_645' title='bbox 2894 4125 3302 4196; x_wconf 69' lang='grc' dir='ltr'>οὐρανοδρόμου</span> <span class='ocrx_word' id='word_1_646' title='bbox 3332 4127 3425 4180; x_wconf 84' lang='grc' dir='ltr'><strong>τοῦ</strong></span> <span class='ocrx_word' id='word_1_647' title='bbox 3459 4128 3620 4195; x_wconf 83' lang='grc' dir='ltr'>λόγου</span> 
     </span>
    </p>
   </div>
   <div class='ocr_carea' id='block_1_62' title="bbox 371 4211 3623 4284">
    <p class='ocr_par' dir='ltr' id='par_1_62' title="bbox 371 4211 3623 4284">
     <span class='ocr_line' id='line_1_62' title="bbox 371 4211 3623 4284; baseline 0.002 -20"><span class='ocrx_word' id='word_1_648' title='bbox 371 4212 797 4283; x_wconf 83' lang='grc' dir='ltr'>συνεπαρθῆναι.</span> <span class='ocrx_word' id='word_1_649' title='bbox 829 4211 976 4268; x_wconf 85' lang='lat' dir='ltr'><strong>Citat</strong></span> <span class='ocrx_word' id='word_1_650' title='bbox 1005 4212 1304 4284; x_wconf 83' lang='lat' dir='ltr'><strong>Gregorius</strong></span> <span class='ocrx_word' id='word_1_651' title='bbox 1339 4214 1777 4284; x_wconf 87' lang='lat' dir='ltr'><strong>protosyncellus</strong></span> <span class='ocrx_word' id='word_1_652' title='bbox 1808 4213 2071 4284; x_wconf 87' lang='lat' dir='ltr'><strong>Apologia</strong></span> <span class='ocrx_word' id='word_1_653' title='bbox 2097 4222 2288 4268; x_wconf 81' lang='lat' dir='ltr'><strong>contra</strong></span> <span class='ocrx_word' id='word_1_654' title='bbox 2316 4212 2561 4269; x_wconf 87' lang='lat' dir='ltr'><strong>Marcum</strong></span> <span class='ocrx_word' id='word_1_655' title='bbox 2589 4215 2787 4283; x_wconf 85' lang='lat' dir='ltr'><strong>Ephes.</strong></span> <span class='ocrx_word' id='word_1_656' title='bbox 2820 4222 2953 4268; x_wconf 90' lang='lat' dir='ltr'><strong>tom.</strong></span> <span class='ocrx_word' id='word_1_657' title='bbox 2984 4211 3124 4279; x_wconf 76' lang='lat' dir='ltr'><strong>Xlll,</strong></span> <span class='ocrx_word' id='word_1_658' title='bbox 3161 4212 3361 4267; x_wconf 84' lang='lat' dir='ltr'><strong>Concil.</strong></span> <span class='ocrx_word' id='word_1_659' title='bbox 3400 4214 3623 4281; x_wconf 75' lang='lat' dir='ltr'><strong>Labbei,</strong></span> 
     </span>
    </p>
   </div>
   <div class='ocr_carea' id='block_1_63' title="bbox 365 4300 2381 4372">
    <p class='ocr_par' dir='ltr' id='par_1_63' title="bbox 365 4300 2381 4372">
     <span class='ocr_line' id='line_1_63' title="bbox 365 4300 2381 4372; baseline -0 -17"><span class='ocrx_word' id='word_1_660' title='bbox 365 4314 422 4370; x_wconf 81' lang='grc' dir='ltr'>ι).</span> <span class='ocrx_word' id='word_1_661' title='bbox 459 4300 585 4365; x_wconf 84' lang='grc'><strong>802,</strong></span> <span class='ocrx_word' id='word_1_662' title='bbox 614 4310 669 4356; x_wconf 92' lang='lat' dir='ltr'><strong>et</strong></span> <span class='ocrx_word' id='word_1_663' title='bbox 697 4302 1017 4371; x_wconf 87' lang='lat' dir='ltr'><strong>rogantibus</strong></span> <span class='ocrx_word' id='word_1_664' title='bbox 1044 4301 1216 4357; x_wconf 57' lang='lat' dir='ltr'><strong>Creten</strong></span> <span class='ocrx_word' id='word_1_665' title='bbox 1247 4303 1441 4358; x_wconf 89' lang='lat' dir='ltr'><strong>incolis</strong></span> <span class='ocrx_word' id='word_1_666' title='bbox 1473 4302 1737 4372; x_wconf 91' lang='lat' dir='ltr'><strong>scriptum</strong></span> <span class='ocrx_word' id='word_1_667' title='bbox 1774 4303 1843 4357; x_wconf 89' lang='lat' dir='ltr'><strong>ab</strong></span> <span class='ocrx_word' id='word_1_668' title='bbox 1867 4317 1932 4357; x_wconf 92' lang='lat' dir='ltr'><strong>eo</strong></span> <span class='ocrx_word' id='word_1_669' title='bbox 1968 4310 2196 4356; x_wconf 90' lang='lat' dir='ltr'><strong>testatur</strong></span> <span class='ocrx_word' id='word_1_670' title='bbox 2230 4302 2331 4371; x_wconf 77' lang='grc' dir='ltr'><strong>(ά).</strong></span> <span class='ocrx_word' id='word_1_671' title='bbox 2375 4358 2381 4365; x_wconf 67' lang='grc'><strong>,</strong></span> 
     </span>
    </p>
   </div>
   <div class='ocr_carea' id='block_1_64' title="bbox 439 4388 3621 4462">
    <p class='ocr_par' dir='ltr' id='par_1_64' title="bbox 439 4388 3621 4462">
     <span class='ocr_line' id='line_1_64' title="bbox 439 4388 3621 4462; baseline 0 -19"><span class='ocrx_word' id='word_1_672' title='bbox 439 4388 532 4444; x_wconf 88' lang='grc'><strong>24.</strong></span> <span class='ocrx_word' id='word_1_673' title='bbox 564 4388 640 4443; x_wconf 86' lang='lat' dir='ltr'><strong>De</strong></span> <span class='ocrx_word' id='word_1_674' title='bbox 671 4391 903 4445; x_wconf 80' lang='lat' dir='ltr'><strong>hominis</strong></span> <span class='ocrx_word' id='word_1_675' title='bbox 934 4391 1302 4445; x_wconf 80' lang='lat' dir='ltr'><strong>imbecillitate</strong></span> <span class='ocrx_word' id='word_1_676' title='bbox 1332 4399 1600 4447; x_wconf 87' lang='lat' dir='ltr'><strong>tractatus</strong></span> <span class='ocrx_word' id='word_1_677' title='bbox 1629 4390 1726 4460; x_wconf 84' lang='lat' dir='ltr'><strong>(c).</strong></span> <span class='ocrx_word' id='word_1_678' title='bbox 1768 4389 1867 4447; x_wconf 84' lang='lat' dir='ltr'><strong>Ms.</strong></span> <span class='ocrx_word' id='word_1_679' title='bbox 1902 4391 1958 4445; x_wconf 90' lang='lat' dir='ltr'><strong>in</strong></span> <span class='ocrx_word' id='word_1_680' title='bbox 1984 4389 2119 4445; x_wconf 90' lang='lat' dir='ltr'><strong>bibl.</strong></span> <span class='ocrx_word' id='word_1_681' title='bbox 2149 4389 2493 4461; x_wconf 84' lang='lat' dir='ltr'><strong>Augustana.</strong></span> <span class='ocrx_word' id='word_1_682' title='bbox 2527 4390 2618 4462; x_wconf 76' lang='grc' dir='ltr'>[ν.</span> <span class='ocrx_word' id='word_1_683' title='bbox 2661 4390 2874 4446; x_wconf 79' lang='lat' dir='ltr'><strong>Rciseri</strong></span> <span class='ocrx_word' id='word_1_684' title='bbox 2908 4388 3025 4445; x_wconf 88' lang='lat' dir='ltr'><strong>Ind.</strong></span> <span class='ocrx_word' id='word_1_685' title='bbox 3057 4405 3189 4444; x_wconf 88' lang='lat' dir='ltr'><strong>mss.</strong></span> <span class='ocrx_word' id='word_1_686' title='bbox 3229 4390 3359 4445; x_wconf 91' lang='lat' dir='ltr'><strong>bibl.</strong></span> <span class='ocrx_word' id='word_1_687' title='bbox 3390 4388 3621 4461; x_wconf 84' lang='lat' dir='ltr'><strong>August.</strong></span> 
     </span>
    </p>
   </div>
   <div class='ocr_carea' id='block_1_65' title="bbox 370 4476 776 4549">
    <p class='ocr_par' dir='ltr' id='par_1_65' title="bbox 370 4476 776 4549">
     <span class='ocr_line' id='line_1_65' title="bbox 370 4476 776 4549; baseline 0 -17"><span class='ocrx_word' id='word_1_688' title='bbox 370 4492 425 4547; x_wconf 90' lang='lat' dir='ltr'><strong>p.</strong></span> <span class='ocrx_word' id='word_1_689' title='bbox 454 4476 546 4533; x_wconf 88' lang='lat'><strong>89.</strong></span> <span class='ocrx_word' id='word_1_690' title='bbox 584 4477 776 4549; x_wconf 57' lang='lat' dir='ltr'><strong>Iliam]</strong></span> 
     </span>
    </p>
   </div>
   <div class='ocr_carea' id='block_1_66' title="bbox 436 4564 3624 4640">
    <p class='ocr_par' dir='ltr' id='par_1_66' title="bbox 436 4564 3624 4640">
     <span class='ocr_line' id='line_1_66' title="bbox 436 4564 3624 4640; baseline 0.002 -20"><span class='ocrx_word' id='word_1_691' title='bbox 436 4564 530 4620; x_wconf 88' lang='grc'><strong>25.</strong></span> <span class='ocrx_word' id='word_1_692' title='bbox 560 4566 623 4621; x_wconf 86' lang='lat' dir='ltr'><strong><em>In</em></strong></span> <span class='ocrx_word' id='word_1_693' title='bbox 653 4569 945 4622; x_wconf 79' lang='lat' dir='ltr'><strong>orationem</strong></span> <span class='ocrx_word' id='word_1_694' title='bbox 992 4565 1326 4622; x_wconf 87' lang='lat' dir='ltr'><strong>Dominicam</strong></span> <span class='ocrx_word' id='word_1_695' title='bbox 1395 4584 1498 4625; x_wconf 93' lang='lat' dir='ltr'><strong>ms.</strong></span> <span class='ocrx_word' id='word_1_696' title='bbox 1538 4568 1593 4623; x_wconf 93' lang='lat' dir='ltr'><strong>In</strong></span> <span class='ocrx_word' id='word_1_697' title='bbox 1628 4568 1761 4624; x_wconf 91' lang='lat' dir='ltr'><strong>bibl.</strong></span> <span class='ocrx_word' id='word_1_698' title='bbox 1827 4567 2102 4634; x_wconf 69' lang='lat' dir='ltr'><strong>Cresarea&#39;,</strong></span> <span class='ocrx_word' id='word_1_699' title='bbox 2137 4576 2275 4624; x_wconf 91' lang='lat' dir='ltr'><strong>teste</strong></span> <span class='ocrx_word' id='word_1_700' title='bbox 2335 4565 2607 4623; x_wconf 78' lang='lat' dir='ltr'><strong>Nesselio.</strong></span> <span class='ocrx_word' id='word_1_701' title='bbox 2671 4566 2838 4623; x_wconf 75' lang='lat' dir='ltr'><strong>FABB.</strong></span> <span class='ocrx_word' id='word_1_702' title='bbox 2885 4569 3029 4624; x_wconf 82' lang='lat' dir='ltr'><strong>Part.</strong></span> <span class='ocrx_word' id='word_1_703' title='bbox 3083 4586 3153 4635; x_wconf 77' lang='lat' dir='ltr'><strong>tv,</strong></span> <span class='ocrx_word' id='word_1_704' title='bbox 3188 4585 3242 4640; x_wconf 90' lang='lat' dir='ltr'><strong>p.</strong></span> <span class='ocrx_word' id='word_1_705' title='bbox 3276 4570 3401 4637; x_wconf 88' lang='lat'><strong>110,</strong></span> <span class='ocrx_word' id='word_1_706' title='bbox 3438 4588 3492 4626; x_wconf 84' lang='grc' dir='ltr'><strong>η.</strong></span> <span class='ocrx_word' id='word_1_707' title='bbox 3537 4572 3624 4637; x_wconf 87' lang='grc'><strong>15,</strong></span> 
     </span>
    </p>
   </div>
   <div class='ocr_carea' id='block_1_67' title="bbox 369 4652 1375 4709">
    <p class='ocr_par' dir='ltr' id='par_1_67' title="bbox 369 4652 1375 4709">
     <span class='ocr_line' id='line_1_67' title="bbox 369 4652 1375 4709; baseline 0 -1"><span class='ocrx_word' id='word_1_708' title='bbox 369 4653 493 4708; x_wconf 84' lang='lat' dir='ltr'><strong>cod.</strong></span> <span class='ocrx_word' id='word_1_709' title='bbox 526 4652 650 4709; x_wconf 84' lang='lat'><strong>195.</strong></span> <span class='ocrx_word' id='word_1_710' title='bbox 679 4653 820 4708; x_wconf 86' lang='lat' dir='ltr'><strong>Add.</strong></span> <span class='ocrx_word' id='word_1_711' title='bbox 855 4655 946 4709; x_wconf 85' lang='lat' dir='ltr'><strong>ad.</strong></span> <span class='ocrx_word' id='word_1_712' title='bbox 983 4672 1039 4709; x_wconf 91' lang='lat' dir='ltr'><strong>n.</strong></span> <span class='ocrx_word' id='word_1_713' title='bbox 1070 4654 1161 4709; x_wconf 88' lang='grc'><strong>22.</strong></span> <span class='ocrx_word' id='word_1_714' title='bbox 1205 4654 1375 4709; x_wconf 72' lang='grc' dir='ltr'>ΗΑιυ..</span> 
     </span>
    </p>
   </div>
   <div class='ocr_carea' id='block_1_68' title="bbox 438 4738 2057 4814">
    <p class='ocr_par' dir='ltr' id='par_1_68' title="bbox 438 4738 2057 4813">
     <span class='ocr_line' id='line_1_68' title="bbox 438 4738 2057 4813; baseline 0.001 -19"><span class='ocrx_word' id='word_1_715' title='bbox 438 4738 529 4795; x_wconf 86' lang='grc'><strong>26.</strong></span> <span class='ocrx_word' id='word_1_716' title='bbox 570 4738 759 4811; x_wconf 85' lang='lat' dir='ltr'><strong>Imago</strong></span> <span class='ocrx_word' id='word_1_717' title='bbox 787 4741 1122 4796; x_wconf 80' lang='lat' dir='ltr'><strong>dormitionis</strong></span> <span class='ocrx_word' id='word_1_718' title='bbox 1158 4742 1219 4799; x_wconf 90' lang='lat' dir='ltr'><strong>S.</strong></span> <span class='ocrx_word' id='word_1_719' title='bbox 1253 4741 1512 4811; x_wconf 76' lang='lat' dir='ltr'><strong>Epliraim</strong></span> <span class='ocrx_word' id='word_1_720' title='bbox 1540 4742 1686 4813; x_wconf 88' lang='lat' dir='ltr'><strong>Syri.</strong></span> <span class='ocrx_word' id='word_1_721' title='bbox 1716 4742 1829 4798; x_wconf 88' lang='lat' dir='ltr'><strong>Inc.</strong></span> <span class='ocrx_word' id='word_1_722' title='bbox 1874 4744 1987 4796; x_wconf 74' lang='grc' dir='ltr'><strong>Καὶ</strong></span> <span class='ocrx_word' id='word_1_723' title='bbox 2017 4761 2057 4798; x_wconf 79' lang='grc' dir='ltr'>νι</span> 
     </span>
    </p>
   </div>
   <div class='ocr_carea' id='block_1_69' title="bbox 1460 4738 3079 4814">
    <p class='ocr_par' dir='ltr' id='par_1_69' title="bbox 1463 4742 3079 4814">
     <span class='ocr_line' id='line_1_69' title="bbox 1463 4742 3079 4814; baseline 0.003 -18"><span class='ocrx_word' id='word_1_724' title='bbox 1463 4759 1512 4796; x_wconf 86' lang='lat' dir='ltr'><strong>m</strong></span> <span class='ocrx_word' id='word_1_725' title='bbox 1540 4742 1686 4813; x_wconf 88' lang='lat' dir='ltr'><strong>Syri.</strong></span> <span class='ocrx_word' id='word_1_726' title='bbox 1716 4742 1829 4798; x_wconf 88' lang='lat' dir='ltr'><strong>Inc.</strong></span> <span class='ocrx_word' id='word_1_727' title='bbox 1874 4744 1987 4796; x_wconf 74' lang='grc' dir='ltr'><strong>Καὶ</strong></span> <span class='ocrx_word' id='word_1_728' title='bbox 2017 4742 2211 4814; x_wconf 75' lang='grc' dir='ltr'>νεκρὸν</span> <span class='ocrx_word' id='word_1_729' title='bbox 2243 4743 2388 4797; x_wconf 75' lang='grc' dir='ltr'>ἔστιν</span> <span class='ocrx_word' id='word_1_730' title='bbox 2416 4746 2654 4799; x_wconf 72' lang='grc' dir='ltr'>ινταῦθα</span> <span class='ocrx_word' id='word_1_731' title='bbox 2705 4746 2834 4799; x_wconf 73' lang='grc' dir='ltr'>ἰδεῖν</span> <span class='ocrx_word' id='word_1_732' title='bbox 2853 4761 2866 4776; x_wconf 73' lang='grc' dir='ltr'><strong><em>ο</em></strong></span> <span class='ocrx_word' id='word_1_733' title='bbox 2903 4747 3030 4801; x_wconf 87' lang='lat' dir='ltr'><strong>item</strong></span> <span class='ocrx_word' id='word_1_734' title='bbox 3065 4763 3079 4800; x_wconf 90' lang='lat'><strong>:</strong></span> 
     </span>
    </p>
   </div>
   <div class='ocr_carea' id='block_1_70' title="bbox 436 4827 2055 4903">
    <p class='ocr_par' dir='ltr' id='par_1_70' title="bbox 436 4827 2055 4903">
     <span class='ocr_line' id='line_1_70' title="bbox 436 4827 2055 4903; baseline 0.001 -21"><span class='ocrx_word' id='word_1_735' title='bbox 436 4828 529 4883; x_wconf 89' lang='lat'><strong>27.</strong></span> <span class='ocrx_word' id='word_1_736' title='bbox 562 4827 747 4901; x_wconf 83' lang='lat' dir='ltr'><strong>Imago</strong></span> <span class='ocrx_word' id='word_1_737' title='bbox 778 4833 1028 4902; x_wconf 77' lang='lat' dir='ltr'><strong>martyris</strong></span> <span class='ocrx_word' id='word_1_738' title='bbox 1055 4834 1292 4886; x_wconf 83' lang='lat' dir='ltr'><strong>coronati</strong></span> <span class='ocrx_word' id='word_1_739' title='bbox 1321 4848 1340 4887; x_wconf 92' lang='lat'><strong><em>:</em></strong></span> <span class='ocrx_word' id='word_1_740' title='bbox 1399 4832 1524 4889; x_wconf 90' lang='lat' dir='ltr'><strong>lnit.</strong></span> <span class='ocrx_word' id='word_1_741' title='bbox 1555 4832 1763 4903; x_wconf 77' lang='grc' dir='ltr'>Χαρίεν</span> <span class='ocrx_word' id='word_1_742' title='bbox 1806 4834 1906 4903; x_wconf 84' lang='grc' dir='ltr'>μὲν</span> <span class='ocrx_word' id='word_1_743' title='bbox 1935 4834 2055 4886; x_wconf 64' lang='lat' dir='ltr'><strong>tam</strong></span> 
     </span>
    </p>
   </div>
   <div class='ocr_carea' id='block_1_71' title="bbox 2005 4827 3624 4903">
    <p class='ocr_par' dir='ltr' id='par_1_71' title="bbox 2005 4830 3624 4903">
     <span class='ocr_line' id='line_1_71' title="bbox 2005 4830 3624 4903; baseline 0.006 -21"><span class='ocrx_word' id='word_1_744' title='bbox 2005 4835 2067 4885; x_wconf 73' lang='grc' dir='ltr'><strong>ιϊν</strong></span> <span class='ocrx_word' id='word_1_745' title='bbox 2100 4832 2196 4885; x_wconf 77' lang='grc' dir='ltr'><strong>καὶ</strong></span> <span class='ocrx_word' id='word_1_746' title='bbox 2215 4830 2659 4902; x_wconf 78' lang='grc' dir='ltr'>ἀγωνιζομένους</span> <span class='ocrx_word' id='word_1_747' title='bbox 2679 4848 2693 4863; x_wconf 80' lang='grc'><strong>⁸</strong></span> <span class='ocrx_word' id='word_1_748' title='bbox 2732 4832 3064 4891; x_wconf 75' lang='lat' dir='ltr'><strong>Florentina:</strong></span> <span class='ocrx_word' id='word_1_749' title='bbox 3096 4835 3149 4890; x_wconf 87' lang='lat' dir='ltr'><strong>in</strong></span> <span class='ocrx_word' id='word_1_750' title='bbox 3184 4836 3306 4891; x_wconf 90' lang='lat' dir='ltr'><strong>cod.</strong></span> <span class='ocrx_word' id='word_1_751' title='bbox 3337 4835 3503 4891; x_wconf 85' lang='lat' dir='ltr'><strong>Laur.</strong></span> <span class='ocrx_word' id='word_1_752' title='bbox 3532 4836 3624 4903; x_wconf 84' lang='grc'><strong>21,</strong></span> 
     </span>
    </p>
   </div>
   <div class='ocr_carea' id='block_1_72' title="bbox 371 4915 3621 4991">
    <p class='ocr_par' dir='ltr' id='par_1_72' title="bbox 371 4915 3621 4991">
     <span class='ocr_line' id='line_1_72' title="bbox 371 4915 3621 4991; baseline 0.003 -23"><span class='ocrx_word' id='word_1_753' title='bbox 371 4929 428 4971; x_wconf 91' lang='lat' dir='ltr'><strong>n.</strong></span> <span class='ocrx_word' id='word_1_754' title='bbox 461 4915 487 4969; x_wconf 91' lang='lat'><strong>1</strong></span> <span class='ocrx_word' id='word_1_755' title='bbox 516 4925 571 4971; x_wconf 85' lang='lat' dir='ltr'><strong>et</strong></span> <span class='ocrx_word' id='word_1_756' title='bbox 599 4915 655 4978; x_wconf 90' lang='lat'><strong>2,</strong></span> <span class='ocrx_word' id='word_1_757' title='bbox 679 4918 819 4986; x_wconf 88' lang='lat' dir='ltr'><strong>plut.</strong></span> <span class='ocrx_word' id='word_1_758' title='bbox 850 4917 903 4971; x_wconf 84' lang='lat'><strong>4.</strong></span> <span class='ocrx_word' id='word_1_759' title='bbox 940 4918 1000 4972; x_wconf 91' lang='lat' dir='ltr'><strong>V.</strong></span> <span class='ocrx_word' id='word_1_760' title='bbox 1035 4916 1292 4985; x_wconf 86' lang='lat' dir='ltr'><strong>Bandini,</strong></span> <span class='ocrx_word' id='word_1_761' title='bbox 1325 4917 1449 4973; x_wconf 83' lang='lat' dir='ltr'><strong>Cat.</strong></span> <span class='ocrx_word' id='word_1_762' title='bbox 1481 4917 1577 4974; x_wconf 91' lang='lat' dir='ltr'><strong>cit.</strong></span> <span class='ocrx_word' id='word_1_763' title='bbox 1618 4919 1727 4974; x_wconf 87' lang='lat' dir='ltr'><strong>vol.</strong></span> <span class='ocrx_word' id='word_1_764' title='bbox 1769 4917 1814 4981; x_wconf 88' lang='lat' dir='ltr'><strong>l,</strong></span> <span class='ocrx_word' id='word_1_765' title='bbox 1849 4934 1901 4987; x_wconf 93' lang='lat' dir='ltr'><strong>p.</strong></span> <span class='ocrx_word' id='word_1_766' title='bbox 1940 4917 2047 4973; x_wconf 88' lang='grc'><strong>545</strong></span> <span class='ocrx_word' id='word_1_767' title='bbox 2076 4932 2196 4988; x_wconf 89' lang='lat' dir='ltr'><strong>seq.</strong></span> <span class='ocrx_word' id='word_1_768' title='bbox 2226 4948 2295 4958; x_wconf 90' lang='lat'><strong><em>—</em></strong></span> <span class='ocrx_word' id='word_1_769' title='bbox 2331 4916 2487 4972; x_wconf 86' lang='lat' dir='ltr'><strong>Prior</strong></span> <span class='ocrx_word' id='word_1_770' title='bbox 2518 4921 2693 4989; x_wconf 88' lang='lat' dir='ltr'><strong>imago</strong></span> <span class='ocrx_word' id='word_1_771' title='bbox 2745 4930 2827 4975; x_wconf 83' lang='lat' dir='ltr'><strong>est</strong></span> <span class='ocrx_word' id='word_1_772' title='bbox 2858 4938 3073 4991; x_wconf 90' lang='lat' dir='ltr'><strong>quoque</strong></span> <span class='ocrx_word' id='word_1_773' title='bbox 3106 4923 3239 4978; x_wconf 86' lang='lat' dir='ltr'><strong>ibid.</strong></span> <span class='ocrx_word' id='word_1_774' title='bbox 3282 4923 3337 4977; x_wconf 92' lang='lat' dir='ltr'><strong>in</strong></span> <span class='ocrx_word' id='word_1_775' title='bbox 3368 4924 3495 4979; x_wconf 90' lang='lat' dir='ltr'><strong>cod.</strong></span> <span class='ocrx_word' id='word_1_776' title='bbox 3532 4926 3621 4989; x_wconf 91' lang='grc'><strong>15,</strong></span> 
     </span>
    </p>
   </div>
   <div class='ocr_carea' id='block_1_73' title="bbox 373 5003 3623 5079">
    <p class='ocr_par' dir='ltr' id='par_1_73' title="bbox 373 5003 3623 5079">
     <span class='ocr_line' id='line_1_73' title="bbox 373 5003 3623 5079; baseline 0.003 -23"><span class='ocrx_word' id='word_1_777' title='bbox 373 5018 431 5057; x_wconf 92' lang='lat' dir='ltr'><strong>n.</strong></span> <span class='ocrx_word' id='word_1_778' title='bbox 471 5003 561 5069; x_wconf 84' lang='lat'><strong>14,</strong></span> <span class='ocrx_word' id='word_1_779' title='bbox 587 5005 724 5073; x_wconf 90' lang='lat' dir='ltr'><strong>plut.</strong></span> <span class='ocrx_word' id='word_1_780' title='bbox 759 5005 847 5059; x_wconf 86' lang='lat'><strong>75.</strong></span> <span class='ocrx_word' id='word_1_781' title='bbox 885 5004 948 5059; x_wconf 89' lang='lat' dir='ltr'><strong>V.</strong></span> <span class='ocrx_word' id='word_1_782' title='bbox 984 5004 1212 5061; x_wconf 88' lang='lat' dir='ltr'><strong>Bandin.</strong></span> <span class='ocrx_word' id='word_1_783' title='bbox 1242 5008 1278 5060; x_wconf 96' lang='lat' dir='ltr'><strong>l.</strong></span> <span class='ocrx_word' id='word_1_784' title='bbox 1316 5022 1369 5062; x_wconf 91' lang='lat' dir='ltr'><strong>c.</strong></span> <span class='ocrx_word' id='word_1_785' title='bbox 1405 5007 1496 5072; x_wconf 88' lang='lat' dir='ltr'><strong>Ill,</strong></span> <span class='ocrx_word' id='word_1_786' title='bbox 1526 5023 1582 5077; x_wconf 91' lang='lat' dir='ltr'><strong>p.</strong></span> <span class='ocrx_word' id='word_1_787' title='bbox 1616 5006 1739 5071; x_wconf 87' lang='lat'><strong>105,</strong></span> <span class='ocrx_word' id='word_1_788' title='bbox 1767 5006 1861 5060; x_wconf 90' lang='lat' dir='ltr'><strong>ubi</strong></span> <span class='ocrx_word' id='word_1_789' title='bbox 1884 5006 2162 5075; x_wconf 82' lang='lat' dir='ltr'><strong>opinatur,</strong></span> <span class='ocrx_word' id='word_1_790' title='bbox 2198 5005 2346 5059; x_wconf 89' lang='lat' dir='ltr'><strong>illam</strong></span> <span class='ocrx_word' id='word_1_791' title='bbox 2378 5021 2501 5062; x_wconf 82' lang='lat' dir='ltr'><strong>esse</strong></span> <span class='ocrx_word' id='word_1_792' title='bbox 2536 5007 2698 5073; x_wconf 81' lang='lat' dir='ltr'><strong>forte,</strong></span> <span class='ocrx_word' id='word_1_793' title='bbox 2728 5023 2847 5077; x_wconf 75' lang='lat' dir='ltr'><strong>quae</strong></span> <span class='ocrx_word' id='word_1_794' title='bbox 2893 5025 2923 5063; x_wconf 87' lang='lat' dir='ltr'><strong>a</strong></span> <span class='ocrx_word' id='word_1_795' title='bbox 2963 5008 3218 5065; x_wconf 80' lang='lat' dir='ltr'><strong>Fabricio</strong></span> <span class='ocrx_word' id='word_1_796' title='bbox 3246 5020 3439 5066; x_wconf 90' lang='lat' dir='ltr'><strong>nostro</strong></span> <span class='ocrx_word' id='word_1_797' title='bbox 3480 5013 3623 5079; x_wconf 92' lang='lat' dir='ltr'><strong>loco,</strong></span> 
     </span>
    </p>
   </div>
   <div class='ocr_carea' id='block_1_74' title="bbox 370 5090 1989 5165">
    <p class='ocr_par' dir='ltr' id='par_1_74' title="bbox 370 5090 1989 5165">
     <span class='ocr_line' id='line_1_74' title="bbox 370 5090 1989 5165; baseline 0.001 -21"><span class='ocrx_word' id='word_1_798' title='bbox 370 5104 429 5146; x_wconf 88' lang='lat' dir='ltr'><strong>n.</strong></span> <span class='ocrx_word' id='word_1_799' title='bbox 462 5090 551 5155; x_wconf 84' lang='lat'><strong>18,</strong></span> <span class='ocrx_word' id='word_1_800' title='bbox 592 5092 695 5148; x_wconf 86' lang='lat' dir='ltr'><strong>sub</strong></span> <span class='ocrx_word' id='word_1_801' title='bbox 729 5092 910 5155; x_wconf 91' lang='lat' dir='ltr'><strong>titulo,</strong></span> <span class='ocrx_word' id='word_1_802' title='bbox 939 5092 1237 5162; x_wconf 76' lang='lat' dir='ltr'><strong>Ecphrasis</strong></span> <span class='ocrx_word' id='word_1_803' title='bbox 1274 5095 1513 5149; x_wconf 85' lang='lat' dir='ltr'><strong>animam</strong></span> <span class='ocrx_word' id='word_1_804' title='bbox 1544 5096 1748 5165; x_wconf 75' lang='lat' dir='ltr'><strong>agenti:</strong></span> <span class='ocrx_word' id='word_1_805' title='bbox 1783 5108 1989 5148; x_wconf 62' lang='lat' dir='ltr'><strong>recensr</strong></span> 
     </span>
    </p>
   </div>
   <div class='ocr_carea' id='block_1_75' title="bbox 710 5090 2329 5165">
    <p class='ocr_par' dir='ltr' id='par_1_75' title="bbox 729 5092 2329 5165">
     <span class='ocr_line' id='line_1_75' title="bbox 729 5092 2329 5165; baseline 0.001 -19"><span class='ocrx_word' id='word_1_806' title='bbox 729 5092 910 5155; x_wconf 85' lang='lat' dir='ltr'><strong>titulo,</strong></span> <span class='ocrx_word' id='word_1_807' title='bbox 939 5092 1237 5162; x_wconf 76' lang='lat' dir='ltr'><strong>Ecphrasis</strong></span> <span class='ocrx_word' id='word_1_808' title='bbox 1274 5095 1513 5149; x_wconf 84' lang='lat' dir='ltr'><strong>animam</strong></span> <span class='ocrx_word' id='word_1_809' title='bbox 1544 5096 1748 5165; x_wconf 75' lang='lat' dir='ltr'><strong>agentis</strong></span> <span class='ocrx_word' id='word_1_810' title='bbox 1783 5104 2121 5148; x_wconf 86' lang='lat' dir='ltr'><strong>recensetur.</strong></span> <span class='ocrx_word' id='word_1_811' title='bbox 2162 5092 2329 5148; x_wconf 78' lang='grc' dir='ltr'>11Αιιι..</span> 
     </span>
    </p>
   </div>
   <div class='ocr_carea' id='block_1_76' title="bbox 442 5179 2061 5251">
    <p class='ocr_par' dir='ltr' id='par_1_76' title="bbox 442 5179 2061 5251">
     <span class='ocr_line' id='line_1_76' title="bbox 442 5179 2061 5251; baseline 0 -18"><span class='ocrx_word' id='word_1_812' title='bbox 442 5179 533 5235; x_wconf 90' lang='lat'><strong>28.</strong></span> <span class='ocrx_word' id='word_1_813' title='bbox 566 5180 821 5250; x_wconf 78' lang='lat' dir='ltr'><strong>Epilogus</strong></span> <span class='ocrx_word' id='word_1_814' title='bbox 858 5181 1110 5237; x_wconf 75' lang='lat' dir='ltr'><strong>adversus</strong></span> <span class='ocrx_word' id='word_1_815' title='bbox 1158 5182 1402 5238; x_wconf 79' lang='lat' dir='ltr'><strong>Latinos.</strong></span> <span class='ocrx_word' id='word_1_816' title='bbox 1452 5184 1776 5239; x_wconf 78' lang='grc' dir='ltr'><strong>Ιηο.’1“οῧτο</strong></span> <span class='ocrx_word' id='word_1_817' title='bbox 1820 5183 1881 5234; x_wconf 82' lang='grc' dir='ltr'>τὸ</span> <span class='ocrx_word' id='word_1_818' title='bbox 1930 5181 2061 5251; x_wconf 74' lang='grc' dir='ltr'><strong>σὺμε</strong></span> 
     </span>
    </p>
   </div>
   <div class='ocr_carea' id='block_1_77' title="bbox 2009 5179 3628 5251">
    <p class='ocr_par' dir='ltr' id='par_1_77' title="bbox 2009 5179 3628 5251">
     <span class='ocr_line' id='line_1_77' title="bbox 2009 5179 3628 5251; baseline 0.004 -19"><span class='ocrx_word' id='word_1_819' title='bbox 2009 5180 2236 5251; x_wconf 81' lang='grc' dir='ltr'>μόολον;</span> <span class='ocrx_word' id='word_1_820' title='bbox 2267 5179 2448 5237; x_wconf 79' lang='lat' dir='ltr'><strong>Paris.</strong></span> <span class='ocrx_word' id='word_1_821' title='bbox 2490 5183 2544 5238; x_wconf 91' lang='lat' dir='ltr'><strong>in</strong></span> <span class='ocrx_word' id='word_1_822' title='bbox 2589 5184 2723 5238; x_wconf 92' lang='lat' dir='ltr'><strong>bibl.</strong></span> <span class='ocrx_word' id='word_1_823' title='bbox 2768 5183 2915 5250; x_wconf 88' lang='lat' dir='ltr'><strong>publ.</strong></span> <span class='ocrx_word' id='word_1_824' title='bbox 2960 5183 3121 5239; x_wconf 88' lang='lat' dir='ltr'><strong>codd.</strong></span> <span class='ocrx_word' id='word_1_825' title='bbox 3160 5182 3315 5247; x_wconf 86' lang='grc'><strong>1286,</strong></span> <span class='ocrx_word' id='word_1_826' title='bbox 3350 5200 3404 5239; x_wconf 90' lang='lat' dir='ltr'><strong>n.</strong></span> <span class='ocrx_word' id='word_1_827' title='bbox 3448 5184 3536 5251; x_wconf 88' lang='lat'><strong>19,</strong></span> <span class='ocrx_word' id='word_1_828' title='bbox 3578 5196 3628 5240; x_wconf 88' lang='lat' dir='ltr'><strong>ct</strong></span> 
     </span>
    </p>
   </div>
   <div class='ocr_carea' id='block_1_78' title="bbox 376 5266 3627 5341">
    <p class='ocr_par' dir='ltr' id='par_1_78' title="bbox 376 5266 3627 5341">
     <span class='ocr_line' id='line_1_78' title="bbox 376 5266 3627 5341; baseline 0.003 -23"><span class='ocrx_word' id='word_1_829' title='bbox 376 5266 533 5329; x_wconf 87' lang='lat'><strong>1295,</strong></span> <span class='ocrx_word' id='word_1_830' title='bbox 566 5282 621 5320; x_wconf 93' lang='lat' dir='ltr'><strong>n.</strong></span> <span class='ocrx_word' id='word_1_831' title='bbox 644 5266 696 5321; x_wconf 91' lang='lat'><strong>9.</strong></span> <span class='ocrx_word' id='word_1_832' title='bbox 741 5268 797 5322; x_wconf 88' lang='lat' dir='ltr'><strong>In</strong></span> <span class='ocrx_word' id='word_1_833' title='bbox 828 5279 1062 5337; x_wconf 85' lang='lat' dir='ltr'><strong>utroque</strong></span> <span class='ocrx_word' id='word_1_834' title='bbox 1099 5270 1288 5324; x_wconf 85' lang='lat' dir='ltr'><strong>codice</strong></span> <span class='ocrx_word' id='word_1_835' title='bbox 1327 5270 1431 5324; x_wconf 85' lang='lat' dir='ltr'><strong>alia</strong></span> <span class='ocrx_word' id='word_1_836' title='bbox 1454 5270 1618 5323; x_wconf 82' lang='lat' dir='ltr'><strong>Marci</strong></span> <span class='ocrx_word' id='word_1_837' title='bbox 1652 5269 1785 5339; x_wconf 80' lang='lat' dir='ltr'><strong>Eug.</strong></span> <span class='ocrx_word' id='word_1_838' title='bbox 1825 5270 2090 5337; x_wconf 91' lang='lat' dir='ltr'><strong>opuscula</strong></span> <span class='ocrx_word' id='word_1_839' title='bbox 2127 5270 2495 5339; x_wconf 87' lang='lat' dir='ltr'><strong>reperiuntur,</strong></span> <span class='ocrx_word' id='word_1_840' title='bbox 2527 5280 2582 5326; x_wconf 89' lang='lat' dir='ltr'><strong>et</strong></span> <span class='ocrx_word' id='word_1_841' title='bbox 2623 5273 2896 5341; x_wconf 64' lang='lat' dir='ltr'><strong>quamdam,</strong></span> <span class='ocrx_word' id='word_1_842' title='bbox 2933 5288 2960 5327; x_wconf 86' lang='lat' dir='ltr'><strong>a</strong></span> <span class='ocrx_word' id='word_1_843' title='bbox 2999 5270 3255 5327; x_wconf 83' lang='lat' dir='ltr'><strong>Fabricio</strong></span> <span class='ocrx_word' id='word_1_844' title='bbox 3295 5273 3523 5341; x_wconf 79' lang='lat' dir='ltr'><strong>omissa,</strong></span> <span class='ocrx_word' id='word_1_845' title='bbox 3561 5275 3627 5329; x_wconf 87' lang='lat' dir='ltr'><strong>ad</strong></span> 
     </span>
    </p>
   </div>
   <div class='ocr_carea' id='block_1_79' title="bbox 282 5352 2314 5424">
    <p class='ocr_par' dir='ltr' id='par_1_79' title="bbox 282 5352 2314 5424">
     <span class='ocr_line' id='line_1_79' title="bbox 282 5352 2314 5424; baseline 0 -13"><span class='ocrx_word' id='word_1_846' title='bbox 282 5416 287 5421; x_wconf 48' lang='grc'><strong>,</strong></span> <span class='ocrx_word' id='word_1_847' title='bbox 373 5370 430 5411; x_wconf 87' lang='lat' dir='ltr'><strong>n.</strong></span> <span class='ocrx_word' id='word_1_848' title='bbox 462 5352 518 5423; x_wconf 84' lang='lat'><strong>7,</strong></span> <span class='ocrx_word' id='word_1_849' title='bbox 548 5362 601 5411; x_wconf 87' lang='lat' dir='ltr'><strong>et</strong></span> <span class='ocrx_word' id='word_1_850' title='bbox 623 5356 823 5424; x_wconf 89' lang='lat' dir='ltr'><strong>passim</strong></span> <span class='ocrx_word' id='word_1_851' title='bbox 854 5355 1113 5410; x_wconf 84' lang='lat' dir='ltr'><strong>iudicavi.</strong></span> <span class='ocrx_word' id='word_1_852' title='bbox 1140 5385 1210 5396; x_wconf 90' lang='lat'><strong>-</strong></span> <span class='ocrx_word' id='word_1_853' title='bbox 1239 5356 1315 5412; x_wconf 88' lang='lat' dir='ltr'><strong>De</strong></span> <span class='ocrx_word' id='word_1_854' title='bbox 1345 5358 1584 5411; x_wconf 80' lang='lat' dir='ltr'><strong>terminis</strong></span> <span class='ocrx_word' id='word_1_855' title='bbox 1613 5358 1752 5423; x_wconf 63' lang='lat' dir='ltr'><strong>vitae,</strong></span> <span class='ocrx_word' id='word_1_856' title='bbox 1790 5377 1840 5413; x_wconf 92' lang='lat' dir='ltr'><strong>v.</strong></span> <span class='ocrx_word' id='word_1_857' title='bbox 1873 5357 1939 5411; x_wconf 85' lang='lat' dir='ltr'><strong>ad</strong></span> <span class='ocrx_word' id='word_1_858' title='bbox 1978 5373 2030 5411; x_wconf 81' lang='grc' dir='ltr'><strong>η.</strong></span> <span class='ocrx_word' id='word_1_859' title='bbox 2059 5357 2111 5411; x_wconf 87' lang='grc'><strong>5.</strong></span> <span class='ocrx_word' id='word_1_860' title='bbox 2144 5356 2314 5412; x_wconf 61' lang='lat' dir='ltr'><strong>llam“</strong></span> 
     </span>
    </p>
   </div>
   <div class='ocr_carea' id='block_1_80' title="bbox 437 5533 2056 5658">
    <p class='ocr_par' dir='ltr' id='par_1_80' title="bbox 437 5533 2056 5658">
     <span class='ocr_line' id='line_1_80' title="bbox 437 5533 1924 5658; baseline 0.002 -73"><span class='ocrx_word' id='word_1_861' title='bbox 437 5533 506 5658; x_wconf 46' lang='lat' dir='ltr'><strong><em>ﬁ</em></strong></span> <span class='ocrx_word' id='word_1_862' title='bbox 538 5534 608 5585; x_wconf 80' lang='lat' dir='ltr'><strong>Ex</strong></span> <span class='ocrx_word' id='word_1_863' title='bbox 633 5536 742 5587; x_wconf 91' lang='lat' dir='ltr'><strong>cod.</strong></span> <span class='ocrx_word' id='word_1_864' title='bbox 772 5535 1062 5608; x_wconf 65' lang='grc' dir='ltr'><strong>⁸Μοιιοιεεξῐιςί</strong></span> <span class='ocrx_word' id='word_1_865' title='bbox 1088 5536 1356 5609; x_wconf 78' lang='lat' dir='ltr'><strong>novissime</strong></span> <span class='ocrx_word' id='word_1_866' title='bbox 1382 5537 1540 5587; x_wconf 83' lang='lat' dir='ltr'><strong>edidit</strong></span> <span class='ocrx_word' id='word_1_867' title='bbox 1564 5538 1679 5588; x_wconf 70' lang='grc' dir='ltr'><strong>Διὶ).</strong></span> <span class='ocrx_word' id='word_1_868' title='bbox 1702 5540 1924 5612; x_wconf 63' lang='lat' dir='ltr'><strong>lahnius.</strong></span> 
     </span>
     <span class='ocr_line' id='line_1_81' title="bbox 499 5596 2056 5658; baseline 0.003 -11"><span class='ocrx_word' id='word_1_869' title='bbox 499 5598 515 5657; x_wconf 92' lang='lat'><strong>)</strong></span> <span class='ocrx_word' id='word_1_870' title='bbox 550 5597 680 5647; x_wconf 81' lang='lat' dir='ltr'><strong>Cltat</strong></span> <span class='ocrx_word' id='word_1_871' title='bbox 714 5606 864 5649; x_wconf 73' lang='lat' dir='ltr'><strong>etiam</strong></span> <span class='ocrx_word' id='word_1_872' title='bbox 905 5596 1411 5649; x_wconf 82' lang='lat' dir='ltr'><strong>Pseudo-Genuadtus</strong></span> <span class='ocrx_word' id='word_1_873' title='bbox 1441 5602 1491 5649; x_wconf 86' lang='lat' dir='ltr'><strong>in</strong></span> <span class='ocrx_word' id='word_1_874' title='bbox 1526 5600 1763 5658; x_wconf 76' lang='lat' dir='ltr'><strong>Apologia</strong></span> <span class='ocrx_word' id='word_1_875' title='bbox 1801 5612 1887 5658; x_wconf 91' lang='lat' dir='ltr'><strong>pro</strong></span> <span class='ocrx_word' id='word_1_876' title='bbox 1924 5612 2056 5651; x_wconf 87' lang='lat' dir='ltr'><strong>conc.</strong></span> 
     </span>
    </p>
   </div>
   <div class='ocr_carea' id='block_1_81' title="bbox 907 5533 2526 5658">
    <p class='ocr_par' dir='ltr' id='par_1_81' title="bbox 907 5535 2526 5658">
     <span class='ocr_line' id='line_1_82' title="bbox 907 5535 1924 5588; baseline 0.005 -5"><span class='ocrx_word' id='word_1_877' title='bbox 907 5535 1062 5584; x_wconf 77' lang='lat' dir='ltr'><strong>Icensi</strong></span> <span class='ocrx_word' id='word_1_878' title='bbox 1088 5536 1356 5586; x_wconf 89' lang='lat' dir='ltr'><strong>novissime</strong></span> <span class='ocrx_word' id='word_1_879' title='bbox 1382 5537 1540 5587; x_wconf 85' lang='lat' dir='ltr'><strong>edidit</strong></span> <span class='ocrx_word' id='word_1_880' title='bbox 1564 5538 1679 5588; x_wconf 81' lang='lat' dir='ltr'><strong>Alb.</strong></span> <span class='ocrx_word' id='word_1_881' title='bbox 1702 5540 1924 5588; x_wconf 74' lang='lat' dir='ltr'><strong>lahnius.</strong></span> 
     </span>
     <span class='ocr_line' id='line_1_83' title="bbox 907 5596 2526 5658; baseline 0.007 -11"><span class='ocrx_word' id='word_1_882' title='bbox 907 5596 1411 5649; x_wconf 83' lang='lat' dir='ltr'><strong>Pseudo-Genuadius</strong></span> <span class='ocrx_word' id='word_1_883' title='bbox 1441 5602 1491 5649; x_wconf 86' lang='lat' dir='ltr'><strong>in</strong></span> <span class='ocrx_word' id='word_1_884' title='bbox 1526 5600 1763 5658; x_wconf 81' lang='lat' dir='ltr'><strong>Apologia</strong></span> <span class='ocrx_word' id='word_1_885' title='bbox 1801 5612 1887 5658; x_wconf 88' lang='lat' dir='ltr'><strong>pro</strong></span> <span class='ocrx_word' id='word_1_886' title='bbox 1924 5612 2062 5651; x_wconf 86' lang='lat' dir='ltr'><strong>conc.</strong></span> <span class='ocrx_word' id='word_1_887' title='bbox 2105 5601 2346 5658; x_wconf 64' lang='lat' dir='ltr'><strong>Floreat.</strong></span> <span class='ocrx_word' id='word_1_888' title='bbox 2380 5602 2526 5658; x_wconf 84' lang='lat' dir='ltr'><strong>capiti</strong></span> 
     </span>
    </p>
   </div>
   <div class='ocr_carea' id='block_1_82' title="bbox 499 5596 2857 5666">
    <p class='ocr_par' dir='ltr' id='par_1_82' title="bbox 499 5596 2857 5666">
     <span class='ocr_line' id='line_1_84' title="bbox 499 5596 2857 5666; baseline 0.003 -20"><span class='ocrx_word' id='word_1_889' title='bbox 499 5598 515 5657; x_wconf 92' lang='lat'><strong>)</strong></span> <span class='ocrx_word' id='word_1_890' title='bbox 550 5597 680 5647; x_wconf 81' lang='lat' dir='ltr'><strong>Cltat</strong></span> <span class='ocrx_word' id='word_1_891' title='bbox 714 5598 864 5649; x_wconf 82' lang='lat' dir='ltr'><strong>etiam</strong></span> <span class='ocrx_word' id='word_1_892' title='bbox 905 5596 1411 5649; x_wconf 82' lang='lat' dir='ltr'><strong>Pseudo-Genuadius</strong></span> <span class='ocrx_word' id='word_1_893' title='bbox 1441 5602 1491 5649; x_wconf 86' lang='lat' dir='ltr'><strong>in</strong></span> <span class='ocrx_word' id='word_1_894' title='bbox 1526 5600 1763 5664; x_wconf 80' lang='lat' dir='ltr'><strong>ApOIOgia</strong></span> <span class='ocrx_word' id='word_1_895' title='bbox 1801 5612 1887 5661; x_wconf 91' lang='lat' dir='ltr'><strong>pro</strong></span> <span class='ocrx_word' id='word_1_896' title='bbox 1924 5612 2062 5651; x_wconf 87' lang='lat' dir='ltr'><strong>conc.</strong></span> <span class='ocrx_word' id='word_1_897' title='bbox 2105 5601 2346 5661; x_wconf 61' lang='lat' dir='ltr'><strong>Floreat,</strong></span> <span class='ocrx_word' id='word_1_898' title='bbox 2380 5602 2558 5666; x_wconf 87' lang='lat' dir='ltr'><strong>capitis</strong></span> <span class='ocrx_word' id='word_1_899' title='bbox 2594 5602 2619 5651; x_wconf 82' lang='grc'><strong>4</strong></span> <span class='ocrx_word' id='word_1_900' title='bbox 2657 5608 2780 5653; x_wconf 87' lang='lat' dir='ltr'><strong>sect.</strong></span> <span class='ocrx_word' id='word_1_901' title='bbox 2810 5605 2857 5653; x_wconf 80' lang='grc'><strong>5.</strong></span> 
     </span>
    </p>
   </div>
  </div>
