4100 6412
482 365 620 422 Ιυϊυ

484 516 732 533 ἡ

1481 368 1725 430 MARCl
1769 369 2083 435 EPIIESII
2120 374 2702 440 METROPOLITIE

3601 377 3740 447 1080

866 523 3686 558 Μ

1625 686 2586 860 ΜΑΡΚΟΥ
2757 611 2767 624 ’

1113 966 2424 1084 ΑΡΧΙΕΠΙΣΚΟΠΟΥ
2500 969 3094 1090 ΕΦΕΣΟΥ

2066 1196 2144 1233 ΟΤΙ

1282 1312 1375 1365 ΟΥ
1403 1313 1645 1366 ΜοΝοΝ
1672 1311 1808 1367 Alli)
1855 1313 1992 1365 ΊΊΙΣ
2034 1312 2264 1365 ΦΩΝΗΣ
2299 1314 2435 1366 ΤΩΝ
2483 1315 2922 1369 ΔΕΣΠΟΤΙΚΩΝ

779 1427 1120 1483 PHMATON
1151 1429 1566 1486 ΑΓΙΑΖΟΝΤΔΙ
1600 1430 1690 1486 ΤΑ
1725 1432 1883 1484 ΘΕΙΑ
1922 1432 2117 1497 ΔΩΡΑ,
2157 1432 2310 1485 ΛΑΝ
2360 1433 2452 1486 ΕΚ
2488 1433 2625 1486 ΤΗΣ
2681 1433 2873 1488 ΜΕΤΑ
2913 1435 3143 1489 ΤΑΥΤΑ
3168 1435 3400 1489 ΕΥΧΗΣ

1001 1541 1120 1597 ΚΑΙ
1162 1543 1499 1600 ΕΥΛΟΓΙΑΣ
1528 1545 1665 1598 ΤΟΥ
1700 1543 1939 1599 ΙΕΡΕΩΣ
1968 1545 2274 1598 ΔΥΝΑΜΕΙ
2316 1546 2454 1601 ΤΟΥ
2488 1545 2692 1600 ΛΓΙΟΥ
2744 1547 3194 1604 ΠΝΕΥΜΑΤΟΣ.

2003 2177 2183 2237 QUOD

1094 1903 1470 2060 MARGI
1530 1906 2437 2064 ARCHIEPISGOPI
2525 1911 3080 2064 EPIIESINI

733 2329 901 2390 NON
954 2329 1221 2392 SOLUM
1282 2333 1332 2391 A
1395 2329 1607 2390 VOCE
1639 2330 2215 2393 DOMINICORUM
2270 2331 2698 2394 VERBORUM
2753 2335 3436 2397 SANCTIFICANTUR

611 2451 883 2516 DIVINA
941 2453 1192 2523 DONA,
1253 2452 1532 2513 VERUM
1577 2453 1623 2510 A
1673 2450 2258 2525 CONSEQUENTE
2315 2453 2737 2515 ORATIONE
2796 2455 2892 2514 ET
2968 2456 3554 2521 BENEDICTIONE

1247 2575 1773 2649 SACERDOTIS,
1807 2577 2164 2638 VIRTUTE
2220 2575 2506 2639 SANCTI
2532 2577 2916 2640 SPIRITUS.

1345 2742 1608 2806 (Liturgize
1643 2703 1734 2793 SS.
1776 2743 1977 2792 Patrum
2005 2743 2162 2793 Paris.
2194 2743 2314 2795 1560
2343 2763 2356 2804 ;
2383 2747 2626 2810 Antverp.
2661 2748 2822 2809 I562.)

508 3042 621 3105 Nos
653 3048 747 3120 qui
773 3063 802 3104 a
827 3048 1000 3106 sacris
1033 3048 1298 3122 apostolis
1314 3055 1368 3104 et
1385 3063 1574 3104 eorum
1595 3047 2025 3114 successoribus,
2056 3049 2104 3110 Α

438 3141 760 3197 doctoribus
790 3143 1070 3209 Ecclesiae,
1103 3142 1348 3214 mystica:
1381 3141 1615 3212 liturgiae
1629 3141 2022 3211 expositionem

437 3231 771 3301 accepimus,
811 3231 955 3303 apud
991 3246 1184 3288 eorum
1228 3231 1440 3286 nullum
1468 3231 1781 3302 reperimus
1797 3231 1865 3286 ab
1889 3230 2024 3301 ipsis

441 3321 747 3378 Dominicis
808 3323 991 3380 verbis
1038 3323 1306 3378 duntaxat
1355 3322 1691 3379 sanctiﬁeari
1725 3331 1781 3378 et
1836 3319 2024 3393 perﬁci

437 3412 791 3470 Eucharistim
814 3416 1042 3483 donum,
1061 3423 1116 3470 et
1147 3415 1201 3470 in
1233 3415 1412 3486 ipsum
1451 3414 1790 3470 Dominicum
1822 3427 2021 3483 corpus

433 3518 486 3562 et
536 3506 861 3578 sanguinem
953 3508 1334 3572 transmutari,
1435 3523 1624 3564 verum
1685 3523 1807 3578 quae
1867 3508 2021 3578 prius

423 3599 732 3676 _reeitantur
784 3599 951 3655 verba
986 3599 1128 3670 apud
1157 3615 1346 3655 omnes
1382 3598 1627 3655 unanimi
1665 3613 1940 3654 consensu
1970 3606 2026 3652 et

435 3706 533 3747 nos
567 3689 634 3746 ad
689 3693 1008 3747 memeriam
1079 3691 1156 3748 rei
1185 3701 1297 3746 tum
1334 3701 1499 3763 geste
1527 3706 1802 3757 revocare,
1831 3699 1886 3745 et
1909 3691 2017 3745 vim

433 3785 840 3854 potentiamque
870 3785 1028 3855 quasi
1053 3784 1311 3856 ejaculari
1348 3782 1400 3839 in
1435 3783 1712 3856 preposita
1774 3783 1916 3839 dona
1951 3784 2019 3839 ad

433 3877 985 3931 transmutationem:
1022 3892 1142 3944 qua:
1195 3885 1377 3930 autem
1415 3875 1770 3944 consequitur
1805 3882 2014 3942 postea,

431 3968 733 4023 orationem
756 3975 809 4022 et
828 3967 1261 4024 benedictionem
1288 3967 1613 4033 sacerdotis,
1630 3967 1806 4034 reipsa
1837 3976 2016 4020 trans-

434 4071 644 4116 mutare
668 4059 781 4130 jam
813 4060 954 4116 dona
1001 4061 1054 4116 in
1078 4061 1254 4131 ipsum
1304 4069 1624 4132 prototypou
1657 4059 1788 4113 illud
1818 4073 2019 4128 corpus

429 4164 482 4205 et
514 4153 833 4223 sanguinem
873 4153 1237 4208 Dominicum.
1284 4151 1409 4207 H.rc
1472 4168 1598 4207 vero
1630 4151 1746 4222 ipsa
1804 4165 2021 4220 quoque

429 4247 721 4301 verborum
759 4245 930 4300 series
957 4244 1305 4306 testiﬁcatur,
1359 4259 1481 4312 qua:
1528 4242 1908 4298 convenientia
1965 4248 2023 4294 et

355 4383 358 4403 λ
428 4338 724 4394 concordia
751 4338 894 4407 apud
955 4353 1056 4391 nos
1120 4338 1700 4406 reperiunturzatque
1748 4343 1857 4388 lota
1905 4331 2022 4388 inec

2216 3048 2409 3119 Ἡμεῖς
2455 3049 2521 3103 ἐκ
2561 3049 2669 3103 τῶν
2710 3047 2873 3118 ἱερῶν
2905 3047 3221 3105 ἀποστόλων
3261 3051 3356 3106 καὶ
3397 3051 3506 3107 τῶν
3531 3053 3710 3108 διαδεο

2138 3139 2389 3208 ξαμένων
2437 3142 2637 3205 αὐτοὺς
2681 3141 3024 3197 διδασκάλων
3074 3144 3173 3214 τῆς
3212 3143 3556 3217 Ἐκκλησῐας,
3607 3148 3708 3219 τὴν

2133 3235 2236 3304 τῆς
2300 3234 2572 3304 μυστικῆς
2634 3233 2978 3304 λειτουργίας
3034 3233 3252 3290 ἔκθεσιν
3290 3238 3704 3308 παρειληφότες,

2136 3325 2270 3394 παρ’
2300 3324 2477 3377 οὐδενὶ
2507 3323 2714 3378 τούτων
2743 3324 2978 3395 εὕρομεν
3009 3324 3102 3380 ὐπ’
3132 3326 3310 3380 αὐτῶν
3334 3326 3442 3380 τῶν
3466 3329 3714 3380 δεσποτιο

2134 3415 2249 3470 κῶν
2283 3416 2546 3487 ῥημάτων
2578 3417 2673 3470 καὶ
2713 3415 2878 3487 μόνον
2904 3415 3226 3485 ἀγιάζεσθαι
3259 3417 3353 3472 καὶ
3375 3415 3710 3471 τελειοῦσθαι

2131 3507 2194 3563 τδ
2227 3508 2323 3579 τῆς
2355 3507 2707 3580 εὐχαριστίας
2738 3507 2933 3579 δῶρον,
2962 3508 3060 3561 καὶ
3093 3507 3227 3578 πρὸς
3267 3509 3401 3563 αὐτὸ
3425 3509 3485 3563 τδ
3513 3511 3710 3562 Δεσπο-

2131 3599 2283 3656 τικδν
2311 3601 2471 3669 σῶμα
2505 3600 2599 3654 καὶ
2626 3595 2767 3671 αἷμα
2811 3600 3228 3670 μεταποιεῖσθαι
3253 3617 3268 3632 ο
3291 3600 3427 3656 ἀλλὰ
3455 3599 3712 3672 προλεγό-

2137 3710 2274 3764 μενα
2309 3692 2410 3762 μὲν
2439 3692 2860 3764 διηγηματικῶς
2899 3693 2967 3746 τά
2995 3694 3215 3763 ῥήματα
3241 3693 3389 3764 παρὰ
3416 3694 3547 3747 πᾶσι
3576 3710 3710 3762 συμ-

2131 3785 2324 3856 φώνως
2354 3785 2504 3854 ἡμᾶς
2557 3803 2616 3838 τε
2670 3785 3049 3856 ἀναφέροντας
3084 3786 3152 3841 τὰ
3196 3786 3332 3856 πρὸς
3364 3786 3710 3856 τὴνμνήμην

2145 3875 2240 3928 τοῦ
2279 3874 2400 3928 τότε
2463 3874 2804 3945 πραχθέντος
2857 3875 2952 3930 καὶ
3004 3875 3234 3944 δύναμιν
3281 3875 3468 3945 ὥσπερ
3500 3875 3710 3929 ἐνιέντα

2135 3970 2247 4033 τοῖς
2281 3968 2670 4039 προκειμένοις
2700 3969 2780 4030 είς
2814 3969 2914 4039 τὴν
2952 3967 3254 4040 μεταϐολήν
3279 3985 3294 4000 ’
3328 3967 3710 4038 ἐπιγινομένην

2134 4061 2192 4114 δὲ
2229 4059 2369 4131 μετά
2403 4059 2580 4113 ταῦτα
2620 4060 2722 4130 τὴν
2767 4059 2932 4129 εὐχήν
2969 4076 3028 4112 τε
3079 4059 3176 4112 καὶ
3221 4059 3470 4128 εὐλογίαν
3511 4059 3604 4110 τοῦ
3633 4057 3710 4110 ἱε-

2137 4154 2296 4224 ρὲως,
2318 4151 2566 4224 ἐνεργείᾳ
2609 4153 2923 4221 μεταποιεῖν
2965 4151 3066 4223 ήδη
3114 4150 3180 4204 τά
3212 4151 3362 4220 δῶρα
3409 4151 3549 4222 πρδς
3579 4149 3708 4204 αὐτὸ

2135 4244 2495 4317 πρωτότυπον
2548 4244 2728 4297 ὲκεῖιο
2783 4244 2943 4313 σῶμα
2972 4245 3063 4297 καὶ
3093 4238 3235 4316 αἷμα
3265 4243 3326 4296 τὸ
3357 4241 3706 4296 Δεσποτικὸν.

2136 4337 2324 4391 Ταῦτα
2366 4337 2424 4391 δὲ
2455 4337 2550 4392 καὶ
2597 4339 2653 4391 αἱ
2689 4336 2935 4400 ἐκθέσεις
2980 4337 3142 4391 αὐταὶ
3177 4335 3538 4408 μαρτυροῦσι,
3572 4334 3708 4404 σύμ-

430 4432 606 4487 oratio
633 4431 686 4487 in
729 4431 797 4485 iis
827 4429 1116 4485 consistet.
1178 4428 1312 4481 Nam
1371 4429 1424 4482 in
1467 4429 1683 4498 liturgia
1737 4441 2019 4482 sacrorum
2055 4421 2081 4479 ε

2130 4447 2295 4500 φωνοι
2328 4429 2461 4496 παρ’
2491 4431 2622 4502 ἡμῖν
2649 4429 3064 4500 εὑρισκόμεναι,
3094 4429 3189 4482 καὶ
3219 4431 3245 4481 ὁ
3275 4427 3428 4496 λόγος
3457 4427 3546 4479 ἐπὶ
3575 4424 3707 4478 rat-J-

429 4523 806 4590 apostolorum
852 4535 882 4574 ο
924 4519 1204 4573 Clemente
1250 4520 1582 4586 conscripta,
1648 4528 1770 4586 post
1797 4531 2024 4572 enarra-

432 4617 638 4669 tionem
717 4611 1130 4666 Dominicorum
1196 4610 1584 4663 miraculorum:
1640 4621 1694 4664 et
1753 4620 2021 4676 actorum,

433 4716 696 4777 prmteri-a
732 4703 1030 4774 passionis,
1087 4704 1529 4768 resurrectionis,
1592 4704 1798 4758 reditus
1828 4703 1880 4757 in
1910 4717 2023 4758 caa-

433 4802 543 4852 lmn
580 4835 595 4861 ,
624 4799 694 4850 ita
731 4797 797 4852 ad
827 4797 1050 4851 verbum
1089 4798 1353 4865 scriptum
1390 4805 1514 4850 est:
1569 4814 1587 4846 ι
1616 4797 1882 4852 Meinorcs
1926 4797 2022 4866 igi-

430 4901 522 4944 tur
547 4905 734 4972 eorum
795 4903 919 4959 quae
967 4897 1190 4958 propter
1241 4902 1342 4942 nos
1399 4902 1592 4957 passus
1650 4897 1758 4953 est,
1819 4890 2021 4953 gratias

333 5022 335 5024 -
433 4981 646 5052 agimus
679 4982 798 5045 tibi,
843 4980 986 5035 Deus
1014 4981 1385 5050 omnipotens,
1423 4997 1526 5034 non
1559 4993 1824 5049 quantum
1857 4982 2020 5036 debe-

436 5091 578 5138 mus,
636 5076 732 5130 sed
790 5083 1055 5145 quantum
1109 5089 1427 5145 possumus,
1475 5083 1529 5127 et
1583 5076 1704 5142 ejus
1753 5083 2020 5128 statutum

433 5168 819 5237 adimplemus.
877 5166 936 5222 ln
994 5183 1101 5237 qua
1165 5168 1309 5222 enim
1337 5179 1496 5221 nocte
1562 5167 1900 5233 tradebatur,
1932 5182 2021 5221 ac-

429 5261 639 5333 cipiens
697 5276 892 5331 panem
953 5261 1006 5316 in
1063 5269 1284 5317 sanctas
1339 5270 1392 5316 et
1459 5263 1843 5316 immaculatas
1892 5275 2022 5315 suas

432 5367 654 5418 manus,
679 5363 732 5407 et
753 5353 980 5408 elevatis
1013 5353 1192 5408 oculis
1223 5353 1290 5406 ad
1347 5360 1397 5406 te
1452 5351 1624 5408 Deum
1684 5367 1748 5405 ac
1801 5343 2020 5408 Patrem

429 5461 615 5512 suum,
659 5445 836 5514 fregit,
869 5446 1128 5514 deditque
1163 5444 1446 5514 discipulis
1473 5445 1590 5498 suis
1613 5443 1803 5498 dicens
1837 5462 1850 5498 :
1912 5445 2021 5498 Ac-

429 5538 588 5605 cipite
616 5554 680 5591 ex
710 5554 792 5601 eo,
827 5537 1080 5590 comedile
1115 5552 1134 5590 :
1169 5534 1283 5589 Hoc
1306 5546 1385 5590 est
1421 5551 1608 5603 corpus
1645 5550 1814 5587 nicum
1879 5534 2020 5604 quod

429 5644 525 5695 pro
559 5629 738 5682 multis
775 5631 1154 5682 comminuitur
1177 5630 1228 5682 in
1263 5629 1626 5682 remissionem
1661 5637 2018 5692 peccatorum.

431 5717 696 5774 Similiter
740 5733 794 5775 et
847 5721 1072 5776 calicem
1103 5736 1169 5774 ex
1203 5722 1330 5775 vino
1357 5728 1410 5774 et
1472 5735 1612 5788 aqua
1655 5728 2015 5787 temperatum

2127 4539 2244 4584 ταις
2273 4520 2669 4592 ἀποδοθήσεται
2694 4535 2708 4550 ⁸
2745 4521 2803 4572 ὲν
2835 4519 2934 4590 μὲν
2973 4519 3078 4590 γὰρ
3107 4521 3174 4590 τῇ
3203 4517 3587 4588 συγγραφεέσῃ
3620 4516 3706 4569 διὰ

2127 4615 2452 4684 Κλήμεντος
2490 4614 2807 4684 λειτουργίᾳ
2857 4615 2966 4667 τῶν
3003 4614 3164 4684 ίερῶν
3195 4611 3529 4674 ἀποστόλων,
3567 4610 3706 4681 μετά

2123 4708 2185 4758 τὸ
2214 4708 2586 4777 διηγήσασθαι
2617 4708 2684 4760 τὰ
2708 4707 3015 4761 Δεσποτικὰ
3040 4705 3290 4775 θαύματα
3321 4705 3414 4758 καὶ
3441 4705 3539 4768 τὰς
3566 4704 3705 4772 πρά-

2127 4801 2258 4867 ξεις,
2293 4800 2374 4853 ἔτι
2406 4799 2463 4852 δὲ
2493 4800 2561 4853 τὰ
2589 4801 2716 4870 περὶ
2741 4800 2802 4854 τὸ
2827 4799 2998 4862 πάθος
3031 4801 3124 4852 καὶ
3154 4799 3254 4867 τὴν
3287 4797 3584 4851 ἀνάστασιν
3613 4794 3703 4848 καὶ

2126 4893 2225 4964 τὴν
2248 4894 2324 4955 είς
2347 4893 2613 4961 οὐρανοὺς
2637 4891 3006 4958 ἄνοδον,οὐτω
3028 4892 3200 4944 κεῖται
3229 4891 3428 4960 ῥητῶς⁹
3444 4908 3462 4940 ι
3482 4889 3703 4958 Μεμνη-

2129 4988 2280 5048 μένοι
2308 4984 2401 5038 οὐν
2427 4978 2502 5040 ὧν
2525 4985 2591 5037 δι’
2617 4987 2762 5054 ἡμᾶς
2794 4984 3115 5054 ὑπέμεινεν,
3142 4981 3574 5052 εὐχαριστοῦμεν
3597 4997 3698 5044 σοι,

2123 5076 2226 5128 Θεὲ
2264 5079 2668 5149 παντοκράτορ,
2694 5077 2792 5146 οὐχ
2823 5077 2948 5130 ὅσον
2973 5076 3287 5145 ὀφείλομεν,
3315 5073 3432 5128 ἀλλ’
3461 5076 3584 5126 ὅσον
3607 5073 3700 5127 δυο

2124 5168 2358 5236 νὰμεθα,
2389 5170 2482 5221 καὶ
2531 5168 2630 5238 τὴν
2687 5168 2929 5232 διάταξιν
2976 5165 3141 5220 αὐτοῦ
3183 5164 3502 5235 πληροῦμεν
3527 5179 3542 5195 ο
3578 5164 3635 5216 ἐν

2124 5261 2233 5330 γὰρ
2267 5261 2425 5314 νυκτὶ
2475 5260 2815 5332 παρεδίδοτο,
2840 5257 3021 5312 λαϐὼν
3051 5258 3216 5328 ἄρτον
3246 5259 3364 5320 ταῖς
3395 5257 3574 5324 ἁγίαις
3607 5254 3700 5308 καὶ

2124 5352 2374 5422 ἀμώμοις
2406 5353 2571 5406 αὐτοῦ
2617 5353 2795 5423 χερσὶ,
2834 5350 2926 5404 καὶ
2969 5348 3273 5418 ἀναϐλέψας
3316 5349 3454 5418 πρὸς
3507 5347 3567 5400 σὲ
3609 5346 3699 5398 τὸν

2122 5444 2256 5496 Θεὸν
2312 5443 2480 5496 αὐτοῦ
2529 5445 2623 5496 καὶ
2662 5445 2880 5512 Πατέρα
2929 5442 3025 5495 καὶ
3073 5440 3280 5501 κλάσας
3323 5441 3524 5492 ἔδωκεν
3569 5439 3699 5507 ἡμῖν

2123 5535 2234 5596 τοῖς
2267 5533 2534 5604 μαθηταῖς
2565 5532 2729 5586 αὐτοῦ
2765 5533 2936 5586 εἰπών
2958 5551 2970 5563 ·
3004 5532 3224 5586 Λάϐετε
3246 5531 3317 5596 ἐξ
3349 5529 3555 5592 αὑτοῦ,
3585 5526 3697 5597 55d-

2124 5643 2289 5691 γετε·
2328 5625 2510 5680 τοῦτό
2544 5627 2675 5680 ἐστι
2724 5625 2788 5678 τὸ
2817 5625 2989 5693 σῶμά
3019 5639 3140 5693 μου
3174 5623 3238 5676 τὸ
3280 5623 3409 5691 περὶ
3455 5618 3698 5674 πολλῶν

2126 5719 2539 5784 θρυπτόμενον
2571 5721 2658 5781 εἰς
2708 5717 2920 5784 ἄφεσιν
2941 5713 3263 5786 ἁμαρτιῶν.
3305 5713 3577 5773 Ὡσαύτως
3608 5709 3696 5763 καὶ

431 5811 808 5879 tauctiﬁcavit,
831 5812 1089 5883 deditque
1107 5812 1240 5883 ipsis
1275 5811 1465 5868 dicens
1492 5826 1504 5863 :
1538 5812 1707 5866 Bibile
1731 5827 1794 5866 ex
1813 5829 1872 5867 εί·
1901 5828 2016 5865 οηι-
2043 5791 2081 5850 C

2130 5813 2181 5865 τὸ
2211 5813 2467 5882 ποτήριον
2513 5818 2750 5882 κεράσας
2787 5809 2847 5874 ἐξ
2874 5810 3020 5863 οῐνου
3063 5809 3157 5864 καὶ
3181 5808 3398 5874 ὓδατος,
3430 5805 3520 5860 καὶ
3542 5804 3694 5872 ἁγιά-
