4100 6472
381 487 519 556 1081

1275 486 1406 548 ’ΒΕ
1436 485 1790 550 CGRPORE
1827 489 1925 550 ET
1954 487 2354 551 SANGUINE
2397 490 2736 558 CHRISTI.

3472 549 3478 552 .
3522 487 3658 554 1082

378 627 498 673 σας,
530 605 731 661 ἔδωκεν
754 607 938 668 αὐτοῖς
967 604 1143 674 λέγων
1171 595 1195 636 ·’
1222 605 1394 660 Πὶετε
1416 607 1484 670 ἐξ
1511 606 1697 661 αὐτοῦ
1719 605 1962 671 πάντες·

2090 621 2157 659 res
2187 621 2206 660 :
2249 606 2332 660 hic
2375 614 2453 660 est
2478 609 2698 678 sanguis
2720 624 2887 674 meus,
2928 607 3019 678 qui
3042 623 3139 676 pro
3166 602 3345 660 multis
3375 605 3659 676 effunditur

376 700 560 756 τοῦτό
587 702 722 755 ἐστι
753 703 818 752 τὸ
851 693 996 768 αἷμά
1035 715 1154 767 μου
1182 699 1250 753 τὸ
1271 701 1404 767 περὶ
1441 699 1688 753 πολλῶν
1714 699 1967 767 ἐκχυνό-

375 809 568 861 μενον
591 792 679 855 εις
703 789 928 857 ἄφεσιν
949 787 1248 857 ἁμαρτιῶν
1267 806 1280 820 ·
1309 791 1486 844 τοῦτο
1513 789 1732 843 ποιεῖτε
1753 792 1838 854 εἰς
1855 790 1971 855 τὴν

381 883 538 953 ἐμὴν
568 881 938 951 ἀνάμνησιν.
984 883 1340 953 Μεμνημένοι
1386 883 1570 934 τοίνυν
1628 881 1721 933 τοῦ
1762 880 1972 943 πάθους

383 975 549 1029 αὐτοῦ
578 975 673 1026 ,ταὶ
702 971 796 1027 τοῦ
834 973 1093 1037 Θανάτου,
1119 974 1214 1026 καὶ
1235 975 1334 1044 τῆς
1362 973 1717 1037 ἀναστάσεως
1744 973 1839 1026 καὶ
1870 972 1971 1041 τῆς

382 1068 462 1130 είς
495 1067 756 1135 οὐρανοὺς
811 1066 1094 1131 ἐπανόδου,
1152 1067 1246 1119 καὶ
1298 1066 1399 1135 τῆς
1454 1065 1755 1135 μελλούσης
1801 1065 1970 1119 αὑτοῦ

384 1158 644 1229 δευτέρας
667 1158 996 1230 παρουσίας,
1021 1161 1078 1212 ἐν
1173 1157 1393 1228 ἔρχεται
1424 1160 1603 1226 κρῖναι
1639 1157 1850 1220 ζῶντας
1881 1157 1974 1212 καὶ

383 1251 615 1318 νεκροὺς
642 1250 738 1304 καὶ
770 1249 1065 1304 ἀποδοῦναι
1094 1249 1311 1319 ἑκάστῳ
1341 1249 1485 1303 κατά
1514 1249 1582 1302 τά
1611 1248 1752 1320 ἔργα
1781 1248 1970 1315 αὑτοῦ,

383 1340 770 1408 προσφέρομεν
814 1357 895 1392 σοι
927 1339 1004 1408 τῷ
1047 1339 1260 1409 βασιλεῖ
1287 1339 1381 1393 καὶ
1411 1339 1529 1409 Θεῷ
1561 1340 1703 1393 κατά
1745 1341 1842 1409 τὴν
1875 1340 1974 1394 αὐ-

382 1430 476 1483 τοῦ
503 1431 746 1496 διάταξιν
769 1431 860 1486 τὸν
889 1433 1053 1502 ἄρτον
1081 1431 1270 1486 τοῦτον
1303 1432 1396 1487 καὶ
1418 1434 1478 1484 τὸ
1505 1433 1766 1504 ποτήριον
1788 1433 1970 1498 τοῦτο,

384 1521 834 1591 εὐχαριστοῦντες
885 1539 967 1576 σοι
1011 1522 1080 1577 δι’
1115 1522 1307 1587 αὐτοῦ,
1350 1521 1437 1592 ἐφ’
1487 1518 1568 1586 οἷς
1627 1523 1974 1595 κατηξίωσας

385 1615 535 1682 ἡμᾶς
563 1615 786 1668 ἑστάναι
837 1614 1067 1668 ἐνώπιόν
1111 1632 1204 1668 σου
1256 1615 1352 1668 καὶ
1384 1615 1688 1683 ἱερατεύειν
1721 1633 1805 1668 σοι
1833 1631 1846 1646 ·
1880 1617 1975 1670 καὶ

385 1705 651 1776 ἀξιοῦμέν
685 1724 742 1760 σε
777 1707 928 1769 ὅπως
973 1707 1220 1776 εὐμενῶς
1265 1708 1579 1777 ἐπιϐλέψοις
1611 1707 1706 1759 ἐπὶ
1733 1707 1801 1760 τά
1845 1724 1980 1777 προ-

387 1796 617 1866 κείμενα
664 1798 813 1868 δῶρα
863 1797 1038 1851 ταῦτα.
1087 1798 1320 1852 ἐνώπιόν
1371 1815 1488 1858 σου,
1545 1799 1609 1850 σὺ
1648 1798 1677 1849 ό
1721 1797 1977 1866 ἀνενδεὴς

385 1887 539 1950 Θεὸς.
571 1876 668 1942 καλ
700 1889 1010 1959 εὐδοκήσοις
1041 1889 1129 1942 ἐπ’
1159 1889 1346 1952 αὐτοῖς
1385 1890 1464 1951 είς
1502 1889 1669 1958 τιμὴν
1712 1887 1806 1940 τοῦ
1845 1889 1979 1958 Χριο
2008 1939 2014 1944 .

2081 698 2134 750 in
2159 698 2521 752 remissionem
2544 701 3030 767 peccatorum;hoc
3058 700 3216 767 facile
3248 699 3301 752 in
3331 715 3500 751 meum
3523 714 3658 750 com

2077 792 2540 847 memorationem.
2596 792 2866 846 Memores
2946 791 3112 860 igitur
3168 791 3442 860 passionis
3515 789 3656 856 ejus,

2075 882 2289 945 mortis,
2322 883 2767 946 resurrectionis,
2826 882 3036 939 reditus
3092 882 3144 936 in
3181 882 3372 943 cmlos,
3403 889 3459 935 et
3493 879 3657 934 futuri

2074 973 2195 1041 ejus
2230 975 2774 1036 secundiadventus.
2808 975 2862 1028 in
2920 989 3028 1043 quo
3082 973 3260 1028 veniet
3315 972 3660 1041 jutlieatnrus

2075 1066 2227 1120 vivos
2245 1076 2298 1119 et
2326 1076 2592 1130 mortuos,
2646 1066 3078 1134 redditurnsque
3118 1064 3322 1134 cuique
3355 1063 3654 1118 secundum

2077 1173 2242 1226 opera
2274 1173 2394 1218 sua,
2421 1157 2702 1213 all'erimus
2734 1158 2830 1212 tibi
2874 1157 3007 1226 Regi
3068 1170 3133 1212 ac
3181 1156 3312 1219 Deo,
3362 1154 3659 1209 secundum

2076 1249 2195 1317 ejus
2248 1249 2667 1315 institutionem,
2701 1263 2894 1316 partem
2934 1249 3100 1313 hunc,
3133 1255 3186 1302 et
3227 1248 3375 1301 hunc
3405 1245 3661 1307 calicem,

2076 1339 2280 1407 gratias
2313 1339 2406 1393 tibi
2445 1354 2540 1408 per
2582 1354 2705 1393 eum
2765 1347 3008 1408 agentes,
3067 1336 3213 1405 quod
3248 1351 3347 1392 nos
3411 1335 3666 1404 dignatus

2079 1431 2248 1486 fueris
2285 1443 2465 1486 astare
2505 1446 2688 1485 coram
2743 1441 2817 1493 te,
2876 1439 2932 1486 et
2995 1430 3088 1484 tibi
3147 1428 3481 1484 sacriﬁcare.
3516 1425 3582 1480 Et.
3617 1434 3668 1481 te

2078 1538 2357 1592 rogamus,
2395 1531 2453 1576 ut
2477 1521 2708 1590 propitio
2740 1537 3044 1591 serenoque
3072 1523 3222 1574 vultu
3259 1519 3522 1589 respicias
3576 1534 3668 1573 su-

2081 1631 2177 1684 pra
2207 1615 2319 1668 Iiaec
2349 1615 2631 1682 proposita
2670 1614 2808 1668 bona
2875 1629 3060 1669 coram
3100 1620 3173 1678 te,
3217 1620 3276 1667 tu
3321 1611 3414 1681 qui
3464 1611 3670 1666 nullius

2080 1705 2313 1773 indiges,
2355 1703 2502 1758 Deus
2532 1723 2544 1760 :
2579 1712 2632 1758 et
2657 1705 2749 1758 tibi
2773 1704 3154 1774 complacitum
3187 1705 3258 1759 sit
3287 1704 3340 1758 in
3371 1704 3449 1758 eis
3471 1702 3537 1757 ad
3569 1705 3671 1757 ho-

2081 1811 2269 1850 norem
2285 1795 2492 1850 Christi
2523 1796 2622 1858 tui,
2645 1805 2699 1850 et
2722 1796 2938 1850 mittere
2965 1795 3209 1864 digneris
3231 1803 3482 1850 sanctum
3516 1805 3668 1850 tuum

2083 1882 2346 1952 Spiritum
2376 1897 2542 1952 super
2596 1884 2700 1939 hoc
2761 1884 3112 1946 sacriﬁcium,
3179 1893 3374 1939 testem
3452 1884 3672 1954 passio-

389 1980 518 2033 στοῦ
546 1999 639 2034 σου
669 1983 762 2034 καὶ
789 1981 1174 2050 καταπέμψοις
1205 1982 1266 2034 τὸ
1297 1981 1453 2048 ἅγιόν
1488 1999 1583 2036 σου
1616 1981 1844 2050 Πνεῦμα
1878 1983 1970 2034 ἐπὶ

2090 1991 2204 2031 ium
2262 1973 2472 2030 Domini
2496 1972 2650 2040 Jesu,
2711 1983 2771 2030 ut
2799 1973 2995 2030 elliciat
3025 1989 3220 2045 panem
3273 1976 3418 2030 hunc
3458 1991 3660 2045 corpus

385 2069 487 2138 τὴν
528 2069 720 2123 θυσίαν
756 2070 983 2137 ταύτην,
1013 2070 1104 2124 τὸν
1144 2071 1401 2140 μάρτυρα
1431 2071 1509 2141 τῷ
1539 2072 1829 2142 παθήματι
1869 2070 1964 2124 τοῦ

2076 2065 2277 2122 Christi
2300 2065 2375 2119 tui
2397 2084 2410 2120 :
2431 2074 2485 2120 et
2501 2066 2725 2120 calicem
2755 2066 2899 2121 hunc
2920 2067 3238 2136 sanguinem
3267 2065 3470 2122 Christi
3530 2069 3663 2122 lui.)

387 2162 596 2230 Κυρίου
628 2161 824 2232 Ἰησοῦ,
869 2163 1018 2224 ὅπως
1067 2164 1336 2232 ἀποφήνοι
1370 2165 1460 2218 τὸν
1505 2164 1670 2235 ἄρτον
1715 2161 1907 2218 τοῦτον
1938 2162 2100 2230 σῶμα
2134 2157 2228 2213 τοῦ
2264 2157 2505 2228 Χριστοῦ
2543 2175 2656 2224 σου,
2699 2157 2790 2212 καὶ
2820 2158 2882 2210 τὸ
2914 2159 3177 2228 ποτήριον
3209 2158 3370 2212 τοῦτο
3401 2154 3544 2227 αἷμα
3574 2157 3671 2212 τοῦ

390 2250 629 2318 Χριστοῦ
673 2269 767 2304 σου
794 2291 809 2305 .
839 2271 858 2304 ιι

463 2342 649 2397 Ταῦτα
668 2343 763 2413 μὲν
779 2344 828 2396 οἱ
849 2344 980 2398 θεῖοι
996 2345 1380 2399 ἀπόστολοιδιά
1402 2345 1500 2415 τῆς
1531 2344 1858 2414 συγγραφῆς
1885 2361 1979 2398 του

397 2433 666 2505 μακαρίου
688 2435 997 2504 Κλήμεντος
1019 2439 1083 2506 τῇ
1111 2436 1410 2507 Ἐκκλησία
1435 2437 1901 2505 παραδεδώκασιν.
1920 2434 1982 2490 Ὀ

395 2525 450 2577 δέ
468 2541 528 2590 γε
546 2525 684 2588 θεῖος
698 2524 952 2589 Ἰάκωϐος
967 2530 994 2580 ὁ
1008 2528 1104 2595 τῆς
1118 2528 1508 2598 Ἰεροσολύμων
1535 2529 1745 2597 πρῶτος
1761 2527 1984 2581 ἐπίσκο-

396 2631 496 2677 πος
524 2615 617 2668 καὶ
643 2615 734 2668 τοῦ
767 2618 981 2684 πρώτου
1013 2617 1106 2669 καὶ
1148 2612 1382 2686 μεγάλου
1427 2618 1729 2688 ἀρχιερέως
1758 2618 1987 2686 ἁδελφὸς

398 2703 533 2772 ὁμοῦ
555 2704 918 2776 καὶδιάδοχος,
943 2707 1037 2760 καὶ
1055 2707 1214 2773 αὐτος
1233 2708 1330 2778 τὴν
1350 2709 1617 2779 μυστικὴν
1639 2710 1986 2778 ἐκτιθέμενος

399 2793 761 2865 λειτουργίαν,
779 2798 838 2847 ἐν
859 2797 929 2866 τῷ
953 2799 1100 2867 αὐτῷ
1122 2799 1276 2868 μέρει
1305 2799 1442 2869 μετά
1459 2800 1517 2852 τὸ
1533 2800 1899 2871 διηγήσασθαι
1917 2800 1987 2852 τὰ

404 2887 713 2940 Δεσποτικά
735 2889 957 2958 ῥήματα
983 2891 1158 2943 τοιάδε
1193 2891 1393 2960 γράφει
1412 2909 1427 2924 θ
1453 2910 1472 2944 ι
1509 2891 1865 2961 Μεμνημένοι
1893 2885 1988 2944 οῦν

405 2978 500 3029 καὶ
529 2978 688 3046 ἡμεῖς
723 2979 772 3031 οἱ
800 2979 1120 3051 ἁμαρτωλοὶ
1163 2981 1271 3034 τῶν
1299 2981 1583 3046 ζωοποιῶν
1612 2983 1777 3035 αὑτοῦ
1813 2981 1990 3052 παθη-

409 3068 617 3137 μάτων,
655 3067 748 3123 τοῦ
776 3071 1046 3139 σωτηρίου
1079 3073 1339 3142 σταυροῦ,
1369 3074 1463 3126 καὶ
1486 3073 1582 3132 τοῦ
1608 3074 1865 3137 θανάτου,
1893 3074 1988 3128 καὶ

405 3161 505 3230 τῆς
533 3159 731 3230 ταφῆς,
763 3162 856 3215 καὶ
895 3162 994 3231 τῆς
1028 3164 1330 3234 τριημέρου
1376 3165 1440 3218 ἐκ
1489 3165 1701 3236 νεκρῶν
1751 3167 1989 3219 ἀναστά-

2152 2336 2277 2395 Haec
2305 2340 2521 2410 quidem
2568 2339 2679 2395 divi
2725 2339 2963 2408 apostoli
3019 2356 3114 2407 per
3150 2339 3299 2395 beati
3361 2340 3663 2398 Clementis

2083 2433 2440 2501 scriptionem
2471 2431 2725 2486 Ecclesiae
2761 2431 3132 2489 tradiderunt.
3159 2432 3323 2487 Divus
3354 2448 3482 2487 vero
3513 2432 3676 2489 Jaco-

2083 2523 2714 2593 bnsllicrosolymorum
2745 2523 2957 2592 primus
3012 2524 3322 2592 episcopus,
3380 2539 3446 2578 ac
3509 2525 3673 2594 primi

2084 2615 2375 2685 magnique
2407 2616 2678 2685 pOntilicis
2711 2615 2879 2671 frater
2909 2615 3148 2669 simulet
3176 2629 3489 2682 successor,
3555 2616 3674 2686 ipse

2084 2721 2304 2776 quoque
2362 2709 2649 2777 mysticam
2693 2722 2973 2777 exponens
3018 2707 3319 2778 Liturgiam
3381 2708 3434 2762 in
3483 2708 3673 2763 eadem

2085 2808 2262 2865 parte,
2292 2807 2412 2866 post
2442 2799 2822 2854 recitationem
2885 2799 3301 2854 Dominicorum
3359 2800 3674 2861 verborum,

2088 2890 2203 2944 haec
2237 2891 2427 2945 scribit
2461 2907 2476 2945 :
2520 2908 2538 2941 ι
2571 2889 2842 2946 Memores
2897 2891 3064 2959 igitur
3109 2899 3164 2944 et
3224 2905 3325 2945 nos
3354 2901 3675 2960 peccatores

2092 2983 2414 3052 passionum
2486 2982 2607 3053 ejus
2655 2982 3019 3046 viviﬁcarum,
3072 2983 3256 3037 crucis
3305 2982 3560 3037 salutaris
3614 2995 3677 3035 ac

2093 3077 2308 3143 mortis,
2363 3078 2598 3146 sepulcri
2635 3093 2700 3132 ac
2757 3078 3178 3133 resurrectionis
3207 3092 3236 3131 a
3267 3076 3498 3132 mortuis
3521 3076 3678 3130 tertio

2093 3169 2203 3232 die,
2229 3169 2568 3224 ascensionis
2625 3169 2678 3223 in
2717 3169 2906 3232 cmlos,
2957 3177 3010 3223 et
3048 3169 3380 3224 assessionis
3443 3167 3562 3236 ejus
3607 3167 3678 3223 ad

409 3269 566 3317 σεως.
596 3253 688 3306 καὶ
716 3253 814 3322 τῆς
843 3253 924 3316 είς
945 3255 1210 3324 οὐρανοὺς
1233 3256 1443 3320 ἀνόδου,
1469 3259 1563 3310 καὶ
1587 3258 1685 3326 τῆς
1713 3261 1778 3310 ἐκ
1803 3257 1989 3323 δεξιῶν

2097 3261 2376 3316 dexteram
2405 3270 2548 3316 tuam
2589 3261 2680 3316 Dei
2711 3270 2767 3316 et
2795 3260 2994 3326 Patris,
3037 3263 3095 3316 et
3120 3262 3341 3316 secundi
3368 3260 3590 3331 gloriosi
3625 3267 3678 3314 et

410 3361 505 3397 σου
537 3342 630 3396 τοῦ
660 3345 795 3397 Θεοῦ
821 3344 915 3398 καὶ
939 3346 1150 3415 Πατρῦς
1184 3347 1474 3417 καθέδρας,
1492 3349 1582 3401 καὶ
1607 3348 1708 3417 τῆς
1731 3348 1988 3417 δευτέρας

409 3435 620 3500 ἐνδόξου
663 3436 755 3488 καὶ
812 3436 1050 3504 φοϐερᾶς
1092 3438 1258 3491 αὑτοῦ
1305 3439 1642 3508 παρουσίας,
1683 3441 1810 3492 ὅταν
1861 3440 1991 3513 ἔλθῃ

415 3525 556 3595 μετά
597 3524 757 3594 δόξης
791 3528 974 3593 κρῖναι
1011 3524 1218 3587 ζῶντας
1249 3527 1342 3578 καὶ
1372 3527 1624 3595 νεκροὺς,
1657 3527 1783 3578 ὅταν
1819 3525 1991 3597 μέλλῃ

413 3616 724 3670 ἀποδιδόναι
775 3615 990 3684 ἑκάστῳ
1043 3618 1186 3668 κατὰ
1215 3615 1284 3666 τὰ
1326 3616 1464 3684 ἔργα
1505 3614 1696 3676 αὑτοῦ,
1749 3615 1991 3684 προσφέ-

419 3710 583 3777 ρομέν
618 3725 721 3770 σοι,
757 3707 1026 3771 Δέσποτα,
1057 3707 1158 3776 τὴν
1186 3707 1423 3778 φοϐερὰν
1457 3707 1663 3777 ταύτην
1695 3709 1788 3760 καὶ
1837 3707 1992 3761 ἀναί-

419 3810 624 3862 μακτον
666 3795 878 3847 θυσίαν.
909 3812 927 3845 ι
963 3795 1071 3847 Καὶ
1102 3795 1220 3864 μετ’
1250 3795 1406 3863 ὀλίγα
1432 3813 1447 3827 ο
1489 3813 1508 3846 ι
1540 3797 1792 3866 Ἐλέησον
1821 3798 1988 3866 ἡμᾶς,

415 3887 444 3937 ὁ
469 3885 621 3948 Θεὸς,
652 3885 876 3939 κατὰτὸ
913 3887 1057 3956 μέγα
1107 3888 1254 3952 ἔλεός
1303 3904 1418 3950 σου,
1469 3890 1565 3942 καὶ
1611 3889 1994 3953 ἐξαπόστειλον

416 3977 502 4046 ἐφ’
536 3979 687 4046 ἡμᾶς
741 3979 833 4030 καὶ
876 3980 970 4031 ἐπὶ
1006 3980 1074 4032 τὰ
1111 3980 1446 4050 προκείμενα
1485 3979 1615 4049 ἅγια
1643 3981 1793 4052 δῶρα
1817 3983 1993 4034 ταῦτα

418 4069 477 4123 τὸ
535 4071 760 4136 Πνεῦμά
821 4087 916 4123 σου
966 4070 1026 4122 τὸ
1078 4072 1360 4138 πανάγιον,
1399 4072 1458 4124 τὸ
1487 4072 1676 4140 κύριον
1724 4073 1821 4126 καὶ
1860 4072 1994 4137 ζωο-

419 4162 593 4228 ποιὺν,
627 4162 688 4214 τὸ
717 4161 1008 4232 σύνθρονόν
1042 4179 1122 4214 σοι
1152 4163 1229 4231 τῷ
1259 4162 1376 4231 Θεῷ
1423 4163 1512 4216 καὶ
1561 4165 1738 4232 Πατρὶ
1779 4165 1874 4216 καὶ
1915 4164 1993 4234 τῷ

425 4254 704 4323 μονογενεϊ
728 4269 819 4306 σου
848 4252 984 4322 Υἰῷ,
1019 4253 1079 4306 τὸ
1107 4253 1521 4322 συμϐασιλεῦον,
1549 4254 1611 4304 τὸ
1632 4253 1918 4322 ὁμοούσιόν
1935 4271 1994 4306 τε

420 4344 514 4397 καὶ
543 4343 830 4408 συναῒδιον,
857 4344 918 4396 τὸ
966 4343 1206 4412 λαλῆσαν
1256 4347 1314 4396 ἐν
1353 4346 1502 4413 νόμῳ
1543 4346 1638 4396 καὶ
1665 4347 1991 4416 προφήταις,

420 4434 515 4486 καὶ
545 4435 610 4502 τῇ
640 4435 799 4502 καινῇ
820 4449 913 4483 σου
946 4431 1211 4503 Διαθήκῃ,
1248 4433 1308 4484 τὸ
1336 4433 1578 4486 καταϐὰν
1607 4435 1665 4485 ἐν
1686 4433 1816 4486 εἴδει
1836 4451 1994 4504 περι-

423 4525 619 4593 στερᾶς
653 4523 747 4575 ἐπὶ
770 4523 859 4575 τὸν
893 4521 1094 4591 Κύριον
1129 4523 1286 4593 ήμῶν
1321 4523 1530 4593 Ἰησοῦν
1570 4525 1807 4594 Χριστὸν
1837 4526 1896 4578 ἐν
1916 4525 1994 4594 τῷ

2101 3349 2368 3404 tremendi
2398 3349 2518 3419 ejus
2541 3352 2829 3413 adventus,
2897 3367 3022 3406 cum
3082 3353 3264 3408 veniet
3327 3367 3452 3406 cum
3506 3352 3684 3423 gloria

2094 3440 2159 3493 ad
2192 3440 2552 3509 jndicandum
2584 3442 2735 3497 vivos
2764 3450 2818 3496 et
2849 3450 3119 3510 mortuos,
3183 3459 3322 3513 eum,
3337 3443 3524 3498 reddet
3558 3445 3678 3497 uni-

2092 3533 2293 3601 cuique
2323 3533 2627 3588 secundum
2653 3548 2819 3602 opera
2848 3533 2992 3602 ejus,
3015 3534 3297 3590 offerimus
3344 3535 3463 3597 tilui,
3501 3535 3676 3589 Domi-

2095 3638 2187 3686 ne,
2215 3623 2315 3678 hoc
2344 3623 2676 3679 sacriﬁcium
2706 3625 3004 3679 verendum
3042 3637 3094 3679 et
3117 3625 3488 3680 incruentum.
3525 3644 3543 3676 ι
3611 3627 3678 3681 Et

2094 3725 2216 3785 post
2251 3729 2422 3784 pauca
2485 3731 2500 3769 :
2572 3735 2590 3767 ι
2621 3715 2880 3769 Miserere
2946 3717 3143 3782 nostri,
3185 3717 3349 3780 Deus,
3381 3719 3678 3771 secundum

2094 3820 2345 3874 magnam
2372 3806 2806 3862 miscricordiam
2829 3816 3002 3870 tuam,
3032 3818 3086 3862 et
3118 3808 3340 3862 demitte
3363 3823 3529 3876 super
3557 3825 3678 3876 nos,

2094 3903 2149 3950 et
2181 3911 2343 3966 super
2367 3898 2482 3954 haec
2512 3909 2700 3954 sancta
2723 3900 2864 3954 dona
2899 3900 3183 3970 proposita
3216 3899 3479 3968 Spiritum
3522 3909 3677 3956 tuum

2095 3987 2500 4042 sanctissimum
2555 3988 2848 4044 Dominum
2898 3991 3189 4055 vivilicum,
3229 4007 3334 4045 una
3359 3999 3534 4046 tecum
3571 3992 3678 4046 Deo

2094 4077 2256 4134 Patre
2289 4090 2342 4134 et
2371 4082 2650 4150 unigenito
2681 4081 2822 4136 Filio
2857 4093 2950 4136 tuo
2984 4083 3340 4148 assidentem,
3389 4084 3557 4138 simul
3585 4101 3677 4139 re-

2097 4186 2374 4246 gnantem,
2455 4177 2992 4232 consubstantialem
3055 4187 3110 4231 et
3169 4187 3523 4243 cmrtcrnum,
3583 4179 3677 4248 qui

2096 4266 2306 4321 locutus
2339 4276 2422 4322 est
2452 4268 2504 4321 in
2540 4268 2654 4338 lege
2701 4275 2756 4322 et
2813 4269 3091 4337 prophetis
3145 4283 3159 4320 :
3196 4278 3248 4322 et
3301 4269 3352 4320 in
3395 4283 3538 4323 novo
3586 4277 3678 4324 tuo

2096 4354 2464 4422 Testamento,
2499 4358 2590 4425 qui
2611 4357 2895 4411 descendit
2923 4358 2974 4410 in
3009 4358 3193 4426 specie
3223 4356 3487 4410 columba:
3513 4373 3677 4426 super

2099 4444 2384 4500 Dontinum
2437 4427 2684 4501 nostrum
2733 4447 2920 4501 Jesum
2993 4447 3272 4502 Christum
3339 4449 3391 4500 in
3443 4446 3679 4502 Iordane

2097 4535 2284 4603 ﬂuvio,
2319 4545 2372 4592 et
2397 4539 2593 4591 mansit
2613 4554 2780 4608 super
2821 4554 2944 4592 eum
2985 4555 2999 4591 :
3033 4543 3125 4606 qni
3182 4537 3467 4593 descendit
3521 4555 3679 4609 super

433 4614 676 4687 Ἰορδάνῃ
704 4613 930 4684 ποταμῷ
964 4614 1058 4667 καὶ
1092 4617 1282 4682 μεῖναν
1317 4614 1402 4666 ἐπ’
1431 4614 1612 4679 αὐτὸν,
1656 4615 1716 4668 τὸ
1749 4616 1989 4668 καταϐὰν

2096 4622 2319 4684 ἐοηειοε
2355 4630 2632 4695 apostolos
2659 4638 2782 4685 tuos
2813 4631 2866 4684 in
2905 4632 3085 4700 specie
3139 4632 3419 4701 ignearum
3471 4633 3675 4703 lingua-

421 4708 514 4760 ἐπὶ
547 4708 670 4768 τοὺς
713 4705 902 4773 ἁγίους
953 4722 1047 4757 σου
1096 4705 1428 4770 ἀποστόλους
1465 4707 1522 4758 ἐν
1567 4707 1696 4760 εἴδει
1755 4708 1997 4775 πυρίνων

422 4798 684 4867 γλωσσῶν
715 4799 774 4850 ἐν
804 4797 880 4866 τῷ
906 4797 1140 4868 ὑπερῴῳ
1170 4798 1266 4866 τῆς
1300 4799 1459 4865 ἁγίας
1488 4797 1581 4851 καὶ
1621 4798 1829 4864 ἐνδόξου
1861 4800 1999 4853 Σιὼν

424 4890 482 4942 ἐν
534 4890 598 4958 τῇ
649 4889 834 4958 ἡμέρα
887 4889 986 4957 τῆς
1044 4889 1207 4959 ἁγίας
1257 4890 1680 4960 Πεντηκοστῆς·
1740 4892 1872 4945 αὐτὸ
1939 4893 2000 4944 τὸ

425 4979 650 5049 Πνεῦμα
675 4996 768 5032 σου
793 4980 852 5033 τὸ
883 4981 1148 5048 πανάγιον
1174 4981 1562 5052 κατάπεμψον,
1598 4983 1872 5047 Δέσποτα,
1913 4983 2001 5052 ἐφ’

424 5074 592 5140 ἡμᾶς,
623 5073 717 5124 καὶ
746 5072 836 5123 ἐπὶ
877 5072 947 5124 τὰ
980 5073 1318 5142 προκείμενα
1348 5073 1480 5137 ἆγια
1513 5073 1662 5143 δῶρα
1691 5074 1884 5138 ταῦτα,
1915 5075 2001 5128 ἵνα

426 5163 786 5230 ἑπιφοιτῆσαν
839 5165 902 5232 τῇ
949 5163 1082 5235 ἁγίᾳ
1125 5166 1221 5218 καὶ
1250 5165 1430 5235 ἀγαθῇ
1477 5166 1573 5217 καὶ
1607 5165 1800 5235 ἐνδόξῳ
1835 5166 2000 5219 αὐτοῦ

428 5254 720 5322 παρουσίᾳ,
753 5251 980 5321 ἁγιάσῃ,
1015 5253 1108 5302 καὶ
1146 5253 1348 5321 ποιήσῃ
1396 5255 1488 5304 τὸν
1527 5252 1627 5321 μὲν
1682 5253 1848 5320 ἄρτον
1878 5255 2004 5307 τοῦι
2035 5251 2045 5259 ’

426 5361 520 5396 τον
567 5343 728 5412 σῶμα
759 5340 911 5409 ἅγιον
948 5339 1043 5394 τοῦ
1077 5341 1317 5406 Χριστοῦ
1350 5358 1467 5404 σου,
1497 5345 1588 5395 καὶ
1633 5344 1694 5395 τὸ
1741 5345 2004 5414 ποτήριον

427 5434 586 5487 τοῦτο
614 5429 752 5502 αἷμα
781 5432 960 5500 τίμιον
1004 5430 1096 5484 τοῦ
1120 5431 1355 5498 Χριστοῦ
1395 5449 1507 5484 σου.
1550 5450 1569 5484 ι

500 5525 722 5586 Τούτοις
737 5522 1152 5584 ἀκολουθοῦντες
1175 5522 1268 5574 καὶ
1292 5521 1342 5573 οἱ
1367 5523 1505 5590 μετά
1531 5523 1698 5576 ταῦτα
1722 5525 1815 5594 τὴν
1833 5527 2004 5597 αὐτὴν

363 5649 381 5663 .
429 5613 767 5682 λειτουργίαν
810 5613 1179 5680 ἐπιτεμόντες,
1206 5613 1234 5665 ὃ
1267 5629 1324 5664 τε
1359 5612 1528 5680 μέγας
1575 5614 1873 5681 Βασίλειος,
1911 5619 2007 5671 καὶ

435 5705 552 5776 μετ’
579 5706 784 5759 αὐτὸνό
814 5705 1194 5776 Χρυσόστομος
1211 5707 1482 5775 Ἰωάννης,
1510 5708 1535 5759 ὁ
1572 5706 1668 5775 μὲν
1700 5711 1824 5777 περὶ
1851 5711 2004 5762 τοῦτο

433 5795 492 5843 τὸ
515 5797 577 5862 μέ
587 5811 676 5864 ρος
690 5796 997 5864 γενόμενος,
1018 5796 1110 5846 καὶ
1125 5796 1285 5859 αὐτὸς
1302 5796 1652 5865 διηγούμενος
1672 5797 1768 5867 τὴν
1781 5798 2005 5869 πρώτην

435 5884 649 5954 ἐκείνην
673 5885 982 5955 ἱερουργίαν
1007 5887 1108 5937 ὑπ),
1130 5887 1221 5939 τοῦ
1243 5887 1508 5939 Δέσπόιον
1534 5887 2000 5960 παραδεδομένην,

2101 4735 2246 4782 rum,
2299 4720 2351 4774 in
2404 4721 2690 4775 caenaculo
2721 4730 2926 4775 sancta:
2953 4731 3007 4775 et
3043 4721 3298 4789 gloriosa:
3329 4721 3481 4784 Sion.
3515 4723 3567 4774 in
3597 4723 3681 4777 die

2102 4821 2303 4865 sanctae
2333 4810 2685 4868 Pentecostes
2713 4829 2728 4867 :
2762 4812 2939 4882 ipsum
2975 4812 3241 4882 Spiritum
3273 4822 3422 4866 tunm
3451 4813 3680 4868 sanctis-

2103 4901 2301 4955 simum
2329 4901 2554 4956 demitte
2587 4917 2734 4955 nunc
2764 4917 2998 4970 quoque,
3026 4901 3272 4967 Domine,
3305 4903 3359 4956 in
3388 4918 3509 4967 nos,
3540 4911 3595 4955 et
3625 4902 3680 4956 in

2103 4993 2216 5047 haec
2249 4995 2390 5048 dona
2443 5002 2633 5048 sancta
2665 4994 2965 5062 proposita,
3003 5005 3058 5046 ut
3094 4996 3518 5062 superveniens,
3555 5008 3678 5046 san-

2105 5093 2188 5138 cta
2241 5092 2296 5138 et
2326 5083 2464 5138 bona
2500 5094 2556 5138 et
2603 5084 2840 5152 gloriosa
2897 5094 2986 5137 tua
3041 5082 3327 5152 praesentia
3380 5083 3678 5138 sanctiﬁeet

2103 5183 2158 5230 et
2217 5175 2414 5229 cﬂieiat
2463 5175 2608 5227 hunc
2666 5188 2860 5242 panem
2921 5187 3120 5240 corpus
3183 5175 3436 5225 ‘sanctum
3475 5169 3679 5226 Christi

2106 5261 2206 5328 tui,
2242 5270 2296 5318 et
2339 5262 2561 5317 calicem
2592 5261 2738 5316 hunc
2801 5263 3096 5332 pretiosum
3147 5261 3470 5331 sanguinem
3523 5261 3678 5316 Chri-

2107 5353 2174 5408 sti
2210 5354 2312 5408 tui.
2341 5372 2359 5405 ι

2179 5530 2272 5586 His
2325 5541 2721 5602 consequentes
2768 5533 2934 5601 etqui
2969 5538 3155 5601 postea
3183 5531 3479 5600 Liturgiam
3504 5532 3680 5601 ipsam

2107 5624 2465 5677 concrsiorem
2517 5622 2824 5690 ediderunt,
2883 5631 2995 5678 tum
3028 5640 3260 5696 magnus
3306 5625 3392 5679 ille
3421 5622 3678 5688 Basilius,

2108 5722 2220 5768 tum
2244 5725 2364 5784 post
2387 5729 2510 5770 eum
2542 5713 2782 5770 Joannes
2813 5716 3247 5788 Chrysostomus
3291 5735 3307 5774 :
3342 5717 3429 5771 ille
3454 5717 3678 5787 quidem

2097 5807 2172 5882 jazl
2206 5809 2342 5859 hanc.
2371 5813 2575 5874 partem
2599 5822 2722 5860 cum
2742 5808 2993 5873 accessit,
3022 5808 3135 5876 ipse
3161 5825 3400 5878 quoque,
3443 5807 3678 5863 rccitans

2112 5897 2338 5964 primam
2371 5897 2513 5952 illam
2548 5900 3007 5956 consecrationem
3038 5918 3064 5955 ει
3114 5901 3340 5957 Domino
3391 5901 3674 5963 traditam.
