4100 6412
473 423 617 489 1083

1477 431 1721 494 MARCI
1758 434 2073 494 El’llESll
2117 435 2698 503 METROPOLITIE

3607 449 3741 513 1084
3760 487 3766 499 -

477 561 496 593 ι
530 539 767 609 Dimisit,
828 545 1024 614 inquit,
1075 552 1633 607 commemorationes
1681 551 1924 609 salubris
1947 567 2058 606 sua:

2170 570 2186 604 ι
2219 553 2519 623 Κατέλιπε,
2575 558 2762 630 φησὶν,
2793 560 2923 630 ἡμῖν
2960 563 3332 632 ὑπομνήματα
3357 561 3451 615 τοῦ
3476 565 3740 634 σωτηρίου

474 636 748 704 passionis
805 637 932 704 ista,
985 654 1109 710 qua;
1164 644 1557 713 proposuimus
1613 646 1916 700 secundum
1957 661 2056 702 sua

478 731 752 784 mandata.
808 731 1020 789 Debens
1078 737 1224 789 enim
1271 738 1420 790 exire
1471 738 1524 792 in
1579 738 1948 794 voluntariam
2005 750 2060 793 et

473 821 854 876 beatissimam
897 834 950 879 et
976 825 1248 881 vivificam
1285 843 1440 882 suam
1477 843 1734 898 mortem,
1801 832 1854 886 in
1901 844 2060 888 nocte

475 928 582 980 qua
617 913 868 968 tradebat
898 919 1138 986 seipsum
1178 935 1278 989 pro
1328 923 1514 976 mundi
1578 923 1713 988 vita,
1784 927 2060 994 accipiens

475 1021 669 1074 panem
696 1010 748 1061 in
774 1012 982 1065 sanctis
1014 1015 1131 1068 suis
1163 1029 1217 1066 et
1250 1017 1618 1074 iimnacnlatis
1678 1023 1955 1086 manibus,
2007 1033 2061 1079 et

477 1097 771 1153 ostendens
815 1100 910 1154 tibi
947 1103 1055 1158 Deo
1082 1114 1135 1158 et
1166 1105 1339 1172 Patri,
1375 1111 1582 1178 gratias
1613 1127 1802 1182 agens,
1836 1114 2060 1168 benedi-

478 1201 631 1250 cens,
665 1192 1036 1256 sanctiﬁcans,
1081 1194 1338 1268 frangens
1360 1201 1508 1255 dedit
1528 1207 1734 1259 sanctis
1756 1207 1872 1260 suis
1895 1207 2064 1260 disci-

480 1276 627 1344 pulis
658 1289 711 1335 et
736 1286 996 1350 apostolis
1050 1287 1263 1353 dicens,
1329 1294 1564 1358 Accipite
1607 1304 1656 1348 et
1707 1298 2062 1353 manducate.’

481 1367 597 1422 Hoc
627 1382 702 1425 est
747 1389 934 1445 corpus
976 1396 1170 1443 meum,
1223 1384 1363 1452 quod
1395 1402 1491 1454 pro
1530 1387 1669 1441 vobis
1709 1390 1976 1459 frangitur
2007 1393 2062 1446 in

481 1466 842 1522 remissionem
873 1484 1226 1539 peccatorum.
1285 1476 1553 1534 Similiter
1611 1489 1663 1536 et
1719 1484 1940 1538 calicem
1995 1485 2062 1538 de

482 1556 758 1623 genimiue
790 1561 915 1616 vitis
946 1565 1241 1633 accipiens,
1281 1569 1540 1636 miscens,
1597 1573 1803 1641 gratias
1869 1590 2058 1644 agens,

485 1648 838 1720 benedicens,
872 1657 1238 1721 sanctiﬁcans,
1271 1661 1418 1714 dedit
1478 1665 1683 1720 sanctis
1726 1669 1842 1720 suis
1898 1668 2064 1722 (Πενί-

483 1740 629 1807 pulis
663 1755 714 1796 ct
758 1747 1044 1813 apostolis,
1088 1750 1322 1807 dicens:
1365 1752 1534 1808 Bibite
1585 1772 1649 1810 ea:
1699 1759 1794 1810 hoc
1859 1775 2058 1816 omnes.

483 1828 566 1882 hic
592 1840 669 1884 est
707 1837 924 1904 sanguis
959 1855 1103 1893 meus
1154 1842 1274 1894 novi
1298 1841 1645 1912 Testamenti,
1679 1849 1772 1918 qui
1799 1865 1893 1917 pro
1920 1850 2064 1905 vobis

2167 643 2334 698 αὐτοῦ
2367 646 2598 712 πάθους,
2625 649 2800 704 ταῦτα
2831 651 2865 705 ὃ.
2893 652 3324 722 προτεθείκαμεν
3355 653 3495 706 κατὰ
3523 653 3619 715 τὰς
3649 655 3740 707 αὐ-

2166 734 2263 788 τοῦ
2301 737 2522 800 ἐντολάς
2548 753 2562 768 ’
2594 739 2805 810 μέλλων
2835 743 2946 812 γὰρ
2989 741 3193 808 ἐξιέναι
3231 744 3324 799 ἐπὶ
3361 743 3450 796 τὸν
3495 743 3740 800 ἑκούσιον

2168 827 2261 879 καὶ
2313 827 2558 899 ἀοίδιμον
2604 832 2698 884 καὶ
2731 834 2993 896 ζωοποιὺν
3037 833 3205 888 αὐτοῦ
3249 835 3498 896 θάνατον,
3535 835 3600 904 τῇ
3645 852 3738 888 νυ-

2168 919 2260 972 κτὶ
2415 923 2706 990 παρεδίδου
2769 925 2960 978 ἑαυτὸν
3022 926 3163 997 ὑπὲρ
3221 927 3321 995 τῆς
3379 927 3474 980 τοῦ
3535 927 3740 996 κόσμου

2149 1011 2336 1088 ζωῆς,
2361 1011 2725 1084 λα6ὼν,ἇρτον
2757 1016 2849 1069 ἐπὶ
2867 1017 2975 1070 τῶν
3012 1019 3182 1085 ἁγίων
3211 1017 3376 1071 αὐτοῦ
3406 1020 3499 1072 καὶ
3542 1019 3743 1088 ὰχράν-

2127 1093 2142 1109 ’
2169 1122 2276 1158 των
2339 1106 2559 1175 χειρῶν,
2602 1107 2697 1160 καὶ
2746 1108 3029 1174 ἀναδείξας
3093 1126 3176 1164 σοι
3227 1111 3304 1180 τῷ
3336 1109 3457 1181 Θεῷ
3491 1113 3586 1164 καὶ
3631 1111 3741 1163 Πα-

2169 1197 2282 1264 cpi,
2341 1197 2772 1267 εὐχαριστήσας,
2826 1200 3154 1270 εὐλογήσας,
3214 1201 3468 1268 ἁγιάσας,
3517 1201 3738 1266 κλάσας,

2170 1285 2335 1337 ἔδωκε
2364 1273 2474 1348 τοῖς
2503 1288 2678 1354 ἁγίοις
2731 1289 2897 1342 αὐτοῦ
2947 1290 3214 1358 μαθηταῖς
3262 1291 3354 1344 καὶ
3399 1290 3739 1353 ἀποστόλοις,

2170 1375 2365 1442 εἰπὼν,
2399 1375 2640 1440 Λάϐετε,
2668 1378 2888 1446 φάγετε
2917 1395 2932 1410 ο
2967 1379 3144 1433 τοῦτό
3181 1381 3297 1449 μού
3323 1381 3455 1435 ἐστι
3478 1380 3547 1435 τὸ
3572 1380 3740 1448 σῶμα

2169 1467 2236 1518 τὸ
2268 1465 2421 1536 ὑπὲρ
2468 1464 2636 1535 ὑμῶν
2673 1465 2986 1536 κλῶμεν-ον
3009 1471 3096 1534 είς
3139 1469 3362 1538 ἄφεσιν
3401 1468 3696 1538 ἁμαρτιῶν
3719 1485 3738 1502 ο

2169 1559 2374 1629 ὁμοίιος
2425 1560 2520 1612 καὶ
2571 1559 2631 1612 τδ
2681 1563 2944 1628 ποτήριον
2998 1561 3063 1614 εκ
3105 1559 3199 1614 τοῦ
3255 1560 3593 1630 γεννήματος
3639 1560 3740 1628 τῆς

2171 1651 2423 1722 ἀμπέλου
2463 1650 2668 1713 λαϐὼν,
2723 1652 2986 1722 κεράσας,
3039 1651 3463 1722 εὐχαριστήσας,
3522 1651 3743 1720 εὐλογή-

2171 1763 2294 1807 σας,
2361 1744 2601 1812 ἁγιάσας
2635 1743 2805 1798 ἐδωκε
2851 1745 2965 1805 τοῖς
3017 1743 3192 1811 ἁγίοις
3245 1743 3412 1796 αὐτοῦ
3468 1743 3742 1813 μαθηταῖς

2174 1838 2266 1890 καὶ
2321 1835 2642 1899 ἀποστόλοις
2701 1837 2890 1898 εἰπὼν,
2928 1835 3099 1888 Hisce
3147 1834 3216 1900 ἐξ
3246 1833 3432 1888 αὑτοῦ
3476 1833 3738 1900 πάντες·

483 1929 532 1973 et
561 1938 656 1990 pro
690 1926 872 1980 multis
909 1929 1202 1996 effunditur
1225 1933 1278 1986 in
1319 1935 1684 1990 remissionem
1713 1948 2064 2008 peccatorum.

2170 1929 2350 1984 τοῦτό
2376 1929 2511 1982 ἐστι
2535 1927 2602 1981 τὸ
2633 1923 2778 1996 αἷμά
2803 1944 2924 1996 μου
2948 1926 3014 1980 τὸ
3044 1925 3154 1994 τῆς
3187 1925 3400 1994 καινῆς
3427 1917 3739 1993 Διαθήκης,

485 2011 598 2067 Hoc
617 2014 775 2083 facile
806 2020 859 2072 in
886 2037 1056 2077 meum
1082 2029 1655 2083 commemorationem.
1673 2029 1765 2082 »ΕΙ
1787 2041 1908 2099 post
1934 2047 2066 2100 pau-

484 2118 547 2158 ca
577 2123 590 2160 :
623 2126 642 2157 ι
671 2104 814 2174 Ideo,
837 2109 1064 2168 Domine
1084 2117 1452 2183 sanctissime,
1472 2128 1528 2175 et
1558 2132 1658 2176 nos
1683 2114 1996 2191 peceatores
2013 2128 2062 2174 et

488 2191 695 2264 indigni
766 2199 911 2253 serri
946 2203 1046 2265 tui,
1075 2208 1167 2271 qui
1198 2207 1483 2262 constituti
1530 2225 1724 2266 sumus
1757 2212 2066 2267 ministrare

487 2293 680 2340 sancto
708 2287 865 2344 altari
905 2302 1016 2356 tuo,
1054 2309 1162 2349 non
1183 2307 1406 2365 propter
1423 2301 1667 2368 justitias
1692 2315 1908 2358 nostras
1932 2303 2064 2366 (non

485 2377 630 2432 enim
661 2377 892 2437 facimus
909 2385 1038 2452 quid
1060 2385 1185 2442 boni
1207 2390 1263 2444 in
1285 2390 1474 2463 terra),
1496 2394 1588 2450 sed
1621 2405 1840 2464 propter
1857 2396 2067 2452 miseri-

485 2468 704 2526 cordias
753 2481 802 2527 et
838 2475 1219 2534 miserationes
1273 2490 1396 2539 tuas
1435 2499 1572 2553 quas
1627 2485 1859 2542 etl‘udisti
1896 2487 2070 2543 obun-

484 2557 681 2617 danter
713 2579 873 2634 super
905 2583 1025 2635 nos,
1051 2569 1382 2629 conﬁdentes
1412 2578 1911 2647 appropinqnamus
1944 2595 2069 2635 san-

486 2663 576 2710 cto
605 2655 760 2712 altari
789 2667 902 2726 tuo,
922 2670 976 2716 et
1006 2676 1371 2734 proponentes
1396 2669 1658 2741 autitypa,
1689 2672 1739 2726 id
1772 2682 1857 2727 est
1897 2657 2070 2730 conﬂ-

484 2747 700 2811 guralia
755 2751 928 2804 sancti
963 2754 1205 2821 corporis
1235 2765 1290 2810 et
1332 2760 1616 2828 sanguinis
1651 2761 1852 2818 Christi
1884 2765 1983 2826 tui,
2019 2774 2070 2821 te

482 2837 842 2898 obsecramus
872 2850 928 2898 et
960 2853 1012 2899 te
1063 2849 1432 2917 postulamus,
1459 2851 1661 2907 Sancte
1721 2869 2064 2923 sanctorum,

481 2929 819 3002 beneplacita
857 2945 946 2990 tua
975 2937 1339 3008 benignitate,
1376 2943 1565 3000 venire
1622 2945 1885 3016 Spiritum
1943 2965 2070 3005 san-

481 3031 631 3078 ctum
665 3035 817 3081 tuum
840 3043 1006 3099 super
1029 3045 1129 3086 nos
1160 3040 1215 3086 et
1269 3048 1442 3104 super
1504 3039 1782 3106 proposita
1840 3056 2068 3097 munera

483 3112 614 3179 ista,
643 3125 700 3171 et
726 3115 1052 3176 benedicere
1069 3135 1132 3176 ea
1163 3130 1218 3178 et
1246 3126 1609 3195 sanctiﬁcare,
1668 3139 1721 3185 et
1774 3133 2068 3190 ostendere

2169 2023 2236 2076 τὸ
2263 2022 2415 2089 ὑπὲρ
2444 2022 2612 2090 ὑμῶν
2639 2021 2734 2074 καὶ
2765 2019 3012 2074 πολλῶν
3059 2019 3470 2088 sexve-operor
3493 2021 3578 2086 είς
3603 2019 3744 2088 ἀφε-

2170 2130 2276 2168 σιν
2304 2112 2627 2182 ἁμαρτιῶν.
2671 2113 2850 2167 Τοῦτο
2895 2111 3115 2168 ποιεῖτε
3157 2115 3246 2180 εὶς
3275 2114 3390 2178 τὴν
3417 2111 3569 2182 ἐμὴν
3603 2112 3744 2166 ἀνά-

2165 2222 2416 2276 μνησιν.
2457 2224 2475 2258 ι
2511 2207 2620 2260 Καὶ
2659 2207 2778 2275 μετ’
2815 2192 2973 2273 ὀλίγα
3001 2219 3015 2234 °
3047 2223 3065 2256 ι
3111 2205 3211 2258 Διὰ
3265 2205 3443 2268 τοῦτο,
3473 2206 3741 2268 Δέσποτα,

2174 2299 2431 2367 πανάγιε,
2466 2299 2560 2352 καὶ
2592 2300 2754 2368 ἡμεῖς
2780 2299 2830 2352 οἱ
2862 2289 3178 2368 ἁμαρτωλοὶ
3210 2298 3300 2351 καὶ
3329 2298 3537 2363 ἀνάξιοι
3567 2296 3744 2351 δοῦλοί

2172 2407 2286 2454 σου,
2311 2391 2361 2442 οἱ
2396 2389 2824 2453 καταξιωθέντες
2868 2388 3204 2458 λειτουργεῖν
3242 2388 3319 2460 τῷ
3351 2390 3491 2460 ἁγίῳ
3520 2405 3611 2442 σου
3649 2388 3744 2442 θυ-

2171 2484 2497 2553 σιαστηρίῳ,
2544 2485 2603 2537 οὐ
2638 2483 2730 2537 διὰ
2775 2484 2876 2547 τὰς
2925 2485 3274 2549 δικαιοσύνας
3318 2485 3495 2556 ἡμῶν,
3525 2486 3586 2539 οὐ
3634 2485 3744 2556 γὰρ

2172 2577 2516 2647 ἐποιήσαμεν
2578 2593 2630 2628 τι
2681 2575 2882 2643 ἀγαθὸν
2929 2577 3022 2630 ἐπὶ
3070 2578 3169 2645 τῆς
3200 2577 3321 2646 γῆς,
3353 2577 3488 2630 ἀλλα
3540 2577 3628 2630 διὰ
3677 2576 3745 2631 τά

2172 2670 2296 2742 ὲλέη
2365 2685 2459 2722 σου
2503 2669 2598 2721 καλ⁹
2650 2669 2781 2732 τοὺς
2832 2669 3153 2739 οίκτιρμούς
3209 2686 3324 2734 σου,
3377 2668 3470 2733 οὒς
3525 2669 3743 2738 ἐξέχεας

2172 2762 2446 2825 πλουσίως
2488 2761 2572 2830 ἐφ’
2607 2762 2778 2832 ἡμᾶς,
2817 2759 3150 2832 θαρροῦντες
3197 2759 3628 2830 προσεγγίζομεν
3665 2759 3743 2828 τῷ

2170 2855 2314 2924 ἁγίῳ
2345 2872 2439 2907 σου
2471 2852 2870 2924 θυσιαστηρίῳ,
2903 2851 2998 2906 καὶ
3024 2850 3352 2922 προσθέντες
3380 2852 3448 2905 τὰ
3478 2851 3743 2905 ἀντίτυπα

2169 2945 2268 3001 τοῦ
2299 2945 2460 3013 ἁγίου
2510 2944 2766 3014 σώματος
2805 2944 2907 3004 καὶ,
2950 2944 3184 3012 αἵματος
3229 2941 3588 3014 τοῦ-Χριστοῦ
3625 2958 3739 3006 σου,

2173 3038 2270 3092 σοῦ
2299 3037 2530 3106 δεόμεθα
2559 3037 2658 3090 καὶ
2679 3037 2740 3090 σὲ
2769 3034 3218 3106 παρακαλοῦμεν,
3243 3035 3400 3104 ’Δγιε
3433 3035 3620 3102 ἁγίων,
3651 3033 3742 3084 εὐ-

2169 3129 2328 3198 δοκία
2377 3128 2478 3198 τῆς
2526 3127 2628 3198 σῆς
2664 3127 3023 3196 ἁγαθότητος,
3071 3126 3247 3181 nam
3295 3127 3356 3180 τὺ
3392 3124 3610 3195 Πνεῦμὰ
3648 3141 3742 3177 σου

481 3220 682 3277 panem
707 3211 928 3280 quidem
958 3213 1148 3280 istum,
1203 3215 1383 3286 ipsum
1449 3220 1810 3277 honoriﬁcum
1864 3240 2065 3294 corpus

2171 3220 2233 3275 τὸ
2279 3219 2436 3288 ἅγιον
2494 3219 2761 3288 εφ⁹ήμᾶς
2814 3219 2914 3272 καὶ
2960 3219 3056 3272 επὶ
3101 3217 3172 3272 τὰ
3228 3217 3564 3288 προκείμενα
3597 3215 3743 3284 δῶρα

485 3298 727 3368 Domini,
765 3304 854 3357 Dei
877 3312 931 3359 et
967 3305 1268 3366 Salvatoris
1304 3312 1476 3366 nostri
1509 3310 1635 3368 Iesu
1691 3315 1921 3380 Christi,
1970 3319 2063 3388 qui

484 3391 693 3449 ellusus
742 3404 829 3450 est
858 3412 956 3466 pro
985 3401 1170 3454 mundi
1205 3403 1334 3457 vita.
1373 3421 1394 3456 ι
1434 3403 1600 3461 Divus
1635 3421 1851 3477 quoque
1897 3409 2069 3482 Chry-

485 3500 765 3546 soswmus
819 3492 1010 3547 eadem
1090 3495 1288 3550 iterum
1369 3500 1650 3557 concisius
1729 3517 2064 3570 exponens:

492 3598 510 3631 ι
535 3580 771 3635 Veniens
804 3583 1068 3640 Dominus
1102 3589 1374 3653 completo
1404 3591 1555 3646 omni
1617 3607 1716 3663 pro
1765 3593 1924 3651 nobis
1953 3612 2067 3667 my-

486 3674 675 3740 Slcrio,
703 3685 863 3730 nocte
890 3694 997 3746 qua
1033 3681 1369 3747 tradebatur,
1399 3685 1577 3755 magis
1607 3696 1788 3742 autem
1817 3689 2070 3745 tradebat

485 3763 747 3834 seipsum,
782 3783 881 3837 pro
942 3772 1128 3825 tttundi
1160 3775 1292 3839 vita,
1327 3791 1520 3842 panem
1555 3778 1832 3848 accipiens
1857 3783 2068 3838 sanctis

484 3857 626 3921 Suis,
670 3854 1038 3913 immaculatis
1071 3873 1119 3914 et
1153 3861 1453 3929 impollutis
1481 3866 1753 3933 manibus,
1778 3883 1902 3922 cum
1940 3886 2068 3940 gra-

488 3947 594 4004 tias
651 3949 871 4019 egisset,
925 3952 1227 4021 benedixit,
1278 3957 1627 4011 sanctiticans
1671 3968 1727 4012 et
1785 3960 2067 4030 frangens,

491 4039 701 4094 sanctis
725 4044 841 4095 suis
867 4043 1155 4112 discipulis
1188 4055 1243 4100 et
1275 4047 1540 4116 apostolis
1571 4048 1767 4103 tribuit
1826 4051 2020 4110 dicens
2052 4069 2067 4108 :

485 4128 720 4199 Accipite
749 4144 795 4186 et
821 4135 1094 4189 comedite.
1157 4135 1271 4190 Hoc
1319 4148 1395 4194 est
1435 4155 1628 4210 corpus
1678 4157 1874 4210 meum,
1929 4146 2068 4216 quod

489 4241 588 4296 pro
614 4227 756 4283 vobis
787 4227 1056 4298 frangitur
1087 4229 1142 4284 iu
1194 4232 1557 4286 remissionem
1601 4246 1960 4300 peccatorum.
1984 4238 2070 4294 Si-
2111 4249 2120 4258 '

487 4321 692 4376 mi'iter
731 4332 912 4376 autem
972 4332 1028 4379 et
1071 4325 1293 4380 calicem
1349 4335 1636 4398 postquam
1696 4331 1936 4386 coenavit
1985 4331 2070 4387 di-

490 4422 624 4461 cens
660 4421 675 4460 :
705 4407 879 4470 Bibile
901 4425 965 4463 ea:
995 4413 1090 4464 hoc
1112 4428 1313 4468 omnes.
1365 4413 1468 4468 llic
1525 4430 1601 4471 est
1651 4420 1869 4489 sanguis
1923 4437 2070 4475 meus

491 4501 611 4555 novi
634 4498 978 4568 Testamenti,
1003 4504 1095 4571 qui
1117 4520 1212 4572 pro
1239 4506 1381 4560 vobis
1429 4517 1477 4560 et
1509 4507 1749 4575 pluribus
1779 4513 2072 4580 effunditur

487 4593 543 4645 in
563 4593 924 4646 remissionem
945 4603 1298 4662 peccatorum.
1332 4615 1352 4648 ι
1389 4597 1454 4652 Et
1492 4600 1654 4668 paulo
1684 4610 1808 4670 post
1835 4603 1908 4656 ita
1936 4607 2068 4660 sul»
2102 4586 2148 4643 D

483 4684 703 4754 jungit:
743 4702 760 4735 ι
790 4681 1087 4742 Otferimus
1117 4686 1215 4743 tibi
1257 4688 1583 4745 rationabile
1622 4705 1688 4746 ac
1722 4693 2067 4750 incruentum

491 4774 595 4828 hoc
619 4774 980 4843 sacriﬁcium,
1003 4786 1058 4831 et
1106 4792 1418 4847 precamur,
1477 4789 1532 4836 et
1595 4782 1988 4852 supplicamus,
2019 4796 2074 4843 et

487 4865 860 4937 deposcimus,
920 4878 982 4930 ut
1036 4874 1224 4926 mittas
1275 4871 1544 4943 Spiritum
1616 4888 1865 4932 sanctum
1916 4888 2070 4934 tuum

489 4975 782 5029 supernos
812 4969 866 5016 et
893 4975 1058 5032 super
1081 4964 1198 5020 haec
1254 4968 1506 5036 apposita
1545 4985 1773 5025 munera
1815 4988 1830 5027 :
1863 4979 1919 5026 et
1984 4973 2070 5028 t‘ac

425 5049 430 5053 ’
488 5067 684 5122 panem
723 5054 889 5109 istum
945 5056 1166 5123 quidem
1235 5059 1535 5128 pretiosum
1603 5077 1803 5132 corpus
1862 5064 2071 5119 Christi

488 5145 567 5200 tui
600 5161 614 5200 :
641 5148 860 5215 etquod
885 5157 969 5204 est
1000 5149 1050 5202 in
1071 5149 1240 5205 calice
1270 5151 1377 5206 isto
1422 5153 1721 5220 pretiosum
1741 5157 2062 5226 sanguinem

485 5235 690 5293 Christi
717 5239 820 5313 tui,
853 5250 1170 5310 permutans
1205 5253 1394 5299 sancto
1418 5242 1624 5312 Spiritu
1653 5253 1766 5299 tuo.
1815 5264 1838 5296 ι

2170 3313 2370 3380 ταῦτα,
2418 3313 2518 3367 καὶ
2549 3311 2848 3380 εὐλογῆσαι
2883 3309 3023 3363 αὐτὰ
3074 3309 3170 3363 καὶ
3200 3309 3445 3376 ἁγιάσαι,
3496 3309 3590 3362 καὶ
3617 3309 3746 3361 ἀνα-

2168 3405 2360 3472 δεῖξαι,
2401 3405 2492 3458 τὸν
2529 3403 2630 3474 μὲν
2671 3403 2839 3473 ἄρτον
2882 3402 3071 3455 τοῦτον
3112 3401 3244 3454 αὐτὸ
3275 3401 3337 3453 τὸ
3380 3402 3558 3470 τίμιον
3591 3399 3744 3468 σῶμα

2168 3495 2264 3550 τοῦ
2289 3496 2496 3567 Κυρίου
2519 3495 2611 3548 καὶ
2643 3492 2898 3563 Σωτῆρος
2917 3493 2949 3562 ἠ
2959 3491 3075 3562 μῶν
3115 3491 3293 3560 Ἰησοῦ
3318 3490 3576 3562 Χριστοῦ,
3601 3491 3660 3542 τὸ
3689 3489 3744 3544 δι

2170 3589 2434 3657 ποτήριον
2457 3586 2618 3640 τοῦτο
2649 3585 2783 3640 αὐτὸ
2815 3585 2874 3638 τὸ
2895 3587 3078 3654 τίμιον
3117 3579 3257 3653 αἷμα
3285 3582 3376 3637 τοῦ
3419 3583 3620 3652 Κυρίου
3652 3585 3745 3636 καὶ

2171 3680 2310 3734 Θεοῦ
2346 3681 2443 3733 καὶ
2473 3678 2728 3747 Σωτῆρος
2777 3678 2931 3748 ἡμῶν
2969 3676 3144 3747 Ἰησοῦ
3181 3675 3438 3745 Χριστοῦ,
3483 3674 3542 3728 τὸ
3590 3677 3748 3744 ἐκχυ-

2171 3773 2262 3826 θὲν
2317 3772 2460 3842 ὑπὲρ
2499 3775 2598 3844 τῆς
2638 3771 2733 3824 τοῦ
2787 3771 2996 3838 κόσμου
3047 3769 3214 3836 ζωῆς.
3259 3787 3278 3820 ι
3320 3766 3378 3820 '0
3409 3767 3464 3820 δέ
3510 3784 3572 3835 γε
3606 3767 3747 3826 θεῖος

2171 3869 2559 3935 Χρυσόστομος
2605 3865 2673 3918 τὰ
2724 3864 2865 3919 αὐτὰ
2919 3863 3082 3916 πάλιν
3137 3859 3537 3932 ὲπιτομὼτερον
3571 3861 3746 3924 ἀπαγ-

2170 3959 2398 4027 γέλλων,
2440 3975 2459 4010 ι
2507 3956 2708 4010 Ἐλθὼν
2756 3957 2786 4010 δ
2817 3955 3040 4026 Κύριος,
3091 3954 3250 4022 φησὶ,
3288 3953 3384 4006 καὶ
3437 3953 3618 4005 πᾶσαν
3647 3949 3744 4020 τὴν

2172 4054 2316 4124 ὑπὲρ
2349 4051 2508 4123 ἡμῶν
2538 4048 2853 4118 οἰκονομίαν
2879 4047 3196 4118 πληρώσας,
3229 4047 3294 4115 τῇ
3315 4044 3471 4098 νυκτὶ
3574 4059 3745 4110 παρε-

2169 4147 2369 4210 δίδοτο,
2409 4145 2613 4216 μᾶλλον
2657 4142 2715 4198 δὲ
2744 4141 2939 4196 ἑαυτὸν
2987 4140 3296 4209 παρεδίδου,
3330 4139 3469 4206 ὑπὲρ
3507 4137 3606 4206 τῆς
3649 4135 3742 4190 τοῦ

2171 4243 2379 4311 κόσμου
2424 4239 2592 4309 ζωῆς,
2642 4236 2826 4292 λαϐὼν
2862 4235 3028 4306 ἄρτον
3079 4236 3137 4287 ὲν
3184 4234 3302 4296 ταῖς
3337 4232 3521 4300 ἁγίαις
3574 4231 3737 4283 αὐτοῦ

2172 4334 2266 4387 καὶ
2288 4331 2579 4402 ἁχρὰντοις
2605 4329 2698 4381 καὶ
2731 4327 3056 4395 ἁμωμήτοις
3083 4327 3296 4394 χερσὶν,
3325 4321 3738 4392 εὐχαριστήσας,

2173 4422 2503 4490 εὐλογήσας,
2545 4417 2812 4486 ἁγιάσας,
2854 4415 3085 4482 κλάσας,
3117 4414 3282 4466 ἔδωκε
3310 4415 3422 4470 τοῖς
3453 4411 3625 4479 ἁγίοις
3655 4412 3745 4464 αὐ-

2173 4515 2266 4569 τοῦ
2299 4512 2572 4582 μαθηταῖς
2623 4510 2718 4564 καὶ
2747 4508 3065 4569 ἀποστόλοις
3106 4505 3276 4559 εἰπών
3301 4521 3315 4536 ’
3348 4502 3590 4567 Λάϐετε,
3639 4502 3748 4572 φά-

2173 4623 2306 4677 γετε
2331 4621 2347 4636 ο
2383 4603 2565 4658 τοῦτό
2607 4601 2728 4672 μού
2763 4601 2896 4655 ἐστι
2935 4600 3004 4653 τὸ
3052 4596 3225 4668 σῶμα
3269 4595 3337 4650 τὸ
3387 4595 3540 4663 ὑπὲρ
3591 4591 3751 4686 opai:

2173 4696 2488 4764 κλώμενον
2533 4685 2620 4759 εἷς
2671 4691 2896 4762 ἄφεσιν
2937 4687 3240 4760 ἁμαρτιῶν
3267 4704 3282 4719 ·
3315 4687 3515 4756 ὁμοίως
3549 4686 3640 4738 καὶ
3694 4685 3752 4736 τὸ

2173 4789 2436 4858 ποτήριον
2476 4787 2617 4853 μετὰ
2671 4784 2733 4838 τὸ
2763 4782 3052 4851 δειπνῆσαι
3095 4780 3269 4847 λέγων
3296 4795 3312 4812 ο
3337 4780 3508 4833 Hiera
3549 4777 3619 4842 ἐξ
3647 4778 3751 4828 αὐ-

2172 4879 2282 4935 τοῦ
2315 4877 2542 4943 πάντες
2566 4891 2582 4906 '
2615 4873 2797 4929 τοῦτό
2822 4874 2953 4928 ἐστι
2982 4871 3050 4925 τὸ
3083 4866 3228 4940 αἷμὰ
3254 4887 3369 4936 μου
3399 4868 3467 4923 τὸ
3496 4868 3606 4934 τῆς
3632 4882 3752 4920 και-

2175 4970 2291 5040 νῆς
2329 4968 2630 5037 Διαθήκης
2685 4965 2753 5020 τὸ
2783 4964 2937 5033 ὑπὲρ
2985 4963 3153 5034 ὑμῶν
3207 4960 3620 5031 ἐκχυνόμενον
3669 4961 3784 5023 εἰς’

2177 5061 2402 5130 ἄφεσιν
2434 5055 2757 5128 ἁμαρτιῶν.
2797 5073 2820 5107 ι
2858 5055 2968 5108 Καὶ
3014 5055 3164 5125 μετὰ
3199 5052 3394 5124 μικρὸν
3427 5050 3599 5114 οὕτως
3638 5053 3752 5103 ἔτει-

2179 5154 2482 5208 συνάπτει·
2517 5169 2536 5203 ι
2579 5146 2973 5221 Προσφέρομέν
3000 5163 3081 5199 σοι
3117 5146 3218 5216 τὴν
3248 5143 3470 5214 λογικὴν
3504 5143 3753 5211 τοιαύτην

2179 5248 2275 5301 καὶ
2313 5244 2647 5314 ἀναίμακτον
2697 5239 2988 5308 λατρείαν’
3023 5239 3118 5291 καὶ
3164 5234 3611 5308 παρακαλοῦμεν,
3660 5233 3752 5285 καὶ

482 5331 739 5402 δεόμεθα,
779 5335 873 5385 καὶ
923 5334 1260 5403 ἱκετεύομεν,
1313 5337 1674 5407 κατάπεμψον
1727 5338 1786 5391 τὸ
1841 5340 2064 5407 Πνεῦμά
2103 5357 2196 5393 σου
2221 5339 2283 5391 τὸ
2322 5337 2476 5404 διγιον
2508 5325 2600 5404 ὲφτ
2629 5332 2780 5402 ἡμᾶς
2854 5332 2949 5385 καὶ
3008 5329 3101 5383 ἐπὶ
3139 5329 3208 5383 τὰ
3239 5327 3574 5400 προκείμενα
3603 5325 3752 5393 δῶρα

485 5431 684 5498 ταῦτα,
724 5425 832 5486 καῖ
865 5433 1092 5502 ποίησον
1142 5435 1232 5485 τὸν
1285 5435 1385 5501 μὲν
1433 5434 1597 5502 ἄρτον
1648 5434 1834 5487 τοῦτον
1887 5436 2067 5502 τίμιον
2111 5437 2270 5503 σῶμα
2301 5431 2395 5485 τοῦ
2427 5428 2664 5501 Χριστοῦ
2697 5444 2813 5494 σου,
2845 5427 2905 5481 τὸ
2935 5425 2991 5479 δὲ
3030 5421 3088 5479 ὲν
3154 5424 3232 5495 τῷ
3295 5425 3540 5495 ποτηρίῳ
3579 5422 3752 5491 τούτῳ

485 5528 670 5596 τίμιον
697 5523 838 5596 αἷμα
865 5525 962 5579 τοῦ
991 5524 1228 5594 Χριστοῦ
1262 5542 1379 5590 σου,
1420 5525 1743 5596 μεταϐαλὼν
1773 5525 1850 5594 τῷ
1890 5526 2165 5596 Πνεῦματί
2198 5543 2288 5578 σου
2318 5523 2394 5592 τῷ
2421 5523 2581 5592 ἁγίῳ.
2621 5541 2637 5572 ι

564 5620 638 5674 Ita
667 5621 884 5689 quidem
923 5635 1114 5673 omnes
1147 5621 1198 5673 bi
1233 5623 1600 5685 concorditer,
1633 5621 1786 5689 prius
1847 5620 2067 5688 quidem

488 5717 726 5768 recitent
754 5713 1033 5767 Dominica
1061 5711 1249 5780 verba,
1283 5720 1337 5766 et
1366 5728 1462 5781 per
1497 5727 1559 5768 ea
1585 5728 1686 5766 nos
1714 5713 1779 5767 ad
1813 5711 2066 5766 rectirdil-

487 5801 688 5856 tionem
719 5804 794 5857 rei
828 5809 943 5856 tum
973 5812 1206 5872 peractae
1233 5802 1536 5868 adducunt,
1571 5813 1625 5858 et
1680 5803 2092 5858 sanctificatri-.

485 5905 605 5946 cem
637 5892 744 5946 vim
768 5905 835 5947 ac
860 5893 1159 5961 potentiam
1186 5891 1485 5946 immittunt
1547 5892 1602 5948 in
1653 5907 1714 5948 ea
1753 5909 1876 5960 qua:
1933 5908 2062 5949 con-

2249 5617 2405 5671 Οὖτω
2433 5617 2530 5685 μὲν
2556 5615 2792 5675 ἅπαντες
2813 5604 2907 5664 οὗτ
2943 5628 2960 5662 ι
2989 5606 3294 5674 συμφώνως
3312 5604 3629 5676 προλέγουσι
3655 5605 3753 5692 μὲν

2175 5710 2242 5761 τα
2270 5706 2575 5759 Δεσποτικὰ
2615 5705 2854 5772 ῥήματα,
2895 5701 2988 5753 καὶ
3021 5698 3088 5751 δι’
3129 5696 3307 5749 αὐτῶν
3333 5699 3412 5755 είς
3449 5695 3752 5764 ἀνάμνησιν

2177 5801 2322 5869 ἡμᾶς
2346 5799 2540 5866 ἄγουσι
2556 5795 2649 5848 τοῦ
2671 5795 2790 5847 τότε
2807 5792 3161 5863 πραχθέντος,
3194 5789 3285 5841 καὶ
3307 5789 3404 5856 τὴν
3429 5789 3753 5857 ἁγιαστικὴν

2174 5893 2404 5956 δύναμιν
2440 5891 2611 5945 ὲνιᾶσι
2649 5889 3024 5949 τελουμένοις·
3054 5882 3370 5943 ineo/ovat
3400 5880 3454 5934 δὲ
3500 5876 3747 5936 ὕστερον.
