4100 6410
429 472 567 534 11³85

1309 468 1412 531 DE
1444 468 1797 530 CORPOBE
1824 469 1920 535 ET
1942 469 2351 534 SANGUINE
2377 473 2715 538 CHRISTI.

3554 481 3691 540 1086

427 578 517 633 καὶ
539 576 635 647 τὴν
650 574 741 628 τοῦ
764 573 922 644 ἁγίου
937 573 1075 628 Πνεύ
1084 592 1249 645 ματος
1271 576 1653 631 ἐπικαλοῦνται
1672 577 1850 647 χάριν,
1871 578 2011 633 ὥστε

2138 594 2440 649 κιοηηιιινς
2476 592 2663 656 postea
2691 601 2821 642 vero
2850 588 3155 644 orationem
3180 588 3456 653 adhibent,
3479 597 3534 643 et
3560 603 3691 644 san-

428 668 595 735 αύτὴν
616 665 892 728 ἐλθοῦσαν,
916 667 983 718 τὰ
1000 665 1263 734 εἰρημένα
1282 667 1402 718 τότε
1424 669 1537 729 τοῖς
1558 667 1654 720 νῦν
1681 669 2013 737 ἐφαρμόσαι,

429 760 522 813 καὶ
552 757 620 811 τὰ
648 756 979 828 προκείμενα
1002 755 1307 821 τελειῶσαι,
1340 757 1434 809 καὶ
1461 748 1595 827 πρδς
1623 757 1682 810 τὸ
1700 758 2018 811 δεσποτικὸν

429 851 589 921 σῶμα
611 850 704 904 καὶ
725 845 864 919 αἷμα
893 847 1260 917 μεταποιῆσαι
1279 864 1294 882 ο
1322 847 1460 918 αῦτη
1489 847 1596 917 γὰρ
1618 848 1712 901 καὶ
1740 850 1797 901 ἐν
1824 850 1892 918 τῇ
1916 851 2018 919 μή-

429 960 533 1011 τρα
562 941 660 1012 τῆς
685 940 963 1012 Παρθένου
983 939 1083 1010 τὴν
1105 939 1366 1011 θεοφόρον
1388 941 1604 1009 ἐκείνην
1649 942 2020 1009 συνεστήσατο

433 1034 633 1105 σάρκα,
666 1034 808 1087 κατά
856 1033 917 1086 τὸ
946 1032 1238 1103 είρημένον
1267 1033 1404 1102 πρὸς
1434 1031 1604 1103 αὐτὴν
1646 1032 1751 1085 ὑπὸ
1788 1031 1883 1084 τοῦ
1920 1035 2020 1098 ἀγ-

432 1126 593 1193 γέλου
621 1141 635 1157 ·
704 1124 950 1193 Πνεῦμα
1000 1123 1175 1195 ἅγιον
1205 1125 1600 1179 ἐπελεύσεται
1640 1124 1738 1178 ἐπὶ
1785 1124 1883 1188 σὲ,
1919 1124 2019 1177 καί

433 1217 689 1287 δύναμις
728 1218 1028 1285 Ὑψίστου
1061 1214 1407 1270 ἐπισκιάσει
1441 1232 1564 1270 σοι.
1597 1216 1697 1269 Διά
1728 1215 1890 1269 τοῦτο
1922 1213 2018 1267 καὶ

435 1309 464 1360 ὁ
508 1307 679 1376 μέγας
732 1306 1030 1373 Βασίλειος,
1073 1306 1211 1372 μετά
1264 1305 1325 1357 τὸ
1376 1305 1550 1358 εἰπεῖν
1597 1303 1667 1358 τὰ
1721 1303 2019 1357 δεσποτικὰ

443 1401 666 1469 ῥήματα
699 1397 1117 1469 διηγηματικῶς
1148 1397 1225 1461 ὡς
1255 1397 1389 1467 παρ’
1424 1396 1590 1450 αὐτοῦ
1628 1397 1894 1467 εἰρημένα
1925 1397 2018 1449 ἐπὶ

437 1491 531 1542 τσῦ
563 1490 721 1556 ἁγίου
764 1490 1015 1558 σώματος
1044 1490 1137 1544 καὶ
1169 1489 1417 1559 αἵματος,
1452 1488 1721 1541 ἀντίτυπσι
1761 1489 1915 1540 καλεῖ
1948 1489 2018 1541 τὰ

439 1582 798 1652 προκείμενα,
850 1581 1008 1653 δῆλον
1054 1581 1130 1645 ὡς
1173 1583 1342 1652 μήπω
1387 1580 1749 1649 τετελεσμένα
1779 1580 1867 1633 διὰ
1910 1582 2019 1635 τῶν

444 1671 709 1741 ῥημάτων
761 1673 1010 1737 ἐκείνων,
1045 1672 1162 1727 ἀλλ’
1199 1673 1279 1724 ἐτι
1322 1671 1494 1725 τύπον
1534 1672 1655 1725 τινὰ
1704 1672 1799 1724 καὶ
1834 1672 2019 1724 εἰκόνα

442 1766 700 1832 φέροντα.
742 1765 854 1818 Καὶ
909 1764 1082 1828 οὕτως
1125 1764 1288 1828 εὐθὺς
1322 1766 1516 1832 ἐφεξῆς
1568 1765 1631 1817 τὸ
1675 1763 1899 1832 Πνεῦμα
1957 1763 2019 1816 τὸ

441 1854 597 1923 ἅγιον
626 1857 802 1911 ἐλθεῖν
826 1856 1139 1927 ἐπεύχεται,
1181 1856 1274 1910 καὶ
1298 1855 1570 1919 ἀναδεῖξαι
1607 1856 1698 1907 τὸν
1726 1859 1825 1924 μὲν
1856 1855 2020 1924 ἄρτον

2121 676 2192 730 cti
2225 676 2462 745 Spiritus
2484 679 2714 747 gratiam
2744 681 3017 747 invocant,
3080 693 3140 737 ut
3192 698 3255 734 ea
3319 684 3603 747 accedens,
3628 697 3694 738 ea

2119 780 2243 834 qua:
2265 776 2377 822 tum
2402 768 2545 823 dicta
2566 781 2712 834 sunt,
2747 772 2916 827 rebus
2970 775 3333 843 praesentibus
3384 788 3697 829 accommo-

2119 853 2230 918 det,
2253 862 2308 910 et
2333 858 2609 926 proposita
2638 858 2781 916 dona
2837 862 3102 929 perficiat,
3147 864 3313 933 inque
3350 863 3695 920 Dominicum

2120 962 2315 1017 corpus
2346 957 2400 1003 et
2449 952 2773 1018 sanguinem
2836 964 3142 1009 convertat.
3174 956 3295 1025 Ipsa
3346 954 3490 1010 enim
3532 964 3586 1011 et
3642 956 3695 1009 in

2121 1049 2278 1096 utero
2364 1042 2605 1112 Virginis
2673 1044 2934 1102 deiferam
3001 1048 3147 1101 illam
3220 1049 3528 1117 procreavit
3580 1061 3699 1100 car-

2122 1134 2443 1204 uem,juxta
2475 1139 2633 1204 illud,
2659 1140 2805 1209 quod
2830 1140 2880 1194 ei
2944 1142 3011 1194 ab
3074 1142 3267 1211 angelo
3321 1140 3525 1195 dictum
3564 1149 3690 1194 est:

2126 1248 2145 1281 ι
2174 1230 2416 1299 Spiritus
2469 1243 2691 1288 sanctus
2723 1235 3069 1302 superveniet
3124 1236 3174 1288 in
3208 1245 3284 1301 te,
3330 1245 3384 1290 et
3410 1236 3582 1288 virtus
3607 1233 3701 1287 Al-

2123 1323 2318 1378 Iissimi
2350 1325 2697 1380 obumbrabit
2722 1327 2845 1381 tibi.
2875 1346 2893 1378 ι
2934 1328 3137 1383 Idcirco
3197 1335 3251 1381 et
3286 1340 3515 1394 magnus
3540 1325 3700 1380 Basi-

2120 1416 2245 1480 lius,
2304 1426 2427 1486 post
2479 1420 2702 1473 recitata
2741 1419 2953 1473 Domini
3033 1422 3217 1483 verba,
3268 1429 3328 1474 ut
3388 1434 3418 1474 a
3468 1434 3526 1474 se
3556 1418 3702 1474 dicta

2120 1523 2285 1578 super
2312 1517 2503 1564 sancto
2548 1525 2780 1580 corpore
2811 1520 2866 1565 et
2911 1511 3198 1581 sanguine,
3232 1511 3474 1580 antitypa
3543 1519 3704 1565 vocat

2121 1602 2399 1671 proposita
2431 1602 2594 1664 dona,
2646 1603 2906 1657 nimirum
2954 1604 3112 1672 quasi
3166 1603 3406 1657 nondum
3460 1600 3704 1673 perfecta

2120 1708 2217 1763 per
2283 1707 2345 1747 ca
2424 1692 2616 1758 verba,
2708 1707 2897 1747 verum
2983 1695 3162 1747 adhuc
3255 1701 3444 1762 typum
3513 1706 3707 1760 quent-

2123 1785 2247 1840 dam
2281 1796 2335 1839 et
2366 1784 2656 1855 imaginem
2692 1783 2943 1839 ferentia.
2974 1784 3163 1852 Itaque
3193 1784 3455 1852 deinceps
3516 1783 3703 1837 statim

2126 1875 2366 1945 Spiritus
2407 1885 2630 1931 sanctus
2662 1876 2915 1930 adveniat
2946 1887 3222 1945 precatur,
3286 1874 3562 1943 faciatque
3605 1888 3704 1942 pa—

442 1948 576 2000 αὐτὸ
609 1948 671 2039 τὲ
714 1948 899 2017 τίμιον
938 1948 1119 2015 σῶμα,
1161 1948 1221 1999 τὸ
1254 1948 1311 2001 δὲ
1362 1947 1624 2016 ποτήριον
1655 1946 1788 1999 αὐτὸ
1842 1946 1903 1998 τὸ
1935 1947 2019 1998 τί·

2138 1984 2247 2024 oem
2292 1969 2514 2038 quidem
2578 1968 2760 2039 ipsum
2827 1969 3128 2038 pretiosum
3191 1981 3410 2037 corpus,
3473 1941 3702 2021 calicem

448 2056 569 2107 μιον
601 2033 762 2109 αἷμα.
808 2040 917 2093 Καὶ
962 2039 1123 2092 τοῦτό
1172 2057 1236 2107 γε
1276 2040 1397 2092 λίαν
1448 2041 1712 2102 εἰκότως·
1767 2038 2022 2109 καθάπερ

445 2133 554 2200 γὰρ
590 2132 683 2184 ἐπὶ
710 2132 810 2201 τῆς
847 2131 1069 2201 πρώτης
1091 2132 1306 2203 ἐκείνης
1333 2131 1699 2202 δημιουργίας
1727 2130 1891 2184 ἔλαϐε
1922 2131 2022 2199 μὲν

445 2225 479 2293 ἡ
510 2224 582 2293 γῆ
614 2223 711 2294 τὴν
742 2227 836 2277 τοῦ
885 2224 1206 2295 βλαστάνειν
1250 2226 1320 2280 τά
1348 2226 1406 2290 ἐξ
1449 2226 1623 2295 αὐτῆς
1670 2223 1904 2294 δύναμιν
1936 2223 2025 2277 διὰ

447 2318 543 2371 τοῦ
575 2318 720 2371 θείου
756 2320 1206 2388 προστάγματος,
1238 2320 1336 2372 καὶ
1364 2319 1425 2372 τὸ
1455 2319 1792 2389 πρόσταγμα
1822 2320 2023 2384 ἐκεῖνο,

449 2410 593 2465 καθά
639 2428 807 2482 φησιν
844 2410 873 2465 ό
924 2412 1088 2475 αύτδς
1137 2412 1485 2477 διδάσκαλος,
1541 2414 1910 2482 ἐναπομεϊναν
1957 2413 2025 2484 τῇ

448 2507 544 2575 γῇ,
576 2503 676 2573 τὴν
707 2503 802 2556 τοῦ
854 2502 1176 2572 βλαστάνειν
1221 2505 1358 2574 αὐτῇ
1410 2503 1680 2572 διηνεκῶς
1725 2504 2028 2575 παρέχεται

448 2596 683 2667 δύναμιν
706 2614 721 2630 ο
754 2596 914 2667 χρεία
942 2596 999 2650 δέ
1036 2597 1186 2665 ὅμως
1234 2596 1327 2649 καὶ
1360 2596 1640 2666 ἡμετέρας
1679 2596 2024 2664 ἐπιμελείας,

452 2690 546 2744 καὶ
568 2688 893 2760 γεωργικῶν
927 2688 1129 2759 χειρῶν
1161 2691 1238 2750 είς
1266 2691 1323 2741 τὸ
1366 2686 1767 2757 τελεσιουργεῖν
1798 2688 1867 2740 τά
1894 2687 2027 2754 φυό-

455 2798 594 2849 μενα
618 2798 631 2813 ·
665 2782 755 2834 τὸν
800 2780 964 2832 αὐτὸν
1013 2779 1216 2849 τρόπον
1246 2781 1340 2832 καὶ
1390 2780 1419 2832 ό
1454 2778 1613 2847 λόγος
1664 2777 1846 2842 οὗτος,
1882 2778 2031 2844 ἅπαξ

454 2872 640 2943 ῥηθεὶς
670 2872 774 2925 ὑπο
804 2871 897 2924 τοῦ
927 2870 1204 2941 Σωτῆρος,
1235 2870 1312 2934 ὡς
1340 2870 1434 2923 καὶ
1466 2873 1494 2923 ὁ
1533 2870 1674 2931 θεῖός
1719 2855 1855 2939 φῆσι
1884 2870 2033 2938 Χρυ-

454 2964 745 3034 σόστομος,
784 2963 874 3028 διά
923 2965 1125 3028 παντὸς
1171 2964 1423 3032 ἐνεργεῖ·
1475 2962 1733 3033 συνεργεῖ
1782 2963 1841 3016 δὴ
1882 2963 2033 3031 ὅμως

453 3058 548 3111 καὶ
578 3059 611 3127 η
636 3057 735 3127 τῆς
772 3055 922 3117 θείας
970 3054 1277 3127 ἱερωσύνης
1315 3055 1549 3125 δύναμις
1597 3054 1684 3109 διὰ
1721 3055 1822 3124 τῆς
1861 3053 2029 3124 εὐχῆς

452 3151 673 3217 καὶτῆς
702 3148 955 3218 εὐλογίας
986 3149 1067 3212 είς
1098 3147 1201 3219 τὴν
1240 3148 1349 3201 τῶν
1379 3148 1765 3218 προκειμένων
1810 3146 2032 3199 τελείω-

2125 2070 2305 2116 autem
2370 2061 2554 2131 ipsum
2616 2061 2926 2130 pretiosum
2981 2059 3321 2128 sanguinem.
3348 2057 3515 2125 idque
3560 2065 3707 2111 certe

2120 2154 2244 2223 jure
2275 2156 2482 2222 optimo
2512 2170 2527 2207 :
2556 2168 2680 2207 nam
2712 2150 3299 2221 quemadmadmodum
3333 2149 3385 2203 in
3412 2149 3500 2203 illa
3532 2148 3705 2216 prima

2126 2245 2314 2300 mundi
2348 2245 2722 2312 fabricatione,
2769 2254 2910 2299 terra
2945 2243 3309 2315 get-minandi,
3358 2255 3481 2311 quae
3531 2239 3600 2293 ab
3641 2254 3708 2294 ea

2127 2347 2433 2395 nascuntur
2477 2338 2584 2391 vim
2621 2344 2675 2391 et
2699 2333 3006 2405 potentia-n
3038 2347 3135 2404 per
3164 2331 3407 2387 divinum
3466 2328 3710 2383 manda-

2131 2441 2245 2486 tum
2278 2429 2510 2499 accepit,
2569 2429 3097 2499 idque’mandatum,
3149 2421 3609 2494 quemadmodum
3633 2418 3710 2474 ait

2130 2526 2273 2579 idem
2316 2523 2529 2584 ductor,
2582 2520 2637 2573 in
2670 2520 2787 2588 ipsa
2820 2527 2963 2572 terra
2996 2529 3322 2586 permanens
3354 2512 3606 2577 insitum,
3659 2511 3711 2566 ei

2132 2617 2240 2675 vim
2270 2610 2620 2683 germinandi
2667 2619 2930 2679 perpetuo
2968 2607 3170 2677 praebet
3203 2623 3218 2659 :
3247 2619 3383 2674 opus
3411 2612 3494 2659 est
3528 2612 3709 2657 tamen

2130 2716 2185 2761 et
2207 2713 2395 2760 nostra
2426 2718 2585 2766 cura,
2637 2700 3004 2771 agricolarum
3039 2696 3291 2753 manibus
3333 2693 3399 2749 ad
3432 2709 3494 2748 ea
3549 2692 3712 2761 perﬁ-

2132 2800 2320 2854 cienda
2348 2812 2468 2865 ante
2501 2794 2798 2866 producit:
2845 2791 3037 2847 eodem
3084 2787 3246 2843 modo
3277 2797 3331 2840 et
3381 2800 3563 2840 sermo
3610 2785 3714 2839 iste

2132 2891 2301 2947 semel
2342 2888 2523 2945 editus
2561 2902 2593 2941 a
2628 2884 2940 2947 Servatore,
2976 2892 3035 2936 ut
3079 2881 3154 2934 ait
3196 2880 3355 2934 divus
3384 2877 3712 2946 Chrysosto-

2133 2996 2280 3045 mus,
2312 2994 2529 3050 semper
2571 2986 2834 3048 operatur
2866 2990 2882 3032 :
2909 2974 3133 3042 adiuvat
3201 2978 3385 3025 tamen
3434 2976 3490 3023 et
3540 2967 3711 3022 divini

2135 3072 2431 3131 sacerdotii
2474 3069 2709 3127 facultas
2758 3065 3135 3124 intercedente
3164 3063 3415 3119 oratione
3441 3075 3505 3116 ac
3540 3060 3712 3115 bene-

2135 3167 2395 3233 dictione,
2417 3164 2484 3221 ad
2520 3162 2923 3234 propositorum
2957 3158 3376 3229 perfectionem.
3411 3155 3537 3225 Ipsa
3565 3152 3714 3208 enim

455 3260 543 3298 σιν
557 3258 572 3275 ο
594 3242 736 3314 αῦτη
756 3241 865 3313 γὰρ
886 3242 979 3296 καὶ
1003 3241 1063 3296 τὸ
1085 3240 1181 3297 τοῦ
1205 3240 1581 3313 βαπτίσματος
1601 3238 1745 3309 ὕδωρ
1771 3239 1831 3293 ὂν
1847 3238 2034 3301 ἀπλῶς

2139 3266 2194 3315 et
2222 3255 2567 3328 baptismatis
2591 3268 2812 3325 aquam,
2876 3268 2997 3323 quae
3026 3267 3164 3321 aqua
3222 3245 3549 3318 simpliciter
3572 3250 3717 3307 erat,

453 3342 521 3395 ἐκ
569 3337 667 3394 τοῦ
730 3339 1058 3409 φαινομένου
1118 3337 1300 3407 πάσης
1358 3335 1636 3407 ἁμαρτίας
1700 3333 2033 3404 καθαρτικὸν

2140 3366 2237 3421 pro
2288 3364 2355 3403 eo
2427 3348 2571 3418 quod
2641 3348 2959 3417 apparebat,
3033 3342 3278 3397 omnium
3367 3344 3718 3407 peccatorum

454 3431 850 3503 ἀπεργάζεται,
882 3430 977 3483 τοῦ
1012 3428 1159 3483 θείου
1195 3427 1515 3496 Πνεύματος
1550 3427 1883 3496 ἀθεωρήτως
1911 3444 2036 3479 συν-

454 3528 742 3597 τρέχοντος
767 3541 781 3554 ·
814 3524 956 3595 αῦτη
982 3524 1077 3578 καὶ
1100 3522 1162 3577 τὸ
1195 3522 1406 3592 χρίσμα
1448 3521 1543 3575 τοῦ
1581 3520 1755 3591 μύρου
1783 3519 1881 3572 καὶ
1907 3518 2035 3579 τοὺς

460 3620 627 3689 ἱερεῖς
657 3617 857 3681 αὐτοὺς
888 3616 982 3670 καὶ¹
1010 3613 1183 3668 τᾶλλα
1226 3614 1408 3668 πάντα
1436 3613 1535 3680 τῆς
1574 3609 1902 3678 Ἐκκλησίας
1934 3626 2039 3677 μυ-

462 3714 660 3782 στήρια
706 3708 1074 3780 τελεσιουργεῖ
1127 3705 1215 3759 διὰ
1252 3707 1355 3773 τῆς
1408 3702 1507 3757 τοῦ
1547 3702 1824 3771 παναγίου
1866 3702 2036 3754 Πνεῦ-

463 3822 634 3876 ματος
681 3804 928 3875 χάριτος.
978 3801 1053 3855 Οὐ
1085 3799 1288 3853 τοίνυν·
1316 3798 1382 3867 τῇ
1417 3795 1666 3867 ἡμετέρᾳ
1721 3795 1856 3865 εὐχῇ
1905 3792 2041 3863 θαρ-

465 3900 723 3971 ροῦντες,
783 3895 906 3950 οῦδὲ
957 3893 1068 3947 τῶν
1122 3890 1387 3963 ῥημάτων
1444 3886 1671 3941 ἐκείνων
1735 3883 2041 3953 ἀδυναμίαν

460 3987 970 4058 καταγινώσκοντες
996 4025 1014 4050 ,
1056 3980 1408 4061 ἐπευχόμεθα
1463 3980 1575 4042 τοῖς
1629 3976 2038 4048 προκειμένοις,

462 4086 558 4139 καὶ
589 4081 759 4145 οὕτως
809 4079 952 4134 αὐτὰ
985 4073 1332 4131 τελειοῦσθαι
1382 4068 1738 4139 πιστεύομεν,
1768 4069 1906 4121 ἀλλά
1950 4067 2042 4120 καὶ

463 4178 533 4231 τά
561 4177 792 4247 ῥήματα
828 4171 927 4243 τὴν
959 4169 1171 4231 οἰκείαν
1203 4166 1403 4231 σώζειν
1440 4161 1824 4232 ὁμολογοῦμεν
1858 4159 2041 4228 ἰσχὺν,

465 4271 556 4326 καὶ
598 4272 699 4338 τὴν
727 4268 830 4337 τῆς
857 4264 1009 4327 θείας
1046 4261 1349 4333 ίερωισύνης
1370 4258 1757 4327 ἐπιδείκνυμεν
1784 4255 2040 4325 δύναμιν,

463 4362 822 4433 τελειωτικὴν
863 4359 1030 4414 οὖσαν
1066 4356 1271 4419 παντὸς
1323 4352 1630 4425 μυστηρίου
1657 4353 1723 4421 τῇ
1753 4350 2044 4419 ἐπικλήσει

465 4458 561 4512 τοῦ
588 4457 656 4512 δι’
698 4456 871 4525 αὐτῆς
905 4437 1259 4521 ἐνεργοῦντος
1298 4450 1454 4515 ἁγίου
1510 4446 1828 4514 Πνεύματος
1851 4459 1866 4475 ο
1902 4441 2045 4495 οὕτω

466 4549 575 4619 γὰρ
606 4546 701 4600 καὶ
748 4547 777 4598 ό
804 4547 947 4607 θεῖος
978 4541 1370 4613 Χρυσόστομος
1398 4537 1555 4599 αὖθις
1600 4540 1658 4590 ἐν
1690 4535 1768 4604 τῷ
1800 4533 1935 4603 Περὶ
1966 4534 2046 4586 ls-

2137 3441 2491 3511 expiatricem
2528 3440 2677 3502 facit,
2731 3439 2922 3492 divino
2951 3435 3161 3503 Spiritu
3205 3429 3553 3486 invisibiliter
3581 3442 3719 3482 con-

2138 3543 2415 3590 currente.
2449 3532 2573 3586 "th
2598 3541 2652 3584 et
2690 3530 2934 3583 chrisma
2969 3542 3078 3595 quo
3115 3526 3392 3592 ungimur,
3446 3531 3497 3575 et
3538 3532 3721 3574 sacer-

2138 3627 2291 3681 dotes
2321 3623 2491 3693 ipsos,
2517 3631 2569 3677 et
2592 3621 2696 3675 alia
2731 3619 2913 3679 omnia
2941 3617 3195 3672 Ecclesia:
3255 3610 3514 3683 mysteria
3549 3624 3714 3679 pera-

2140 3720 2237 3788 git,
2288 3732 2384 3785 per
2417 3713 2763 3770 sacrosancti
2796 3710 3036 3779 Spiritus
3098 3706 3353 3776 gratiam.
3414 3702 3580 3770 Atqui
3612 3714 3720 3753 non

2141 3807 2374 3864 orationi
2400 3820 2563 3873 quam
2605 3802 2885 3856 fundimus
2920 3798 3279 3859 confidentes,
3321 3808 3503 3864 neque
3541 3793 3726 3847 verbis

2143 3902 2252 3957 illis
2281 3910 2343 3955 ut
2386 3896 2785 3968 impotentibus
2826 3893 3196 3949 detrahentes.
3230 3887 3526 3957 propositis
3558 3885 3724 3940 donis

2144 3992 2528 4061 adprecamur,
2562 3984 2891 4053 itaqueipsa
2945 3979 3140 4034 conﬁci
3181 3976 3482 4037 credimus,
3545 3974 3637 4029 sed
3673 3983 3727 4026 et

2144 4081 2307 4137 verba
2340 4081 2456 4149 ipsa
2498 4077 2784 4147 praprium
2842 4072 3082 4127 retinere
3123 4068 3292 4122 robur
3323 4065 3620 4127 credimus,
3675 4072 3730 4117 et

2144 4172 2313 4231 divini
2344 4166 2637 4225 sacerdotii
2672 4164 2987 4220 facultatem
3012 4161 3236 4230 insuper
3257 4158 3727 4220 dcmoustramus,

2144 4259 2605 4334 quaaconficicndi
2650 4256 2820 4310 totius
2880 4251 3125 4321 mysterii
3179 4264 3274 4319 per
3327 4244 3729 4302 invocationem

2146 4355 2382 4422 Spiritus
2457 4348 2631 4405 sancti
2690 4361 2785 4417 per
2833 4358 2953 4399 eam
3016 4342 3293 4412 operantis
3345 4339 3456 4392 vim
3510 4336 3733 4390 habeat.
3834 4376 3835 4379 η

2149 4443 2240 4500 Sic
2280 4444 2428 4498 enim
2489 4448 2543 4495 et
2598 4439 2758 4492 divus
2809 4437 3239 4505 Chrysostomus
3311 4430 3537 4499 pariter,
3594 4428 3734 4481 libro

2153 4538 2226 4592 De
2258 4535 2586 4596 Saccrdotio,
2630 4534 2733 4588 hac
2762 4533 2880 4601 ipsa
2912 4532 2980 4583 de
3025 4542 3085 4581 re
3111 4527 3238 4581 talia
3277 4524 3451 4593 inquit
3479 4539 3493 4576 :
3532 4540 3552 4573 ι
3579 4523 3735 4574 Astat

466 4613 747 4707 ρωσύνης
785 4636 957 4708 τρίτῳ
999 4634 1129 4706 περὶ
1165 4632 1333 4688 αὐτοῦ
1380 4630 1572 4684 τούτου
1609 4629 1790 4683 τοιάδε
1834 4628 2035 4697 φησίνΙ

2152 4629 2432 4694 sacerdos,
2464 4641 2573 4681 non
2596 4625 2775 4694 ignem
2809 4622 3125 4683 demittcns,
3153 4616 3248 4672 sed
3293 4613 3555 4683 Spiritum
3586 4626 3736 4666 san-

476 4752 495 4785 ι
538 4734 811 4799 Ἕστηκεν
860 4732 888 4784 ὁ
931 4726 1133 4798 ἱερεὺς,
1170 4726 1230 4779 οῦ
1263 4723 1767 4795 πῦρκαταφέρων,
1804 4720 1945 4774 ἀλλά
1990 4719 2051 4771 τὸ

473 4824 694 4894 Πνεῦμα
721 4825 779 4875 τὸ
810 4823 988 4891 ἅγιον,
1020 4821 1113 4874 καὶ
1142 4819 1243 4889 τὴν
1276 4817 1561 4886 ἱκετηρίαν
1592 4816 1825 4868 ἐπιπολὺ
1880 4815 2054 4866 ποιεῖ-

469 4934 581 4979 ται,
632 4914 730 4982 οὐχ
768 4914 854 4966 ἵνα
876 4929 955 4975 τις
983 4909 1232 4979 λαμπὰς,
1284 4906 1493 4960 ἄνωθεν
1528 4905 1782 4972 ἀφθεῖσα,
1822 4917 2056 4955 κατανα-

473 5009 626 5080 λώσῃ
676 5008 744 5060 τά
779 5004 1140 5077 προκείμενα,
1184 5000 1299 5054 ἀλλ’
1330 4998 1397 5053 ἵν’
1428 5000 1460 5068 ἡ
1509 4997 1691 5066 χάρις,
1713 4992 2057 5048 ἐπιπεσοῦσα

472 5102 539 5171 τῇ
566 5097 747 5169 θυσία,
774 5096 840 5150 δι’
871 5094 1085 5163 ἐκείνης
1106 5093 1204 5155 τὰς
1232 5093 1487 5147 ἁπίιντων
1521 5089 1703 5159 ἀνάψη
1728 5086 1926 5157 ψυχὰς,
1963 5085 2058 5139 καὶ

475 5193 744 5267 ἀργυρίου
765 5191 1158 5261 λαμπροτέρας
1181 5185 1439 5254 ἀποδείξῃ
1464 5183 1892 5251 πεπυρωμένου.
1912 5177 2057 5231 Ἀλλ’

476 5289 587 5343 οὐδ’
613 5285 949 5358 ἀμφιὸολίαν
980 5282 1103 5335 τινὰ
1137 5280 1229 5335 καὶ
1256 5276 1481 5347 ἀδηλίαν
1527 5274 1859 5346 εὐχομένους
1910 5273 2058 5343 ἡμᾶς

479 5379 808 5435 ὑποπτεύειν
840 5375 1040 5446 χρεὼν,
1069 5371 1236 5426 αὐτοῦ
1268 5368 1363 5422 τοῦ
1391 5368 1712 5436 θειουμένου
1750 5366 1845 5418 καὶ
1886 5381 2057 5434 μετα-

465 5470 892 5544 -λαμῦανοςιένου
932 5467 1206 5520 Δεσπότου
1258 5460 1614 5529 κελεύσαντος
1667 5458 1826 5510 τοῦτο
1880 5457 2056 5508 ποιεῖν

480 5566 648 5635 ἡμᾶς·
705 5560 893 5617 Τοῦτο
946 5560 1079 5628 γὰρ,
1131 5557 1282 5625 φησὶ,
1332 5551 1555 5606 ποιεῖτε
1607 5553 1696 5616 είς
1743 5548 1861 5634 τὴκ
1907 5548 2061 5617 ἐμὴν

481 5656 871 5727 ἀνάμνησινο
918 5654 1014 5706 καὶ
1060 5648 1533 5716 ἐπαγγειλαμένου
1584 5644 1780 5697 δώσειν
1834 5627 2060 5709 Πνεῦμα

486 5753 642 5818 ἆγιον
685 5752 798 5812 τοῖς
846 5746 1088 5800 αἰτοῦσιν
1135 5745 1267 5798 αὐτὸ
1322 5742 1513 5802 ἅπασι,
1565 5738 1694 5808 μήτι
1726 5753 1788 5803 γε
1830 5734 2058 5803 ἱερεῦσι,

489 5848 583 5899 καὶ
619 5844 823 5913 σφόδρα
853 5858 916 5908 γε
962 5839 1288 5911 βουλομένου
1319 5833 1475 5887 τοῦτο
1506 5831 1627 5885 κιθ¹
1672 5829 1907 5897 ἑκάστην
1946 5828 2061 5878 ἐπι-

490 5938 760 5995 τελεῖσθιιι
794 5935 922 6000 παρ’
954 5934 1133 6006 ἡμῶν,
1187 5931 1259 5994 ὡς
1292 5932 1379 5983 διὰ
1411 5927 1627 5982 πάντων
1673 5924 1797 5992 ἑξῆς
1832 5918 2059 5991 ἄγασαί-

2154 4734 2300 4778 ctum
2329 4737 2345 4774 :
2399 4734 2463 4775 ac
2516 4717 2745 4786 supplex
2772 4715 2863 4769 diu
2894 4722 3172 4783 precatur,
3215 4723 3320 4762 non
3353 4716 3411 4759 ut
3445 4704 3625 4774 aliqua
3652 4703 3737 4757 fax

2156 4812 2391 4881 desuper
2444 4822 2676 4863 accensa
2703 4812 2995 4861 consumat
3038 4799 3314 4871 proposita
3347 4797 3514 4860 dona,
3547 4793 3641 4849 St‘d
3682 4801 3739 4846 ut

2156 4908 2327 4978 gratia
2368 4905 2421 4959 iu
2452 4903 2686 4956 hostiam
2742 4898 2989 4966 dciapsa,
3042 4910 3140 4962 per
3182 4906 3302 4946 eam
3359 4889 3739 4942 universorum

2158 4974 2374 5052 animas
2416 4992 2702 5055 accendat,
2752 4998 2807 5043 et
2861 4993 3087 5055 argento
3121 4983 3293 5052 iguito
3338 4974 3740 5049 splendidiores

2157 5088 2372 5146 efﬁciat.
2393 5086 2498 5142 Sed
2520 5097 2703 5152 neque
2726 5079 2993 5135 haesitatio
3018 5076 3122 5131 ulla
3143 5089 3207 5128 ac
3225 5068 3555 5127 inecrtitudo
3581 5065 3740 5119 nobis

2159 5179 2511 5250 precantibus
2543 5169 2887 5240 suspicanda
2916 5176 3020 5231 est,
3040 5180 3162 5221 cum
3187 5164 3233 5218 is
3260 5162 3351 5231 qui
3381 5159 3666 5213 deiileatur
3690 5165 3741 5208 ct

2159 5246 2512 5340 participatur
2535 5263 2801 5319 Dominus
2832 5262 2935 5315 hoc
2972 5272 3069 5312 nos
3110 5255 3289 5309 facere
3314 5249 3538 5323 jusserit
3572 5264 3590 5315 ;
3630 5246 3742 5299 (lac

2160 5362 2321 5426 enim,
2344 5359 2542 5427 inquit,
2566 5355 2727 5425 facite
2759 5356 2813 5407 in
2862 5365 3033 5405 meam
3082 5342 3743 5402 contmemorationemmt

2163 5455 2474 5525 promiserit
2503 5468 2563 5506 se
2586 5451 2845 5505 daturum
2902 5443 3169 5515 Spiritum
3197 5448 3449 5496 sanctum
3480 5433 3742 5491 omnibus

2167 5547 2258 5616 qui
2286 5545 2542 5617 petierint
2574 5559 2721 5608 eum,
2763 5540 2960 5595 nedum
3017 5532 3396 5599 sacerdotibus
3444 5545 3459 5584 :
3505 5527 3745 5594 velitque

2166 5642 2269 5696 hoc
2299 5637 2529 5707 singulis
2567 5635 2758 5689 diebus
2783 5630 2977 5688 confici
3042 5643 3075 5683 a
3141 5625 3322 5689 nobis,
3374 5632 3434 5676 ut
3482 5619 3745 5685 deinceps

2166 5749 2260 5804 per
2285 5730 2467 5787 omnia
2489 5735 2848 5783 monstratur.
2879 5722 3037 5777 Tune
3075 5720 3237 5776 etiam
3269 5713 3525 5772 fortassis
3551 5726 3615 5766 ex
3644 5710 3747 5765 hoc

2167 5802 2432 5897 baptisma
2460 5838 2676 5893 quoque
2722 5825 3039 5887 suspectum
3070 5815 3297 5876 habeas,
3320 5807 3464 5880 quod
3486 5802 3746 5875 precibus

2167 5918 2367 5981 Dal'ilcl‘
2400 5923 2561 5987 atque
2597 5908 3040 5970 invocationibus
3071 5904 3381 5970 conﬁcitur,
3416 5907 3468 5956 et
3491 5902 3743 5968 peet‘ato-
