4100 6410
475 462 612 525 1087

1470 459 1714 520 MARCI
1755 455 2074 519 EPHESII
2114 457 2676 519 METROPOLIT/E

3595 445 3718 512 1088

477 585 598 624 rum
627 569 1030 632 remissionem,
1087 585 1154 624 an
1181 583 1309 623 vere
1341 569 1621 638 acceperis
1653 569 2050 623 dubitationem

2155 587 2329 626 νεται.
2360 573 2430 623 Ἥ
2461 570 2526 623 σύ
2560 589 2623 639 γε
2655 570 2816 640 τυχόν
2863 570 2927 622 ὲκ
2973 567 3186 630 τούτου,
3237 565 3332 616 καὶ
3356 563 3415 617 τὸ
3449 563 3718 632 βᾶπτισμα

481 662 724 728 aliquam
759 661 982 720 habeas.
1013 676 1136 729 qum
1161 659 1261 714 tibi
1290 659 1614 714 sacerdotali
1641 660 1810 725 gratia
1852 671 2051 712 conce—

477 755 624 806 ditur
647 753 669 805 ?
690 753 932 819 itemque
961 752 1066 806 alia
1093 753 1274 805 omnia
1316 751 1688 806 ecclesiastica
1727 749 2052 819 prmscrilias

477 844 736 914 mysteria
763 844 787 897 ’ἔ
816 842 934 898 Νοη
964 844 1036 898 ita
1082 853 1164 900 est
1190 842 1455 914 profecto,
1487 859 1593 897 non
1626 843 1696 896 ita
1727 851 1849 908 est;
1880 841 2051 896 lidelis

472 939 617 990 enim
660 937 752 1006 qui
801 938 1051 1006 promisit
1107 953 1165 992 se
1223 938 1510 991 nobiscum
1561 936 1817 990 omnibus
1861 934 2051 988 diebus

475 1028 741 1092 futurum,
773 1041 948 1095 usque
976 1028 1042 1081 ad
1068 1028 1595 1082 consummationem
1639 1025 1849 1080 smculi.
1873 1026 2052 1093 Atque

473 1135 574 1174 nos
600 1120 820 1187 quidem
848 1121 961 1174 hinc
999 1135 1026 1173 a
1053 1120 1262 1173 sanctis
1314 1118 1575 1188 apostolis
1605 1127 1658 1172 et
1699 1132 1890 1172 eorum
1921 1131 2051 1171 suc-

473 1213 786 1266 cessoribus
813 1213 1142 1282 accepimus,
1182 1220 1236 1265 et
1262 1213 1333 1266 ita
1358 1212 1679 1277 retinemus,
1711 1217 1769 1263 nt
1788 1225 1814 1263 a
1835 1219 2052 1264 senten—

474 1304 546 1356 tia
580 1303 682 1356 hac
708 1302 978 1357 dimoveri
1033 1317 1394 1370 nequeamus,
1461 1311 1510 1355 el
1559 1303 1824 1356 rationem
1857 1314 2048 1354 eorum

473 1395 776 1451 reddimus.
813 1412 832 1446 ›
866 1395 1023 1460 Quod
1074 1404 1254 1448 autem
1281 1394 1494 1448 Domini
1539 1396 1603 1447 de
1631 1394 1906 1466 mysteriis
1937 1408 2054 1446 ser—

475 1500 586 1548 m0,
614 1501 710 1554 per
748 1487 970 1540 modum
1008 1486 1343 1540 recitationis
1399 1485 1664 1556 prolatus,
1685 1484 1750 1538 ad
1777 1484 2051 1538 donorum

473 1576 962 1633 sanctiﬁcationem
995 1578 1246 1644 sudieiat,
1274 1593 1438 1633 nemo
1466 1576 1864 1646 apostolorum;
1891 1590 2053 1630 nemo

473 1669 761 1724 doctorum
796 1670 999 1726 dixisse
1015 1673 1278 1726 cernitur.
1309 1670 1504 1725 Verum
1541 1671 1687 1740 quod
1724 1670 1810 1724 ille
1831 1669 2050 1738 quidem

475 1759 642 1812 semel
668 1759 736 1813 ab
760 1760 851 1815 illo
876 1761 1145 1830 prolatus,
1173 1762 1274 1815 hoc
1292 1761 1410 1829 ipso
1433 1761 1579 1831 quod
1598 1760 1666 1814 ab
1699 1759 1788 1812 illo
1809 1775 2052 1829 prenun-

477 1852 644 1906 tiatus
689 1860 795 1916 est,
827 1853 1050 1922 perinde
1083 1862 1246 1923 atque
1292 1853 1345 1906 in
1373 1868 1550 1908 rerum
1575 1852 1929 1907 fabricatione
1960 1852 2052 1905 lia-

2156 664 2584 729 ὐποπτεύσειας,
2638 664 2707 718 δι’
2755 663 2933 732 εὐχῶν
2997 659 3201 730 ὁμοίως
3243 657 3338 710 καὶ
3391 655 3720 723 ἐπικλήσεων

2151 753 2552 822 τελειούμενον,
2607 755 2702 807 καὶ
2753 754 2852 824 τὴν
2901 751 3012 805 τῶν
3069 749 3352 820 ἁμαρτιῶν
3409 747 3621 816 ἄφεσιν,
3679 746 3722 797 εί

2153 845 2371 914 ἀληθῶς
2411 846 2595 912 ἐδέξω,
2632 844 2928 913 δισταγμόν
2963 860 3084 896 τινα
3119 840 3306 912 σχοίης
3332 839 3420 892 διὰ
3453 838 3552 905 τῆς
3585 840 3722 905 ἱερα-

2151 939 2314 1005 τικῆς
2334 939 2555 1008 χάριτος
2581 937 2959 1006 ὲπιδιδομένην
2976 976 2992 1001 ,
3019 936 3114 988 καὶ
3148 934 3315 988 τᾶλλα
3347 931 3507 985 πάνθ’
3529 930 3724 998 ὁμοίως

2154 1028 2590 1095 ὲκκλησιαστικὲι
2644 1028 2925 1097 μυστήρια
2989 1025 3373 1095 διαγράψειας.
3441 1019 3581 1074 Ἀλλ’
3631 1020 3726 1072 οὐκ

2153 1119 2270 1173 ἐστι
2302 1119 2498 1185 ταῦτα,
2527 1120 2627 1172 οὐκ
2655 1119 2792 1172 ἐστι’
2829 1117 3020 1180 πιστὸς
3050 1115 3157 1186 γὰρ
3189 1117 3216 1168 6
3245 1111 3727 1182 ἐπαγγειλάμενος,

2156 1212 2278 1281 μεθ’
2307 1211 2468 1280 ήμῶν
2519 1211 2741 1264 ἔσεσθαι
2791 1210 2889 1272 τὰς
2925 1209 3140 1278 ἡμέρας
3175 1207 3416 1269 ἁπάσας,
3464 1205 3591 1273 ἄχρι
3631 1202 3728 1267 τῆς

2155 1304 2468 1366 συντελείας
2498 1303 2593 1357 τοῦ
2619 1303 2834 1366 αἰῶνος.
2877 1302 3069 1369 Ἡμεῖς
3107 1299 3208 1369 μὲν
3229 1295 3324 1351 οὖν
3359 1296 3533 1350 ταῦτα
3579 1294 3728 1363 παρὰ

2152 1396 2262 1450 τῶν
2303 1395 2474 1464 ἁγίων
2499 1396 2818 1448 ἀποστόλων
2840 1393 2932 1446 καὶ
2953 1392 3062 1445 τῶν
3085 1391 3325 1452 ἐκείνους
3357 1387 3728 1456 ἐκδεξαμένων

2155 1488 2584 1557 παραλαόόντες,
2645 1489 2740 1542 καὶ
2788 1485 3096 1554 κατέχομεν
3143 1481 3587 1552 ἀμεταποιήτως,
3637 1477 3728 1530 καλ

2153 1581 2246 1634 τὸν
2279 1579 2608 1648 γιγνόμενον
2640 1577 2728 1630 ἐπ’
2761 1576 2949 1640 αὐτοῖς
2977 1574 3306 1642 ἀποδίδομεν
3352 1569 3531 1638 λόγον’
3565 1571 3644 1622 ὅτι
3673 1569 3728 1621 δὲ

2155 1674 2183 1726 6
2223 1672 2318 1724 τοῦ
2353 1671 2563 1740 Κυρίου
2598 1671 2727 1740 περὶ
2773 1670 2883 1722 τῶν
2931 1667 3248 1738 μυστηρίων
3280 1665 3458 1733 λόγος,
3498 1664 3557 1716 ὲν
3599 1663 3728 1714 εἴδει

2153 1757 2465 1833 διηγήσεως
2504 1761 2820 1831 λεγόμενος,
2857 1761 2994 1831 πρὸς
3026 1759 3298 1826 ἁγιασμόν
3331 1756 3518 1826 δώρων
3548 1755 3728 1824 ἀρκεῖ,

2154 1857 2327 1920 οὐδεὶς
2357 1853 2479 1908 οὔτε
2533 1854 2642 1907 τῶν
2695 1853 3034 1912 ἀποστόλων,
3077 1849 3198 1903 οὐτε
3243 1849 3355 1902 τῶν
3393 1847 3728 1900 διδασκάλων

474 1944 619 1998 bitus
656 1959 840 2000 sermo
863 1959 1081 2015 semper
1136 1954 1414 2015 operetur,
1470 1945 1573 2000 hoc
1624 1945 1700 1998 ait
1747 1960 1924 1998 aureae
1965 1944 2050 1998 ille

2156 1948 2324 2000 εἰπὼν
2353 1945 2620 2015 φαίνεται.
2641 1943 2783 1998 Ἀλλ’
2817 1943 2899 1996 ὅτι
2940 1943 3038 2012 μὲν
3087 1941 3235 2005 ἆπαξ
3271 1940 3363 1993 ὐπ’
3395 1939 3602 1993 ἐκείνου
3635 1940 3724 2007 .61;-

473 2033 672 2104 lingure
694 2033 954 2092 Joannes.
976 2037 1131 2102 Quod
1162 2053 1292 2092 vero
1323 2053 1467 2092 nunc
1503 2053 1533 2092 a
1563 2037 1848 2092 sacerdote
1873 2036 2048 2105 prolao

477 2137 584 2190 tus,
620 2128 724 2182 hoc
770 2128 889 2196 ipso
939 2128 1083 2198 quod
1138 2128 1206 2182 ab
1235 2143 1303 2184 eo
1355 2129 1588 2194 dicatur,
1651 2128 1759 2183 hoc
1801 2125 1996 2194 possit,
2024 2141 2054 2180 a

478 2218 626 2271 nullo
653 2219 779 2273 licet
809 2219 1049 2275 ediscere
1075 2236 1092 2276 :
1155 2221 1596 2291 quatuloquidetu
1629 2235 1727 2275 nec
1757 2221 1872 2281 ipse
1897 2218 2056 2288 Opili-

475 2309 558 2362 cis
597 2317 860 2378 operatur
886 2325 1088 2374 sermo,
1113 2311 1242 2380 quia
1275 2312 1326 2364 in
1359 2311 1612 2381 singulis,
1652 2327 1773 2380 qua:
1824 2312 1961 2364 liunt
1987 2308 2056 2364 ab

473 2401 660 2470 aliquo
687 2402 906 2456 homine
942 2401 1210 2458 referatur
1244 2420 1258 2458 :
1293 2403 1387 2458 sed
1418 2404 1542 2472 quia
1569 2403 1739 2457 semel
1766 2412 1849 2480 est
1885 2417 1914 2456 a
1944 2401 2053 2456 Deo

473 2494 816 2548 enuntiatus.
869 2492 1012 2559 Quin
1061 2488 1243 2549 {etiam
1297 2510 1398 2550 nec
1446 2495 1548 2564 ipsi
1597 2494 1820 2562 quidem
1871 2495 2056 2548 dicent

472 2585 692 2651 operari
721 2583 1066 2638 Dominicum
1091 2586 1342 2648 verbum,
1397 2601 1425 2639 a
1474 2587 1673 2656 quovis
1728 2585 2052 2655 simpliciter

471 2675 766 2745 prolatum,
799 2692 976 2746 neque
1007 2677 1213 2749 absque
1246 2678 1426 2733 altari.
1461 2679 1517 2733 Si
1574 2679 1738 2748 igitur
1771 2678 2054 2734 sacerdote

471 2776 558 2823 est
603 2785 739 2837 opus
787 2779 842 2824 et
904 2771 1085 2834 altari,
1145 2781 1200 2827 et
1242 2771 1364 2828 aliis
1415 2788 1536 2842 qua:
1557 2771 1623 2826 ad
1678 2771 1727 2825 id
1756 2773 2050 2841 pertinent,

471 2859 660 2929 quidni
685 2869 742 2916 et
764 2861 1460 2931 precibus,benedietione,
1501 2874 1554 2918 et
1585 2878 1678 2934 per
1701 2879 1818 2918 eam
1848 2863 2055 2918 adven-

471 2962 528 3006 tu
555 2954 727 3007 sancti
763 2953 1028 3023 Spiritus,
1060 2955 1358 3026 quionmia
1385 2955 1600 3025 pellicit
1629 2965 1682 3010 et
1702 2964 2053 3011 consummat

470 3047 728 3116 mysteria
748 3048 770 3100 ?
789 3049 1008 3110 Adlnec.
1026 3063 1181 3104 sacer
1199 3049 1284 3103 ille
1309 3047 1600 3118 Dionysius
1620 3049 1928 3104 testimonio
1949 3065 2050 3103 suo

469 3154 518 3192 η·
545 3147 687 3193 stros
715 3139 850 3194 ritus
873 3141 1296 3196 conﬁrmauit-ns
1330 3140 1572 3197 accedat.
1596 3141 1654 3194 In
1681 3141 1886 3195 theoria
1903 3141 2046 3195 enim

470 3231 717 3299 mystcrii
754 3247 1023 3302 synaxeos
1053 3248 1067 3285 :
1099 3251 1117 3285 ι
1145 3231 1247 3286 Ubi
1289 3247 1470 3296 sacra,
1503 3233 1698 3303 inquit,
1734 3233 1828 3288 Dei
1879 3247 2046 3302 opera

2158 2039 2292 2102 θεὶς,
2327 2038 2475 2108 αὐτῷ
2508 2037 2583 2107 τῷ
2615 2037 2708 2090 ὐπ’
2750 2035 2962 2088 ἐκείνου
2997 2033 3250 2104 ῥηθῆναι,
3287 2032 3534 2102 καθάπερ
3561 2033 3588 2084 6
3633 2030 3729 2100 δη·

2160 2127 2479 2198 μιουργικὸς
2523 2127 2694 2193 Λόγος
2734 2127 2818 2179 ἀεὶ
2852 2127 3084 2197 ἐνεργεῖ,
3132 2123 3292 2177 τοῦτό
3341 2139 3505 2192 φησιν
3556 2123 3584 2174 6
3631 2121 3731 2191 τὴν

2155 2221 2403 2289 γλῶτταν
2451 2219 2686 2289 χρυσοῦς
2749 2219 3028 2285 Ἰωάννης.
3083 2218 3203 2270 Ὅτι
3241 2216 3297 2270 δὲ
3340 2215 3433 2268 νῦν
3483 2215 3589 2268 ὐπὸ
3635 2213 3731 2266 τοῦ

2159 2312 2348 2382 ἱερέως
2379 2311 2699 2382 λεγόμενος,
2735 2311 2823 2364 διὰ
2856 2309 2918 2363 τὺ
2963 2309 3056 2363 ὑπ’
3096 2306 3261 2363 αὐτοῦ
3289 2306 3542 2375 λέγεσθαι
3574 2305 3731 2359 τοῦτο

2157 2406 2403 2471 δύναται,
2439 2404 2741 2475 οὐδαμόθεν
2765 2411 2768 2414 ’
2795 2403 2909 2456 ἔστι
2960 2402 3175 2472 μαθεῖν’
3214 2401 3337 2456 ἐπεὶ
3379 2401 3486 2453 οὐδ’
3516 2400 3674 2461 αὐτδς
3703 2403 3732 2452 ό

2155 2495 2554 2567 δημιουργικδς
2605 2495 2776 2564 Λόγος
2821 2496 3058 2565 ἐνεργεῖ,
3109 2495 3193 2548 ὅτι
3246 2491 3332 2563 ἐφ’
3363 2492 3577 2561 ἑκάστῳ
3619 2491 3732 2543 τῶν

2158 2588 2465 2657 γινομένων
2514 2587 2620 2640 ὑπό
2668 2603 2816 2647 τινος
2863 2585 3154 2655 ἀνθρώπου
3203 2585 3453 2653 λέγεται·
3489 2583 3604 2636 ἀλλ’
3647 2583 3732 2636 ὅτι

2157 2682 2309 2734 ἐστὶν
2341 2679 2491 2745 ἅπαξ
2521 2681 2626 2734 ὐπὸ
2659 2681 2756 2733 τού
2790 2679 2925 2734 Θεοῦ
2959 2679 3293 2750 είρημένος.“
3321 2679 3428 2731 Καὶ
3465 2677 3572 2747 μὴν
3619 2676 3731 2728 οὐδ’

2155 2773 2312 2831 αὐτοὶ
2344 2777 2610 2846 φήσουσιν
2646 2775 2894 2844 ἐνεργεῖν
2924 2773 3019 2827 τὸν
3054 2771 3376 2827 δεσποτικὸν
3414 2771 3590 2838 λόγον,
3625 2769 3730 2822 ὐπὸ

2153 2869 2250 2922 τού
2276 2843 2532 2937 τυχόντος
2561 2843 2751 2926 ἅπλῶς
2787 2864 3102 2932 λεγόμενος,
3130 2861 3238 2916 οὐδ’
3271 2862 3396 2916 ἄνευ
3433 2862 3728 2929 θυσιαστη-

2158 2962 2298 3034 ρίου.
2354 2960 2416 3012 El
2467 2958 2649 3011 τοίνυν
2687 2958 2879 3027 ἱερέως
2930 2955 3131 3010 δεῖκαὶ
3184 2954 3590 3025 θυσιαστηρίου,
3635 2955 3727 3006 καλ

2154 3055 2265 3108 τῶν
2296 3051 2472 3106 ἄλλων
2507 3051 2610 3105 ὅσα
2644 3050 2778 3120 πρὸς
2805 3048 2964 3102 τοῦτο
2993 3047 3276 3115 συντείνει,
3321 3049 3408 3101 διὰ
3445 3047 3497 3100 τί
3531 3047 3604 3117 μὴ
3638 3046 3728 3098 καὶ

2153 3144 2330 3216 εὐχῶν
2375 3143 2593 3212 δεήσεις
2631 3141 2905 3211 εὐλογίας,
2938 3143 3034 3192 καὶ
3073 3140 3173 3210 τῆς
3216 3139 3284 3193 δι’
3319 3139 3485 3208 αὐτῆς
3520 3139 3728 3205 ἐπιφοι.

2153 3240 2363 3308 τήσεως
2407 3237 2502 3290 τοῦ
2535 3235 2693 3304 ἁγίου
2747 3234 3103 3304 Πνεύματος,
3140 3234 3263 3304 ἥτις
3312 3235 3489 3287 πάντα
3537 3232 3728 3285 τελειοῖ

469 3322 753 3378 hierarclia
783 3325 1098 3390 celebravit,
1126 3328 1190 3380 all
1228 3327 1692 3402 consecrationem
1724 3327 1967 3392 accedit;
2000 3337 2050 3380 et

2157 3330 2226 3384 τὰ
2269 3329 2580 3401 μυστήριας
2632 3327 2777 3398 Πρὸς
2825 3325 3037 3402 τούτοις
3066 3327 3094 3378 6
3127 3325 3269 3395 ἱερὸς
3301 3323 3574 3386 Διονύσιος
3615 3325 3720 3376 ἐπι-

471 3413 619 3482 prius
640 3413 857 3482 quidem
881 3432 978 3483 pro
1009 3433 1070 3470 ea
1093 3417 1504 3471 excusationem
1533 3415 1688 3471 aﬂ‘ert
1705 3416 2048 3471 exclamans:

475 3524 495 3558 ‹
520 3505 596 3559 Tu
618 3507 804 3562 dixisti
827 3526 840 3562 :
865 3507 980 3561 [Ioc
1009 3510 1166 3578 facile
1193 3511 1245 3563 in
1273 3526 1441 3563 meam
1467 3518 2052 3575 commemorationem;

468 3600 593 3654 dein
617 3599 685 3654 ad
714 3601 1071 3656 imitationem
1094 3602 1186 3657 Dei
1215 3601 1532 3673 compositae
1567 3602 1732 3672 hujus
1763 3615 2052 3656 consecra-

470 3692 849 3762 tionisdignus
927 3692 1045 3746 fieri
1108 3703 1364 3761 precatur
1418 3700 1473 3746 et
1521 3694 1585 3744 ad
1637 3689 2050 3746 similitudinem

469 3788 642 3855 ipsius
663 3786 866 3842 Christi
896 3787 1078 3840 divina
1123 3801 1408 3854 peragere,
1437 3793 1490 3841 et
1529 3786 1795 3856 impertiri
1824 3786 2053 3840 sanctis-

468 3881 645 3936 sime:
679 3896 743 3935 ac
769 3895 924 3935 saera
959 3887 1336 3949 percepturos,
1367 3877 1720 3935 sacrosancte
1750 3879 2050 3949 percipere.

469 3971 673 4026 Deinde
697 3972 778 4026 sic
809 3970 1149 4025 divinissima
1177 3971 1387 4039 peragit
1421 3984 1616 4034 .sacra,
1653 3979 1821 4039 atque
1877 3971 2052 4026 oculis

467 4063 680 4133 objicit,
716 4077 839 4132 qua:
863 4063 1160 4118 celebravit
1193 4077 1285 4131 per
1339 4077 1496 4118 sacra
1561 4062 1862 4132 preposita.
1916 4062 2050 4117 Nam

471 4173 610 4225 pane
632 4157 724 4226 qui
757 4164 981 4225 apertus
1015 4167 1132 4210 erat
1166 4165 1220 4210 et
1250 4155 1541 4220 indivisus,
1579 4154 1851 4226 patefacto
1911 4165 1964 4210 et
1997 4157 2048 4211 iu

468 4247 669 4303 multas
693 4258 872 4317 partes
901 4247 1558 4317 distributo,‘unitateque
1583 4249 1770 4304 calicis
1799 4249 2054 4305 onmibus

467 4341 774 4409 dispertita,
841 4339 1157 4408 symbolica:
1208 4339 1476 4395 unitatem
1511 4341 1834 4410 multiplicat
1883 4351 1939 4396 et
1969 4341 2052 4395 di-

465 4432 709 4487 stribuit.
747 4449 766 4482 ›
807 4430 875 4484 Et
907 4439 1028 4499 post
1061 4445 1230 4499 pauca
1267 4448 1280 4484 :
1318 4449 1336 4482 ι
1369 4430 1630 4501 Percepta
1661 4448 1725 4487 ac
1746 4433 1872 4488 data
1903 4448 2052 4487 com-

467 4522 730 4577 munione
760 4521 1046 4576 liierarcha
1087 4521 1142 4575 in
1197 4536 1411 4577 sacrant
1447 4524 1746 4592 gratiarum
1781 4525 2049 4580 actionem

465 4615 690 4671 desinit.
723 4633 742 4666 ι

2161 3420 2535 3492 μαρτυρήσων
2586 3417 2803 3488 παρίτω
2831 3419 2945 3481 τοῖς
2983 3415 3115 3485 παρ’
3152 3415 3313 3486 ήμῶν
3345 3413 3688 3482 τελουμένοις
3715 3427 3729 3444 ο

2156 3516 2214 3568 ὲν
2241 3513 2350 3584 γὰρ
2376 3515 2440 3584 τῇ
2462 3511 2672 3583 θεωρίᾳ
2696 3511 2789 3565 τοῦ
2808 3511 2909 3582 τῆς
2933 3511 3204 3575 συνάξεως
3235 3507 3556 3590 μυστηρίου,
3592 3507 3730 3568 «τᾶς

2157 3605 2333 3674 ἱερὰς,
2371 3606 2530 3675 φησὶ,
2565 3604 2851 3674 θεουργίας
2882 3605 2910 3658 6
2933 3603 3196 3674 ίεράρχης
3221 3602 3487 3670 ὑμνήσας,
3517 3599 3606 3652 ἐπὶ
3632 3599 3731 3667 τὴν

2157 3698 2476 3767 ἱερουργίαν
2505 3697 2748 3767 ἐρχεταιυ
2778 3696 2873 3749 καὶ
2921 3695 3186 3765 πρότερον
3218 3693 3318 3764 μὲν
3349 3691 3488 3761 ὑπὲρ
3529 3691 3730 3759 ταύτης

2153 3788 2500 3856 ἀπολογεῖται
2531 3790 2626 3842 καλ⁵
2653 3787 2878 3858 ἀναϐοᾷ,
2929 3789 3000 3841 Σὺ
3043 3781 3223 3850 εἴπας,
3289 3784 3465 3839 Τοῦτο
3514 3783 3730 3836 ποιεῖτε

2155 3884 2243 3947 είς
2290 3882 2408 3950 τὴν
2447 3881 2606 3951 ἐμὴν
2651 3881 3038 3950 ἀνι-ιίμνηηοίν⁸
3083 3876 3202 3931 εἶτα
3251 3877 3348 3945 τῆς
3396 3875 3730 3942 θεομιμήτου

2154 3973 2362 4044 ταύτης
2389 3973 2701 4045 ἱερουργίας
2733 3975 2882 4040 ἄξιος
2905 3972 3051 4024 αίτεῖ
3075 3968 3350 4040 γενέσθαι,
3388 3967 3479 4020 καὶ
3509 3969 3574 4036 τῇ
3596 3965 3732 4034 πρὸς

2154 4066 2392 4136 Χριστὸν
2432 4065 2775 4135 ἀφομοιώσει
2820 4063 2888 4118 τὰ
2917 4062 3037 4116 θεῖα
3062 4061 3352 4128 πανάγνως
3379 4058 3596 4110 τελέσαι
3640 4056 3731 4108 καὶ

2153 4157 2450 4224 διαδοῦναι,
2505 4157 2596 4209 καὶ
2651 4157 2778 4220 τοὺς
2814 4155 3142 4225 μεθέξοντας
3197 4149 3536 4222 ἱεροπρεπῶς
3574 4163 3730 4216 μετα-

2157 4253 2332 4320 σχεῖν.
2385 4244 2504 4303 Εἶθ’
2537 4247 2713 4311 οὕτως
2763 4247 3038 4318 ἱερουργεῖ
3084 4245 3152 4298 τὰ
3201 4243 3476 4306 θειότατα,
3521 4242 3611 4294 καὶ
3641 4237 3730 4291 ὑπ’

2154 4342 2278 4413 δψιν
2310 4344 2436 4411 ἄγει
2460 4341 2530 4396 τὰ
2565 4341 2856 4412 ὐμνημένα
2883 4340 2972 4394 διὰ
3001 4339 3114 4392 τῶν
3147 4339 3188 4390 is
3202 4337 3310 4407 ρῶς
3332 4333 3730 4406 προκειμένων·

2153 4440 2247 4492 τὸν
2281 4439 2391 4509 γὰρ
2421 4437 2910 4506 ἐγκεκαλυμμένον
2943 4442 3038 4487 καὶ
3067 4432 3373 4502 ἀδιαίρετον
3405 4430 3570 4500 ἄρτον
3605 4428 3730 4480 ἁνα-

2155 4529 2425 4601 καλύψας,
2455 4527 2540 4593 ἐίς
2579 4529 2754 4583 πολλὰ
2787 4526 3002 4591 διελὼν,
3053 4525 3148 4579 καὶ
3178 4524 3237 4578 τὸ
3277 4525 3477 4578 ἑνιαῖον
3507 4519 3599 4574 τοῦ
3635 4538 3731 4573 πο-

2154 4625 2345 4694 τηρίου
2379 4624 2516 4675 πᾶσι
2543 4622 2949 4691 καταμερίσας,
2983 4616 3327 4688 συμϐολικῶς
3371 4615 3469 4685 τὴν
3501 4613 3726 4683 ἑνότητα

467 4707 731 4777 πληθύνει
761 4710 855 4764 καὶ
882 4709 1150 4781 διανέμειο
1176 4729 1194 4763 ι
1217 4710 1311 4764 καὶ
1343 4710 1465 4782 μετ’
1489 4711 1668 4782 ὀλίγα·
1695 4731 1715 4766 ι
1744 4715 2050 4788 Μετασχῶν
2087 4717 2144 4772 δὲ
2173 4720 2267 4775 καὶ
2306 4717 2572 4790 μεταδοὺς
2601 4719 2629 4771 6
2700 4716 2984 4787 ίεράρχης,
3035 4715 3117 4778 εἱς
3162 4713 3514 4785 εὐχαριστίαν
3582 4710 3731 4780 ἱερὰν

466 4801 798 4872 καταλήγει.
839 4819 858 4854 ι

537 4896 666 4951 Haec
696 4894 872 4950 cuivis
897 4894 1100 4950 volenti
1134 4897 1383 4950 contueri
1437 4895 1581 4960 licet,
1649 4913 1775 4954 cum
1808 4899 2040 4969 quibus~

2223 4897 2409 4954 Ταῦτα
2442 4902 2675 4974 συνορᾷν
2711 4900 2888 4966 ἔξεστι
2945 4898 3021 4969 τῷ
3070 4896 3384 4968 βουλομένῳ
3417 4898 3598 4955 παντὶ.
3657 4893 3729 4946 τί·

466 5003 592 5042 nam
648 4987 1019 5053 consentiant,
1069 4986 1208 5042 iisne
1243 5003 1366 5057 quae
1415 5003 1444 5043 a
1474 4991 1634 5046 nobis
1684 5001 2041 5060 peraguntur,

465 5082 561 5128 aut
609 5074 677 5129 iis
711 5089 832 5144 quae
865 5089 895 5128 a
927 5073 1157 5130 Latinis.
1194 5074 1304 5131 Nos
1329 5077 1472 5133 enim
1510 5089 1805 5149 sequentes
1856 5095 2046 5136 sacros

465 5167 743 5236 apostolos
767 5178 821 5221 et
859 5167 1131 5231 doctores,
1162 5169 1319 5237 juxta
1345 5171 1575 5227 traditas
1603 5171 1673 5228 ab
1700 5172 1769 5226 iis
1831 5174 2051 5242 exposi-

466 5263 642 5315 tiones
692 5272 748 5315 et
809 5261 954 5315 hunc
995 5261 1121 5316 item
1157 5277 1440 5318 sacrorum
1482 5265 1859 5335 interpretem,
1886 5282 2042 5322 sacra

466 5351 561 5408 Dei
586 5367 750 5422 Opera
780 5353 1145 5419 celebramus,
1185 5354 1239 5410 id
1275 5363 1383 5420 est,
1433 5367 1492 5411 ut
1531 5357 1633 5412 iste
1675 5361 1772 5420 ait,
1816 5360 1908 5414 Dei
1946 5375 2046 5430 pro

465 5445 624 5500 nobis
651 5445 1112 5513 incarnationem,
1154 5449 1270 5516 ejus
1301 5465 1400 5518 pro
1439 5450 1598 5505 nobis
1617 5459 1870 5517 mortem,
1903 5453 2047 5508 divi-

464 5552 589 5591 nam
617 5538 1016 5608 baptizatorum
1049 5542 1482 5610 generationem,
1513 5544 1756 5599 divinam
1795 5548 2048 5618 adeptio-

464 5642 609 5694 nem,
635 5630 924 5686 servandis
945 5632 1218 5686 mandatis
1244 5633 1643 5688 deiﬁcationem
1678 5654 1691 5690 :
1724 5637 1797 5692 ita
1850 5639 2050 5694 deinde

463 5721 530 5775 ad
563 5725 1030 5778 consecrationem
1059 5725 1363 5789 venientes,
1393 5729 1543 5796 prius
1561 5730 1779 5798 quidem
1828 5747 1925 5800 pro
1946 5733 2049 5788 hac

463 5815 878 5871 excusationem
904 5817 1205 5882 aderimus,
1232 5829 1286 5872 et
1316 5821 1688 5876 exelamamus
1727 5824 1840 5893 ipsa
1868 5826 2050 5880 Domi-

467 5903 590 5959 uiea
619 5908 805 5976 verba,
845 5926 966 5979 quae
1027 5921 1140 5966 tum
1198 5915 1505 5969 enuntiaiit
1561 5933 1574 5967 :
1629 5925 1680 5972 et
1736 5919 2045 5985 subdimus,

2156 5009 2244 5046 σιν
2303 4994 2422 5047 ἐστὶ
2477 4991 2765 5063 σύμφωνα,
2819 4992 2931 5054 τοῖς
2996 4990 3127 5059 παρ’
3165 4988 3322 5058 ήμῶν
3369 4986 3728 5053 τελουμένοις,

2153 5087 2187 5157 ἢ
2246 5088 2360 5150 τοῖς
2418 5088 2568 5158 παρὰ
2626 5085 2895 5140 Λατίνων.
2939 5083 3131 5154 Ἡμεῖς
3191 5084 3290 5150 μὲν
3348 5081 3455 5148 γὰρ
3511 5080 3730 5131 ἀκολου·

2155 5179 2377 5243 θοῦντες
2416 5182 2530 5242 τοῖς
2593 5179 2761 5251 ἱεροῖς
2805 5176 3129 5239 ἀποστόλοις
3197 5173 3292 5227 καὶ
3353 5171 3725 5233 διδασκάλοις,

2155 5273 2300 5326 κατὰ
2349 5273 2447 5336 τὰς
2496 5272 2590 5326 ὐπ’
2621 5271 2802 5325 αὐτῶν
2851 5267 3298 5342 παραδεδομένας
3344 5265 3609 5324 ἐκθέσεις,
3641 5265 3728 5314 καὶ

2155 5365 2333 5432 τούτῳ
2389 5364 2454 5432 δὴ
2516 5363 2592 5434 τῷ
2658 5364 3038 5434 ἱεροφάντορι,
3091 5360 3190 5423 τὰς
3241 5358 3392 5429 ἱερὰς
3451 5355 3730 5426 θεουργίας

2158 5456 2456 5527 ὖμνυῦμεν,
2489 5456 2789 5519 τουτέστιν,
2816 5456 2894 5521 ῶς
2945 5453 3106 5515 αὐτός
3148 5467 3304 5520 φησι,
3350 5449 3450 5517 τὴν
3481 5447 3548 5500 δι’
3584 5446 3729 5515 ήμᾶς

2155 5549 2574 5619 ὲνανθρὼπησιν
2603 5548 2696 5602 τοῦ
2729 5547 2889 5613 Θεοῦ,
2934 5548 3025 5601 τὸν
3061 5545 3201 5614 ὑπὲρ
3241 5543 3396 5614 ήμῶν
3445 5539 3607 5593 αὐτοῦ
3633 5537 3730 5590 θά-

2155 5657 2336 5704 νατον,
2361 5641 2463 5709 τὴν
2488 5639 2834 5706 θεογενεσίαν
2855 5638 2964 5691 τῶν
2989 5635 3426 5707 βαπτιζομένων,
3458 5632 3556 5700 τὴν
3583 5629 3728 5682 θείαν

2157 5731 2454 5798 υἱοθεσίαν,
2483 5733 2585 5796 τὴν
2603 5731 2690 5784 διὰ
2723 5730 2820 5798 τῆς
2846 5729 3096 5799 φυλακῆς
3119 5728 3229 5781 τῶν
3257 5726 3486 5779 ἐντολῶν
3515 5723 3728 5775 θέωσιν·

2155 5821 2256 5879 εἴθ’
2285 5823 2460 5887 οὕτως
2495 5823 2589 5876 ἐπὶ
2618 5823 2716 5892 τήν
2763 5821 3078 5892 ἱερουργίαν
3124 5819 3434 5889 ἐρχόμενοι,
3471 5815 3727 5885 πρότερον

2157 5919 2256 5986 μὲν
2309 5918 2451 5986 ὑπὲρ
2499 5916 2704 5987 ταύτης
2760 5913 3202 5983 ἀπολογούμεθα,
3260 5911 3357 5964 καὶ
3411 5906 3725 5973 ἀναϐοῶμεν
