4100 6418
399 391 538 456 1089

1269 383 1366 444 DE
1393 375 1748 442 CORPORE
1784 375 1878 436 ET
1919 371 2324 433 SANGUINE
2361 372 2702 435 CHRISTI.

3519 370 3658 435 1090

395 508 536 562 αὐτὰ
570 506 636 559 τὰ
674 501 970 557 δεσποτικὰ
1021 501 1262 573 ῥήματα,
1298 501 1334 554 ἃ
1366 501 1485 553 τότε
1530 492 1652 551 εἷπε
1677 513 1691 528 ⁸
1725 498 1818 551 καὶ
1847 497 1970 548 ἐπι-

2080 494 2222 564 quod
2257 495 2369 563 ipse
2391 494 2637 563 jusserit,
2667 492 2783 548 Hoc
2838 493 3020 564 facite,
3059 493 3338 562 inquiens,
3374 495 3428 547 in
3483 509 3657 546 meam

395 601 652 668 λέγομεν,
699 595 784 647 ὅτι
839 593 1004 655 αὐτὸς
1032 591 1359 662 προσέταξε,
1398 589 1581 644 Τοῦτο
1628 586 1850 642 ποιεῖτε
1887 587 1975 652 εις

395 688 512 756 τὴν
538 687 695 755 ἐμὴν
723 684 1090 753 ἀνάμνησιν
1124 677 1245 734 εἶτα
1271 681 1370 750 τῆς
1401 679 1740 750 θεομιμήτου
1772 675 1977 744 ταύτης

399 779 718 850 ἱερουργίας
749 777 892 841 ἄξιοι
922 775 1245 844 αἰτήσαντες
1273 772 1548 841 γενέσθαι.
1596 771 1740 824 καθὰ
1785 768 1975 838 περιέ·-

395 887 582 940 χουσιν
620 871 675 923 αἱ
710 867 982 930 ἐκθέσεις.
1033 866 1428 936 ἱερουργοῦμεν
1475 866 1546 918 τὰ
1585 863 1843 916 θειότατα
1887 861 1977 916 διὰ

395 967 495 1032 τῆς
529 963 696 1032 εὐχῆς
727 962 823 1015 καὶ
854 959 1132 1028 εὐλογίας,
1165 960 1260 1013 καὶ
1283 959 1380 1027 τῆς
1410 957 1504 1010 τοῦ
1546 955 1692 1009 θείου
1720 953 1978 1024 Πνεῦμα-

395 1073 488 1118 τος
541 1054 982 1126 ἐπιιιιοιτήσεως⁹
1021 1053 1116 1106 καὶ
1161 1051 1254 1104 τὸν
1301 1047 1788 1119 ἐγκεκαλυμμένον
1837 1049 1978 1112 τέως

398 1145 492 1196 καὶ
546 1140 856 1210 ἀδιαίρετον
910 1141 1074 1210 ἄρτον
1126 1138 1614 1205 ἀνακαλύψαντες,
1676 1138 1757 1200 εἱς
1803 1136 1978 1191 πολλὰ

397 1233 738 1304 διαιροῦμεν,
774 1233 867 1285 καὶ
899 1231 959 1284 τὸ
986 1232 1187 1283 ἐνιαῖον
1213 1229 1306 1283 τοῦ
1339 1229 1601 1298 ποτηρίου
1635 1230 1770 1283 πᾶσι
1805 1244 1977 1283 κατα·

402 1325 718 1396 μεριζομεν.
763 1325 824 1378 '0
855 1324 912 1377 δὲ
962 1321 1112 1390 παρὰ
1154 1319 1405 1381 Λατίνοις
1461 1321 1640 1391 ἱερεὺς
1699 1320 1976 1390 μέμνηται

403 1417 502 1487 μὲν
542 1416 638 1470 κα)⁸
671 1415 832 1475 αὐτὸς
878 1413 1300 1484 διηγηματικῶς
1345 1412 1454 1465 τῶν
1493 1410 1828 1465 δεσποτικῶν
1875 1413 1975 1482 ρη-

402 1513 608 1578 μὰτων,
651 1509 733 1562 ὅτι
761 1508 924 1570 αὐτὸς
958 1507 1286 1577 προσέταξε,
1317 1505 1567 1572 Λάϐετε,
1603 1507 1843 1575 φάγετε,
1876 1504 1974 1557 καὶ

397 1601 562 1653 πίετε
609 1599 856 1665 πάντες,
906 1599 1024 1663 καὶ,
1057 1598 1245 1653 Τοῦτο
1299 1599 1523 1651 ποιεῖτε
1560 1599 1646 1663 εἱς
1679 1597 1796 1665 τὴν
1820 1596 1977 1666 ἐμὴν

395 1695 763 1764 ἀνάμνησιν
798 1695 1074 1764 ἱερουργεῖ
1104 1693 1160 1745 δέ
1185 1692 1350 1745 οὐδὲν
1383 1691 1586 1760 μᾶλλον
1608 1730 1624 1753 ,
1655 1689 1771 1744 ἀλλ’
1803 1691 1975 1744 οίεται

394 1789 494 1854 τὴν
516 1787 770 1855 διήγησιν
793 1787 966 1856 αὐτὴν
987 1786 1096 1838 τῶν
1125 1786 1390 1882 ῥημάτων
1416 1781 1552 1853 πρὸς
1575 1787 1668 1836 τδν
1698 1783 1973 1852 ἁγιασμδν
2001 1823 2049 1882 Β

380 1879 490 1930 -καὶ
518 1877 620 1950 τὴν
653 1877 969 1948 ἱερουργίαν
1017 1876 1232 1946 ἀρκεῖν·
1272 1869 1391 1927 εἶτα
1435 1873 1526 1927 τὸν
1570 1873 1780 1944 ἄζυμον
1809 1876 1974 1943 ἄρτον

396 1970 627 2035 ἐκεῖνον,
653 1971 752 2022 οὐκ
789 1969 1276 2037 ἐγκεκαλυμμένον
1301 1966 1460 2032 τέως,
1495 1966 1612 2020 ἀλλ’
1635 1967 1757 2020 ὅθεν
1782 1967 1974 2038 ἔτυχεν

395 2061 539 2116 οὕτω
569 2060 752 2114 λαϐὼν
780 2061 874 2113 καὶ
908 2058 1154 2128 ὑψὼσας,
1196 2057 1362 2126 μέρος
1415 2056 1514 2127 μὲν
1561 2058 1970 2128 ἀπορρήγνυσι,

396 2154 491 2207 καὶ
524 2153 600 2221 τῷ
630 2153 877 2221 ποτηρίῳ
901 2149 1182 2220 ἐμϐάλλειο
1213 2151 1271 2202 τὸ
1304 2149 1362 2202 δέ
1394 2149 1580 2202 λοιπὸν
1609 2150 1866 2220 καθίησιν
1895 2151 1976 2212 εἱς

395 2246 457 2299 τὸ
511 2243 707 2312 στόμα,
759 2242 950 2296 καὶτὸ
995 2239 1262 2312 ποτήριον
1315 2238 1528 2294 ἐκπιὼν
1572 2240 1695 2295 ὅλον
1750 2240 1974 2311 ὁμοίως,

396 2334 742 2400 ἀσπάζεσθαι
797 2333 961 2387 αὐτὸν
1011 2332 1387 2403 προτρέπεται
1448 2332 1576 2396 τοὺς
1630 2331 1975 2403 συλλειτουρ-

396 2430 632 2498 γοῦντας
682 2427 831 2497 αὐτῷ
865 2427 1174 2490 διακόνους,
1219 2427 1409 2498 μηδενὶ
1459 2426 1628 2497 μηδὲν
1672 2425 1973 2496 μεταδοῦςί,

394 2521 424 2574 δ
446 2520 529 2584 τὸ,
559 2520 801 2584 Λάϐετε,
831 2519 1052 2590 φάγετε
1081 2518 1330 2583 πάντες,
1354 2519 1468 2584 καὶ,
1500 2518 1670 2572 "lete
1698 2517 1764 2581 ἐξ
1789 2516 1976 2571 αὑτοῦ

396 2609 642 2677 πάντες,
669 2611 1049 2682 μεγαλαυχῶν.
1081 2594 1270 2665 Ταῦτα
1292 2611 1352 2664 οὐ
1389 2609 1658 2681 πρόδηλον
1691 2612 1848 2682 φέρει
1871 2610 1973 2682 τὴν

395 2701 715 2756 ἐναντίωσιν
763 2703 859 2756 καὶ
901 2702 1037 2774 πρὸς
1084 2703 1183 2764 τὰς
1229 2702 1680 2774 παραδεδομένας
1727 2702 1976 2766 ἐκθέσεις

397 2793 494 2846 καὶ
522 2792 814 2862 ἐξηγήσεις
847 2792 982 2863 πρὸς
1011 2793 1080 2845 τὰ
1109 2791 1407 2846 δεσποτικὰ
1435 2794 1679 2864 ῥήματα,
1712 2795 1809 2847 καὶ
1839 2794 1976 2864 πρὸς

395 2882 566 2946 αὑτὰς
594 2883 693 2945 τὰς
721 2883 946 2935 ἐκείνων
975 2883 1159 2950 φωνάς
1183 2899 1198 2949 ;
1239 2882 1374 2937 Είτα
1403 2882 1767 2953 τολμήσουσιν
1802 2882 1975 2947 οὕτως

396 2973 612 3044 ἔχοντες
642 2974 895 3042 ἐγκαλεῖν
939 2975 1071 3044 ἡμῖν
1114 2975 1209 3028 καὶ
1243 2977 1706 3047 περιεργάζεσθαι
1740 2977 1806 3030 τὰ
1838 2976 1974 3048 ἡμέ-

394 3082 531 3136 τερα
557 3065 653 3118 καὶ
695 3064 1118 3135 ἐφερμηνεύειν,
1153 3065 1327 3130 οῦτως
1352 3067 1623 3120 ἀκόλουθα
1649 3069 1763 3131 τοῖς
1795 3067 1974 3136 ἁγίοις

2079 589 2632 644 commemorationem
2691 605 2704 642 :
2765 597 2876 642 tum
2938 598 3000 644 ut
3067 589 3134 644 ad
3177 587 3534 642 imitationem
3562 587 3655 640 Dei

2080 681 2398 751 compositaa
2455 681 2620 749 hujus
2671 681 3103 737 consecrationis
3151 680 3298 750 digni
3356 679 3659 736 efficiamur

2077 773 2306 844 precati,
2373 771 2834 843 quemadmodu'm
2918 773 3196 828 continent
3261 773 3656 844 expositiones.

2080 867 2422 924 divinissima
2452 879 2606 922 sacra
2637 865 2980 934 conﬁcimus,
3006 865 3379 920 intercedente
3409 865 3660 920 oratione

2079 969 2242 1030 atque
2292 959 2693 1026 benedictione,
2756 973 2966 1014 necnon
2999 957 3169 1013 divini
3195 957 3430 1027 Spiritus
3475 973 3659 1012 acces-

2079 1056 2254 1112 sione.
2291 1053 2628 1123 Interimque
2685 1064 2937 1122 opertum
2989 1068 3188 1122 panem
3247 1060 3302 1108 et
3355 1052 3652 1107 indivisum

2079 1144 2410 1215 patefactum
2446 1145 2498 1198 in
2547 1143 2749 1199 multas
2778 1152 2958 1213 partes
2987 1158 3258 1209 secamus,
3310 1149 3367 1197 et
3396 1143 3654 1197 unitatem

2081 1235 2268 1310 calicis
2335 1235 2594 1289 omnibus
2655 1235 3061 1289 distribuimus.
3145 1233 3468 1288 Latinorum
3528 1248 3660 1287 vero

2080 1326 2338 1384 sacerdos
2367 1327 2560 1382 recitat
2589 1335 2645 1380 et
2673 1325 2791 1395 ipse
2822 1323 3104 1379 Dominica
3138 1324 3326 1390 verba,
3365 1323 3510 1394 quod
3544 1323 3662 1392 ipse

2081 1421 2424 1492 praeceperit,
2473 1419 2730 1488 Accipite,
2785 1417 3063 1481 comedite,
3121 1425 3170 1469 et
3217 1415 3376 1469 bibite
3435 1430 3659 1468 omnes:

2079 1526 2154 1582 et,
2193 1515 2307 1570 Hoc
2331 1516 2493 1583 facile
2522 1515 2577 1568 in
2601 1530 2772 1568 meam
2823 1514 3414 1576 commemorationem;
3472 1525 3660 1564 verum

2080 1603 2253 1658 nihilo
2283 1604 2454 1674 magis
2476 1612 2785 1668 consecrat,
2806 1602 2900 1658 sed
2949 1603 3244 1658 arbitratur
3274 1601 3653 1655 recitationem

2080 1695 2223 1750 hanc
2251 1695 2541 1749 verborum
2572 1693 2641 1748 ad
2696 1693 3186 1750 sanctiﬁcationem
3255 1701 3310 1746 et
3363 1704 3662 1745 consecra-

2079 1789 2281 1844 tionem
2302 1786 2566 1843 suliicere.
2584 1785 2788 1841 Deinde
2804 1785 3246 1840 infermentatum
3265 1798 3460 1853 panem
3483 1783 3660 1850 illum,

2084 1896 2192 1936 non
2221 1887 2473 1946 opertum
2514 1877 2889 1945 interim,‘sed
2953 1878 3320 1946 undecunque
3368 1875 3664 1945 contigerit

2085 1976 2158 2029 ita
2194 1981 2410 2036 nactus,
2443 1972 2536 2027 ubi
2581 1970 2910 2035 sublevavit,
2941 1977 3150 2038 partem
3183 1968 3405 2038 quidem
3434 1967 3660 2036 frangit,

2081 2065 2209 2120 etin
2233 2065 2455 2120 calicem
2501 2062 2680 2130 injicit
2713 2080 2727 2118 :
2762 2063 2909 2132 quod
2973 2061 3247 2130 reliquum
3283 2065 3370 2114 est
3395 2059 3448 2112 in
3481 2072 3544 2112 os
3568 2058 3664 2111 de-

2084 2157 2270 2224 mittit,
2299 2165 2354 2212 et
2384 2166 2497 2212 toto
2527 2156 2700 2213 calice
2745 2155 2953 2225 pariter
2999 2162 3184 2224 epoto,
3226 2161 3286 2208 ut
3315 2167 3375 2208 se
3425 2151 3664 2207 salutent

2083 2251 2405 2306 adhortatur
2436 2250 2528 2320 qui
2557 2264 2682 2304 cum
2725 2263 2790 2304 eo
2851 2247 3164 2302 ministrant
3186 2244 3423 2309 diaconi,
3454 2241 3662 2298 nemini

2082 2341 2379 2414 quidquam
2417 2341 2748 2410 impartitus,
2798 2338 2893 2408 qui
2953 2338 3058 2394 hoc
3115 2335 3381 2407 gloriatur
3445 2332 3662 2388 Domini

2082 2434 2268 2496 verbo,
2300 2433 2551 2502 Accipite,
2585 2432 2844 2486 comedite
2866 2447 3068 2496 omnes,
3093 2439 3142 2484 et
3190 2428 3350 2483 bibite
3373 2443 3438 2483 ex
3458 2443 3518 2480 eo
3540 2442 3658 2480 om-

2083 2541 2196 2580 nes.
2229 2521 2355 2578 Haec
2379 2523 2807 2578 manifestamne
2875 2520 3166 2592 proierunt
3215 2521 3658 2576 contrarietatem

2084 2617 2151 2672 iis
2174 2631 2295 2687 quae
2318 2617 2475 2672 nobis
2502 2616 2715 2671 traditae
2749 2625 2876 2671 sunt
2920 2615 3266 2684 liturgiarum
3306 2610 3663 2682 expositioni-

2084 2707 2206 2773 bus,
2239 2714 2294 2761 et
2322 2706 2500 2760 verbis
2536 2705 2854 2769 Dominicis,
2906 2714 2960 2760 et
2992 2705 3126 2776 ipsis
3175 2703 3404 2759 vocibus
3459 2702 3663 2771 quibus

2082 2798 2346 2854 utuntur?
2375 2795 2593 2853 Scilicet
2615 2799 2689 2852 ita
2719 2798 3014 2853 sentientes
3055 2796 3213 2852 nobis
3253 2795 3386 2850 vitio
3451 2803 3663 2847 vertere

2081 2891 2378 2956 audebunt,
2415 2900 2468 2947 et
2519 2902 2738 2948 nostros
2799 2891 2938 2944 ritus
3013 2888 3285 2944 curiosius
3335 2888 3666 2957 investigare

2081 2995 2246 3054 atque
2272 2984 2646 3053 interpretari,
2679 2999 2802 3053 quae
2827 2983 3036 3038 sanctis
3071 2981 3326 3036 Patribus
3371 2993 3478 3034 tam
3533 2986 3662 3035 sunt

2082 3075 2496 3132 consentanea?
2543 3075 2615 3129 At
2679 3075 3106 3145 Chrysostomus
3161 3072 3259 3139 ait,
3317 3072 3662 3125 Dominiruut

395 3159 559 3225 ὄντας
600 3156 744 3210 Ἀλλ’
776 3159 802 3210 ὁ
823 3158 1216 3229 Χρυσόστομός
1250 3175 1385 3229 φησι
1414 3159 1507 3215 τὸν
1535 3159 1853 3214 δεσποτικὸν
1883 3159 1971 3212 λόο

2081 3169 2304 3224 verbum
2364 3168 2530 3224 semel
2572 3169 2778 3224 dictum
2839 3167 3172 3224 sacriﬁcium
3223 3173 3663 3221 consummatum

395 3268 490 3320 γον
529 3250 675 3316 ἅπαξ
733 3250 966 3321 ρηθέντα
1041 3251 1143 3320 τὴν
1182 3251 1376 3305 θυσίαν
1411 3251 1831 3322 ἀπηρτισμένην
1881 3251 1975 3320 ἐρ-

395 3343 698 3411 γάζεσθαι·
757 3341 906 3409 ἅπαξ
957 3341 1192 3413 ρηθέντα
1253 3343 1420 3413 φησὶν
1464 3344 1524 3397 οὐ
1581 3343 1676 3397 νῦν
1729 3343 1834 3397 ὑπὸ
1879 3343 1974 3397 τοῦ

396 3435 586 3504 ἱερέως
633 3434 950 3502 λεγόμενον,
979 3433 1096 3486 ἀλλ’
1129 3433 1278 3499 ἅπαξ
1307 3435 1412 3488 ὑπὸ
1459 3434 1554 3488 τοῦ
1595 3436 1847 3507 Σωτῆρος
1879 3438 1977 3506 ῥη-

397 3524 585 3588 θέντα,
643 3523 744 3593 τὴν
787 3521 1141 3592 τελειωτικὴν
1195 3523 1282 3577 ἀεὶ
1334 3522 1565 3595 δύναμιν
1607 3525 1810 3578 ἐνιέναι
1864 3527 1978 3588 τοῖς

397 3615 802 3685 προκειμένοις,
837 3613 938 3668 οὐκ
965 3613 1066 3685 ἤδη
1106 3616 1198 3668 καὶ
1227 3615 1486 3686 ἐνεργείᾳ
1514 3614 1760 3668 τελειοῦν
1794 3616 1938 3670 αὐτᾶ
1957 3633 1974 3652 ο

397 3707 559 3762 τοῦτο
587 3708 697 3778 γὰρ
730 3707 763 3778 ἡ
791 3705 884 3760 τοῦ
911 3706 1071 3775 ἁγίου
1095 3706 1417 3775 Πνεύματος
1439 3707 1788 3776 ἐπιφοίτησις
1812 3708 1977 3779 ἐργά-

399 3801 553 3865 ζεται
577 3798 666 3852 διὰ
695 3797 797 3868 τῆς
825 3797 918 3853 τοῦ
955 3798 1166 3868 ἱερέως,
1202 3798 1298 3852 καὶ
1325 3797 1484 3868 δῆλον
1529 3797 1588 3863 ἐξ
1633 3792 1708 3853 ὧν
1754 3799 1917 3862 αὐτὸς
1949 3801 1978 3853 ὁ

400 3891 636 3964 χρυσοῦς
658 3889 758 3961 τὴν
779 3890 1049 3959 γλῶτταν,
1078 3890 1155 3952 ὡς
1187 3891 1457 3963 πρότερον
1486 3888 1808 3959 ἐξεθέμεθα,
1838 3893 1978 3960 μετὰ

400 3985 462 4039 τὸ
505 3983 683 4037 εἰπεῖν
735 3981 806 4036 τὰ
851 3981 1154 4036 δεσποτικὰ
1213 3983 1462 4052 ῥήματα,
1499 4002 1516 4034 ι
1560 3983 1974 4054 Κατάπεμψον,

402 4073 558 4146 φησι,
592 4071 654 4127 τδ
685 4070 912 4142 Πνεῦμα
947 4087 1042 4124 σου
1069 4071 1128 4124 τδ
1155 4071 1334 4140 ἄγιον,
1376 4073 1472 4126 καὶ
1503 4072 1730 4141 ποίησον
1760 4074 1850 4127 τὸν
1879 4073 1977 4144 μὲν

400 4166 567 4235 ἄρτον
611 4163 802 4217 τοῦτον
831 4161 1015 4234 τίμιον
1049 4163 1210 4234 σῶμα
1250 4163 1346 4216 τοῦ
1391 4163 1630 4231 Χριστοῦ
1667 4182 1782 4232 σου,
1832 4165 1890 4219 τὸ
1922 4165 1978 4219 δὲ

401 4255 460 4308 ἐν
490 4253 568 4324 τῷ
594 4253 847 4324 ’ποτηρίῳ
878 4251 1054 4323 τούτῳ
1082 4252 1265 4323 τίμιον
1284 4247 1425 4323 αἷμα
1459 4254 1550 4306 τοῦ
1578 4251 1820 4326 Χριστοῦ
1857 4272 1976 4324 σου,

403 4343 723 4416 μεταϐαλὼν
757 4345 834 4416 τῷ
881 4343 1162 4416 Πνεῦματί
1193 4362 1288 4398 σου
1333 4345 1412 4416 τῷ
1455 4345 1619 4418 ἁγίῳ.
1650 4365 1669 4398 ›
1708 4349 1893 4402 Ταῦτα
1928 4352 1977 4404 εἱ

405 4437 480 4507 μὴ
510 4437 758 4492 πείθουσι
789 4439 916 4502 τοὺς
947 4438 1268 4509 φιλονείκως
1311 4437 1560 4510 ἔχοντας,
1605 4440 1875 4496 ἐλεεῖσθαι
1910 4442 1978 4498 ἂν

400 4523 514 4584 εἷεν
551 4529 752 4585 δίκαιοι
785 4531 884 4602 τῆς
913 4530 1110 4602 διπλῆς
1141 4531 1392 4600 ἀγνοίας,
1440 4533 1536 4588 καὶ
1566 4532 1665 4605 τῆς
1694 4533 1776 4599 εἱς
1809 4533 1975 4607 βάθος

401 4619 738 4687 πωρώσεως.

2079 3260 2311 3317 ellicere.
2346 3259 2527 3315 Semel
2557 3259 2766 3315 dictum
2797 3258 2995 3329 inquit,
3059 3271 3165 3312 non
3219 3255 3366 3327 quod
3431 3271 3580 3310 nunc
3631 3269 3664 3308 a

2081 3352 2363 3408 sacerdote
2409 3351 2632 3416 dicitur,
2674 3352 2768 3407 sed
2796 3351 2942 3417 quod
2979 3350 3149 3406 semel
3180 3365 3210 3406 a
3261 3348 3552 3405 Servatore
3583 3347 3666 3402 di-

2077 3457 2224 3502 ctum
2269 3455 2370 3513 est,
2399 3445 2774 3515 perfectricem
2816 3446 3108 3501 immittere
3157 3443 3448 3512 propositis
3501 3440 3663 3496 donis

2080 3541 2189 3592 vim
2243 3549 2411 3607 atque
2470 3540 2793 3608 putentiam,
2850 3553 2960 3592 non
3001 3539 3128 3593 item
3155 3546 3210 3593 et
3236 3544 3360 3592 actu
3394 3550 3454 3590 ea
3486 3533 3664 3602 perli—

2079 3645 2240 3699 cere;
2283 3632 2385 3686 hoc
2409 3631 2554 3686 enim
2588 3632 2759 3688 sancti
2788 3632 3026 3702 Spiritus
3048 3631 3318 3685 adventus
3351 3646 3446 3699 per
3475 3645 3659 3685 sacer-

2079 3719 2224 3774 dotis
2249 3721 2558 3774 orationem
2611 3720 2796 3786 efﬁcit,
2829 3721 2992 3791 idque
3014 3720 3362 3791 perspicuum
3390 3731 3562 3776 estex
3591 3722 3659 3778 iis

2081 3825 2200 3879 quae
2231 3811 2680 3882 Chrysostomus,
2710 3814 2938 3882 utprius
2957 3813 3333 3884 exposuimus,
3365 3823 3658 3884 postquam

2081 3901 2363 3956 Dominica
2423 3903 2586 3958 verba
2643 3906 2861 3959 recitata
2928 3915 3056 3960 sunt
3107 3922 3121 3960 :
3171 3923 3188 3958 t
3222 3906 3424 3972 Mittas,
3460 3907 3660 3977 inquit,

2083 3993 2346 4064 Spiritum
2378 4001 2530 4048 tuum
2561 4004 2832 4061 sanctum,
2863 4004 2916 4050 et
2940 3995 3022 4050 iac
3040 4009 3231 4065 panem
3255 3997 3416 4052 istum
3437 3999 3658 4067 quidem

2079 4087 2377 4155 pretiosum
2408 4102 2608 4155 corpus
2641 4086 2842 4142 Christi
2873 4089 2978 4151 tui,
3029 4097 3082 4143 et
3115 4089 3262 4159 quod
3285 4091 3446 4144 estin
3487 4091 3656 4146 calice

2081 4175 2188 4232 isto
2246 4177 2544 4245 pretiosum
2573 4175 2894 4246 sanguinem
2928 4175 3136 4232 Christi
3179 4177 3278 4240 tui,
3339 4188 3660 4248 permutans

2083 4277 2275 4322 sancto
2303 4265 2508 4336 Spiritu
2547 4277 2658 4322 tuo.
2686 4285 2705 4317 ι
2742 4266 2867 4322 llaec
2897 4268 3001 4322 nisi
3047 4269 3410 4338 persuadeant
3438 4286 3534 4326 eos
3561 4272 3657 4340 qui

2083 4359 2406 4414 cuntcntiosi
2465 4367 2616 4426 sunt,
2650 4358 2685 4412 ii
2755 4359 3051 4415 miserandi
3110 4361 3304 4415 merito
3395 4364 3657 4418 censendi

2081 4458 2232 4515 sunt,
2268 4460 2378 4505 tum
2413 4453 2560 4520 quod
2617 4450 2920 4520 ignorantia
2978 4451 3179 4522 duplici
3230 4460 3543 4520 teneantur,
3603 4465 3661 4509 et

2081 4543 2444 4602 excaecatione
2468 4543 2758 4615 profunda.
