4100 6418
523 354 667 419 1095

1525 344 1766 407 MARCI
1796 346 2112 407 EPHESII
2147 342 2727 407 METROPOLITIE

3622 338 3737 404 1096

520 464 783 518 honorem
824 461 880 516 in
927 459 1094 516 rebus
1147 456 1408 514 inanibus
1469 468 1738 529 occupata
1841 459 2105 516 detines?

2223 460 2309 515 ιαὶ
2342 459 2626 531 φιλότιμον
2662 460 2721 512 ὲν
2757 457 2870 520 τοῖς
2905 455 3156 527 ματαίοις
3185 454 3538 523 ἀπασχσλεῐςς
3590 456 3747 528 Μέχρι

527 554 819 624 Usqueqno
869 552 1109 608 somnia?
1135 551 1446 621 Aliquando
1464 552 1666 608 veritas
1696 552 1938 607 tibicura
1978 552 2101 608 erit.

525 645 669 715 Fuge
698 644 992 715 Egyptnm
1055 643 1341 699 irrevcrsis
1381 643 1580 710 oculis,
1646 644 1770 712 fuge
1809 645 2104 701 Sodomam

521 749 575 793 et
620 737 1028 793 Gomorrham!
1091 732 1261 790 Serva
1323 744 1374 790 te
1436 735 1492 789 in
1548 744 1760 799 monte,
1816 734 2104 790 ne'simul

526 826 991 897 depreliendarisl
1031 825 1256 893 .Verum
1318 826 1609 895 occupavit
1642 835 1693 882 te
1744 826 1930 881 inanis
1994 826 2111 897 glo-

527 920 659 974 riola
684 928 739 972 et
774 920 1073 972 mendaces
1100 916 1303 973 divitiae
1330 925 1385 972 et
1432 927 1664 988 compta:
1695 919 2110 991 splendidaque

525 1021 712 1066 vestes
745 1020 800 1064 et
832 1010 939 1064 alia
962 1008 1163 1080 quibus
1198 1008 1359 1078 hujus
1389 1011 1576 1065 mundi
1608 1010 1844 1067 felicitas
1867 1012 2109 1068 fulcitur.
2154 998 2161 1003 ’

526 1102 671 1167 lleu,
715 1101 819 1155 heu
862 1116 974 1154 non
1023 1099 1457 1171 philosOphicam
1498 1102 1803 1172 philosophi
1836 1103 2110 1158 mentem!

528 1195 762 1262 Respice
795 1193 1014 1262 penitus
1039 1208 1156 1257 eos,
1187 1192 1282 1262 qui
1316 1204 1446 1249 ante
1475 1201 1529 1249 te
1584 1194 1856 1249 similibus
1886 1194 2110 1248 honori-

530 1286 637 1340 bus
668 1284 881 1355 probati
912 1284 1157 1339 fuerunt.
1193 1283 1329 1339 Cras
1360 1282 1663 1340 descendes
1691 1295 1749 1340 tn
1792 1300 2012 1355 quoque
2045 1287 2115 1338 ad

529 1378 759 1443 inferos,
806 1376 1019 1440 relictis
1083 1376 1340 1432 omnibus
1390 1391 1556 1447 super
1621 1384 1874 1443 terram;
1931 1392 2115 1431 rerum

530 1483 663 1522 vero
695 1483 725 1521 α
759 1476 810 1522 te
836 1478 1113 1539 gestarum
1150 1468 1499 1524 exactissima
1535 1468 1675 1522 ratio
1701 1482 1731 1521 a
1772 1475 1825 1523 te
1858 1476 2117 1537 expostu-

531 1555 756 1623 labitur,
809 1557 1273 1626 quemadmodum
1340 1572 1369 1611 a
1432 1557 1554 1611 falsi
1616 1557 1858 1612 nominis
1910 1556 2119 1628 synodo

531 1648 977 1717 expostulabitur
1028 1649 1255 1716 sanguis
1312 1648 1720 1717 deperditarum
1780 1647 2116 1712 animarum,

532 1753 727 1793 eorum
755 1739 849 1809 qui
877 1740 1195 1795 scandalum
1228 1743 1376 1811 passi
1418 1751 1548 1796 sunt
1585 1741 1640 1797 in
1675 1742 1935 1811 mysterio
1963 1740 2118 1807 ﬁdei,

2207 551 2312 604 ποῦ
2347 548 2418 603 τά
2450 548 2721 615 ὲνύπνιας
2760 547 2875 601 Καὶ
2906 546 2941 615 ἠ
2972 544 3206 612 άλήθειά
3232 561 3358 597 ποτε
3402 543 3748 614 σπουδασθήτιιι

2208 657 2318 696 σοι.
2348 639 2521 709 Φεῦγε
2568 638 2844 709 Αἴγυπτον
2893 637 3326 707 ἀμεταστρεπτὶ,
3355 634 3519 705 φεῦγε
3566 636 3746 702 Σόδομα

2211 737 2297 788 καὶ
2334 734 2373 786 Γ
2376 733 2624 804 όμορῤα·
2661 730 2794 802 πρὸς
2824 730 2886 782 τὸ
2918 729 3042 799 ὅρος
3066 727 3273 794 σώζου,
3310 729 3383 798 μὴ
3419 729 3751 799 συμπαραλη-

2210 826 2349 897 φθῇς
2371 825 2506 896 (9.7).
2538 824 2696 879 ’Δλλά
2718 823 2939 893 κατέχει
2957 823 3069 892 (28)
3086 839 3144 875 σε
3161 820 3223 875 τὸ
3247 822 3398 875 κενὸν
3419 820 3525 891 (29)
3540 820 3754 890 δοξάριον

2211 920 2308 974 καὶ
2330 922 2358 972 ὁ
2384 917 2740 989 ψευδώνυμος
2769 915 2998 980 πλοῦτος
3033 917 3127 970 καὶ
3162 915 3231 969 τά
3253 914 3438 984 κομψά
3468 915 3560 968 καὶ
3582 913 3756 984 εὐανθῆ

2212 1011 2551 1082 χλανισκίδια
2573 1009 2689 1081 (50)
2723 1009 2819 1063 καὶ
2844 1009 3037 1075 τᾶλλα,
3084 1002 3165 1071 οἷς
3194 1008 3229 1077 ἠ
3265 1007 3498 1078 κοσμικὴ
3524 1008 3761 1077 εὖημερία

2213 1104 2313 1175 τὴν
2354 1104 2614 1156 σύστασιν
2661 1101 2797 1171 ἔχει.
2850 1100 2954 1153 Φεῦ
3007 1100 3107 1170 τῆς
3162 1099 3489 1168 άφιλοσόφου
3552 1098 3759 1160 διανοίας

2216 1196 2309 1250 τοῦ
2336 1194 2663 1264 φιλοσόφουῑ
2698 1192 3030 1264 [ιερίσλεψον
3053 1192 3169 1262 (51)
3191 1190 3317 1254 τοὺς
3346 1192 3451 1260 πρὸ
3479 1189 3584 1259 (52)
3605 1189 3689 1242 σοῦ
3712 1191 3760 1242 ἒν

2215 1289 2335 1351 ταῖς
2366 1286 2579 1357 ὁμοίαις
2611 1285 2987 1357 περιφανείαις
3016 1282 3423 1348 ἐξετασθέντας.
3444 1280 3635 1352 Αὔριον
3682 1297 3763 1333 κα-

2217 1380 2434 1450 ταδήσῃ
2485 1377 2596 1449 (55)
2625 1377 2724 1431 καὶ
2764 1377 2930 1440 αὐτὸς
2960 1378 3040 1441 είς
3075 1376 3224 1447 ᾅδου,
3249 1374 3427 1428 πάντα
3483 1372 3761 1428 καταλιπὼν

2219 1468 2322 1521 ὑπὲ
2329 1486 2361 1539 ρ
2383 1469 2482 1553 τῆς
2498 1468 2608 1537 (54)
2630 1467 2736 1537 γῆς
2753 1479 2772 1499 ⁸
2806 1467 2897 1521 τὸν
2917 1466 3030 1537 (55)
3055 1467 3111 1520 δὲ
3151 1467 3260 1520 τῶν
3286 1465 3616 1536 βεϐιωμένων
3629 1463 3762 1531 λόγον

2220 1558 2575 1631 άπαιτηθήσῃ
2609 1560 2748 1630 μετά
2783 1557 2988 1625 πολλῆς
3042 1555 3350 1627 ἀκριϐείας,
3393 1556 3574 1625 ὥσπερ
3601 1554 3701 1625 (56)
3733 1554 3762 1623 ἡ

2219 1651 2574 1721 ψευδώνυμος
2630 1651 2847 1714 σύνοδος
2899 1650 3342 1721 άπαιτηθήσεται
3380 1648 3438 1702 τδ
3495 1642 3622 1717 αἷμα
3671 1645 3763 1698 τῶν

2223 1743 2616 1813 ἀπολλυμένων
2654 1742 2849 1813 ψυχῶν
2885 1741 2996 1797 τῶν
3051 1741 3541 1796 σκανδαλισθέντων
3574 1738 3658 1790 ἐπὶ
3693 1735 3758 1805 τῷ

532 1832 628 1902 qui
695 1833 1087 1902 blasphemiam
1166 1834 1567 1891 intolerabilem
1625 1836 1885 1907 nullaque
1951 1835 2116 1891 venia

2225 1835 2515 1907 μυστηρίῳ
2544 1835 2645 1905 τῆς
2677 1835 2939 1901 πίστεως,
2967 1834 3079 1887 τῶν
3127 1832 3226 1904 τὴν
3260 1832 3529 1903 ἀφόρητον
3554 1830 3765 1901 βλασφη-

530 1924 751 1994 dignam
780 1925 982 1980 animis
1020 1925 1136 1981 suis
1183 1937 1539 1996 exceperunt,
1606 1943 1733 1998 quas
1783 1939 1866 1983 est
1925 1935 2119 1984 contra

532 2016 798 2085 Spiritum
831 2026 1110 2084 sanctum,
1147 2025 1204 2072 et
1228 2016 1281 2071 in
1313 2018 1424 2073 duo
1457 2019 1673 2074 referre
1705 2019 1971 2089 principia
2002 2018 2123 2090 ejns

529 2110 913 2175 exsistentiam
948 2110 1178 2176 audent,
1207 2126 1417 2176 eorum,
1439 2111 1531 2181 qui
1563 2109 1620 2165 iu
1651 2110 1847 2181 impias
1873 2121 1929 2167 et
1959 2112 2144 2182 perri-.

531 2202 744 2257 diculas
806 2199 1131 2255 Latinorum
1194 2204 1628 2258 consuetudines
1707 2204 1889 2258 abacti
1967 2214 2119 2271 sunt,

529 2308 746 2357 eorum,
785 2292 879 2363 qui
911 2293 1323 2349 maledictiones
1353 2304 1409 2349 et
1465 2295 1818 2350 anathemata
1850 2296 2122 2352 innovatae

531 2382 656 2438 ﬁdei
683 2382 736 2436 in
769 2397 867 2438 sua
901 2382 1150 2451 ipsorum
1224 2381 1407 2451 capita
1459 2390 1824 2437 attraxerunt.
1854 2399 1873 2433 ι
1900 2381 2010 2437 Sed
2064 2383 2120 2437 in

530 2472 1009 2529 conﬁrmationem
1060 2479 1116 2527 et
1173 2484 1528 2541 augmentum
1587 2475 1805 2543 generis
1858 2473 2124 2547 (nationis

530 2564 756 2633 nostrae)
780 2563 962 2619 futura
989 2564 1219 2619 estunio
1245 2563 1312 2618 ab
1334 2563 1542 2620 eisdem
1563 2563 1730 2619 facta.
1763 2562 1861 2620 »Ει
1887 2566 2125 2621 maxime

530 2668 684 2709 vero.
718 2652 907 2708 Nonne
938 2651 1088 2709 vides
1117 2651 1315 2709 Crucis
1343 2654 1533 2710 hostes
1565 2653 1619 2708 in
1657 2651 1841 2724 fugam
1895 2669 2123 2711 conver-

531 2761 647 2812 sos,
678 2759 965 2816 unumque
996 2759 1027 2800 e
1060 2745 1266 2801 nostris
1308 2744 1459 2800 mille
1516 2746 1870 2816 dissipantem
1899 2757 1952 2803 et
1982 2746 2123 2806 duos

531 2839 721 2893 decem
751 2838 919 2894 millia
974 2838 1396 2909 dispergentes‘!
1443 2836 1839 2895 Verumtamen
1897 2849 2124 2897 contra-

532 2927 680 2982 rium
703 2928 1048 2999 respicimus.
1082 2925 1198 2982 Nisi
1222 2928 1488 2984 Dominus
1503 2929 1851 2985 aediﬁcaverit
1876 2939 2121 2987 nostrum

532 3017 851 3086 imperium,
880 3017 1085 3074 frustra
1111 3017 1361 3073 laborant
1397 3019 1489 3088 qui
1522 3018 1793 3074 aedificant
1821 3019 1988 3085 illud;
2020 3020 2124 3076 nisi

534 3103 801 3163 Dominus
862 3108 1188 3163 custodierit
1240 3117 1487 3163 nostram
1556 3110 1853 3179 civitatem,
1919 3111 2122 3168 frustra

534 3199 781 3269 vigilant,
809 3200 901 3270 qui
934 3197 1095 3270 Papa:
1121 3201 1367 3255 nummis
1395 3202 1580 3258 aureis
1620 3217 1740 3258 eam
1774 3181 2197 3259 custodiunt.-C

536 3290 706 3362 Igitur
750 3290 837 3345 eia
882 3306 980 3363 age
1039 3306 1189 3345 nunc
1242 3294 1500 3361 temporis
1556 3304 1729 3350 totum
1781 3297 2126 3368 temetipsum

539 3393 872 3440 transmuta.
913 3385 1048 3440 Sine
1102 3394 1349 3440 mortuos
1402 3386 1637 3456 sepelire
1664 3398 1913 3445 mortuos
1970 3406 2124 3448 suos.

538 3474 673 3541 Qua:
721 3473 957 3530 Caesaris
999 3484 1152 3540 sunt,
1216 3474 1464 3547 relinque
1515 3476 1738 3535 Caesari.
1775 3476 1959 3535 Redde
2015 3481 2127 3538 Deo

538 3566 779 3620 animam
821 3565 889 3620 ab
929 3579 995 3621 eo
1024 3571 1267 3620 creatam
1298 3575 1353 3621 et
1391 3566 1737 3626 adornatam.
1772 3570 1950 3627 Mente
1973 3588 2132 3629 reco-

535 3664 670 3731 g'ta,
694 3669 1021 3730 quantorum
1043 3659 1117 3714 illi
1148 3660 1361 3716 debitor
1396 3664 1652 3731 exsistas,
1681 3663 1846 3720 redde
1890 3666 2131 3722 retribu-

538 3753 770 3807 tionem.
807 3751 947 3807 Vere
982 3766 1153 3809 exoro
1184 3762 1260 3819 te,
1314 3756 1650 3812 amicissime
1693 3766 1748 3813 et
1795 3758 2132 3823 doctissime,

538 3844 625 3899 fac
652 3856 712 3899 ut
740 3845 808 3899 de
839 3853 891 3898 te
931 3845 1198 3916 gaudeam
1233 3849 1518 3912 ;concede
1574 3851 1734 3916 mihi,
1798 3860 1857 3906 ut
1899 3852 2130 3922 gloriam

541 3933 651 3987 Deo
684 3933 938 4002 referam,
974 3936 1146 4006 quite
1204 3946 1495 3996 conservet
1522 3939 1594 3996 ab
1655 3941 1920 3998 universa
1986 3959 2131 4000 noxa

539 4024 892 4083 incolumem.

622 4117 853 4176 Humilis
909 4122 1253 4194 metropolita
1304 4121 1504 4194 Ephesi
1554 4133 1610 4182 et
1653 4127 1928 4185 universae
1990 4130 2134 4188 Asia!

537 4211 781 4269 Marcus.

2229 1929 2356 2000 μίαν
2381 1929 2476 1983 καὶ
2493 1927 2886 2000 ἀσυγχώρητον
2897 1929 3018 1991 ταῖς
3039 1926 3238 1997 ψυχαῖς
3262 1924 3657 2005 ὑποδεξαμένων
3670 1917 3765 1989 (57)

2225 2021 2328 2091 τὴν
2355 2021 2499 2076 κατὰ
2522 2020 2618 2074 τοῦ
2648 2021 2808 2089 ἁγίου
2841 2019 2981 2073 Πνεύ
2990 2035 3158 2089 ματος
3199 2020 3295 2072 καὶ
3336 2019 3415 2082 είς
3442 2017 3530 2071 δύο
3558 2014 3768 2085 τολμών-

2224 2129 2334 2167 των
2363 2114 2538 2184 ἀρχὰς
2584 2113 2880 2184 ἀναφέρειν
2908 2111 3008 2186 τὴν
3051 2110 3218 2166 αὐτοῦ
3244 2111 3495 2182 ὕπαρξιν,
3526 2110 3629 2164 τῶν
3648 2109 3769 2162 ὕπα-

2225 2206 2466 2276 χθέντων
2495 2208 2607 2270 τοῖς
2637 2205 2899 2276 ἀθέσμοις
2924 2205 3021 2259 καὶ
3059 2204 3487 2274 καταγελάστοις
3506 2202 3770 2264 λατινικοῖς

2225 2296 2396 2362 ἔθεσι,
2426 2295 2535 2349 τῶν
2566 2296 2666 2359 τάς
2690 2296 2831 2367 ἀράς
2864 2297 3051 2351 καὶτὰ
3083 2296 3405 2367 άναθὲματα
3432 2297 3525 2365 τῆς
3552 2310 3769 2347 καινοτο-

2229 2389 2358 2458 μίας
2392 2390 2492 2457 τῆς
2520 2388 2758 2453 πίστεως
2787 2389 2880 2442 in).
2912 2389 3012 2454 τὰς
3040 2389 3252 2444 ἑαυτῶν
3287 2389 3519 2459 κεφαλάς
3544 2384 3774 2443 ἑλκυσάν-

2224 2495 2357 2536 των.
2416 2478 2558 2533 Ἀλλ’
2586 2483 2668 2544 εἰς
2722 2479 2985 2535 σύστασιν
3038 2480 3193 2536 ἔσται
3240 2482 3335 2536 τοῦ
3374 2483 3554 2551 γένους
3598 2480 3682 2532 καὶ
3709 2479 3776 2540 εἰς

2228 2571 2472 2626 ἐπίδοσιν
2526 2572 2562 2644 ἡ
2609 2572 2876 2644 γενομένη
2911 2572 3040 2644 παρ’
3073 2573 3253 2628 αὐτῶν
3293 2573 3503 2636 ἓνωσις.
3533 2572 3666 2626 Πάνυ
3695 2570 3776 2638 μὲν

2226 2663 2343 2721 οὖν.
2359 2667 2472 2736 Οὐχ
2487 2666 2623 2736 ὁρᾷς
2639 2666 2765 2730 τοὺς
2784 2665 3012 2738 ἐχθροὺς
3033 2666 3127 2720 τοῦ
3149 2666 3390 2737 σταυροῦ
3413 2664 3688 2736 φεύγοντας
3700 2662 3777 2715 καὶ

2227 2758 2327 2813 ἕνα
2347 2758 2506 2828 ἡμῶν
2537 2758 2744 2828 χιλίους
2772 2757 3037 2812 διώκοντα
3062 2762 3158 2813 καὶ
3180 2757 3275 2812 δύο
3303 2758 3560 2831 μυριάδας
3584 2767 3776 2828 μετακι-

2225 2849 2450 2912 νοῦντας
2477 2850 2590 2922 (58)
2613 2865 2628 2915 ;
2658 2849 2981 2904 Τούναντίον
3005 2850 3104 2920 μὲν
3136 2845 3242 2913 οὖν
3266 2850 3416 2905 ἆπαν
3441 2849 3548 2921 (59)
3571 2847 3775 2919 ὁρῶμεν.

2210 2938 2367 3016 ,Ἐάν
2400 2941 2476 3011 μὴ
2504 2938 2707 3009 Κύριος
2727 2938 3059 3012 οἱκοδομὴσῃ
3085 2941 3186 3009 τὴν
3213 2941 3490 3011 ἡμετέραν
3522 2938 3693 3009 ἀρχὴν,
3714 2935 3776 2995 είς

2230 3035 2406 3106 μάτην
2456 3034 2760 3088 ὲκοπίασαν
2810 3032 2863 3088 οἱ
2892 3031 3302 3103 οίκοδομοῦντες
3329 3050 3344 3065 ο
3374 3036 3467 3088 ἐὰν
3499 3033 3569 3102 μὴ
3608 3027 3776 3099 Κύριος

2230 3124 2446 3197 φυλάξῃ
2476 3126 2577 3195 τὴν
2604 3125 2884 3197 ἡμετέραν
2924 3124 3105 3188 πόλιν,
3137 3125 3220 3187 είς
3242 3126 3426 3196 μάτην
3454 3122 3775 3195 ἠγρύπνησαν

2233 3219 2283 3271 οἰ
2316 3217 2406 3271 διὰ
2436 3216 2544 3271 τῶν
2573 3218 2817 3288 χρυσίων
2833 3218 2947 3289 (40)
2964 3219 3061 3272 τοῦ
3092 3218 3255 3273 Πάπα
3278 3219 3483 3290 ταύτην
3513 3215 3776 3285 φυλάσσονο

2233 3329 2347 3376 τες.
2388 3311 2549 3366 Ἀλλά
2578 3311 2738 3383 δεῦρο
2759 3312 2946 3366 λοιπὸν
2977 3311 3097 3365 ὅλον
3142 3313 3370 3365 σεαυτὸν
3399 3310 3615 3382 μετάθες
3636 3304 3777 3361 eum

2235 3402 2333 3457 νῦν
2362 3404 2476 3476 (Η)
2499 3420 2514 3435 ⁸
2534 3404 2673 3475 άφες
2706 3405 2830 3468 τοὺς
2848 3405 3074 3475 νεκροὺς
3094 3403 3325 3457 θάπτειν
3345 3404 3472 3467 τοὺς
3497 3400 3687 3457 ἑαυτῶν
3713 3413 3778 3451 νε·

2237 3497 2400 3564 κροὺς
2424 3512 2439 3527 ο
2470 3496 2606 3565 ἄφες
2629 3497 2699 3550 τά
2727 3496 3005 3567 Καίσαρος
3041 3495 3281 3566 Καίσαρι
3306 3512 3320 3528 ε
3351 3495 3439 3560 δὸς
3466 3494 3540 3566 τῷ
3559 3492 3666 3562 Θεῷ
3701 3488 3780 3559 τὴν

2237 3585 2367 3658 παρ’
2413 3586 2581 3644 αὐτοῦ
2613 3588 2929 3642 κτισθεῖσαν
2963 3589 3059 3642 καὶ
3096 3589 3468 3660 κοσμηθεῖσαν
3487 3582 3781 3659 ψυχήν.Ἐν-

2235 3679 2452 3749 νόησον,
2475 3681 2619 3734 ὅσων
2647 3680 2760 3752 (42)
2790 3681 3072 3753 ὀφειλέτης
3095 3682 3244 3752 αὐτῷ
3265 3684 3583 3754 τυγχάνεις·
3614 3675 3781 3733 ἀπόδος

2235 3772 2334 3834 τὰς
2362 3771 2623 3839 ἀμοιϐάς.
2653 3772 2764 3825 Ναὶ
2785 3772 2921 3844 (45),
2944 3774 3271 3843 παρακαλῶ,
3300 3776 3518 3845 φίλτατε
3535 3773 3621 3827 καὶ
3637 3767 3782 3836 σοφώ-

2235 3875 2386 3925 τατε,
2413 3859 2502 3924 δός
2535 3878 2629 3931 μοι
2676 3862 2918 3932 χαρῆναι
2947 3864 3041 3915 ἐπὶ
3084 3864 3188 3928 σοὶ,
3227 3863 3321 3929 δός
3366 3882 3456 3935 μοι
3501 3861 3611 3932 Θεῷ
3648 3856 3781 3923 δὶξαν

2240 3950 2575 4019 ἀνενεγκεῖν,
2606 3953 2665 4016 ὃς
2712 3969 2772 4006 σε
2794 3954 3143 4023 διαφυλάττοι
3169 3954 3283 4028 (ﬂ)
3320 3958 3584 4028 ἀνώτερον
3609 3951 3780 4011 παντὸς

2236 4043 2463 4115 ἀνιαροῦ
2496 4045 2926 4116 συναντήματος.

2319 4137 2381 4190 '0
2430 4139 2685 4201 ταπεινὸς
2746 4141 3150 4214 μητροπολίτης
3212 4142 3444 4212 Ἐφέσου
3504 4142 3594 4196 καὶ
3632 4138 3781 4205 πάσης

2248 4230 2432 4295 Ἀσίας
2469 4232 2715 4301 Maipr

546 4656 789 4731 Epistola
810 4658 877 4715 D.
900 4658 1076 4716 Marci
1101 4661 1242 4734 Eph.
1282 4664 1352 4718 ad
1376 4664 1736 4737 Theophanem
1790 4672 2123 4728 monachum.

2252 4681 2584 4752 Ἐπιστολὴ
2642 4685 2833 4754 κυροῦ
2888 4685 3134 4759 Μάρκου
3189 4690 3299 4745 τοῦ
3361 4689 3611 4759 Ἐφέσου
3662 4678 3788 4751 πρὸς

617 4810 1054 4871 llonoratissime
1070 4819 1125 4872 in
1147 4817 1587 4878 bieromonachis
1603 4830 1657 4878 et
1678 4823 1811 4879 mihi
1832 4823 1882 4879 in
1902 4824 2135 4883 Domino

543 4905 1010 4965 desideratissime
1038 4919 1092 4966 et
1131 4914 1582 4971 reverendissime
1637 4927 1793 4987 pater
1843 4927 1895 4975 et
1942 4918 2133 4978 frater.

639 5038 729 5107 26)
757 5040 866 5098 All.
902 5043 1206 5099 ἐπισκοτεῖ.

763 5110 924 5184 ᾼιίει.
963 5115 1360 5184 καταληφθείς.

880 5184 1024 5239 Men.
1052 5203 1067 5249 ;
1098 5181 1260 5262 ausi.
1295 5191 1552 5262 κατέσχε.

645 5253 731 5319 29)
766 5254 931 5308 Allat.
958 5258 1163 5311 καινόν.

761 5321 907 5396 Men.
938 5326 1306 5396 χλανιδίσκια.

764 5392 1076 5475 ᾼμδίζὲίεξ
1108 5395 1255 5453 Mon.
1288 5399 1639 5475 περίϐλεψαι.

617 5461 729 5536 (se)
766 5464 931 5536 ᾼιιειι.
970 5461 1132 5536 πρὸς.

618 5533 732 5602 (55)
762 5532 925 5591 Allat.
958 5532 1275 5598 καταδύσει.

617 5602 729 5674 (si)
762 5603 872 5672 Τῆς
901 5609 1054 5661 Omit.
1078 5609 1241 5667 Allat.
1350 5605 1400 5639 "

620 5673 734 5744 (ss)
773 5674 935 5732 Allat.
965 5676 1097 5732 τῶν.

617 5807 694 5882 (α)
741 5812 875 5872 Cod.
914 5816 1060 5875 Mon.
1089 5818 1216 5889 256,
1249 5821 1289 5878 r.
1327 5806 1433 5881 2'79
1459 5822 1516 5879 b.

2803 4758 3119 4826 Θεοφάνην
3159 4761 3261 4829 (α).

2311 4845 2624 4916 Τιμιὼτατε
2678 4851 2733 4902 ὲν
2787 4852 3168 4924 ίερομονάχοις
3223 4855 3323 4906 καὶ
3380 4851 3501 4922 ἐμοὶ
3539 4852 3593 4902 ἐν
3626 4841 3788 4914 Κυρίῳ

2241 4936 2594 4992 ποθεινότατε
2623 4942 2721 4995 καὶ
2745 4944 3149 5014 αἰδεσιμὼτατε
3183 4946 3358 5017 πάτερ
3383 4948 3479 4999 καὶ
3500 4939 3698 5009 ἀδελφέ.

2317 5074 2431 5147 (56)
2470 5076 2578 5130 Οὓν
2613 5076 2787 5132 addit.
2820 5077 2966 5134 Mon.

2202 5191 2207 5196 .
2463 5147 2676 5203 Monac.
2711 5149 3137 5228 ὑποδεξάμενον.

2308 5221 2324 5285 (
2368 5216 2420 5284 8)
2454 5217 2621 5273 ΑΙτθι.
2683 5236 3097 5285 μετακινουντα.
3130 5221 3137 5273 i

2368 5213 2420 5284 8)
2454 5217 2621 5273 Al'at.
2683 5213 3097 5287 μετακινοῦντα.
3130 5219 3269 5276 llinc
3302 5220 3467 5276 vertit
3497 5236 3511 5274 :
3549 5226 3599 5273 ct
3621 5213 3788 5285 viginti

2237 5287 2412 5358 millia
2441 5287 2868 5358 dispergenteni.

2308 5356 2419 5428 (59)
2451 5353 2554 5412 an;
2584 5353 2730 5411 asa»
2763 5353 2876 5413 οὖν.

2332 5426 2422 5499 40)
2450 5427 2662 5499 Monac.
2719 5430 3014 5499 χρυσίνων.

2455 5498 2670 5573 Monac.
2706 5502 2802 5573 ἐπεὶ
2824 5500 2915 5573 τὸν
2938 5501 3158 5573 κύριον.

2330 5567 2423 5637 42)
2457 5568 2640 5622 Ὅσων
2671 5570 2848 5625 omitt.
2886 5567 3056 5631 Allat.

2336 5638 2428 5708 is)
2456 5637 2623 5692 Allat.
2641 5639 2756 5693 καί.

2337 5707 2426 5779 ﬂ)
2457 5709 2617 5765 Allat.
2656 5710 3032 5783 διαφυλάττει.
