4100 6468
356 461 378 525 1
390 460 492 524 097

1216 441 1589 510 EPISTOLA
1627 440 1728 506 AD
1776 432 2303 503 ΤΗΕΟΡΠΑΝΕΜ
2342 431 2796 503 MONACIIUM.

3484 431 3623 503 1098
3682 514 3688 520 ,

420 568 691 631 Γίνωσκε,
727 566 807 618 ὅτι
841 566 977 632 μετά
1005 562 1068 616 τὸ
1092 562 1347 615 ἀπελθεῖν
1373 561 1517 631 ἡμᾶς
1543 560 1623 623 είς
1654 557 1753 627 τὴν
1783 557 1937 610 Κων-

2128 553 2379 616 Not-eris,
2425 570 2540 618 me,
2565 563 2854 629 postquam
2910 549 3440 622 Constantinopolim
3475 554 3630 608 abie—

355 657 820 720 σταντινούπολιν,
854 655 1152 718 ἀναϐάντος
1182 656 1261 716 εἰς
1293 654 1355 707 τὸ
1396 653 1785 723 πατριαρχεῖον
1814 650 1934 711 ἑνὸς

351 754 463 807 τῶν
521 731 959 820 ὕπογρσψάντων
990 747 1387 816 λατινοφρόνων
1444 747 1542 798 καὶ
1593 742 1933 813 ἐνοχλοῦντος

352 847 535 914 ἡμᾶς,
573 844 817 912 ἀπῆλθον
844 842 923 904 είς
948 840 1049 910 τὴν
1071 840 1366 909 ἐκκλησῒαν
1403 854 1527 912 μευ.
1568 836 1716 888 Ἐκεῖ
1746 834 1803 887 δὲ
1830 835 1932 887 πά-

353 935 436 987 λιν
465 932 738 1003 μηδεμίαν
768 930 948 1000 εὑρὼν
974 930 1280 984 ἀνάπαυσιν
1306 928 1398 981 καὶ
1424 926 1677 995 χαλεπῶς
1696 924 1932 994 νοσήσας

357 1028 454 1080 καὶ
482 1022 846 1093 ζημιούμενος
885 1022 1036 1091 παρά
1059 1020 1194 1074 ντῶν
1241 1018 1457 1070 ἀσεϐῶν
1490 1016 1585 1070 καὶ
1606 1016 1940 1084 πειραζόμε-

357 1135 467 1182 νος,
497 1116 633 1169 διότι
668 1116 743 1184 μὴ
767 1109 913 1184 εἶχον
941 1112 1173 1183 ὁρισμὸν
1207 1108 1544 1172 αὐθεντικὺν,
1577 1103 1804 1177 ἐξῆλθον
1834 1107 1938 1159 κά·

357 1209 536 1262 κεῖθεν
570 1208 661 1260 ἐπὶ⁸
691 1206 879 1275 σκοπῴ
928 1205 1024 1258 τοῦ
1079 1202 1336 1256 ἀπελθεῖν
1393 1204 1474 1264 είς
1517 1200 1577 1254 τὸ
1604 1201 1759 1267 ἅγιον
1791 1199 1937 1268 ὄρθ’.

357 1300 703 1370 Διαπεράσας
751 1297 844 1352 οὖν
872 1300 952 1360 εἰς
979 1298 1078 1366 τὴν
1107 1293 1440 1349 Καλλίπολιν
1467 1295 1562 1347 καὶ
1589 1292 1936 1363 διερχὸμενος

357 1392 445 1446 διὰ
474 1393 569 1460 τῆς
600 1393 825 1460 Λήμνου
882 1386 1195 1457 ἐκρατήοην
1253 1386 1487 1438 ἐνταῦθα
1531 1386 1626 1437 καὶ
1684 1382 1940 1453 περιωρίο

360 1485 493 1553 σθην
525 1483 677 1550 παρά
724 1482 819 1534 τοῦ
866 1479 1151 1547 βασιλέως.
1218 1477 1358 1531 Ἀλλ’
1405 1479 1433 1529 ὁ
1481 1476 1635 1542 λόγος
1675 1474 1769 1529 τοῦ
1801 1466 1938 1526 Θεοῦ

359 1576 452 1627 καὶ
499 1576 532 1644 ἡ
586 1574 683 1642 τῆς
737 1571 996 1641 ἀληθείας
1032 1569 1264 1639 δύναμις
1298 1568 1359 1621 οὐ
1408 1564 1940 1637 δέδεται,τρέχειδέ

362 1666 562 1734 μᾶλλον
592 1666 686 1719 καὶ
708 1663 1019 1728 εὐοδοῦται,
1059 1664 1158 1718 καὶ
1190 1663 1241 1717 oi
1269 1661 1514 1726 πλείονες
1540 1660 1651 1715 τῶν
1690 1658 1940 1729 ἀδελφῶν

356 1761 423 1827 τῇ
453 1760 560 1828 ἐμῇ
610 1757 797 1829 ὲξορίᾳ
847 1755 1180 1829 θαρροῦντες
1232 1753 1489 1823 βάλλουσι
1534 1755 1648 1813 τοῖς
1693 1751 1940 1821 ἐλέγχοις

357 1848 487 1912 τοὺς
514 1847 826 1916 ἀλιτηρίους
868 1848 964 1900 καί
992 1845 1319 1915 παραϐάτας
1343 1843 1443 1914 τῆς
1494 1843 1664 1913 ὀρθῆς
1696 1841 1938 1904 πίστεως

2042 663 2199 709 ram,
2263 646 2595 701 ascendente
2667 646 2721 700 in
2792 645 3204 715 patriar-cludent
3281 645 3465 701 sedem
3518 661 3628 699 uno

2040 754 2103 793 ex
2180 738 2295 802 iis,
2365 738 2461 807 qui
2529 736 2983 807 subscripserunt
3036 753 3157 791 eum
3227 736 3437 792 Latinis
3505 752 3600 791 seu

2043 826 2261 889 tientcs,
2312 838 2379 879 ac
2432 839 2534 880 nos
2587 827 2932 888 molestante,
2997 827 3049 881 in
3113 828 3401 883 ecclesiam
3450 842 3627 880 meant

2041 917 2241 972 abiisse
2273 917 2371 988 (α).
2398 916 2470 972 lbi
2506 933 2634 971 vero
2668 918 2817 973 nulla
2848 933 3062 972 rursum
3103 927 3318 987 reperta
3367 915 3555 986 requie
3576 922 3633 974 et

2043 1010 2281 1077 graviter
2336 1008 2643 1065 inﬁrmatus
2702 1017 2866 1078 atque
2924 1011 3158 1065 alllietus
3212 1011 3288 1065 ab
3347 1011 3528 1079 impiis
3574 1023 3632 1067 et

2043 1107 2308 1168 tentatus,
2344 1103 2472 1170 quia
2504 1118 2610 1156 non
2643 1102 2807 1156 habui
2855 1104 3231 1158 authentieam
3291 1104 3628 1158 determina-

2047 1195 2270 1258 tionem,
2337 1194 2564 1249 discessi
2627 1195 2791 1249 etiam
2860 1197 3083 1259 exinde,
3137 1196 3367 1251 consilio
3434 1196 3635 1250 ductus

2046 1285 2282 1339 abeundi
2333 1286 2388 1340 in
2451 1295 2691 1342 montem
2744 1297 3020 1345 sanctum.
3095 1287 3380 1345 Profectus
3464 1290 3635 1359 igitur

2046 1375 2351 1444 Callipolim
2387 1383 2443 1431 et
2471 1378 2848 1446 pertransiens
2880 1395 2978 1450 per
3043 1380 3309 1436 Lemnum
3370 1383 3631 1440 detentus

2048 1481 2170 1522 sum
2205 1467 2279 1522 ibi
2328 1468 2650 1525 etinclosus
2701 1471 2768 1524 ab
2821 1470 3171 1540 imperatore.
3238 1471 3343 1527 Sed
3406 1475 3632 1529 verbum

2049 1555 2143 1612 Dei
2172 1567 2225 1612 et
2254 1558 2501 1614 veritatis
2545 1560 2717 1616 virtus
2773 1576 2882 1615 non
2936 1575 3083 1617 sunt-
3118 1563 3358 1634 alligata,
3409 1574 3637 1619 currunt

2048 1649 2255 1719 potius,
2282 1663 2542 1720 prospere
2567 1652 2890 1718 procedunt,
2909 1664 3073 1723 atque
3096 1655 3276 1724 plores
3294 1667 3360 1709 ex
3374 1654 3636 1709 fratribus

2053 1754 2172 1795 meo
2193 1741 2386 1796 exsilio
2410 1742 2751 1797 confidentes
2800 1742 3224 1800 refutationihus
3283 1750 3638 1815 prosrernunt

2051 1833 2349 1890 sceleratos
2396 1836 2520 1891 illos
2549 1845 2603 1891 et
2635 1847 2795 1891 rectae
2830 1836 2951 1889 ﬁdei
2974 1845 3439 1906 paternarumque
3456 1837 3633 1907 legum

359 1941 455 1992 καὶ
483 1939 593 1992 τῶν
621 1938 908 2008 πατρικῶν
932 1937 1174 2007 θεσμῶν,
1206 1936 1304 1989 καὶ
1330 1933 1621 1989 ἐλαύνουσι
1668 1934 1940 2004 πανταχό-

2056 1934 2501 1996 transgressores,
2536 1937 2591 1982 et
2624 1929 2991 1998 undequaque
3053 1942 3150 1983 eos
3182 1937 3465 1981 removent
3491 1927 3639 1980 velut

361 2031 453 2082 θεν
481 2029 674 2092 αὐτοὺς
694 2028 769 2091 ὡς
798 2028 1150 2098 καθάρματα,
1185 2030 1324 2099 μήτε
1375 2025 1812 2096 συλλειτουργεῖν
1843 2026 1941 2078 αύ-

360 2122 473 2183 τοῖς
520 2120 859 2189 ἀνεχόμενοι,
895 2121 1032 2191 μήτε
1068 2119 1429 2191 μνημονεύειν
1478 2120 1617 2183 ὅλως
1643 2119 1824 2173 αὐτῶν
1864 2118 1941 2179 ὡς

362 2212 727 2281 Χριστιανῶν.
777 2211 1051 2265 Μανθάνω
1100 2211 1158 2265 δὲ
1181 2220 1209 2271 .’
1241 2212 1322 2265 ὅτι
1354 2208 1739 2282 ἐχειροτονήθη
1785 2208 1943 2280 παρᾶ

362 2303 473 2354 τῶν
513 2301 915 2373 λατινοιρρόνων
947 2303 1355 2374 μητροπολίτης
1405 2302 1652 2372 Ἀθηνῶν
1703 2301 1942 2355 κοπελύ-

362 2396 511 2463 δριόν
540 2412 591 2448 τι
624 2395 717 2449 τοῦ
749 2394 1157 2465 Μονεμὸασίας,
1187 2394 1325 2465 ὅπερ
1363 2393 1556 2448 αὐτόθι
1595 2392 1784 2463 διάγον
1812 2393 1940 2445 συλ-

362 2488 670 2558 λειτουργεῖ
705 2490 818 2551 τοῖς
845 2488 1100 2551 Λατίνοις
1156 2488 1484 2559 ἀδιακρίτως
1519 2489 1616 2542 καὶ
1646 2488 1948 2559 χειροτονεῖ

366 2582 692 2653 παρανόμοις
715 2582 873 2644 ὅσους
908 2581 976 2635 ἂν
1005 2579 1143 2654 εὕρῃ
1170 2582 1262 2634 καὶ
1301 2581 1466 2644 οἴους.
1503 2579 1669 2647 ’Δξιῶ
1723 2575 1815 2634 οὖν
1845 2580 1945 2646 τὴν

365 2673 677 2741 ἁγιωσύνην
709 2691 823 2735 σου,
862 2672 950 2726 ῖνα
981 2674 1072 2726 τὸν
1102 2674 1244 2743 ὑπὲρ
1265 2672 1408 2727 Θεοῦ
1440 2670 1603 2742 ζῆλον
1633 2670 1944 2734 ἀναλαϐὼν,

262 2790 270 2795 -
366 2766 441 2827 ὼς
465 2766 750 2836 ἄνθρωπος
791 2766 888 2819 τοῦ
941 2765 1078 2820 Θεοῦ
1114 2764 1335 2838 καὶτῆς
1360 2765 1621 2836 ἀληθείας
1666 2764 1819 2833 φίλος
1847 2763 1947 2817 καὶ

366 2857 459 2909 τοῦ
509 2858 666 2924 ἁγίου
724 2855 998 2929 Ίσιδιὶιρου
1047 2858 1271 2929 γνήσιος
1314 2858 1560 2928 μαθητὴς
1615 2856 1950 2927 παραινέσῃς

367 2947 479 3008 τοῖς
505 2944 599 2998 τοῦ
636 2945 772 2998 Θεοῦ
827 2945 1088 3016 ἱερεῦσιν,
1142 2947 1437 3016 ἐκφεύγειν
1497 2950 1672 3000 ἆπασι
1728 2948 1949 3018 τρόποις

367 3037 465 3108 τὴν
498 3038 783 3091 κοινωνίαν
811 3038 977 3092 αὐτοῦ
1009 3041 1106 3093 καὶ
1140 3040 1279 3109 μήτε
1317 3040 1752 3112 συλλειτουργεῖν
1802 3038 1950 3109 αὖτῷ

371 3131 510 3199 μήτε
545 3132 900 3198 μνημονεύειν
934 3132 1071 3193 ὅλως
1127 3131 1318 3195 αὐτοῦ,
1358 3134 1497 3202 μήτε
1528 3132 1793 3203 ἀρχιερέα
1824 3130 1951 3185 τοῦο

366 3236 481 3281 τον,
516 3222 652 3275 ἀλλὰ
684 3223 846 3276 λύκον
885 3223 980 3277 καὶ
1028 3224 1301 3294 μισθωτδν
1327 3224 1601 3293 ἡγεῖσθαι,
1652 3224 1792 3295 μήτε
1838 3225 1953 3276 λεια

368 3316 619 3384 τουργεῖν
666 3317 801 3379 ὅλως
831 3317 889 3371 ἐν
932 3320 1053 3380 ταῖς
1102 3318 1407 3380 λατινικαῖς
1462 3317 1803 3388 ἐκκλησίαις,
1864 3316 1951 3369 ἵνα

375 3407 450 3476 μὴ
481 3407 610 3479 ἔλθῃ
660 3409 752 3461 καὶ
802 3409 888 3477 ἐφ’
920 3409 1065 3473 ὑμᾶς
1103 3409 1137 3480 ἡ
1165 3409 1466 3461 ἐπελθοῦσα
1491 3408 1631 3479 ὀργὴ
1664 3404 1758 3462 τοῦ
1815 3407 1950 3461 Θεοῦ

292 3489 300 3502 ’
370 3502 437 3572 τῇ
473 3502 1040 3556 Κωνσταντινουπόλει
1083 3502 1171 3556 διὰ
1227 3500 1322 3563 τὰς
1354 3503 1472 3554 ἐκεῖ
1527 3501 1820 3570 γ.νομένας
1851 3517 1954 3553 πα-

374 3596 657 3666 ρανομίας.
694 3595 935 3649 Γίνωσκε
969 3595 1026 3648 δέ
1072 3596 1153 3648 ὅτι
1193 3595 1226 3665 η
1255 3593 1615 3663 ψευδοένωστς
1647 3594 1772 3647 ὅσον
1799 3593 1953 3646 οὔπω

372 3690 441 3757 τῇ
485 3688 580 3742 τοῦ
615 3688 752 3741 Θεοῦ
811 3688 994 3759 χάριτι
1040 3688 1134 3742 καὶ
1172 3686 1398 3758 δυνάμει
1436 3686 1822 3756 διαλυθήσεται
1859 3689 1955 3740 καὶ

373 3779 433 3831 τὸ
457 3777 637 3849 δόγμα
659 3779 767 3832 τῶν
794 3778 1041 3834 Λατίνων
1068 3780 1188 3833 ἀντὶ
1223 3779 1318 3832 τοῦ
1357 3779 1826 3851 βεϐαιωθῆναιδιά
1856 3778 1954 3849 τῆς

372 3871 605 3940 ψευδοῦς
644 3873 886 3936 συνόδου,
926 3873 1062 3943 ὅπερ
1106 3872 1198 3926 ἀεὶ
1243 3871 1599 3940 ἐσπούδαζον,
1639 3872 1721 3925 ἐτι
1754 3872 1954 3942 μᾶλλον

375 3965 656 4035 ἀνετράπη
694 3965 790 4018 καὶ¹
834 3965 1079 4036 ἠλέγχθη
1118 3965 1211 4018 καὶ
1239 3965 1314 4029 ὡς
1350 3964 1672 4036 βλάσφημον
1702 3966 1797 4018 καὶ
1829 3965 1957 4017 δυσο

378 4053 535 4117 σεὸὲς
564 4054 855 4125 ,πανταχοῦ
905 4053 1310 4125 στηλιτεύεται,
1362 4053 1458 4107 καὶ⁵
1498 4055 1549 4106 oi
1578 4053 1738 4107 τοῦτο
1776 4052 1957 4125 κυρῶ-

378 4164 570 4210 σαντες
594 4146 714 4201 οὐδὲ
745 4148 929 4219 διᾶραι
975 4149 1153 4218 στόμα
1183 4148 1458 4218 τολμῶσιν
1491 4148 1633 4217 ὑπὲρ
1658 4146 1848 4202 αὐτοῦ.
1894 4147 1954 4201 Ὀ

375 4239 506 4309 γοῦν
522 4240 725 4311 καλόγη
735 4257 824 4311 ρος
845 4239 1099 4311 (θαύτοῦ
1129 4238 1222 4293 τοῦ
1241 4240 1508 4311 ὑμετέρου
1542 4240 1839 4310 μισθωτοῦ,
1864 4241 1957 4296 καὶ

375 4334 496 4405 οὐχὶ
551 4333 834 4404 ποιμένος,
863 4335 891 4387 ὁ
927 4334 1088 4397 ἄνους
1129 4333 1522 4404 Μονεμσασίας
1575 4333 1754 4386 λαϐὼν
1802 4333 1955 4404 παρὰ

376 4425 471 4479 τοῦ
505 4423 776 4495 βασιλέως
803 4423 866 4477 τὸ
912 4422 1008 4477 τοῦ
1052 4424 1359 4494 προδρόμου
1417 4426 1775 4494 ἡγουμενεῖον
1829 4421 1955 4474 οὔτε

379 4515 779 4588 μνημονεύεται
818 4516 973 4586 παρά
1003 4516 1110 4569 τῶν
1131 4515 1455 4586 καλογὴρων
1503 4516 1671 4570 αὐτοῦ
1707 4514 1832 4569 οῠὲε
1865 4514 1957 4567 θυ-

379 4612 572 4681 μιᾶται
595 4608 732 4673 ὅλως
762 4608 838 4672 ὡς
893 4607 1218 4678 Χριστιανός
1240 4625 1255 4639 ο
1285 4607 1399 4661 ἀλλ’
1428 4606 1648 4679 ἔχουσιν
1680 4607 1842 4663 αὐτδν
1876 4611 1955 4671 εἰς

375 4704 449 4757 τὰ
477 4701 777 4773 πράγματα
828 4702 991 4772 μόνον
1034 4698 1221 4773 ῶσπερ
1258 4702 1385 4754 τινὰ
1438 4699 1760 4753 κόνσουλον·
1815 4702 1910 4753 καὶ
1939 4702 1966 4753 ὁ

379 4793 635 4864 βασιλεὺς
682 4792 857 4847 ταῦτα
910 4790 1200 4861 μανθάνων
1243 4791 1451 4846 οὐδένα
1505 4791 1664 4867 λόγον
1696 4792 1961 4855 ποιεῖται,

378 4887 517 4941 ἀλλὰ
560 4887 657 4941 καλ⁸
691 4887 978 4957 μετανοεῖν
1025 4885 1283 4956 ὁμολογεῖ
1328 4884 1583 4955 φανερῶς
1637 4886 1728 4938 ἐπὶ
1760 4882 1840 4953 τῷ
1872 4900 1964 4952 γε·

379 4980 559 5048 γονότι
597 4979 687 5032 καὶ
728 4979 821 5032 ἐπὶ
849 4979 976 5043 τοὺς
1024 4978 1432 5047 καταθεμένους
1465 4977 1559 5030 καὶ
1609 4975 1964 5049 ὑπογράψαν-

379 5090 477 5135 τας
503 5070 822 5142 μετατ-θησι
851 5070 951 5142 τὴν
978 5071 1178 5127 αἰτίαν.
1233 5068 1471 5139 Φεύγετε
1501 5063 1597 5123 οῦν
1629 5069 1726 5122 καὶ
1781 5069 1964 5138 ὑμεῖς,

382 5163 621 5232 ἀδελφοὶ,
664 5163 764 5234 τὴν
797 5161 932 5231 πρὸς
956 5162 1085 5223 τοὺς
1110 5163 1514 5232 ἀκοινωνήτους
1554 5160 1842 5216 κοινωνίαν
1870 5161 1966 5215 καὶ

380 5255 442 5307 τὸ
466 5256 811 5325 μνημόσυνον
837 5251 944 5305 τῶν
976 5251 1429 5322 ἀμνημονεύτων.
1466 5253 1572 5307 Ἴδε
1599 5250 1711 5322 ἐγὼ
1735 5252 1966 5323 Μάρκος

381 5349 410 5400 ὁ
444 5346 767 5418 ἁμαρτωλὸς
818 5345 965 5413 λέγω
1022 5345 1171 5415 ὑμῖν,
1236 5346 1316 5398 ὅτι
1370 5347 1398 5399 ὁ
1459 5346 1820 5416 μνημονεύων
1865 5346 1962 5400 τοῦ

384 5439 586 5495 πάππα
619 5438 695 5504 ὡς
723 5438 1005 5510 ὀρθοδόξου
1042 5436 1341 5507 ἀρχιερέως
1382 5436 1567 5507 ἔνοχός
1623 5440 1742 5493 ἐστι
1779 5439 1961 5495 πάντα

381 5532 492 5586 τῶν
525 5533 772 5586 Λατίνων
800 5531 1158 5602 ἐκπληρῶσαι
1189 5531 1355 5601 μέχρι
1389 5533 1484 5583 καὶ
1507 5531 1676 5599 αὐτῆς
1703 5530 1804 5601 τῆς
1839 5548 1965 5585 κουε-

384 5629 483 5695 ρᾶς
505 5625 613 5678 τῶν
637 5628 883 5695 γενείων,
906 5625 1000 5677 καὶ
1017 5622 1046 5674 ό
1069 5622 1471 5692 λατινοφρονῶν
1501 5625 1639 5692 μετά
1661 5622 1771 5677 τῶν
1800 5624 1969 5678 Ami-

484 5786 533 5867 α)
564 5786 622 5867 ld
666 5793 772 5850 est,
816 5784 990 5867 electo
1023 5780 1394 5867 lletEOphane'
1420 5797 1608 5865 mense
1661 5781 1803 5838 Maio
1835 5782 1963 5839 anni

385 5851 548 5919 me,
576 5858 628 5909 in
648 5870 803 5910 suam
837 5856 1079 5910 diocesin
1111 5851 1327 5907 Marcus
1347 5852 1504 5906 abiit.

460 5930 536 6002 (l)
581 5925 845 5984 Usitatios
875 5925 1196 5994 καλόγερος.
1231 5919 1408 5978 Graeci
1454 5923 1708 5981 monachi
1738 5924 1967 5996 καλογέ-

730 6024 1161 6092 Pauculis.
1190 6018 1382 6086 CLX.

400 6114 501 6122 -~--

2050 2016 2293 2085 abiectos
2338 2029 2393 2073 et
2418 2019 2687 2090 impuros,
2749 2037 2848 2075 nec
2874 2037 2979 2076 una
3004 2036 3128 2075 eum
3189 2021 3267 2075 eis
3321 2019 3635 2074 sacrificare

2050 2109 2406 2176 sustinentes,
2429 2125 2602 2180 neque
2626 2127 2815 2168 eorum
2844 2124 3071 2181 prorsus
3114 2122 3172 2168 ut
3193 2112 3634 2168 Christianorum

2053 2202 2386 2257 mentionem
2451 2203 2654 2261 facere.
2695 2203 2986 2274 Cotnperio
3017 2213 3196 2259 autem
3242 2219 3271 2257 a
3313 2199 3634 2257 Latinorum

2053 2294 2280 2350 asseclis
2314 2294 2654 2351 Athenarum
2695 2297 3098 2366 metropolitam
3157 2294 3467 2350 ordinatum
3509 2310 3633 2351 esse

2053 2382 2309 2440 infamem
2393 2388 2685 2456 quamdam
2739 2397 3053 2443 creaturam
3126 2387 3635 2447 Monembasiensis.

2054 2492 2177 2546 qure
2210 2478 2288 2533 ibi
2310 2492 2659 2536 commorans
2694 2495 2817 2535 cum
2855 2479 3066 2537 Latinis
3111 2479 3385 2536 sacriﬁcat
3434 2478 3642 2549 absque

2056 2571 2379 2629 discrimine
2427 2585 2481 2628 et
2511 2573 2793 2643 illegaliter
2822 2575 3039 2630 ordinat
3072 2583 3205 2644 quot
3235 2584 3287 2630 et
3308 2574 3641 2642 qualescun-

2056 2683 2163 2738 que
2202 2667 2496 2723 invenerit.
2527 2668 2683 2737 Ilogo
2716 2669 2900 2737 itaque
2935 2669 3284 2722 sanctitatem
3343 2675 3516 2732 tuam,
3580 2678 3642 2721 ut

2008 2780 2011 2783 ·
2062 2762 2242 2815 zelum
2275 2777 2372 2830 pro
2402 2761 2511 2815 Deo
2542 2776 2830 2816 resumens
2856 2771 3114 2833 tanquam
3140 2762 3224 2817 vir
3256 2761 3347 2818 Dei
3377 2773 3431 2818 et
3446 2762 3644 2817 veritas-

2035 2846 2126 2908 tis
2175 2855 2386 2908 amicus
2413 2862 2475 2935 et
2518 2854 2691 2909 sancti
2727 2850 2922 2911 lsidori
2990 2870 3283 2927 germanus
3340 2856 3645 2926 discipulus

2055 2947 2362 3004 exhortaris
2416 2946 2512 3002 Dei
2601 2948 2963 3019 sacerdotes,
3013 2956 3070 3003 ut
3119 2940 3333 3020 fugiant
3382 2947 3642 3004 erunibus

2060 3040 2238 3094 modis
2279 3040 2452 3108 ipsius
2485 3038 2952 3105 communionem,
3007 3053 3184 3110 neque
3212 3054 3337 3093 eum
3367 3052 3434 3093 eo
3484 3052 3641 3093 sacra

2057 3132 2353 3196 celebrent,
2395 3146 2571 3201 neque
2617 3145 2845 3200 prorsus
2896 3131 3021 3201 ejus
3058 3128 3639 3186 commemorationem

2059 3224 2283 3290 ίιιιτίιιιιι,
2312 3239 2488 3296 neque
2515 3240 2793 3279 stnnmum
2834 3227 3175 3281 sacerdotem
3212 3240 3338 3279 eum
3376 3224 3637 3285 habeant,

2057 3334 2245 3372 verum
2281 3318 2466 3387 lupum
2538 3327 2594 3373 et
2637 3319 3036 3375 mercenarium
3070 3335 3087 3385 ;
3120 3333 3295 3390 neque
3326 3316 3545 3373 demum
3590 3318 3644 3372 itt

2060 3409 2268 3466 Latinis
2306 3408 2553 3467 ecclesiis
2582 3411 2890 3476 celebrent,
2933 3428 2998 3466 ne
3053 3412 3234 3466 veniat
3270 3410 3431 3481 etiam
3482 3418 3648 3480 super

2059 3518 2155 3558 vos
2194 3505 2273 3557 ira
2319 3502 2435 3565 Dei,
2495 3518 2618 3572 qua:
2659 3518 2826 3574 super
2873 3503 3410 3572 Constantinopolim
3493 3504 3647 3558 venit

2060 3606 2280 3666 propter
2308 3611 2422 3660 eas,
2456 3610 2576 3663 qua:
2633 3595 2705 3649 ibi
2741 3597 2896 3660 ﬁunt,
2936 3596 3411 3664 prazvaricationes
3488 3595 3645 3650 Scito

2061 3696 2263 3750 autem,
2287 3688 2603 3743 ementitam
2634 3689 2781 3742 illam
2811 3689 3094 3752 unionem,
3127 3690 3181 3742 in
3210 3699 3471 3757 quantum
3504 3704 3644 3764 non-

2061 3779 2191 3834 dum
2226 3780 2492 3835 dissoluta
2522 3791 2626 3844 est,
2648 3779 2738 3836 Dei
2773 3779 2950 3851 gratia
2983 3795 3048 3843 ac
3080 3781 3284 3835 virtute
3309 3780 3641 3842 dissolutum

2066 3874 2247 3937 iri,et
2309 3880 2521 3928 tantum
2577 3873 2766 3928 abesse
2817 3881 2878 3929 ut
2924 3872 3243 3928 Latinorum
3296 3871 3491 3943 dogma
3549 3886 3647 3944 per

2065 3967 2255 4021 falsam
2304 3965 2573 4038 synodum
2618 3965 3002 4020 conﬁrmatum
3036 3964 3220 4043 fuerit,
3256 3966 3402 4035 quod
3427 3981 3645 4034 semper

2063 4060 2113 4113 in
2140 4060 2277 4114 votis
2309 4058 2599 4127 habebant,
2635 4067 2694 4114 ut
2727 4060 2900 4131 mag's
2931 4059 3110 4113 adhuc
3141 4074 3392 4113 eversum
3427 4072 3479 4113 et
3504 4059 3650 4116 refu-

2063 4161 2233 4207 tatum
2274 4152 2441 4206 fuerit
2475 4161 2530 4207 et
2570 4161 2628 4206 ut
2655 4152 3034 4221 blasphemum
3073 4162 3127 4206 et
3162 4152 3390 4222 impium
3447 4154 3649 4223 ubique.

2012 4276 2015 4281 ν
2065 4243 2406 4308 traducatur,
2429 4254 2484 4299 et
2511 4245 2604 4313 qui
2637 4244 2769 4297 illud
2790 4244 3210 4311 conﬁrmarunt,
3270 4245 3309 4301 ii
3364 4262 3542 4315 neque
3586 4263 3650 4302 os

2067 4351 2165 4404 pro
2214 4350 2280 4390 eo
2340 4337 2553 4405 aperire
2599 4335 2855 4391 audeant.
2914 4338 3207 4406 CaIOgeros
3258 4338 3422 4409 igitur
3472 4339 3651 4409 ipsius

2064 4427 2225 4484 vestri
2276 4426 2625 4493 mercenarii,
2653 4436 2706 4482 et
2766 4443 2874 4483 non
2903 4429 3166 4497 pastoris,
3198 4429 3473 4499 insipiens
3534 4429 3648 4483 Mo-

2068 4518 2483 4583 nembasiensls,
2576 4519 2669 4589 qui
2740 4518 2810 4573 ab
2888 4519 3220 4587 imperatore
3292 4521 3657 4575 Prmenrsoris

2071 4610 2347 4665 ahbatiam
2375 4612 2609 4680 accepit,
2646 4626 2822 4679 neque
2856 4612 3438 4667 commemorationem
3490 4612 3655 4666 asuis

2077 4701 2363 4756 monachis
2413 4701 2645 4766 obtinet,
2716 4715 2891 4770 neque
2954 4702 3256 4756 honoratur
3307 4716 3533 4770 prorsus
3598 4715 3655 4755 ιιι

2074 4793 2441 4857 Christianus,
2477 4794 2572 4849 sed
2599 4793 2799 4847 habent
2826 4808 2954 4847 eum
2985 4794 3163 4849 solum
3200 4811 3298 4860 pro
3332 4809 3512 4848 rerum
3551 4810 3580 4847 a
3605 4805 3649 4842 ι-

2076 4885 2499 4950 tninistratione,
2540 4898 2598 4940 ut
2655 4887 2943 4953 quemdam
2981 4884 3262 4940 consulem
3294 4903 3309 4948 ;
3341 4894 3505 4954 atque
3558 4884 3661 4938 im-

2067 4987 2282 5049 perator
2339 4978 2443 5033 hoc
2480 4988 2761 5046 comperto
2828 4993 2895 5030 ne
2944 4975 3170 5031 Verbum
3222 4976 3441 5044 quidem
3505 4975 3656 5031 facit.

2065 5074 2176 5128 imo
2247 5071 2448 5127 fatetur
2495 5081 2680 5141 aperte
2742 5072 3010 5141 pmnitere
3040 5084 3102 5123 se
3158 5083 3336 5122 rerum
3360 5067 3653 5132 factarum,

2066 5173 2122 5221 et
2149 5164 2205 5220 in
2233 5152 2353 5229 eos,
2389 5164 2482 5234 qui
2513 5162 2725 5218 assensi
2760 5170 2888 5216 sunt
2915 5169 2971 5215 et
3031 5159 3499 5228 subscripserunt,
3535 5159 3655 5214 cul-

2070 5274 2197 5330 pam
2244 5258 2527 5313 transfert.
2550 5251 2741 5325 Fugite
2771 5253 2936 5324 igitur
2962 5262 3019 5309 et
3034 5268 3152 5317 vos,
3172 5250 3391 5318 fratres,
3416 5266 3661 5306 commo-

2072 5352 2292 5407 nionem
2327 5365 2451 5405 cum
2489 5348 2596 5409 his,
2640 5347 2843 5416 quibus
2870 5360 2933 5399 ea
2985 5343 3232 5413 neganda
3263 5352 3370 5411 est,
3397 5353 3453 5397 et
3509 5357 3660 5397 com-
3746 5372 3757 5385 ι

2071 5447 2520 5501 memoratiosn-m
2587 5457 2777 5498 eorum
2807 5484 2822 5507 ,
2869 5441 2961 5508 qui
3031 5436 3495 5494 eommemorandi
3552 5452 3667 5512 non.

2077 5545 2234 5593 sunt.
2269 5536 2407 5590 Ecce
2438 5549 2538 5600 ego
2591 5532 2803 5587 Marcus
2829 5539 3082 5600 peccator
3112 5528 3238 5584 dico
3292 5528 3466 5593 vobis,
3506 5543 3659 5594 eum,

2076 5629 2169 5698 qui
2194 5625 2772 5684 commemorationem
2815 5617 2943 5679 fall
2988 5636 3140 5693 papa:
3171 5631 3447 5692 tamquam
3477 5620 3666 5676 ortho-

2073 5804 2201 5859 ρους
2234 5786 2393 5855 quasi
2426 5784 2626 5859 καλοὺς
2647 5784 2938 5854 γέροντας,
2964 5783 3139 5839 bonos
3163 5795 3346 5859 seges,
3369 5788 3665 5859 se_mtt_tuo

2070 5850 2406 5985 zocauifgt’ts
2426 5858 2633 5913 virtute
2660 5850 3170 5913 ’consenescentes.
3214 5852 3386 5908 Goar.
3435 5850 3662 5906 Eucltol.

2122 5944 2165 5983 r.
2210 5945 2262 5985 υ.
2411 5964 2428 5985 .

2122 5944 2165 5983 r.
2208 5945 2262 6000 p.
2297 5944 2428 5986 suo.

3222 6019 3302 6082 35

3610 6071 3720 6095 ,ηας-Δ
