4100 6448
301 472 436 540 11'01
470 506 474 511 -

1340 468 1437 530 DE
1472 462 2014 528 ADDITAMENTO
2054 466 2126 525 IN
2152 452 2537 523 'smBOLo.
2582 504 2585 507 λ

3438 451 3568 521 nos
3596 414 3601 421 ’

301 590 395 646 δου
430 586 698 661 σύμϐολον
728 587 965 651 πίστεως
1004 585 1316 657 προηνέχθη
1344 586 1496 655 παρὰ
1518 584 1627 638 τῶν
1656 582 1725 635 τὰ
1774 580 1878 633 Νε-

2002 580 2195 651 tynodo
2255 578 2561 647 symbolum
2622 573 2743 629 ﬁdei
2786 572 3057 641 prolatum
3100 580 3181 627 est
3235 585 3266 624 a
3330 569 3570 625 Nestorii

306 681 519 750 στορίου
550 679 898 750 φρονούντων
934 677 1310 747 ὲκδιδόμενον,
1340 677 1459 746 ἕχον
1486 673 1585 743 τὴν
1613 673 1712 738 τῆς
1736 669 1886 739 αἱρέ-

309 791 447 837 σεως
500 773 678 838 δόξαν,
726 773 794 825 δι’
854 766 916 825 οὗ
971 773 1065 824 καὶ
1128 769 1412 839 βαπτίζειν
1437 768 1680 830 ἐτόλμων
1719 767 1775 817 ὲν
1813 765 1882 831 τῇ

309 866 478 936 Λυδίᾳ
509 865 694 928 τινάς·
722 866 878 917 τοῦτο
908 868 956 917 οἰ
1000 864 1245 933 Πατέρες
1278 860 1690 927 ἀνεγνωσμένον
1721 855 1886 909 ἁκούο

313 975 503 1021 σαντες
529 959 616 1010 καὶ
656 957 755 1010 οὐκ
788 958 1012 1009 ἀνεκτὴν
1067 958 1146 1009 ἔτι
1185 957 1472 1021 κρίναντες
1501 951 1606 1004 ὑπὸ
1636 949 1731 1002 τοῦ
1762 949 1884 1018 βουο

309 1049 534 1116 λομένου
570 1047 983 1117 μεταποιεῖσθαι
1008 1047 1066 1099 τί)
1099 1045 1397 1113 σύμϐολον,
1436 1044 1560 1112 ὅρον
1582 1041 1742 1102 εὐθὺς
1760 1039 1886 1108 ἐξή-

319 1157 532 1206 νεγκαν,
560 1139 762 1208 μηκέτι
803 1138 1005 1208 μηδένα
1038 1137 1244 1207 τολμᾷν
1272 1136 1623 1188 ἁναλλὰττειν
1650 1132 1750 1201 τὴν
1782 1131 1887 1183 ὑπὸ

311 1230 418 1284 τῶν
453 1233 710 1301 Πατέρων
739 1231 1051 1283 ὲκτεθείσαν
1072 1230 1255 1281 πίστιν
1280 1228 1398 1297 ἤτοι
1431 1228 1492 1279 τὸ
1514 1226 1613 1293 τῆς
1649 1225 1886 1286 πίστεως

314 1322 600 1388 σύμϐολον.
653 1322 815 1375 Ὅθεν
862 1324 958 1375 καὶ
1001 1322 1030 1373 ὁ
1069 1320 1336 1390 μακάριος
1385 1317 1656 1379 Κύριλλος
1713 1318 1771 1368 ὲν
1818 1318 1882 1384 τῇ

313 1416 447 1483 πρὸς
472 1416 562 1467 τὸν
608 1415 936 1482 Ἀντιοχείας
970 1413 1228 1478 Ἰωάννην
1252 1409 1510 1479 ἐπιστολῇ
1554 1410 1651 1479 τὴν
1674 1409 1886 1461 οἰκείαν

312 1506 467 1568 εἰδὼς
491 1504 766 1572 ἀπόφασιν
791 1505 975 1569 (αὐτὸς
1004 1504 1114 1570 γὰρ
1140 1499 1207 1572 ἦν
1230 1505 1257 1556 ὁ
1279 1503 1376 1572 τῆς
1413 1503 1655 1571 μεγάλης
1677 1501 1890 1568 ἐκείνης

315 1598 533 1649 συνόδου
561 1595 868 1666 πρόεδρος),
903 1596 1040 1647 Κατ’
1070 1591 1313 1653 οὐδένα,
1358 1592 1492 1659 φησὶ
1533 1591 1631 1659 (Ι),
1668 1590 1893 1657 τρόπον

313 1688 685 1741 σαλεύεσθαι
735 1686 1073 1753 ἀνεχόμεθα
1098 1684 1215 1751 τὴν
1257 1682 1608 1736 ἐκτεθεῖσαν
1630 1680 1750 1736 ὑπὸ
1772 1678 1893 1734 τῶν

313 1777 587 1843 Πατέρων
611 1776 781 1845 ήμῶν
811 1777 1022 1828 πίστιν
1044 1772 1177 1841 ἤτοι
1206 1773 1269 1825 τὸ
1312 1771 1421 1840 τῆς
1452 1771 1713 1835 πίστεως
1742 1770 1895 1838 σύμ-

312 1871 496 1923 ϐολον
520 1887 533 1901 ·
567 1869 704 1923 οὔτε
734 1867 863 1935 μὴν
900 1866 1311 1933 ἐπιτρέπομεν
1340 1863 1577 1928 ἑαυτοῖς
1605 1863 1644 1931 ἢ
1670 1860 1893 1929 ἑτέροις

312 1958 350 2027 ἢ
376 1959 550 2022 λέξιν
595 1959 843 2026 ἀμεῖψαι
884 1956 1001 2009 τῶν
1030 1955 1389 2024 ἐγκειμένων
1417 1954 1638 2017 ἐκεῖσε,
1679 1953 1717 2021 ἢ
1747 1952 1898 2020 μίαν

314 2052 464 2121 γοῦν
493 2048 831 2118 παραϐῆναι
877 2048 1225 2115 συλλαϐὴν,
1269 2045 1642 2115 μεμνημένοι
1666 2045 1773 2099 τοῦ
1799 2042 1896 2097 .Ιέ-

315 2159 564 2213 γοντοςο
601 2142 697 2210 Μὴ
747 2142 989 2210 μέταιρε
1029 2141 1159 2209 ὅρια
1213 2139 1438 2204 αἰώνια,
1491 2136 1530 2191 ἁ
1587 2137 1799 2191 ἔθεντο
1844 2137 1898 2190 οἱ

318 2234 572 2301 πατέρες
602 2248 718 2287 σου
737 2248 752 2264 ·
790 2234 861 2285 οὑ
891 2233 1001 2298 γάρ
1033 2227 1213 2299 ’ἦσαν
1243 2227 1414 2283 αὐτοί
1444 2231 1496 2281 οἰ
1530 2227 1896 2291 λαλοῦντες,

316 2326 476 2380 ἀλλὰ
506 2327 570 2379 τὸ
601 2323 843 2393 Πνεῦμα
873 2324 980 2377 τοῦ
1011 2323 1237 2391 Πατρός
1289 2320 1321 2375 ὃ
1350 2321 1732 2390 ἐκπορεύεται
1782 2317 1900 2387 μὲν

317 2416 386 2480 ἐξ
419 2416 626 2480 αὐτοῦ,
657 2416 789 2469 ἔστι
817 2414 885 2468 δέ
919 2419 1029 2468 οὐκ
1060 2415 1383 2482 ἀλλότριον
1432 2414 1535 2467 τοῦ
1588 2411 1724 2466 Υἱοῦ
1749 2409 1901 2464 κατὰ

318 2507 425 2560 τὸν
455 2504 566 2573 τῆς
596 2506 813 2571 οὐσίας
862 2504 1071 2573 λόγον.
1132 2503 1380 2566 ’Λκούεις
1438 2502 1514 2564 ὡς
1555 2501 1617 2554 οὐ
1646 2502 1744 2571 τὴν
1782 2500 1899 2554 διά-

319 2616 471 2651 νοιαν
496 2598 680 2666 μόνον,
710 2596 844 2650 ἀλλὰ
875 2597 969 2649 καὶ
998 2595 1141 2666 (τὴν)
1174 2593 1321 2659 λέξιν
1345 2593 1441 2647 καὶ
1481 2591 1761 2662 συλλαϐὴν
1786 2609 1899 2644 κων

319 2688 436 2740 λύει
463 2689 775 2757 μεταποιεῖν
802 2703 863 2740 τε
902 2688 997 2740 καὶ
1020 2685 1402 2757 παραϐαίνειν.
1432 2689 1556 2740 οὐκ
1584 2684 1899 2752 ἐπιτρέπο-

319 2796 449 2849 μεν,
489 2782 681 2850 φησιν,
724 2779 965 2846 ἑαυτοῖς
997 2779 1036 2849 ἢ
1073 2780 1319 2849 ἑτέροις,
1371 2780 1448 2844 ὡς
1496 2781 1560 2833 ἐκ
1601 2780 1897 2851 προσώπου

321 2877 420 2940 τῆς
448 2873 668 2927 συνόδου
720 2873 935 2943 πάσης*
989 2872 1168 2927 καίτοι
1194 2890 1259 2941 γε
1295 2873 1649 2943 οίκουμενικὴ
1678 2872 1899 2936 σύνοδος

321 2959 460 3033 ἦσαν
489 2978 504 2995 ·
537 2962 831 3015 ἀλλάύτοί
876 2962 970 3015 τὸν
1007 2962 1131 3032 ὅρον
1159 2959 1345 3014 ἔθεντο
1371 2960 1809 3029 τῆςὶκωλύσεως.

398 3055 554 3109 ΛΛΤ.
603 3054 736 3110 υῦκ.
805 3054 945 3107 Ἀλλ’
1006 3053 1239 3122 ἑτέραν,
1299 3052 1457 3122 φησὶ,
1512 3052 1744 3115 πίστιν,
1799 3051 1901 3122 τὴν

319 3150 482 3202 ὲναντ
493 3146 596 3210 ίαν,
619 3147 720 3218 τὴν
742 3145 1003 3216 ἀλλότρια
1025 3143 1464 3214 τῆςἘκκλησίας
1487 3143 1732 3213 δόγματα
1752 3143 1903 3213 ἔχου-

1987 673 2212 730 asseclis
2244 673 2473 735 editum,
2516 669 2660 738 quod
2693 668 2998 721 batrcticam
3029 663 3353 719 sententiam
3383 663 3563 718 conti-

1988 764 2151 817 nebat
2179 772 2233 816 et
2295 775 2394 830 per
2444 757 2589 827 quod
2645 757 2805 810 etiam
2864 757 3140 821 baptizare
3175 754 3441 824 quosdam
3512 754 3565 806 in

1991 854 2158 923 Lydia
2190 852 2464 905 audebant
2507 849 2609 919 (ai.
2647 850 2759 901 Hoc
2790 846 2979 901 Patres
3032 847 3343 915 praelectum
3401 862 3568 913 quutn

1994 945 2335 1000 audivissent
2374 951 2429 998 et
2461 942 2691 996 minimc
2748 941 3095 994 tolerandum
3130 941 3178 993 id
3227 940 3571 1007 iudicassent

1992 1037 2061 1090 ab
2092 1050 2159 1090 eo
2192 1037 2284 1104 qui
2341 1034 2648 1102 symbolum
2683 1033 2976 1085 immutare
3012 1030 3189 1091 vellet,
3219 1032 3398 1084 statim
3430 1029 3574 1084 deﬂ-

1990 1129 2254 1182 nitionem
2316 1125 2685 1195 protulerunt.
2740 1137 2809 1177 ne
2872 1122 3108 1191 amplius
3162 1122 3286 1190 quis
3342 1122 3573 1176 auderet

1995 1218 2285 1272 immutare
2331 1217 2488 1270 tidem
2547 1230 2575 1268 a
2645 1213 2899 1268 Patribus
2948 1211 3251 1281 expositam
3314 1211 3394 1265 vel
3449 1212 3571 1265 lidci

1992 1310 2322 1380 Symbolum.
2357 1307 2539 1373 Quare
2575 1316 2627 1360 et
2661 1307 2853 1359 beatus
2895 1304 3132 1374 Cyrillus
3162 1304 3217 1356 in
3249 1305 3479 1371 epistola
3504 1306 3569 1358 ad

1990 1399 2254 1454 Joannem
2286 1398 2691 1453 Antiochenam
2743 1395 2910 1465 probe
2960 1396 3143 1451 sciens
3194 1410 3347 1449 suam
3398 1396 3571 1463 ipsius

1993 1491 2412 1562 praeceptionem
2464 1492 2600 1559 (ipse
2626 1491 2768 1544 enim
2801 1498 3152 1558 erat‘magnte
3183 1488 3331 1542 illius
3376 1487 3572 1558 synodi

1993 1588 2233 1659 ρηοδες),
2271 1586 2436 1640 Nullo
2460 1586 2633 1649 modo,
2669 1586 2867 1653 inquit,
2907 1587 3128 1638 sinimus
3154 1585 3360 1638 concuti
3413 1584 3573 1652 [idem

1993 1697 2025 1733 a
2063 1679 2310 1733 Patribus
2354 1680 2547 1732 nostris
2577 1678 2867 1745 expositam
2893 1677 2999 1729 sive
3059 1676 3183 1744 ﬁdri
3235 1675 3524 1746 symbolum
3555 1692 3576 1738 ,°

1994 1789 2159 1835 neque
2187 1774 2324 1826 enim
2357 1782 2450 1826 aut
2481 1772 2629 1825 nobis
2659 1781 2752 1823 aut
2781 1770 2878 1823 ulli
2903 1771 3115 1823 omnino
3169 1770 3328 1823 alteri
3358 1773 3577 1840 permit-

1999 1868 2176 1929 timus,
2200 1865 2279 1919 vel
2311 1881 2475 1919 unam
2529 1864 2758 1917 vocalem
2800 1864 3084 1916 immutare
3117 1862 3189 1916 ibi
3218 1864 3462 1930 positam,
3496 1864 3581 1917 vel

2000 1974 2163 2010 unam
2194 1958 2356 2010 etiam
2405 1954 2671 2024 syllabam
2706 1954 3000 2022 prtvterire,
3049 1969 3302 2006 memores
3335 1954 3448 2020 ejus
3484 1955 3580 2021 qui

1999 2048 2176 2101 dixit:
2204 2046 2287 2100 Ne
2316 2048 2607 2117 transferas
2659 2047 2910 2099 terminos
2942 2054 3164 2099 mternos
3230 2045 3531 2114 (antiquos)
3557 2087 3573 2110 ,

2001 2155 2129 2209 quos
2188 2145 2478 2209 posuerunt
2534 2148 2712 2208 patres
2773 2137 2870 2190 tui.
2908 2135 3030 2190 Non
3088 2139 3225 2191 enim
3276 2138 3374 2204 ipsi
3424 2144 3579 2190 erant

2001 2234 2090 2302 qui
2118 2230 2490 2301 loquebantur,
2541 2232 2634 2285 sed
2687 2230 2911 2296 Spiritus
2949 2231 3150 2295 Putris,
3200 2232 3290 2299 qui
3346 2232 3579 2300 procedit

2001 2326 2210 2395 quidem
2241 2340 2307 2379 ea:
2326 2326 2459 2396 ipso,
2484 2341 2575 2378 nec
2604 2324 2665 2378 ob
2710 2325 2766 2378 id
2793 2332 2969 2377 tanten
3005 2324 3213 2379 alienus
3248 2336 3325 2380 est
3364 2345 3396 2380 a
3434 2324 3579 2380 Filio

1999 2415 2286 2470 secundum
2319 2414 2555 2470 essentia:
2585 2416 2862 2469 rationem.
2914 2415 3085 2469 Audis
3149 2417 3427 2485 quomodo
3470 2435 3578 2473 non

2003 2510 2329 2565 sententiam
2358 2513 2667 2575 dumtaxat,
2702 2509 2795 2564 sed
2843 2509 3007 2583 etiam
3034 2510 3275 2573 verbaet
3338 2510 3579 2582 syllabas

2003 2601 2294 2655 immutare
2338 2607 2394 2654 et
2444 2602 2753 2667 transgredi
2816 2607 2980 2654 vetat.
3025 2599 3149 2654 Non
3206 2601 3580 2669 permittimus.

2003 2692 2201 2760 inquit,
2232 2692 2380 2746 nobis
2408 2692 2487 2747 vel
2511 2693 2653 2757 aliis,
2687 2702 2945 2763 tanquam
2985 2708 3048 2747 ex
3080 2708 3311 2762 persona
3365 2694 3584 2748 univer—

2005 2800 2081 2841 sae
2114 2784 2332 2856 synodi.
2355 2783 2423 2838 Et
2451 2793 2630 2838 tamen
2652 2784 2706 2838 hi
2748 2787 3085 2840 terumenira
3122 2784 3362 2856 synodus
3400 2796 3579 2840 erant.

2008 2874 2206 2931 Verum
2241 2876 2344 2946 ipsi
2378 2876 2747 2932 delinitionem
2801 2877 3040 2933 tulerunt
3070 2878 3454 2948 proliibitionis
3479 2878 3578 2950 (ὁ).

2073 3056 2230 3111 LAT.
2260 3056 2502 3112 Minime.
2536 3055 2640 3113 Sed
2688 3057 2869 3117 aliam.
2893 3057 3069 3126 inquit
3091 3057 3269 3126 (conc.
3298 3054 3579 3117 Chalced.)

2007 3150 2186 3219 fidem,
2241 3148 2492 3203 videlicet
2565 3150 2920 3214 contrariam,
2978 3149 3155 3204 aliena
3212 3150 3280 3203 ab
3337 3149 3606 3205 Ecclesia-

327 3253 460 3292 σαν⁶
497 3239 620 3291 ἐπεὶ
659 3239 691 3309 ἠ
738 3235 1041 3301 ἀνάπτυξιν
1084 3234 1181 3288 καὶ
1245 3235 1550 3305 σαφήνειαν
1592 3234 1792 3304 ἔχουσα
1815 3233 1899 3287 πί-

2007 3243 2264 3313 dogmata
2299 3242 2616 3298 habentem.
2638 3243 2775 3297 Nam
2808 3240 2962 3309 tidcs,
3000 3256 3121 3310 quae
3157 3242 3582 3311 explicationem

328 3348 445 3394 στις
489 3332 589 3382 οὐκ
623 3330 689 3384 ἂν
719 3329 806 3397 εἴη
839 3330 1056 3390 πάντως
1085 3326 1249 3396 ἑτέρα
1268 3328 1289 3392 ’,
1329 3324 1436 3379 κᾶν
1470 3326 1590 3397 μιᾷ,
1625 3325 1733 3380 κᾶν
1777 3325 1904 3379 πολ·

325 3423 443 3485 λαῖς
465 3422 693 3493 διαφέρῃ
717 3420 946 3484 λέξεσιν.

400 3514 505 3567 ΓΡ.
530 3511 802 3581 Θαυμάζω
854 3511 970 3574 πῶς
1018 3511 1119 3565 οὐκ
1165 3510 1273 3564 ἀπὸ
1312 3510 1423 3564 τῶν
1450 3509 1652 3576 λέξεων
1677 3508 1907 3580 δοκιμᾶ-

328 3605 445 3669 (et;
471 3605 571 3674 τὴν
620 3603 857 3656 διάνοιαν
900 3603 1010 3653 τῶν
1049 3601 1338 3665 εἰπόντων,
1388 3601 1525 3655 ἀλλὰ
1573 3601 1774 3669 μᾶλλον
1804 3600 1904 3663 τὰς

327 3698 499 3763 λέξεις
521 3686 699 3759 ἕλκεις
744 3696 880 3766 πρὸς
919 3694 981 3747 τὸ
1014 3693 1213 3746 σαυτοῦ
1252 3693 1522 3763 βούλημα.
1558 3693 1633 3745 Τὸ
1677 3692 1788 3763 γὰρ
1842 3691 1907 3744 τὸ

327 3793 516 3862 ἕτερον
544 3788 752 3845 οἴεσθαι
781 3787 843 3841 τὸ
873 3786 1112 3840 ἐναντίον
1137 3784 1333 3857 δηλοῦν
1378 3782 1571 3855 ἀνδρός
1598 3786 1745 3838 ἐστιν
1772 3784 1905 3837 ἀσό-

330 3902 432 3954 φου
458 3882 577 3936 οὐδὲ
635 3882 837 3944 εἰδότος
889 3878 1227 3949 ἐφαρμόζειν
1276 3880 1343 3948 τῇ
1400 3877 1510 3931 τῶν
1561 3876 1907 3948 πραγμάτων

331 3976 492 4046 φύσει
514 3973 611 4046 τήν
635 3974 849 4042 ἑκάστῳ
880 3970 1219 4041 κατάλληλον
1241 3970 1408 4035 λέξιν.
1451 3970 1579 4024 Ἐπὶ
1605 3968 1767 4022 πλέον
1799 3969 1909 4038 γὰρ

332 4072 500 4142 δήπου
530 4070 620 4123 τοῦ
650 4067 896 4123 ἐναντίου
926 4066 990 4125 τὸ
1011 4065 1200 4136 ἕτερον
1228 4067 1323 4118 καὶ
1368 4064 1428 4118 ού
1485 4065 1595 4117 πᾶν
1634 4062 1696 4115 τὸ
1721 4062 1909 4132 ἔτερόν

323 4180 475 4229 τινος
512 4163 612 4234 ἤδη
645 4161 738 4216 καὶ
769 4158 1043 4212 ἐναντίονο
1068 4157 1354 4224 ἄνθρωπος
1390 4156 1500 4226 γὰρ
1529 4154 1697 4207 ἵππου
1723 4154 1909 4223 ἕτερον

336 4253 434 4322 μὲν
460 4251 539 4320 τῷ
588 4250 743 4314 εἴδει,
771 4247 1015 4302 ἐναντίον
1046 4246 1102 4299 δὲ
1131 4244 1382 4314 οὐδαμῶς
1405 4259 1419 4273 ·
1468 4245 1534 4314 τῇ
1589 4244 1698 4311 γὰρ
1750 4242 1911 4312 οὐσίᾳ

332 4341 488 4394 οὐδὲν
518 4339 781 4393 ἐναντίον.
815 4337 931 4393 Οὐκ
960 4336 1027 4391 ἂν
1050 4333 1143 4390 οὗν
1167 4336 1254 4391 διὰ
1281 4336 1379 4404 τῆς
1413 4334 1621 4403 ἐτέρας
1647 4333 1910 4399 πίστεως

332 4433 429 4506 τὴν
485 4434 734 4487 ἐναντίαν
779 4433 1026 4502 ἐδήλουν,
1064 4431 1255 4501 ὥσπερ
1297 4429 1475 4493 οὐδεὶς
1506 4429 1595 4484 διὰ
1645 4429 1739 4484 τοῦ
1766 4427 1908 4492 ζώου

333 4526 483 4597 δηλοῖ
515 4525 603 4577 τὸν
636 4522 945 4594 ἄνθρωπον.
977 4564 991 4578 .
1032 4562 1048 4577 .
1089 4559 1106 4577 .
1152 4564 1166 4578 .
1211 4561 1226 4575 .
1270 4563 1283 4575 .

404 4706 559 4761 ΛΑΤ.
601 4704 743 4772 Ἐγὼ
781 4704 882 4773 μὲν
912 4704 1123 4767 οὐδέπω
1156 4703 1320 4774 μέχρι
1356 4704 1451 4756 καὶ
1510 4702 1606 4756 νῦν
1639 4701 1812 4771 ἔφθην
1843 4701 1912 4755 τὰ

330 4797 555 4851 τοιαῦτα
586 4797 916 4867 μεμαθηκώς
940 4814 954 4830 ο
981 4795 1254 4865 θαυμάζω
1282 4795 1340 4848 δὲ
1368 4794 1464 4849 νῦν
1492 4795 1592 4865 ’ήδη
1631 4795 1759 4865 τοὺς
1812 4794 1913 4865 τὴν

336 4891 654 4961 προσθήκην
698 4890 756 4954 ἐξ
799 4889 978 4958 ἀρχῆς
1000 4888 1403 4966 τολμήσαντας,
1439 4887 1486 4938 εἰ
1518 4887 1789 4938 τοσούτων
1818 4885 1913 4938 δν-

332 4999 441 5034 των
495 4983 603 5035 τῶν
652 4981 992 5051 κωλυμάτων
1041 4980 1140 5039 οὐκ
1196 4979 1504 5050 ᾐδέσθησαν
1536 4978 1685 5046 ὅμως
1737 4975 1911 5046 αὐτὴν

334 5072 570 5136 ἐξειπεῖν
602 5072 698 5124 καὶ
723 5073 834 5134 τοῖς
863 5071 983 5140 μετ’
1020 5070 1220 5131 αὐτοὺς
1247 5065 1612 5138 παραδοῦναι.

348 5208 349 5211 Ἴ
412 5229 488 5301 (I)
518 5230 719 5285 Confer
763 5228 1014 5282 eumdem
1073 5236 1204 5280 text.
1251 5226 1393 5295 apud
1453 5224 1746 5281 Camat.c.
1782 5226 1906 5282 lOi.

338 5300 438 5356 Gr.
474 5302 625 5354 ortlt.
658 5309 699 5352 t.
729 5297 794 5359 ιι,
832 5311 884 5362 p.
922 5296 1051 5361 452,
1082 5294 1236 5362 455.)

425 5339 438 5353 .
474 5316 625 5354 ortlt.
658 5316 699 5352 ι.
730 5316 794 5359 ιι,
832 5316 884 5361 p.
922 5316 1051 5361 40:,
1082 5316 1210 5349 eoo.

391 5317 438 5353 r.
474 5311 625 5354 ortu.
658 5311 699 5352 t.
730 5311 794 5359 ιι,
832 5311 884 5365 p.
922 5311 1051 5361 sax,
1082 5311 1236 5362 eos.)

412 5367 658 5447 (tt_)__\_l_idc
680 5382 839 5447 conc.
864 5365 1121 5447 Epiro-sini
1158 5362 1395 5447 sess_._\];
1420 5363 1584 5418 llard.
1612 5379 1770 5420 conc.
1799 5373 1839 5419 t.
1866 5365 1907 5429 I,

339 5456 393 5513 p.
598 5454 715 5513 seq.
746 5432 942 5497 Mansi,
1044 5432 1134 5498 IV,
1165 5449 1228 5513 ρ..
1258 5433 1395 5486 1547
1429 5450 1547 5500 seq.

415 5510 489 5578 (ὁ)
518 5508 649 5574 Quae
676 5503 728 5561 in
747 5504 1104 5578 sequentibus
1128 5503 1425 5578 adduntur,
1451 5511 1580 5578 sunt
1609 5519 1625 5578 :_
1655 5504 1714 5578 te
1733 5503 1913 5559 Theo-

342 5571 708 5633 dore'tii'verlia
737 5577 804 5630 de
828 5571 1033 5630 litteris
1058 5588 1126 5627 ex
1155 5571 1395 5642 Egypto.
1414 5573 1465 5625 in
1504 5573 1904 5630 Antiochenam

343 5648 776 5719 patriai-clintum
808 5646 1021 5719 missis,
1052 5659 1180 5719 quae
1211 5644 1332 5719 vide
1363 5657 1526 5719 supra
1555 5646 1742 5719 _apnd_
1777 5643 1914 5719 Gre-

341 5709 556 5789 'gorium
615 5709 1286 5789 constantinopolitanum
1322 5711 1382 5789 in
1400 5709 1567 5765 Marci
1608 5712 1910 5789 confessio-

342 5780 467 5841 nem
490 5802 609 5854 cap.
649 5785 731 5850 V;
768 5784 825 5836 2°
852 5780 1019 5854 Cotto.
1049 5780 1631 5854 Clt‘alcetl‘chcrtjtutn
1670 5797 1811 5854 sess.
1843 5783 1908 5840 V.

346 5856 536 5926 (Hartl.
558 5850 629 5918 ἸΙ,
653 5871 707 5922 p.
731 5853 1075 5926 κίὸξξῐνίξιιιεί
1100 5850 1213 5926 VII,
1253 5850 1457 5926 l|8.-—_
1479 5851 1626 5904 Patr.
1656 5851 1748 5905 Gr.
1777 5863 1910 5909 tom.

345 5921 456 6004 Cll,
476 5941 537 5998 p.
573 5921 704 5997 564,
734 5924 886 5996 565.)
914 5921 1039 6003 lianc
1065 5924 1170 5979 hoc
1203 5923 1322 5977 loco
1352 5922 1553 5978 omissa
1588 5933 1739 5979 sunt.

2007 3344 2062 3391 et
2097 3334 2546 3391 dilucidationem
2587 3333 2856 3401 continet,
2888 3347 2998 3387 non
3031 3333 3135 3388 erit
3194 3348 3418 3402 prorsus
3455 3347 3587 3389 con-

2008 3428 2199 3492 traria,
2233 3427 2349 3482 sive
2390 3441 2521 3489 uno,
2547 3425 2664 3482 sive
2695 3425 2883 3481 multis
2923 3427 3104 3480 verbis
3132 3425 3369 3481 diﬂ‘erat.

2079 3516 2194 3572 GR.
2231 3517 2397 3571 Miror
2428 3515 2707 3586 quomodo
2761 3530 2867 3571 non
2903 3530 2969 3569 ex
3012 3515 3190 3569 verbis
3240 3530 3435 3571 eruere
3474 3524 3591 3570 ten-

2011 3620 2094 3664 tas
2120 3623 2342 3665 sensum
2371 3606 2735 3675 loquentium,
2766 3605 2860 3660 sed
2882 3607 3065 3675 potius
3110 3606 3269 3660 verba
3313 3604 3484 3661 trabis
3519 3607 3588 3661 ad

2011 3713 2164 3756 tuum
2196 3700 2473 3770 preprinm
2516 3698 2937 3766 beneplacitum.
2968 3696 3102 3751 Nam
3129 3697 3380 3752 arbitrari
3437 3697 3589 3752 aliud

2011 3794 2321 3863 signiﬁcare
2355 3791 2407 3847 id
2431 3791 2574 3859 quod
2605 3789 3085 3853 contrarium,viri
3119 3790 3342 3844 minime
3368 3791 3586 3860 sapien-

2014 3886 2085 3941 tis
2115 3893 2220 3948 est,
2254 3893 2309 3937 et
2356 3882 2475 3953 ejus
2499 3882 2592 3951 qui
2628 3880 2942 3950 neutiquam
2968 3881 3182 3936 noverit
3212 3896 3392 3934 rerum
3422 3890 3590 3935 natu-

2012 3996 2087 4036 rae
2120 3980 2344 4034 verbum
2395 3977 2617 4032 cuilibet
2672 3991 2978 4046 congruum
3039 3975 3320 4046 adaptare.
3400 3975 3589 4031 Latius

2012 4073 2159 4126 enim
2192 4079 2341 4142 patet
2373 4070 2521 4124 aliud
2557 4084 2655 4125 seu
2682 4068 2985 4133 diversum,
3019 4082 3182 4137 quam
3225 4069 3590 4131 contrarium,

2010 4170 2065 4216 et
2096 4173 2202 4213 non
2250 4172 2413 4213 omne
2463 4158 2607 4229 quod
2650 4171 2680 4211 a
2712 4157 2967 4226 quopiam
3007 4156 3282 4211 diversum
3308 4167 3415 4225 est,
3474 4157 3587 4228 jam

2012 4251 2061 4305 ei
2091 4260 2175 4305 est
2221 4249 2583 4303 contrarium.
2641 4247 2834 4312 Homo,
2867 4247 3021 4301 verbi
3073 4248 3271 4315 gratia,
3307 4247 3450 4301 aliud
3507 4257 3593 4301 est

2012 4342 2195 4410 Specie
2247 4341 2317 4395 ab
2380 4353 2542 4410 equo,
2601 4337 2939 4395 contrarium
2994 4352 3125 4391 vero
3184 4337 3337 4391 nullo
3401 4337 3585 4392 modo.

2015 4433 2346 4491 Substantia‘.
2388 4433 2535 4487 enim
2598 4431 2733 4486 nihil
2772 4440 2858 4487 est
2919 4430 3275 4485 contrarium.
3306 4410 3423 4483 Non
3460 4445 3592 4499 ergo

1935 4542 2110 4622 Dper
2151 4527 2315 4581 aliam
2376 4525 2533 4594 [idem
2588 4522 2967 4594 signiﬁcarunt
3000 4522 3189 4579 Patres
3240 4522 3593 4587 contrariam,

2015 4619 2159 4676 sicut
2192 4633 2354 4673 nemo
2377 4616 2694 4687 per.animal
2723 4614 2996 4685 signiﬁcat
3051 4615 3323 4668 hominem
3367 4612 3460 4681 (c).

2087 4710 2245 4768 LAT.
2275 4709 2388 4782 Ego
2405 4711 2625 4778 quidem
2660 4708 2949 4777 hucusque
2973 4707 3097 4762 talia
3131 4707 3373 4762 nondum
3404 4705 3595 4772 didici;

2015 4804 2188 4859 miror
2215 4811 2396 4864 autem
2431 4801 2544 4871 jam
2577 4815 2694 4865 eos,
2725 4798 2819 4870 qui
2865 4797 3118 4868 primitus
3155 4797 3296 4853 hanc
3351 4796 3593 4850 additio-

2020 4909 2143 4949 nem
2181 4894 2361 4950 facere
2400 4892 2519 4947 ausi
2569 4900 2717 4957 sunt,
2756 4890 2898 4959 quod
2951 4905 3078 4945 cum
3104 4897 3186 4943 tot
3236 4901 3419 4945 essent
3473 4907 3597 4960 pro-

2019 4985 2336 5052 hibitiones,
2374 4993 2555 5038 tamen
2584 4999 2691 5057 non
2722 4990 2849 5038 sunt
2873 4981 3032 5036 veriti
3065 4995 3182 5037 eam
3238 4981 3417 5051 eloqui
3444 5000 3595 5037 cam-

2017 5092 2123 5148 que
2157 5076 2390 5147 posteris
2426 5072 2800 5154 transmittere
2827 5071 2921 5141 (ο).

2090 5229 2774 5303 (c)P_rovoca_t“breviter_
2808 5224 2874 5280 ad
2934 5226 3229 5303 concilium
3300 5225 3593 5303 septimum

2016 5292 2154 5359 act‘.’
2191 5300 2282 5365 Vl,
2332 5317 2385 5357 a.
2419 5298 2544 5363 880,
2597 5308 2651 5352 et
2708 5298 2777 5352 ad
2830 5310 3073 5364 spartam
3123 5295 3350 5350 Joannis
3380 5292 3495 5347 Vill
3528 5296 3596 5349 :ul

2015 5372 2265 5428 eumdem
2297 5371 2552 5427 Pltotium
2580 5368 2889 5436 epistolam.
2924 5367 3108 5436 ibique
3155 5378 3380 5436 prorsus
3407 5365 3596 5436 iisdem

2017 5441 2186 5497 utitur
2209 5440 2407 5504 verbis,
2440 5453 2562 5505 qua:
2588 5438 2642 5491 in
2670 5439 2788 5503 ejus
2843 5434 3201 5492 Confessione
3234 5447 3397 5502 supra
3427 5434 3595 5501 edita,

2016 5527 2138 5580 cap.
2168 5509 2282 5563 XVI
2318 5520 2372 5580 et
2408 5506 2570 5580 XVII,
2596 5507 2872 5580 leguntur.
2964 5574 2978 5580 _
3166 5556 3177 5567 ,

2090 5573 2167 5651 ((1)
2193 5579 2461 5651 Nimirum
2492 5573 2715 5631 Latinus
2749 5578 2921 5651 victas
2948 5574 3042 5629 dat
3069 5590 3285 5651 manus,
3327 5583 3386 5628 ut
3419 5573 3597 5651 Ephe-

2016 5645 2107 5705 εἰσ
2127 5645 2348 5718 placuit.
2404 5648 2505 5703 Eas
2536 5659 2670 5718 _tam
2711 5663 2743 5699 n
2801 5645 3117 5718 Graecorum
3168 5648 3418 5718 rationes
3463 5645 3598 5718 satis

2004 5713 2259 5775 infirmas
2289 5728 2342 5773 et
2376 5719 2488 5786 jam
2534 5716 2795 5771 Fcrraria:
2834 5716 3150 5785 plerumque
3189 5713 3452 5769 rcfutatas
3494 5714 3604 5767 La-

2018 5792 2115 5845 tini
2178 5789 2382 5843 dudum
2419 5797 2766 5867 dpet‘speetas
2825 5786 3129 5867 habuerunt
3200 5786 3376 5854 iisque
3451 5788 3602 5839 nullo

2018 5874 2247 5931 prorsus
2276 5864 2493 5929 negotio
2527 5866 2906 5913 occurrerunt.
