4100 6424
383 395 533 461 Ῑ109“

1446 395 1542 456 DE
1584 380 2322 458 PBAZDESTINATIONE
2377 396 2524 458 LIB.
2554 396 2604 457 ι.

3501 390 3638 454 1110

386 508 485 575 μὲν
500 506 679 561 τοίνυν
710 506 818 561 τῶν
850 507 1069 579 ἀτόμων
1102 509 1467 580 προμηθεῖται
1522 512 1766 576 ἐκείνων,
1814 511 1958 580 ἅπερ
1995 514 2030 568 Α
2061 511 2275 578 σώματι
2295 510 2583 580 ἀνθρώπου
2605 510 2729 563 νέαν
2750 508 2925 574 κτίζει
2957 505 3154 578 ψυχὴν,
3200 504 3289 558 ἵνα
3326 503 3461 573 μήτε
3507 500 3639 564 ἔξω·

386 598 608 666 ἀμέσως
639 600 718 662 είς
746 599 912 654 αὑτὸν
944 601 1231 656 τάττονται
1270 604 1363 658 x01.
1385 604 1607 673 ἀμέσως
1633 604 1797 658 αὐτοῦ
1824 621 1958 657 ποτε

387 689 640 744 δύνανται
666 692 980 757 ἀπολαύειν,
1013 691 1101 747 οἷα
1125 695 1187 762 δὴ
1220 695 1287 749 10
1338 696 1436 759 τῆς
1491 696 1715 766 λογικῆς
1782 696 1960 767 ἄτομα

386 779 624 847 φύσεως.
654 782 763 835 Καὶ
795 783 883 837 διά
912 782 1072 836 τοῦτο
1095 783 1198 837 ποῦ
1236 786 1333 854 μὲν
1376 784 1482 838 τῶν
1513 786 1707 853 λογίων
1733 787 1851 839 ἐστὶ
1900 787 1962 838 τὸ

386 870 555 940 χωρὶς
582 870 675 923 τοῦ
707 872 852 925 θείου
885 873 1186 943 θελήματος
1243 875 1377 945 μηδὲ
1411 877 1695 944 στρουθίον
1746 881 1812 945 τῇ
1861 894 1964 931 πα-

386 961 492 1026 γίδι
523 963 841 1032 ἐμπίπτειν,
872 966 975 1018 ποῦ
1005 965 1062 1018 δὲ
1092 965 1154 1019 τὸ
1185 967 1353 1037 μηδὲν
1384 966 1461 1035 τῷ
1504 967 1622 1037 Θεῷ
1675 971 1801 1038 περὶ
1853 970 1962 1022 τῶν

391 1052 528 1122 βοῶν
554 1054 763 1121 μέλειν,
794 1057 936 1108 πάνυ
967 1057 1321 1124 ἀληθεύοντος
1382 1058 1667 1129 ἐκατέρου.
1731 1059 1819 1122 Ὠς
1855 1065 1963 1131 γὰρ

390 1144 532 1196 κατά
562 1145 705 1198 θεῖον
729 1146 941 1216 θέλημα
1000 1148 1276 1217 στρουθίον
1332 1147 1636 1211 ἁλίσκεται,
1685 1148 1827 1203 οῦτω
1872 1149 1964 1203 καὶ

314 1234 323 1237 ’
390 1232 512 1299 βόες
540 1234 836 1303 τρέφονταί
864 1253 923 1289 τε
954 1236 1047 1288 ὑπ’
1094 1235 1398 1306 ἀνθρώπων
1444 1236 1539 1291 καὶ
1575 1236 1814 1292 θύονται.
1865 1240 1964 1293 Ὃν

387 1322 444 1374 δὲ
471 1325 671 1392 τρόπον
696 1326 756 1378 06
787 1326 937 1394 μέλει
963 1326 1041 1396 τῷ
1067 1326 1188 1395 Θεῷ
1229 1327 1360 1395 περὶ
1405 1328 1509 1380 τῶν
1562 1327 1722 1398 βοῶν,
1776 1330 1964 1384 τοῦτον

389 1414 510 1466 οὐδὲ
545 1415 652 1467 τῶν
680 1417 978 1485 στρουθίων
1017 1417 1165 1486 αὐτῷ
1196 1418 1372 1488 μέλει.
1435 1420 1604 1472 Μέλει
1654 1420 1765 1489 γὰρ
1812 1420 1963 1489 αὐτῷ

392 1506 516 1574 περὶ
552 1505 735 1558 αὐτῶν
762 1506 901 1559 ὥστε
933 1508 1274 1561 ἀπολαύοντα
1300 1507 1394 1562 τοῦ
1428 1506 1587 1572 εἶναι,
1618 1510 1698 1574 είς
1725 1512 1847 1563 ὅσον
1870 1511 1965 1563 αύ-

388 1594 498 1653 10?;
531 1595 815 1663 ἁρμόττει,
835 1598 932 1650 καὶ
988 1596 1065 1661 ώς
1097 1600 1247 1667 αὐτῷ
1305 1600 1470 1670 ἤρεσε
1524 1600 1817 1671 κηρύττειν
1871 1602 1995 1665 καὶ,

390 1684 627 1749 σιγῶντα
658 1686 752 1739 τὸν
783 1690 1037 1759 ποιητὴν,
1062 1692 1171 1753 τοῖς
1202 1690 1362 1760 λόγου
1395 1694 1710 1764 περιουσίᾳ,
1752 1696 1847 1749 καὶ
1908 1694 1967 1758 ἐξ

388 1772 566 1825 αὐτῶν
588 1774 907 1845 δυναμένοις
930 1778 1260 1848 φιλοσοφεῖν,
1298 1782 1390 1835 καὶ
1421 1784 1501 1845 είς
1553 1782 1734 1854 ἔρωτά
1765 1802 1824 1837 τε
1873 1786 1966 1839 καὶ

388 1864 573 1933 θαῦμα
594 1866 704 1934 τῆς
735 1870 1010 1938 πανσόφου
1033 1871 1316 1941 δυνάμεώς
1374 1890 1434 1927 τε
1490 1876 1588 1928 καὶ
1636 1875 1969 1945 ἀγαθότητος
2002 1875 2044 1931 Β

390 1956 758 2025 προκόπτουσι
780 1958 1059 2013 τελεῖσθαι
1094 1977 1108 1992 ·
1157 1965 1252 2015 καὶ
1280 1963 1422 2017 ὥστε
1462 1964 1536 2035 μὴ
1572 1964 1970 2036 εῖργεσθαιτὴν

393 2044 569 2114 ίδικὴν
626 2047 752 2116 περὶ
811 2052 908 2119 τῆς
959 2039 1308 2125 ἀνθρωπίνης
1371 2055 1519 2126 ζωῆς
1579 2057 1866 2124 πρόνοιαν,
1910 2053 1971 2113 06

387 2136 547 2205 χάριν
568 2137 637 2191 10
662 2139 887 2194 πλεῖστα
910 2142 1027 2197 ἐστι
1058 2146 1150 2198 καὶ
1191 2145 1420 2213 γίνεται,
1471 2151 1568 2203 καὶ
1616 2142 1678 2202 06
1712 2152 1778 2220 τῇ
1810 2150 1972 2220 χρείᾳ

385 2226 662 2283 δουλεύειν
712 2231 971 2287 τέτακται
1029 2236 1124 2288 καὶ
1174 2236 1486 2307 ὑπηρετεῖν.
1531 2240 1638 2293 Καὶ
1678 2240 1758 2293 ἔτι
1822 2242 1972 2311 μέλει

387 2318 519 2387 περὶ
541 2321 741 2386 αὐτῶν,
777 2322 917 2377 ὥστε
972 2325 1072 2396 τὴν
1126 2326 1221 2381 τοῦ
1287 2328 1578 2400 ἀνθρώπου
1625 2330 1972 2400 συμπάθειαν

388 2411 490 2463 κάν
536 2412 652 2475 τοῖς
713 2414 894 2478 ἀλλοις
946 2416 1370 2489 διαφαινομένην
1426 2421 1580 2492 όρᾷν,
1614 2421 1673 2474 ὃν
1723 2427 1972 2489 προνοεῖν

389 2502 586 2571 χρῆναι
624 2504 717 2557 τὸν
760 2504 1049 2577 ἄνθρωπον
1096 2508 1203 2572 ἓως
1255 2508 1322 2563 ἀν
1364 2510 1538 2564 αὐτοῦ
1606 2510 1787 2575 ζῶντα
1853 2517 1973 2579 ταῖς

389 2592 598 2662 χρείαις
631 2594 897 2667 ύπηρετῇ.

462 2685 705 2740 Τοιαῦτα
739 2689 815 2759 τῷ
846 2687 965 2760 Θεῷ
998 2691 1126 2762 περὶ
1153 2691 1335 2747 αὐτῶν
1370 2694 1544 2765 μέλει,
1599 2698 1861 2752 ἐπέκεινα
1915 2699 1972 2752 δὲ

391 2777 567 2843 ιύδὶν,
600 2779 681 2832 ότι
713 2782 877 2849 μηδὲν
912 2782 1171 2837 ἐπέκεινα
1224 2788 1321 2855 τῆς
1384 2787 1617 2842 ἐνταῦθα
1664 2788 1810 2857 ζωῆς
1860 2793 1971 2854 τοῖς

390 2869 652 2932 τοιούτοις
682 2870 831 2934 τέλος
852 2873 1018 2935 ἐστὶν,
1056 2875 1177 2928 οὐδὲ
1210 2877 1380 2946 αὐτῆς
1422 2878 1635 2947 αἱρέσει
1690 2880 1798 2931 τινὶ
1828 2882 1975 2948 ἐφιε-

401 2957 609 3025 μένοις,
649 2958 766 3011 ἀλλ’
794 2961 939 3031 ὁρμῇ
974 2967 1178 3033 φυσικῇ
1232 2964 1391 3033 μόνον
1419 2980 1434 2996 ⁸
1465 2965 1591 3019 οὕτε
1620 2966 1787 3020 είδόσι
1842 2969 1974 3037 γοῦν

388 3049 471 3106 είς
496 3046 547 3100 τί
578 3065 708 3101 ποτε
754 3050 996 3122 αύτοῖςή
1038 3054 1376 3127 πρόσκαιρος
1418 3055 1531 3127 ζωὴ
1558 3057 1733 3128 φέρει.
1772 3059 1881 3111 Καὶ
1910 3060 1968 3113 ού

2064 602 2154 655 θεν
2176 603 2592 672 εἰσκρινομένης
2621 602 2789 657 πολλά
2819 602 2885 656 τὰ
2916 601 3092 655 ἄτοπα
3147 599 3240 653 καὶ
3289 596 3528 650 ἀδύνατα
3577 590 3637 667 ᾖ,

2064 697 2201 763 μήτε
2233 693 2497 764 συνούσης
2528 692 2604 763 τῷ
2640 694 2915 761 σπέρματι
2964 692 3057 745 καὶ
3095 689 3314 759 διαδοχῇ
3364 688 3638 756 γεννωμέ-

2063 803 2159 855 νης
2185 786 2353 855 χείρω
2388 785 2727 855 ἀκολουθοίη.
2770 788 2878 840 Καὶ
2926 786 3001 847 ώς
3034 785 3131 854 μὲν
3155 785 3187 854 ἠ
3215 784 3274 835 ἐν
3305 780 3493 851 τοιῷδε
3536 777 3640 831 σώ-

2068 895 2197 945 ματι
2227 877 2321 930 τοῦ
2344 876 2638 947 ἀνθρώπου
2668 877 2779 945 ζωὴ
2799 877 2893 930 νῦν
2916 876 3065 946 παρὰ
3093 875 3193 943 τὴν
3246 873 3304 938 ἐξ
3335 872 3510 941 ἀρχῆς
3541 867 3636 922 τοῦ

2063 965 2198 1019 Θεοῦ
2229 970 2355 1037 περὶ
2383 966 2549 1020 αὐτοῦ
2569 969 2682 1021 ἐστι
2710 966 2960 1036 βούλησιν
2992 967 3087 1019 καὶ
3115 966 3188 1028 ὡς
3213 965 3366 1032 δίκην
3394 960 3514 1017 τινὰ
3542 959 3640 1030 τὴν

2064 1058 2121 1107 ἐν
2149 1058 2294 1126 αὐτῷ
2315 1057 2511 1129 ζωὴνή
2546 1057 2691 1129 ψυχὴ
2714 1059 2953 1127 πονηρᾶς
2979 1074 3108 1110 ποτε
3149 1056 3242 1109 καὶ
3272 1055 3467 1121 ἀλόγου
3523 1055 3641 1104 ἐπι-

2065 1147 2264 1216 θυμίας
2291 1165 2307 1182 ο
2332 1150 2411 1202 ὅτι
2438 1167 2497 1202 τε
2532 1150 2565 1219 ἡ
2598 1150 2899 1213 σπουδαίως
2922 1149 3048 1219 τῇδε
3078 1145 3321 1217 βιώσασα
3372 1147 3463 1200 καὶ
3510 1144 3641 1197 καθ-

2064 1240 2289 1312 αρθεῖσα
2319 1243 2393 1303 ὡς
2424 1237 2617 1295 οἷόντε
2657 1242 2922 1304 ἑκουσίως
2970 1244 3052 1305 εἰς
3101 1240 3194 1293 τδν
3236 1236 3640 1308 ἡτοιμασμένον

2064 1334 2121 1384 ἐν
2151 1333 2397 1401 οὐρανοῖς
2422 1332 2556 1403 αὐτῇ
2609 1332 2774 1386 τόπον
2804 1331 3093 1385 ἀνίπταται
3151 1330 3311 1392 εὐθὺς
3364 1327 3640 1381 ἀπαλλατ-

2063 1425 2285 1493 τομένη,
2318 1424 2386 1477 10
2440 1423 2665 1478 τοιαῦτα
2692 1423 3093 1493 ὡμολογημένα
3133 1424 3235 1476 οὐκ
3278 1420 3643 1491 ἐπεξεργάζε-
3672 1416 3695 1427 “

2066 1514 2190 1568 σθαι
2220 1515 2349 1586 χρή.
2377 1516 2482 1568 Καὶ
2508 1516 2589 1568 ὅτι
2612 1515 2674 1567 τὸ
2702 1515 2854 1577 τέλος
2885 1513 3199 1585 ἀνθρώπου,
3238 1514 3269 1583 ἡ
3300 1511 3393 1565 τοῦ
3412 1510 3642 1581 ἐσχάτου

2066 1597 2271 1671 ἀγαθοῦ
2313 1605 2571 1673 μετουσία
2593 1606 2802 1659 ἔνεστιν
2845 1608 2903 1658 ἐν
2946 1604 3025 1674 τῷ
3062 1602 3318 1674 ἀμυδρῶς
3369 1602 3464 1655 καὶ
3520 1599 3642 1654 κατ’

2069 1693 2206 1758 εἶδος
2233 1698 2373 1748 νοεῖν
2393 1698 2480 1748 τὸν
2510 1696 2663 1754 Θεὸν.
2693 1695 2856 1748 αὐτὸν
2877 1695 3003 1748 δντα
3022 1694 3121 1765 τὴν
3142 1692 3364 1764 πρώτην
3383 1690 3644 1761 ἀλήθειαν

2070 1789 2161 1838 καὶ
2183 1787 2244 1838 τὸ
2269 1785 2494 1855 ἔσχατον
2524 1786 2755 1855 ἀγαθόν.

2155 1875 2314 1930 Ἀλλά
2345 1877 2471 1947 περὶ
2504 1876 2597 1929 τοῦ
2629 1877 2779 1939 ὅπως
2808 1877 3026 1947 προνοεῖ
3052 1873 3216 1928 αὑτοῦ
3254 1873 3282 1924 ὁ
3314 1872 3448 1936 Θεὸς
3500 1871 3642 1925 οὕτω

2069 1983 2127 2017 τε
2163 1967 2258 2019 καὶ
2293 1968 2358 2018 ὲκ
2387 1965 2640 2019 τοιούτων
2665 1965 3167 2036 δημιουργουμένου
3197 1963 3432 2029 λέγομεν
3461 1961 3643 2031 μόνον.

2073 2058 2297 2127 Προνοεῖ
2326 2058 2425 2124 μὲν
2452 2057 2518 2110 δι’
2536 2057 2721 2126 αὐτοῦ,
2746 2057 2929 2122 ἁπλῶς
2949 2059 3144 2122 εἰπεῖν,
3172 2057 3416 2125 κρεῖττον
3447 2053 3479 2122 ἢ
3507 2051 3646 2105 κατά

2074 2147 2250 2202 πάντα
2279 2149 2346 2202 τά
2376 2166 2432 2202 τε
2457 2149 2585 2203 ὄντα
2604 2150 2672 2203 τά
2695 2167 2752 2203 τε
2778 2151 3062 2220 γινόμενα,
3091 2149 3188 2217 οὐχ
3223 2149 3304 2201 ὅτι
3332 2145 3478 2215 αύτῷ
3509 2145 3647 2214 μᾶλ-

2072 2238 2164 2290 λον
2218 2238 2372 2308 μέλει
2404 2240 2466 2292 τὸ
2512 2239 2678 2293 06106
2735 2239 3001 2310 ἀγαθὸνῆ
3053 2237 3282 2300 ἐκείνοις
3336 2236 3395 2289 τὸ
3448 2236 3647 2289 οἰκεῖον

2074 2329 2345 2394 ἑκάστοις,
2377 2330 2492 2382 ἀλλ’
2514 2332 2598 2384 ὅτι
2643 2333 2703 2385 τὸ
2732 2329 3018 2400 ἀνθρώπου
3048 2328 3251 2397 ἀγαθὸν
3303 2327 3487 2397 μεῖζον
3550 2325 3650 2395 μέν

2074 2416 2220 2470 ἐστιν
2250 2418 2282 2487 ἢ
2317 2418 2455 2471 κατά
2480 2418 2546 2470 τὰ
2571 2419 2727 2485 ἀλλα,
2764 2419 2930 2490 πολλῇ
2960 2419 3017 2472 δέ
3043 2417 3361 2488 ἀνθρωπίνῃ
3413 2414 3642 2483 σπουδῇ,

2075 2510 2167 2563 καὶ
2201 2510 2488 2581 πλείονιτῇ
2517 2512 2580 2564 ἐκ
2600 2511 2734 2566 Θεοῦ
2772 2514 2913 2583 ῥοπῇ
2945 2512 3194 2571 ἀνυστὸν,
3213 2511 3301 2564 διΞι
3330 2510 3428 2572 τάς
3455 2506 3648 2561 συνού-

2077 2618 2171 2665 σας
2200 2602 2279 2670 τῷ
2314 2603 2639 2674 ἀνθρωπίνῳ
2672 2604 2772 2675 βίῳ
2801 2604 3136 2674 δυσχερείας.
3194 2604 3357 2656 Ὅθεν
3404 2600 3568 2654 06106
3600 2601 3649 2653 οἱ

2074 2694 2293 2757 πλείους
2356 2696 2792 2766 ἀποτυγχάνουσι
2850 2696 2918 2749 δι’
2963 2694 3333 2758 ὲθελοκακίας,
3381 2692 3502 2746 οὐδὲ
3552 2691 3651 2760 τῆς

2074 2783 2224 2845 θείας
2250 2784 2561 2853 ἀξιούμενοι
2595 2783 2911 2854 συνεργείας
2935 2783 3031 2837 σὺν
3056 2782 3205 2852 δίκῃ.

2145 2872 2266 2927 Τῶν
2298 2875 2395 2942 μὲν
2433 2874 2542 2947 γάρ
2572 2874 2745 2928 ἄλλων
2772 2874 3046 2943 γεννητῶν
3094 2872 3192 2944 οὐχ
3221 2872 3367 2933 ὅπως
3421 2870 3508 2921 ἀεὶ
3563 2866 3653 2938 εΐη

2076 2969 2313 3034 προνοεῖ,
2340 2966 2630 3037 ἀνθρώπου
2657 2967 2715 3020 δὲ
2747 2967 2894 3028 ὅπως
2916 2982 2974 3020 τε
3005 2966 3112 3035 εἴη,
3145 2963 3240 3029 καὶ
3267 2964 3488 3033 ἄμεινον
3520 2960 3606 3028 εἴη
3633 2975 3649 2990 ο

2074 3060 2132 3112 06
2142 3058 2307 3129 ρανοῦ
2338 3059 2392 3112 δὲ
2432 3059 2528 3112 καὶ
2556 3060 2664 3114 τῶν
2694 3058 2871 3114 ἄλλων
2906 3059 3174 3128 σωμάτων
3198 3056 3297 3126 οὐχ
3325 3057 3473 3115 ὅπως
3495 3054 3653 3121 ἀμει·

394 3140 459 3205 μίῗ
467 3156 556 3194 νον
591 3139 865 3213 ἀνθρώπῳ
898 3142 1069 3196 ταῦτα
1097 3144 1370 3199 δουλεύειν
1401 3147 1686 3215 τέτακται,
1714 3148 1850 3202 ἀλλὰ
1877 3150 1972 3203 καὶ
1998 3171 2042 3228 c
2073 3166 2165 3203 νον
2225 3148 2364 3219 ἔχοι,
2413 3149 2526 3204 ἀλλ’
2554 3152 2701 3213 ὅπως
2747 3150 2834 3203 ἀεὶ¹
2888 3151 3047 3220 μόνον
3080 3147 3187 3217 εῖη,
3231 3147 3324 3199 κα¹ι
3385 3142 3652 3214 μηδέποτε

389 3230 449 3281 ἐν
479 3231 663 3300 σφίσιν
696 3232 881 3297 αὐτοῖς
905 3235 973 3289 τα
1023 3235 1394 3307 ἀσθενέστερα
1451 3240 1567 3303 τοῖς
1601 3241 1976 3310 ἰσχυροτέροις

387 3324 565 3391 τροφὴ
602 3326 833 3391 γίνεται.
860 3326 971 3379 Καὶ
1012 3325 1097 3379 ὕει
1131 3328 1230 3398 μέν
1253 3328 1440 3390 όθεδς
1474 3330 1562 3383 ἵνα
1595 3330 1798 3401 βοτάνη
1840 3334 1974 3402 quin“

388 3416 461 3467 ἐῶ
488 3417 598 3486 γάρ
637 3417 705 3470 δι’
739 3418 880 3471 ὅσων
913 3419 1098 3472 καὶτὸ
1151 3420 1268 3474 ὕειν
1325 3423 1508 3474 ποιεῖ’
1557 3421 1751 3490 φύεται
1799 3423 1855 3476 δὲ
1890 3424 1976 3475 ἵνα

388 3508 569 3577 τραφῇ
604 3507 701 3560 καὶ
731 3509 1028 3578 πρόϐατον,
1063 3512 1325 3564 πεινῶντι
1360 3511 1415 3565 δὲ
1438 3514 1570 3577 ἀκος
1604 3514 1737 3568 αὐτὸ
1768 3516 1977 3583 γίνεται

391 3595 560 3667 λύκῳ,
583 3600 678 3650 καλ.
707 3599 869 3662 λύκος
903 3603 1105 3670 ὁμοίως
1138 3602 1331 3658 λέοντι.
1355 3604 1429 3657 Τὸ
1454 3605 1513 3658 δέ
1540 3605 1649 3658 τῶν
1669 3606 1979 3679 ἀνθρώπων

388 3693 628 3759 πρᾶγμα
665 3692 763 3760 ούχ
793 3692 995 3760 ὁμοίως
1021 3696 1135 3757 τοῖς
1160 3694 1340 3756 ἄλλοις
1375 3699 1655 3767 γεννητοῖς
1685 3700 1779 3751 καὶ
1806 3699 1981 3770 φθαρ-

369 3785 505 3843 ’τοῖς
537 3781 671 3859 ἔχει,
703 3781 839 3834 ἀλλά
866 3780 1151 3849 σύγκειται
1192 3784 1293 3853 μὲν
1318 3787 1383 3838 ἐκ
1409 3784 1607 3855 θνητοῦ
1646 3788 1741 3839 καὶ
1779 3788 1981 3842 ἀθανάο

398 3889 494 3927 του
529 3874 628 3943 τὴν
660 3873 832 3942 ἀρχὴν
879 3873 1169 3942 ἄνθρωπος
1202 3889 1216 3905 ο
1244 3876 1723 3948 ἀπαλλαττόμενος
1755 3879 1813 3932 δέ
1851 3898 1979 3933 ποτε

389 3966 484 4019 τοῦ
515 3965 713 4035 θνητοῦ
742 3966 821 4035 τῷ
847 3968 1101 4033 ἀθανάτῳ
1146 3966 1212 4037 ζῇ
1271 3969 1453 4037 μόνῳ·
1502 3971 1594 4023 καὶ
1640 3974 1691 4026 εί
1736 3989 1866 4026 ποτε
1923 3974 1982 4025 τὸ

395 4058 590 4129 θνητὸν
624 4059 939 4129 ἀναλήψειε,
973 4060 1241 4129 ἠλλοιώθη
1273 4062 1399 4131 ἤδη,
1438 4061 1576 4116 ὥστε
1606 4064 1706 4131 τὴν
1760 4066 1857 4118 σὺν
1884 4067 1980 4118 06-

391 4150 468 4219 τῷ
495 4150 640 4219 ζωὴν
673 4151 836 4220 μηδὲν
864 4153 1140 4222 διαφέρειν
1169 4154 1307 4221 πρός
1355 4170 1418 4221 γε
1464 4154 1565 4225 τὴν
1588 4157 1779 4225 νοεράν
1825 4161 1971 4213 ἐκεί-

392 4258 490 4309 νην
524 4241 873 4309 εὐδαιμονίαν
911 4243 1011 4312 τῆς
1048 4241 1126 4312 τῷ
1166 4242 1424 4314 ἀθανάτῳ
1456 4246 1600 4315 μόνῳ
1646 4247 1791 4316 ζωῆς
1842 4251 1981 4321 πλὴν

390 4333 472 4384 ὅτι
505 4330 718 4392 τελείας
746 4332 917 4401 αὐτῆς
951 4333 1318 4386 ἀπολαύσεται
1350 4350 1362 4364 ·
1391 4336 1506 4401 εἴγε
1542 4337 1665 4389 κατ’
1700 4339 1833 4392 0616
1878 4342 1979 4409 μὲν

2079 3241 2347 3295 παύσαιτο
2374 3242 2596 3296 τοιαῦτά
2624 3259 2681 3295 τε
2711 3242 2839 3295 ὄντα
2869 3244 2964 3295 καὶ
2979 3244 3302 3311 ἐνεργουντα
3329 3239 3444 3290 ὡδί.
3481 3235 3657 3289 Ἐκεί-

2080 3350 2186 3385 νων
2249 3332 2349 3404 μὲν
2405 3334 2511 3404 γὰρ
2539 3334 2795 3405 οὐδέτερα
2814 3352 2951 3405 ,νο-δν
3006 3333 3117 3402 ἔχει
3141 3333 3233 3384 καὶ
3264 3332 3363 3399 τὴν
3392 3326 3656 3382 συνοῦσαν

2078 3422 2347 3491 ἀνθρώπῳ
2378 3423 2768 3492 προαιρετικὴν
2790 3421 3017 3490 δύναμιν
3043 3439 3057 3450 ·
3099 3419 3233 3471 ἀλλὰ
3253 3417 3322 3470 τὰ
3365 3415 3462 3485 μὲν
3482 3415 3649 3466 κινεῖ-

2080 3531 2169 3566 ται
2193 3514 2278 3565 ἀεὶ
2310 3512 2445 3581 πρὸς
2473 3511 2533 3563 τὸ
2553 3512 2735 3573 αὐτοῖς
2761 3510 3038 3579 βέλτιστον
3084 3504 3343 3566 τοιούτοις
3388 3502 3540 3555 οῦσιν
3587 3500 3653 3551 ἐκ

2081 3606 2177 3674 τῆς
2209 3604 2357 3666 θείας
2389 3603 2609 3672 ἀμέσως
2646 3600 2977 3669 βουλήσεως,
3040 3599 3073 3669 ἢ
3120 3600 3184 3653 ἐκ
3215 3615 3376 3653 τινων
3421 3608 3657 3661 κεχωρι-

2087 3696 2301 3766 σμένων
2334 3694 2532 3748 οὐσιῶν
2564 3678 2846 3760 δυνάμεως
2869 3693 3075 3759 ἐπαφῇ,
3114 3691 3251 3759 μήτε
3293 3688 3469 3740 είδὶτα
3518 3682 3657 3752 μήτε

2084 3788 2513 3859 προαιρούμενα.
2544 3785 2689 3839 Είδέ
2717 3800 2846 3838 ποτε
2894 3780 3187 3851 μεταϐαλεῖ
3242 3779 3338 3831 καὶ
3397 3775 3538 3829 αύτά
3592 3771 3653 3831 0.6

2084 3882 2223 3935 κατά
2257 3882 2436 3949 φύσιν,
2465 3882 2584 3941 ταῖς
2611 3878 2667 3931 δέ
2695 3878 2942 3946 κινήσεσι
2977 3872 3072 3927 καὶ
3112 3873 3231 3934 ταῖς
3261 3869 3507 3938 δράσεσι,
3560 3865 3657 3916 καὶ

2083 3972 2242 4025 τοῦτο
2268 3971 2449 4023 εἵνεκα
2482 3970 2579 4035 τῆς
2602 3968 2710 4020 τῶν
2759 3964 3061 4035 ἀνθρώπων
3096 3960 3426 4033 βελτιώσεως
3474 3953 3659 4011 αὐτοῖς

2086 4079 2217 4115 ποτε
2282 4061 2456 4113 ἔσται.
2512 4061 2591 4113 T0
2643 4059 2699 4111 δὲ
2753 4059 2983 4110 κινεῖται
3043 4055 3146 4116 ἕως
3188 4045 3479 4123 ἀνῇμηεέ
3520 4041 3661 4097 0610

2083 4154 2218 4215 ὅλως
2258 4150 2636 4222 προῃρημένα.
2671 4148 2987 4217 Ἀνθρωπος
3017 4146 3074 4197 δὲ
3094 4142 3407 4214 προαιρέσει
3465 4152 3519 4187 τε
3571 4149 3667 4185 κε-

2085 4244 2355 4315 Μημένος
2396 4242 2488 4295 καὶ
2518 4241 2789 4310 ἀφορμαῖς
2815 4237 3021 4291 πλείοσι
3063 4235 3202 4287 κατά
3224 4234 3310 4286 τὸν
3338 4231 3450 4300 βίον
3486 4224 3671 4278 συνὼνι

2083 4335 2180 4388 τοῦ
2206 4352 2262 4385 τε
2299 4331 2690 4403 προαιρεῖσθαι
2721 4332 2808 4384 ἀελ⁸
2829 4331 2895 4385 τὰ
2916 4331 2992 4392 είς
3024 4326 3254 4394 τάγαθὸν
3281 4326 3535 4391 φέροντα,
3565 4334 3659 4368 του

394 4420 724 4486 συντίθεται,
760 4423 1133 4492 συμϐεϐηκότι
1163 4425 1220 4476 δὲ
1265 4425 1564 4493 διαλύεται,
1614 4427 1642 4481 6
1668 4429 1752 4482 δεῖ
1788 4432 1860 4501 μὴ
1890 4433 1978 4484 01-
2084 4441 2144 4476 τε
2189 4425 2431 4476 συνεῖναι
2467 4425 2578 4485 τοῖς
2611 4422 2914 4490 ἀφεστῶσιν
2935 4419 3098 4474 αξιτοῦ
3123 4417 3211 4470 διὰ
3231 4417 3290 4468 τί»
3332 4416 3406 4485 μὴ
3450 4411 3525 4480 νῷ
3561 4409 3661 4478 μδ·

368 4512 517 4566 ’διον
547 4510 709 4566 εἶναι.
744 4512 930 4567 Ταῦτα
962 4515 1068 4584 γάρ
1097 4513 1358 4583 ἀξιοῦμεν
1397 4520 1460 4571 ἐκ
1498 4520 1596 4589 τῆς
1656 4522 1766 4574 τῶν
1815 4523 1975 4589 ἱερῶν
2014 4501 2053 4552 ί)
2080 4532 2154 4584 νῳ
2185 4515 2278 4567 καὶ
2318 4513 2527 4583 διανοίᾳ
2581 4514 2701 4582 ζῇνο
2740 4510 2875 4563 ἀλλᾶ
2922 4511 3015 4563 καὶ
3074 4505 3395 4577 φανταδίαις
3443 4519 3507 4571 γε
3568 4501 3663 4554 καὶ

393 4603 733 4668 ἀξιοπιστίας
760 4605 978 4673 λογίων,
1010 4602 1089 4671 οἷς
1115 4610 1288 4660 καὶτὸ
1319 4607 1542 4676 εὔλογον
1565 4611 1746 4665 ἱκανὸν
1776 4612 1973 4669 ἔνεστι.

398 4695 499 4747 Διά
531 4695 689 4747 τοῦτο
717 4696 1043 4767 δημιουργεῖ
1075 4699 1172 4767 μὲν
1194 4700 1280 4766 ζτά
1332 4700 1651 4771 ἀνθρώπινα
1699 4703 1926 4772 σώματα
1949 4706 1978 4758 ό

393 4787 547 4850 Θεὸς,
642 4787 705 4856 δὴ
736 4789 830 4841 καὶ
858 4788 925 4841 τὰ
950 4788 1057 4841 τῶν
1084 4790 1288 4843 λοιπῶν
1317 4790 1474 4854 ζώων
1501 4793 1596 4845 καὶ
1645 4793 1743 4846 ὅσα
1783 4794 1840 4846 ἐν
1867 4798 1978 4857 τοῖς

392 4880 672 4948 γεννητοῖς
705 4878 771 4949 ζῇ
829 4879 893 4932 ἐκ
949 4881 1263 4950 σπέρματος
1315 4882 1410 4935 καὶ
1466 4880 1575 4935 τῶν
1627 4883 1979 4954 ὑψηλοτέρων

395 4971 719 5040 ποιητικῶν,
745 4972 943 5025 ταυτὸν
972 4974 1028 5027 δὲ
1051 4975 1254 5039 εἰπεῖν,
1292 4977 1357 5045 τῇ
1403 4975 1506 5043 ὀδῷ
1535 4975 1635 5045 τῆς
1689 4976 1902 5044 φύσεως

392 5061 461 5113 10
489 5061 587 5130 μὲν
613 5066 776 5129 ποιεῖ,
804 5063 873 5116 τά
901 5063 959 5116 δὲ
982 5064 1195 5130 γίνεται
1231 5080 1246 5096 ·
1306 5065 1634 5136 δημιουργεῖ
1678 5067 1735 5120 δὲ
1766 5068 1977 5136 ἑκάστῳ

396 5148 611 5219 σώματι
645 5151 887 5218 ἀμέσως,
917 5152 989 5214 ώς
1018 5152 1118 5213 τὰς
1149 5153 1563 5223 κεχωρισμένας
1602 5154 1785 5214 οὐσίας
1820 5156 1977 5208 ἐποί-

392 5255 493 5309 ησε
524 5239 808 5309 πρότερον.
836 5237 1011 5291 Τοῦτο
1072 5240 1181 5309 γάρ
1231 5241 1347 5292 ἐστι
1405 5244 1465 5295 τὸ
1516 5243 1775 5297 πλάττειν
1816 5244 1978 5296 αὑτὸν

396 5331 543 5383 κατά
575 5330 741 5399 μόνας
772 5331 870 5392 τὰς
900 5329 1006 5381 τῶν
1034 5330 1339 5397 ἀνθρώπων
1378 5331 1627 5401 καρδίας,
1661 5336 1753 5385 καὶ
1779 5333 1978 5408 τδὲως

393 5423 521 5490 ἄρτι
551 5421 883 5489 ἐργάζεσθαι
927 5423 1055 5490 περὶ¹
1076 5421 1381 5490 ἀνθρώπων
1423 5422 1771 5493 είδικώτερον
1828 5425 1977 5493 εἴρη-

392 5530 506 5580 ται,
533 5514 593 5566 06
629 5513 789 5583 μόνον
808 5515 1142 5582 δημιουργου
1152 5512 1328 5583 μένων
1352 5513 1566 5566 πάντων
1589 5514 1650 5564 ἐκ
1681 5514 1819 5575 νέου,
1844 5515 1982 5568 ἀλλά

398 5605 463 5657 ἐκ
493 5606 761 5675 πονηρίας
796 5604 1066 5676 ὁσημέραι
1090 5604 1172 5667 εἰς
1207 5602 1409 5673 ἀρετὴν
1466 5604 1978 5673 ἀναπλαττομένων,

396 5694 512 5746 ὅσοι
545 5694 764 5757 ἑαυτοὺς
794 5694 1040 5763 ἐτοίμους
1067 5691 1421 5763 παρέχουσιν.

482 5787 622 5839 Ἀλλ’
674 5785 886 5849 ὲκείνας
917 5785 1015 5855 μὲν
1067 5784 1200 5853 ὁμοῦ
1247 5784 1511 5853 ’παρῆγεν
1553 5782 1606 5839 ἐξ·
1666 5784 1874 5856 ἑκάστῳ
1924 5788 1978 5841 δὲ

2083 4607 2395 4676 αἰσθήσεσι,
2439 4606 2534 4660 καὶ
2561 4604 2774 4675 ὀρέξεσι
2799 4603 3094 4667 τοιαύταις,
3122 4600 3157 4653 ἂ
3180 4600 3244 4668 δὴ
3297 4600 3360 4651 ἐκ
3413 4593 3507 4649 τοῦ
3538 4610 3664 4646 συν-

2086 4699 2343 4768 ημμένου
2377 4698 2586 4765 ἀνίσχει
2631 4694 2902 4765 σώματος,
2934 4695 3026 4745 καὶ
3066 4690 3102 4745 ἀ
3157 4690 3292 4759 πρὸς
3359 4687 3419 4740 τὸ
3478 4685 3664 4745 αὐτοῖς

2081 4789 2308 4856 ἀγαθὸν,
2332 4787 2493 4841 τοῦτο
2526 4788 2583 4841 δέ
2618 4789 2736 4839 ἐστι
2768 4786 2827 4839 τδ
2880 4783 3105 4855 μερικὺν
3130 4786 3230 4850 τὴν
3263 4781 3356 4834 106
3385 4777 3661 4847 ἀνθρωπί-

2080 4902 2173 4936 νου
2201 4883 2361 4949 λόγου
2394 4880 2638 4951 βιάζεται
2666 4877 3086 4949 συγκατάθεσιν,
3118 4876 3184 4930 ἂν
3219 4874 3293 4945 μὴ
3340 4872 3544 4941 σφόδρα
3566 4870 3662 4941 ιρ-

2082 4975 2326 5045 ρωμένος
2353 4969 2416 5047 ᾗ,
2449 4974 2590 5027 ὥστε
2618 4972 2759 5027 αύτά
2786 4971 2998 5041 ἄγχειν,
3018 4962 3143 5021 ’ἀλλ’
3181 4965 3333 5030 ,ἓκων
3378 4963 3656 5030 ἐκλύηται.

2084 5080 2093 5087 ·
2154 5065 2412 5128 Τοιοῦτος
2430 5065 2611 5118 τοίνυν
2640 5062 2736 5127 ὢν,
2767 5062 2868 5114 οὐκ
2891 5060 2957 5113 ἄν
2992 5075 3122 5112 ποτε
3162 5056 3507 5125 ὑπερϐαίνων
3561 5052 3659 5114 τὰς

2082 5157 2400 5227 δυσχερείας
2434 5156 2635 5221 πάσας,
2668 5154 2763 5208 καὶ
2788 5153 2855 5206 τά
2889 5150 3067 5220 ἀγαθά
3094 5150 3182 5203 ἀεὶ
3206 5145 3657 5217 προαιρούμενος,

2082 5249 2177 5301 καὶ
2211 5247 2354 5301 κατά
2382 5264 2440 5299 τε
2470 5246 2626 5313 λόγον
2648 5245 2743 5298 καὶ
2765 5244 2927 5313 νόμον
2966 5241 3056 5296 τὸν
3091 5243 3155 5293 ἐκ
3190 5237 3326 5292 Θεοῦ
3383 5237 3511 5301 ζῶν,
3565 5238 3662 5289 καὶ

2083 5338 2194 5390 τῶν
2224 5337 2323 5405 μὲν
2366 5336 2609 5407 μερικῶν
2640 5335 2735 5389 καὶ
2763 5333 3111 5404 προσκαίρων
3138 5332 3353 5384 πάντων
3378 5329 3662 5399 ὑπερορῶν

2082 5427 2324 5493 ἀγαθῶν,
2352 5430 2400 5481 εἰ
2437 5429 2512 5498 μὴ
2541 5428 2663 5480 ὅσον
2690 5426 2904 5493 ἀνάγκη
2936 5423 3172 5494 χρῆσθαι
3198 5423 3271 5485 ὡς
3293 5422 3531 5491 ὀχήμασι
3566 5421 3662 5473 καὶ

2088 5515 2359 5584 ὀργάνοις,
2390 5515 2525 5584 πρὸς
2556 5513 2611 5566 δὲ
2647 5518 2707 5566 τὸ
2729 5512 2895 5575 ὅντως
2922 5513 3122 5581 ἀγαθον
3159 5511 3534 5578 ἐπειγόμενος,
3564 5511 3659 5563 καὶ

2084 5603 2226 5657 οὕτω
2280 5606 2678 5674 καθαιρόμενός
2729 5620 2788 5655 τε
2824 5602 2917 5656 καὶ
2956 5602 3052 5671 τῆς
3084 5599 3240 5671 δίκης
3269 5600 3662 5671 ἀπολυόμενος,

2085 5695 2354 5765 ὁσημέραι
2393 5695 2541 5759 ἄξιος
2573 5697 2777 5764 γίνοιτο
2813 5696 2889 5758 εἰς
2934 5694 2994 5747 τὺ
3022 5696 3221 5748 οἰκεῖον
3250 5695 3423 5763 πέρας
3461 5695 3663 5763 ἐλθεῖν,

2093 5787 2166 5858 μὴ
2200 5785 2458 5855 προνοίας
2491 5784 2787 5854 ξδιαιτάτης
2816 5787 2877 5838 ὲκ
2906 5784 3039 5838 Θεοῦ
3074 5785 3376 5856 τυγχάνων.
