4100 6418
303 412 440 476 1113

1345 414 1448 474 DE
1490 413 2240 478 PRAEDESTINATIONE
2307 419 2459 480 LIB.
2498 421 2551 481 ῐ.

3425 418 3556 475 1114

299 523 727 595 προαιρούμενα,
767 523 1020 580 τοσοῦτον
1044 527 1122 590 ὡς
1177 528 1234 580 ἐν
1263 531 1563 598 σημειώσει
1609 527 1870 598 εἰρήσθω.
1902 531 1950 588 Λ
1980 551 2202 602 γνωσιν,
2235 537 2302 606 ἢν
2350 537 2447 589 καὶ
2481 537 2654 591 ἀΐδιον
2708 536 2855 605 ζωὴν
2898 527 3041 589 εἷναί
3079 551 3281 604 φαμεν.
3335 534 3462 598 Τοῖς
3503 537 3558 589 δὲ

297 616 584 687 Προύργου
613 619 720 690 γὰρ
749 621 881 689 ἡμῖν
916 621 945 672 6
979 619 1107 690 περὶ
1163 620 1454 691 ἀνθρώπου
1507 621 1666 688 λόγος
1721 621 1880 673 ἐστί·

298 710 365 762 τὰ
393 709 438 762 δ’
471 710 606 764 ἀλλα
634 711 709 772 ὡς
733 715 791 764 ἐν
825 711 903 781 τῷ
933 711 1080 783 ἔργῳ
1105 715 1226 776 ταῖς
1259 713 1386 782 περὶ
1411 714 1574 770 αὐτὸν
1607 713 1886 782 προνοίαις

299 802 568 872 ὑπουργεῖ
604 803 699 855 τοῦ
727 801 884 869 Θεοῦ,
917 803 1062 857 οὕτω
1092 804 1187 857 καὶ
1226 804 1305 871 τῷ
1334 804 1476 874 λόγῳ
1535 803 1886 872 συνείληπται

299 893 634 960 ἀναγκαίως,
664 895 764 963 οὐχ
787 894 874 946 ἵνα
903 895 1063 963 μόνον
1104 894 1165 947 τὸ
1190 895 1324 947 πᾶσι
1355 897 1466 956 τοῖς
1504 889 1656 947 οῦσιν
1711 893 1888 962 ὑπάρ-

298 1001 395 1052 χον
427 985 517 1036 καὶ
544 985 622 1053 τῷ
659 985 928 1055 ἀνθρώπῳ
982 985 1444 1056 προσαρμοσθείη,
1504 986 1640 1038 ἀλλά
1678 985 1768 1038 καὶ
1804 985 1887 1037 ὅτι

300 1073 395 1126 τοῦ
424 1074 784 1145 ὑπερέχοντος
813 1075 914 1145 τῆς
971 1077 1104 1146 περὶ
1162 1077 1323 1130 αὐτὸν
1377 1077 1628 1147 οὐρανίου
1669 1093 1886 1147 προμη-

303 1161 450 1219 θείας
477 1165 878 1232 ἐπιδειχθέντος
931 1167 1088 1235 τύπῳ
1115 1167 1234 1235 μὲν,
1296 1168 1393 1220 καὶ
1433 1167 1501 1220 δι’
1563 1167 1880 1233 ἐλαττόνων,

303 1255 416 1306 ἀλλ’
449 1257 671 1323 ἱκανῶν,
693 1257 809 1319 ὁδὸς
834 1257 901 1312 ἂν
922 1258 1131 1324 γένοιτο
1180 1259 1316 1327 πρὸς
1360 1260 1458 1325 τὴν
1511 1257 1728 1328 εὕρεσιν
1785 1258 1886 1327 τῆς

305 1347 587 1417 ἀληθείας,
622 1350 753 1419 περὶ
776 1349 870 1403 τοῦ
908 1350 1144 1420 μάλιστα
1175 1349 1567 1420 προκειμένου.

379 1439 469 1504 Ἐξ
496 1440 676 1492 αὐτῶν
713 1440 769 1492 δὲ
800 1441 908 1494 τῶν
933 1442 1240 1510 εἰρημένων
1268 1441 1428 1510 δῆλόν
1470 1442 1608 1506 ἐστι,
1653 1443 1748 1494 καὶ
1803 1443 1884 1494 ὅτι

306 1528 538 1598 ὥρισται
564 1533 675 1592 τοῖς
708 1529 1019 1601 ἀνθρώποις
1041 1532 1105 1582 τὸ
1138 1532 1311 1593 τέλος,
1365 1533 1458 1586 καὶ
1496 1533 1565 1584 τά
1620 1531 1709 1584 ἐπ’
1754 1534 1886 1584 αὐτὸ

308 1622 561 1690 φέροντα,
597 1621 773 1685 ἄλλως
802 1623 913 1694 γὰρ
939 1623 1048 1676 οὐδ’
1101 1623 1168 1677 ἀν
1189 1626 1222 1692 ἡ
1249 1625 1473 1692 τοιαύτη
1531 1624 1659 1694 περὶ
1704 1625 1885 1677 αὐτῶν

292 1713 532 1791 ’πρόνοια
563 1707 648 1782 ἦν.
678 1713 814 1783 Περὶ
837 1715 936 1780 μιν
967 1714 1074 1782 γὰρ
1099 1714 1207 1768 τῶν
1241 1713 1664 1784 κεχωρισμένων
1688 1716 1885 1767 οὐσιῶν

306 1801 368 1853 οὐ
395 1802 536 1854 πάνυ
565 1804 630 1855 ἂν
664 1804 725 1856 τὸ
753 1805 964 1856 τοιοῦτο
990 1803 1210 1873 ζητοῖτο
1247 1821 1262 1837 ο
1294 1798 1456 1859 αὗται
1501 1805 1609 1873 γὰρ
1663 1805 1765 1858 οὐκ
1827 1806 1885 1856 ἐν

307 1895 373 1963 τῇ
400 1894 504 1960 ὁδῷ
538 1895 700 1956 εἰσιν,
731 1895 846 1947 ἀλλ’
877 1896 935 1946 ἐν
967 1895 1045 1963 τῷ
1071 1894 1235 1960 τέλει,
1263 1896 1359 1949 καὶ
1391 1893 1572 1947 εἴποτε
1606 1896 1704 1949 οὐκ
1745 1891 1886 1965 ἦσάν
1919 1875 1960 1929 Β

309 2003 385 2047 πη
436 1987 495 2036 ἐν
526 1987 602 2051 τῷ
636 1987 800 2048 τέλει,
822 1987 873 2039 τί
902 1986 968 2039 ἂν
993 1989 1122 2056 περὶ
1149 1987 1328 2041 αὐτῶν
1345 1987 1612 2058 ἐζητεῖτο,
1644 1987 1889 2056 ἀφείσθω

309 2075 406 2129 νῦν
435 2080 676 2130 σκοπεῖν.
715 2078 819 2129 Καὶ
858 2078 985 2146 περὶ
1014 2079 1122 2131 τῶν
1142 2079 1238 2132 τοῦ
1263 2081 1464 2142 παντὸς
1491 2078 1646 2131 τοῦδε
1682 2078 1886 2147 μερῶν,

309 2168 347 2222 ἃ
379 2167 643 2231 διηνεκῶς
676 2170 989 2235 είσιὲξότου
1032 2171 1308 2239 γεγόνασι,
1373 2171 1541 2239 σαφές
1587 2173 1754 2234 ἐστιν,
1809 2169 1891 2222 ὅτι

311 2260 542 2328 ὥρισται
577 2261 758 2324 αὐτοῖς
786 2262 847 2314 τὸ
867 2262 1038 2327 τέλος,
1062 2265 1154 2316 καὶ
1187 2265 1385 2318 ἄκοντα
1429 2262 1516 2315 ἐπ’
1562 2261 1694 2315 αὐτὸ
1728 2262 1887 2322 ἵεται,

313 2353 388 2414 ὡς
422 2353 485 2421 δὴ
517 2353 676 2421 φύσει
717 2356 984 2425 ἐρχόμενα
1016 2357 1102 2408 ἐπ’
1132 2356 1285 2422 αὐτὸ,
1323 2357 1432 2409 εἴτε
1469 2355 1528 2408 τὸ
1583 2355 1680 2422 τῆς
1737 2351 1892 2420 κινή-

316 2461 454 2508 σεως
505 2446 683 2496 αὐτῶν
726 2447 900 2507 τέλος,
952 2448 1064 2500 εἴτε
1106 2447 1166 2499 τὸ
1207 2448 1302 2513 τῆς
1355 2446 1632 2516 ἐνεργείας
1693 2448 1748 2498 ἐν
1781 2448 1893 2507 τοῖς

315 2540 644 2606 κατωτέροις
679 2541 786 2596 τοῖς
825 2541 882 2591 ἐν
912 2540 1126 2606 γενέσει
1187 2540 1282 2591 καὶ
1346 2539 1528 2608 φθορᾷ
1579 2538 1892 2606 πράγμασι,

317 2633 411 2690 καὶ
440 2634 692 2684 οὐδέποτε
725 2632 1087 2700 ἀποτυγχάνει
1116 2630 1210 2685 τοῦ
1238 2631 1424 2692 τέλους
1481 2629 1735 2690 καθόλου,
1783 2627 1895 2679 οὐδ’

316 2722 496 2776 αὐτῶν
524 2723 683 2790 εἰπερ
716 2723 790 2792 μὴ
815 2717 925 2776 οἷόν
954 2739 1015 2775 τε
1053 2722 1337 2775 ἀτευκτεῖν
1368 2719 1486 2773 τὸν-
1507 2720 1640 2772 Θεὸν
1665 2719 1756 2771 τὸν
1805 2736 1894 2770 κι-

315 2812 512 2865 νοῦντα
540 2813 678 2864 αὐτά
713 2813 807 2865 ἐπὶ
852 2812 914 2864 τὸ
959 2812 1110 2874 τέλος
1157 2814 1224 2881 τῇ
1275 2810 1668 2878 παντοδυνάμῳ
1731 2806 1896 2860 αὐτοῦ

320 2906 594 2975 βουῗοήσει,
622 2906 684 2957 δι’
713 2900 780 2974 ἦς
826 2905 920 2957 καὶ¹
954 2905 1025 2972 μὴ
1057 2904 1184 2956 ὄντα
1219 2902 1348 2955 ποτέ
1380 2902 1718 2969 ὑπέστησαν.

393 2999 502 3050 Καὶ
530 2997 596 3049 τὰ.
627 2999 686 3048 ἐν
725 2995 935 3064 γενέσει
966 2994 1030 3046 δὲ·
1054 2995 1148 3048 καὶ
1181 2994 1356 3063 φθορᾷ
1389 2991 1760 3060 ἀποτυγχάνει
1797 2988 1898 3058 μέν

318 3109 451 3145 ποτε
479 3092 593 3143 ἔνια
626 3089 718 3142 τοῦ
752 3087 1050 3158 προσεχοῦς
1080 3087 1288 3148 τέλους,
1317 3088 1374 3138 ἐν
1421 3081 1501 3148 οἷς
1557 3081 1901 3151 ἀμϐλὼματα

1990 627 2140 696 παρά
2172 627 2336 694 φύσιν
2375 627 2664 697 βεϐιωκόσι
2703 630 2855 698 κοινῇ
2908 629 3072 681 πᾶσιν
3102 624 3328 695 ὥρισται
3379 629 3411 693 ἢ
3461 627 3560 694 τῆς

1987 719 2204 772 αίωνίοῠ
2237 719 2383 785 ζωῆς
2409 719 2717 784 ἀπότευξις,
2749 713 2867 770 οῦσι
2897 719 2994 786 μὲν
3022 716 3115 770 καὶ
3145 717 3326 779 αὐτοῖς
3351 716 3555 780 ἀϊδίως,

1986 810 2102 862 ἀλλ’
2133 813 2190 862 ἐν
2219 809 2372 878 ζόφῳ
2406 809 2560 880 βαθεῖ
2582 811 2716 874 ζῶσι
2736 810 2832 864 καὶ
2864 808 3159 878 ἀθλιότητι,
3193 808 3260 878 ῆν
3285 807 3447 862 ὁποία
3475 807 3560 870 τίς

1985 901 2132 953 ἐστιν
2165 903 2232 954 τὰ
2265 903 2382 955 θεῖα
2407 904 2614 971 ἱστορεῖ
2635 903 2812 970 λόγια.

2058 995 2312 1064 Ὠρισται
2376 993 2434 1046 δὲ
2487 993 2662 1046 ταῦτα
2713 991 2992 1058 ἑκατέροις
3042 990 3102 1044 οὐ
3160 993 3227 1062 τῇ
3277 990 3413 1060 αὐτῇ
3464 987 3558 1043 τοῦ

1989 1087 2145 1141 Θείου
2174 1086 2446 1156 βουλήσει,
2472 1086 2611 1140 ἀλλά
2644 1084 3033 1155 προηγουμένη
3065 1083 3163 1149 μὲν
3191 1084 3303 1144 τοῖς
3336 1081 3562 1148 ἀγαθοῖς

1985 1181 2045 1234 τὸ
2067 1181 2286 1248 ἄριστον
2313 1177 2486 1240 τέλος,
2516 1177 2613 1228 καὶ
2639 1174 2782 1228 τοῦτ’
2831 1175 2945 1227 ἐστι
2995 1174 3056 1226 τὸ
3091 1174 3308 1244 θελήσει
3362 1171 3558 1229 θέλειν,

1986 1270 2214 1339 Εἴρηταί
2242 1286 2301 1321 τε
2330 1269 2387 1320 ἐν
2424 1270 2530 1331 τοῖς
2561 1268 2763 1333 λογίοις
2785 1268 2812 1317 6
2837 1266 2969 1328 θεὸς
3018 1265 3214 1329 λέγων,
3258 1264 3318 1315 οὐ
3349 1263 3561 1333 θελήσει

1987 1361 2162 1414 θέλειν
2194 1359 2286 1411 τὸν
2327 1357 2418 1410 τοῦ
2445 1357 2769 1427 ἀμαρτωλοῦ
2791 1357 3042 1415 θάνατον,
3073 1354 3264 1421 ὥσπερ
3299 1354 3440 1406 θέλει
3473 1352 3564 1405 θεο

1985 1453 2142 1522 λήσει
2171 1451 2234 1503 τὸ
2268 1449 2334 1502 δι’
2364 1449 2702 1516 ἐπιστροφῆς
2731 1448 2832 1517 ζῇν
2877 1447 3043 1498 αὐτὸν
3075 1447 3330 1505 αίωνίως.
3405 1445 3565 1498 Ἐπο-
3644 1463 3656 1474 π

1990 1546 2127 1616 μένῃ
2151 1545 2206 1596 δέ
2239 1542 2470 1612 ὥρισται
2499 1543 2612 1602 τοῖς
2629 1541 2888 1610 πονηροῖς
2919 1542 2953 1610 ἡ
2999 1539 3094 1591 τοῦ
3119 1539 3303 1597 τέλους
3335 1538 3565 1590 ἀπότευ-
3649 1580 3652 1584 .

1989 1635 2089 1701 ξις,
2118 1635 2369 1703 ἀθλιότης
2401 1629 2534 1686 οὖσα
2568 1649 2584 1663 ο
2621 1631 2766 1684 θέλει
2813 1632 2923 1700 γὰρ
2961 1632 3056 1684 καὶ
3089 1631 3189 1698 τὴν
3222 1631 3442 1683 κόλασιν
3468 1628 3565 1696 τῆς
3637 1637 3651 1697 έ

1989 1729 2274 1795 πονηρίας,
2304 1726 2378 1787 ὡς
2402 1725 2576 1784 οὕτως
2619 1724 2683 1775 ἂν
2719 1723 2815 1775 καὶ
2865 1722 2964 1788 τῆς
3016 1722 3167 1784 θείας
3217 1720 3567 1784 δικαιοσύνης

1989 1814 2583 1886 ἐκπληρωθησομένης.
2610 1814 2715 1866 Καὶ
2753 1813 2828 1874 ὥς
2866 1810 3267 1865 ἐπακολουθοῦν
3312 1810 3391 1878 τῷ
3441 1811 3566 1870 τοὺς

1989 1907 2316 1969 ὁδεύσαντας
2339 1905 2436 1970 τὴν
2479 1907 2571 1957 ἐπὶ
2605 1904 2666 1956 τὸ
2695 1903 2902 1971 ἀγαθὸν
2934 1901 3203 1970 φέρουσαν
3231 1896 3569 1966 ἀμεταστρέ-

1991 2017 2140 2061 πτως
2167 1997 2453 2064 ἐφικέσθαι
2488 1993 2653 2050 αὐτοῦ
2683 2011 2698 2025 '
2731 1995 2792 2047 τὸ
2823 1993 2917 2046 καὶ
2948 1995 3071 2054 τοὺς
3109 1993 3182 2058 μὴ
3234 1989 3452 2042 ὁδεῦσαι
3480 1988 3568 2040 θε-

1991 2091 2264 2158 λήσαντας
2305 2089 2378 2157 μὴ
2411 2086 2695 2154 ἐφικέσθαι
2726 2101 2740 2116 ·
2767 2085 2888 2138 ὅθεν
2917 2084 3005 2136 διὰ
3045 2083 3104 2134 τὸ
3149 2083 3274 2142 τοὺς
3316 2076 3565 2158 σωζομέο

1991 2154 2116 2243 νους
2146 2183 2209 2233 ἐκ
2241 2154 2660 2248 προηγουμένης
2700 2176 2801 2244 τῆς
2830 2175 3038 2242 ἀγαθῆς
3070 2171 3166 2225 τοῦ
3229 2168 3364 2222 Θεοῦ
3409 2154 3570 2236 θελή-

1995 2291 2130 2334 σεως
2155 2271 2385 2341 ὡρίσθαι
2417 2272 2496 2332 είς
2517 2269 2616 2339 τὴν
2649 2269 2817 2335 ζωὴν,
2845 2268 2932 2320 διὰ
2957 2265 3114 2320 τοῦτο
3138 2266 3265 2327 τοὺς
3315 2263 3414 2330 τῆς
3464 2277 3570 2312 σω-

1991 2366 2186 2435 τηρίας
2215 2365 2428 2431 ἐκείνης
2453 2361 2641 2426 ἀξίους
2684 2361 2970 2428 ίδιαίτερον
2995 2356 3332 2426 ὡρισμένους
3363 2370 3424 2404 τε
3472 2350 3568 2403 καὶ

1993 2455 2222 2526 ὡρίσθαι
2281 2452 2460 2521 φαμέν
2493 2468 2508 2483 ·
2559 2452 2685 2513 τοὺς
2742 2450 2798 2502 δὲ
2832 2448 3154 2509 κολαστέους
3189 2445 3286 2514 οὐχ
3336 2441 3566 2511 ὡρίσθαι

1996 2549 2200 2616 κυρίως
2232 2545 2311 2606 είς
2345 2541 2730 2605 τὰς-αἰωνίους
2753 2540 2930 2602 δίκας,
2965 2537 3103 2591 ἀλλὰ
3135 2536 3334 2604 μᾶλλον
3374 2532 3570 2594 ἀποδε-

1994 2639 2322 2706 δοκιμάσθαι
2353 2635 2459 2688 ἀπὸ
2484 2634 2587 2700 τῆς
2612 2633 2979 2701 προκειμένης
3009 2628 3320 2697 ἀνθρώποις
3359 2629 3421 2679 ἐκ
3477 2624 3570 2677 τοῦ

1998 2731 2202 2799 ἀγαθοῦ
2263 2731 2476 2799 Πατρὸς
2526 2727 2693 2795 ζωῆς.
2745 2726 2910 2778 Ἀλλὰ
2967 2724 3062 2776 νῦν
3100 2722 3191 2774 ἐπὶ
3246 2719 3464 2772 πάντων
3509 2718 3573 2770 τὸ

1999 2822 2232 2893 ὡρίσθαι
2261 2820 2530 2888 λεγέσθω.

2069 2915 2238 2983 Κοινῇ
2281 2913 2377 2981 μὲν
2405 2911 2468 2980 δὴ
2499 2910 2642 2964 οὐτω
2689 2901 2861 2964 πᾶσιν
2908 2904 3216 2974 ἀνθρώποις
3267 2901 3359 2955 δύο
3402 2903 3574 2952 ταῦτα

1999 3005 2226 3076 ὥρισται
2261 3004 2492 3071 πέρατα,
2521 3001 2616 3054 καὶ
2647 2999 2724 3064 ὡς
2756 2999 2819 3066 δὴ
2854 2995 3138 3068 πόρρωθεν
3174 2989 3432 3058 καὶπρὸς
3472 2987 3573 3055 τῆς

1999 3098 2094 3152 τοῦ
2123 3098 2330 3165 κόσμου
2365 3093 2651 3163 ὑπάρξεως
2686 3090 2989 3160 ὡρισμένα,
3017 3083 3410 3155 προωρισμένα
3437 3074 3575 3131 εἷναί

319 3186 415 3238 καὶ
450 3182 759 3251 πηρώματά
791 3198 922 3233 ποτε
943 3179 1173 3246 γίνεται,
1223 3178 1311 3230 διὰ
1349 3178 1407 3230 τὸ
1451 3175 1518 3229 τὰ
1558 3174 1670 3243 είδη
1719 3171 1898 3227 αὐτῶν
1926 3194 1969 3251 C
2003 3201 2183 3254 φαμεν
2203 3164 2314 3246 τοῖς
2340 3180 2670 3249 ἀνθρώποις,
2705 3179 2800 3232 καὶ
2855 3177 2977 3239 τούς
3010 3177 3090 3237 είς
3133 3171 3308 3225 ταῦτα
3351 3164 3580 3236 ἐρχομέ-

319 3276 692 3348 ἐμϐάπτεσθαι
723 3277 788 3343 τῇ
823 3272 950 3343 ὕλῃ,
979 3274 1070 3324 καὶ⁵
1129 3271 1196 3323 δι’
1251 3267 1483 3335 ἔλλειψιν
1531 3265 1705 3335 ἀρχῆς
1758 3280 1900 3325 τινος

320 3369 648 3440 προσεχοῦς,
669 3368 701 3437 ἢ
724 3368 820 3436 τῆς
845 3365 952 3420 τῶν
974 3364 1323 3434 ὑψηλοτέρων
1343 3360 1536 3414 αἰτιῶν
1559 3355 1899 3425 συμπλοκῆς,

321 3465 382 3520 αἲ
409 3465 501 3517 καὶ
529 3464 638 3516 τῶν
671 3459 1019 3530 ὑψηλοτέρων
1045 3455 1235 3511 αίτιῶν
1263 3452 1662 3520 ἀποτεύγματα
1697 3449 1762 3502 ἂν
1815 3448 1900 3514 εἴη

319 3558 522 3628 τρόπον
551 3556 690 3610 τινά.
733 3551 892 3606 Ἀλλὰ
928 3542 988 3604 τὸ
1014 3549 1113 3619 μὲν
1155 3547 1274 3601 τόδε
1322 3545 1460 3608 ζῶον
1504 3543 1598 3596 καὶ
1656 3541 1730 3611 μὴ
1785 3537 1901 3591 τόδε

323 3647 678 3719 ἀμϐλωθῆναι
706 3645 739 3714 ἢ
771 3641 1118 3711 πηρωθῆναι,
1157 3639 1190 3708 ἢ
1221 3635 1526 3706 τερατῶδές
1581 3650 1634 3685 τι
1694 3631 1904 3697 ἀποϐῆ-

324 3759 437 3803 ναι,
472 3739 643 3800 οὐδιὶς
674 3737 739 3790 ἀν
772 3735 857 3804 εἴη
883 3733 1061 3801 λόγος,
1095 3731 1218 3783 ὅτου
1255 3729 1414 3798 χάριν
1457 3726 1643 3794 μέλλοι
1674 3723 1739 3777 ἂν
1803 3721 1906 3774 ὐπὸ

323 3833 420 3888 τοῦ
457 3831 617 3884 Θείου
651 3826 953 3900 ὁρίζεσθαι.
987 3823 1062 3877 Τὸ
1089 3821 1270 3887 μέντοι
1313 3819 1372 3871 ἐν
1418 3819 1530 3878 τοῖς
1573 3816 1757 3884 ἔργοις
1810 3812 1906 3880 τῆς

327 3924 543 3994 φύσεως
593 3920 687 3973 καὶ
729 3917 906 3971 τοιάδε
956 3914 1077 3968 τινὰ
1137 3909 1387 3982 γίνεσθαί
1441 3924 1571 3961 ποτε
1619 3905 1905 3975 ἐγχωρεῖν,

325 4017 487 4071 τοῦτο
507 4014 570 4083 δὴ
599 4011 694 4066 καὶ
728 4010 850 4063 λίαν
907 4007 1141 4077 ὥρισται
1192 4004 1390 4071 δήπου,
1433 4000 1606 4060 ἄλλως
1662 3997 1772 4065 γὰρ
1809 3994 1908 4046 οὐκ

327 4111 396 4164 ἂν
419 4105 531 4162 οἶόν
557 4124 616 4160 τε
642 4102 712 4178 ἦν
737 4101 994 4158 οὐδέποτέ
1025 4117 1080 4156 τι
1111 4097 1291 4151 αὐτῶν
1319 4093 1463 4147 οὕτω
1489 4089 1756 4158 γίνεσθαι.
1802 4087 1910 4139 Καὶ

331 4204 477 4259 ἔοικέ
509 4219 585 4270 πη
615 4174 727 4263 τοῖς
759 4199 847 4250 διὰ
902 4194 1230 4266 προαίρεσιν
1263 4187 1643 4259 ἁμαρτάνουσι
1697 4183 1765 4234 τὰ
1820 4174 1936 4232 διά’

331 4298 430 4362 τὴν
452 4294 585 4363 ὓλην
613 4285 1090 4360 κακοπραγοῦντα,
1126 4284 1267 4355 πλὴν
1288 4283 1370 4336 ὅτι
1413 4277 1684 4339 ἀκουσίως
1730 4273 1913 4344 σφίσιν

331 4387 491 4443 τοῦτο
519 4382 804 4452 συμϐαίνει
841 4380 940 4434 καὶ
971 4376 1061 4430 ἐπ’
1097 4376 1410 4444 ἐλάχιστον.

2003 3294 2128 3338 νους
2164 3277 2240 3338 εἰς
2271 3275 2446 3328 ταῦτα
2479 3273 2572 3326 καί¹
2600 3268 2941 3342 προωρίσθαι
2982 3283 2994 3296 ·
3041 3263 3346 3335 ὡρισμένου
3393 3261 3449 3312 δὲ
3494 3258 3582 3311 δν-

2003 3381 2094 3424 τος
2125 3366 2236 3423 τοῖς
2266 3362 2576 3437 ἀνθρώποις
2605 3359 2700 3412 τοῦ
2722 3359 2930 3420 τέλους,
2963 3357 3043 3408 δεῖ
3068 3354 3163 3407 καὶ
3189 3355 3259 3405 τὰ
3286 3349 3422 3418 πρὸς
3448 3346 3583 3400 αὐτὸ

2004 3457 2236 3525 φέροντα
2270 3452 2500 3521 ὡρίσθαι
2527 3468 2652 3516 που,
2688 3451 2781 3502 καί
2809 3447 2884 3509 ὡς
2925 3446 3020 3514 μὲν
3051 3445 3204 3511 κοινῇ
3260 3442 3425 3494 πᾶσιν
3454 3436 3584 3504 ὥριο

2008 3562 2130 3598 σται
2153 3545 2266 3606 τοῖς
2288 3540 2600 3610 ἀνθρώποις
2623 3539 2692 3592 τὰ
2717 3535 2942 3590 τοιαῦτα
2971 3533 3148 3601 δῆλον.
3174 3531 3316 3583 Ὅσα
3339 3545 3397 3580 τε
3419 3527 3528 3594 γὰρ
3558 3526 3585 3576 6

2007 3635 2238 3705 φυσικὸς
2262 3632 2424 3702 νόμος
2456 3627 2786 3688 ἐκπαιδεύει,
2831 3627 2923 3678 καὶ
2955 3627 2982 3676 ὁ
3009 3625 3066 3675 ἐν
3096 3621 3408 3690 γράμματι,
3430 3614 3524 3668 καὶ
3544 3613 3584 3663 κέ

2005 3703 2105 3796 τῆς
2150 3727 2368 3797 χάριτος
2413 3726 2441 3776 6
2483 3719 2837 3787 εὐαγγελικὸς
2874 3719 2968 3768 καὶ
3018 3715 3066 3766 οί
3125 3712 3235 3764 τῶν
3270 3707 3444 3775 ἀγίων
3490 3703 3587 3757 τοῦ

2009 3794 2352 3885 Θεοῦ-νόμοι,
2388 3814 2483 3867 καὶ
2509 3811 2772 3880 σύμπασα
2807 3811 2834 3878 ἡ
2868 3801 2994 3876 περὶ
3017 3804 3086 3856 τὰ
3117 3803 3222 3872 ἤθη
3279 3794 3587 3865 φιλοσοφία,

2011 3911 2140 3977 περὶ
2169 3909 2375 3961 τούτων
2398 3905 2558 3968 εἰσὶν,
2595 3902 2630 3956 ἀ
2674 3901 2811 3970 πρὸς
2865 3896 2963 3967 τὴν
3012 3891 3359 3962 εὐδαιμονίαν
3412 3887 3588 3956 φέρει,

2012 4002 2106 4054 καὶ
2157 3994 2492 4057 τούναντίον,
2547 3992 2642 4045 καὶ
2677 3990 2744 4043 τὰ
2801 3986 2899 4057 μὲν
2932 3983 3146 4055 ἀρεταὶ,
3200 3980 3270 4033 τὰ
3311 3979 3367 4032 δὲ
3398 3978 3589 4030 κακίαι

2012 4088 2394 4158 ὀνομάζονται,
2420 4084 2613 4154 ἔχοντα
2647 4080 2801 4145 τάξιν
2821 4077 2943 4130 οἷαν
2967 4077 3060 4127 καὶ
3091 4075 3158 4127 τὰ
3186 4073 3347 4140 μόρια
3377 4067 3472 4120 τοῦ
3503 4069 3592 4120 ἀν-

2015 4184 2258 4254 θρώπου,
2293 4170 2368 4232 ὧν
2389 4179 2497 4228 είσι
2531 4172 2626 4228 καὶ
2653 4172 2709 4225 ἐν
2743 4165 2828 4232 οἷς
2855 4168 3115 4236 γίνονται.
3161 4160 3285 4216 Οἶον
3332 4161 3594 4231 φρόνησις

2018 4251 2140 4342 μὸν,
2172 4270 2334 4337 λόγου
2369 4265 2558 4336 ἀρετὴ,
2600 4262 2694 4317 καὶ
2753 4258 3068 4325 δικαιοσύνη
3124 4257 3310 4319 ἕτερον
3369 4251 3592 4318 τρόπον,

2017 4341 2340 4432 σωφροσύνη
2367 4358 2424 4411 δέ
2442 4354 2760 4426 ἐπιθυμίας,
2784 4351 2880 4404 καὶ
2905 4348 3078 4416 θυμοῦ
3101 4345 3286 4414 ἀνδρία
3309 4360 3324 4374 ·
3344 4344 3436 4395 καὶ
3461 4341 3594 4407 ἄλλη

404 4431 812 4546 ἔξδξιῖινᾏξέκ
838 4431 1054 4527 πάντων
1079 4467 1187 4519 τῶν
1199 4431 1384 4518 ’όντων
1411 4461 1504 4515 καὶ
1537 4455 1835 4528 γινομένων
1863 4453 1914 4507 οι
2022 4456 2119 4524 μὲν
2142 4431 2312 4521 ἀρετὴ
2347 4445 2610 4510 διανοίας,
2637 4443 2770 4513 άλλη
2791 4441 2849 4494 δὲ
2871 4439 3141 4509 γλώττης,
3174 4435 3308 4504 άλλη
3333 4434 3387 4487 δὲ
3412 4431 3595 4501 ἔργου.

336 4521 910 4640 ἄνθρωζτοῖ-ὁϋδοιπόροι
927 4521 1080 4614 εἰσὶν
1103 4561 1158 4612 ἐν
1182 4559 1250 4626 τῇ
1269 4556 1380 4625 ζωῇ
1404 4521 1598 4620 ταύτη,
1624 4521 1722 4618 τὴν
1749 4547 1918 4601 ἀΐδιον
1953 4538 1996 4594 D
2025 4521 2137 4597 Καὶ
2157 4541 2323 4612 γεννᾷ
2345 4539 2442 4608 μὲν
2466 4537 2560 4606 ἥδε
2576 4532 2813 4600 ἐκείνην,
2838 4530 3031 4598 φύεται
3055 4528 3109 4580 δέ
3130 4525 3262 4594 ἀλλη
3285 4525 3350 4576 ἐκ
3372 4521 3598 4588 ταύτης.

2019 4635 2062 4640 —-
2105 4632 2117 4640 -
2168 4633 2180 4640 -
2259 4630 2272 4640 -
2484 4627 2506 4640 -
2666 4625 2688 4638 -
2745 4623 2759 4640 ε
2790 4621 2833 4640 ω
2879 4618 3106 4640 -μι.--ι---
3161 4615 3262 4640 Α»
3290 4614 3484 4640 “Lm:
3509 4609 3598 4640 ,ηι

335 4659 681 4730 εὐδαιμονίαν
730 4655 952 4710 σκοπεῖν
981 4649 1331 4718 τεταγμένοι,
1358 4647 1452 4699 καὶ
1485 4643 1732 4702 θέλοντες
1753 4641 1804 4691 οῖ
1849 4654 1914 4702 γε

338 4727 617 4806 σπουδαῖοι
635 4749 762 4818 περὶ
789 4745 968 4805 αὐτῶν
985 4742 1049 4812 δὴ
1070 4743 1305 4813 μάλιστα
1336 4737 1404 4790 τά
1430 4733 1654 4787 τοιαῦτα
1672 4727 1914 4799 ἀκριϐῶς

339 4843 582 4903 σκοπεῖν,
612 4840 704 4892 καὶ
723 4833 899 4890 ταῦτα
927 4833 1193 4903 ἡμετέρου
1223 4826 1318 4880 τοῦ
1379 4824 1509 4894 περὶ
1557 4818 1722 4889 ἡμῶν
1789 4830 1914 4867 σκο-

338 4935 461 4987 πεῖν
491 4932 668 4992 ὄντος.
701 4930 841 4981 Πᾶσι
875 4927 972 4996 μὲν
1004 4919 1096 4978 οῦν
1121 4919 1428 4989 ἀνθρώποις
1475 4915 1627 4980 κοινῇ
1684 4909 1914 4976 ὥρισται

343 5022 505 5091 φύσει
533 5020 593 5072 τὸ
619 5021 718 5088 τῆς
745 4995 888 5082 ζωῆς
916 5013 1121 5078 ταύτης
1151 5011 1341 5079 πέρας,
1369 5007 1483 5068 τοῖς
1512 5002 1606 5072 μὲν
1635 4999 1776 5052 κατὰ
1819 4995 1920 5063 φύ-

345 5133 449 5179 σιν,
469 5114 620 5178 ζῶοτ,
637 5108 891 5176 ταυτὸνζδ⁴
916 5106 1089 5158 εἰπεῖν
1110 5103 1248 5156 κατά
1264 5101 1352 5153 τὸν
1369 5102 1425 5152 ἐν
1448 5097 1626 5156 αὐτοῖς
1649 5093 1804 5160 λόγον
1828 5091 1919 5142 καὶ

346 5205 530 5274 νόμον,
560 5203 621 5255 τὸ
652 5201 796 5254 κατά
829 5195 990 5267 φύσιν
1020 5194 1170 5254 τέλος
1207 5210 1220 5222 ·
1253 5189 1313 5242 οὐ
1367 5187 1473 5255 γὰρ
1505 5187 1684 5254 χεῖρον
1721 5182 1790 5233 τὰ
1819 5179 1918 5231 σύ-

346 5298 414 5349 τι
469 5290 859 5351 ἐπαναλαϐεῖν,
887 5286 948 5338 τὸ
996 5283 1054 5336 δέ
1087 5284 1234 5335 ἐστιν
1286 5281 1319 5349 ἠ
1377 5276 1475 5358 τοῦ
1506 5273 1642 5329 Θεοῦ
1677 5273 1774 5326 καὶ
1812 5271 1920 5324 τῶν

348 5390 508 5442 θείων
539 5386 743 5457 ἀμεσος
777 5380 1002 5449 γνῶσις,
1029 5376 1124 5429 καὶ
1168 5375 1201 5442 ἡ
1254 5374 1312 5424 ἐν
1343 5371 1480 5438 αὐτῇ
1535 5366 1698 5435 νοερά
1733 5363 1918 5432 ἡδονή.

349 5452 634 5548 Νοῦςγάρ
696 5474 772 5527 ὥν
813 5470 1095 5539 ἄνθρωπος
1150 5462 1372 5516 ἐπειδὰν
1424 5456 1517 5510 τοῦ
1567 5452 1920 5522 συνημμένου

347 5569 500 5622 τοῦδε
536 5544 865 5632 ἀπαλλαγῇ,
896 5560 1006 5612 τῶν
1042 5544 1273 5609 καθόλου
1325 5568 1384 5604 τε
1431 5545 1795 5616 θεωρητικὸς,
1829 5544 1922 5596 καὶ

252 5669 261 5676 ’
348 5661 447 5728 τῆς
479 5657 736 5724 ἀληθείας
767 5648 1150 5722 γνωριστικὸς,
1183 5643 1422 5714 ἀνεῳγὸς
1472 5640 1609 5709 έχων
1657 5637 1720 5690 τὸ
1767 5637 1924 5705 δμμα

355 5753 449 5802 καὶ
470 5747 705 5817 καθαρὸν
743 5748 809 5816 τῇ
843 5741 1092 5798 ἐντεῦθεν
1125 5737 1353 5805 σπουδῇ,
1386 5733 1528 5787 τοῦτ’
1560 5731 1626 5784 ἂν
1674 5728 1926 5795 εὐδαιμο-

279 5884 286 5891 .
355 5842 473 5906 νίαν
508 5841 619 5908 ἔχοι
658 5841 749 5894 καὶ
780 5837 929 5899 τέλος
960 5834 1054 5903 τὴν
1090 5831 1187 5901 τῆς
1236 5827 1462 5882 καθόλου
1501 5820 1756 5892 ἀληθείας
1799 5821 1922 5873 ἐπί-

2019 4632 2128 4687 Καὶ
2219 4609 2316 4698 μὲν
2344 4625 2709 4696 προώοποιεῖ,
2737 4621 2841 4689 ἡδὲ
2858 4618 3135 4686 καθαίρει,
3161 4617 3194 4685 ἡ
3211 4615 3266 4667 δὲ
3289 4614 3484 4666 τελειοῖ
3509 4609 3604 4662 καὶ

2023 4722 2242 4787 ἀνάγει,
2270 4717 2338 4772 δι’
2372 4711 2447 4770 ὡν
2472 4713 2726 4768 ἐδεύοντα
2758 4710 3038 4771 εὐτάκτως
3071 4707 3162 4759 τὸν
3195 4704 3480 4775 ἄνθρωπον
3501 4701 3604 4754 οὐκ

2019 4810 2138 4863 ἐστι
2177 4807 2253 4879 μὴ
2283 4809 2360 4868 εἰς
2393 4804 2457 4856 τὸ
2484 4802 2584 4868 τῆς
2627 4799 2978 4868 εὐδαιμονίας
3026 4796 3198 4866 πέρας
3228 4794 3426 4847 ἐλθεῖν.
3479 4791 3607 4852 Τοῖς

2019 4902 2076 4954 δέ
2107 4899 2373 4958 ἐναντίοις
2403 4895 2611 4949 τούτων
2647 4894 2680 4962 ὴ
2735 4890 2836 4958 τῆς
2878 4889 3146 4956 πονηρίας
3200 4883 3314 4946 ὁδὸς
3359 4883 3451 4934 ἐπὶ
3506 4880 3608 4949 τὴν

2022 4993 2316 5061 ἀθλιότητα
2343 4989 2466 5056 ἀγει
2489 4987 2581 5038 τὸν
2625 4987 2713 5036 διὰ
2753 4984 2959 5034 τούτων
3012 4977 3148 5030 ἱέναι
3192 4971 3602 5043 προῃρημένον.

2024 5085 2132 5138 Καὶ
2162 5057 2353 5150 ὥσπερ
2389 5075 2649 5130 ἀδύνατον
2679 5071 2769 5124 τὸν
2804 5072 2950 5122 σῖτον
2975 5065 3050 5135 μὴ
3081 5061 3186 5134 ὁδῷ
3216 5079 3322 5115 τινι
3346 5057 3608 5126 γενέσθαι

2022 5177 2126 5229 ὐπὸ
2161 5184 2259 5240 της
2287 5171 2523 5240 φύσεως,
2546 5166 2642 5218 καὶ
2667 5161 2884 5231 δένδρου
2910 5155 3066 5211 τοῦδε
3085 5153 3296 5224 καρπὸν
3333 5151 3366 5219 ἥ
3391 5150 3611 5212 πάντων

2023 5268 2135 5321 τῶν
2166 5265 2302 5336 πρὸς
2323 5261 2495 5314 ταῦτα
2519 5256 2865 5326 ζητουμένων
2895 5250 2994 5303 σὺν
3016 5246 3167 5314 τάξει
3195 5243 3611 5299 ἀποϐαινόντων

2026 5358 2102 5428 μὴ
2125 5333 2221 5410 καί
2234 5352 2409 5409 ταῦτα
2431 5351 2594 5412 εὐθὺς
2614 5341 3020 5405 ἐπακολουθεῖν,
3042 5340 3129 5393 διὰ
3151 5337 3462 5406 τὸζέκάτερα
3476 5333 3609 5403 πρὸς

2025 5426 2259 5517 ἐκάτερα
2287 5445 2543 5513 ὡρίσθαι,
2575 5439 2639 5494 δι’
2669 5440 2696 5492 ὅ
2721 5453 2856 5508 φησι
2882 5435 2973 5487 καὶ
3005 5434 3104 5486 Ἐκ
3135 5430 3242 5484 τῶν
3265 5429 3492 5498 καρπῶν
3512 5426 3610 5477 α’)-

2025 5548 2134 5596 τῶν
2169 5539 2541 5609 ἐπιγνώσεσθε
2595 5533 2830 5594 αὐτούς⁶
2883 5527 3060 5592 οὕτως
3113 5526 3325 5593 ἀνάγκη
3377 5521 3477 5573 κάν
3530 5515 3611 5585 τῷ

2026 5632 2354 5703 ἀνθρωπίνῳ
2387 5627 2532 5681 κατά
2562 5621 2882 5693 προαίρεσιν
2909 5619 3008 5688 βίῳ
3038 5615 3237 5687 ἀρετὴν
3269 5612 3438 5681 ἀρετῇ
3470 5609 3618 5662 ἐπατ

2030 5727 2324 5789 κολουθεῖν,
2359 5722 2452 5774 καὶ
2485 5719 2654 5788 κακία
2677 5714 2832 5775 αὖθις
2864 5711 3086 5774 κακίαν,
3140 5709 3244 5770 ’έως
3279 5705 3345 5759 ἂν
3377 5704 3465 5757 διὰ
3493 5719 3611 5755 τοις

2029 5824 2196 5886 αὐτης
2232 5812 2532 5884 ἐπιπλοκῆς
2567 5810 2797 5871 ἕκαστος
2829 5805 3124 5875 προσήκων
3165 5801 3410 5865 γένηται,
3445 5796 3476 5859 ἦ
3527 5792 3607 5856 τῷ
