4100 6466
417 424 555 483 1119
1476 403 1853 466 GENNADII
1885 401 1995 465 ΟΡ.
2031 399 2547 462 PATRIARCILE
3563 392 3718 458 1120

416 534 468 586 δε
502 531 564 584 τὸ
607 527 746 598 μετὰ
776 526 886 580 τῶν
909 523 1121 586 τούτοις
1152 521 1410 576 ἐναντίων
1441 519 1733 573 ἐπιϐιῶναι
1789 517 2007 589 μικρόν.
2041 519 2087 574 Α
2117 519 2336 572 πάντων
2390 515 2542 585 α-ῖτίᾳ
2573 530 2586 544 ·
2641 513 2710 568 δι’
2738 508 2770 567 6
2823 514 2916 567 καὶ
2967 514 3065 584 τὴν
3097 515 3391 584 σύμπασαν
3443 513 3724 580 ἐκατέρου

418 622 552 675 Τότε
583 621 650 690 δὴ
671 619 795 672 τότε
825 619 924 670 οὐκ
951 612 1232 685 ἠνάγκαζε
1259 613 1352 668 τὸν
1388 612 1649 679 Ἰωάννην
1674 613 1702 664 6
1732 609 1866 671 Θεὸς
1888 609 2008 663 τόδε
2114 609 2342 679 ἀγωγὴν
2394 610 2494 662 οὐκ
2543 606 2810 674 ἐγίνωσκε
2841 606 3024 677 μόνον,
3065 605 3204 662 ἀλλὰ
3251 606 3344 659 καὶ
3389 602 3725 658 συνδιετίθει

419 715 452 780 ἢ
485 713 662 765 ἐκεῖνο
687 708 997 781 αἱρεῖσθαιο
1037 708 1304 777 συνήργει
1335 705 1497 774 μόνον
1533 703 1673 773 πρὸς
1691 701 1752 755 τὸ
1781 701 2010 769 θελῆσαι
2115 701 2353 768 οἰκείως,
2388 699 2657 770 πρότερον
2695 699 2795 770 μὲν
2838 699 2893 751 ἐν
2919 698 2997 768 τῷ
3024 696 3156 770 θείῳ
3185 697 3524 767 προορισμῷ,
3557 695 3731 748 ὓστε-

423 803 488 855 ἆν
516 802 714 870 μᾶλλον
734 800 794 854 τὸ
817 799 1024 868 ἀγαθὸν
1069 801 1136 867 τῇ
1193 797 1481 868 ἐνοικούση
1517 793 1665 864 αὐτῷ
1701 795 1911 866 χάριτι,
1944 792 2013 863 ῆν

425 894 520 946 καὶ
554 891 927 960 ἐνοικισθῆναι
983 888 1156 956 αὐτῷ,
1195 888 1291 942 καὶ
1328 888 1490 949 αὐτὸς
1516 886 1690 949 αῐτιος
1744 881 1814 955 ἦν
1865 886 2016 950 ἀξιον

426 983 592 1036 αὑτὸν
644 982 1090 1052 παρασχόμενος.
1145 980 1382 1048 Ὁμοίως
1443 979 1564 1033 οὐδέ
1616 978 1710 1032 τὸν
1767 976 2018 1049 Ἡρώδην

428 1073 710 1144 ἠνάγκαζε
738 1073 858 1126 τόδε
907 1071 940 1140 ἢ
974 1072 1096 1125 τόδε
1125 1071 1404 1143 αἱρεῖσθαι
1456 1071 1588 1140 περὶ⁵
1628 1069 1875 1126 Ἰωάννου
1925 1071 2022 1124 καὶ

431 1163 654 1227 ἑαυτοῦ,
707 1161 996 1225 ἐνστάντος
1030 1162 1132 1232 ήδη
1165 1164 1263 1215 καὶ
1293 1163 1442 1232 αὐτῷ
1473 1162 1570 1216 τοῦ
1606 1161 1774 1217 αὐτοῦ
1824 1160 2021 1232 καιροῦ

432 1253 568 1322 περὶ
597 1251 692 1304 τοῦ
727 1251 1143 1321 βουλεύσασθαι,
1177 1251 1414 1321 ὁπότερα
1441 1252 1592 1322 αὐτῷ
1625 1252 1712 1321 εἴη
1776 1252 2021 1324 αἱρετέα.

436 1343 577 1397 Οῦτε
602 1344 784 1395 τοίνυν
803 1340 898 1396 τοῦ
924 1341 1525 1410 Θείουεάναγκάζοντος
1558 1341 1683 1396 οὔτε
1716 1344 1899 1396 αὐτῶν
1921 1343 2026 1396 ὑπὸ

438 1434 578 1488 Θεοῦ
633 1431 1100 1501 ἀναγκαζομένων
1170 1432 1292 1486 τόδε
1343 1431 1668 1502 ὡρισμένως
1731 1433 2025 1503 αἱρεῖσθαι,

439 1527 560 1582 ἀλλ’
595 1529 653 1580 ἐν
679 1528 746 1596 τῇ
774 1525 956 1578 αὐτῶν
977 1526 1298 1596 προαιρέσει
1329 1525 1593 1591 ἐκατέρου
1624 1527 1883 1594 κειμένου
1923 1544 2028 1578 που

441 1619 495 1672 τί
523 1619 590 1673 ἂν
615 1617 864 1686 φαίνοιτο
900 1616 1085 1679 αὐτοῖς
1117 1617 1479 1687 αίρετώτερον
1500 1633 1515 1648 ο
1543 1619 1639 1671 καὶ
1670 1617 2029 1689 ἐνδεχομένου

446 1708 710 1779 ἐκατέρου
731 1705 930 1775 ὁμοίως
948 1705 1232 1776 αἱρεθῆναι
1262 1707 1471 1772 αὐτοῖς,
1500 1707 1632 1760 ὅσον
1659 1707 1753 1760 ἐπὶ
1779 1709 1845 1778 τῇ
1876 1707 2032 1760 ἐλευ-

2120 812 2214 864 ρον
2247 794 2304 846 δέ
2336 793 2431 847 καὶ
2462 795 2519 845 ἐν
2551 791 2702 862 αὐτῷ
2732 791 2815 859 τῷ
2841 789 3010 861 ἔργῳ.
3062 789 3393 843 Συνδιετίθει
3423 789 3478 841 δέ
3505 786 3588 856 τῷ
3620 785 3729 855 μὲν

2121 887 2443 954 προστιθεὶς
2470 885 2654 956 χάριν,
2682 882 2776 938 τοῦ
2803 884 2860 937 δέ
2889 884 3113 956 χάριτος
3155 880 3570 951 ἀφαιρουμένης
3637 879 3733 931 διὰ

2121 981 2181 1034 τὸ
2211 981 2285 1050 μὴ
2321 978 2579 1034 δύνασθαι
2633 978 2713 1046 τῷ
2743 976 2925 1030 σκότει
2980 976 3082 1044 τῆς
3110 973 3360 1028 ἑκουσίου
3411 972 3612 1032 κακίας
3667 969 3733 1022 τὸ

2122 1070 2240 1140 φῶς
2284 1071 2384 1140 τῆς
2436 1072 2661 1142 χάριτος
2709 1067 3015 1131 συνοικεῖν,
3070 1066 3208 1136 μήτε
3261 1061 3733 1132 καταλάμπεσθαι

2123 1163 2233 1217 δεῖν
2260 1163 2517 1226 ἄκοντας,
2547 1163 2677 1224 τοὺς
2701 1157 3013 1229 ἐζοφῶσθαι
3043 1155 3242 1227 μᾶλλον
3275 1153 3728 1226 προῃρημένους.

2199 1255 2311 1310 Καὶ
2371 1256 2472 1309 οὐκ
2530 1252 2704 1308 ἐποίει
2763 1253 2860 1322 μὲν
2915 1251 3148 1323 ήχάρις
3204 1249 3298 1302 τὸν
3331 1246 3588 1314 Ἰωάννην
3651 1244 3734 1313 μὴ

2128 1327 2383 1419 ἡγεῖσθαι
2461 1345 2694 1416 φοϐερὸν
2735 1339 2877 1397 εἶναι
2927 1344 2989 1396 τὸ
3046 1340 3280 1412 φοϐερὸν
3325 1340 3359 1409 ἢ
3421 1336 3735 1405 ἐφήδεσθαι

2131 1440 2317 1503 ἁπλῶς
2354 1437 2432 1508 τῷ
2483 1437 2720 1506 θανάτῳ.
2775 1433 2979 1489 Ἐποίει
3023 1433 3081 1486 δέ
3135 1432 3369 1487 δεδιέναι
3424 1429 3587 1482 πλέον
3638 1428 3737 1479 τὸν

2133 1531 2508 1604 φοϐερώτερον
2562 1527 2659 1582 τοῦ
2749 1527 2911 1596 σῶμα
2972 1525 3128 1594 μόνον
3182 1523 3408 1595 ’ἔχοντος
3464 1520 3739 1585 κτείνειν,

2132 1625 2311 1696 ψυχῆς
2341 1625 2398 1678 δέ
2433 1623 2508 1694 μὴ
2538 1612 3002 1694 ἐφαπτομένου,ᾗ
3040 1617 3402 1687 συμϐουλεύει
3424 1616 3484 1668 τὸ
3517 1614 3741 1680 λόγιον,

2137 1718 2233 1773 καὶ
2262 1715 2352 1769 διὰ
2384 1715 2544 1769 τοῦτο
2581 1712 2844 1784 ἀνδρείως
2885 1709 3164 1780 αἱρεῖσθαι
3213 1706 3308 1775 τὴν
3363 1704 3653 1770 τελευτὴν,
3699 1702 3733 1770 ἦ

449 1797 610 1868 θερίᾳ
649 1797 749 1866 τῆς
786 1793 1010 1864 γνώμης
1061 1795 1156 1847 καὶ
1186 1797 1253 1866 τῇ
1291 1795 1452 1864 φύσει
1483 1796 1650 1850 αὐτοῦ
1705 1796 1801 1850 τοῦ
1850 1796 2035 1867 πράγ-
2070 1860 2110 1878 ,,
2140 1810 2236 1864 καὶ
2263 1808 2600 1878 σφοδροτέρᾳ
2619 1805 2714 1859 τοῦ
2741 1803 2900 1858 Θείου
2927 1803 3118 1874 ἀγάπῃ
3167 1800 3374 1853 τιθέναι
3425 1797 3522 1865 τὴν
3553 1794 3742 1864 ψυχὴν

454 1906 644 1960 ματος.

525 1981 648 2034 Ὀτι
685 1982 742 2035 ἐν
767 1983 883 2045 τοῖς
936 1979 1257 2052 προαιρέσει
1288 1979 1598 2049 γινομένοις
1654 1979 1774 2033 ἐστὶ
1817 1979 1877 2034 τὸ
1909 1978 2052 2034 ἐνδε-

453 2074 706 2143 χόμενον,
749 2076 776 2126 6
812 2073 913 2144 μὲν
936 2073 1195 2144 Ἰωάννης
1245 2075 1483 2145 αἱρεῖται
1525 2073 1587 2127 τὸ
1621 2073 1851 2143 βέλτιον,
1912 2074 1940 2126 6
1994 2073 2052 2128 δὲ

465 2165 715 2235 Ἡρώδης
741 2166 802 2218 τὸ
833 2167 1043 2235 χεῖρον.
1077 2166 1189 2218 K01
1218 2167 1246 2217 6
1282 2167 1380 2233 μὲν
1431 2165 1694 2233 Ἰωάννης
1741 2164 2050 2233 προείλετο,

457 2258 553 2312 καὶ
577 2255 856 2327 πανταχοῦ
891 2254 1376 2326 παραϐαλλόμενον
1405 2256 1612 2326 βέλτιον
1664 2251 1734 2327 ἦν
1767 2256 2054 2327 αἱρεθῆναι

459 2343 636 2410 οὕτως
659 2359 677 2376 ⁸
707 2345 769 2399 τὸ
795 2345 853 2400 δὲ
871 2344 950 2416 τῷ
993 2344 1212 2416 Ἡρώδῃ
1239 2345 1458 2415 αἱρεθὲν
1481 2348 1576 2399 καὶ
1615 2345 1766 2415 αὖτῷ
1797 2346 1893 2400 καὶ
1917 2348 2054 2400 πᾶσι

461 2437 645 2507 χεῖρον
668 2437 952 2507 ἐτύγχανε.
983 2437 1094 2492 Καὶ
1121 2435 1268 2490 οὕτω
1320 2438 1422 2508 μέν
1453 2438 1882 2501 συνεπέπλεκτο,
1913 2437 2056 2493 ὥστε

461 2529 510 2580 εί
541 2526 618 2597 μὴ
659 2526 904 2598 Ἦρώδης
933 2526 1058 2598 ᾕρει
1085 2527 1212 2581 τότε
1247 2530 1341 2582 καὶ
1392 2529 1568 2584 ἐποίει
1599 2531 1668 2583 τά
1715 2529 1908 2600 χείρω,
1952 2531 2054 2584 οὐκ

463 2624 632 2678 αὑτὸν
664 2623 924 2694 Ἰωάννην
951 2624 1186 2680 ἐνταῦθα
1211 2629 1403 2694 τυχεῖν
1447 2626 1542 2679 τοῦ
1571 2626 1842 2695 βελτίονος
1877 2644 1890 2660 ο
1959 2634 2055 2686 καὶ

467 2717 518 2768 τί
674 2714 930 2787 Ἰωάννης
959 2716 1139 2770 ἐποίει
1172 2716 1234 2770 τὸ
1267 2717 1501 2786 βέλτιον,
1525 2718 1642 2772 οὐκ
1670 2719 1736 2773 ἀν
1787 2736 1845 2772 τε
1884 2718 2060 2789 Ἡρώ-

469 2807 567 2877 δην
619 2808 976 2879 ἐκπληρῶσαι
1018 2811 1080 2863 τὸ
1125 2812 1328 2881 χεῖρον.
1377 2810 1519 2866 Οῦτε
1581 2813 1769 2882 μέντοι
1822 2811 1914 2866 διὰ
1968 2811 2061 2866 τὸν

479 2896 730 2969 Ἡρώδην
761 2898 968 2968 ἀγαθὸς
996 2895 1065 2973 ἦν
1099 2901 1374 2972 Ἰωάννης,
1423 2903 1472 2954 εί
1512 2901 1588 2972 μὴ
1627 2901 1716 2955 διά
1759 2903 1861 2974 τὴν
1893 2900 2062 2956 αὑτοῦ

473 2990 795 3060 προαίρεσιν
818 3007 836 3024 ο
873 2991 996 3045 οὔτε
1048 2991 1298 3065 Ἡρώδης
1329 2995 1416 3048 διὰ
1442 2994 1535 3048 τὸν
1578 2995 1836 3066 Ἰωάννην
1859 2993 2063 3063 φαῦλός

475 3077 564 3152 ἦν,
594 3082 643 3134 εἰ
681 3083 756 3153 μὴ
783 3083 850 3136 δι’
876 3085 1094 3138 ἑαυτόν.
1148 3083 1257 3140 Ἦν
1302 3087 1450 3156 μέντ’
1487 3087 1554 3141 ἂν
1591 3089 1686 3142 καὶ
1733 3088 1802 3141 δι’
1856 3088 2064 3140 ἐκεῖνον

2153 1902 2294 1972 ὑπὲρ
2326 1901 2438 1954 τῶν
2483 1901 2579 1952 τοῦ
2629 1897 2910 1967 ἐρωμένου
2971 1893 3277 1972 δογμάτων.
3348 1888 3507 1942 Ἀλλὰ
3557 1887 3744 1937 καίτοι

2154 1993 2520 2065 βοηθούμενος
2549 1993 2612 2044 ἐκ
2640 1989 2740 2059 τῆς
2790 1987 3030 2058 χάριτος,
3063 1983 3205 2037 ὥστε
3241 1985 3421 2052 κρῖναι
3474 1978 3537 2030 τὸ
3591 1977 3744 2046 αἱρε-

2153 2081 2275 2134 τέον
2297 2079 2494 2150 ὀρθῶς,
2521 2078 2618 2148 ὅλῃ
2650 2077 2833 2146 μέντοι
2865 2077 2930 2144 τῇ
2980 2073 3301 2142 προαιρέσει
3345 2067 3626 2134 ἐλάμϐανέ
3681 2080 3745 2132 γε

2155 2171 2216 2225 τὸ
2252 2168 2484 2239 βέλτιον,
2519 2167 2615 2220 καὶ
2660 2166 2758 2235 τῆς
2799 2163 2966 2219 αὑτοῦ
3001 2161 3224 2232 γνώμης
3270 2159 3411 2213 ἆπαν
3439 2153 3506 2228 ἦν
3539 2155 3603 2208 τὸ
3643 2169 3748 2207 κα-

2156 2261 2267 2315 λόν.
2309 2259 2476 2314 Οῦδέν
2501 2252 2545 2313 δ’
2567 2252 2732 2328 ἦττον
2759 2257 2854 2310 καὶ
2891 2255 2992 2322 τῆς
3018 2253 3238 2322 χάριτος
3266 2251 3324 2304 τὸ
3357 2251 3465 2303 πᾶν
3493 2243 3587 2318 ἦν,
3621 2247 3749 2300 ὅσον

2158 2353 2399 2424 ἐπάὺτῇ
2427 2353 2575 2423 ἥκει,
2595 2345 2664 2423 ἧς
2697 2351 2866 2419 χωρὶς
2891 2347 2952 2400 οὐ
2977 2345 3250 2414 δυνάμεθα
3279 2341 3476 2396 ὁτιοῦν.
3495 2340 3575 2392 Δι’
3597 2339 3627 2392 6
3654 2335 3749 2390 καὶ

2159 2443 2524 2516 προηγεῖσθαι
2567 2443 2666 2513 μὲν
2696 2440 2834 2511 αὐτὴ
2877 2439 3096 2506 λέγεται
3126 2435 3216 2490 διὰ
3237 2436 3336 2502 τὴν
3366 2433 3458 2484 τοῦ
3492 2431 3745 2499 κτίσμα-

2159 2556 2248 2599 10:
2276 2537 2578 2605 ἀδυναμίαν
2603 2534 2697 2603 ἀφ’
2724 2531 2940 2595 ἐαυτοῦ,
2965 2528 3198 2583 ἕπεσθαι
3225 2527 3279 2580 δὲ
3304 2523 3622 2594 ἡγουμένης
3653 2523 3751 2588 τῆς

2163 2631 2557 2702 προαιρέσεως,
2622 2628 2711 2682 διά
2773 2626 2834 2678 τὸ
2889 2624 2962 2693 μὴ
3019 2619 3442 2689 ἐπαναγκάζειν,
3491 2616 3566 2677 ὡς
3638 2615 3750 2684 ἔχει

2163 2729 2256 2780 ἐπὶ
2311 2725 2510 2793 φωτὸς,
2571 2721 2666 2776 καὶ
2719 2719 2815 2774 τοῦ
2877 2717 3090 2787 ἐχοντος
3138 2714 3172 2786 ἢ
3223 2713 3466 2774 θέλοντος
3523 2709 3751 2778 βλέπειν

2164 2817 2336 2885 αὐτῷ.
2734 2833 2736 2835 ’
3390 2823 3392 2826 '

2237 2907 2348 2962 Καὶ
2379 2905 2460 2958 ἔτι
2484 2903 2674 2975 εὖχετο
2708 2903 2806 2972 μέν
2847 2901 3100 2968 Ἰωάννης
3140 2899 3212 2966 μὴ
3255 2891 3749 2961 ἐγκαταλειφθῆναι

2167 3001 2254 3061 ἂν,
2287 2997 2404 3050 ἀλλ’
2435 2995 2769 3066 δδηγηθῆναι
2793 2993 2931 3064 πρὸς
2962 2991 3060 3060 τὴν
3086 2991 3296 3056 αἵρεσιν
3328 2986 3420 3039 τοῦ
3458 2984 3748 3054 βελτίονος,

2167 3090 2446 3157 ἐπήκουσε
2479 3087 2536 3140 δέ
2561 3088 2589 3140 6
2611 3085 2746 3146 Θεὸς
2781 3084 2916 3154 πρὸς
2951 3085 3051 3151 μὲν
3075 3081 3235 3134 αὐτὸν
3287 3079 3540 3146 Ἰωάννην
3567 3076 3664 3130 καὶ
3693 3072 3750 3123 τὸ

475 3172 708 3240 ἀγαθὸς,
745 3175 795 3227 εί
827 3175 947 3228 τόδε
983 3175 1185 3246 μᾶλλον
1221 3178 1433 3247 ᾑρεῖτο.
1487 3179 1600 3231 Καὶ
1655 3177 1846 3249 ἐπειδὴ
1877 3179 2066 3232 ἐκάτε-
2095 3196 2139 3258 c
2170 3179 2330 3250 ἔργον
2363 3179 2472 3234 τότ’
2497 3178 2684 3242 εὐθὺς,
2716 3176 2852 3246 πρὸς
2873 3176 2919 3228 δ’
2946 3173 3158 3236 ἐαυτὸν,
3192 3171 3373 3236 ἐξότου
3403 3169 3495 3222 καὶ
3519 3165 3746 3258 προῄδει
3797 3230 3806 3237 _

479 3281 576 3334 ρος
603 3265 800 3333 είχετο,
833 3265 860 3318 ὃ
899 3267 1097 3335 ἤρεσεν
1125 3269 1272 3337 αὑτῷ
1338 3268 1432 3322 καὶ
1478 3271 1543 3338 τῇ
1592 3268 1726 3335 ἔξει,
1777 3269 1925 3323 κατά
1977 3269 2068 3322 τὸν

481 3353 729 3416 εἰπόντα,
787 3355 985 3410 Οὐκέτι
1040 3355 1349 3427 ἐργάζομαι
1401 3357 1515 3427 ἐγὼ
1559 3361 1619 3412 τὸ
1666 3360 1856 3424 κακὸν,
1889 3359 2005 3412 ἀλλ’
2036 3361 2069 3429 ἡ

483 3445 767 3498 ἐνοικοῦσα
809 3447 1078 3517 ἁμαρτία.
1119 3449 1206 3512 Ὡς
1238 3449 1296 3503 δέ
1331 3451 1427 3504 καὶ
1461 3451 1521 3503 τὸ
1571 3451 1777 3520 ἀγαθὸν
1825 3452 1858 3522 ὴ
1910 3451 2072 3521 χάρις

484 3539 543 3590 ἐν
576 3537 653 3607 τῷ
680 3537 880 3609 ἔχοντι,
916 3540 1026 3609 ἐγὼ
1061 3541 1118 3594 δὲ
1143 3541 1243 3608 τῆς
1279 3543 1555 3613 ἁμαρτίας
1584 3543 1778 3606 αἴτιος,
1821 3543 2072 3606 κάκεῖνος

486 3629 585 3700 τῆς
610 3630 852 3700 χάριτος,
899 3633 1048 3697 ἀξιον
1071 3632 1166 3688 τοῦ
1192 3633 1379 3688 λαϐεῖν
1406 3634 1598 3688 ἐαυτὸν
1629 3635 2070 3706 παρασχόμενος,

485 3720 607 3773 τότε
638 3721 702 3790 δὴ
735 3724 1024 3793 συνέτρεχε
1052 3725 1229 3779 πάντα
1264 3728 1359 3779 καὶ
1407 3729 1796 3799 συνειργάζετο
1849 3729 1927 3798 τῷ
1981 3729 2104 3782 τὸν·

491 3811 614 3880 μὲν,
673 3805 751 3866 ὡν
810 3814 1097 3882 προείλετο
1155 3817 1323 3882 ἀξίως
1381 3821 1818 3889 στεφανωθῆναι,
1870 3820 1964 3872 τὸν
2017 3819 2074 3874 δὲ

489 3904 769 3960 κάνταῦθα
819 3909 980 3962 κάκεῖ
1038 3910 1194 3974 δίκας
1245 3912 1502 3982 ὑποσχεῖν
1561 3912 1720 3980 ἀξίας
1777 3913 2076 3975 ἀκολασίας

490 3996 586 4048 καὶ
613 4000 962 4069 παρανομίας
982 4002 1078 4054 x11
1103 4002 1289 4071 φόνου.

564 4087 691 4151 Τοῖς
716 4090 815 4158 μὲν
842 4088 938 4146 οῦν
972 4094 1302 4164 ἐνδεχόμενα
1331 4099 1538 4164 ὁμοίως
1595 4096 1663 4171 ἦν
1698 4102 1796 4153 καὶ
1829 4099 1898 4153 τά
1929 4102 2083 4154 ἐναν-

492 4177 584 4233 τία
622 4179 731 4249 πρὸ
758 4181 852 4236 τοῦ
894 4187 1118 4254 ποιῆσαι
1151 4186 1382 4258 θάτερον
1424 4191 1605 4245 αὐτῶν
1655 4191 1965 4261 ἑλομένους,
1995 4193 2082 4245 ἐπ’

495 4275 682 4337 αὐτοῖς
710 4277 817 4346 γὰρ
847 4274 914 4346 ἦν
949 4281 1152 4348 ὁμοίως
1182 4281 1475 4353 ἀμφότερα
1513 4301 1525 4315 ·
1566 4285 1689 4337 ἐπεὶ
1737 4285 1797 4337 δέ
1854 4285 2084 4357 θάτερον

495 4367 674 4421 ἐποίει
705 4371 988 4442 ἑκάτερος,
1024 4375 1328 4442 ἀναγκαῖον
1365 4372 1434 4447 ἦν
1489 4378 1551 4430 τὸ
1579 4379 1969 4448 γεγενημένον,
2023 4379 2085 4434 οὐ

495 4460 564 4527 τῇ
597 4459 763 4511 αὐτοῦ
804 4462 986 4530 φύσει,
1025 4462 1161 4516 ἀλλὰ
1197 4464 1274 4532 τῷ
1305 4465 1659 4535 ἐξειργάσθαι
1692 4467 1816 4538 ήδη,
1859 4467 1953 4519 καὶ
1985 4467 2088 4519 οὐκ

2172 3272 2262 3325 τὸν
2304 3272 2557 3340 Ἰωάννην
2587 3269 2734 3335 ἄξιον
2766 3265 3158 3321 ἐπακούεσθαι.
3214 3263 3323 3316 K01
3351 3263 3410 3313 οὐ
3442 3259 3623 3329 μάτην
3671 3253 3753 3308 εὖ-

2173 3381 2302 3434 χετο
2374 3364 2648 3431 Ἰωάννης.
2697 3361 2756 3415 Ὀ
2817 3361 2874 3413 δὲ
2913 3358 3159 3427 Ἡρώδης
3214 3354 3505 3410 ἐσκέπτετό
3547 3369 3612 3403 τε
3664 3347 3757 3402 καὶ

2173 3458 2371 3521 ἐποίει,
2400 3451 2481 3518 οἷς
2511 3456 2578 3509 ἂν
2601 3454 2707 3508 ἔδει
2725 3454 2888 3507 αὐτὸν
2912 3447 3511 3520 ἐγκαταλιμπάνεσθαι.
3540 3441 3754 3500 Οὐκοῦν

2177 3551 2270 3604 καὶ
2331 3549 2496 3605 αὐτοῦ
2538 3550 2570 3615 ἡ
2619 3546 2856 3617 πονηρία
2910 3545 3117 3614 ἔπασχε
3169 3544 3229 3596 τὸ
3281 3540 3498 3609 ἑαυτῆς,
3533 3541 3634 3592 καὶ
3663 3536 3756 3590 οὐκ

2176 3643 2297 3711 είκῆ
2333 3641 2544 3710 ἐγίνετο
2573 3641 2697 3695 οὐδὲ
2725 3639 2887 3709 αὐτή.

2263 3735 2361 3790 Ἐκ
2392 3733 2600 3788 τούτων
2636 3731 2894 3786 ἁπάντων
2926 3727 3068 3784 οὕτω
3107 3726 3263 3796 τύπῳ
3295 3725 3642 3795 διῃρημένων
3668 3719 3757 3773 καὶ

2180 3827 2546 3896 ὑποδείγματι
2568 3825 2647 3877 ἐνὶ
2675 3825 2739 3876 ἐκ
2784 3821 3057 3875 πλείστων
3107 3819 3292 3881 καλῶς
3334 3815 3758 3886 ἐφαρμοζομένῳ

2179 3921 2339 3990 δῆλόν
2363 3923 2500 3985 ἐστι,
2530 3919 2624 3973 καὶ
2652 3917 2751 3980 τὰς
2800 3913 3144 3984 ἀνθρωπίνας
3197 3911 3444 3980 θελήσεις
3470 3926 3526 3960 τε
3559 3908 3655 3959 καὶ
3683 3905 3758 3956 αί-

2185 4015 2382 4084 ρέσεις,
2445 4012 2639 4067 καὶτὰ
2710 4009 2960 4079 ἐφ’,ἡμῖν
3007 4005 3145 4059 εἶναι
3197 4004 3482 4072 λεγόμενα,
3519 4001 3612 4054 καὶ
3667 3999 3759 4050 ὅσα

2182 4103 2550 4174 ἐνδεχομένως
2575 4102 2665 4170 ὑφ’
2703 4101 2863 4171 ἡμῶν
2899 4096 3254 4168 πράττεσθαι,
3304 4095 3478 4146 πάντα
3507 4093 3582 4160 ςτῇ
3650 4086 3759 4154 θείᾳ

2186 4193 2507 4247 ὑποκεῖσθαι
2538 4190 2788 4261 προνοίᾳ,
2823 4188 2858 4258 ἦ
2903 4189 3020 4240 ἐστι
3073 4183 3368 4255 πρόϐλεψις
3407 4180 3501 4233 τοῦ
3562 4177 3759 4248 συμφέ-

2189 4301 2397 4354 ροντος,
2457 4283 2514 4334 ἐν
2572 4279 2944 4352 ἀμεταϐλήτῳ
3001 4277 3242 4341 διατάξει
3301 4275 3408 4326 τῶν
3453 4273 3586 4340 πρὸς
3616 4268 3761 4322 τοῦτο

2189 4373 2619 4437 ἀποϐαινόντων,
2671 4367 3056 4440 προεγνὼσθαι
3080 4367 3136 4420 δὲ
3163 4362 3334 4418 ταῦτα
3361 4363 3433 4423 ὡς
3467 4361 3638 4424 ἐσται,
3698 4357 3756 4424 τῇ

2191 4467 2411 4518 πάντων
2443 4462 2616 4531 αἰτίᾳ,
2659 4461 2756 4514 καὶ
2803 4457 3139 4529 προωρίσθαι
3165 4473 3180 4487 ο
3233 4453 3609 4524 γινωσκόμενα
3674 4448 3760 4518 μὲν

497 4548 833 4619 ἐνδέχεσθαι,
867 4554 963 4605 κοιλ⁸
993 4555 1067 4625 μὴ
1096 4551 1236 4608 εἶναι
1273 4557 1716 4628 ἐξειργασμένον,
1751 4558 1827 4622 ὡς
1860 4559 1967 4628 πρὸ
1993 4557 2087 4612 τοῦ
2115 4542 2169 4602 Ῐ)
2195 4558 2322 4627 γάρ,
2380 4556 2464 4609 ὅτι
2515 4554 2688 4618 οὓτως
2745 4553 2898 4606 ἐσται
2958 4551 3054 4604 καὶ
3099 4548 3332 4620 ὡρίσθαι
3354 4546 3524 4608 οὕτως
3559 4544 3720 4614 ἐχρῆν
3746 4554 3759 4569 ⁶

501 4643 758 4710 γενέσθαι
792 4645 1142 4716 ἐνδεχόμενον
1180 4649 1278 4701 καὶ
1315 4649 1391 4720 μὴ
1439 4650 1707 4718 γίνεσθαι.
1740 4650 2005 4712 Ἔκείνοις
2030 4667 2091 4703 τε

503 4733 602 4788 οῦν
629 4733 775 4789 οὕτω
810 4736 982 4791 ταῦτα
1008 4733 1142 4810 εἶχε,
1176 4740 1271 4793 καὶ
1316 4741 1448 4811 ἡμῖν
1469 4739 1613 4794 οὕτω
1643 4741 1910 4812 κρίνεται,
1944 4743 2010 4812 τῇ
2037 4739 2093 4792 δέ

503 4827 630 4899 θείᾳ
678 4829 878 4897 γνώσει
937 4831 1229 4900 προῦκειτο
1265 4834 1341 4895 ὡς
1409 4834 1773 4904 γεγενημένα,
1822 4833 1920 4887 καί¹
1965 4833 2095 4901 πρὶν

519 4917 784 4987 γενέσθαι.
817 4921 926 4973 K01
951 4922 1064 4992 ᾔδει
1102 4924 1222 4992 μὲν,
1255 4924 1336 4977 ὅτι
1362 4925 1518 4979 αὐτοὶ
1548 4925 1911 4995 ἐνδεχομένως
1941 4925 2098 4994 αἱρή-

510 5029 718 5076 σονται,
745 5014 780 5068 ἃ
796 5016 1113 5086 αἱρήσονται
1127 5017 1218 5070 καὶ
1239 5019 1336 5072 οὑκ
1367 5019 1579 5092 ἀνάγκη
1598 5020 1704 5072 τινὶ
1721 5021 1789 5073 τὰ
1811 5019 1897 5073 ἐπ’
1914 5019 2097 5081 αὐτοῖς

509 5107 787 5161 ϐντα.”οτι
805 5110 859 5161 δέ
879 5109 989 5162 1061
1007 5112 1292 5182 αἱρήσεται
1321 5115 1580 5187 ἑκάτερος
1604 5120 1696 5171 καὶ
1712 5116 1786 5186 μὴ
1811 5117 1944 5180 τοδὶ,
1975 5111 2102 5183 ἠπί-

511 5218 674 5258 στατο
696 5204 1036 5274 ὡρισμένως,
1065 5207 1157 5259 καὶ
1181 5207 1255 5270 ὡς
1272 5211 1641 5279 προεγίνωσκε
1664 5209 2000 5280 τὸχέσόμενον
2023 5212 2102 5272 είς

513 5295 799 5356 τοσού;ου;
819 5299 1116 5362 ἐνιαυτοὺς,
1153 5298 1326 5363 οὕτως
1355 5301 1449 5352 καὶ
1487 5300 1548 5352 τὸ
1591 5300 1959 5370 ἐνδεχομένως
1984 5302 2101 5352 ἐσό-

485 5416 489 5419 ι
517 5403 680 5462 μενον
709 5388 975 5459 ἠπίστατο
994 5391 1325 5460 ἀναγκαίως.
1353 5393 1608 5460 Συναιρεῖ
1632 5393 1731 5462 μὲν
1779 5394 1887 5463 γὰρ
1921 5394 1951 5462 ὴ
1983 5392 2103 5446 θεία

518 5481 798 5553 ἐπιστήμη
825 5483 885 5536 16
914 5487 1022 5538 πᾶν
1052 5487 1149 5556 τῆς
1198 5485 1548 5557 ἀνθρωπίνης
1591 5485 1856 5556 αἱρέσεώς
1889 5501 1948 5536 τε
2010 5487 2105 5538 καὶ

522 5573 795 5642 πράξεως,
831 5574 907 5637 ὡς
933 5575 1046 5646 ἔχει
1076 5576 1200 5630 καθ’
1235 5577 1436 5648 ἑαυτὴν
1473 5577 1603 5647 περὶ
1639 5574 1844 5629 ὁτιοῦν.
1873 5575 2024 5645 ’Ἅμα
2049 5575 2106 5628 δέ

522 5664 618 5717 καὶ
649 5665 785 5732 πρὸς
818 5668 878 5719 τὸ
899 5667 1125 5738 ἔσχατον
1146 5672 1395 5738 φέρεται,
1425 5669 1560 5738 ὅπερ
1593 5668 1743 5720 ἐστὶν
1774 5667 1831 5720 ἐν
1865 5684 1924 5720 τε
1959 5668 2108 5720 ἐνδε-

525 5756 774 5822 χομένοις
803 5759 861 5810 ἐν
907 5778 965 5813 τε
999 5761 1317 5829 ἀναγκαίοις
1349 5761 1567 5832 ὁμοίως,
1611 5759 1811 5830 μᾶλλον
1859 5761 1914 5813 δὲ
1968 5763 2104 5830 αὐτῇ

530 5849 708 5908 πάντα
769 5851 1016 5922 πάρεισιν
1077 5854 1268 5922 οὕτως,
1314 5855 1386 5919 ὡς
1441 5855 1652 5929 ἀπείρῳ
1702 5855 1791 5908 καὶ
1825 5855 2105 5921 κοινοτάτη

2198 4649 2688 4720 προγινωσκόμενα
2712 4646 2770 4700 δὲ
2793 4650 2888 4700 καὶ
2920 4642 3261 4714 προωρίσθαι
3308 4641 3480 4710 δήπου
3519 4655 3534 4669 ³

2200 4744 2431 4816 ρισμένα
2459 4741 2516 4794 δὲ
2539 4739 2714 4804 05m).-
2735 4741 2829 4792 καὶ
2873 4736 3017 4790 οὕτω
3043 4734 3311 4806 γίνεσθαι,
3347 4732 3532 4794 ἐπειδὴ
3583 4730 3655 4792 ὡς
3687 4724 3764 4778 οὗ·

2198 4853 2306 4897 τως
2341 4833 2576 4902 ἐσόμενα
2607 4832 2700 4884 καὶ
2733 4829 2877 4883 οὕτω
2908 4828 3238 4898 προώριστα
3271 4821 3408 4876 Οὔτε
3439 4824 3544 4890 γὰρ
3578 4813 3686 4872 οἷόν
3713 4830 3762 4864 τε

2199 4927 2267 5000 ἦν
2289 4928 2350 4980 16
2379 4927 2572 4995 μέλλον
2601 4925 2817 4992 ἀγνοεῖν
2838 4923 2926 4974 τὸν
2948 4919 3101 4982 Θεὸν,
3140 4919 3172 4988 ἢ
3210 4915 3523 4985 ὑπομένειν,
3547 4916 3690 4973 ὅπως
3713 4909 3763 4957 ἄν

2200 5041 2251 5075 τι
2305 5023 2538 5090 γένοιτο,
2598 5019 2686 5071 ἵνα
2731 5017 2844 5087 είδῇ
2880 5033 2896 5051 ο
2953 5014 3078 5068 οὔτε
3120 5013 3226 5065 ἔδει
3283 5009 3627 5077 ἐγνωσμένης
3679 5000 3765 5067 τῆς

2204 5114 2440 5168 ἑκάστου
2477 5111 2585 5164 τῶν
2620 5109 2926 5178 γινομένων
2964 5103 3290 5164 ἀκολουθίας
3325 5101 3422 5170 τὴν
3471 5099 3620 5151 θείαν
3667 5095 3766 5146 δια·

2205 5207 2392 5260 πεσεῖν
2414 5203 2638 5272 γνῶσιν,
2671 5202 2760 5256 ἄλ)
2771 5218 2846 5262 ως
2869 5201 2926 5251 ἐν
2947 5198 3012 5268 τῇ
3035 5194 3256 5267 τοιαύτῃ
3306 5189 3597 5261 ἀκολουθίᾳ
3617 5186 3766 5247 τινὸς,

2205 5299 2239 5370 ἢ
2267 5301 2362 5350 καὶ
2383 5296 2750 5366 προέγνωστο,
2782 5289 3192 5349 ἀποϐαίνοντος.

2277 5359 2504 5443 Ἀλλίοὺ
2535 5359 2890 5458 ⁷προωρίσθαι
2922 5398 2990 5450 γε
3043 5381 3102 5432 ἐν
3153 5376 3389 5437 ἑαυτοῖς,
3447 5371 3507 5424 οὗ
3543 5369 3648 5439 γὰρ
3693 5359 3769 5458 ἀεί

2207 5485 2344 5534 εἰσιν
2375 5480 2537 5543 αὐτὰ,
2565 5455 2621 5530 ἐν
2655 5475 2732 5547 τῷ
2769 5473 2888 5545 θεῷ
2927 5474 2983 5526 δέ
3033 5471 3194 5542 μόνον
3255 5464 3593 5538 προωρίσθαι
3619 5477 3634 5493 ο
3689 5455 3770 5511 καὶ

2205 5575 2329 5628 οὔτε
2354 5574 2500 5642 ἔχειν
2526 5572 2724 5624 εἰδέναι
2741 5569 2832 5622 τὸν
2863 5568 3006 5622 θεῖον
3039 5565 3373 5635 προορισμὸν
3401 5559 3524 5620 τοὺς
3581 5547 3771 5642 ἀνθρώς

2209 5685 2343 5730 πους
2385 5667 2512 5733 περὶ
2537 5663 2714 5717 ὁτιοῦν
2750 5661 2858 5714 τῶν
2913 5661 2998 5712 ἐπ’
3030 5657 3212 5717 αὐτοῖς
3257 5653 3445 5714 ὅντων,
3497 5649 3587 5701 ῖνα
3639 5637 3770 5706 αὐτῷ

2212 5763 2306 5814 καὶ
2330 5761 2557 5820 ἀκοντες
2587 5752 2942 5809 ἀκολουθῶσι.
2980 5749 3171 5803 Καίτοι
3201 5747 3301 5797 οὐκ
3334 5739 3618 5810 ἀγνοοῦσιν
3641 5735 3691 5787 οἵ
3717 5744 3769 5797 γε

2215 5853 2389 5918 σοφοῖ,
2427 5850 2500 5914 ὡς
2529 5850 2740 5912 ἀνάγκη
2779 5847 2955 5900 πάντα
2989 5844 3102 5897 ἐκεῖ
3139 5835 3392 5908 ὡρίσθαι,
3445 5832 3554 5886 061'
3583 5823 3769 5883 ἐκεῖθεν

3599 4652 3763 4706 71900)-
3781 4666 3787 4674 ι
