4100 6452
435 394 562 461 1121

1490 390 1588 450 DE
1655 387 2396 448 PRIEDESTINA’I‘IONE
2435 385 2585 445 LiB.
2638 385 2691 443 1.

3549 381 3686 447 1122

432 506 527 557 καὶ
564 504 640 575 μὴ
666 504 876 569 εἰδότας
911 501 1440 570 συναναγκάζεσθαι,
1465 500 1553 552 ῐνα
1601 500 1669 553 τὰ
1719 498 2004 567 πεφυκότα
2037 504 2082 561 Λ
2115 502 2264 571 μένοι
2288 503 2382 554 καὶ
2413 501 2740 571 πράξαντες.
2783 495 2943 552 Ἀλλά
2976 494 3036 548 τὸ
3061 494 3374 566 προορίζειν
3408 493 3533 546 ιῖιντλ⁵
3581 496 3689 562 τῆς

428 597 494 650 ἐκ
539 597 913 665 προαιρέσεως
939 593 1034 647 καὶ
1049 594 1371 664 ἐνδεχόμενα
1397 589 1646 658 γίνεσθαι
1682 595 1754 660 μὴ
1785 590 2004 658 γίνηται

429 685 620 750 οὓτως,
651 685 683 754 ἢ
714 687 764 738 οἱ
799 685 1102 755 πεφυκότες
1138 685 1312 736 ποιεῖν
1353 682 1494 734 οὕτω
1543 680 1620 751 μὴ
1651 678 1794 732 οὕτω
1837 678 2004 730 ποιῶ·

430 795 535 830 σιν.
563 778 734 848 Δῆλον
769 777 824 830 δέ
872 777 965 830 καὶ
994 778 1075 829 ὃτι
1119 775 1322 828 τούτων
1356 771 1527 835 οὕτως
1563 773 1792 840 ἐχόντων
1850 769 2004 824 οὐδὲν

431 871 567 939 πρὸς
595 869 688 921 τοῦ
722 868 937 921 ἑλέσθαι
965 866 1024 919 τὸ
1077 865 1282 935 βέλτιον
1315 862 1516 931 ὠφελεῖ
1567 863 1594 916 ὸ
1655 860 1796 923 θεῖος
1837 877 2004 930 προο-

431 962 624 1032 ρισμὸς
644 962 767 1023 τοὺς
792 959 1229 1033 προῃρημένους,
1255 959 1302 1008 εἰ
1338 957 1412 1026 μὴ
1445 955 1567 1007 ὅσον
1591 953 1900 1023 προώριστο
1934 953 2000 1022 τῇ

431 1053 748 1125 ἀνθρωπίνῃ
779 1055 940 1122 φύσει
965 1051 1181 1114 κοινῶς,
1209 1051 1270 1102 τὸ
1299 1048 1409 1102 δεῖν
1441 1046 1581 1100 κατά
1628 1045 1785 1112 λόγον
1816 1061 1875 1097 τε
1907 1045 2002 1098 καὶ

430 1137 593 1212 ν’ὁμον
653 1143 822 1214 βιοῦν,
872 1143 967 1196 καὶ
1023 1142 1167 1195 οὕτω
1216 1138 1464 1210 βιοῦντας
1516 1134 1782 1204 θεοφιλεῖς
1837 1130 1998 1202 εἷναι,

431 1218 779 1298 τοιούτουςδέ
804 1235 961 1297 δντας
994 1234 1217 1302 ἄμεινον
1240 1227 1502 1300 ζήσεσθαι
1535 1227 1593 1280 ἐν
1615 1227 1692 1296 τῷ
1734 1225 1998 1296 μέλλοντι.

426 1327 616 1381 ’Ταῦτα
637 1329 748 1398 γὰρ
780 1329 878 1382 καὶ
900 1329 1043 1382 πάνυ
1075 1324 1254 1386 καλῶς
1284 1323 1488 1376 οἴδασιν
1521 1321 1576 1374 οῖ
1601 1337 1665 1390 γε
1699 1320 1995 1375 σπουδαῖοι.

442 1418 580 1470 Ἀλλ’
607 1419 666 1470 οὐ
699 1418 786 1471 διά
811 1419 872 1468 τὸ
895 1418 1093 1470 εἰδέναι
1125 1415 1282 1485 μόνον
1326 1412 1557 1466 τοιοῦτοί
1581 1413 1720 1464 εἰσιν
1748 1427 1762 1442 ο
1813 1410 1998 1463 πολλοὶ

428 1511 536 1580 γὰρ
552 1510 730 1571 καλῶς
755 1508 954 1571 εἰδότες
989 1509 1084 1561 καὶ
1109 1507 1301 1568 ἄλλους
1328 1505 1603 1566 πείθοντες
1628 1503 1781 1556 αὐτοὶ
1832 1518 2000 1571 πονη-

431 1603 512 1672 ροὶ
535 1601 791 1671 ἐθέλομεν
814 1599 954 1654 εἶναι
986 1617 1000 1631 ο
1029 1599 1142 1654 ἀλλ’
1171 1600 1251 1652 ὅτι
1277 1598 1393 1669 ᾔδει
1442 1596 1536 1649 καὶ
1559 1594 1784 1656 τούτους
1809 1595 1836 1646 ό
1865 1592 1998 1655 Θεὸς

426 1695 494 1744 τὰ
525 1693 696 1762 χείρω
721 1692 1138 1763 αἱρησομένους,
1176 1689 1270 1742 καὶ
1292 1687 1603 1758 προώριστο
1641 1683 1797 1736 τοῦτο
1823 1682 1996 1745 οὕτως

427 1784 487 1836 ἐν
520 1785 587 1854 τῇ
612 1783 731 1854 θείᾳ
759 1784 887 1853 περὶ
909 1783 1093 1836 αὐτῶν
1115 1779 1338 1851 γνώσει,
1381 1779 1501 1833 οὐδὲ
1536 1776 1690 1831 αὐτοὶ
1739 1773 1994 1828 ἐπίσταν-

425 1890 536 1936 ται,
564 1873 756 1926 οὐκοῦν
781 1874 900 1926 οὐδὲ
931 1872 1154 1942 βλάπτει
1181 1871 1380 1933 αὐτοὺς
1411 1868 1570 1922 τοῦτό
1591 1885 1676 1936 γε.

507 1965 756 2028 Ἐκόντες
787 1965 894 2035 ἀρα
919 1963 1198 2035 αἱροῦνται
1220 1963 1542 2034 ἀμφότεροι,
1569 1961 1730 2014 ὁπότε
1784 1958 1998 2030 αῖροῦν⁴

426 2043 547 2110 ταιέ
577 2055 646 2109 δι’
677 2055 705 2108 δ
738 2057 834 2110 καὶ
861 2057 908 2108 οῖ
938 2059 1036 2124 μὲν
1067 2055 1481 2124 στεφανοῦνται,
1507 2056 1554 2107 οἱ
1577 2053 1634 2107 δὲ
1657 2052 1996 2117 κολάζονται,

425 2148 622 2221 ώς-ὃλῃ
671 2147 852 2200 αὐτῶν
891 2147 1208 2217 προαιρέσει
1261 2145 1456 2199 τοιοίδε
1520 2142 1993 2206 ἁποτελεσθέντες.

426 2240 538 2295 Καὶ
564 2239 740 2301 ὸΘεὸς
774 2240 828 2291 ὲν
857 2232 937 2300 οἷς
961 2237 1058 2306 μὲν
1092 2237 1238 2290 ἔστιν
1263 2235 1456 2299 αἴτιος,
1490 2238 1548 2288 ἐν
1599 2229 1677 2298 οἷς
1734 2234 1792 2287 δὲ
1847 2235 2000 2287 ἀναί-

424 2351 557 2398 τιος.
609 2334 670 2387 Εἰ
716 2332 772 2385 δέ
828 2334 924 2387 καὶ
957 2331 1177 2384 πάντων
1229 2328 1420 2394 αῖτιος,
1473 2327 1586 2381 ἀλλ’
1617 2326 1874 2396 οὐδεμιᾶς
1930 2343 1995 2395 γε

425 2424 668 2492 ἀνάγκης
703 2425 758 2475 ἐν
779 2425 890 2484 τοῖς
911 2424 1248 2491 προαιρετοῖς
1283 2436 1294 2452 ·
1337 2419 1410 2481 ὡς
1457 2418 1566 2490 γὰρ
1612 2417 1804 2487 ἔμελλε
1853 2417 1998 2486 γίνε-

426 2517 552 2570 σθαι
573 2517 664 2569 καὶ
683 2515 754 2579 ὡς
787 2513 1052 2585 ἐπεφύκει
1071 2513 1273 2567 ἕκαστα
1295 2511 1540 2580 γίνεσθαι
1568 2509 1601 2580 ἢ
1626 2512 1818 2574 ποιεῖν,
1855 2509 1997 2563 οὕτω

424 2607 771 2676 προέγνωστο
827 2608 904 2677 τῷ
953 2604 1073 2675 Θεῷ
1126 2605 1222 2657 καὶ
1277 2601 1606 2672 προώριστο,
1654 2602 1748 2653 καὶ
1794 2601 1869 2665 ώς
1897 2603 1997 2671 τὴν

424 2698 577 2753 θείαν
613 2699 740 2769 περὶ
795 2697 1050 2750 ἁπάντων
1081 2694 1334 2764 βούλησιν
1382 2690 1526 2755 εἰκός
1590 2694 1740 2745 ἐστιν
1792 2691 1997 2760 ἐμπλέ-

425 2789 616 2844 κεσθαι
647 2790 755 2850 τοῖς
779 2787 1062 2850 τοιούτοις,
1094 2787 1228 2839 ὅπου
1275 2784 1372 2854 μὲν
1403 2785 1504 2836 οὐκ
1558 2783 1994 2852 ἀναγκάζουσαν,

423 2884 557 2935 ὃπου
592 2881 648 2934 δὲ
676 2877 1042 2949 συνεργοῦσαν
1077 2877 1257 2946 μόνον,
1306 2877 1438 2929 ὅπου
1489 2875 1546 2929 δὲ
1606 2875 1996 2946 συγχωροῦσαν

422 2973 508 3026 ἐπ’
541 2971 794 3042 ὠφελείᾳ,
827 2972 961 3023 ὅπου
992 2968 1047 3022 δὲ
1077 2967 1582 3037 ἐγκαταλείπουσαν
1611 2967 1814 3020 τέλεον.

494 3065 556 3118 Et
583 3064 640 3117 δέ
669 3081 813 3126 τινες
871 3062 977 3114 τῶν
1023 3060 1220 3116 ἐνθέων
1269 3059 1591 3130 χωρίζοντες
1612 3059 1681 3112 τὰ
1724 3058 1809 3127 ἐφ’
1861 3059 1994 3129 ἡμῖν

2107 594 2353 661 ἀνάγκης
2387 591 2777 659 λαμϐάνουσιν,
2828 589 2890 642 οὐ
2933 590 3075 642 πάνυ
3118 587 3217 657 μὲν
3274 586 3514 655 ἀκριϐῶς
3563 587 3688 655 ἐφι-

2109 684 2344 745 στῶντες
2387 683 2468 751 τῷ
2528 681 2910 751 σημαινομένῳ
2941 680 3038 748 τῆς
3093 678 3310 743 λέξεως,
3342 677 3581 748 ἀκριϐῶς
3629 676 3688 730 δὲ

2107 775 2252 827 πάνυ
2277 773 2625 842 φρονοῦντες,
2652 773 2728 836 ὡς
2765 776 2792 825 ὁ
2819 772 2960 834 θεῖος
2989 769 3323 840 προορισμὸς
3353 768 3452 822 οὐκ
3512 769 3686 835 ἀναγ-

2060 874 2064 878 ’
2106 871 2263 934 κάζει
2291 869 2350 921 τλ)
2380 868 2747 934 αὐτεξούσιον,
2773 866 2849 928 ὡς
2880 865 3011 936 μηδὲ
3053 865 3264 918 τοιοῦτο
3307 863 3496 917 λοιπὸν
3515 854 3684 918 εἴναι.

2107 962 2271 1015 Ὥστε
2303 961 2394 1014 καὶ
2420 959 2573 1012 αὐτοὶ
2597 960 2674 1029 τῷ
2707 957 2903 1028 πλήθει
2938 955 3044 1010 τῶν
3083 955 3260 1010 ἄλλων
3317 954 3518 1008 ἐνθέων
3587 953 3687 1008 καὶ

2103 1053 2185 1124 τῷ
2217 1052 2402 1105 κανόνι
2423 1052 2521 1119 τῆς
2552 1049 2808 1120 ἀληθείας
2853 1047 3162 1120 συνᾴδουσι.

2174 1142 2392 1195 Τούτων
2424 1142 2676 1195 ἁπάντων
2700 1139 2842 1193 οὐτω
2867 1137 3186 1207 τιθεμένων,
3221 1137 3304 1192 ὅτι
3351 1139 3502 1193 οὐδὲν
3529 1138 3684 1194 ἀναι-

2105 1235 2412 1305 ρεῖταιτῶν
2441 1233 2915 1303 ὁμολογουμένων,
2960 1232 3135 1300 σαφές
3181 1232 3342 1284 ἐστι’
3388 1230 3536 1300 μένει
3586 1231 3684 1301 μὲν

2103 1328 2210 1398 γάρ
2238 1328 2299 1380 τὸ
2329 1328 2387 1391 ἐξ
2422 1327 2666 1396 ἀνάγκης
2692 1325 2894 1390 καλῶς,
2921 1325 3074 1395 μένει
3103 1325 3160 1379 δὲ
3207 1323 3270 1378 τὸ
3336 1323 3685 1395 ἐνδεχόμενον

2102 1418 2159 1472 ἐν
2180 1421 2295 1481 τοῖς
2327 1418 2519 1480 αἰτίοις
2543 1434 2603 1470 τε
2639 1417 2732 1470 καὶ
2759 1418 2867 1478 τοῖς
2894 1415 2951 1480 ἐξ
2975 1416 3156 1471 αὐτῶν
3181 1414 3502 1485 γινομένοις,
3533 1414 3684 1484 μένει
3708 1437 3711 1439 ·

2101 1511 2157 1564 δὲ
2197 1509 2260 1563 τὸ
2289 1508 2637 1578 συμϐεϐηκὸς
2675 1511 2731 1562 ἐν
2762 1509 2876 1572 τοῖς
2905 1506 3220 1579 πράγμασι.
3273 1506 3460 1560 Πάντα
3483 1505 3591 1574 γάρ
3625 1506 3683 1559 ἐν

2099 1591 2168 1674 τῇ
2197 1602 2352 1666 τάξει
2371 1603 2468 1671 τῆς
2496 1602 2644 1664 θείας
2672 1601 2947 1670 προνοίας,
2974 1599 3051 1662 ὡς
3073 1599 3310 1670 εἴρηται,
3341 1597 3680 1668 περιέχεται,

2098 1696 2195 1748 καὶ
2232 1694 2406 1747 πάντα
2437 1694 2638 1763 ὴτάξις
2657 1693 2791 1760 αὐτὴ
2822 1685 3178 1762 διαλαμϐάνει
3197 1689 3396 1752 καλῶς,
3432 1689 3571 1759 μετά
3585 1687 3680 1741 τοῦ

2099 1784 2315 1855 ἑκάστῳ
2348 1785 2408 1837 τὸ
2442 1786 2636 1839 οἰκεῖον
2664 1782 2973 1854 φυλάττειν.
3015 1781 3178 1835 Ἀλλά
3209 1781 3307 1853 μὲν
3336 1781 3515 1835 καὶτὸ
3537 1780 3681 1850 χρή-

2107 1893 2263 1946 σιμον
2291 1874 2402 1928 τῶν
2438 1876 2613 1947 εὐχῶν
2633 1876 2734 1929 οὐκ
2764 1872 3084 1927 ἐκϐάλλεται
3101 1870 3298 1934 οὕτως,
3329 1869 3388 1922 οὐ
3417 1869 3578 1939 μόνον
3601 1867 3680 1932 ώς

2104 1968 2196 2022 καὶ
2219 1967 2400 2020 αὐτῶν
2429 1967 2534 2020 ὐπὸ
2565 1968 2662 2039 τὴν
2679 1965 2833 2030 τάξιν
2853 1963 3048 2023 οὐσῶν.
3074 1961 3150 2024 ὡς
3177 1962 3234 2014 ἐν
3262 1960 3340 2029 τῷ
3367 1959 3460 2012 τοῦ
3491 1957 3678 2012 Ἰωάν-

2103 2077 2197 2111 νου
2230 2058 2600 2128 ὑποδείγματι
2630 2058 2885 2128 εἴρηται·
2918 2053 3032 2109 ἀλλ’
3057 2054 3140 2107 ὅτι
3177 2052 3271 2108 καὶ
3323 2049 3496 2104 πολλά
3523 2049 3678 2119 παρά

2102 2152 2200 2224 τὴν
2250 2153 2404 2220 τάξιν
2438 2152 2544 2206 τῶν
2591 2151 2990 2222 ταπεινοτέρων
3045 2148 3236 2204 αἰτίων
3276 2149 3305 2202 ὀ
3343 2146 3475 2206 Θεὸς
3515 2145 3674 2198 εἴωθε

2103 2245 2364 2315 πράττειν
2381 2245 2472 2298 τὸν
2493 2242 2835 2311 ἀνθρώπινον
2870 2241 2984 2314 βίον
3008 2239 3334 2311 οἰκονομῶν,
3369 2239 3404 2294 ἃ
3425 2239 3523 2310 τὴν
3542 2237 3672 2306 ὃλην

2100 2331 2345 2388 διάθεσιν
2386 2335 2486 2403 τῆς
2519 2332 2689 2388 αὑτοῦ
2732 2333 2988 2401 προνοίας
3016 2331 3111 2384 καλ⁵
3143 2330 3241 2400 τὴν
3267 2330 3447 2384 πάντα
3487 2327 3677 2398 περιέ-

2103 2435 2304 2495 χουσαν
2331 2424 2483 2488 τάξιν
2504 2425 2565 2479 οὐ
2599 2422 2929 2494 μεταϐάλλει
2961 2420 3075 2477 οὐθ’
3111 2420 3447 2492 ὑπερϐαίνει.
3507 2419 3676 2474 Οὐδὲν

2099 2519 2192 2590 οὐν
2220 2519 2416 2572 κωλύει
2444 2515 2665 2571 τοιαῦτα
2692 2516 2867 2569 ποιεῖν
2890 2513 2986 2567 καὶ
3012 2515 3131 2576 ταῖς
3154 2512 3404 2567 εὐσεϐέσι
3435 2510 3545 2566 τῶν
3583 2511 3676 2564 άν-

2102 2609 2334 2682 θρώπων
2373 2611 2624 2681 αἱτήσεσι
2671 2607 3056 2679 χαριζόμενον,
3097 2604 3155 2668 ὃς
3213 2606 3272 2658 τὸ
3320 2603 3532 2675 θέλημα
3563 2603 3683 2657 τῶνι

2099 2700 2450 2772 φοϐουμένων
2514 2701 2676 2755 αὐτὸν
2712 2703 2884 2756 ποιεῖν
2916 2700 3160 2769 λέγεται,
3211 2697 3305 2751 καὶ
3341 2696 3440 2767 τῆς
3492 2694 3681 2748 αὐτῶν·

2097 2793 2333 2864 δεήσεως
2388 2794 2716 2858 ἐπακούειν,
2775 2792 2868 2847 καὶ
2929 2791 3192 2862 διηνεκῶς
3244 2791 3390 2861 ἡμᾶς
3437 2789 3675 2860 προτρές

2099 2903 2258 2940 πεται
2307 2887 2401 2939 ἐπὶ
2440 2887 2500 2940 τὸ
2555 2887 2757 2954 ζητεῖν.
2811 2883 3164 2938 Ἀπολέλυται
3223 2883 3333 2953 γὰρ
3375 2882 3683 2950 ὁμολογουο

2101 2975 2276 3046 μένως
2303 2975 2485 3046 πάσης
2523 2977 2786 3045 ἀνάγκης,
2815 2977 2880 3044 ἢν
2905 2975 3066 3038 αὐτὸς
3093 2973 3319 3046 ἐνέθηκε
3348 2974 3462 3036 τοῖς
3506 2974 3672 3041 ποιή-

2101 3085 2257 3137 μασι,
2294 3071 2384 3122 καὶ
2430 3066 2518 3120 διὰ
2570 3067 2729 3121 τοῦτο
2790 3067 2972 3120 πᾶσαν
3033 3065 3348 3136 ὡρισμένην
3391 3063 3448 3130 ἐξ
3503 3064 3682 3117 αὐτοῦι

424 3154 822 3257 προγινώξπξειν
851 3155 1073 3257 {3990'-
1119 3151 1517 3257 TbyleF-WLO‘E
1563 3151 1890 3257 “PS?91Cf-IV3
1935 3149 1996 3257 ’ξδ
2023 3197 2065 3257 C
2098 3163 2211 3226 τοῖς
2279 3163 2526 3230 μερικοῖς
2598 3158 2792 3222 αἰτίοις
2865 3158 3111 3226 ἀνάγκην
3181 3158 3466 3227 μεταποιεῖ
3511 3156 3672 3227 θελήο

422 3247 824 3315 ἐπαναγκάζειν
857 3246 1134 3315 βούλονται
1178 3245 1380 3313 λέγειν.
1416 3243 1586 3296 Τοῦτο
1631 3243 1689 3296 δὲ
1721 3243 1814 3296 καὶ
1859 3244 1993 3312 ἡμῖν
2026 3243 2065 3257 ’⁸
2100 3269 2198 3316 σας
2230 3253 2364 3324 πρδς
2414 3254 2514 3322 τὴν
2561 3251 2840 3323 σωτηρίαν
2873 3248 2982 3303 τῶν
3018 3246 3260 3311 Emesa;
3297 3249 3682 3317 καταφευγάν..

423 3341 660 3411 εῐρηται,
725 3341 804 3392 ὅτι
854 3340 912 3391 ὲν
964 3340 1076 3400 τοῖς
1131 3337 1345 3406 θελήσει
1379 3337 1624 3390 ποιοῦσιν
1653 3336 1805 3389 οὐδὲν
1835 3334 1994 3388 πλέον

423 3431 666 3500 ἀνάγκης
711 3427 906 3497 ἐπάγει
953 3427 1014 3479 τὸ
1048 3427 1457 3496 προοεγνῶσθαι
1527 3428 1620 3480 καὶ
1655 3425 1994 3497 προωρίσθαι

423 3523 600 3580 πάντα
634 3523 737 3577 ὐπὸ
758 3521 914 3588 Θεοῦ,
945 3521 1046 3592 ἣεί
1074 3521 1214 3589 μετά
1241 3521 1302 3574 τὸ
1335 3520 1595 3590 πράττειν
1617 3519 1814 3580 αὐτοὺς
1844 3517 1995 3570 ἐλευ-

425 3616 615 3686 θέρως,
658 3612 773 3669 ἄττ’
796 3613 862 3666 ἂν
896 3615 1262 3682 προαιροῖντο,
1291 3613 1610 3681 ἐγίνωσκεν,
1636 3611 1718 3663 ὅτι
1746 3609 1872 3663 τάδε
1897 3609 1995 3661 πέ-

425 3723 666 3776 πρακται
698 3705 788 3758 ὐπ’
818 3705 1018 3759 αὐτῶν.
1073 3703 1147 3756 Τὸ
1178 3703 1276 3773 μὲν
1307 3703 1413 3773 γὰρ
1454 3699 1822 3770 γινώσκεσθαι
1855 3699 1995 3754 αὐτά

425 3817 555 3854 ποτε
584 3802 680 3855 καὶ
704 3798 966 3864 ἐξαύτῶν
988 3800 1135 3852 ἐστιν
1163 3814 1177 3832 ·
1203 3797 1276 3860 ώς
1303 3798 1412 3867 γὰρ
1448 3795 1765 3866 ὐπάρχοντα
1791 3797 1882 3847 καὶ
1911 3811 1994 3868 γιτ

424 3891 692 3946 νώσκεται
722 3906 736 3920 ·
783 3891 842 3942 τὸ
870 3889 927 3943 δὲ
959 3888 1337 3962 προεγνῶσθαι
1377 3884 1630 3940 τοσοῦτον
1661 3885 1852 3958 χρόνον
1898 3885 1991 3938 τοῦ

426 3982 704 4054 περιόντος
733 3981 829 4050 τῆς
850 3980 998 4042 θείας
1035 3981 1343 4050 ἐπιστήμης
1379 3979 1546 4032 ἐστίν.
1570 3975 1779 4032 Οὐκουν
1804 3993 1994 4031 συντε-

423 4073 505 4126 λεῖ
524 4073 705 4136 αὐτοῖς
729 4072 762 4142 ἢ
786 4071 1069 4141 ἐμποδίζει
1098 4073 1156 4125 τὸ
1180 4069 1579 4142 προεγνῶσθαι,
1601 4069 1704 4133 ἕως
1723 4069 1787 4122 ἂν
1807 4068 1881 4141 μὴ
1904 4068 1995 4122 καί

420 4182 502 4229 τις
539 4165 644 4233 ἐπῇ
675 4164 887 4232 ἀνάγκη
914 4163 978 4215 ἐκ
1006 4160 1098 4214 τοῦ
1147 4159 1637 4233 προγινώσκοντος,
1684 4158 1824 4212 ὥστε
1874 4157 1994 4211 οὐδέ

419 4251 480 4306 τὸ
518 4251 879 4323 προωρίσθαι.
933 4251 1185 4304 Συντελεῖ
1237 4251 1294 4303 δέ
1343 4248 1420 4318 τῷ
1481 4245 1879 4319 προγινώσκειν
1933 4249 1996 4303 τὸ

421 4345 829 4418 προωρισμένον
850 4343 1139 4414 γινώσκειν
1158 4358 1174 4376 ο
1211 4343 1478 4412 ἀορίστων
1503 4342 1613 4412 γὰρ
1641 4342 1742 4394 οὐκ
1773 4339 1838 4394 ἀν
1862 4357 1992 4394 ποτε

419 4438 622 4507 γίνοιτο
652 4437 852 4506 γνῶσις
877 4435 998 4507 Θεῷ
1036 4437 1345 4506 πρέπουσα.
1366 4433 1579 4487 Οὐκοῦν
1609 4434 1689 4487 δεῖ
1730 4434 1829 4503 μὲν
1861 4433 1994 4504 ώρί-

2095 3360 2204 3400 των
2231 3345 2346 3398 ,καὶ
2403 3343 2684 3412 ἐπιμόνως
2757 3340 3269 3412 προσεδρευόντων,
3325 3339 3358 3409 ἢ
3412 3340 3549 3411 ὑπὲρ
3597 3333 3674 3393 ὧν

2098 3435 2468 3500 ἱκετεύουσιν,
2535 3430 2610 3490 ὧν
2679 3434 2935 3488 ἁπάντων
2989 3435 3023 3503 ή
3078 3431 3321 3504 σωτηρία
3377 3431 3475 3502 τῆς
3540 3432 3688 3502 περὶι

2097 3529 2293 3590 αὐτοὺς
2316 3529 2593 3598 προνοίας,
2617 3528 2715 3592 τῆς
2752 3526 2856 3590 καὶ,
2877 3525 2964 3579 διὰ
2994 3524 3103 3578 τῶν
3134 3525 3310 3580 ἄλλων
3355 3525 3670 3595 κτισμάτων

2097 3621 2571 3690 ὑπουργουμένης,
2635 3619 2792 3682 τέλος
2845 3617 3012 3671 ἐστίν.
3069 3618 3208 3670 Οὐδέ
3261 3618 3367 3686 γὰρ
3419 3617 3676 3686 διαφέρει

2095 3711 2248 3781 ἥλιον
2271 3710 2464 3778 στῆσαι
2496 3709 2758 3779 τρέχοντα
2787 3705 3015 3761 δικαίων
3051 3707 3257 3777 εὐχαῖς,
3303 3706 3336 3776 ἢ
3372 3708 3430 3760 ἐν
3463 3723 3669 3760 πανσε-

2096 3801 2240 3872 λήνῳ
2261 3801 2486 3870 ποιῆσαι
2521 3800 2683 3853 αὐτὸν
2709 3799 2976 3863 ἐκλιπεῖν,
3001 3797 3064 3850 τὸ
3101 3797 3556 3865 παραδοξότερον,
3575 3799 3675 3850 καὶ·

2101 3891 2324 3962 μηδενὸς
2383 3889 2680 3960 εὐξαμένου
2745 3888 2904 3942 τοῦτό
2957 3905 3044 3956 γε,
3103 3887 3193 3941 ἵνα
3248 3904 3301 3941 τι
3328 3887 3670 3958 ἑκατέρωθεν

2097 3982 2302 4050 ἀγαθὸν
2344 3980 2783 4051 καταπράξηται.
2851 3980 2940 4034 Ἐν
2966 3979 3212 4050 ἐκατέρῳ
3242 3979 3352 4050 γὰρ
3398 3980 3504 4033 τῶν
3536 3979 3680 4034 θαυο
3766 4044 3768 4046 ν

2100 4075 2286 4144 μάτων
2317 4072 2418 4143 τὴν
2463 4069 2779 4143 ὡρισμένην
2835 4072 3083 4140 ἀνάγκην
3127 4072 3263 4141 ἦγχε
3293 4075 3357 4142 τῇ
3403 4072 3668 4125 ἀπολελυ-

2101 4167 2235 4238 μένῃ
2267 4165 2415 4239 [sic],
2453 4167 2549 4219 καὶ
2579 4165 2669 4219 τὸν
2695 4165 3027 4232 φονευθέντα
3063 4163 3130 4218 ἂν
3162 4167 3220 4216 ὲν
3255 4163 3410 4234 ὐπνῳ
3437 4165 3543 4217 ὐπὸ
3573 4164 3676 4237 λιι-α

2099 4259 2240 4314 στῶν
2269 4258 2640 4328 ἐξαναστήσας
2671 4261 2768 4309 καὶ
2809 4256 3026 4326 κρύψας
3058 4273 3162 4308 που
3190 4254 3502 4324 ἀπήλλαξεν
3529 4255 3679 4308 ἑτοί-

2102 4370 2210 4424 μης
2237 4350 2406 4419 οὔσης
2427 4351 2525 4421 τῆς
2556 4351 2862 4420 συμφορᾶς,
2896 4349 2984 4402 ῖνα
3011 4368 3062 4403 τι
3111 4349 3240 4417 περὶ
3265 4348 3426 4402 αὐτὸν
3457 4347 3678 4418 βέλτιον

2096 4445 2290 4515 ἦπερὶ
2320 4443 2513 4506 ἄλλους
2565 4445 2632 4514 τῇ
2679 4441 2970 4514 προσθήκῃ
3023 4440 3116 4495 τοῦ
3142 4441 3261 4512 βίου
3310 4439 3677 4510 οίκονομηθῇ.

421 4527 543 4629 ξραι
570 4527 634 4629 ita
669 4525 1274 4629 Y‘Vwolxéi’ﬁw‘dnhb‘i
1318 4542 1377 4579 τε
1403 4525 1493 4629 κῇὶ
1529 4523 1869 4629 ὡρισίξένξθςς
1903 4525 1996 4629 ξεῖ
2017 4569 2072 4629 D
2110 4536 2272 4591 Ἀλλά
2315 4537 2407 4590 καὶ
2457 4537 2590 4607 εὐχῇ
2631 4533 2945 4604 ἀπήλλαξεν
2997 4533 3186 4613 ὁμοίου
3250 4531 3422 4586 κακοῦ
3478 4532 3675 4603 ἐτερον

417 4619 473 4672 δὲ
499 4620 594 4672 καὶ
631 4618 976 4689 ’πρθίλορίσθαι
1019 4619 1088 4671 τά
1121 4616 1571 4686 προεγνωσμέναο
1632 4618 1727 4670 καὶ
1760 4617 1991 4686 ὡρίσθαι
2017 4616 2066 4629 ν
2100 4627 2276 4682 ἰδόντα
2307 4627 2458 4682 ἐπιὸν
2485 4627 2726 4696 ἄφυκτον
2756 4625 2816 4678 τὸ
2842 4625 3037 4691 δεινὸν,
3063 4626 3158 4679 καὶ
3192 4625 3287 4678 ἐπὶ
3314 4625 3406 4678 τὸν
3437 4623 3672 4694 δυνάμε-

417 4729 481 4782 γε
513 4712 613 4766 οὐκ
637 4711 860 4764 ἂλλοθεν
890 4710 923 4781 ἢ
957 4711 1047 4762 ὐπ’
1084 4709 1272 4776 αὐτοῦ,
1308 4708 1531 4777 ποιητοῦ
1576 4707 1794 4761 πάντων
1842 4709 1992 4772 ὸντος

418 4805 512 4858 καὶ
540 4803 726 4866 τέλους
757 4803 1010 4874 ἐσχάτου.
1039 4802 1226 4873 Ταύτῃ
1257 4802 1364 4872 γὰρ
1388 4799 1447 4865 ἐξ
1471 4799 1638 4853 αὐτοῦ
1666 4801 1760 4854 καὶ
1785 4802 1864 4862 είς
1895 4798 1993 4853 αὐ-

415 4896 507 4948 τὸν
538 4890 678 4949 εἶναι
701 4895 919 4964 λέγεται
954 4895 1132 4949 πάντα
1175 4895 1250 4957 ὡς
1279 4893 1444 4947 αὐτοῦ
1492 4910 1556 4962 γε
1611 4891 1761 4956 ὄντος
1806 4892 1899 4946 τοῦ
1932 4909 1993 4946 τε

415 4986 698 5051 τάττοντος
740 4987 970 5053 ἕκαστα,
1005 4987 1100 5040 καὶ
1143 4988 1222 5051 εἰς
1253 4986 1312 5040 δν
1347 4984 1520 5038 πάντα
1564 4984 1808 5054 ἐσχάτως
1860 4985 1989 5038 τάτ-

417 5094 620 5141 τονται,
655 5077 947 5131 κάντεῦθεν
971 5077 1283 5130 ἀκολουθεῖν
1306 5076 1367 5129 τὸ
1393 5076 1487 5130 καὶ
1537 5061 1614 5139 είς
1643 5075 1710 5128 τά
1748 5077 1990 5146 προσεχῆ

417 5169 594 5222 αὐτῶν
623 5169 750 5239 τέλη
778 5170 982 5222 ἕκαστα
1018 5169 1292 5222 ὑπἀὐτοῦ
1326 5168 1633 5223 τάττεσθαι.

491 5259 604 5313 Οὐκ
632 5254 723 5314 οὖν
761 5257 868 5312 οὐδ’
905 5260 1098 5312 ἐκεῖνοι
1128 5259 1218 5311 τὸν
1258 5258 1402 5311 θεῖον
1441 5258 1775 5330 προορισμὸν
1809 5261 1904 5312 καὶ
1934 5260 1991 5313 ἐν

416 5355 526 5417 τοῖς
551 5354 632 5423 ἐφ’
659 5354 792 5424 ἡμῖν
821 5349 1109 5419 ἀγνοοῦσιν
1143 5350 1217 5414 ὡς
1259 5349 1434 5422 μόνων
1481 5350 1591 5404 τῶν
1633 5349 1992 5421 ἀνθρωπίνων

417 5445 710 5514 ἐνεργειῶν
739 5443 771 5513 ἢ
796 5443 869 5514 τῷ
901 5444 1111 5514 χείρους
1140 5437 1278 5497 εἶναι
1307 5443 1412 5497 τῶν
1435 5443 1611 5498 ἀλλων
1656 5445 1754 5514 οὐχ
1808 5445 1988 5513 ὁριζο·

309 5587 317 5595 ,
421 5539 617 5608 μένων,
643 5537 676 5607 ῆ
707 5535 782 5606 τῷ
810 5537 948 5590 πάνυ
977 5535 1214 5606 βελτίους
1242 5531 1401 5601 εἶναι,
1437 5535 1573 5608 μηδὲ
1605 5538 1670 5608 τῇ
1702 5535 1822 5608 θεία
1850 5536 1991 5606 γνώ-

417 5646 499 5683 σει
529 5628 1102 5700 περιλαμϐανομένων.
1141 5629 1375 5681 Ἤκουον
1399 5628 1507 5698 γάρ
1543 5645 1648 5682 που
1688 5627 1781 5682 τοῦ
1807 5628 1988 5697 λογίου

416 5721 746 5792 κεκληκέναι
778 5721 868 5776 τὸν
889 5721 1043 5787 Θεὸν,
1101 5720 1194 5786 οῦς
1233 5721 1486 5792 προέγνω
1515 5723 1610 5775 καὶ
1664 5719 1941 5792 προώρισε
1973 5737 1986 5751 ·

344 5863 350 5874 ,
415 5809 559 5870 οὗτοι
583 5813 638 5867 δέ
665 5810 804 5885 ἦσαν
826 5815 872 5868 οί
903 5814 1002 5869 ὅσα
1028 5811 1093 5886 ἦν
1124 5815 1212 5869 ἐπ’
1241 5815 1424 5881 αὐτοῖς
1448 5815 1709 5885 θεοφιλῶς
1745 5831 1990 5886 προῃρη-

2095 4737 2184 4775 νον
2207 4718 2406 4785 σώζειν
2440 4719 2843 4788 καταφυγόντα.
2883 4717 3075 4772 Ἔστιν
3097 4718 3185 4771 ὅτε
3209 4716 3349 4787 μετά
3372 4715 3466 4770 τοῦ
3499 4716 3674 4770 σῶσαι

2094 4813 2190 4866 καὶ⁹
2219 4810 2415 4873 αὐτοὺς
2451 4810 2964 4880 μεταϐεϐλημένους
3007 4809 3136 4872 τοὺς
3185 4811 3394 4862 κτεῖναι
3423 4822 3668 4880 προῃρη-

2098 4905 2312 4974 μένους,
2345 4903 2442 4957 καὶ
2481 4900 2840 4971 φονευθέντας
2866 4902 2964 4971 μὲν
2995 4901 3062 4954 ἂν
3092 4900 3198 4954 ὐπὸ
3229 4900 3339 4952 τῶν
3366 4899 3674 4970 τυράννων,

2093 4995 2220 5059 τοὺς
2245 4994 2406 5066 μέχρι
2437 4993 2669 5050 θανάτου
2704 4994 2843 5063 ὑπὲρ
2875 4997 2975 5064 τῆς
3024 4993 3263 5054 πίστεως
3293 4990 3670 5058 ἀπολογουμέ-

2094 5102 2217 5148 νους
2271 5084 2557 5155 διεφύλαξε
2609 5083 2708 5137 καὶ
2773 5083 2850 5153 μὴ
2883 5081 3198 5152 δεηθέντας,
3244 5079 3670 5149 οίβυθιζόμενοι

2093 5179 2194 5233 οὐκ
2227 5179 2614 5248 ἀπεπνίγοντο,
2639 5178 2733 5231 καὶ
2757 5177 3173 5247 ὲμπιπράμενοι
3197 5175 3257 5229 οὐ
3293 5173 3669 5234 κατεκαίοντο,

2093 5273 2186 5325 καὶ
2235 5270 2441 5342 θηρίων
2496 5272 2885 5339 ἐπαφιεμένων
2934 5269 3060 5323 οὐτε
3097 5268 3442 5332 ,ἐϐλάπτοντο
3465 5264 3668 5332 ὁτιοῦν,

2093 5364 2186 5417 καὶ
2234 5362 2502 5434 ἐτιμῶντο
2547 5365 2622 5428 ὡς
2655 5365 2721 5419 ἂν
2764 5361 2878 5436 εἶχε
2910 5365 3076 5434 τιμᾷν
3102 5363 3172 5416 τὰ
3205 5361 3391 5430 θηρία,
3450 5359 3544 5413 καὶ
3579 5358 3674 5429 δη-

2092 5455 2512 5530 λητηριούμενοι
2565 5457 2667 5512 οὐκ
2712 5458 3080 5528 ἀπέθνησκον.
3105 5453 3410 5527 Δεηθέντας
3437 5453 3494 5506 δέ
3538 5468 3672 5505 ποτε

2091 5550 2284 5615 ἄλλους
2328 5550 2468 5620 μετά
2493 5553 2593 5620 τὴν
2623 5550 2934 5622 παρρησίαν
2963 5550 3057 5605 καὶ
3077 5549 3269 5612 ἀθλους
3294 5546 3519 5609 πολλοὺς
3541 5546 3675 5598 ἀπο-

2090 5641 2466 5710 δεδειγμένους
2502 5640 2598 5696 σύν
2628 5642 2822 5716 εἰρήνῃ
2854 5641 3019 5712 ἐξῆγε
3057 5639 3152 5695 τοῦ
3187 5639 3326 5711 βίου,
3350 5638 3445 5692 καὶ
3501 5635 3674 5708 χωρίς

2089 5749 2234 5796 τινος
2267 5731 2448 5797 αἰτίας
2489 5733 2726 5802 φυσικῆς
2774 5733 2883 5790 τῶν
2917 5733 2983 5790 τά
3007 5733 3231 5790 τοιαῦτα
3283 5731 3412 5803 τέλη
3443 5731 3502 5785 ἐν
3550 5729 3664 5807 τοῖς

2091 5822 2401 5894 ἀνθρώποις
2429 5824 2836 5894 ἐργαζομένων.
