4100 6414
358 338 496 402 11:29

1347 333 1444 394 DE
1484 330 2241 392 PRAiDESTlNATlONE
2274 331 2505 390 LIBER
2545 330 2657 392 [Η.

3489 331 3623 441 1139

351 451 408 504 δὲ
432 450 491 502 τὸ
523 446 913 517 προστίθεσθαι
944 446 1040 499 καὶ
1070 445 1424 516 ἀφαιρεῖσθαι
1462 447 1768 517 ὡρισμένον
1794 448 1938 498 ποιεῖ
1967 457 2012 512 Α
2043 446 2317 513 ηργμένον
2368 443 2394 494 6
2427 443 2564 510 πρὸς
2611 442 2848 509 τάγαθὸν
2906 446 3081 496 ποιεῖν
3131 444 3289 498 εἴωθε
3338 444 3524 514 μόνον.
3549 448 3622 498 Τ).

352 545 412 594 τὸ
443 536 488 608 ᾦ
523 542 900 610 προστίθεται,
957 540 1054 592 καὶ
1102 541 1164 591 τὸ
1183 532 1244 590 οὗ
1295 541 1632 610 ἀφαιρεῖται,
1678 539 1732 592 ετ
1763 555 1826 606 γε
1859 541 1935 608 μὴ

353 635 440 702 εἴη
503 635 538 701 ἡ
602 632 896 702 προσθήκη
962 631 1192 700 ἄπειρος
1239 631 1338 684 καὶ
1387 633 1664 702 ἀόριστος.
1732 631 1938 700 Ἀλλ’ῆ

354 725 647 793 πρόσθεσις
664 725 761 788 τῆς
779 722 1018 776 ἐνταῦθα
1038 722 1181 792 ζωῆς
1203 723 1234 794 ἢ
1261 723 1490 793 μείωσις
1514 723 1824 795 ὡρισμένον
1883 723 1937 781 ἔ-

353 831 438 884 χει
457 814 518 866 τὸ
541 814 761 884 μέτρον,
776 812 919 895 ὥστε
942 813 1036 866 καὶ
1054 813 1114 865 τὸ
1140 813 1338 880 πέρας.
1365 811 1438 865 T6
1462 813 1519 865 δὲ
1537 813 1670 866 αὐτὸ
1688 814 1862 882 πέρας
1878 830 1937 866 τε

353 907 447 958 καὶ
466 906 592 976 ὄρος
618 906 718 973 τῆς
741 903 980 958 ἐνταῦθα
1001 903 1148 972 ζωῆς
1173 906 1291 957 ἐστι
1311 904 1408 956 καὶ
1430 904 1574 974 ἀρχὴ
1596 905 1691 974 τῆς
1713 903 1940 972 μελλούο

353 998 603 1064 σης,εῐτε
639 997 934 1066 δυστυχοῦς
967 996 1080 1049 εἴτε
1107 996 1456 1066 εὐδαίμονος.
1495 997 1608 1049 Καὶ
1629 995 1790 1048 τοῦτό
1821 997 1936 1049 ἐστι

350 1090 411 1143 τὸ
437 1091 610 1159 πέρας
635 1092 664 1144 6
698 1090 930 1153 θάνατος
954 1085 1074 1142 εἶτα
1107 1089 1175 1142 τά
1211 1089 1310 1158 μὲν
1341 1091 1398 1141 ἐν
1432 1091 1500 1159 τῇ
1524 1089 1725 1159 γαστρὶ
1749 1087 1938 1141 τελευ-

349 1182 530 1235 τῶντα
565 1180 742 1253 βρέφη
777 1185 994 1243 σκοπεῖ,
1051 1182 1177 1244 τοὺς
1209 1181 1267 1233 δὲ
1299 1181 1408 1234 ἀπὸ
1440 1180 1677 1252 γαστρὸς
1727 1181 1935 1253 μητρὸς

361 1273 668 1344 ἑπομένους
715 1273 841 1337 τοὺς
867 1276 933 1327 ἐκ
966 1273 1179 1336 κοιλίας
1225 1272 1432 1344 μητρὸς
1462 1261 1935 1344 προωρισμένουςν

349 1366 477 1429 τοὺς
506 1364 616 1419 ἀπὸ
657 1367 877 1437 μήτρας
908 1367 1308 1436 ἡγιασμένους,
1334 1365 1462 1430 τοὺς
1491 1366 1551 1432 ἐξ
1585 1364 1936 1434 ἐπαγγελιῶν

352 1460 736 1528 γεννωμένους
771 1459 830 1511 οὑ
866 1455 1085 1524 σκοπεῖ,
1115 1459 1165 1512 εί
1203 1458 1301 1512 καὶ
1331 1453 1400 1527 ῆν
1449 1475 1504 1509 τι
1553 1456 1614 1510 τὸ
1664 1457 1798 1525 περὶ
1824 1457 1934 1510 τῶν

349 1550 570 1620 βρεφῶν
611 1551 748 1620 πρὸς
777 1550 870 1604 τὸν
902 1550 1066 1619 λόγον
1099 1551 1192 1604 τόν
1223 1566 1282 1602 τε
1329 1549 1700 1620 προκείμενον
1725 1565 1740 1615 ;
1767 1547 1933 1601 Ἀλλά

345 1641 520 1694 ταῦτα
577 1641 868 1712 παρῶμεν.
902 1637 1034 1695 Εἶτα
1067 1641 1273 1716 λῃστὴν
1312 1643 1524 1708 εἰσάγει
1574 1643 1670 1696 καὶ
1719 1639 1932 1694 διδόντα

2045 539 2100 589 δὲ
2141 536 2413 604 πονηροὺς
2476 534 2541 586 ἂν
2591 537 2686 602 ἀφ’
2737 535 2946 588 ἑαυτῶν
2996 535 3324 606 γενομένους
3377 541 3474 591 καὶ
3528 540 3624 607 τὴν

2046 627 2235 696 ποινὴν
2263 627 2329 679 ἀν
2362 626 2664 694 ὑποστῆναι
2699 628 2796 678 καὶ
2825 626 2946 680 λίαν
2981 621 3050 699 ἦν
3081 629 3139 680 ἐν
3187 630 3253 698 τῇ
3294 627 3500 696 γνώσει
3527 628 3623 682 τοῦ

2044 719 2272 786 ποιητοῦ
2323 718 2652 790 ὡρισμένον.
2714 722 2825 775 Καὶ
2869 724 2919 776 εί
2962 722 3038 792 μὴ
3087 721 3260 785 οὕτως
3297 717 3388 793 ῆν,
3419 724 3518 778 οὑκ
3556 723 3623 777 ἂν

2044 811 2378 880 προελέγετο
2401 812 2478 874 ώς
2575 811 2642 866 ἂν
2675 813 2864 884 ἡμέρα⁸
2903 815 3188 883 φάγωνται
3215 817 3281 869 ἐκ
3314 815 3408 869 τοῦ
3439 815 3623 882 ξύλου,

2044 904 2263 972 θανάτῳ
2321 904 2755 970 ἀποθανοῦνται,
2801 907 2912 960 οὐδ’
2958 907 3026 960 ἂν
3083 907 3260 971 οὕτως
3319 907 3617 972 ἐξέϐαινεν.

2045 995 2369 1066 Προρῤηθέν
2394 995 2450 1048 δὲ
2474 995 2621 1049 οὑτω
2656 999 2750 1050 καὶ
2781 999 3007 1066 γεγονὸς
3042 1000 3136 1053 καὶ
3167 1001 3225 1053 ἐν
3255 1003 3320 1068 τῇ
3344 999 3464 1068 θεία
3486 999 3619 1068 ὥρι-

2043 1103 2138 1140 στο
2173 1085 2394 1154 γνώσει.
2434 1089 2543 1142 Καὶ
2583 1087 2677 1142 τὸν
2713 1088 2813 1156 μὲν
2854 1091 3088 1157 φυσικὸν
3118 1089 3332 1142 τουτονὶ
3365 1090 3622 1153 θάνατον,

2039 1177 2139 1250 τὴν
2194 1179 2290 1236 τοῦ
2358 1180 2713 1251 συνημμένου
2755 1182 3032 1252 διαίρεσιν
3090 1182 3336 1252 δηλονότι
3379 1185 3473 1236 καὶ
3524 1184 3624 1252 τὴν

2042 1273 2302 1343 στέρησιν
2347 1275 2447 1344 τῆς
2510 1270 2747 1334 ἐνταῦθα
2806 1274 2952 1344 ζωῆς
3011 1275 3417 1344 σπερματικῆς,
3457 1275 3622 1338 εὐθὺς

2041 1367 2338 1436 ὑφίσταντο
2363 1367 2525 1436 μόνον
2557 1368 2631 1430 ὼς
2657 1369 2751 1420 ἐπὶ
2779 1369 2951 1438 πόνῳ,
2987 1369 3101 1440 ζωῇ
3126 1371 3219 1421 καὶ
3244 1372 3392 1439 γήρᾳ
3424 1369 3519 1422 καὶ
3535 1371 3626 1421 νό-

2040 1476 2154 1521 σοις
2198 1459 2618 1528 ἐπισυμϐαίνειν
2649 1460 2928 1535 ,ἀφύκτως
2964 1460 3232 1529 μέλλοντά
3272 1478 3403 1514 ποτε
3436 1462 3623 1524 αὐτοῖς

2035 1568 2098 1604 τε
2140 1551 2236 1606 καὶ
2275 1553 2388 1614 τοῖς
2432 1552 2492 1615 ἐξ
2538 1550 2719 1605 αὐτῶν
2761 1553 3062 1622 ἐσομένοις,
3093 1554 3215 1606 ἀντὶ⁵
3265 1554 3362 1622 τῆς
3416 1554 3622 1606 ἀπόνου

2037 1643 2184 1712 ζωῆς
2229 1645 2328 1698 καὶ
2366 1643 2659 1706 ἀθανάτοις
2700 1645 3017 1716 πρεπούσης
3063 1646 3131 1716 ῆν
3171 1645 3623 1714 ἀποϐεϐληκότας

345 1733 702 1804 δηλητήριον,
752 1735 816 1787 οὑ
869 1734 1105 1805 διαιρῶν
1135 1735 1282 1796 τίνες
1325 1735 1377 1787 οί
1416 1733 1808 1804 ληστευόμενοι
1836 1732 1930 1784 καὶ
1962 1754 2003 1809 Β
2031 1735 2246 1807 ’μᾶλλον
2291 1735 2587 1806 ἐγνώρισε*
2626 1736 2717 1790 τὸν
2769 1738 2828 1800 δὲ
2861 1738 3094 1806 ψυχικὸν
3136 1740 3201 1791 ἐκ
3237 1737 3336 1808 τῆς
3382 1737 3620 1808 ἀληθοῦς

345 1828 490 1889 τινες
529 1828 579 1878 οί
607 1826 1104 1896 δηλητηριούμενοι
1124 1827 1218 1878 καὶ
1243 1824 1407 1878 τίνων
1435 1825 1619 1880 ἕνεκα.
1641 1824 1928 1886 Αἰτιατέος

344 1918 451 1970 δὲό
479 1917 614 1981 Θεὸς
660 1918 800 1987 ὑπὲρ
848 1917 1184 1988 οὐδετέρων,
1235 1918 1376 1972 ἀλλά
1410 1918 1510 1986 τῆς
1565 1915 1927 1986 ὀφειλομένης

345 2009 584 2076 ἀμοιϐῆς
634 2010 749 2072 τοῖς
790 2008 934 2078 ὑπὲρ
985 2009 1278 2072 εὐσεϐείας
1337 2009 1434 2063 καὶ
1486 2009 1692 2078 ἀρετῆς
1751 2006 1928 2060 ταῦτα

347 2101 810 2170 προαιρουμένοις
842 2101 876 2172 ἢ
910 2100 1162 2156 ὁπωσοῦν
1185 2100 1362 2162 ἄλλως
1391 2101 1695 2171 πάσχουσιν
1736 2101 1770 2173 ἢ
1799 2101 1930 2154 ὑπο-

356 2193 526 2262 μονῆς
556 2195 652 2246 καὶ
685 2194 786 2263 τῆς
805 2195 914 2248 τῶν
934 2193 1196 2247 τοιούτων
1216 2193 1459 2248 εὐσεϐῶν
1483 2193 1814 2264 προθυμίας,
1831 2195 1930 2248 καὶ

347 2285 468 2337 λίαν
499 2286 914 2358 ὑπερδοξάσεως
946 2288 980 2358 ἢ
1014 2287 1127 2349 τοῖς
1163 2286 1304 2355 ὑπὲρ
1326 2284 1496 2339 αὑτοῦ
1543 2285 1926 2355 θανουμένοις,

346 2375 465 2428 ἀνθ’
494 2377 621 2428 ὅτου
651 2377 752 2438 τάς
777 2377 880 2446 τῆς
912 2378 1218 2448 καρτερίας
1257 2375 1496 2448 ἀμοιϐὰς
1522 2378 1927 2446 ἐπαγγέλλεται

349 2467 426 2537 μὴ
485 2466 814 2537 βουλόμενος
861 2469 1063 2533 αὑτοὺς
1112 2469 1260 2524 οὑτω
1309 2469 1621 2539 φιλοσοφεῖν
1655 2472 1752 2524 καὶ
1795 2471 1926 2542 0v!)-

346 2575 499 2613 σκειν
531 2561 670 2631 ὑπὲρ
703 2562 894 2627 αὑτοῦ,
923 2563 1123 2633 μᾶλλον
1144 2564 1201 2618 δὲ
1226 2564 1369 2634 ὑπὲρ
1391 2565 1627 2620 ἑαυτῶν.
1663 2569 1774 2622 Καὶ
1807 2567 1925 2630 πῶς

345 2654 688 2722 ἀπήλλαττεν
737 2657 841 2718 ’ἐως
895 2656 1152 2710 ἐϐούλετο
1207 2657 1460 2711 θανάτων
1519 2663 1928 2730 φανερωτάτων

345 2745 488 2800 ὥστε
527 2749 755 2812 ἀπορεῖν
782 2752 906 2812 τοὺς
945 2751 1252 2818 ἐπάγοντας
1305 2751 1398 2803 καὶ
1437 2753 1504 2821 τῇ
1544 2750 1727 2808 πίστει
1757 2769 1928 2822 προσ-

346 2839 594 2893 τίθεσθαι
653 2843 794 2911 μετά
826 2842 920 2896 τοῦ
952 2843 1130 2897 θέλειν
1173 2846 1372 2908 αὐτοὺς
1426 2848 1535 2900 πᾶν
1572 2845 1754 2899 ὁτιοῦν
1786 2847 1928 2916 ὑπὲρ

345 2937 443 3003 τῆς
475 2936 706 3004 ἀληθοῦς
735 2937 1068 3006 ὑφίστασθαι
1103 2939 1376 3004 πίστεως;
1405 2940 1682 3008 ἐγκαίρως
1711 2939 1768 2993 δέ
1799 2957 1926 2996 συν-

345 3029 537 3096 ἐχώρει
565 3029 964 3097 στεφανοῦσθαι
997 3035 1062 3101 τῇ
1090 3035 1316 3101 τελευτῇ
1358 3032 1497 3100 μετὰ
1524 3030 1623 3102 τὴν
1664 3031 1924 3098 γενναίαν

2033 1825 2174 1894 ζωῆς
2203 1829 2412 1896 χωρισᾱ
2421 1843 2606 1894 μενον,
2629 1826 2766 1896 φεῦί
2797 1829 2890 1880 καὶ
2914 1828 3014 1896 τὴν
3039 1826 3133 1880 τοῦ
3151 1827 3406 1897 κειμένου
3430 1828 3623 1891 τέλους

2032 1918 2352 1974 ἀπόπτωσιν
2385 1919 2477 1972 τὸν
2512 1918 2695 1988 πολλῷ
2731 1919 2826 1972 τοῦ
2863 1919 3136 1990 προτέρου
3168 1920 3338 1990 χείρω
3378 1919 3616 1974 θάνατον

2031 2009 2188 2062 αύτοί
2214 2026 2273 2065 τε
2301 2008 2466 2074 εὐθὺς
2510 2009 2834 2080 ὑπέστησαν
2879 2010 3027 2082 ἔργῳ
3063 2009 3159 2064 καὶ
3196 2011 3312 2074 τοῖς
3343 2010 3402 2076 ἐξ
3436 2009 3620 2064 αὑτῶν

2031 2100 2396 2168 γεννωμένοις
2423 2100 2662 2166 ἀνιάτως
2718 2101 3091 2173 παρέπεμπον
3142 2101 3274 2174 ἄχρι
3303 2101 3399 2155 τοῦ
3429 2101 3618 2172 φιλαν-
3675 2125 3680 2132 -

2033 2191 2389 2258 θρωποτάτου
2421 2193 2540 2263 ἅμα
2577 2195 2672 2246 καὶ
2710 2193 3026 2264 σοφωτάτου
3069 2194 3168 2266 τῆς
3204 2195 3357 2258 θείας
3401 2197 3613 2260 οἰκονο-

2035 2288 2165 2358 μίας
2197 2289 2518 2358 φαρμάκου.
2541 2289 2651 2342 Καὶ
2680 2288 2788 2359 μὴν
2819 2287 2930 2342 οὐδ’
2955 2289 3074 2341 ἐστι
3104 2306 3187 2352 τις
3218 2290 3246 2342 6
3277 2289 3452 2358 λέγων
3475 2287 3616 2342 ὅλων

2032 2377 2176 2433 εἶναι
2200 2381 2301 2451 τὴν
2340 2383 2676 2451 πρόγνωσιν,
2710 2383 2760 2435 εί
2793 2383 2871 2452 μὴ
2923 2381 3015 2435 καὶ
3063 2381 3279 2451 κίνησιν
3313 2382 3486 2436 ἐθέλοι
3529 2381 3616 2434 λέ-

2031 2489 2151 2540 γειν
2179 2473 2240 2527 τὸ
2273 2475 2370 2542 τῆς
2407 2474 2676 2552 κινήσεως
2711 2475 2908 2544 πέρας.
2932 2475 3114 2528 Αἴτιον
3159 2475 3216 2527 δέ
3253 2491 3372 2536 πως
3411 2474 3616 2543 μᾶλλον

2031 2565 2133 2633 τῆς
2166 2565 2531 2635 προγνώσεως
2559 2567 2588 2618 6
2621 2565 2747 2636 ὄρος
2793 2567 2944 2620 ἐστί·
2988 2566 3186 2621 τούτου
3216 2567 3327 2637 γὰρ
3375 2569 3620 2638 προὺπο-

2032 2657 2322 2725 τιθεμένου
2374 2658 2600 2712 δύναται
2668 2657 3152 2728 προγινώσκεσθαι
3203 2660 3282 2730 τῷ
3340 2659 3613 2727 τοσαύτην

2033 2750 2210 2820 ἔχοντι
2255 2751 2507 2820 δύναμιν,
2553 2752 2702 2814 ὅπως
2750 2753 2871 2805 τόδε
2923 2770 2976 2805 τι
3027 2751 3284 2816 τεύξεται
3339 2753 3433 2806 τοῦ
3480 2754 3613 2824 ὅρου

2033 2843 2174 2912 πρὸς
2203 2844 2415 2896 ἐκεῖνον
2455 2844 2838 2914 φερόμενον,ῆ
2885 2845 3216 2915 ἀτευκτήσει
3250 2845 3328 2914 μὴ
3365 2846 3599 2915 φερόμε-

2033 2951 2146 2998 νον,
2173 2935 2267 2986 καὶ
2297 2933 2416 2996 πῶς
2451 2934 2484 3002 ἢ
2539 2934 2671 2990 πότε
2731 2935 3004 3000 τεύξεται.
3058 2935 3246 2990 Ταῦτα
3284 2936 3385 3005 μὲν
3422 2935 3515 2990 οὖν
3549 2939 3605 2987 ἐι

2033 3012 2354 3097 περιουσίας
2403 3028 2606 3098 μᾶλλον
2641 3030 2832 3098 χρείας
2867 3030 3088 3102 εἴρηται
3115 3045 3129 3060 ·
3161 3031 3449 3094 ἀνοικείως
3499 3030 3603 3099 γάρ

345 3117 454 3169 τῶν
489 3117 719 3186 ἀγώνων
750 3117 1033 3183 ἐπίδειξιν.
1085 3119 1402 3189 Εὑρυτέρας
1429 3119 1485 3171 δὲ
1519 3118 1653 3188 πρὸς
1696 3119 1766 3172 τὰ
1797 3118 1928 3188 περὶ
1957 3127 1999 3186 c
2031 3119 2097 3186 τῇ
2133 3118 2392 3188 περὶτῶν
2421 3119 2568 3190 ὅρων
2603 3122 2702 3190 τῆς
2737 3120 2884 3190 ζωῆς
2912 3120 3173 3175 ὑποθέσει
3199 3123 3296 3175 καὶ
3327 3122 3423 3177 τοῦ
3457 3120 3612 3175 θείου

345 3213 558 3284 λῃστῶν
592 3215 684 3265 καὶ
715 3214 1066 3285 δηλητηρίων
1097 3213 1194 3268 νῦν
1237 3213 1472 3284 θεωρίας
1506 3213 1566 3267 οὐ
1594 3211 1777 3282 χρεία,
1807 3209 1920 3265 ἀλλ’

344 3307 424 3357 ὅτι
461 3305 624 3374 μόνον
652 3306 775 3376 εἰκῆ
805 3305 874 3358 τὰ
905 3303 1136 3356 τοιαῦτα
1182 3303 1444 3372 συνείρει.
1482 3302 1651 3355 ’Λλλά
1687 3301 1924 3355 τά-ἇλλα

343 3397 534 3450 τούτου
563 3397 840 3466 παρίημι⁶
879 3398 911 3466 ἡ
947 3397 1004 3449 δὲ
1041 3396 1377 3466 πρόγνωσις,
1410 3397 1599 3464 φησὶν.
1638 3397 1738 3448 οὐκ
1774 3394 1925 3446 ἔοτ.ν

346 3493 504 3558 ὅρος·
541 3490 920 3560 προεγίνωσκε
972 3489 1081 3559 γὰρ
1108 3491 1136 3541 6
1167 3488 1300 3552 Θεὸς
1348 3487 1445 3558 τὴν
1485 3487 1802 3556 παράϐασιν
1830 3487 1926 3541 τοῦ

356 3581 531 3651 Ἀδὰμ
564 3586 660 3634 καὶ
692 3581 790 3652 τὴν
817 3579 911 3633 τοῦ
957 3579 1214 3634 διαϐόλου
1254 3579 1488 3646 τροπὴν,
1529 3579 1628 3632 καὶ
1666 3577 1766 3640 τὰς
1797 3581 1927 3632 ἐπισ-

344 3677 621 3745 χειρήσεις
646 3677 752 3729 τῶν
769 3675 1117 3746 ἀνδροφόνων
1149 3672 1246 3728 καὶ
1271 3673 1380 3727 τῶν
1407 3671 1623 3726 ἀσεϐῶν
1657 3671 1759 3742 τὴν
1787 3672 1925 3729 πλάο

343 3789 464 3840 νην,
497 3770 592 3824 καὶ
618 3770 782 3832 αὐτὸς
810 3768 982 3839 ὥρισε
1030 3769 1217 3822 λοιπὸν
1247 3767 1474 3830 τούτους
1526 3766 1807 3830 τοιούτους
1840 3768 1926 3834 γί-

345 3863 554 3918 νεσθαι.
596 3862 760 3916 ’Λλλά
795 3862 955 3916 τοῦτο
988 3862 1206 3926 ἀσεϐὲς,
1235 3862 1392 3931 φησὶ,
1425 3862 1590 3916 νοεῖν.
1629 3860 1790 3930 Ἐξῆν
1821 3861 1922 3928 μὲν

261 3983 272 3992 ·
341 3954 436 4011 οὖν
471 3975 577 4012 τινι
607 3957 786 4026 λέγειν
831 3957 969 4026 πρὸς
1006 3957 1169 4009 αὑτὸν
1208 3953 1405 4023 ὥσπερ
1436 3952 1922 4023 ἀντεπηρεάζοντι,

345 4050 454 4103 Καὶ
488 4035 648 4120 είμῆ
684 4047 908 4120 ὥρισεν,
947 4046 1228 4118 ἄνθρωπε,
1251 4044 1369 4098 ἀλλ’
1397 4044 1512 4098 οὐδ’
1535 4044 1783 4097 ἐκώλυσε
1811 4061 1922 4096 κω-

342 4143 491 4196 λύειν
519 4143 843 4210 δυνάμενος.
878 4141 938 4193 Ὀ
973 4140 1278 4210 δυνάμενος
1319 4139 1378 4194 δὲ
1415 4138 1661 4191 κωλῦσαι
1707 4137 1804 4190 καὶ
1849 4136 1925 4206 μὴ

343 4233 571 4287 κωλύων
597 4233 759 4297 αὑτὸς
799 4233 948 4286 δοκεῖ
995 4236 1282 4302 πράττειν.
1332 4229 1730 4299 Ἀληθέστερον
1762 4227 1807 4279 δ’
1857 4228 1925 4282 ἂν

342 4324 465 4380 εἶπέ
495 4345 577 4388 τις
609 4328 746 4396 πρὸς
776 4326 941 4380 αὑτὸν
973 4327 1068 4380 καὶ
1094 4326 1214 4378 λίαν
1245 4324 1487 4387 οἰκείως,
1519 4322 1582 4376 El
1611 4323 1710 4392 μὲν
1729 4320 1923 4390 ὥρισε,

339 4419 402 4473 τὸ
435 4417 738 4489 προσέταξε
771 4419 977 4486 λέγεις,
1021 4410 1067 4471 ὦ
1099 4417 1234 4470 καλὲ
1281 4417 1391 4470 τῶν
1435 4414 1600 4468 θείων
1651 4415 1922 4484 ἐξηγητά.

340 4513 375 4584 ἢ
402 4513 756 4583 ἐπηνάγκασε
784 4526 798 4541 ·
828 4515 922 4564 καὶ
950 4511 1034 4573 τίς
1069 4513 1218 4562 ἐστιν
1243 4508 1272 4560 6
1302 4506 1460 4560 τοῦτο
1485 4506 1702 4576 φρονῶν
1751 4505 1784 4576 ἢ
1836 4504 1926 4558 λέ-

339 4623 454 4670 γων
481 4623 496 4668 ς
527 4608 574 4659 εἰ
607 4605 666 4656 δέ
718 4604 779 4656 τὸ
814 4605 952 4672 πρὸς
999 4606 1089 4655 τὸν
1120 4603 1248 4671 ὅρον
1303 4602 1399 4652 καὶ¹
1437 4599 1500 4652 τὸ
1554 4599 1710 4661 τέλος
1761 4597 1922 4662 ἔταξε

340 4699 523 4766 λέγεις
567 4699 635 4767 τῇ
688 4696 822 4767 παρ’
873 4696 1068 4748 ἑαυτοῦ
1131 4694 1392 4766 χορηγίᾳ,
1425 4692 1546 4744 οὐδὲ
1600 4691 1760 4746 τοῦτο
1795 4691 1927 4760 περὶ

340 4791 432 4844 τοῦ
485 4791 661 4860 ’Δδὲιμ
697 4793 793 4844 καὶ
821 4791 932 4843 τῶν
967 4789 1146 4843 ἄλλων
1203 4790 1321 4858 ἐρεῖ
1353 4802 1468 4850 τις·
1514 4784 1652 4855 πρὸς
1684 4784 1794 4853 γάρ
1833 4783 1926 4836 τὸν

337 4883 466 4952 ὅρον
517 4883 610 4932 καὶ
667 4883 730 4934 τὸ
782 4881 939 4943 τέλος
973 4873 1036 4933 οὑ
1084 4879 1248 4949 χάριν
1301 4874 1564 4946 παρήχθη
1595 4873 1719 4928 οὕτε
1762 4873 1926 4936 αὐτὸς

339 4975 570 5046 ἠθέλησε
607 4974 896 5047 ὁρισθῆναι
926 4975 1051 5026 οὔτε
1094 4973 1194 5040 τῆς
1233 4969 1334 5024 τοῦ
1366 4967 1574 5040 ὁρίζειν
1613 4967 1924 5036 δυναμένου

341 5066 630 5137 συνεργίας
652 5067 851 5136 ἐδεήθη
881 5065 979 5118 καὶ
1009 5064 1262 5133 ὁδηγίας,
1301 5061 1419 5116 ἀλλ’
1448 5059 1613 5122 εὐθὺς
1639 5057 1927 5128 γινόμενον

340 5161 647 5231 ἀφηνίασεν
671 5173 685 5188 ο
712 5159 836 5212 ὅθεν
867 5160 981 5221 τοῖς
1030 5158 1163 5226 περὶ
1209 5155 1321 5212 τῶν
1365 5152 1802 5224 προωρισμένων
1836 5152 1925 5203 λό-

340 5271 472 5320 γους
499 5253 620 5305 οὑδὶ
659 5253 838 5305 κοινὸν
866 5253 964 5304 καὶ
1003 5255 1120 5311 τοῖς
1175 5246 1414 5318 πρώτοις
1472 5243 1785 5315 ἀνθρώποις
1823 5243 1884 5294 δν
1911 5279 1923 5291 .

351 5345 600 5419 Ὠρίσθαι
624 5345 682 5398 δὲ
711 5345 888 5407 ἄλλως
916 5345 974 5396 ἐν
1013 5345 1078 5413 τῇ
1129 5341 1258 5412 θείᾳ
1296 5338 1495 5408 γνώσει
1525 5357 1584 5392 τε
1636 5339 1759 5392 κατ’
1783 5337 1926 5390 ἐκεί-

341 5457 466 5501 νους
506 5442 601 5492 καὶ
633 5439 754 5491 λίαν
785 5437 934 5490 ἐστὶν
969 5435 1171 5506 ἀληθές
1191 5451 1204 5464 ο
1253 5432 1528 5506 πονηροὺς
1560 5431 1659 5502 μὲν
1693 5431 1800 5500 γὰρ
1829 5447 1927 5499 γε-

341 5534 531 5588 νέσθαι
559 5534 652 5585 τὸν
710 5531 884 5600 ’Λδὰμ
918 5531 1015 5584 καὶ
1064 5533 1165 5598 τῆν
1210 5523 1362 5582 Εὗαν
1415 5525 1666 5595 οὐδαμῶς
1698 5521 1766 5596 ἦν
1795 5524 1930 5592 ώρι-

345 5625 543 5694 σμένον
573 5625 637 5676 ἐκ
681 5625 777 5677 τοῦ
797 5622 950 5698 ¹Θεοῦ
977 5621 1092 5678 οὔθ’
1136 5622 1210 5684 ὡς
1251 5620 1761 5692 προστεταγμένον,
1788 5617 1925 5670 ὅπου

341 5735 405 5788 γε
451 5717 575 5771 οὑδὲ
636 5718 776 5787 πρὸς
823 5716 1066 5785 τάγαθὸν
1122 5714 1376 5785 βιάζεται
1428 5711 1528 5778 τὴν
1575 5708 1928 5779 ἀνθρωπίνην

341 5811 685 5882 προαίρεσιν,
716 5808 920 5871 οὑθ’ώς
953 5809 1386 5876 συντεταγμένον
1421 5804 1655 5866 ἐκείνοις
1691 5801 1753 5854 1:6
1797 5816 1945 5869 συν-ι

661 5909 933 5966 ΡΑτιιοι..
978 5907 1094 5964 Gn.
1139 5902 1301 5968 CLX.

2033 3211 2373 3283 προορισμοῦ
2433 3212 2685 3286 Διοδώρῳ
2740 3231 2800 3267 τε
2863 3215 3144 3286 ῆπςερηται
3185 3213 3459 3284 πρότερον
3517 3219 3608 3270 καὶ

2030 3305 2166 3373 ἡμῖν
2205 3303 2300 3356 νῦν
2353 3304 2641 3374 διατριϐῆς
2698 3305 2859 3375 χάριν
2914 3304 3267 3376 ἐπεστατήθη
3297 3321 3312 3336 ’
3347 3307 3507 3376 ῆρκει
3555 3306 3612 3361 δὲ

2028 3394 2286 3448 τοσοῦτον
2311 3397 2486 3450 εἰπεῖν
2520 3396 2597 3458 ὼς
2630 3398 2826 3467 ἀγνοίᾳ.
2855 3396 2948 3454 τοῦ
2981 3397 3114 3468 ὅρου
3149 3399 3244 3450 καὶ
3269 3396 3362 3450 τοῦ
3388 3414 3606 3466 προοριο

2033 3488 2173 3556 σμοῦ
2210 3487 2416 3541 καὶτοῦ
2451 3489 2764 3560 προορίζειν
2787 3489 3003 3556 καὶτῆς
3033 3487 3313 3558 προνοίας,
3345 3489 3612 3559 μᾶλλονδὲ

2029 3580 2224 3652 ἀγνοίᾳ
2243 3579 2444 3650 πολλῆς
2463 3580 2562 3649 τῆς
2577 3581 2928 3650 ἀνθρωπίνης
2940 3597 3000 3632 τε
3021 3582 3117 3633 καὶ⁵
3135 3581 3283 3644 θείας
3303 3583 3606 3652 σοφίαςνοῦ⁸

2028 3673 2119 3736 τός
2153 3689 2208 3724 τε
2231 3673 2258 3724 6
2285 3671 2552 3741 Διόδωρος
2585 3671 2679 3726 καί
2705 3687 2849 3734 τινες
2880 3671 3030 3736 ἀλλοι
3053 3675 3152 3743 οὑχ
3178 3667 3282 3724 οἷοί
3336 3689 3396 3725 τε
3451 3680 3610 3746 γεγό-

2032 3781 2188 3818 νασιν
2212 3763 2452 3834 ἐγκύψαι
2487 3763 2563 3832 τῷ
2595 3762 2754 3831 βάθει
2786 3763 2880 3833 τῆς
2921 3763 3236 3829 ὑποθέσεως
3267 3768 3361 3820 καὶ
3388 3768 3465 3837 τῷ
3501 3773 3610 3823 τῶν

2028 3857 2367 3912 διδασκάλων
2426 3857 2651 3926 σκοπῷ·
2704 3857 2857 3912 δοκεῖ
2911 3858 3020 3928 γὰρ
3093 3857 3252 3923 οὗτος
3292 3860 3481 3930 ῆόρον
3509 3863 3610 3930 τὴν

2029 3953 2278 4020 ἀνάγκην
2307 3951 2448 4003 νοεῖν
2492 3953 2587 4005 καὶ
2625 3950 2724 4021 τὴν
2756 3949 3056 4020 πρόσταξιν
3098 3951 3240 4005 πάνυ
3289 3953 3546 4022 χυδαίιυς,
3577 3955 3610 4026 ἢ

2027 4044 2170 4111 ὅρων
2217 4041 2319 4110 τῆς
2369 4036 2725 4112 ἀνθρωπίνης
2785 4041 2937 4112 ζωῆς
2998 4042 3175 4112 πέρας
3221 4060 3274 4095 τι
3324 4027 3611 4114 βούλεσθαι

2028 4137 2170 4190 νοεῖν
2202 4135 2299 4203 τῆς
2341 4134 2489 4204 ζωῆς
2515 4134 2871 4204 τεταγμένων
2904 4134 3123 4205 ἑκάστῳ
3161 4136 3272 4188 τῶν
3302 4137 3612 4209 ἀνθρώπων

2013 4227 2278 4295 ’φυσικῶς
2327 4227 2748 4296 ἀπαραίτητον·
2801 4228 2898 4281 καὶ
2943 4227 3034 4281 διὰ
3087 4225 3246 4279 τοῦτό
3298 4245 3507 4297 φησιν’
3547 4231 3610 4284 Et

2027 4320 2153 4387 ὅρος
2181 4314 2248 4388 ῆν
2275 4318 2376 4384 τῆς
2417 4319 2587 4386 ζωῆς,
2620 4318 2740 4380 πῶς
2769 4318 3119 4389 ὲμακρύνετο
3158 4319 3224 4373 ἀν
3257 4320 3362 4373 ὑπὸ
3392 4320 3530 4375 Θεοῦ
3577 4325 3610 4392 ἡ

2030 4409 2139 4461 τῶν
2181 4409 2488 4476 ἀνθρώπων
2533 4407 2691 4478 ζωῆς
2746 4408 2994 4470 καὶπῶς
3042 4408 3468 4476 συνεστέλλετος
3513 4414 3608 4468 καὶ

1954 4485 2003 4544 Ῑ)
2034 4502 2150 4564 πῶς
2187 4501 2254 4555 ἂν
2295 4501 2526 4572 ἡδύνατό
2557 4518 2641 4564 τις
2670 4501 2764 4553 τὸν
2798 4502 2922 4570 ὅρον
2952 4499 3296 4554 διασαλεύειν
3346 4501 3548 4574 χείρων
3576 4503 3610 4573 ἢ

2029 4595 2270 4662 ἀμείνων
2310 4594 2635 4663 γινόμενος;
2702 4593 3102 4666 Ἀπλούστερον
3141 4591 3200 4645 δὲ
3250 4594 3345 4648 καὶ
3375 4595 3435 4646 τὸ
3469 4593 3613 4647 οὑτω

2026 4685 2361 4740 διανοεῖσθαι
2386 4702 2400 4716 ο
2444 4685 2569 4754 ὄρος
2601 4668 2712 4755 γάρ
2757 4685 2922 4754 φύσει
2951 4684 3052 4752 τῆς
3085 4683 3433 4755 ἀνθρωπίνης
3467 4684 3612 4754 ζωῆς

2029 4777 2205 4840 οὐδείς
2240 4777 2388 4830 ἐστιν
2421 4777 2455 4846 ῆ
2503 4775 2713 4829 πολλῶν
2761 4776 2982 4828 αἰτιῶν·
3030 4775 3109 4828 διὸ
3145 4777 3237 4831 καὶ
3279 4778 3498 4847 εἴρηται
3524 4774 3612 4842 τὸ,

2026 4870 2423 4939 Γρηγορεῖτε·
2471 4869 2560 4922 ὅτι
2603 4872 2717 4924 οὐκ
2764 4869 2969 4923 οῖδατε
3013 4871 3154 4935 ποίᾳ
3211 4869 3461 4938 φυλακῇ
3505 4869 3614 4937 τῆς

2030 4964 2254 5031 νυκτὸς
2280 4967 2311 5018 d
2355 4965 2622 5030 κλέπτης
2643 4963 2906 5031 ἔρχεται.
2932 4961 2994 5015 El
3030 4961 3086 5014 δὲ
3117 4956 3186 5030 ἦν
3213 4962 3522 5031 ὡρισμένον
3557 4963 3615 5016 ἐν

2028 5061 2096 5128 τῇ
2127 5057 2289 5127 φύσει
2330 5055 2389 5110 τὺ
2411 5055 2586 5126 πέρας
2617 5055 2718 5124 τῆς
2743 5053 2980 5107 ἐνταῦθα
3015 5053 3162 5121 ζωῆς
3186 5093 3203 5118 ,
3243 5051 3302 5104 ἓν
3330 5053 3396 5105 ἂν
3421 5047 3489 5121 ἦν
3522 5053 3614 5104 καὶ

2029 5148 2231 5202 ταυτὸν
2264 5146 2492 5202 ἅπασιν.
2529 5147 2594 5201 Ιιῖί
2624 5147 2682 5199 δὲ
2705 5139 2816 5199 οἷόν
2844 5161 2906 5197 τε
2938 5141 3006 5214 ἦν
3037 5142 3195 5211 φύσει
3229 5142 3326 5195 καὶ
3354 5141 3612 5210 διάφορον

2028 5236 2194 5306 εἶναι,
2242 5238 2560 5308 ἐγινώσκετ⁹
2615 5238 2682 5292 ἂν
2733 5238 2838 5290 ὑπὸ
2877 5237 2989 5292 τῶν
3039 5233 3366 5308 ἀνθρώπων,
3421 5235 3612 5289 τοὺλάο

2029 5351 2217 5406 χιστον
2255 5333 2362 5386 ὑπὸ
2410 5334 2518 5384 τῶν
2551 5331 2755 5400 σοφῶν,
2788 5329 2899 5383 τῶν
2943 5329 3036 5384 καὶ
3069 5328 3368 5401 τάλλαίτῆς
3396 5327 3614 5396 φύσεως

2029 5424 2381 5494 ἐξητακότων
2439 5423 2577 5494 ἔργα
2641 5424 2782 5478 πάνυ
2839 5420 3050 5485 καλῶς.
3118 5419 3244 5474 Ἐπὶ
3302 5420 3364 5472 τὸ
3425 5418 3614 5490 μεῖζον

2033 5518 2194 5586 μόνον
2223 5516 2338 5569 ἔστι
2381 5533 2500 5579 πως
2527 5515 2714 5568 λαϐεῖν
2760 5515 2885 5584 ὅρον
2918 5515 3018 5582 τῆς
3055 5513 3410 5584 ἀνθρωπίνης
3441 5511 3612 5580 ζωῆς,

2031 5610 2128 5662 καὶ
2152 5607 2343 5664 τοῦτον
2369 5608 2734 5677 ἐνδεχομένως
2760 5622 2820 5658 τε
2841 5607 2934 5658 καὶ
2963 5606 3230 5670 σπανίως,
3261 5606 3335 5667 ὡς
3369 5604 3613 5658 σπανίων

2031 5701 2194 5756 τινῶν
2243 5702 2338 5754 ἐπ”.
2401 5700 2593 5752 τοῦτον
2654 5700 3090 5768 ἐφικνουμένων,
3163 5697 3310 5751 καθά
3369 5712 3538 5766 φησιν
3572 5700 3614 5748 εί

2025 5793 2216 5860 Δαυῖδ,
2272 5793 2328 5850 ἐν
2370 5791 2722 5855 δυναστείαις
2756 5792 2848 5845 καὶ
2887 5791 3042 5861 μόλις
3083 5790 3162 5852 εἰς
3201 5792 3290 5840 τόν
3318 5788 3613 5862 ὀγδοηκονο

3185 5883 3260 5946 36
