4100 6410
406 435 544 500 11εῆ

1395 440 1498 502 DE
1538 441 2305 509 PR/BDESTINATIONE
2347 450 2583 513 LIBER
2617 452 2714 513 IV.

3533 462 3669 527 1146

403 546 600 619 νηρούς
634 547 823 643 τε-καί
861 547 1105 618 ἀγαθοὺς
1138 550 1197 603 εν
1227 567 1290 619 γε
1329 553 1442 616 τοῖς
1480 554 1620 625 πρὸς
1666 555 1766 626 τήν
1797 556 1989 628 χρείαν
2019 564 2060 620 Α
2092 580 2179 631 ροι
2211 565 2353 619 κατά
2392 566 2493 637 τὴν
2540 566 2652 620 τῶν
2685 569 2867 626 τόπων
2913 570 3196 643 διαφοράν.
3251 577 3353 631 Ἐκ
3382 577 3437 631 δὲ
3469 579 3579 633 τῶν
3610 582 3669 635 ἐν

402 643 501 706 τῆς
534 639 769 695 ἐνταῦθα
801 641 947 709 ζωῆς
1000 645 1302 714 ἀνήκουσιν
1348 647 1412 700 ού
1471 648 1634 717 μόνον
1670 647 1886 720 βρέχων
1919 668 1980 704 τε

404 731 571 783 πᾶσιν
594 730 796 798 ὁμοίως
818 731 913 783 καί
942 731 1034 784 τὸν
1063 732 1217 802 ήλιον
1250 735 1457 802 φαίνων
1489 737 1583 790 καὶ
1614 740 1794 793 πάντα
1824 739 1888 812 δή
1915 741 1984 795 τὰ

403 820 631 876 τοιαῦτα
647 822 839 883 ποιῶν,
859 823 996 877 ἀλλά
1016 828 1109 879 καὶ
1133 826 1392 880 κινδύνοιν
1415 831 1708 898 προφανῶν
1731 832 1982 902 ἰξαιρού-

406 930 587 983 μενος,
601 913 722 968 ούδέ
747 915 988 981 πιστοὺς,
1015 919 1177 985 μόνον
1195 919 1332 973 ἀλλά
1349 922 1442 973 καὶ
1462 921 1725 985 ἀπίστους
1741 924 1845 978 ύπδ
1864 924 1979 994 φιλ-

404 1005 744 1076 ανθρωπίας,
773 1008 867 1059 καί
890 1008 1095 1076 μᾶλλον
1116 1009 1164 1063 εί
1193 1010 1419 1073 δικαίως
1453 1010 1652 1081 βιοῖενο
1689 1012 1814 1080 δόξα
1848 1015 1978 1086 γὰρ,

403 1100 560 1165 φησί,
584 1098 756 1151 ταῦτα
779 1098 1024 1165 δηλονότι
1060 1102 1153 1153 καὶ
1182 1101 1467 1166 δικαίωσις
1497 1106 1558 1155 ἐκ
1592 1103 1730 1157 Θεοῦ
1759 1104 1837 1174 τῷ
1868 1106 1984 1175 ἐρ-

404 1187 695 1260 γαζομένῳ
719 1190 780 1243 τδ
801 1190 1031 1259 ἀγαθὸν,
1077 1191 1314 1261 μάλιστα
1350 1192 1721 1267 μένξίουδαίῳ
1751 1195 1829 1266 τῷ
1852 1197 1982 1267 περὶ

403 1282 496 1335 τὸν
524 1282 622 1335 ’ἐνα
650 1280 787 1335 Θεὸν
816 1282 1157 1348 εύσεϐοῦντι,
1183 1278 1305 1338 εἶτα
1348 1286 1447 1340 καὶ
1483 1286 1709 1359 Ἕλληνι
1738 1288 1816 1359 τῷ
1850 1291 1982 1359 περί

403 1375 472 1426 τὰ
504 1372 626 1427 θεῖα
658 1373 1069 1446 πεπλανημένῳ
1094 1392 1108 1408 θ
1138 1375 1241 1440 τῆς
1277 1376 1377 1443 μὲν
1423 1379 1533 1450 γάρ
1582 1380 1841 1445 ἀπιστίας
1865 1381 1983 1435 ἐκεῖ

403 1468 495 1518 τὸν
524 1465 624 1520 οὐκ
660 1466 861 1538 εὐτυχῆ
890 1468 1107 1538 καρπὸν
1147 1468 1407 1538 λήψεται,
1438 1471 1538 1539 τῆς
1567 1469 1613 1524 δ’
1649 1471 1817 1540 ἄλλης
1848 1472 1982 1540 ἀγα-

405 1560 662 1630 θοεργίας
712 1561 815 1614 οὐκ
864 1561 1097 1630 ἄμισθος
1161 1561 1400 1616 ἐνταῦθα
1454 1562 1977 1635 καταλειφθήσεται.

403 1650 623 1707 ΜΞ>.).ον
654 1651 710 1705 δέ
744 1653 872 1715 τοὺς
922 1652 1165 1716 ἀγαθοὺς
1214 1654 1441 1725 ἀγαπᾷν
1483 1653 1705 1721 λέγεται
1744 1656 1811 1726 τῇ
1846 1654 1981 1724 πρὸς

403 1745 505 1813 τήν
552 1743 728 1814 ἀληθῆ
782 1761 843 1798 τε
897 1747 993 1798 καὶ
1032 1746 1338 1816 μέλλουσαν
1383 1744 1529 1817 ζωήν
1567 1745 1872 1816 ἀποϐλέψει
1904 1746 1981 1809 ὡς

405 1835 544 1905 πρὸς
584 1837 758 1906 αὐτὴν
798 1838 981 1906 μόνοις
1016 1838 1300 1909 συνεργῶν
1339 1839 1455 1901 τοῖς
1492 1838 1741 1907 πρώτοις
1783 1839 1978 1907 ἐπιμε-

405 1928 635 1998 ληθῆναι
673 1929 989 2000 ἠγαπηκόσι
1015 1934 1363 2002 συνεργήσας
1413 1931 1480 1985 ἂν
1516 1931 1613 1984 καί
1647 1927 1897 1999 πᾶσινβῖ
1917 1946 1980 1997 γε
2016 1917 2055 1976 Β

406 2020 710 2089 ἐϐούλοντο,
742 2022 945 2095 μᾶλλον
990 2022 1049 2076 δέ
1082 2026 1175 2076 καὶ
1225 2023 1572 2092 συνεργήσας
1606 2020 1824 2083 οἰκείως
1877 2019 1983 2083 ἕως

368 2148 371 2155 ι
409 2118 617 2184 ἔδειξαν
659 2119 719 2171 ού
766 2106 1066 2189 χρῄζοντες
1118 2114 1528 2185 συνεργεῖσθαι.
1559 2114 1667 2177 Td;
1719 2112 1767 2166 δ’
1816 2111 1984 2174 ἄλλας

406 2211 508 2279 τῆς
560 2211 713 2280 ἱερᾶς
764 2210 994 2282 Γραφῆς
1042 2206 1350 2275 ἀποφάσεις
1404 2204 1680 2274 περὶτῶν
1709 2205 1808 2273 τῆς
1840 2202 1985 2269 ζωῆς

407 2302 553 2373 ὅρων
580 2302 637 2355 ἐν
666 2318 727 2355 τε
756 2304 867 2365 τοῖς
898 2300 1123 2369 ἀγαθοῖς
1175 2300 1273 2353 καὶ
1305 2300 1419 2363 τοῖς
1456 2296 1684 2381 φαύλοις
1730 2299 1824 2350 καὶ
1870 2297 2013 2359 τοῖς.

408 2397 490 2458 εἰς
517 2393 616 2465 τὴν
655 2393 876 2448 αίώνιον
912 2392 1350 2464 προωρισμένοις
1380 2390 1527 2461 ζωὴν
1549 2391 1642 2444 καὶ
1675 2390 1787 2451 τοῖς
1808 2386 1984 2456 αὐτῆς

408 2486 1028 2558 ἀποδεδοκιμασμένοις,
1062 2478 1155 2538 καί
1183 2485 1258 2548 ὡς
1291 2485 1545 2554 ἑκάτεροι
1568 2479 1705 2535 Θεοῦ
1741 2481 1985 2550 προστά-

411 2579 489 2644 ξει
523 2578 617 2632 καὶ
644 2578 781 2644 ζῶσι
815 2580 909 2632 καὶ
958 2577 1287 2647 θνήσκουσιν
1318 2577 1378 2629 ἐν
1418 2578 1533 2639 τοῖς
1572 2575 1866 2645 προτέροις
1894 2574 1986 2627 λό-

407 2688 528 2739 γοις
557 2669 680 2742 δψει
708 2669 1194 2741 συνηθροισμένας.
1230 2667 1501 2723 Ἐνταῦθα
1532 2669 1592 2723 δὲ
1623 2669 1807 2739 ἡμῖνρ
1840 2669 1985 2731 θεῖος

409 2763 624 2827 Παῦλος
649 2763 837 2834 ἀρκεῖ.
871 2762 980 2815 Καὶ
1022 2763 1151 2829 περί
1182 2760 1285 2831 μὶν
1326 2759 1425 2814 τοῦ
1453 2759 1603 2814 θείου
1643 2756 1985 2830 προορισμοῦ

407 2852 664 2907 τοσοῦτον
698 2854 756 2906 ἐν
787 2851 867 2922 τῷ
899 2851 1130 2923 παρόντι
1159 2850 1268 2905 τῶν
1295 2850 1471 2906 ἄλλων
1499 2865 1582 2902 σοι
1617 2850 1796 2918 λόγων
1834 2849 1988 2918 ἐχόνο

409 2962 520 2998 των
553 2945 730 2998 πάντα
757 2943 953 3015 δηλοῦν
999 2942 1036 2998 ἀ
1073 2945 1139 3013 τῇ
1182 2941 1312 3014 περί
1339 2941 1533 2995 τούτου
1587 2940 1777 3010 σκέψει
1810 2957 1984 3010 προσ-

408 3037 534 3106 ήκει
558 3052 574 3067 ο
611 3035 741 3090 ἄλλο
783 3035 837 3088 δέ
867 3051 921 3087 τι
969 3033 1067 3102 σῆς
1097 3032 1327 3097 εὐνοίας
1361 3034 1524 3103 χάριν
1554 3031 1928 3104 προστίθεμεν
1956 3030 1985 3087 ὃ

407 3130 503 3181 καὶ
530 3128 706 3198 πέρας
752 3127 910 3182 ἔσται
950 3127 1046 3180 τοῦ
1079 3128 1262 3195 λόγου.
1297 3127 1402 3180 Τὸν
1435 3126 1768 3195 φαινόμενον
1793 3126 1986 3180 τοῦτον

409 3219 551 3291 ύπέρ
580 3219 684 3289 γῆν
720 3219 926 3287 κόσμον
966 3219 1071 3273 ὑπὸ
1118 3219 1285 3288 νόμον
1313 3217 1439 3271 τινά
1468 3217 1774 3289 πεποίηκεν
1799 3220 1828 3272 ό
1853 3216 1988 3280 Θεὸς

407 3280 708 3380 πολυσχιδῆ
762 3280 855 3362 κοὶι
914 3309 1112 3378 σοφίας
1160 3280 1365 3377 πολλῆς
1414 3280 1682 3377 γέμοντα,
1730 3307 1807 3372 ῶς
1853 3308 1919 3361 ἂν
1949 3308 1983 3377 ή
2016 3280 2058 3335 c

406 3401 667 3472 διάφορος
717 3402 812 3454 καὶ
858 3399 1083 3471 ποικίλη
1114 3398 1224 3453 τῶν
1260 3400 1318 3452 ἐν
1349 3399 1500 3469 αύτῷ
1547 3399 1736 3470 μερῶν
1768 3397 1984 3467 κίνησις

406 3497 502 3550 καί
529 3495 814 3556 διάστασίς
838 3510 898 3546 τε
934 3493 1027 3546 καὶ
1059 3494 1363 3564 συνδρομὴ,
1394 3491 1725 3544 δουλεύουσα
1755 3489 1832 3560 τῷ
1858 3489 1987 3559 θείῳ

409 3587 699 3659 θελήματι,
724 3585 860 3657 πρὸς
875 3587 974 3656 τήν
1004 3586 1113 3638 τῶν
1130 3586 1376 3653 γενητῦν
1394 3586 1489 3638 καὶ
1505 3583 1761 3653 φθαρτῶν
1775 3579 1984 3637 τούτων

409 3678 646 3750 ὕπαρξιν
663 3680 758 3733 καὶ
773 3678 1046 3750 διαδοχὴν,
1070 3676 1106 3731 ἀ
1123 3677 1303 3730 πάντα
1334 3675 1497 3745 χάριν
1520 3677 1553 3746 ή
1564 3674 1682 3744 μῶν
1716 3674 1846 3741 εἰσι,
1874 3675 1987 3727 τῶν

409 3771 718 3844 ἀνθρώπων
760 3770 859 3825 καί
904 3769 1180 3843 διαφόρων
1210 3767 1681 3837 ἀποτελεσμάτων
1713 3768 1864 3820 αἰτία
1898 3767 1987 3835 γί·

407 3883 590 3934 νηται,
622 3865 723 3919 ούκ
746 3864 967 3918 εἰδότων
1000 3864 1100 3934 μὲν
1128 3865 1308 3917 αὐτῶν
1340 3860 1451 3914 τῶν
1499 3863 1592 3915 τοῦ
1648 3861 1854 3930 κόσμου
1890 3877 1987 3930 με-

413 3960 525 4031 ρῶν
572 3958 610 4014 ἀ
643 3956 894 4033 ποιοῦσι,
936 3957 1057 4020 ταῖς
1088 3955 1147 4010 δέ
1181 3953 1520 4018 ἐντεθείσαις
1560 3952 1748 4016 αὐτοῖς
1800 3952 1990 4006 θεόθεν

349 4043 358 4053 ’
409 4050 814 4121 ἐπιτηδειότησι
842 4049 983 4119 πρὸς
1030 4048 1092 4101 τδ
1139 4044 1368 4101 τοιαῦτα
1399 4047 1578 4100 ποιεῖν
1626 4042 1897 4108 ἀκουσίως
1928 4060 1988 4098 τε

411 4141 503 4206 καὶ
540 4139 786 4208 φυσικῶς
812 4138 1196 4193 δουλευόντων.
1235 4135 1402 4191 Ὅθεν
1430 4137 1548 4200 ταῖς
1575 4135 1857 4205 διαφόροις
1891 4135 1991 4204 μὲν

410 4228 616 4294 αὐτῶν,
647 4229 934 4293 εὐτάκτοις
977 4229 1034 4283 δὲ
1067 4229 1350 4299 κινήσεσιν
1388 4228 1791 4299 ἐπιστήσαντες
1831 4227 1989 4291 ἔνιοι,

411 4320 533 4378 εἶτα
564 4324 677 4387 τοῖς
716 4321 997 4392 διαφόροις
1030 4320 1214 4375 αὐτῶν
1263 4319 1709 4391 ἀποτελέσμασιν
1769 4323 1827 4373 ἐν
1875 4321 1991 4383 τοῖς

411 4414 669 4469 ὑποκάτω
700 4413 912 4476 τούτοις
939 4415 1054 4476 τοῖς
1081 4414 1334 4482 γενητοῖς
1360 4411 1564 4482 τέχνην
1606 4413 1708 4483 μὲν
1739 4410 1990 4464 ἐντεῦθεν

413 4506 818 4575 συνεστήσαντο
853 4503 996 4558 πάνυ
1052 4503 1313 4566 συνετῶς,
1341 4503 1409 4556 τά
1457 4502 1688 4556 τοιαῦτα
1722 4501 1992 4573 ζητοῦσαν

2089 657 2203 717 τοῖς
2234 660 2482 725 γενητοῖς
2500 658 2713 724 τούτοις
2740 663 2920 732 νόμων
2947 665 2982 718 ἀ
3016 666 3127 718 τῶν
3169 668 3475 737 ἀνθρώπων
3505 671 3670 741 χάριν

2090 747 2333 815 γίνονται
2360 750 2457 805 καί
2486 753 2626 805 εἰσιν
2671 754 2727 807 αἰ
2755 754 3009 825 διάφοροι
3040 759 3152 811 τῶν
3190 759 3499 829 ἀνθρώπων
3532 763 3669 831 πρὸς

2087 841 2151 894 τὸ
2185 840 2286 911 ζῇν
2333 842 2517 912 χρεῖαι
2571 843 2953 915 πληροῦνταιο
3004 848 3269 912 ὡσαύτως
3325 853 3391 904 ἐκ
3447 852 3559 905 τῶν
3610 853 3670 904 ὲν

2088 933 2399 1003 ἀνθρώποις
2432 935 2680 1004 φυσικῶν
2713 934 2956 1007 νόμωνή
2984 938 3096 992 τῶν
3115 941 3423 1011 ἀνθρώπων
3451 943 3667 996 διοικεῖ-

2087 1043 2178 1079 ται
2213 1026 2328 1094 ζωή
2350 1039 2367 1057 ⁸
2391 1026 2516 1081 ούδὶ
2554 1026 2877 1081 συνίσταται
2923 1029 3107 1098 μόνον,
3151 1032 3289 1085 ἀλλά
3323 1034 3417 1088 καί
3448 1033 3670 1105 φθείρε-

2087 1132 2202 1175 ται.
2247 1118 2683 1189 ’Υποδείγματος
2720 1120 2908 1191 χάριν,
2933 1122 3101 1192 νόμος
3152 1122 3269 1177 ἐστι
3315 1126 3544 1192 φυσικὸς
3572 1126 3669 1179 τοῦ

2088 1212 2437 1283 κυϐερνήτου
2472 1211 2655 1277 καλῶς
2684 1213 2890 1277 εἰδότος
2917 1214 3213 1286 κυϐερνᾷν,
3238 1218 3442 1271 καὶτοῦ
3469 1220 3672 1290 ναυάρ-

2088 1322 2186 1376 χου
2216 1302 2505 1375 νουνεχοῦς
2537 1303 2695 1369 δντος
2744 1306 2846 1377 τήν
2885 1307 3019 1361 ναῦν
3065 1307 3457 1375 διασώζεσθαι,
3483 1310 3552 1363 ἂν
3595 1313 3669 1380 μὴ

2086 1397 2358 1466 κρείττων
2404 1396 2629 1466 ἀπάσης
2678 1396 2876 1468 τέχνης
2939 1400 3034 1454 καί
3088 1401 3363 1465 συνέσεως
3395 1403 3424 1455 ό
3457 1401 3671 1456 κλύδων

2087 1489 2337 1558 γένηται.
2393 1490 2494 1543 Ἂν
2542 1490 2599 1543 δέ
2652 1491 3051 1563 ἀνεπιστήμων
3108 1494 3137 1547 ό
3189 1494 3473 1565 κυϐερνῶν
3572 1495 3605 1564 ἢ
3644 1498 3672 1549 ό

2088 1582 2357 1653 ναύαρχος
2406 1585 2503 1637 καί⁵
2531 1582 2694 1637 εἰδότι
2739 1584 2818 1654 τῷ
2849 1586 3161 1658 κυϐερνήτῃ
3192 1587 3269 1661 μὴ
3304 1588 3434 1660 θέλῃ
3466 1584 3670 1659 προσέ-

2087 1698 2205 1751 χειν
2239 1681 2363 1750 μηδ’
2394 1680 2507 1751 ἐῴη
2549 1678 2825 1751 κυϐερνᾷν
2853 1679 3020 1733 αὐτὸν
3051 1681 3128 1743 ὡς
3158 1680 3479 1743 ἐπίσταται,
3506 1683 3671 1750 νόμος

2088 1773 2205 1826 ἐστι
2233 1772 2332 1840 τὴν
2360 1771 2498 1826 ναῦν
2529 1771 2867 1827 ἀπόλλυσθαι
2910 1770 3187 1835 κλύδωνος
3224 1771 3546 1841 ἐγερθέντος
3576 1788 3673 1839 με-

2087 1864 2256 1932 γάλου
2286 1862 2320 1932 ἢ
2364 1864 2458 1915 καὶ
2485 1861 2757 1926 κλύδωνος
2787 1861 2939 1927 ἄνευ,
2969 1862 3030 1927 ἐξ
3068 1862 3245 1916 ἄλλων
3275 1862 3549 1930 δήπουθεν
3579 1865 3670 1916 αἰ-

2085 1957 2239 2012 τιῶν.
2278 1957 2373 2010 Ἐκ
2406 1955 2561 2010 τοῦδε
2582 1954 2679 2009 τοῦ
2714 1954 2885 2025 νόμου
2923 1955 3214 2026 συμϐαίνει
3243 1954 3521 2020 σώζεσθαι
3568 1957 3668 2024 μὲν

2087 2047 2376 2112 πλείστους
2416 2046 2581 2110 δντας
2627 2047 2757 2109 τοὺς
2800 2046 3077 2112 πλέοντας
3102 2048 3249 2102 δυοῖν
3295 2047 3463 2101 ἕνεκα
3485 2047 3670 2109 καλῶς

2086 2139 2352 2209 πράττειν
2389 2138 2632 2207 εἰδότων,
2677 2132 3020 2194 ἀπόλλυσθαι
3076 2139 3135 2193 δὲ
3188 2139 3336 2195 δυοῖν
3381 2139 3668 2193 ἀσυνέτων

2086 2231 2252 2285 ἕνεκα
2282 2233 2380 2287 καί
2407 2231 2887 2302 ἀνεπιστημόνων.
2921 2231 3060 2296 Τοὺς
3081 2232 3360 2295 τοιούτους
3384 2232 3486 2299 τῆς
3516 2232 3668 2294 θείας

2088 2322 2298 2387 τάξεως
2350 2322 2551 2386 νόμους
2601 2323 2651 2377 οἰ
2697 2321 2797 2391 τήν
2850 2320 3015 2389 φύσιν
3058 2322 3400 2392 ἀμφέχουσιν
3449 2320 3671 2376 ἃπασαν

2087 2414 2303 2482 ἀνάγκη
2335 2416 2488 2467 πᾶσα
2521 2413 2796 2479 σώζεσθαι
2837 2414 2899 2466 τό
2954 2430 3019 2482 γε
3053 2414 3222 2485 μέρος
3273 2415 3374 2484 τῆς
3431 2415 3667 2482 φύσεως.

2088 2508 2199 2561 Καὶ
2226 2505 2450 2570 τούτους
2478 2509 2506 2561 ό
2541 2506 2674 2570 Θεὸς
2707 2507 2981 2571 σώζεσθαι
3023 2507 3146 2570 τοὺς
3171 2508 3373 2576 νόμους
3420 2506 3498 2569 ῶς
3543 2507 3669 2559 ἐπί-

2089 2618 2200 2654 παν
2231 2600 2296 2671 ἐᾷ
2320 2600 2396 2669 μή
2436 2598 2784 2669 μεταποιῶνο
2808 2599 2869 2651 ού
2894 2599 3004 2669 γάρ
3034 2598 3101 2652 ἂν
3128 2596 3308 2668 ἐαυτῷ
3328 2598 3423 2651 καὶ
3448 2598 3561 2660 τοῖς
3591 2600 3669 2651 0!-

2075 2692 2262 2756 ’κείοις
2306 2690 2687 2761 ἐπιτάγμασιν
2724 2690 2954 2760 ἔμελλεν
3009 2689 3364 2745 ἀντιϐαίνειν.
3423 2689 3565 2744 ’Δλλ’
3605 2691 3669 2742 ού

2088 2782 2332 2839 δουλεύει
2354 2784 2475 2846 τοῖς
2500 2782 2596 2836 ὑπ’
2622 2781 2791 2838 αὐτοῦ
2819 2780 3161 2851 τεθειμένοις
3182 2781 3375 2851 νόμοις
3410 2780 3670 2845 καθάπαξ

2092 2879 2202 2940 τοῖς
2227 2858 2481 2940 ’κτιστοῖς
2505 2876 2602 2929 καὶ
2631 2876 2773 2946 μετά
2808 2875 2921 2928 τῶν
2981 2876 3301 2944 κτισμάτων
3330 2876 3631 2944 ἠργμένοις
3653 2890 3669 2905 ο

2092 2968 2305 3039 καιροῖς
2347 2966 2407 3020 δὲ
2466 2966 2620 3030 ἰδίοις
2679 2966 2775 3019 καί
2820 2966 3218 3035 περιστάσεσιν
3255 2965 3415 3028 ἰδίαις
3444 2965 3670 3027 τούτους

2094 3060 2391 3130 μεταποιεῖ
2419 3058 2557 3129 πρδς
2594 3058 2655 3111 τὸ
2686 3056 2898 3127 βέλτιον
2942 3055 2975 3128 ἢ
3009 3056 3071 3110 τὸ
3122 3059 3306 3128 χεῖρον
3345 3061 3459 3118 τοῖς
3492 3055 3668 3110 ἐντεῦ-

2093 3153 2188 3208 θεν
2236 3151 2684 3222 ὠφελησομένοις
2718 3148 2751 3221 ή
2789 3149 3154 3221 βλαψομένοις
3190 3148 3359 3214 ἀξίως
3385 3166 3399 3180 ο
3435 3150 3532 3202 καὶ
3572 3151 3671 3216 τῆς

2093 3245 2285 3317 χρείας
2312 3243 2410 3298 τοῦ
2445 3245 2802 3318 προσκαίρως
2837 3244 3168 3314 μεταϐαλεῖν
3193 3241 3358 3304 εὐθὺς
3389 3240 3670 3309 πεπαυμέ-

2091 3355 2190 3407 νης
2211 3335 2290 3399 ὡς
2316 3336 2415 3407 τήν
2448 3336 2624 3407 ἀρχὴν
2656 3337 2965 3406 ἐτάχθησαν
2990 3329 3150 3397 αὗθις
3175 3333 3461 3398 σώζονται.
3489 3330 3670 3384 Τοιού-

2090 3445 2198 3481 των
2221 3425 2552 3498 τεραστίων,
2589 3428 2850 3480 τοιούτων
2872 3424 3174 3493 θαυμάτων
3202 3418 3416 3493 ἱστορία
3460 3422 3672 3491 πλήρης

2092 3517 2246 3571 πᾶσα
2276 3515 2373 3568 νέα
2402 3515 2496 3568 καὶ
2524 3514 2736 3568 παλαιά
2761 3529 2775 3543 ·
2804 3513 2879 3577 ὡς
2905 3513 3032 3582 ἰερά
3060 3513 3157 3565 καὶ
3196 3511 3307 3565 τῶν
3342 3510 3544 3576 ἔξωθεν
3578 3512 3673 3561 καλ

2093 3606 2191 3661 νῦν
2228 3594 2440 3661 ἐλάττω
2473 3604 2576 3674 μιν
2623 3605 2721 3660 καὶ
2754 3603 2951 3671 πλήθει
3000 3604 3096 3657 καὶ
3130 3602 3284 3670 τάξει
3332 3603 3441 3655 τῶν
3473 3601 3673 3669 προτέ-

2093 3712 2227 3766 ρων,
2283 3696 2512 3749 ἐκείνων
2550 3695 2597 3749 δ⁹
2632 3694 2699 3758 ἀς
2737 3694 2921 3758 αἰτίας
2975 3694 3238 3761 εὐλόγους
3285 3693 3344 3745 ἐν
3379 3692 3497 3761 ἰδίῳ
3529 3691 3674 3759 λόγῳ

2088 3785 2404 3857 δεδείχαμεν
2428 3786 2733 3845 σπουδαίως
2756 3785 3202 3855 ἐξειργασμένῳ.
3244 3784 3491 3837 Γίνονται
3515 3782 3561 3833 δ’
3583 3782 3673 3835 οὖν

2092 3879 2187 3933 καὶ
2217 3879 2389 3950 δρῶσι
2415 3879 2595 3942 καλῶς
2624 3880 2673 3932 οἱ
2708 3878 2848 3948 μετά
2881 3876 3020 3930 Θεοῦ
3049 3877 3118 3930 τά
3150 3875 3247 3930 τοῦ
3275 3874 3415 3929 θεοῦ
3447 3874 3673 3946 βλέπονο

2091 3988 2184 4034 τες
2204 3989 2220 4005 ο
2254 3970 2420 4036 σώζει
2447 3970 2546 4040 μὲν
2567 3970 2679 4040 γὰρ
2702 3969 2771 4021 δι’
2805 3968 3007 4041 ἀρετήν
3032 3967 3143 4021 τῶν
3164 3966 3517 4037 ἐμπλεόντων
3544 3965 3673 4020 ναῦν

2091 4063 2441 4134 βυθισθεῖσαν
2456 4062 2523 4118 ἂν
2542 4064 2608 4133 τῇ
2621 4060 2716 4115 τοῦ
2731 4062 3007 4131 ναυάρχου
3025 4076 3084 4113 τε
3103 4062 3200 4116 καὶ
3219 4060 3554 4130 κυϐερνήτου
3575 4076 3673 4127 μωα

2094 4159 2208 4229 ρίᾳ,
2228 4155 2576 4228 συγχωρεῖδέ
2595 4171 2727 4208 ποτε
2761 4154 2902 4224 μετά
2924 4152 3313 4223 πονηροτάτων
3344 4151 3454 4205 τῶν
3470 4151 3673 4220 ἐμπλε-

2091 4251 2264 4305 όντων
2279 4252 2377 4304 καί
2394 4248 2504 4302 τῶν
2522 4247 2802 4319 ἀρχόντων
2819 4248 2920 4315 τῆς
2947 4245 3076 4313 νηὸς
3106 4243 3371 4299 τοιούτων
3406 4244 3503 4297 καὶ
3535 4244 3675 4310 ἀγαο

2093 4342 2221 4407 θούς
2248 4358 2407 4405 τινας
2446 4342 2541 4394 ἐπὶ
2589 4340 2930 4410 συμφέροντι
2967 4336 3289 4407 βυθίζεσθαι
3322 4336 3433 4389 τῶν
3460 4336 3676 4390 οἰκείων

2094 4432 2305 4503 ψυχῶν,
2367 4432 2463 4486 καὶ
2535 4409 2730 4494 ἄλλους
2802 4429 3146 4482 ἀπαλλάττει
3214 4426 3541 4497 παραδόξως
3604 4409 3676 4481 δι’

2094 4525 2345 4593 ἀγγέλων
2364 4523 2579 4587 ἐξάγων
2614 4523 2707 4576 τοῦ
2738 4521 2903 4593 βυθοῦ
2933 4521 3225 4591 μέλλοντας
3253 4520 3659 4590 ἀποπνίγεσθαι

412 4600 507 4654 καὶ
538 4598 872 4693 σκοποῦσανν
894 4597 1188 4693 ,ἀσυνέτωμῖ
1223 4596 1279 4650 δὲ
1310 4595 1576 4693 θεότηταξ
1624 4597 1737 4658 τοῖς
1764 4596 1860 4693 τῷ
1894 4596 1989 4693 χέ’
2023 4627 2066 4683 ι)
2096 4616 2290 4680 ἄλλους
2316 4615 2741 4693 ἐμπλεύσαντας
2783 4614 2852 4668 ἂν
2880 4616 2957 4683 τῇ
2989 4610 3267 4686 μελλούσῃ
3299 4613 3677 4680 κατάγνυσθαι

414 4707 554 4762 σμου
593 4690 786 4761 μέρεσι
813 4687 1028 4753 τούτοις
1065 4688 1378 4757 ἀπένειμαν
1419 4688 1520 4757 τὴν
1553 4689 1861 4759 ὀργανικὴν
1889 4689 1986 4741 αὐ-

411 4784 519 4837 τῶν
548 4782 857 4851 ὑπουργίαν
890 4781 1216 4836 ἐπιστασίαν
1269 4782 1677 4851 δημιουργικὴν
1710 4781 1806 4835 καὶ
1836 4780 1989 4835 θείαν

410 4876 756 4942 ἱοξάσαντες.
801 4874 1036 4945 Ὁμοίως
1067 4875 1163 4928 καί
1210 4875 1280 4928 τά
1308 4875 1517 4944 γενητά
1546 4872 1721 4929 ταῦτά
1758 4891 1819 4927 τε
1851 4874 1991 4944 πρὸς

410 4972 477 5040 τῇ
508 4970 580 5039 γῇ
616 4967 805 5036 νόμοις
878 4966 1030 5029 ἰδίοις
1059 4966 1476 5037 ἀνεπαισθήτως
1496 4956 1867 5019 ’δουλεύουσιν
1894 4982 1993 5033 φυ-

411 5062 582 5125 σικῶς
612 5060 798 5123 αὐτοῖς
830 5058 1132 5112 ἐντεθεῖσιν
1166 5059 1270 5112 ὑπὸ
1305 5058 1461 5124 Θεοῦ,
1512 5058 1606 5113 καί
1656 5060 1689 5126 ή
1740 5058 1849 5109 τῶν
1897 5059 1991 5111 άν-

412 5154 649 5225 θρὼπων
682 5148 947 5208 ὡσαύτως
980 5148 1096 5220 ζωή
1144 5150 1410 5213 τοιούτοις
1462 5149 1615 5213 ἰδίοις
1648 5149 1847 5218 ἄγεται
1905 5147 1991 5200 νόο

415 5263 558 5317 μοις.
588 5243 730 5307 Τοὺς
759 5239 1036 5303 τοιούτους
1084 5241 1264 5295 τοίνυν
1315 5244 1373 5294 ἐν
1406 5242 1551 5295 πᾶσι.
1577 5242 1691 5303 τοῖς
1723 5240 1992 5310 κτίσμασι

409 5337 507 5392 τοῦ
538 5336 674 5391 Θεοῦ
703 5335 903 5406 νόμους
941 5333 1207 5400 φυσικοὺς
1235 5333 1455 5402 νόμους,
1493 5332 1568 5396 ὡς
1602 5329 1992 5400 ἐγκτισθέντας

412 5431 517 5485 ύπδ
546 5428 683 5483 Θεοῦ
729 5429 798 5499 τῇ
848 5424 959 5479 τῶν
1015 5426 1359 5496 πραγμάτων
1401 5424 1587 5494 φύσει,
1630 5424 1892 5477 καλοῦσιν
1940 5423 1992 5477 οἰ

415 5524 543 5593 περί
575 5519 750 5574 ταῦτα
781 5517 967 5573 δεινοί.
1011 5518 1106 5571 Ἐκ
1151 5517 1250 5588 μὲν
1284 5517 1348 5585 δὴ
1402 5517 1512 5569 τῶν
1542 5518 1601 5568 ἐν
1635 5518 1748 5577 τοῖς
1790 5514 1992 5587 ύιίκηλο⁴

411 5614 592 5683 τέροις
617 5610 799 5680 νόμων
829 5607 1028 5681 ὄμϐροι
1062 5611 1160 5663 καὶ
1182 5607 1505 5683 ἀνομϐρίαι,
1538 5607 1688 5677 ψύχη
1726 5607 1821 5661 καὶ
1860 5607 1993 5659 καύ-

416 5722 562 5777 ματα
605 5706 666 5771 ἐξ
707 5696 783 5758 ῶν
824 5701 978 5767 αὖθις
1009 5703 1250 5772 ύγιειναί
1292 5704 1659 5764 καταστάσεις
1696 5702 1789 5754 καὶ
1822 5698 1993 5754 νοσώ-

416 5815 532 5861 σεις
562 5796 871 5868 ἀνθρώποις
906 5813 966 5853 τε
1001 5798 1094 5851 καί
1120 5800 1232 5861 τοῖς
1269 5797 1448 5861 ἄλλοις
1477 5797 1640 5860 ζώοις
1674 5793 1991 5863 συμϐαίνει,

417 5896 511 5947 καί
537 5892 767 5963 καρπῶν
792 5891 1044 5964 εύφορίαι
1079 5892 1172 5946 καί
1206 5893 1453 5971 amem,
1480 5891 1575 5945 καὶ
1619 5884 1777 5945 αὗται
1805 5888 1990 5956 διάφοο

2092 4704 2184 4777 νηῒ
2229 4706 2262 4775 ἢ
2299 4704 2619 4777 βυθίζεσθαι
2674 4705 2763 4758 ἐπ’
2815 4704 2967 4774 αύτῷ
3002 4702 3081 4774 τῷ
3133 4704 3353 4774 μέλλειν
3394 4703 3678 4773 ἐμϐαίνειν

2090 4798 2384 4869 αἰφνιδίοις
2439 4797 2537 4851 καὶ
2596 4797 2890 4866 ἀδοκήτοις
2944 4798 3123 4866 εἴργει
3191 4795 3503 4867 κωλύμασι.
3575 4799 3679 4850 Καὶ

2091 4886 2459 4959 ἀλγοῦσι’μὲν
2490 4889 2655 4950 εὐθὺς
2687 4889 2974 4960 εἰργμένοι
3004 4889 3097 4942 τοῦ
3124 4888 3285 4953 πλοῦ,
3319 4889 3413 4941 τὸν
3441 4889 3499 4941 δὲ
3532 4888 3679 4941 θεῖον

2091 4978 2273 5037 οἶκτον
2336 4980 2716 5051 ἐπεγνωκότες
2772 4979 2957 5043 καλῶς
3021 4980 3164 5049 μετά
3219 4980 3317 5033 τοῦ
3374 4980 3475 5049 τὴν
3531 4979 3679 5050 ζωήν

2091 5075 2276 5137 αὐτοῖς
2300 5074 2669 5155 προστεθῆναι
2701 5073 2798 5127 καὶ
2833 5073 2935 5143 τὴν
2974 5072 3156 5144 ψυχὴν
3185 5073 3267 5126 ἔτι
3320 5072 3675 5142 βελτιοῦνται

2091 5165 2169 5236 τῷ
2202 5164 2467 5235 θαύματι.
2498 5161 2660 5219 Οῦτω
2685 5163 2782 5218 καὶ
2816 5163 2977 5226 πόλις
3011 5160 3414 5233 παρανυμοῦσα
3448 5158 3678 5230 φαύλοις

2091 5257 2357 5330 ἄρχουσιν
2412 5254 2804 5328 ἐγχειρίζεται,
2878 5255 2974 5308 καὶ
3044 5251 3362 5306 τούναντίον
3429 5253 3677 5314 πολίταις

2091 5344 2318 5413 ἀγαθοῖς
2340 5345 2677 5414 οἰκουμένη·
2719 5363 2737 5397 ι
2781 5342 2950 5397 Δώσω
3004 5343 3136 5413 γὰρ,
3178 5344 3368 5413 φησὶν,
3402 5343 3679 5411 ἄρχοντας

2091 5431 2221 5500 ὑμῖν
2250 5433 2399 5486 κατά
2480 5432 2577 5495 τάς
2614 5432 2845 5502 καρδίας
2877 5431 3054 5501 ὑμῶν.
3090 5449 3108 5483 ι
3141 5432 3254 5486 Καὶ
3288 5430 3544 5501 βασιλεὺς
3578 5431 3676 5502 μὲν

2091 5521 2356 5575 ἀπολαύει
2385 5522 2484 5590 τῆς
2514 5520 2608 5576 τοῦ
2654 5521 2788 5575 λαοῦ
2838 5522 3108 5592 πονηρίας
3146 5523 3248 5592 τῆς
3290 5522 3462 5591 αὐτῆς
3522 5521 3675 5594 αὐτῷ

2090 5630 2151 5666 τε
2192 5617 2284 5667 καὶ
2316 5617 2432 5678 τοῖς
2474 5614 2803 5685 ἀρχομένοις
2836 5616 3052 5683 πληγῆς
3082 5614 3268 5668 θεόθεν
3311 5617 3558 5686 ἡκούσης
3587 5615 3674 5669 ὅτι

2090 5706 2393 5776 δυνάμενος
2459 5706 2703 5761 κωλῦσαι
2769 5707 2872 5776 τῆς
2934 5708 3206 5777 πονηρίας
3262 5708 3364 5761 οὐκ
3424 5708 3670 5761 ἐκώλυσε

2092 5796 2457 5867 χαριζόμενος
2482 5815 2495 5830 ·
2541 5798 2809 5854 ἀπολαύει
2843 5800 2899 5855 δὲ
2950 5802 3046 5855 καὶ
3079 5802 3206 5864 λαὺς
3239 5802 3337 5873 τῆς
3380 5801 3688 5874 βασιλικῆς³

2095 5893 2358 5963 πονηρῖσς
2424 5892 2926 5963 συμπαιδευόμενος
2986 5895 3060 5958 ὡς
3117 5896 3239 5950 ἀντί
3280 5895 3376 5949 τοῦ
3418 5894 3651 5949 διοοθοῗ·
3680 5898 3695 5929 -'
