4100 6418
495 313 630 379 “'9

1588 298 1959 360 GENNADH
2003 297 2108 356 CP.
2151 295 2582 357 I‘ATRIARCII
2617 297 2658 354 E

3600 293 3726 356 11ῦο

488 430 626 482 αὐτὰ
678 427 961 489 σώζοντος.
1022 422 1328 492 Συνέδραμε
1359 421 1414 474 δέ
1466 419 1702 484 εὐλόγως
1748 420 1815 488 τῇ
1844 416 2067 487 τοιαύτῃ
2099 415 2142 472 Δ
2170 432 2268 482 νην
2293 413 2386 470 τοῦ
2425 403 2763 483 πταίσματος
2793 416 3160 484 ἀντισήκωσιν
3179 430 3191 442 ·
3219 417 3329 478 τοῖς
3371 415 3426 468 δὲ
3453 416 3570 468 τότε
3599 416 3728 478 ζῶσι

488 521 587 589 τῆς
620 520 1041 589 ἀνθρωπότητος
1069 517 1206 587 πρὸς
1253 515 1344 567 τὸν
1375 515 1517 566 θεῖον
1548 513 1723 578 Λόγον
1747 509 1938 562 ένώσει
1966 509 2062 562 καὶ

486 613 520 680 ἡ
555 612 620 663 ἐκ
680 609 960 676 Παρθένου
1006 607 1260 674 γέννησις
1317 607 1446 658 ἄνευ
1502 605 1745 673 σπορᾶς·
1793 600 1972 669 ἀληθῆ
2002 616 2062 650 τε

486 703 596 772 γὰρ
626 701 914 771 ἄνθρωπον
941 702 1036 753 καὶ
1056 699 1275 751 πάντων
1293 697 1655 767 ἐξῃρημένον,
1674 696 1770 748 καλ⁵
1795 692 2059 763 καθαρὸν,

485 800 581 851 καὶ
637 797 830 848 τούτου
885 794 1046 864 χάριν
1079 791 1480 860 γεγεννημένον
1540 788 1709 857 ἐχρῆν
1763 787 1907 855 ὑπὲρ
1953 787 2062 839 τῶν

485 885 788 956 ἀνθρώπων
820 881 1288 952 ἀπολογήσασθαι.
1322 881 1420 934 Διὰ
1447 881 1544 950 τὴν
1579 877 1737 943 ἀξίαν
1759 877 1936 929 τοίνυν
1965 877 2063 944 τῆς

484 975 579 1031 τοῦ
614 976 788 1042 Λόγου
819 967 1132 1046 θεότητοςῇ
1177 975 1447 1042 συνῆπται
1477 968 1849 1041 προσωπικῷς
1872 967 1930 1022 τὸ
1969 968 2062 1020 ἁν-

485 1069 756 1140 θρώπινον
783 1065 880 1118 τοῦ
915 1062 1177 1134 Χριστοῦ,
1205 1064 1353 1132 καὶὴ
1384 1060 1626 1132 ὑπεροχὴ
1655 1060 1753 1129 τῆς
1779 1059 2062 1128 ἀνθρωπό-

486 1181 645 1233 τητος
673 1157 740 1231 ἦν
765 1162 820 1212 ἐν
837 1159 1006 1228 αὐτῷ,
1093 1157 1310 1210 πάντων
1338 1155 1474 1220 ὁμοῦ
1501 1155 1612 1207 τῶν
1639 1153 1858 1222 ἀτόμων
1893 1153 2063 1222 ὑπερ-

489 1257 602 1324 εῖχε
633 1255 730 1321 τῆς
766 1251 981 1318 φύσεως
1004 1266 1017 1280 ’
1048 1249 1136 1301 διὰ
1165 1248 1321 1300 τοῦτο
1355 1249 1448 1299 καὶ
1495 1244 1650 1314 δίκην
1684 1246 1742 1297 ἐν
1771 1243 1848 1313 τῷ
1875 1243 2061 1314 οἰκείῳ

489 1346 651 1401 πάθει
683 1344 823 1413 ὑπὲρ
851 1343 950 1411 τῆς
977 1343 1104 1410 ὅλης
1138 1340 1333 1393 δέδωκε
1363 1340 1576 1406 φύσεως
1613 1336 1723 1390 τῶν
1757 1335 2062 1406 ἀνθρώπων

485 1436 652 1490 αὐτοῦ
687 1453 750 1503 γε
780 1435 931 1496 δντος
955 1433 1049 1485 τοῦ
1079 1449 1140 1484 τε
1175 1431 1410 1492 διδόντος
1437 1427 1532 1482 τοῦ
1567 1445 1626 1482 τε
1667 1427 2060 1498 λαμϐάνοντος·

486 1529 661 1582 ἐδίδου
682 1526 780 1596 μὲν
806 1525 914 1594 γὰρ
931 1523 1006 1584 ὼς
1033 1522 1316 1591 ἄνθρωπος
1346 1520 1467 1589 μεθ’
1494 1518 1809 1588 ὑπερφυοῦς
1832 1518 2059 1588 ἀρετῆς,

487 1617 761 1687 ἐλάμϐανε
792 1615 848 1668 δὲ
875 1614 950 1676 ὼς
995 1614 1125 1675 Θεος
1171 1611 1289 1681 μεθ’
1341 1609 1657 1680 ὑπερφυοῦς
1700 1609 2060 1679 ἀγαθότητος.

490 1711 598 1762 Καὶ
620 1707 817 1762 ταυτὸν
846 1703 912 1777 ἦν
935 1707 994 1758 τὸ
1023 1706 1122 1774 τὴν
1144 1707 1199 1757 ἐν
1233 1703 1381 1773 αὐτῷ
1404 1705 1598 1756 παθεῖν
1637 1702 2058 1772 ἀνθρωπότητα,

2165 508 2258 560 καὶ
2292 507 2427 574 μετᾶ
2465 507 2631 560 ταῦτα
2657 510 3044 576 γενησομένοις
3088 509 3150 561 οὐ
3184 511 3390 578 προῖκα
3419 509 3587 576 πάντη
3631 508 3728 559 δω-

2166 599 2295 666 ρεὰν
2327 599 2434 652 ἔδει
2465 599 2704 652 δίδοσθαι
2735 603 2836 668 τὴν
2877 601 3138 669 τοιαύτην
3167 599 3488 668 εὐεργεσίαν
3517 598 3590 660 ὡς
3625 601 3730 659 τοίς

2164 695 2452 764 προτέροις
2487 695 2736 757 ἐκείνοις,
2775 694 2910 746 ἀλλὰ
2938 693 3033 747 καί
3076 709 3218 757 τινος
3259 693 3356 745 ἀπ’
3392 691 3570 744 αὐτῶν
3606 708 3731 759 προ-

2161 789 2517 857 ηγησαμένου
2571 787 2780 840 δικαίου
2833 787 2932 855 τὴν
2987 786 3159 855 θύραν
3209 785 3309 851 τῆς
3351 785 3566 837 αίωνίου
3595 785 3732 852 ζωῆς

2164 878 2537 947 ἀνοίγνυσθαι,
2569 881 2663 932 καὶ
2696 878 2757 932 τδ
2789 884 3115 947 προγονικὸν
3139 877 3361 930 λύεσθαι
3405 877 3630 944 κώλυμα
3659 875 3728 932 ὡς

2163 973 2221 1024 ἐν
2247 972 2326 1041 τῷ
2361 972 2536 1043 καιρῷ
2558 972 2664 1025 τῶν
2691 976 2870 1042 νόμων
2898 973 3309 1042 εὑρισκομένοις
3341 972 3438 1028 καὶ
3459 969 3555 1039 τὴν
3584 967 3730 1020 θείαν

2162 1065 2245 1124 είς
2287 1065 2484 1127 αὐτοὺς
2537 1067 2798 1134 πρόνοιαν
2854 1065 3131 1134 ὀφείλουσι
3169 1081 3225 1116 τε
3272 1064 3368 1118 καὶ
3421 1060 3731 1130 δυναμένοις

2164 1155 2552 1224 ἐπιγινώσκειν
2587 1157 2789 1220 καλῶς,
2834 1160 2883 1210 εί
2935 1157 3288 1226 βουληθεῖεν
3324 1155 3484 1208 τοῦτο
3534 1154 3591 1206 δὲ
3642 1171 3730 1205 πιο

2166 1245 2418 1297 στεύουσί
2445 1263 2503 1298 τε
2527 1248 2620 1299 καὶ
2649 1246 3073 1315 βαπτιζομένοις
3100 1249 3180 1308 εἰς
3202 1247 3294 1298 τδν
3327 1245 3490 1300 αὐτοῦ
3511 1246 3732 1296 θάνατον

2165 1337 2306 1404 ὐπέρ
2363 1338 2546 1391 αὐτῶν
2578 1338 2770 1407 ἔμελλε
2831 1338 3100 1406 γίνεσθαι.
3167 1338 3316 1390 Ἔδει
3348 1339 3405 1389 δέ
3441 1337 3531 1390 ἐπὶ
3566 1335 3732 1400 τούτῳ

2163 1427 2257 1480 καὶ
2301 1427 2458 1490 ίδίαις
2493 1428 2672 1480 αὐτῶν
2709 1429 2967 1490 σπουδαῖς
2996 1431 3088 1480 τὸν
3113 1429 3194 1491 είς
3225 1427 3322 1497 τῆν
3352 1426 3496 1496 ζωὴν
3524 1425 3733 1494 ἐκείνην

2161 1519 2360 1588 δρόμον
2383 1520 2569 1572 ἀνύειν
2589 1536 2604 1550 ο
2638 1520 2979 1589 ἀμελοῦντας
3010 1521 3141 1591 γὰρ,
3173 1519 3206 1589 ἢ
3238 1519 3334 1572 καὶ
3363 1519 3461 1587 τὴν
3492 1515 3733 1569 ἐναντίαν

2163 1612 2466 1677 ὁδεύοντας,
2493 1613 2592 1665 οὐκ
2621 1612 2688 1666 ἂν
2715 1607 2827 1666 οἶόν
2852 1631 2910 1666 τε
2945 1609 3034 1684 ἦν,
3064 1614 3159 1668 καί⁹
3199 1611 3557 1681 ἀνεῳγμένης
3580 1609 3733 1662 εἰσιέ-

2165 1720 2253 1756 ναι
2277 1705 2374 1770 τῆς
2429 1704 2628 1773 πύλης,
2669 1704 2785 1758 ἀλλ’
2818 1704 3042 1774 ἔμελλον
3089 1703 3212 1760 ἀντὶ
3238 1702 3332 1756 τοῦ
3385 1700 3616 1770 φυσικοῦ
3646 1700 3733 1754 καὶ

485 1805 579 1855 καὶ
609 1802 669 1854 τδ
720 1802 899 1855 πᾶσαν
954 1799 1127 1870 αὐτὴν
1174 1799 1367 1862 παθεῖν
1401 1815 1459 1851 τε
1518 1798 1612 1851 καὶ
1661 1799 1820 1866 δίκην
1852 1796 2059 1852 δοῦναι.
2095 1784 2138 1843 Β
2169 1795 2388 1863 πρώτου
2444 1795 2769 1864 κωλύματος
2803 1793 3101 1864 λελυμένου
3130 1795 3197 1864 τῇ
3223 1793 3320 1860 τῆς
3367 1791 3734 1862 προαιρέσεως

499 1893 651 1945 Ἐπεὶ
683 1891 794 1961 γὰρ
827 1889 959 1952 Θεὸς
993 1885 1062 1959 ἦν
1095 1892 1152 1941 ἐν
1197 1890 1274 1960 τῷ
1305 1889 1548 1959 Χριστῷ,
1582 1891 1610 1940 δ
1643 1891 1826 1957 πάσης
1875 1889 2061 1959 ἄρχων

484 1985 584 2051 τῆς
615 1983 852 2051 φύσεως,
896 1985 991 2036 καὶ
1035 1983 1066 2049 ἡ
1095 1980 1485 2049 συνειλεγμένη
1517 1979 1656 2050 αὐτῇ
1681 1979 2058 2050 ἀνθρωπότης,

482 2075 798 2144 θεοπρεπὴς
831 2073 966 2127 οῦσα
997 2073 1085 2127 διὰ,
1107 2074 1204 2140 τὴν
1238 2072 1374 2141 πρὸς
1407 2072 1542 2124 Θεὸν
1571 2072 1791 2136 ἕνωσιν,
1824 2072 2062 2141 εὐλόγως

484 2173 580 2242 τῆς
609 2173 737 2242 ὅλης
771 2170 880 2223 τῶν
906 2171 1212 2239 ἀνθρώπων
1267 2167 1483 2237 φύσεως
1513 2169 1842 2240 ἁντίρῤοπος
1871 2165 1940 2240 ἦν
1966 2170 2062 2225 καὶ

488 2264 833 2333 ίσοδύναμος,
857 2262 954 2316 καὶ
983 2263 1017 2332 ὴ
1049 2261 1283 2330 μεγίστη
1325 2262 1418 2313 καὶ
1451 2261 1767 2332 θεοπρεπὴς
1809 2261 1980 2331 ἀρετὴ
2003 2262 2062 2313 ἐν

482 2361 548 2427 τῇ
579 2358 719 2427 ὑπὲρ
753 2356 952 2417 παντὸς
1001 2353 1096 2406 τοῦ
1155 2353 1347 2422 γένους
1403 2353 1638 2419 ἑκουσίῳ
1700 2356 1885 2425 ποινῇ,
1921 2352 2064 2422 πρὸς

481 2451 630 2504 ἅπαν
658 2449 718 2502 τδ
745 2449 902 2516 γένος
937 2444 1006 2518 ἦν
1040 2445 1370 2514 διαδὸσιμος.

555 2543 629 2595 Οὐ
657 2541 819 2606 μόνον
852 2541 908 2594 δὲ
940 2540 1245 2593 συνέπαθεν
1267 2539 1300 2606 ή
1331 2536 1643 2608 ἀνθρωπίνη
1681 2537 1844 2608 φύσις
1871 2538 2060 2592 ἅπασα

479 2637 547 2706 τῇ
599 2634 978 2704 ἀνθρωπότητι
1011 2632 1106 2685 τοῦ
1139 2632 1399 2702 Χριστοῦ,
1438 2632 1576 2686 ἀλλά
1623 2632 1718 2685 καὶ
1754 2631 2060 2700 συνανέστη

461 2730 576 2780 ’καὶ
605 2725 962 2794 συνεδοξάσθη
993 2727 1089 2778 καὶ
1134 2725 1510 2796 συνανελήφθη
1538 2724 1615 2788 ὡς
1648 2725 1855 2778 τούτων
1885 2726 2061 2779 ἀπάν-

477 2838 588 2872 των
615 2821 672 2873 ὲν
721 2817 869 2885 αὐτῷ
912 2817 1025 2872 τῶν
1053 2818 1358 2887 ἀνθρώπων
1399 2817 1582 2871 εἵνεκα
1616 2819 1929 2888 γενομένων
1965 2819 2061 2872 καὶ

479 2914 689 2974 πάντας
717 2910 1018 2965 διαϐαίνειν
1047 2910 1365 2980 δυναμένων
1411 2911 1473 2964 τό
1513 2927 1578 2978 γε
1601 2909 1696 2965 τοῦ
1727 2911 2060 2980 ποιήσαντος

483 3007 647 3074 μέρος
670 3020 685 3035 ο
718 3003 827 3056 τῶν
881 3004 980 3072 μὲν
1006 3002 1116 3070 γάρ
1149 3004 1206 3054 ἐν
1233 3002 1333 3074 ᾄδῃ
1374 3003 1829 3072 κατειλημμένων
1869 3005 2057 3057 ὀπόσοι

2163 1886 2446 1957 εἴργεσθαι
2474 1886 2700 1950 δικαίως
2728 1887 3036 1955 κωλύματι.
3090 1889 3201 1941 Καὶ
3231 1885 3337 1938 ἔδει
3375 1885 3529 1952 ’πρδς
3563 1880 3730 1935 ταῦτα

2161 1981 2328 2047 νόμου
2376 1978 2760 2044 τελειοτάτου,
2815 1978 3210 2044 διδασκαλίας,
3267 1978 3731 2048 παραδείγματος,

2163 2075 2533 2143 χειραγωγίας
2562 2073 2845 2144 παντοίας.
2882 2073 2972 2126 διά
2990 2074 3089 2144 την
3121 2072 3320 2144 πολλὴν
3347 2071 3443 2125 τοῦ
3480 2070 3734 2138 κατ’ἀρεο

2160 2172 2258 2241 τὴν
2285 2172 2401 2242 βίου
2434 2172 2756 2243 δυσχέρειαν
2786 2164 2880 2216 καὶ
2900 2164 2962 2215 τὸ
2992 2165 3186 2234 στενὴν
3218 2161 3359 2219 εῖναι
3389 2165 3485 2218 καὶ
3519 2166 3732 2229 τεθλιμ-

2165 2270 2335 2336 μένην
2355 2267 2454 2336 τὴν
2487 2269 2621 2334 πρὸς
2666 2268 2766 2337 τὴν
2797 2267 2974 2338 ἀληθῆ
3004 2267 3149 2337 ζωὴν
3198 2268 3495 2336 φέρουσαν.
3525 2265 3730 2332 Ὠσπερ

2159 2357 2390 2411 τοίνυνδ
2427 2357 2643 2429 πρῶτος
2693 2358 2980 2428 ἄνθρωπος
3041 2358 3264 2428 σπέρμα
3317 2357 3412 2411 καὶ
3457 2356 3601 2426 ἀρχὴ
3640 2357 3731 2420 τῆς

2161 2451 2269 2504 τῶν
2303 2450 2610 2518 ἀνθρώπων
2645 2452 2863 2520 φύσεως
2912 2451 2989 2504 ὢν
3036 2452 3260 2505 διέδωκε
3296 2449 3398 2520 μέν
3439 2449 3511 2503 ἂν
3541 2449 3650 2508 τοῖς
3677 2447 3732 2510 ἐξ

2160 2543 2326 2596 αὐτοῦ
2349 2544 2711 2614 γεννωμένοις
2733 2543 2803 2596 τὰ
2825 2545 2922 2612 τῆς
2949 2543 3103 2606 θείας
3125 2543 3404 2612 ὑποταγῆς
3425 2537 3570 2596 ἆθλα
3601 2542 3732 2608 μετὰ

2159 2639 2271 2692 τῶν
2325 2638 2503 2692 ἄλλων
2538 2636 2718 2691 καλῶν
2753 2639 2862 2690 τῶν
2891 2637 3511 2712 ’συγκαταϐεϐλημένων
3571 2635 3729 2688 αὐτοῦ

2158 2736 2225 2802 τῇ
2269 2731 2455 2801 φύσει,
2493 2733 2520 2786 δ
2545 2733 2609 2802 δὴ
2633 2734 2728 2786 καὶ
2765 2731 2908 2794 θεῖος
2931 2728 2998 2802 ἦν
3028 2732 3158 2802 περὶ
3181 2731 3348 2788 αὐτοῦ
3376 2732 3473 2785 καὶ
3523 2731 3732 2786 πάντων

2161 2827 2384 2891 σκοπὸς,
2425 2826 2649 2879 διέδωκε
2689 2825 2746 2878 δέ
2775 2825 2898 2878 ἀντὶ
2935 2823 3144 2878 τούτων
3178 2823 3277 2894 τὴν
3329 2825 3608 2893 ἁμαρτίαν
3645 2823 3732 2874 καὶ

2157 2920 2256 2990 τὴν
2287 2920 2372 2972 ἐπ’
2404 2919 2541 2988 αὐτῇ
2573 2917 2766 2986 ποινὴν
2815 2917 3032 2980 οἰκείως
3072 2919 3206 2969 πᾶσι
3235 2919 3346 2979 τοῖς
3378 2917 3692 2986 σπέρμασιν
3714 2932 3726 2942 ·

2157 3011 2300 3065 οὕτω
2329 3011 2419 3063 καὶ
2443 3015 2508 3081 τῇ
2544 3011 2664 3082 θείᾳ
2694 3010 3078 3081 φιλανθρωπίᾳ
3125 3011 3398 3081 ίατρεύειν
3434 3012 3619 3066 πάντα
3650 3009 3732 3079 βε-

483 3098 667 3147 πίστει
695 3095 792 3162 μὲν
820 3095 916 3147 καὶ
951 3095 1120 3164 ἀρετῇ
1146 3089 1288 3164 ἦσαν
1321 3095 1768 3164 μεμορφωμένοιν
1801 3098 1866 3166 τῇ
1894 3095 2054 3166 διπλῇ
2084 3131 2127 3188 C
2161 3104 2476 3174 ϐουλημένῃ
2527 3103 2801 3173 ἐγκαίρως
2833 3120 2891 3156 τε
2927 3106 3022 3156 καὶ
3065 3102 3408 3172 θεοπρεπῶς,
3441 3104 3521 3166 ὼς
3558 3104 3730 3159 πολλοὶ

480 3189 617 3257 πρὸς
652 3188 751 3256 τὴν
783 3187 1135 3255 εὐδαιμονίαν
1167 3187 1294 3256 ὁδῷ,
1327 3189 1387 3240 τὸ
1415 3188 1473 3241 δέ
1503 3191 1828 3257 προγονικὸν
1856 3191 2055 3253 αὐτοὺς

480 3276 668 3348 αἶσχος
705 3278 994 3330 καθεῖλκεν
1053 3279 1172 3330 ἐκεῖ
1223 3279 1318 3331 καὶ
1352 3281 1626 3347 κατεῖχεν,
1660 3281 2057 3349 ἀπηλλάγησαν

476 3373 556 3440 τῷ
584 3371 675 3423 τοῦ
709 3369 946 3440 Χριστοῦ
978 3371 1192 3440 θανάτῳ
1221 3371 1297 3434 ὡς
1327 3371 1505 3443 οἰκείᾳ
1535 3372 1803 3443 καὶκοινῇ
1838 3373 2057 3426 πάντων

483 3463 664 3516 αὐτῶν
719 3462 992 3525 ἀποτίσει,
1050 3461 1150 3529 τῆς
1185 3462 1548 3534 ὀφειλομένης
1593 3463 1753 3529 δίκης
1785 3463 1860 3533 τῷ
1893 3465 2055 3518 πταίο

484 3571 652 3625 σματι
673 3569 689 3584 ο
717 3552 937 3623 εὔχοντο
969 3553 1068 3623 μὲν
1093 3553 1202 3622 γὰρ
1240 3554 1483 3608 κάκεῖνοι
1511 3555 1670 3625 δίκην
1702 3555 1902 3609 διδόναι
1929 3557 2058 3610 ἕκα-

476 3663 604 3709 στος
639 3647 973 3717 πρόσκαιρον
1007 3646 1056 3698 εί
1109 3642 1221 3699 οἶόν
1258 3664 1316 3699 τε
1374 3641 1443 3718 ἦν
1489 3649 1585 3700 καὶ
1633 3648 2053 3720 ἀπαλλαγῆναι·

476 3741 698 3808 γνόντες
717 3739 831 3792 ἐκεῖ
849 3738 1124 3808 ἐγκαίρως
1156 3740 1253 3808 τὴν
1273 3739 1371 3808 τῆς
1397 3741 1822 3809 κακοδαιμονίας
1850 3743 2053 3804 αίτίαν.

476 3833 598 3885 ἀντὶ
627 3831 733 3884 τῶν
762 3831 902 3899 ὑπὲρ
925 3829 1024 3899 τῆς
1047 3830 1390 3899 εὐδαιμονίας
1414 3831 1666 3897 ἐλπίδων,
1691 3809 1778 3895 αἷς
1814 3833 2054 3887 ἐνταῦθα

478 3921 802 3990 συνέζησαν,
861 3920 976 3973 ἀλλ’
1018 3921 1115 3991 οὐχ
1173 3917 1286 3975 οἶόν
1327 3939 1386 3974 τε
1434 3917 1524 3993 ῆν,
1555 3925 1731 3977 οὐδενὶ
1759 3927 1949 3996 τρόπῳ
1992 3926 2054 3978 τὸ

471 4013 698 4081 εὔλογον
751 4015 952 4083 ἔχοντι.
984 4013 1118 4066 Τότε
1149 4013 1208 4066 δὲ
1237 4015 1333 4066 καὶ
1374 4014 1467 4066 τδν
1493 4016 1694 4085 τρόπον
1722 4015 1969 4087 ἔγνωσαν
2009 4012 2053 4086 ᾧ

473 4108 723 4159 λέλυνται
757 4107 864 4158 τῶν
893 4105 1130 4174 δεσμῶν,
1183 4107 1277 4158 καὶ
1309 4105 1386 4168 ὡς
1421 4107 1621 4177 ἐκείνῳ
1650 4109 1798 4179 μόνῳ
1826 4110 2052 4166 λύεσθαι

474 4197 539 4251 ἂν
571 4197 848 4266 ἠδύναντο.
888 4198 995 4251 Καὶ
1027 4197 1134 4249 τῶν
1186 4196 1432 4251 ἀπίστων
1463 4198 1518 4252 δὲ
1549 4201 1739 4254 ὁπόσοι
1769 4203 1887 4271 μετ’
1922 4204 2054 4274 ἀρε-

472 4293 571 4358 τῆς
625 4293 724 4357 τῆς
767 4290 1124 4358 ἐνδεχομένης
1181 4285 1327 4358 ἦσαν
1407 4289 1644 4345 ἐνταῦθα
1695 4291 2047 4362 βεϐιωκότες,

473 4378 636 4434 ἆθλον
663 4381 1008 4450 δικαιοσύνης
1040 4381 1130 4433 τὸν
1161 4383 1445 4448 φωτισμὸν
1495 4383 1753 4454 εὑρόντες
1784 4389 1886 4453 τῆς
1928 4387 2053 4441 διαο

2167 3199 2262 3251 καὶ
2293 3197 2515 3269 ἀληθεῖς
2543 3198 2683 3250 αὐτὰ
2716 3197 3010 3250 συνιστῶσι
3039 3199 3210 3266 λόγοι,
3261 3197 3477 3266 ἐδέησε,
3516 3199 3730 3268 σπέρμα

2167 3289 2518 3357 δικαιοσύνης
2570 3306 2631 3342 τε
2660 3290 2760 3360 τῆς
2795 3290 2934 3344 κατά
2981 3291 3270 3359 ἄνθρωπον
3301 3291 3394 3343 καὶ
3421 3290 3525 3359 τῆς
3565 3289 3728 3359 ταύτῃ

2161 3383 2637 3451 ἐπακολουθούσης
2659 3383 3009 3448 εὐδαιμονίας
3033 3385 3172 3436 κατὰ
3197 3384 3289 3436 τὸν
3314 3383 3373 3448 ἐξ
3400 3385 3579 3454 ἀρχῆς
3609 3386 3730 3452 περὶ

2160 3477 2270 3529 τῶν
2303 3474 2616 3542 ἀνθρώπων
2648 3473 2870 3538 σκοπὸν,
2919 3473 3205 3544 ἄνθρωπον
3239 3475 3568 3545 ἀναστῆσαι,
3591 3473 3728 3526 διδα-

2164 3569 2364 3622 σκαλον
2394 3567 2680 3636 ἀληθείας,
2714 3566 3036 3636 νομοθέτην,
3055 3566 3404 3635 δικαιοσύνης
3433 3567 3728 3638 παράδειγ-

2164 3677 2261 3730 μα,
2297 3659 2415 3713 οὐδὲ
2448 3659 2550 3730 βίῳ
2581 3657 2742 3727 μόνον
2776 3661 2870 3712 καὶ
2910 3658 3054 3728 λόγῳ
3089 3658 3220 3728 πρὸς
3257 3658 3439 3712 πίστιν
3472 3661 3568 3712 καὶ
3610 3663 3730 3726 ἀρε-

2157 3753 2260 3823 τὴν
2293 3751 2521 3820 ἄγοντα,
2554 3750 2691 3804 ἀλλά
2717 3750 2810 3803 καὶ
2839 3749 3079 3820 θαύμασι
3129 3751 3224 3803 καὶ
3257 3751 3509 3819 σημείοις
3571 3753 3728 3820 ὕπερ.

2157 3847 2343 3914 φυέσι,
2374 3845 2468 3898 καὶ
2513 3843 2946 3914 συμμορφοῦντα
2983 3843 3156 3906 οὕτως
3189 3844 3374 3911 ἐαυτῷ
3404 3846 3534 3908 τοὺς
3570 3844 3728 3906 σώζε-

2159 3938 2284 3991 σθαι
2321 3937 2619 4007 μέλλοντας
2666 3937 2760 3988 καὶ
2791 3935 2890 4005 τὴν
2916 3936 3015 4004 τῆς
3049 3935 3306 3997 ἀπιστίας
3341 3937 3434 3990 καὶ
3461 3935 3724 4005 πονηρίας

2155 4031 2326 4100 ἀχλὺν
2359 4031 2422 4082 ἐκ
2451 4031 2552 4099 τῆς
2581 4030 2685 4097 γῆς
2717 4028 3016 4098 δυνάμενον
3048 4029 3228 4100 πάσης
3259 4029 3636 4094 διασκεδάσαι,
3668 4033 3725 4084 τὸ

2155 4123 2254 4189 τῆς
2285 4118 2547 4188 ἀληθείας
2580 4118 2696 4188 φῶς
2721 4119 3128 4188 ἐπιλάμποντα,
3153 4121 3214 4172 οὐ
3257 4119 3584 4190 βιασθείσης
3611 4123 3723 4175 οὐδὲ

2155 4211 2320 4265 πάλιν
2347 4212 2443 4279 τῆς
2494 4195 2892 4283 προαιρέσεως,
2948 4212 3085 4266 ἀλλά
3120 4213 3214 4266 τοῦ
3261 4214 3359 4282 μὲν
3401 4213 3723 4281 προγονικοῦ

2156 4305 2480 4372 κωλύματος
2523 4307 2590 4374 τῇ
2627 4305 2809 4358 πίστει
2841 4305 2936 4357 καὶ
2959 4303 3036 4373 τῷ
3064 4305 3403 4374 βαπτίσματι
3443 4307 3721 4375 λυομένου.

2154 4398 2253 4465 τῆς
2279 4398 2333 4450 δὲ
2365 4397 2486 4450 κατ’
2515 4398 2798 4467 ἐνέργειαν
2832 4399 3195 4467 προσωπικῆς
3225 4400 3502 4469 ἁμαρτίας
3533 4404 3595 4469 τῇ
3625 4392 3720 4468 τηὲ

469 4473 616 4534 νοίας
647 4473 940 4541 ἐγκαίρωςν
975 4473 1071 4526 καὶ
1097 4474 1196 4540 τὴν
1231 4473 1298 4525 δι’
1339 4475 1504 4528 αὑτοῦ
1539 4477 1722 4529 πίστιν
1763 4483 1856 4530 κλὶ
1893 4479 2048 4533 αὐτοὶ
2083 4494 2124 4548 D
2154 4493 2309 4563 ρήσει
2352 4492 2462 4544 τῶν
2491 4491 2702 4554 τούτοις
2734 4491 3035 4561 δεδομένων
3082 4494 3263 4564 νόμων
3291 4495 3718 4562 ἀπειργομένης,

470 4569 583 4627 τοῖς
637 4564 923 4632 προτέροις
979 4565 1522 4634 συναπηλλάγησαν,
1577 4567 1686 4621 τῶν
1743 4571 2062 4650 οὐδετέροις⁷

466 4655 672 4724 ὁμοίων
704 4656 882 4723 μόνων
906 4657 1383 4724 ἐναπομεινάντων
1413 4657 1487 4728 τῷ
1529 4658 1660 4729 ᾄδῃ.

541 4747 613 4799 Οὐ
645 4745 828 4815 μόνοις
851 4745 906 4798 δὲ
942 4748 1053 4810 τοῖς
1094 4749 1152 4799 ἐν
1185 4747 1284 4820 ᾄδῃ
1315 4749 1375 4802 τὸ
1426 4751 1751 4819 προγονικὸν
1779 4747 1912 4823 ἦλθε
1951 4756 2045 4810 λύ-

472 4857 580 4891 σων
613 4839 843 4907 κώλυμα
869 4839 896 4891 δ
918 4839 1177 4910 Χριστὸς,
1210 4842 1346 4895 ἀλλά
1373 4843 1470 4896 καὶ
1506 4845 1673 4896 πᾶσιν
1709 4846 2040 4918 ἀνθρώποις,

467 4932 704 5001 μάλιστα
737 4933 846 4994 τοῖς
879 4932 1000 4984 τότε
1033 4933 1190 5001 ζώσι,
1233 4935 1328 4986 καὶ
1379 4937 1516 5006 μετὰ
1547 4938 1718 4992 ταῦτα
1745 4944 2046 5012 γενησομέ-

463 5043 577 5089 νοις
600 5042 614 5055 ’
653 5025 796 5094 ὑπὲρ
832 5026 1048 5078 πάντων
1075 5027 1182 5094 γὰρ
1211 5022 1374 5098 ἦλθεν
1408 5031 1807 5103 ίκανοποιήσων
1825 5038 1893 5106 τῇ
1923 5037 2044 5107 θείᾳ

462 5118 808 5189 δικαιοσύνῃ.
869 5117 1034 5171 ’Λλλά
1083 5121 1211 5190 περὶ
1271 5121 1371 5190 μὲν
1421 5123 1531 5178 τῶν
1560 5127 1844 5197 προτέρων
1881 5131 2043 5198 ῆρκει

460 5211 625 5264 δόντα
654 5212 750 5280 τὴν
781 5211 940 5282 δίκην
969 5211 1156 5274 αὐτὸν.
1195 5215 1375 5267 καίτοι
1410 5217 1579 5285 μηδὲν
1611 5218 1916 5287 ὀφείλοντα,
1951 5223 2056 5289 έγη

461 5320 674 5373 καρπον
713 5305 900 5367 αὐτοῖς
952 5305 1182 5375 ποιῆσαι
1214 5305 1272 5358 τὸ
1301 5307 1400 5371 τῆς
1433 5310 1670 5374 πίστεως
1713 5315 1806 5364 καὶ
1835 5312 2042 5383 ἀρετῆς

465 5396 688 5462 ἀγαθὸν,
721 5395 816 5449 τοῦ
853 5397 1031 5449 κοινοῦ
1069 5398 1165 5449 καὶ
1204 5399 1434 5466 φυσικοῦ
1479 5401 1732 5464 λυθέντος
1782 5405 2040 5472 κωλύμα-

461 5503 584 5549 τος·
622 5489 716 5542 καὶ
773 5487 917 5539 τοῦτ’
951 5489 1148 5556 ἧνυσεν
1205 5489 1279 5552 ὡς
1327 5493 1549 5546 πάντων
1598 5497 1931 5566 ἁντίῤῥοπος
1960 5497 2036 5550 ὢν

2151 4589 2296 4654 ἅπερ
2332 4581 2400 4655 ἦν
2433 4586 2460 4637 δ
2511 4583 2722 4652 καρπὸς
2779 4584 2873 4637 τοῦ
2909 4584 3056 4637 θείου
3087 4585 3461 4655 κηρύγματος.
3524 4587 3597 4639 Τδ
3628 4588 3720 4656 μὲν

2149 4681 2242 4733 οὖν
2279 4679 2504 4748 φυσικὸν
2527 4680 2621 4749 τῆς
2678 4678 3100 4748 ἀνθρωπότητος
3154 4680 3377 4749 σπέρμα
3423 4681 3584 4752 ῆρκει
3630 4680 3721 4733 καὶ

2148 4772 2304 4840 ψιλὸν
2337 4770 2626 4839 ἄνθρωπον
2650 4766 2810 4838 εἶναι,
2843 4770 3033 4841 ὥσπερ
3060 4772 3168 4841 ἀρα
3198 4773 3290 4825 καὶ
3321 4768 3389 4844 ῆν
3412 4789 3426 4805 ο
3453 4771 3513 4824 τὸ
3547 4772 3602 4825 δὲ
3627 4773 3720 4839 τῆς

2149 4863 2529 4934 πνευματικῆς
2557 4863 2896 4931 ἐπιστροφῆς
2930 4865 3022 4915 καὶ
3051 4864 3284 4933 διαίτης,
3315 4863 3382 4915 δι’
3427 4859 3504 4918 ὧν
3527 4866 3560 4933 ή
3590 4863 3718 4932 πρὸς

2147 4959 2248 5026 τὴν
2307 4957 2654 5024 εὐδαιμονίαν
2711 4955 2828 5019 ὁδὸς
2859 4955 3050 5026 ἔμελλε
3113 4959 3228 5019 τοῖς
3269 4955 3719 5026 προαιρουμένοις

2148 5049 2428 5114 ἀνύεσθαι,
2463 5049 2708 5118 μεγάλην
2748 5048 2893 5119 ἔχειν
2925 5050 3091 5120 ἐχρῆν
3117 5049 3212 5116 τὴν
3243 5050 3515 5120 ὑπεροχήν
3549 5065 3608 5101 τε
3631 5051 3720 5101 καὶ

2147 5142 2397 5209 δύναμιν,
2459 5142 2556 5194 καὶ
2606 5141 2962 5211 πνευματικῷ
3026 5143 3302 5211 σπέρματι
3362 5142 3716 5211 πρέπουσαν·

2146 5232 2408 5304 πλείστην
2442 5234 2552 5304 γὰρ
2583 5235 2682 5286 καὶ
2722 5234 2990 5304 μεγίστην
3035 5231 3150 5304 εἶχε
3186 5235 3246 5286 τ’)
3271 5235 3502 5302 πρᾶγμα
3527 5231 3714 5300 δυσχέ-

2148 5342 2320 5396 ρειαν,
2350 5325 2426 5386 ὡς
2451 5323 2544 5378 τοῦ
2581 5325 2786 5395 κόσμου
2843 5328 3044 5387 παντὸς
3073 5327 3444 5396 ἀφισταμένου
3490 5325 3590 5393 μὲν
3628 5323 3716 5376 ἀπ’

2146 5417 2320 5486 ἀρχῆς
2346 5419 2486 5470 κατὰ
2517 5418 2736 5486 μικρῦν,
2765 5417 3078 5472 τελευταῖον
3117 5418 3173 5470 δὲ
3211 5419 3557 5471 παντάπασιν
3591 5416 3721 5469 ἀπο-

2146 5511 2371 5570 σεάιτος
2393 5510 2506 5562 ἀπὸ
2536 5509 2672 5562 Θεοῦ
2695 5525 2706 5538 '
2739 5508 2879 5561 ὥστε
2909 5510 2940 5580 ἢ
2973 5509 3264 5573 παντελοῦς
3295 5506 3718 5576 ἐγκαταλείψεως

465 5583 557 5630 καὶ
581 5582 738 5646 φύσει
767 5581 865 5648 μὲν
891 5582 918 5632 ό
946 5581 1106 5642 αὐτὸς
1133 5582 1358 5645 ἐκείνοις
1390 5586 1593 5638 ἅπασιν
1620 5587 1719 5649 ὢν,
1756 5606 2040 5660 προσωπιο-
2143 5602 2254 5653 δ-ῖν
2307 5601 2492 5652 λο.πδν
2525 5603 2618 5653 και
2677 5601 2886 5668 φθορᾶς
2932 5601 2964 5669 ἢ
3019 5602 3432 5671 φιλανθρωπίας
3464 5598 3550 5650 ἐπ’
3575 5595 3717 5662 αὐτῴ

463 5671 532 5736 κῇ
566 5669 770 5762 δὲ’ἁξίᾳ
805 5671 1021 5722 πάντων
1064 5671 1347 5741 ὑπερέχων
1385 5676 1548 5743 ὁμοῦ,
1574 5678 1644 5731 δι’
1681 5680 1749 5749 ῆν
1791 5685 2033 5755 ἀνεπλη-

462 5759 706 5824 ροῦτοτδ
737 5761 832 5829 τῆς
874 5761 1087 5828 φύσεως
1116 5761 1384 5834 ἔλλειμμα
1431 5769 1561 5838 πρὸς
1595 5771 1693 5841 τὴν
1745 5773 2037 5847 ὀφειλομέ-

2147 5695 2240 5742 καὶ
2267 5691 2582 5758 οἰκονομίας
2635 5693 2902 5760 μεγίστης
2955 5695 3048 5742 καὶ
3079 5691 3360 5758 θειοτάτης
3388 5691 3478 5743 καὶ
3516 5691 3580 5757 τῇ
3610 5687 3712 5738 τῶν

2145 5783 2333 5836 κακῶν
2393 5781 2666 5855 ὑπερϐολῇ
2730 5784 3051 5852 πρέπουσαν
3086 5784 3455 5855 σκευαζούσης
3502 5781 3600 5852 τὴν
3634 5781 3713 5832 ία-
