4100 6470
420 389 590 493 ‘1163

1871 421 2255 486 ADDENDA.

3557 419 3706 487 1164

889 764 1457 950 ᾹΒΒΕΝΜ
1567 764 1726 916 ΑΙ)
1822 751 2080 917 0Plil

2154 760 2208 911 l
2307 755 2681 914 Milli}!
2769 758 3243 914 lll’llllSll

1456 1185 1596 1244 ΤΟΥ
1649 1182 2055 1243 ΣΩΦΩΤΑΤΟΥ
2093 1185 2214 1242 ΚΑΙ
2258 1184 2695 1242 ΛΟΓΙΩΤΔΤΟΥ

747 1357 1818 1540 ΜΑΡΚΟΥ
1955 1354 3392 1531 ΕΥΓΕΝΙΚΟΥ

1647 1624 2194 1682 ΜΕΤΡΟῙΙΟΛῘΤΟΥ
2249 1624 2516 1682 ΕΦΕΣΟΥ

639 1757 1197 1888 ΕΞΗΓΗΣΙΣ
1285 1793 1504 1884 ΤΗΣ
1635 1792 2627 1881 ΕΚΚΑΗΣΙΑΣΤΙΚΗΣ
2739 1793 3494 1885 ΑΚΟΛΟΥΘΙΑΣ.

2026 2000 2105 2024 d

1536 2134 2047 2193 SAPIENTISSIMI
2079 2133 2628 2204 DOCTISSIMIQUE

1264 2321 1857 2480 MARCI
1945 2321 2870 2482 EUGENICI

1678 2590 1930 2652 EPHESI
1967 2591 2486 2650 METROPOLITAS

962 2772 1640 2869 EXPOSITIO
1721 2771 2182 2866 OFFICII
2298 2771 3214 2868 ECCLESIASTICI.

820 2975 990 3032 (Edita
1015 2973 1076 3024 ad
1101 2971 1287 3024 calcem
1313 2970 1533 3034 Operam
1560 2967 1828 3032 Symeonis
1853 2963 2080 3020 Thessalc

2154 2967 2335 3026 censis,
2365 2968 2410 3016 ἐν
2445 2967 2627 3031 Γιασίῳ
2650 2975 2734 3027 τῆς
2759 2968 3050 3028 Μολδοείας,
3081 2968 3217 3031 1685,
3240 2967 3349 3029 fol.)

521 3285 752 3340 Necesse
782 3281 1003 3354 quidem
1031 3282 1191 3346 foret,
1237 3280 1390 3350 juxta
1429 3287 1786 3350 praeceptum,
1819 3277 2031 3334 indesi-
2061 3281 2109 3341 Α

450 3387 650 3434 neuter
671 3391 832 3432 orare
862 3385 916 3432 et
945 3375 1013 3431 ad
1043 3374 1211 3431 Deum
1247 3375 1626 3429 adorationem
1659 3374 1711 3427 in
1747 3373 1954 3442 Spiritu
1984 3382 2040 3428 et

451 3468 687 3522 veritate
717 3467 956 3534 dirlgere
989 3481 1005 3532 ;
1040 3465 1131 3518 sed
1173 3466 1460 3534 praesentis
1507 3463 1630 3517 vita:
1681 3464 1831 3517 curis
1889 3462 2038 3531 obje-

453 3561 579 3625 ctis,
608 3566 664 3614 et
683 3558 768 3613 bis
790 3574 912 3627 qua:
944 3556 1093 3612 circa
1125 3571 1328 3626 corpus
1377 3564 1668 3611 versantur
1700 3553 2042 3626 cogitationi-

453 3655 558 3707 bus
580 3650 980 3706 conﬂuentibus
1006 3649 1378 3718 impediuntur
1397 3647 1674 3717 plerique;
1701 3655 2042 3702 removetur-

459 3762 564 3813 que
604 3758 829 3813 regnum
886 3742 978 3796 Dei
1027 3740 1175 3810 quod
1225 3740 1368 3795 intra
1410 3755 1509 3795 nos
1548 3747 1654 3805 est,
1695 3749 1756 3794 ut
1813 3737 2046 3806 requirit

458 3835 778 3891 Dominicus
808 3849 992 3890 sermo
1020 3849 1035 3900 ;
1074 3833 1546 3903 prohibenturque
1571 3846 1640 3886 ne
1661 3830 1927 3901 spirituali
1958 3845 2049 3886 as-

459 3929 654 3983 sistant
703 3925 889 3989 altari,
938 3924 1252 3993 spiritualcs
1307 3923 1360 3977 in
1417 3921 1549 3977 illud
1587 3929 1642 3977 et
1693 3919 2050 3976 rationabiles

464 4020 669 4074 ltostins
704 4017 817 4072 Deo
848 4015 1160 4080 afferentes,
1199 4016 1502 4070 secundum
1537 4013 1787 4068 divinum
1815 4013 2048 4082 Aposto-

463 4115 596 4177 lum,
620 4111 880 4178 quoniam
920 4109 1012 4165 Dei
1053 4109 1288 4164 viventis
1327 4107 1586 4177 templum
1619 4121 1813 4162 sumus
1845 4121 1966 4171 nos,
1992 4115 2047 4162 et

463 4205 702 4273 Spititus
759 4201 880 4271 ejus
931 4200 1151 4256 divinus
1201 4202 1254 4254 in
1307 4199 1468 4256 nobis
1528 4200 1756 4255 habitat.
1795 4197 2048 4270 Nihilque

465 4300 660 4351 mirum
707 4295 758 4350 id
790 4293 927 4349 siin
981 4295 1166 4348 multis
1213 4301 1265 4348 et
1305 4295 1452 4350 circa
1503 4307 1724 4349 carnem
1768 4292 2048 4362 occupatis

463 4391 717 4444 accidere
743 4388 907 4454 solet,
940 4370 1062 4442 cum
1091 4371 1283 4442 eorum
1321 4389 1414 4458 qui
1448 4401 1507 4443 se
1556 4388 1722 4457 hujus
1745 4389 1931 4442 saeculi
1965 4402 2050 4442 re-

471 4486 573 4536 bus
611 4480 1029 4542 abdicaverunt,
1064 4479 1360 4534 nonnullos
1380 4478 1631 4535 videmus
1656 4481 2053 4536 rationabiliter

467 4575 734 4627 adversus
766 4571 1094 4641 passionum
1123 4573 1457 4627 tentationes
1481 4572 1831 4637 dimicantes,
1855 4573 2051 4628 exinde

469 4664 702 4719 multum
732 4664 977 4718 excitare
1007 4662 1310 4732 pulverem,
1343 4663 1439 4734 qui
1499 4664 1670 4719 animi
1708 4665 2046 4722 intellectum

467 4758 747 4822 obcaecat;
789 4755 1141 4823 nondumque
1163 4753 1230 4808 ad
1262 4768 1447 4811 veram
1473 4769 1690 4825 precem
1724 4755 2050 4812 eliciendam

468 4845 995 4918 pervenientes,etsi
1028 4847 1284 4902 voluntas
1318 4861 1431 4902 non
1477 4847 1662 4914 desit;
1695 4849 1942 4919 jucunda
1970 4860 2054 4904 est

467 4945 520 4995 in
559 4940 722 4995 corde
745 4939 1007 4995 continua
1045 4949 1099 4995 et
1140 4939 1460 4997 indesinens
1490 4938 1621 4996 Jesu
1677 4943 1942 4997 memoria
1997 4950 2054 4998 et

417 5014 532 5090 icx
570 5048 632 5088 ea
665 5031 962 5088 inetl‘abilis
996 5030 1349 5088 illuminatio.
1379 5031 1593 5089 Idcirco
1613 5046 1643 5087 a
1675 5034 1884 5090 sanctis
1910 5034 2051 5089 divi-

427 5069 663 5223 }nlsque
692 5126 897 5181 nostris
925 5111 1207 5191 Patribus,
1239 5127 1335 5196 qui
1370 5141 1400 5180 a
1435 5123 1568 5182 Jesu
1597 5125 1819 5182 Christo
1853 5137 2055 5198 etapo-

465 5221 626 5275 stolis
651 5227 1003 5287 acceperunt,
1032 5225 1238 5273 statuta
1267 5228 1396 5275 sunt
1420 5217 1489 5274 ad
1531 5219 1800 5274 orandum
1842 5227 2056 5291 tempus

469 5323 523 5364 «τι
558 5311 712 5364 locus
738 5328 752 5375 ;
782 5325 907 5364 cum
941 5311 1096 5378 quasi
1125 5312 1496 5366 necessariam
1535 5313 1682 5367 hanc
1701 5321 1755 5366 et
1783 5314 2057 5381 praestitu-

476 5413 584 5455 tant
619 5399 948 5455 indncerent
989 5399 1288 5470 liturgiam,
1328 5402 1398 5456 ab
1446 5402 1515 5458 iis
1545 5401 1658 5456 Deo
1686 5403 2055 5472 praestandam

473 5493 567 5562 qui
602 5507 710 5546 non
746 5505 976 5561 prorsus
1004 5490 1244 5547 belluino
1274 5507 1425 5548 more
1454 5492 1646 5548 vivunt
1676 5511 1692 5561 ;
1726 5495 1837 5548 imo
1863 5505 1915 5550 et
1938 5510 2058 5550 cor-

475 5581 683 5649 poralis
711 5578 1093 5652 dispositionis
1121 5580 1358 5646 habitus,
1389 5589 1444 5636 et
1475 5580 1760 5641 inclinatio
1789 5582 1856 5638 ad
1889 5598 2054 5654 quam

477 5678 822 5732 intendentcs
875 5685 1098 5747 oportet,
1145 5691 1341 5743 orare;
1372 5686 1426 5732 et
1470 5680 1777 5749 praesertim
1813 5681 1937 5748 ejus
1965 5683 2062 5753 qui

477 5776 597 5822 orat
645 5769 814 5825 animi
848 5769 1155 5839 dispositio.
1218 5769 1422 5826 Locum
1468 5787 1617 5839 vero,
1677 5774 1949 5842 habitum,
2009 5789 2064 5834 et

481 5858 648 5912 animi
682 5860 1097 5929 dispositionem
1129 5861 1397 5917 describit
1447 5863 1607 5920 divus
1643 5865 1938 5937 Apostolus
1973 5871 2055 5926 di-

2213 3282 2361 3336 Ἔδει
2397 3281 2496 3351 μὲν
2532 3281 2675 3333 κατὰ
2713 3279 2816 3348 τὴν
2863 3278 3194 3334 κελεύουσαν
3233 3279 3452 3347 ἐντολὴν
3484 3279 3725 3334 ἀδιαλείο

2144 3393 2293 3438 πτως
2361 3375 2802 3446 προσεύχεσθαι,
2861 3376 2955 3428 καὶ
3008 3373 3107 3444 τὴν
3161 3376 3220 3427 ὲν
3278 3372 3558 3443 Πνεύματι
3618 3377 3724 3428 καὶ

2143 3469 2377 3540 ἀληθείᾳ.
2425 3467 2802 3539 προσκύνησιν
2858 3466 2937 3534 τῷ
2990 3466 3110 3532 Θεῷ
3154 3467 3491 3536 ἀναφέρειν·
3527 3464 3645 3521 ἀλλ’
3687 3469 3719 3535 ἠ

2145 3563 2283 3632 πρὸς
2316 3562 2384 3614 τὰ
2426 3561 2654 3631 βιωτικά
2684 3559 2794 3613 τῶν
2816 3558 3094 3627 λογισμῶν
3123 3557 3368 3627 ἀσχολία,
3405 3558 3496 3610 καὶ
3537 3558 3565 3610 ὁ
3609 3557 3725 3610 τῶν

2145 3654 2275 3723 περὶ
2311 3653 2471 3722 σῶμα
2505 3651 2805 3722 φροντίδων
2839 3649 3024 3720 ἐσμὸς,
3066 3651 3271 3715 ἀπάγει
3303 3650 3429 3711 τοὺς
3469 3649 3722 3712 πολλοὺς,
3819 3719 3822 3723 _

2147 3745 2241 3798 καὶ
2284 3743 2548 3813 ἀφίστησι
2593 3743 2694 3814 τὴν
2743 3741 3025 3811 βασιλείαν
3065 3741 3159 3794 τοῦ
3190 3741 3350 3805 Θεοῦ,
3385 3743 3534 3804 ἐντὸς
3563 3741 3726 3810 ἡμῶν

2150 3837 2339 3898 οὖσαν,
2366 3836 2442 3900 ὡς
2476 3838 2504 3891 ὁ
2534 3837 2812 3905 Κυριακδς
2841 3836 2995 3904 λόγος
3031 3835 3417 3903 ὲπιζητείκκαὶ
3449 3835 3526 3904 τῷ
3548 3835 3726 3902 νοητῷ

2154 3929 2546 4000 προσεδρεύειν
2575 3929 2971 4000 θυσιαστηρίῳ,
3003 3928 3103 3990 τὰς
3137 3925 3514 3996 πνευματιγάς
3541 3940 3598 3976 τε
3628 3925 3726 3978 καὶ

2148 4023 2376 4090 λογικὰς
2424 4021 2620 4086 θυσίας
2674 4023 3090 4093 προσφέροντας
3135 4019 3223 4074 ἐπ’
3254 4017 3420 4073 αὐτοῦ
3472 4017 3548 4087 τῷ
3579 4016 3725 4085 Θεῷ,

2148 4113 2291 4166 κατὰ
2325 4112 2417 4167 τὸν
2453 4112 2596 4165 θεῖον
2625 4111 2979 4175 ’Λπόστολον,
3018 4111 3178 4179 εἴπερ
3216 4109 3380 4177 ἐσμὲν
3417 4107 3542 4168 ναὸς
3589 4105 3726 4158 Θεοῦ

2149 4205 2353 4269 ζῶντος
2387 4207 2570 4276 ἡμεῖς,
2609 4205 2705 4259 καὶ
2745 4205 2806 4257 τὸ
2838 4203 3061 4273 Πνεῦμα
3093 4201 3258 4255 αὑτοῦ
3312 4199 3374 4254 τὸ
3419 4199 3558 4252 Θεῖον
3591 4198 3731 4250 οἰκεῖ

2149 4299 2209 4351 ὲν
2251 4298 2408 4367 ἡμῖν.
2454 4298 2564 4352 Καὶ
2601 4297 2922 4366 θαυμαστὸν
2967 4297 3141 4361 οὐδὲν,
3170 4297 3218 4346 εί
3251 4295 3342 4345 ἐπὶ
3381 4292 3490 4346 τῶν
3516 4292 3732 4344 πολλῶν

2152 4391 2248 4443 καὶ
2291 4393 2433 4445 κατὰ
2478 4390 2658 4461 σάρκα
2698 4389 2919 4454 ζώντων
2957 4388 3117 4442 τοῦτο
3162 4387 3483 4456 συμϐαίνειν
3515 4383 3727 4444 εἴωθεν,

2153 4484 2288 4537 ὅπου
2309 4501 2372 4552 γε
2397 4485 2491 4537 καὶ
2517 4483 2628 4536 τῶν
2651 4482 3086 4552 ἀποταξαμένων
3107 4481 3217 4542 τοῖς
3244 4478 3524 4544 κοσμικοῖς
3555 4479 3731 4546 πρᾶγ-

2159 4590 2326 4643 μασιν
2361 4575 2536 4637 ἐνίους
2576 4572 2798 4644 ὁρῶμεν
2841 4573 2928 4626 διὰ
2981 4570 3043 4626 τὸ
3097 4569 3420 4640 λογιστικῶς
3456 4567 3726 4636 μάχεσθαι

2153 4669 2270 4728 ταῖς
2326 4664 2631 4736 προλήψεσι
2678 4664 2789 4718 τῶν
2847 4663 3059 4730 παθῶν,
3111 4665 3208 4718 καὶ
3263 4661 3429 4716 πολὺν
3480 4659 3729 4714 ἐντεῦθεν

2154 4757 2726 4828 κονιορτὸν¹ὲγεὶρειν,
2752 4756 3151 4811 ἐπισκοτοῦντα
3187 4755 3246 4808 τὸ
3271 4753 3463 4824 νοερὸν
3486 4751 3588 4828 τῆς
3623 4751 3728 4821 ψυ-

2155 4853 2274 4922 χῆς,
2301 4851 2456 4904 οὔπω
2485 4852 2818 4922 δυναμένους
2849 4851 3138 4921 ἐφικέσθαι
3167 4849 3268 4920 τῆς
3291 4847 3530 4920 ἀληθοῦς
3558 4861 3731 4916 προσο

2155 4944 2348 5012 ευχῆς,
2389 4943 2698 4998 καὶπολλὰ
2753 4943 3138 5014 βουλομένους,
3193 4942 3322 5011 ἡδέα
3383 4940 3532 4993 ἐστὶν
3580 4939 3614 5008 ἡ
3675 4937 3732 4989 ὲν

2156 5035 2358 5107 καρδίᾳ
2392 5035 2627 5107 συνεχὴς
2655 5035 2750 5089 καὶ
2779 5036 3057 5094 ἄπαυστος
3093 5033 3271 5103 Ἰησοῦ
3303 5033 3518 5103 μνήμη.
3559 5029 3652 5084 καὶ
3705 5031 3731 5080 ὸ

2157 5128 2217 5192 ἐξ
2260 5127 2429 5197 αὐτῆς
2474 5128 2764 5199 γινόμενος
2812 5128 3050 5200 ἄρῤητος
3094 5125 3398 5195 φωτισμός.
3435 5123 3534 5177 Διὰ
3578 5124 3734 5176 τοῦτο

2156 5223 2269 5285 τοῖς
2300 5223 2468 5291 ἱεροῖς
2515 5222 2607 5274 καὶ
2651 5220 2818 5284 θείοις
2845 5221 3002 5290 ἡμῶν
3033 5219 3316 5289 Πατράσιν
3353 5219 3410 5284 ἐξ
3441 5217 3606 5272 αὐτοῦ
3641 5215 3732 5268 τοῦ

2160 5315 2404 5386 Χριστοῦ
2454 5316 2549 5369 καὶ
2605 5317 2717 5369 τῶν
2761 5317 3079 5370 ἀποστόλων
3127 5315 3524 5386 παρειληφόσιν
3561 5315 3737 5367 Emtae-

2160 5407 2350 5477 νόηται
2399 5408 2535 5479 πρὸς
2593 5408 2693 5479 τὴν
2741 5407 3055 5480 προσευχὴν
3098 5409 3286 5479 καιρός
3327 5426 3384 5462 τε
3427 5411 3523 5462 καὶ
3554 5410 3732 5470 τόπος,

2165 5501 2290 5564 τοὺς
2321 5501 2394 5570 μὴ
2431 5500 2610 5571 πάντη
2642 5499 2940 5573 κτηνώδεις
2971 5503 3261 5570 ἐνάγοντες
3293 5502 3544 5573 καθάπερ
3579 5502 3738 5568 ἀναγ-

2165 5592 2330 5646 καίαν
2363 5592 2489 5645 τινὰ
2517 5593 2725 5662 ταύτην
2749 5595 2860 5654 ,καὶ
2889 5593 3278 5661 ὲμπρόθεσμον
3306 5593 3580 5663 εἰσφέρειν
3623 5591 3738 5661 Θεῷ

2166 5684 2534 5755 λειτουργίαν,
2567 5685 2649 5738 ἔτι
2699 5702 2759 5737 τε
2823 5686 3142 5755 σωματικῆς
3190 5685 3486 5750 διαθέσεως
3533 5683 3737 5756 σχῆμα,

2169 5777 2265 5831 καὶ
2301 5779 2492 5846 κλίμα,
2534 5779 2669 5848 πρὸς
2727 5779 2756 5830 ὃ
2811 5779 2894 5831 δεῖ
2952 5779 3274 5848 ἀφορῶντας
3331 5777 3606 5848 εὔχεσθαι,
3648 5776 3739 5829 καὶ

2173 5871 2277 5943 πρὸ
2318 5873 2522 5926 τούτων
2549 5875 2580 5943 ἡ
2613 5871 2707 5925 τοῦ
2734 5873 3029 5943 εὐχομένου
3065 5874 3398 5936 κατάστασίς
3419 5872 3517 5940 τῆς
3544 5867 3735 5942 ψυχῆς.
