4100 6428
329 333 463 400 1169

1233 335 1475 396 MARCI
1514 310 1890 396 EUI‘GENiCl
1933 334 2031 396 ne
2066 332 2306 402 omo
2351 333 2647 396 seems.

3441 338 3578 406 1170

330 466 448 522 μεν.
499 439 576 504 Οῦ
628 449 810 519 τυχεῖν
841 447 1026 512 ἐλέους
1083 445 1367 518 αἰτοῦμεν,
1403 446 1652 511 εἰκότως.
1708 447 1768 502 Ὀ
1801 449 1902 520 μὶν

2011 448 2125 519 ipse
2183 448 2452 504 mediator
2480 448 2648 504 Deum
2696 449 2836 504 inter
2875 461 2930 507 et
2978 451 3230 509 homines
3261 451 3581 523 Christique

328 538 436 606 γὰρ
466 535 662 606 ἰερεὺς.
689 535 850 598 αὐτὸς
871 534 946 589 ὢν
970 538 998 590 ὁ
1034 537 1262 607 μεσίτης
1295 537 1430 591 Θεοῦ
1453 537 1545 591 καὶ
1575 537 1904 609 ἀνθρώπων,

327 631 514 684 εἰκόνα
547 629 736 692 σώζων
761 629 1025 697 Χριστοῦ,
1049 629 1304 701 καθάπερ
1329 631 1432 702 ἤδη
1484 630 1712 700 βεϐαίαν
1767 631 1906 700 ἔχων

332 721 707 790 πληροφορίαν
737 722 864 792 περὶ
889 722 1000 776 τῶν
1052 724 1394 795 αἰτημάτων,
1430 724 1748 795 εὐχαριστεῖ
1807 727 1907 796 τῆς

326 829 388 865 τε
421 814 498 874 εἰς
525 813 586 866 τὸ
613 807 755 868 εἰναι
800 812 959 884 ἡμῶν
1015 816 1358 887 παραγωγῆς
1411 817 1594 884 ἕνεκα,
1650 819 1744 872 καὶ
1798 817 1906 870 τῶν

328 905 572 976 ἀρχῆθεν
621 904 788 960 αὑτοῦ
845 907 984 978 πρὸς
1031 908 1180 978 ἡμᾶς
1227 908 1594 980 δωρημάτων,
1652 911 1750 964 καὶ
1797 911 1908 965 τῶν

330 987 559 1068 ὕστερον
603 996 694 1052 διὰ
743 998 843 1066 τῆς
895 998 991 1052 τοῦ
1039 1000 1382 1068 Μονογενοῦς
1433 1001 1766 1070 σαρκώσεως
1814 1001 1909 1055 καὶ

327 1089 674 1158 ἐπιφανείας,
704 1091 799 1144 καὶ
845 1089 927 1144 ἔτι
975 1092 1088 1146 τῶν
1145 1092 1242 1147 νῦν
1302 1093 1642 1163 αἰτουμένων
1699 1110 1759 1148 τε
1811 1094 1908 1149 καὶ

327 1181 709 1252 ῖοθησομένων
730 1199 745 1216 ·
780 1183 972 1251 ὥσπερ
1011 1184 1175 1248 αὐτὸς
1212 1185 1242 1240 ὁ
1273 1185 1466 1257 Σωτὴρ
1493 1187 1653 1256 ἡμῶν
1708 1188 1801 1242 ἐπὶ
1829 1188 1909 1258 τῷ

330 1273 590 1345 Λαζάρῳ,
620 1275 715 1328 καὶ
747 1276 878 1344 πρὶν
899 1278 1206 1345 ἀναστῆσαι
1231 1280 1322 1331 τὸν
1363 1280 1636 1348 κείμενον,
1709 1283 1908 1351 Εὐχα-

317 1366 512 1431 ριστῶ
583 1383 703 1431 σοι,
735 1368 873 1438 πρὸς
939 1371 1032 1422 τὸν
1110 1371 1332 1441 Πατέρα
1393 1374 1581 1442 φησὶν,
1629 1373 1720 1428 ὅτι
1785 1393 1906 1442 μου

325 1459 624 1528 ἤκουσας.
673 1461 864 1531 Ἡμεῖς
898 1465 954 1516 δὲ
1000 1464 1047 1516 οἱ
1101 1464 1308 1528 πολλοὶ,
1355 1466 1462 1518 τῶν
1515 1467 1662 1522 ἰδίων
1691 1469 1908 1538 μέτρων

324 1554 702 1623 ἐπιγνώμονες
723 1554 895 1619 ὄντες,
937 1556 1227 1626 ἐλεηθῆναι
1258 1558 1579 1626 αἰτούμεθα,
1615 1562 1756 1615 κατὰ
1814 1562 1908 1616 τὸν

323 1645 526 1712 τυφλὸν
555 1646 782 1709 ἐκεῖνον,
844 1647 943 1717 οὐχ
995 1649 1112 1702 υἰδν
1176 1650 1362 1719 μέντοι
1420 1651 1609 1712 Δαόὶδ.
1681 1653 1816 1705 Θεοῦ
1852 1654 1908 1705 δὲ

332 1734 462 1787 Υἱὸν
493 1735 584 1790 τὸν
611 1735 841 1805 Σωτῆρα
875 1736 1033 1805 ἡμῶν
1063 1735 1450 1806 ὀνομάζοντες,
1481 1738 1555 1801 ὼς
1585 1738 1772 1806 ἕτερός
1804 1756 1906 1792 που

2011 554 2302 610 personam
2329 555 2544 610 gerens,
2576 542 2734 610 quasi
2763 541 2875 613 iam
2904 554 3109 599 certam
3167 544 3375 600 habens
3417 544 3577 601 {idem

2008 633 2078 688 de
2094 631 2303 702 petitis,
2332 632 2540 701 gratias
2565 633 2673 704 agit
2703 642 2758 689 et
2791 633 2858 688 de
2887 636 3164 690 creatione
3194 644 3400 702 nostra,
3428 644 3483 691 et
3514 637 3582 692 de

2009 723 2171 778 nobis
2223 723 2294 776 ab
2325 722 2482 778 initio
2528 724 2806 780 concessis
2836 724 3017 790 donis,
3047 734 3103 782 et
3135 725 3203 782 de
3261 736 3447 796 postea
3484 741 3582 799 per

2011 813 2292 885 Unigeniti
2321 813 2752 870 incarnationem
2789 816 3295 890 revelationemque
3323 818 3488 886 datis,
3522 826 3578 874 et

2009 905 2192 962 adhuc
2211 908 2276 962 de
2302 905 2371 960 iis
2390 921 2511 976 quae
2535 906 2589 960 in
2617 908 2900 976 praesentia
2921 895 3233 978 petimusiet
3263 925 3386 979 quae
3423 909 3582 966 nobis

2011 1005 2140 1052 sunt
2165 996 2509 1053 concedenda
2540 1013 2558 1053 :
2601 997 2878 1070 sicutipse
2903 999 3150 1056 Salvator
3183 1008 3370 1057 noster
3397 1001 3454 1056 in
3475 999 3583 1055 La-

2011 1101 2165 1155 zaro,
2204 1096 2260 1144 et
2307 1088 2628 1158 priusquam
2694 1088 2970 1159 iacentem
3001 1091 3333 1147 suscitaret:
3365 1092 3582 1147 Gratias

2010 1195 2113 1248 ago
2146 1178 2261 1242 tibi,
2313 1179 2378 1232 ad
2415 1178 2632 1234 Patrem
2671 1181 2766 1245 ait,
2823 1181 2949 1252 quia
2996 1198 3078 1236 me
3130 1179 3438 1261 audiiui",
3473 1181 3584 1238 Νσε

2008 1282 2190 1328 autem
2219 1271 2483 1343 plerique,
2514 1274 2580 1328 de
2609 1275 2844 1344 propriis
2869 1274 3136 1332 limitibus
3159 1275 3390 1340 conscii,
3417 1275 3586 1331 mise-

2012 1367 2306 1420 ricordiam
2338 1367 2574 1436 petimus
2599 1383 2698 1436 pro
2728 1383 2878 1422 more
2915 1367 3068 1436 caeci,
3090 1383 3198 1422 non
3226 1365 3339 1437 jam
3369 1365 3585 1422 Davidis

2009 1459 2204 1525 lilium,
2235 1458 2328 1514 sed
2353 1457 2444 1514 Dei
2477 1461 2794 1515 invocantes
2823 1459 3272 1531 Salvatoremqne
3307 1465 3583 1523 nostrum,

2011 1562 2069 1607 ut
2102 1561 2157 1606 et
2186 1551 2481 1607 alter’fccit
2515 1567 2694 1606 caecus
2731 1561 3016 1622 postquam
3045 1560 3155 1606 tum
3187 1554 3433 1622 corporis
3467 1560 3580 1606 tum

2009 1645 2181 1699 animi
2217 1643 2392 1700 oculis
2420 1645 2758 1698 illuminatus
2792 1653 2896 1698 est.
2926 1644 3215 1699 Enimvero
3243 1659 3342 1698 nos
3372 1657 3401 1698 e
3431 1651 3585 1697 tene-

2007 1736 2122 1790 bris
2150 1735 2324 1789 vocati
2383 1750 2574 1790 sumus
2632 1735 2684 1788 in
2719 1734 3028 1789 admirabili
3082 1734 3172 1790 Dei
3209 1733 3438 1801 lumine,
3488 1735 3581 1790 sed

327 1825 528 1894 τυφλὸς
557 1826 694 1895 μετὰ
721 1827 780 1878 τὸ
845 1826 1150 1896 ἀναϐλέψαι
1215 1826 1434 1898 σύναμα
1486 1829 1600 1891 τοῖς
1635 1829 1907 1896 αἰσθητοῖς

2014 1828 2178 1882 etiam
2202 1827 2278 1882 sic
2319 1842 2412 1896 per
2437 1836 2657 1882 sanctos
2693 1835 2910 1882 nostros
2939 1825 3127 1882 Patres
3153 1825 3450 1894 propitium
3485 1825 3582 1879 ha-

324 1917 454 1978 τοὺς
480 1916 706 1984 νοητοὺς
727 1915 1062 1985 ὀφθαλμούς.
1097 1917 1199 1970 Καὶ
1225 1918 1333 1987 γὰρ
1383 1919 1546 1988 ἡμεῖς
1575 1921 1638 1972 ὲκ
1682 1919 1905 1980 σκότους

326 2006 640 2076 ἐκλήθημεν
668 2008 748 2069 εἰς
771 2007 831 2059 τὸ
855 2006 1172 2074 θαυμαστὸν
1197 2010 1290 2062 τοῦ
1316 2009 1450 2063 Θεοῦ
1491 2011 1628 2078 φῶς,
1657 2010 1790 2065 ἀλλά
1813 2009 1909 2064 καὶ

329 2099 473 2154 οὕτω
492 2101 581 2154 διὰ
601 2102 708 2154 τῶν
726 2100 899 2168 ἁγίων
922 2101 1078 2169 ἡμῶν
1130 2103 1390 2172 Πατέρων
1448 2103 1574 2156 ἵλεω
1620 2103 1908 2169 τεύξεσθαι

331 2193 725 2264 προσδοκῶμεν
746 2193 841 2248 τοῦ
882 2195 978 2248 ἐπὶ
1031 2196 1251 2250 πάντων
1283 2194 1441 2250 Θεοῦ.
1471 2226 1542 2237 -
1573 2197 1730 2260 Δόξα
1783 2211 1906 2262 σοι,

326 2290 362 2341 ὁ
385 2287 554 2353 Θεὸς,
589 2289 628 2355 ἡ
657 2286 834 2354 ἐλπίς
864 2285 1052 2356 ἡμῶν,
1079 2286 1279 2354 Κύριε,
1331 2286 1484 2351 δόξα
1517 2301 1639 2342 σοι.
1665 2317 1734 2326 -
1774 2285 1911 2342 Τού-

321 2396 437 2442 τοις
465 2380 559 2433 καὶ
589 2381 748 2450 ἡμεῖς
779 2380 1126 2448 συνάπτομεν
1165 2379 1478 2447 δοξολογίας
1511 2378 1611 2451 τῆς
1639 2381 1720 2442 εἰς
1775 2379 1909 2435 Θεὸν

325 2473 502 2541 μικρὰ
523 2470 659 2525 ἅττα
691 2470 939 2540 ῥήματα,
975 2468 1074 2533 τὰς
1107 2468 1217 2522 τῶν
1269 2469 1521 2538 ἀγγέλων
1573 2470 1908 2540 μιμούμενοι

323 2562 476 2625 θείας
496 2562 703 2632 φωνὰς,
749 2561 808 2616 αἰ
855 2561 1070 2633 πρῶται
1120 2559 1199 2630 τῷ
1263 2562 1355 2612 ἐπὶ
1403 2561 1506 2630 γῆς
1550 2563 1909 2633 σαρκουμένῳ

321 2654 444 2725 Θεῷ
465 2655 946 2726 προσηνέχθησαν,
975 2653 1057 2719 τὸ,
1093 2652 1251 2718 Δόξα
1296 2653 1366 2706 ἐν
1408 2655 1696 2721 ὑψίστοις
1761 2652 1904 2721 Θεῷ,

318 2747 420 2800 καί
474 2747 573 2801 ἐπὶ
640 2747 755 2816 γῆς
804 2748 1036 2818 ειρήνη,
1111 2749 1183 2802 ἐν
1233 2747 1570 2815 ἀνθρώποις
1637 2748 1905 2803 εὐδοκία.

319 2873 388 2884 ——
420 2842 686 2897 Βασιλεῡ
715 2841 978 2911 οὐράν-ιε.
1016 2871 1084 2882 -—
1105 2843 1215 2895 Καὶ
1240 2841 1383 2912 μετὰ
1416 2839 1588 2894 ταῦτα
1609 2841 1906 2913 τροπάριόν

321 2953 377 2987 τι
409 2934 824 3003 συντεθειμένον
850 2936 941 2986 ἐπὶ
965 2936 1030 3005 τῇ
1082 2933 1223 2988 κατά
1254 2932 1352 3004 τὴν
1394 2932 1773 3004 Πεντηκοστὴν
1824 2935 1907 2996 εἰς

318 3030 452 3090 τοθις
485 3026 736 3098 μαθητὰς
776 3026 992 3098 καθέδῳ
1031 3025 1126 3080 τοῦ
1164 3027 1311 3080 θείου
1351 3028 1692 3097 Πνεῦματος,
1743 3026 1908 3080 αὐτὸν

325 3119 503 3172 ἐλθεῖν
526 3121 617 3172 τὸν
642 3117 1001 3190 Παράκλητον
1054 3117 1550 3189 προσκαλούμενοι,
1589 3116 1674 3186 ἐφ’
1703 3110 1747 3186 ᾧ
1807 3119 1907 3189 τὴν

325 3215 388 3265 ὲν
417 3212 549 3281 ἡμῖν
580 3211 811 3264 ἐνοῦσαν
837 3209 1178 3279 ἀφανίσαντα
1224 3211 1514 3280 πονηρίαν,
1547 3211 1733 3278 ἀξίους
1775 3211 1907 3265 ἀνα.

321 3305 497 3370 δεῖξαι
535 3303 628 3356 τοῦ
670 3301 1012 3370 παρεστάναι
1060 3301 1201 3371 Θεῷ.
1242 3333 1312 3344 —-
1345 3303 1551 3371 Ἄγιος
1581 3306 1613 3357 ό
1645 3303 1812 3370 Θεός,
1838 3334 1907 3345 _

331 3393 462 3449 Εἶτα
481 3395 575 3450 τὸν
615 3394 910 3465 Τρισάγιον
944 3394 1240 3464 λεγόμενον
1299 3393 1487 3462 ὕμνον,
1547 3395 1607 3448 ὃν
1654 3394 1906 3449 συνέθετο

333 3490 432 3560 μὲν
465 3491 498 3559 ἡ
547 3487 844 3557 Ἐκκλησία
872 3486 1024 3557 παρὰ
1050 3485 1144 3538 τοῦ
1186 3484 1415 3540 Ἦσαῖου
1447 3485 1712 3551 λαόοῦσα,
1745 3487 1907 3556 ἡνίκα

322 3580 423 3650 τῆς
457 3578 781 3648 θαυμαστῆς
805 3576 1024 3647 ἠξιοῦτο
1065 3575 1175 3628 τῶν
1201 3575 1457 3644 Σεραφὶμ
1500 3575 1760 3646 θεωρίας,
1813 3577 1906 3629 καὶ

320 3673 402 3725 ἔτι
431 3671 900 3740 προσχρησαμένη
931 3671 1046 3731 τοῖς
1080 3666 1176 3720 τοῦ
1209 3666 1373 3721 Δαόἰδ
1405 3669 1668 3737 ῥήμασιν,
1725 3671 1782 3722 ὲν
1823 3662 1904 3732 οἷς

320 3779 511 3830 φησιν,
547 3760 886 3829 Ἐδίψησεν
910 3758 947 3826 ἡ
976 3757 1146 3827 ψυχή
1193 3775 1313 3828 μου
1359 3757 1511 3826 πρὸς
1568 3758 1677 3812 τὸν
1735 3759 1906 3826 θεὸν,

324 3856 434 3908 τὸν
463 3853 742 3922 ἰσχυρὸν,
780 3853 886 3906 τὸν
919 3851 1136 3912 ζῶντα·
1175 3851 1419 3919 ἐκύρωσε
1443 3851 1499 3905 δὲ
1553 3851 1685 3912 Θεὸς
1739 3853 1909 3921 ἀμφι-

321 3943 652 4012 γ-ιοούμενον
681 3943 908 4008 ἄνωθεν,
933 3943 1021 3996 ὅτε
1057 3941 1143 3996 διὰ
1175 3943 1274 4011 τῆς
1307 3943 1571 4013 ἁρπαγῆς
1600 3943 1693 3996 τοῦ
1719 3946 1906 4010 παιδὸς

323 4035 595 4102 ἐμήνυσεν
615 4033 788 4098 οὕτως
817 4033 1042 4105 ᾄδοντας
1064 4035 1192 4098 τοὺς
1221 4036 1510 4103 ἀγγέλους,
1539 4036 1597 4089 δν
1628 4037 1723 4091 καὶ
1751 4055 1905 4106 τρισ-

325 4127 567 4190 σοῦντες,
593 4129 672 4184 εἰς
698 4128 862 4198 τιμὴν
885 4129 979 4180 καὶ
1010 4128 1168 4182 τοῦτο
1192 4128 1292 4194 τῆς
1324 4130 1712 4200 προσκυνητῆς
1738 4131 1910 4201 Τριά-

324 4221 436 4284 60,-,
469 4219 802 4282 τοσαυτάκις
861 4220 956 4274 καί
1011 4219 1453 4292 προσκυνοῦμεν,
1501 4223 1907 4290 ἐπιδεικνύντες

325 4313 482 4382 ἡμῶν
512 4312 572 4364 τὸ
598 4311 826 4376 εὐλαϐὲς
883 4311 1014 4381 περὶ
1041 4311 1133 4365 τὸν
1165 4313 1464 4380 ἀγγελικόν
1502 4331 1560 4367 τε
1615 4315 1712 4368 καὶ
1763 4317 1912 4372 θεῖον

325 4405 515 4470 ὕμνον.
547 4435 616 4444 -
645 4403 802 4468 Δόξα
853 4403 1059 4472 Πατρί.
1093 4433 1162 4444 -—
1207 4401 1341 4458 Εἶτα
1396 4409 1490 4459 ra‘.
1542 4407 1907 4476 ὀνομάσαντες

2014 1921 2140 1974 bere
2172 1921 2416 1976 omnium
2447 1919 2614 1974 Deum
2645 1936 2950 1990 speramus.
2994 1952 3044 1963 -
3089 1918 3275 1974 Gloria
3300 1919 3413 1982 tibi,
3442 1918 3581 1972 Deus

2011 2031 2126 2083 spes
2167 2027 2378 2079 nostra,
2435 2015 2670 2080 Domine,
2727 2017 2900 2085 gloria
2949 2014 3064 2067 tibi.
3109 2043 3177 2055 -
3233 2012 3327 2069 llis
3366 2023 3419 2068 et
3478 2029 3580 2071 uos

2013 2107 2366 2177 adjuugimus
2404 2107 2472 2161 de
2529 2106 2688 2162 laude
2742 2102 2836 2162 Dei
2895 2121 3059 2178 parva
3108 2106 3343 2176 quadam
3391 2107 3577 2175 verba,

2012 2198 2326 2269 angelorum
2362 2199 2577 2255 divinas
2608 2214 2767 2254 voces
2791 2199 3093 2266 imitantes,
3123 2215 3244 2270 quae
3261 2199 3448 2270 prima:
3470 2199 3582 2257 Deo

2012 2295 2068 2350 in
2125 2302 2268 2348 terra
2335 2295 2621 2350 iucarnato
2677 2293 2852 2348 allatae
2883 2302 3028 2359 sunt,
3093 2293 3268 2349 illud:
3302 2293 3484 2350 Gloria
3526 2295 3581 2348 in

2009 2387 2291 2441 altissimis
2331 2386 2456 2452 Deo,
2496 2395 2547 2440 et
2598 2387 2650 2441 iu
2682 2395 2824 2441 terra
2853 2402 2984 2455 pax,
3018 2387 3071 2441 in
3107 2386 3406 2441 hominibus
3443 2387 3583 2442 bona

2009 2478 2254 2534 voluntas
2275 2479 2338 2532 ‘3.
2365 2507 2419 2520 --
2454 2477 2562 2532 Rex
2601 2478 2843 2534 calcatis.
2875 2509 2946 2519 —
2972 2478 3040 2533 Et
3069 2488 3252 2548 postea
3281 2478 3580 2548 troparium

2009 2569 2309 2638 quoddam,
2330 2553 2385 2623 in
2407 2569 2728 2625 descensum
2753 2569 2990 2638 Spiritus
3010 2569 3183 2624 sancti
3208 2567 3262 2623 in
3282 2568 3583 2637 discipulos

2010 2662 2100 2716 die
2127 2661 2483 2718 Pentecostes
2523 2665 2912 2732 compositum,
2941 2670 3163 2718 orantes
3199 2661 3376 2732 ipsum
3417 2659 3584 2715 Para-

2009 2751 2210 2808 cletum
2264 2762 2324 2806 ut
2371 2752 2552 2807 veniat
2584 2761 2658 2815 et,
2706 2767 2828 2820 qua:
2874 2752 3035 2808 nobis
3066 2752 3207 2807 inest
3248 2751 3453 2806 malitia
3489 2751 3586 2806 de-

2010 2843 2138 2908 leta,
2178 2843 2373 2912 dignos
2405 2859 2506 2899 nos
2527 2843 2720 2899 reddat
2746 2843 2840 2913 qui
2868 2843 2980 2898 Deo
3009 2841 3584 2899 assistamus.—San-

2009 2939 2126 2986 ctus
2155 2931 2405 2987 Deus.——
2425 2932 2553 2987 lude
2583 2932 2844 3002 hymnum
2864 2931 3153 3002 Trisagion
3179 2933 3382 2987 dictum
3418 2946 3581 3000 quem

2010 3026 2116 3080 sibi
2148 3041 2210 3080 ex
2241 3026 2378 3081 Isaia
2408 3026 2626 3096 quando
2653 3027 2744 3081 ille
2774 3025 3010 3080 mirabili
3056 3017 3341 3096 Seraphim
3377 3025 3587 3080 visione

2020 3115 2273 3185 dignatus
2301 3114 2425 3178 fuit,
2459 3131 2756 3186 excerpens
2779 3115 3023 3171 Ecclesia
3047 3118 3378 3186 composuit,
3405 3116 3586 3172 verbis

2013 3208 2178 3263 etiam
2211 3208 2432 3263 Davidis
2465 3219 2622 3264 utens
2658 3210 2710 3262 in
2743 3208 2944 3277 quibus
2977 3209 3111 3263 dicit
3149 3227 3163 3263 :
3199 3206 3376 3263 Sitivit
3407 3210 3587 3261 auium

2013 3317 2129 3355 mea
2150 3300 2218 3354 ad
2242 3301 2406 3356 Deam
2431 3300 2650 3369 fortem,
2683 3303 2854 3356 vivum
2889 3303 2930 3334 "’
2967 3320 2980 3356 :
3007 3316 3171 3372 quem
3195 3301 3262 3356 de
3289 3301 3431 3357 cmlo
3453 3315 3590 3356 con-

2015 3393 2252 3449 ﬁrmavit
2311 3393 2454 3449 Deus
2521 3380 2884 3455 haesitantem,
2934 3395 3153 3463 quando
3227 3409 3322 3463 per
3377 3400 3588 3462 raptum

2017 3486 2170 3556 pueri
2202 3485 2460 3541 revelavit
2490 3487 2714 3556 angelos
2742 3486 2821 3540 sic
2863 3494 3122 3541 canentes
3191 3485 3476 3555 hymnum,
3537 3493 3592 3537 et

2012 3577 2234 3648 quidem
2266 3587 2483 3632 ternum
2510 3565 2772 3633 canentes
2793 3579 2843 3631 in
2869 3577 3132 3633 honorem
3162 3577 3448 3631 adoranda:
3466 3574 3589 3629 Tri-

2013 3670 2227 3734 nitatis,
2271 3670 2432 3724 toties
2471 3678 2525 3724 et
2562 3670 2885 3732 adoramus,
2927 3685 3025 3724 nos
3054 3669 3306 3737 pietatem
3345 3675 3587 3721 nostram

2013 3776 2141 3832 erga
2183 3761 2490 3832 angelicum
2551 3761 2907 3830 divinumque
2975 3760 3235 3832 hymnum
3276 3759 3592 3826 signiﬁcan-

2013 3863 2116 3910 tes.
2153 3882 2224 3894 -
2249 3851 2438 3908 Gloria
2463 3852 2645 3908 Patri.
2675 3883 2745 3893 --
2793 3853 2997 3908 Exinde
3047 3864 3155 3907 tres
3183 3851 3591 3920 omnipotentes

2014 3961 2282 4019 personas
2316 3948 2470 4018 ipsas,
2498 3957 2788 4017 postquam
2849 3945 3249 4000 nominavimus
3289 3952 3343 3997 ct
3393 3943 3460 3996 ad
3495 3955 3588 3995 eas

2015 4041 2246 4109 gloriam
2299 4054 2409 4094 non
2467 4048 2673 4093 tantum
2709 4052 2876 4101 nunc,
2929 4037 3022 4091 sed
3069 4042 3123 4090 et
3171 4049 3385 4103 semper
3410 4041 3463 4087 ct
3496 4045 3591 4102 per

2013 4145 2174 4188 omne
2221 4131 2478 4187 saeculum
2533 4129 2825 4200 pertinere,
2876 4135 3163 4198 postquam
3219 4124 3479 4187 diximus,
3530 4123 3584 4176 in

2013 4237 2186 4277 unum
2264 4221 2563 4290 jungentes
2620 4219 3058 4290 pronuntiamus.
3107 4245 3182 4256 --
3234 4217 3589 4272 Sanctissima

2017 4314 2275 4370 Trinitas.
2313 4343 2380 4353 -—
2401 4313 2470 4367 Et
2499 4327 2694 4367 rursus
2714 4311 3034 4366 invocantes
3068 4324 3183 4376 eas,
3229 4305 3444 4361 Patrem
3469 4305 3590 4375 qni-

2012 4405 2161 4470 dem,
2193 4403 2482 4459 Dominum
2523 4404 2870 4458 nominamus
2900 4410 2960 4458 ut
3002 4412 3351 4465 creatorem;
3391 4397 3586 4454 Filium

324 4495 465 4549 αὐτὰ
505 4495 576 4548 τὰ
605 4495 876 4566 θεαρχικὰ
902 4495 1192 4566 πρόσωπα,
1225 4496 1498 4563 καὶδόξαν
1525 4498 1708 4560 αὐτοῖς
1737 4516 1905 4570 προσ-

2015 4513 2168 4562 vero,
2205 4496 2525 4566 magistrum
2558 4505 2828 4559 nostrum,
2864 4484 3047 4564 utpote
3076 4497 3170 4565 qui
3202 4509 3301 4548 nos
3327 4494 3593 4558 sanguine

325 4586 483 4654 ήκειν
508 4585 776 4648 εἰπόντες,
805 4583 866 4636 οὗ
893 4583 990 4637 νῦν
1013 4584 1194 4654 μόνον,
1255 4584 1392 4639 ἀλλὰ
1424 4587 1518 4639 καὶ
1557 4587 1644 4642 ἀεὶ
1691 4589 1781 4641 καὶ
1827 4590 1910 4654 εἰς

326 4677 498 4730 αἰῶνα
529 4677 619 4728 τὸν
638 4677 881 4741 ἅπαντα,
921 4678 1383 4741 ὲπισυνάπτοντες
1415 4679 1612 4742 ἑνικῶς
1634 4681 1910 4748 ἐκφωνοῦ-

329 4787 451 4839 μεν.
489 4797 552 4807 -
581 4769 856 4838 Παναγία
891 4771 1085 4836 Τρίας.
1106 4800 1173 4810 ——
1203 4771 1311 4824 Καὶ
1338 4766 1496 4835 αὖθις
1546 4772 1912 4842 ἐπικαλούμε-

325 4879 406 4914 νοι
437 4860 633 4921 ταῦτα,
670 4861 762 4913 τὸν
795 4861 894 4930 μὲν
929 4861 1151 4930 Πατέρα
1205 4860 1412 4931 Κύριον
1450 4861 1808 4934 ὀνομάζοντες
1833 4864 1908 4928 ὡς

325 4953 678 5022 ἴημιονργὸν,
711 4953 804 5006 τὸν
835 4952 960 5005 Υίὸν
986 4952 1042 5005 δὲ
1067 4955 1372 5024 Δεσπότην,
1395 4955 1470 5017 ὼς
1516 4956 1610 5010 καὶ
1642 4955 1736 5009 τοῦ
1770 4957 1904 5010 ἰδίου

326 5050 558 5118 εἵματος
627 5049 778 5117 ἡμᾶς
835 5048 1226 5118 ἀγοράσαντα,
1281 5051 1373 5102 τὶν
1427 5050 1484 5103 δὲ
1549 5050 1905 5120 Παράκλητον

327 5140 504 5209 {ig/toti,
538 5141 612 5203 ὡς
671 5139 817 5202 ἰδίως
863 5141 962 5208 τὴν
1008 5139 1330 5208 ἐπωνυμίαν
1376 5158 1434 5193 τε
1474 5142 1570 5194 καὶ
1623 5141 1906 5211 ἐνέργειαν

325 5232 533 5303 ταύτην
565 5230 1004 5301 πεπλουτηκότα,
1031 5230 1184 5300 παρὰ
1211 5231 1306 5284 τοῦ
1341 5233 1442 5300 μὲν
1470 5233 1698 5300 ἱλασμὸν
1729 5233 1908 5301 ἁμαρ-

327 5326 459 5377 τιῶν
489 5325 831 5396 ὲξαιτοῦμεν,
860 5327 1013 5393 παρὰ
1053 5340 1148 5376 του
1186 5324 1242 5376 δὲ
1273 5323 1332 5376 τὸ
1374 5323 1537 5376 πλέον
1561 5323 1661 5394 τὴν
1689 5324 1904 5392 συγχὼρ

331 5435 490 5487 ρησιν
516 5416 743 5484 τούτων,
775 5419 929 5489 παρέι
958 5416 1053 5471 τοῦ
1081 5417 1137 5469 δὲ
1167 5417 1228 5469 τὸ
1268 5414 1477 5479 λοιπὸν,
1505 5414 1906 5485 ὲπισκεφθῆναί

326 5526 385 5562 τε
427 5512 520 5562 κατ⁶
556 5510 777 5581 ἰαθῆναι
827 5512 928 5575 τὰς
993 5509 1303 5571 ἀσθενείας.
1354 5506 1655 5561 Νοσοποιὸν
1685 5508 1796 5578 γάρ
1854 5525 1906 5562 τι

332 5603 425 5657 καὶ
451 5601 627 5656 δεινὸν
655 5603 904 5674 ἁμαρτία
929 5603 1026 5674 τὴν
1055 5601 1172 5668 ἕξιν
1195 5601 1294 5672 τῆς
1320 5599 1498 5670 ψυχῆς
1545 5599 1860 5669 διαφθεῖραι
1891 5614 1909 5632 ο

408 5779 449 5810 ¹⁷
484 5777 645 5835 Joan.
689 5797 762 5844 xl,
797 5780 882 5833 all.
969 5779 1008 5812 ³³
1043 5778 1176 5834 Luc.
1205 5795 1262 5847 ιι,
1305 5778 1384 5834 Μ.
1467 5777 1510 5810 ¹⁹
1535 5776 1679 5833 Psal.
1719 5779 1908 5841 “1,5.

2011 4606 2114 4646 suo
2142 4589 2462 4653 redctnit,et
2491 4587 2756 4657 Spiritum
2785 4595 3256 4656 sanctum,utpote
3277 4585 3367 4655 qui
3390 4599 3592 4640 nomen

2011 4687 2116 4739 hoc
2171 4685 2424 4751 hancque
2492 4681 2750 4735 virtutem
2789 4681 3009 4751 proprie
3043 4679 3305 4750 possidet.
3351 4679 3433 4736 Ab
3485 4695 3593 4732 uno

2013 4777 2238 4846 quidem
2303 4774 2748 4844 propitiationem
2806 4783 3154 4842 peccatorum
3205 4773 3484 4839 petimus;
3526 4756 3630 4871 ab;

2007 4868 2181 4921 altero
2229 4868 2406 4937 magis
2441 4867 2633 4920 horum
2679 4863 3162 4926 condonationrm,
3207 4864 3276 4918 ab
3300 4865 3472 4918 altero
3505 4877 3592 4916 rc-
3621 4863 3627 4940 ξ

2009 4959 2245 5026 liquum,
2274 4957 2649 5026 inSpieiendas
2673 4957 3056 5025 sanaudasque
3081 4955 3448 5010 inﬁrmitates.
3481 4941 3626 5009 Ali?

2014 5051 2142 5118 quid
2175 5050 2318 5104 enim
2352 5049 2514 5103 habet
2566 5059 2845 5116 peccatum
2871 5046 3017 5115 quod
3081 5059 3180 5100 nos
3214 5055 3446 5113 aegrotos
3474 5046 3592 5099 red-

2013 5143 2127 5209 dat,
2165 5151 2229 5222 ct!
2252 5143 2446 5193 animae
2475 5139 2837 5192 valetudinem
2873 5151 3224 5205 corrumpere
3264 5147 3429 5206 queat
3457 5153 3471 5190 :
3500 5137 3589 5191 cui

2017 5234 2176 5303 culpa
2235 5233 2469 5291 liberatae
2503 5230 2697 5285 anima:
2734 5227 2846 5284 Deo
2878 5244 3016 5298 opus
3061 5239 3145 5282 est
3179 5229 3586 5284 corroborante.

1983 5326 2086 5382 'Et
2126 5341 2316 5383 rursus
2357 5328 2410 5379 in
2460 5321 2624 5378 unum
2664 5326 3053 5380 contrahentes
3086 5322 3444 5381 addimus,-—
3480 5320 3592 5375 Νυά

2016 5417 2169 5470 minis
2200 5419 2276 5470 tui
2311 5433 2498 5488 causa.
2521 5445 2590 5456 --
2609 5416 2763 5482 Quod
2800 5415 2965 5484 igitur
2992 5413 3234 5468 nomen?
3261 5414 3587 5482 Misericors,

2017 5510 2114 5570 ait,
2171 5519 2224 5562 (ιι
2288 5509 2634 5561 miseratione
2693 5506 2954 5560 Dominus
3021 5507 3232 5572 plenus,
3271 5506 3594 5574 longauitnis

2018 5611 2070 5656 et
2126 5601 2273 5654 ιειειίιε
2341 5601 2625 5666 trnseat-ns,
2668 5599 2827 5670 cujus
2877 5600 2954 5654 rei
3016 5600 3188 5669 gratia
3243 5608 3295 5652 ct
3357 5599 3425 5652 ab
3474 5611 3592 5669 ipso
