4100 6414
470 455 611 521 1185

1354 462 1594 521 ΜΛΒΟΙ
1637 463 2010 524 EUGENICI
2052 462 2149 524 DE
2176 464 2416 529 OFFiC.
2450 469 2743 532 ECCLES.

3574 471 3710 535 1136

456 571 524 625 τὰ
572 569 738 624 λοιπὰ
789 567 1121 631 ἀκολούθως.
1154 571 1278 635 Τοῖς
1317 571 1372 625 δὲ
1400 572 1637 642 ψαλμοῖς
1671 574 1761 627 διὰ
1802 576 1862 628 τὸ
1892 574 2028 645 πρὸς

2158 579 2385 634 trocedit
2418 580 2556 645 dies,
2586 583 2789 652 aliquid
2821 585 3052 640 consoni
3096 585 3262 641 inest.
3297 614 3362 628 --
3405 584 3580 650 Quam
3632 588 3714 639 di-

455 659 607 722 τέλος
639 660 743 730 ήδη
798 659 895 730 τὴν
952 661 1167 729 ἡμέραν
1228 657 1368 714 εἶναι
1426 662 1764 732 κατάλληλόν
1792 664 1942 720 ἐστιν
1971 695 2041 707 -

471 752 571 817 Ὠς
616 754 894 820 ἀγαπητὰ
950 753 1022 807 τὰ
1063 753 1434 824 σκηνώματα
1473 771 1613 820 σου,
1642 786 1712 797 -
1746 757 1898 829 παρά
1940 758 2042 828 μὲν

456 844 536 912 τῷ
562 844 764 913 πρώτῳ
792 844 871 904 τὸ,
910 844 1228 911 Κρεισσων
1260 845 1451 913 ἡμέρα
1502 847 1608 914 μία
1652 847 1721 900 ἐν
1773 846 1905 913 ταῖς
1933 848 2041 901 αὺ-

458 936 596 1002 λαῖς
621 953 738 991 σου
768 937 921 1004 ὑπὲρ
944 936 1241 1005 χιλιάδας,
1259 969 1328 979 --
1355 940 1737 1010 Εὐδόκησας,
1764 943 2036 1010 Κύριε-ι,

462 1028 615 1099 παρὰ
638 1029 693 1081 δὲ
722 1028 800 1095 τῷ
827 1029 1083 1098 δευτέρῳ,
1126 1029 1504 1100 Εὺδόκησας,
1540 1034 1740 1100 Κύριε,
1770 1034 1887 1102 τὴν
1916 1031 2034 1101 γῆν

459 1137 597 1183 σου,
646 1119 1035 1189 ἀπέστρεψας
1085 1120 1200 1189 τὴν
1256 1124 1681 1192 αἰχμαλωσίαν
1712 1123 1933 1178 Ἰακώϐ.
1971 1156 2039 1164 -

459 1209 704 1274 κλῖνον,
734 1210 934 1278 Κύριε,
966 1209 1034 1263 τὸ
1065 1206 1179 1277 οὖς
1216 1228 1367 1267 σου·
1395 1244 1465 1256 -—
1484 1216 1635 1282 παρὰ
1661 1214 1717 1267 δὲ
1742 1214 1817 1283 τῷ
1849 1214 2038 1286 τρίτῳ,

472 1300 768 1368 Ἐλέησόν
802 1318 913 1370 με,
970 1303 1166 1370 Κύριε,
1221 1303 1312 1357 ὅτι
1338 1306 1492 1372 πρὸς
1542 1307 1618 1360 σὲ
1670 1308 2040 1378 κεκράξομαι

460 1390 614 1457 ὅλην
644 1391 760 1460 τὴν
792 1392 1045 1460 ἡμέραν,
1082 1394 1151 1447 τά
1183 1408 1241 1447 τε
1272 1397 1570 1466 τροπάρια,
1605 1394 1754 1467 καὶὴ
1789 1399 1883 1452 ἐπὶ
1915 1400 2041 1453 τού-

460 1499 571 1544 τοις
608 1481 743 1551 εὐχὴ
802 1481 897 1534 τοῦ
949 1482 1221 1553 σωτηρίου
1269 1485 1516 1548 πάθους,
1552 1488 1648 1539 καὶ
1680 1488 1775 1540 τοῦ
1806 1487 2040 1542 θανάτηυ

464 1573 689 1642 μνήμην
717 1570 995 1625 ποιοῦντα.
1031 1572 1143 1625 Καὶ
1176 1572 1352 1637 οὕτως
1400 1574 1771 1646 ἀπολυόμενοι
1808 1578 2039 1647 ταύτης,

460 1664 555 1717 ἐπὶ
583 1664 682 1735 τὴν
714 1664 1009 1734 ἑσπερινὴν
1043 1664 1320 1735 ὑμνῳδίαν
1346 1666 1638 1737 χωροῦμεν
1661 1682 1677 1698 ο
1707 1669 1798 1723 ὅτε
1839 1670 2042 1742 δηλαδὴ

464 1756 540 1826 μὴ
573 1756 800 1825 νηστεία
828 1773 889 1809 τε
929 1759 1025 1810 καὶ
1058 1758 1340 1827 μονοσιτία
1371 1759 1645 1831 παροῦσα,
1677 1760 1913 1832 διίστησι
1944 1763 2042 1832 μὲν

461 1848 567 1899 ἀπὸ
593 1846 700 1900 τῶν
730 1846 1035 1916 ἑσπερινῶν
1064 1847 1163 1918 τὴν
1196 1849 1447 1917 ὲννάτην,
1477 1848 1544 1921 τῇ
1574 1850 1713 1923 ἕκτῃ
1763 1850 1821 1904 δὲ
1872 1852 2044 1922 αὐτὴν

2147 670 2278 725 lecta
2316 671 2656 727 tabernacula
2681 685 2794 729 tua.
2820 704 2891 716 ι·-
2926 676 2979 729 In
3015 675 3195 746 primo
3223 676 3325 730 hoc
3359 694 3372 729 :
3412 674 3595 728 Melior
3634 678 3709 728 est

2150 764 2261 817 dies
2294 779 2401 817 una
2441 763 2494 817 in
2525 766 2678 819 atriis
2725 767 2828 820 tuis
2857 784 3014 835 super
3049 766 3245 823 millia.
3273 796 3343 805 —
3366 764 3712 825 Benedia‘isti,

2146 853 2408 919 Domine;
2436 886 2504 896 —
2540 856 2592 909 in
2620 858 2863 911 secundo
2906 875 2920 911 :
2958 859 3306 924 Benedixisti,
3340 857 3577 918 Domine,
3613 866 3713 909 ter-

2143 962 2260 1000 ram
2291 956 2460 1012 tuam;
2505 949 2745 1002 avertisti
2773 951 3131 1018 captivitatem
3169 949 3358 1003 Iacob.
3386 980 3456 989 —
3487 948 3711 1009 Inclina,

2142 1036 2388 1103 Domine,
2424 1054 2607 1093 aurem
2646 1051 2791 1093 tuom
2822 1058 2841 1105 ;
2885 1069 2953 1079 —
2986 1041 3039 1093 in
3079 1040 3263 1104 tertio,
3292 1039 3540 1095 Miserere
3589 1042 3713 1099 mei,

2143 1129 2393 1197 Domine,
2419 1134 2664 1201 quoniam
2690 1134 2759 1186 ad
2782 1144 2830 1186 te
2856 1132 3079 1186 clamavi
3111 1142 3217 1185 tota
3251 1134 3353 1198 die,
3372 1143 3426 1186 et
3454 1134 3711 1202 troparia,

2144 1229 2199 1275 et
2231 1230 2419 1288 postea
2448 1222 2751 1276 orationem
2780 1238 2901 1290 qua:
2925 1222 3259 1277 mentionem
3296 1223 3425 1277 facit
3447 1224 3717 1291 passionis

2143 1317 2197 1365 et
2228 1310 2424 1367 mortis
2468 1312 2710 1367 Domini.
2751 1311 2816 1366 Et
2866 1314 2947 1368 sic
2976 1315 3117 1368 hanc
3163 1324 3451 1383 postquam
3480 1314 3719 1369 absolvi-

2144 1418 2269 1458 mus
2350 1403 2542 1458 horam
2607 1405 2673 1456 ad
2732 1403 3097 1461 laudationem
3162 1405 3517 1475 vespertinam
3561 1406 3716 1459 cedi-

2144 1509 2287 1549 mus.
2322 1492 2553 1560 Quando
2598 1494 2807 1550 scilicct
2833 1493 3102 1564 jejunium
3135 1506 3187 1551 et
3211 1495 3405 1551 unicus
3432 1495 3588 1551 cibus
3609 1511 3715 1549 non

2144 1585 2321 1651 adest,
2342 1595 2558 1652 separat
2579 1584 2787 1641 Nonam
2814 1602 2843 1641 a
2865 1580 3122 1656 Vesperis
3155 1596 3209 1641 et
3239 1588 3415 1641 Sextae
3437 1586 3718 1655 snbjungit

2145 1682 2273 1728 ante
2323 1673 2504 1727 cibum
2542 1684 2837 1739 cantatam,
2871 1678 2926 1729 in
2970 1692 3078 1745 quo
3113 1685 3166 1730 et
3202 1677 3604 1731 observantiam
3630 1692 3713 1731 en-

2148 1779 2268 1820 rum
2293 1778 2416 1833 quae
2448 1764 2705 1819 dicuntur
2738 1766 2867 1835 typi.
2897 1764 2989 1819 Hae
3022 1774 3149 1821 sunt
3178 1781 3359 1835 partes
3383 1782 3571 1821 eorum
3603 1778 3723 1834 quae

2147 1868 2317 1909 sacra:
2343 1854 2623 1910 adduntur
2649 1854 2907 1925 liturgize,
2946 1856 3170 1924 quando
3203 1857 3294 1911 illa
3351 1872 3457 1911 non
3504 1856 3722 1926 pertici-

464 1940 742 2003 συνάπτει,
774 1943 879 2009 πρὸ
925 1940 1026 2009 τῆς
1078 1941 1283 2010 τροφῆς
1318 1942 1613 2012 ᾁδομὲνην,
1649 1944 1706 1995 ὲν
1734 1937 1777 2011 ᾧ
1807 1944 1902 1997 καὶ
1938 1944 2038 2014 τὴν

2158 1962 2255 2008 ,ur,
2307 1954 2361 2001 et
2420 1956 2646 2001 servant
2704 1948 2824 2015 ejus
2888 1949 3111 2013 locum,
3163 1963 3302 2017 quas
3356 1947 3519 2002 modo
3575 1946 3723 2009 huic,

461 2031 570 2083 τῶν
636 2032 882 2084 τοπικῶν
933 2032 1286 2101 καλουμένων
1353 2034 1697 2089 ἀκολουθίαν.
1761 2034 1921 2090 Ἐστι
1980 2037 2036 2090 δὲ

2158 2038 2285 2103 lico,
2318 2055 2495 2105 nonat,
2534 2040 2696 2096 modo
2740 2042 2838 2107 illi,
2860 2042 3065 2098 scilicet
3086 2052 3252 2098 sextae
3277 2041 3616 2110 adaptamus.

461 2125 633 2178 ταῦτα
662 2127 804 2197 μέρη
832 2126 939 2179 τῶν
975 2128 1033 2179 ὲν
1063 2129 1129 2197 τῇ
1168 2128 1288 2197 ἱερᾷ
1339 2128 1657 2199 λειτουργίᾳ
1697 2131 2148 2201 προσᾳδομὲνων,
2177 2135 2264 2188 ὅτε
2310 2134 2385 2204 μὴ
2413 2136 2596 2206 ἐκείνη
2652 2136 2899 2206 τελῆται,
2970 2138 3069 2206 τὴν
3136 2137 3302 2207 αὐτῆς
3372 2136 3725 2200 ἀποσώζοντα

464 2219 668 2291 χώραν,
697 2223 786 2277 ὁτὲ
817 2222 916 2291 μὲν
962 2222 1159 2292 ταύτῃ.
1212 2222 1357 2291 φημὶ
1402 2226 1467 2295 τῇ
1508 2226 1703 2297 ὲννὰτη
1738 2267 1752 2292 ,
1796 2226 1883 2280 ὁτὲ
1915 2226 1973 2281 δὲ
2004 2229 2207 2302 ἐκείνῃ,
2242 2232 2307 2300 τῇ
2340 2229 2474 2301 ἕκτῃ
2506 2231 2707 2302 δηλαδὴ
2740 2231 3179 2301 συναρμόζομεν.

911 2317 1050 2384 Περὶ
1102 2317 1209 2372 τοῦ
1236 2317 1579 2385 ἐσιιερινοῦ.

539 2406 644 2460 Τοῦ
678 2407 735 2460 δὲ
766 2408 1056 2477 ἑσπερινοῦ
1088 2408 1261 2477 ὕμνου
1322 2411 1555 2480 προάγει
1591 2409 1690 2480 μὲν
1724 2414 1763 2464 όν
1783 2417 1865 2481 ργ¹
1894 2411 2047 2480 ψαλ-

469 2507 587 2569 μδς,
617 2531 670 2542 -—
704 2502 981 2571 Εὺλόγει,
1012 2503 1050 2569 ἡ
1082 2501 1251 2570 pec-xii
1280 2519 1425 2571 μου,
1451 2528 1519 2540 -
1542 2502 1638 2570 τὴν
1669 2502 1778 2554 τῶν
1809 2501 2047 2569 κτισμὰο

464 2612 572 2646 των
604 2594 975 2663 δημιουργίαν
1017 2596 1149 2664 ἡμῖν
1183 2594 1523 2663 ὑπογράφων
1552 2633 1566 2658 ,
1603 2594 1785 2647 καὶτὸ
1812 2593 2045 2647 ἑκάστου

466 2686 734 2756 χρήσιμον
773 2685 1088 2750 ἐκθειάζων,
1127 2686 1220 2738 καὶ
1257 2684 1346 2737 ἐπ’
1401 2686 1587 2747 αὐτοῖς
1641 2686 1732 2738 τὸν
1769 2688 2048 2753 Δημιουρ-

466 2778 561 2845 γδν
608 2777 909 2846 ἀνυμνῶνο
961 2776 1063 2846 τῆς
1119 2777 1229 2843 γὰρ
1288 2776 1505 2847 ἡμέρας
1542 2775 1645 2845 ἤδη
1680 2774 2052 2828 συντελεσῡεί-

472 2887 598 2936 σης,
628 2868 749 2938 ἥτις
781 2870 914 2938 ἡμῖν
940 2869 1018 2930 είς
1036 2868 1342 2921 ἀπόλαυσιν
1372 2867 1482 2920 τῶν
1521 2867 1615 2920 τοῦ
1647 2866 1780 2920 Θεοῦ
1816 2864 2050 2933 κτισμά-

471 2978 579 3012 των
630 2961 764 3031 παρ’
796 2958 959 3013 αὐτοῦ
994 2958 1266 3030 ἐδωρήθη,
1306 2958 1426 3013 δέον
1456 2958 1523 3012 ἂν
1572 2959 1656 3029 εἴη
1689 2958 1791 3026 τὴν
1840 2957 1928 3011 ἐπ’
1954 2959 2054 3011 αὑ-

470 3054 581 3115 τοῖς
612 3053 967 3124 εὐχαριστίαν
996 3053 1260 3106 ἀνάπτειν
1298 3051 1378 3122 τῷ
1406 3050 1672 3121 κηδεμόνι
1716 3051 1817 3121 τῆς
1848 3052 2048 3121 spe-ce.

474 3159 574 3211 ρας
602 3142 771 3212 ζωῆςο
796 3144 893 3196 καὶ
920 3141 1039 3213 μετ’
1064 3143 1234 3213 αὐτὴν
1256 3142 1435 3215 ἕτεροι
1471 3144 1652 3207 πάλιν,
1678 3142 1851 3212 εὐχῶν
1885 3142 2049 3213 ἱερῶν

476 3234 680 3305 μεταξῦ
711 3236 1048 3303 γενομένων,
1086 3265 1153 3276 -
1186 3236 1389 3303 Κύριε,
1424 3233 1743 3303 ἐκέκραξα,
1782 3234 1879 3289 καί
1915 3252 2051 3303 φω-

2608 2322 2683 2377 De
2712 2324 2901 2394 hymno
2920 2326 3234 2392 vespertino.

2223 2413 2621 2469 Laudationem
2657 2414 3026 2483 vespertinam
3050 2414 3242 2483 incipit
3273 2413 3517 2482 psalmus
3538 2420 3728 2469 cente-

2151 2504 2328 2559 simus
2356 2506 2571 2571 tertius,
2601 2503 2931 2570 —-Benedic,
2958 2506 3136 2558 anima
3170 2522 3306 2568 mea,
3328 2536 3396 2546 -—
3425 2520 3546 2573 quae
3570 2505 3726 2559 nobis

2150 2608 2533 2649 creaturarum
2565 2597 2899 2650 creationem
2936 2597 3197 2650 describit
3225 2595 3587 2661 etcnjuslib;~t
3618 2597 3725 2648 uti~

2156 2686 2359 2739 litatem
2403 2687 2609 2751 laudat,
2642 2696 2695 2741 ct
2740 2699 2925 2756 postea
2957 2687 3269 2741 Creatorem
3314 2688 3588 2754 ct-Iebrat;
3644 2687 3730 2740 die

2154 2777 2300 2832 cnim
2348 2777 2461 2846 jam
2493 2778 2641 2832 iinita
2677 2794 2799 2847 qua:
2826 2778 2983 2833 nobis
3016 2790 3072 2833 ut
3101 2778 3192 2831 Dei
3225 2778 3492 2832 creaturis
3524 2778 3734 2831 fruere.

2156 2884 2277 2923 mur
2310 2869 2379 2922 ab
2407 2884 2472 2923 eo
2494 2868 2621 2923 data
2651 2878 2754 2933 est,
2795 2870 3079 2939 oportebat
3118 2869 3186 2923 de
3212 2869 3298 2923 his
3325 2870 3489 2923 rebus
3526 2870 3732 2937 gratias

2155 2972 2316 3027 agere
2342 2958 2477 3024 Deo,
2502 2959 2591 3013 cui
2624 2975 2770 3014 cura:
2791 2967 2877 3014 est
2908 2960 3016 3014 vita
3048 2970 3267 3025 nostra;
3294 2968 3349 3014 et
3379 2969 3498 3026 post
3526 2973 3617 3013 eas
3638 2960 3731 3013 alii

2165 3064 2386 3117 rursus,
2423 3052 2617 3120 psalmi
2648 3051 2907 3122 precibus
2938 3052 3112 3106 sacris
3148 3052 3509 3120 interpositis,
3529 3081 3599 3091 —
3624 3050 3733 3104 Do-

2161 3147 2323 3212 mine,
2375 3145 2626 3209 clamavi,
2663 3153 2711 3199 et
2750 3159 2850 3199 vos:
2917 3160 3031 3198 mea
3076 3142 3144 3196 ad
3188 3142 3496 3206 Dominum,
3546 3172 3617 3182 —
3644 3142 3737 3211 qui

2161 3247 2453 3293 cantantur
2484 3237 2765 3292 modulate
2796 3238 3017 3307 quando
3052 3244 3265 3305 tempus
3299 3244 3404 3299 est,
3444 3244 3499 3289 et
3538 3234 3740 3289 habent

473 3329 552 3393 νὴ
581 3343 702 3394 μου
749 3325 897 3394 πρὸς
926 3327 1169 3393 Κύριον,
1204 3355 1275 3369 —-
1303 3326 1353 3379 οι
1400 3328 1494 3380 καὶ
1533 3328 1751 3399 ᾅδονται
1783 3327 1924 3396 μετὰ
1958 3325 2053 3394 μέ-

2160 3328 2368 3401 rmque,
2400 3345 2525 3401 quin
2549 3338 2867 3393 cautautur,
2910 3330 3174 3397 troparia.
3206 3337 3261 3382 et
3312 3328 3365 3382 in
3406 3327 3537 3396 ipsis
3567 3326 3739 3381 multa

475 3421 625 3481 λους,
660 3418 822 3470 όπότι
857 3417 1050 3471 τούτου
1078 3418 1293 3488 καιρὸς,
1329 3419 1428 3472 καὶ
1469 3418 1865 3490 προσᾳδόμενα
1900 3417 2055 3487 ἔχου·

478 3527 531 3563 σι
567 3508 674 3563 τῶν
709 3507 1022 3578 τροπαρίων
1052 3510 1195 3573 τινὰ,
1237 3510 1333 3563 καὶ
1365 3509 1423 3562 ὲν
1454 3509 1634 3572 αὐτοῖς
1668 3508 1843 3561 πολλὰ
1878 3509 1945 3562 τὰ
1981 3511 2049 3579 τῇ

480 3601 599 3679 ὥρα
628 3601 995 3671 προσήκοντα,
1036 3600 1340 3668 Ἐπαρσ-ις
1369 3598 1478 3669 γὰρ
1510 3598 1628 3651 τῶν
1656 3598 1876 3667 χειρῶν
1909 3616 2051 3667 μου,

430 3732 431 3737 η
487 3693 676 3748 θυσία
709 3690 1025 3761 ἑσπερινή·
1062 3696 1175 3757 καὶ,
1198 3690 1348 3747 Ἀπὸ
1376 3688 1661 3760 φυλακῆς
1683 3690 1911 3758 πρωτας
1956 3690 2057 3759 μέ·

482 3804 580 3855 χρι
626 3784 884 3851 νυκτὸς,
938 3784 1057 3838 ἀπὸ
1119 3781 1407 3853 φυλακῆς
1472 3783 1705 3850 πρωΐας
1753 3781 2062 3838 ἐλπισάτω

497 3878 746 3946 Ἰσραὴλ
777 3877 870 3932 ἐπὶ
898 3876 1006 3930 τὸν
1036 3875 1277 3945 Κύριον,
1302 3875 1395 3927 καὶ
1437 3875 1489 3928 et
1513 3891 1567 3927 τι
1603 3874 1872 3929 τοιοῦτον.
1905 3873 2061 3928 Μετὰ

486 3968 646 4023 τοῦτο
675 3968 819 4023 κατὰ
852 3967 951 4039 τὴν
984 3968 1282 4039 γινομένην
1319 3967 1415 4021 τοῦ
1461 3966 1652 4039 ἱερέως
1676 3967 1904 4035 εἴσοδον,
1940 3968 2063 4037 ἥτις

491 4064 622 4130 ἡμῖν
654 4062 754 4132 τὴν
796 4060 894 4115 τοῦ
946 4060 1205 4133 Σωτῆρος
1236 4061 1293 4114 ἑν
1321 4061 1489 4131 σαρκὶ
1519 4061 1828 4132 παρουσίαν
1859 4060 1952 4115 ιπὶ
1972 4061 2064 4114 τὸν

490 4153 719 4220 κόσμον,
757 4154 854 4207 καὶ
905 4147 1067 4215 αὖθις
1116 4151 1457 4222 ἐπιστροφὴν
1513 4152 1650 4221 πρὸς
1698 4151 1788 4207 τὸν
1844 4151 2067 4222 Πατέρα

492 4242 844 4311 ἐξεικονίζει,
897 4246 926 4297 ό
977 4240 1073 4297 τοῦ
1128 4245 1408 4314 μάρτυρος
1453 4242 1853 4313 Ἀοηνογένους
1881 4242 2067 4314 ᾄδεται

496 4336 749 4405 ἑσπέριος
782 4334 973 4404 ὕμνος,
1000 4363 1070 4375 -
1098 4334 1228 4401 Φῶς
1281 4334 1515 4403 ἱλαρὸν,
1541 4365 1611 4377 ——
1638 4335 1697 4388 ὃν
1748 4336 1937 4405 ὁρμῶν
1976 4336 2068 4387 ἐπὶ

493 4429 590 4498 τὴν
621 4429 709 4481 διὰ
740 4429 909 4499 πυρδς
940 4428 1042 4497 ἤδη
1066 4427 1373 4493 τελείωσιν,
1404 4428 1480 4492 ὠς
1524 4428 1553 4480 ὁ
1591 4428 1766 4498 μέγας
1796 4428 1930 4496 φησὶ
1960 4427 2067 4482 Βα-

495 4521 712 4584 σίλειος,
745 4514 897 4591 ᾖσεν,
930 4548 1000 4560 —-
1038 4518 1319 4587 Εἵπωμεν
1375 4518 1622 4585 πάντες.
1657 4549 1727 4558 -
1757 4520 1927 4589 Εὑχαὶ
1978 4521 2070 4573 ἰπὶ

2160 3432 2291 3480 sunt
2320 3438 2441 3492 qua:
2464 3423 2616 3477 hora:
2639 3432 2895 3492 aptentur
2922 3420 3202 3475 :Eleratio
3226 3436 3479 3474 manuum
3504 3436 3741 3474 mearum

2164 3514 2494 3580 sacriﬁcium
2546 3513 2898 3577 uespertinum
2948 3528 2961 3565 :
3001 3522 3078 3575 et,
3118 3513 3155 3565 Α
3201 3512 3437 3566 custodia
3478 3512 3741 3564 tnatutiua

2162 3619 2323 3672 usque
2342 3602 2411 3656 ad
2438 3611 2663 3667 noctem,
2695 3620 2726 3656 a
2759 3602 2999 3656 custodia
3047 3603 3318 3655 matutina
3369 3611 3539 3669 speret
3569 3600 3744 3656 Israel

2162 3697 2217 3751 in
2253 3695 2507 3750 Domino:
2527 3706 2579 3749 et
2610 3695 2657 3751 si
2689 3709 2810 3763 quae
2834 3691 3168 3760 huiusmodi.
3201 3691 3410 3747 Postea
3440 3693 3495 3748 in
3517 3693 3741 3748 introitu

2166 3788 2468 3845 sacerdotis
2531 3788 2625 3856 qui
2694 3786 2853 3841 nobis
2911 3785 3263 3854 praesentiam
3324 3782 3627 3839 Salvatoris
3689 3784 3743 3836 in

2165 3896 2333 3939 carne
2377 3891 2435 3936 et
2473 3881 2527 3935 in
2559 3878 2765 3934 mundo
2797 3884 3172 3946 repraesentat,
3201 3884 3254 3929 et
3280 3889 3472 3929 rursus
3502 3874 3739 3929 reditum

2165 3972 2285 4041 ejus
2323 3971 2392 4027 ad
2441 3970 2684 4036 Patrem,
2745 3974 2998 4023 cantatur
3049 3965 3305 4036 martyris
3370 3963 3746 4029 Atbenogenis

2169 4065 2511 4136 vespertinus
2568 4063 2826 4132 hymnus,
2880 4088 2948 4098 -—
2983 4055 3178 4111 Lumen
3211 4056 3401 4119 hilare,
3455 4086 3523 4099 —-
3560 4069 3742 4124 quem,

2164 4159 2277 4230 jam
2327 4157 2597 4213 festinans
2632 4155 2698 4207 ad
2731 4164 2960 4209 mortem
3021 4153 3142 4222 igne
3172 4150 3539 4211 subeundam,
3588 4156 3645 4202 ut
3671 4149 3747 4202 ait

2172 4265 2404 4322 magnus
2460 4246 2720 4314 Basilius,
2752 4246 3013 4301 cantavit:
3046 4272 3117 4287 -—
3150 4243 3399 4297 Dicamus
3447 4257 3653 4305 omnes,
3680 4269 3743 4280 —

2173 4358 2361 4412 preces
2394 4348 2519 4411 post
2545 4354 2671 4394 eum
2712 4346 2769 4392 et
2797 4337 3090 4408 petitiones
3135 4334 3500 4404 quaerentium
3530 4334 3669 4387 bona
3716 4349 3748 4387 a

2174 4437 2309 4501 Deo,
2337 4460 2408 4476 -ο
2445 4433 2696 4503 Dignare,
2720 4431 2957 4486 Domine.
2993 4458 3063 4469 —
3092 4427 3156 4482 Et
3182 4428 3325 4482 inter
3360 4442 3453 4482 eas
3489 4426 3750 4480 alterite-

2176 4535 2295 4576 rum
2344 4521 2580 4591 hymnus
2612 4536 2679 4574 ex
2710 4519 2891 4573 verbis
2947 4518 3306 4588 psalmorum,
3333 4524 3386 4571 et
3420 4531 3610 4571 rursus
3639 4526 3753 4570 tro-

493 4614 665 4681 τούτῳ
704 4616 800 4667 καὶ
831 4613 1077 4680 αἰτήσεις
1134 4610 1357 4679 ἀγαθῶν
1400 4615 1515 4675 τοῖς
1571 4612 1861 4681 δεομένοις
1915 4612 2053 4682 πειρὲ

2176 4612 2350 4683 paria.
2394 4640 2463 4654 —
2495 4610 2658 4665 Nunc
2709 4610 2954 4665 dimittis.
2997 4639 3067 4649 —
3103 4609 3164 4662 Et
3219 4617 3339 4678 pust
3401 4623 3463 4662 ea
3506 4608 3626 4676 ejus
3658 4605 3748 4675 qui

496 4703 654 4765 Θεοῦ,
684 4733 754 4743 ——-
780 4703 1191 4766 Καιαξίωσον,
1225 4703 1423 4770 Κύριε.
1462 4730 1534 4743 --
1574 4702 1685 4756 Kal
1715 4702 1920 4771 μεταξὺ
1951 4703 2046 4757 τού

2182 4705 2349 4759 Deum
2388 4702 2631 4773 suscepit
2656 4702 2933 4758 Simeonis
2966 4702 3279 4771 gratulatio,
3316 4702 3459 4756 sicut
3500 4700 3589 4753 ille
3615 4700 3750 4754 liheo

476 4846 481 4851 .
508 4812 618 4847 των
651 4795 840 4866 ἕτερος
885 4790 1039 4856 αὖθις
1089 4793 1255 4863 ὕμνος
1289 4794 1397 4848 ἀπὸ
1430 4794 1611 4863 ῥητῶν
1636 4793 1949 4864 ψαλμικῶν,
1982 4813 2051 4849 κα

2176 4797 2450 4859 rationem
2484 4809 2515 4851 a
2550 4810 2781 4867 corpore
2805 4810 3027 4851 caus:-.m
3058 4794 3291 4850 habebat
3319 4794 3543 4858 laititize,
3561 4793 3749 4848 eodem

496 4889 771 4957 τροπὰρια
807 4888 997 4942 πάλιν.
1026 4916 1091 4928 -
1124 4886 1255 4941 Νῦν
1292 4887 1608 4955 ἀπολύεις.
1639 4916 1711 4928 -
1736 4886 1846 4941 Καὶ
1870 4886 1956 4939 ἐπ’
1977 4888 2077 4940 αὕ-

495 4985 604 5036 τοῖ;
630 4985 663 5051 ἡ
699 4980 792 5035 τοῦ
828 4981 1079 5051 Θεοδόχου
1113 4981 1342 5051 Συμεὼν
1379 4981 1803 5052 εὕχαριστήριος
1831 4981 2073 5049 εὐλογία,

2180 4898 2331 4945 certe
2360 4888 2526 4943 modo
2549 4897 2605 4942 et
2639 4888 2797 4944 nobis
2848 4902 3148 4956 suggerens
3203 4886 3523 4940 memoriam
3572 4886 3754 4939 exitus

2179 4980 2335 5051 quasi
2361 4980 2648 5053 praesentis
2667 4994 2831 5048 quem
2858 4987 3013 5033 notat
3065 4993 3313 5046 vespera,
3370 4985 3425 5030 et
3476 4984 3598 5046 post
3629 4991 3754 5030 eum

498 5074 747 5143 καθάπερ
773 5074 977 5137 ἐκεῖνος
1014 5074 1115 5143 τὴν
1167 5075 1275 5127 ἀπὺ
1323 5072 1419 5127 τοῦ
1474 5073 1729 5140 σώματος
1760 5073 1915 5127 λύσιν
1946 5073 2053 5143 ήδοι

2182 5073 2295 5127 Deo
2325 5071 2487 5142 digna
2518 5070 2805 5139 gratulari.
2860 5099 2930 5110 ——
2972 5067 3203 5137 Sanctus
3250 5068 3413 5132 Deus,
3443 5097 3515 5108 —
3556 5077 3610 5122 ct
3639 5069 3759 5123 ’1⁸ιί-

500 5167 596 5234 νῆς
628 5165 887 5218 ὕπόοεσιν
937 5165 1215 5229 ἐποιεῖτο,
1247 5165 1339 5218 τὸν
1394 5165 1557 5219 αὐτὸν
1615 5165 1680 5235 δὴ
1730 5165 1937 5235 τρόπον
1985 5183 2053 5219 κα

2188 5162 2377 5231 sagion
2418 5160 2676 5230 hymnus,
2709 5168 2765 5214 et
2809 5174 2932 5228 qua:
2980 5167 3304 5227 sequuntur,
3353 5165 3408 5212 et
3460 5158 3757 5227 trepariutu

503 5260 637 5326 ήη.ἰν
660 5254 1065 5320 ὑποϐάλλουσα,
1096 5255 1195 5322 τῆς
1226 5255 1408 5319 ἐξόδου
1435 5272 1493 5307 τε
1528 5255 1604 5309 ὡς
1635 5255 1735 5326 ἤδη
1773 5256 2080 5327 παρούσης,

505 5349 572 5418 ἢν
638 5348 672 5415 ἡ
719 5344 931 5412 ἑσπέρα
987 5342 1390 5415 χαρακτηρίζει
1447 5343 1786 5412 μεμνῆσθαι,
1838 5342 1935 5396 καὶ
1993 5344 2081 5396 ἐπ’

506 5440 645 5507 αιτῇ
684 5436 749 5487 τὰ
778 5434 967 5487 εἰκότα
999 5435 1091 5485 τὶν
1124 5432 1258 5485 Θεὸν
1290 5430 1535 5497 εὐλογεῖν
1568 5461 1629 5471 -
1677 5436 1873 5500 Ἄγιος
1905 5435 1938 5485 ὀ
1966 5432 2114 5499 Θεὸς
2137 5463 2206 5473 -
2230 5434 2257 5488 ὅ
2283 5451 2343 5487 τε
2373 5434 2677 5506 Τρισάγιος
2716 5433 2904 5503 ὕμνος,
2964 5432 3061 5485 καὶ
3103 5431 3171 5486 τὰ

2188 5251 2461 5322 quoddam
2493 5244 2857 5314 dimissionis,
2881 5260 2933 5304 ct
2959 5259 3080 5319 pust
3113 5264 3177 5305 ea
3243 5249 3544 5304 sacerdotis
3587 5250 3761 5305 oratio

2191 5360 2255 5398 ex
2291 5344 2392 5398 Itac
2421 5343 2643 5414 liturgia
2675 5357 2772 5399 nos
2802 5341 3047 5396 dimittit.

3241 5430 3369 5499 εξῆς
3419 5430 3540 5501 μετ’
3579 5430 3764 5496 αὑτὸν,

510 5526 603 5577 καὶ.
654 5524 956 5594 τροπάριόν
1003 5540 1055 5575 τι
1094 5523 1193 5591 τῆς
1239 5522 1580 5587 timidam,
1635 5525 1728 5574 καὶ
1774 5522 1862 5575 ἐπ’
1895 5522 2079 5587 αὐτοῖς
2119 5525 2270 5593 ήτοῦ
2304 5526 2498 5597 ἱερέως
2518 5526 2673 5598 εὐχὴ,
2706 5528 2803 5578 καὶ
2831 5524 3036 5592 ταύτης
3092 5525 3237 5594 ἡμᾶς
3282 5524 3605 5593 ἀποπέμπει
3670 5525 3768 5595 τῆς

510 5621 875 5691 λειτουργίας.

936 5711 1075 5780 Περὶ
1102 5713 1205 5766 τοῦ
1247 5712 1649 5766 ἀποδειπνου.

587 5811 788 5865 Λοιπό,;
826 5809 941 5859 ἐστι
978 5807 1076 5860 καὶ
1137 5807 1499 5867 τελευταῐο,;ό
1542 5805 1867 5867 ἀπίδειπνος
1900 5803 2089 5875 ὕμνος,

514 5900 573 5953 ὃν
604 5903 697 5954 ἐπὶ
730 5902 819 5955 τὸν
846 5899 1013 5954 ὕπνον
1039 5898 1140 5969 ἤδη
1168 5899 1515 5968 τρεπόμενοι,
1564 5898 1659 5951 καὶ
1701 5898 1801 5971 τὴν
1837 5900 2082 5953 ἀνάπαυ-

2630 5708 2704 5764 De
2745 5710 2910 5779 o/ﬁcio
2942 5717 3059 5778 post
3090 5724 3312 5762 mnam.

2266 5804 2531 5875 Reliquus
2547 5812 2600 5858 et
2632 5803 2860 5859 ultimus
2891 5812 2994 5869 est,
3014 5801 3105 5872 qui
3135 5811 3253 5871 post
3280 5813 3521 5863 cumam,
3541 5797 3777 5870 hymnus

2196 5913 2362 5970 quem
2414 5897 2533 5969 jam
2594 5896 2658 5952 ad
2703 5911 2958 5953 somnum
3004 5893 3254 5952 conversi
3317 5903 3371 5950 ct
3416 5892 3489 5948 ad
3534 5889 3774 5961 quietem
