4100 6418
377 391 514 477 ms~

1252 418 1490 477 MARCI
1534 416 1905 478 EUGENllZI
1952 415 2050 474 DE
2090 414 2308 475 OFFIC
2370 417 2670 477 ECCLES‘.

3468 407 3628 496 mo

373 530 431 581 τ),
466 530 562 597 μὲν
590 528 857 583 αἰτεῖσθαι
891 531 1038 598 παρὰ
1077 529 1211 583 Θεοῦ
1241 532 1306 584 τὰ
1348 532 1534 585 δέοντα
1591 533 1766 582 κοινόν
1815 531 1949 593 ἐστι,

2062 527 2252 588 Petita,
2285 528 2427 581 enim
2466 529 2560 594 ait,
2593 539 2639 582 et
2667 530 2880 601 dabitur
2917 527 3088 588 vobis;
3115 527 3206 581 Sed
3230 533 3426 581 causas
3459 542 3626 595 οινο-

371 622 465 672 καὶ
523 620 817 690 ἡμέτερον,
856 621 1076 675 Αἰτεῖτε
1116 622 1245 691 γὰρ,
1301 625 1453 690 φησὶ,
1485 622 1583 675 καὶ
1624 620 1948 690 δοθήσεται

369 710 531 779 ὑμῖν,
575 713 636 763 τὸ
662 710 718 763 δὲ
745 710 1066 778 αἰτιολογεῖν
1093 713 1190 775 τὰς
1218 713 1480 781 αἰτήσεις,
1513 714 1595 766 Οὐ
1633 713 1769 779 παρ’
1793 711 1950 780 ἡμᾶς

372 803 500 870 γὰρ,
534 803 718 870 φησὶν,
753 801 898 855 οὐδὲ
951 800 1050 855 διὰ
1090 802 1204 869 τὴν
1255 803 1548 871 ἡμετέραν
1597 801 1822 872 ἀρετὴν
1847 803 1948 855 καὶ

372 893 680 961 σπουδὴν,
715 894 855 948 ἀλλ’
875 892 964 947 ὅτι
981 892 1261 948 δύνασαι.
1293 895 1410 948 Σοῦ
1434 894 1542 964 γάρ
1567 895 1738 947 ἐστιν
1777 896 1812 963 ἡ
1837 895 1952 958 βα-

375 983 577 1036 σιλεία
606 983 760 1050 καὶὴ
796 983 1050 1051 δύναμις
1092 985 1189 1037 καί
1253 985 1289 1051 ἡ
1348 984 1516 1049 δόξα.
1553 987 1682 1040 Ὅτι
1732 987 1951 1056 ἀγαθὸς

372 1076 467 1130 καὶ
497 1076 916 1143 φιλάνθρωπος
949 1080 1091 1144 Θεῧς
1121 1075 1432 1145 ὑπάρχεις,
1489 1078 1556 1130 τά
1590 1097 1647 1132 τε
1697 1078 1829 1132 ἄλλα
1886 1078 1953 1132 τὰ

375 1168 499 1236 περὶ
523 1167 658 1220 Θεοῦ
696 1168 1015 1236 ὑμνούμενα
1051 1168 1414 1237 ἐξαγγέλλειν,
1457 1169 1627 1222 ἐνίοτε
1659 1170 1714 1222 δὲ
1744 1170 1837 1220 καὶ
1863 1169 1948 1221 Eo-

373 1259 610 1323 ξαλογεῖν
637 1259 721 1311 ἐπ’
759 1260 941 1319 αὐτοῖς
968 1260 1198 1330 λαμπρᾷ
1227 1260 1290 1328 τῇ
1334 1261 1506 1328 φωνῇ,
1541 1258 1634 1312 τοῦ
1669 1259 1856 1329 ἱερέως,
1885 1260 1953 1314 ἂν

372 1351 479 1418 εἴη,
515 1350 603 1402 τοῦ
626 1351 722 1419 τῆς
754 1351 1047 1432 θεαργικῆς
1069 1349 1404 1414 δικαιώσεως
1447 1351 1754 1420 ὑποφήτου,
1814 1351 1953 1420 φησὶ

300 1505 306 1516 Ι
375 1441 648 1503 Διονύσιος
698 1440 726 1492 ὁ
757 1441 920 1504 πολὺς
971 1443 1040 1496 τά
1087 1441 1226 1496 θεῖα.
1277 1442 1359 1494 Τὰ
1417 1441 1516 1509 μὲν
1540 1437 1634 1496 οὖν
1672 1441 1954 1512 αἰτήματα

375 1535 528 1603 κοινῇ
561 1533 657 1586 σὺν
697 1535 810 1596 τοῖς
844 1533 1019 1597 ἄλλοις
1051 1535 1085 1607 ἢ
1120 1534 1277 1606 μόνος
1310 1535 1449 1605 ὑπὲρ
1481 1533 1589 1587 τῶν
1620 1534 1795 1588 ἀλλων
1817 1533 1956 1586 ἐκεί-

371 1643 477 1678 νων
504 1626 738 1696 ᾀδόντων
769 1624 960 1679 εῐωθεν
991 1626 1256 1691 ἐκτελεῖν,
1282 1627 1374 1680 ἐπὶ
1404 1627 1459 1678 δὲ
1488 1628 1600 1688 τοῖς
1628 1623 1956 1695 ἀκροτελευ-

375 1713 512 1775 τίοις
542 1713 702 1776 αὐτὸς
729 1713 1089 1780 ἀνακρούεται
1151 1713 1309 1783 μόνος
1351 1712 1560 1783 μεγάλῃ
1608 1713 1781 1780 φωνῇ,
1820 1710 1956 1778 πρὸς

375 1804 510 1858 Θεὸν
546 1804 648 1874 μὲν
685 1806 1128 1874 ἀποτεινόμενος,
1165 1805 1244 1867 εἰς
1270 1803 1329 1856 δν
1357 1804 1524 1872 δήπου
1564 1802 1658 1856 καὶ
1699 1803 1733 1872 ἡ
1796 1799 1954 1871 εὐχὴ,

368 1873 635 1951 διδάσκων
695 1898 752 1952 δὲ
808 1897 954 1967 ἡμᾶς
1007 1898 1105 1962 τὰς
1163 1896 1362 1962 αἰτίας,
1412 1896 1472 1960 ἐξ
1517 1891 1590 1950 ὧν
1620 1893 1954 1966 ἀκουσθῆναι
1988 1873 2031 1932 Β

376 1989 661 2058 μέλλομεν,
687 1989 765 2051 εἰς
787 1988 1042 2042 ὑπόθεσιν
1071 1988 1568 2057 ταπεινοφροσύνης
1595 1987 1712 2058 ἅμα
1738 1987 1833 2040 καὶ
1865 1988 1952 2040 ex-

375 2080 528 2145 πίδος
555 2079 798 2151 βεϐαίας.
819 2079 879 2132 Εἰ
911 2079 1131 2151 μὲνγὰρ
1167 2073 1258 2149 ἦν,
1291 2081 1446 2148 φησὶ,
1484 2080 1634 2148 παρᾶ
1667 2079 1764 2147 τὴν
1812 2080 1950 2148 ἠμε-

372 2173 536 2242 τέραν
571 2170 727 2236 ἀξίαν
753 2170 1194 2240 εἰσακουσθῆναι,
1224 2171 1365 2242 τάχα
1390 2169 1455 2223 ἂν
1486 2169 1706 2240 εἴχομεν
1746 2169 1949 2224 ἐνδοιά-

376 2261 522 2326 ζειν,
566 2262 729 2316 ὁπότε
800 2263 890 2314 καὶ
941 2261 1002 2314 τὸ
1059 2260 1223 2315 καλὸν
1285 2258 1678 2330 εἰργαζόμεθα,
1733 2261 1956 2330 τρεπτοὶ

368 2353 733 2420 καθεστῶτες,
758 2353 849 2407 καὶ
876 2353 1127 2406 οὐδέποτε
1159 2353 1248 2404 ἐπὶ
1282 2351 1478 2406 ταυτοῦ
1521 2351 1770 2421 μένοντες
1797 2367 1810 2382 ·
1859 2353 1954 2405 νῦν

368 2445 426 2499 δὲ
460 2445 612 2515 παρά
635 2445 704 2499 τὰ
754 2445 850 2512 τῷ
882 2444 1001 2515 Θεῷ
1045 2445 1332 2512 προσόντα,
1387 2446 1454 2499 τὰ
1515 2443 1561 2498 δ’
1610 2443 1758 2499 ἐστιν
1809 2444 1956 2499 ἀΐδια

371 2538 462 2591 καὶ
487 2538 700 2608 ἀγήρω,
732 2537 840 2590 τῶν
858 2537 1189 2606 αἰτουμένων
1207 2535 1412 2601 ἔξεστιν
1438 2536 1736 2590 ἀπολαύειν
1759 2553 1774 2569 ·
1806 2535 1950 2590 ὥστε

373 2629 472 2680 οὐκ
501 2628 566 2681 ἂν
587 2627 672 2697 εἴη
708 2628 912 2681 δίκαιον
940 2625 1324 2698 ἀμφιϐάλλειν.
1353 2626 1672 2698 ’Δπόκρισιν
1709 2623 1804 2681 οὖν
1828 2644 1950 2682 τινα

381 2717 526 2770 θείαν
559 2719 810 2782 εἰκονίζει
853 2719 964 2780 τοῖς
996 2716 1335 2787 αἰτουμένοις
1363 2719 1398 2788 ἠ
1421 2716 1515 2772 τοῦ
1549 2719 1740 2789 ἱερέως
1773 2719 1949 2789 φωνὴ,

377 2810 473 2864 καὶ
493 2809 860 2880 πληροφορίαν
887 2809 1144 2880 ἐμϐάλλει
1168 2811 1290 2874 ταῖς
1311 2809 1420 2863 τῶν
1438 2809 1702 2863 νοούντων
1723 2811 1949 2879 ψυχαῖς,

373 2899 491 2969 ἅμα
514 2900 568 2954 δὲ
599 2901 692 2954 καὶ
719 2903 965 2955 κοινωνεῖ
979 2901 1177 2972 τρόπον
1191 2899 1313 2956 τινὰ
1332 2900 1441 2954 τῶν
1465 2900 1750 2971 ἡμετέρων
1770 2900 1947 2972 ᾠδῶν⁹

2053 635 2200 673 nere.
2233 620 2350 673 Non
2401 621 2470 672 ad
2511 637 2624 677 nos.
2658 621 2802 674 enim
2865 621 2962 683 ait,
3001 636 3102 674 non
3137 628 3351 688 proriter
3391 629 3628 673 uestram

2051 714 2298 767 virtutem
2369 722 2418 766 et
2449 713 2791 782 diligentiam,
2824 715 2913 767 sed
2948 712 3071 783 quia
3102 721 3269 782 potes.
3307 712 3446 766 Nam
3481 723 3626 764 tuum

2050 814 2129 860 est
2194 822 2408 877 regnum
2466 807 2695 874 potentia
2759 815 2808 858 et
2869 808 3063 876 gloria,
3090 808 3215 876 quia
3260 805 3394 860 Deus
3441 821 3493 859 es
3534 805 3629 858 bo-

2054 913 2150 951 nus
2211 906 2260 950 et
2329 896 2562 950 homines
2600 915 2804 961 amans,
2832 908 2886 953 et
2929 901 3030 952 alia
3069 898 3314 969 proferre
3370 900 3438 956 de
3471 901 3630 954 laude

2054 987 2109 1042 in
2166 989 2360 1054 Deum,
2393 988 2798 1058 aliqdandoque
2820 1005 2919 1059 pro
2958 991 3081 1046 aliis
3134 991 3242 1044 alta
3269 1005 3402 1045 voce
3435 991 3626 1044 laudes

2056 1079 2353 1142 celebrare.
2405 1081 2702 1135 sacerdmis
2723 1096 2844 1136 esse
2872 1082 3030 1135 debet
3051 1083 3273 1149 justitiam
3299 1081 3497 1134 divinae
3529 1081 3616 1135 in-

2058 1170 2346 1239 terpretis,
2383 1173 2514 1225 dicit
2565 1171 2856 1242 Dionysius
2913 1173 3006 1238 qui
3069 1173 3240 1225 multa
3309 1172 3375 1225 de
3407 1172 3627 1225 divinis.

2055 1259 2172 1316 Mos
2204 1261 2370 1331 igitur
2400 1271 2482 1316 est
2523 1262 2672 1316 illum
2701 1262 2989 1331 petitiones
3016 1263 3280 1331 perficere
3334 1277 3442 1316 una
3502 1277 3626 1314 cum

2054 1353 2196 1419 aliis,
2249 1354 2334 1408 vel
2381 1355 2558 1409 solum
2615 1370 2710 1425 pro
2769 1356 2982 1410 caeteris
3027 1355 3112 1409 his
3165 1355 3532 1419 cantantibus,
3574 1355 3627 1405 in

2054 1445 2322 1501 clausulis
2361 1462 2490 1502 vero
2514 1447 2630 1517 ipse
2689 1447 2840 1502 solus
2875 1463 3068 1512 magna
3108 1461 3242 1500 voce
3303 1446 3535 1509 intonat,
3563 1447 3628 1496 ad

2058 1533 2226 1587 Deum
2260 1535 2484 1604 quidem
2533 1536 2822 1590 intendens
2852 1537 2914 1590 ad
2975 1551 3135 1605 quem
3178 1536 3351 1590 tendit
3408 1549 3539 1589 sane
3577 1545 3631 1588 et

2058 1627 2259 1692 oratio,
2293 1634 2347 1682 et
2395 1642 2496 1680 nos
2517 1627 2721 1683 docens
2743 1643 2937 1682 causas
2967 1643 3062 1695 per
3095 1643 3230 1696 quas
3262 1627 3511 1681 audiendi
3540 1641 3632 1679 su-

2059 1733 2204 1782 mus,
2267 1726 2328 1773 ut
2365 1720 2523 1773 nobis
2581 1719 2850 1774 subdatur
2907 1718 3188 1772 humilitas
3220 1720 3382 1773 simul
3418 1728 3470 1772 et
3506 1722 3630 1787 spes

2061 1807 2230 1866 ﬁrmat.
2277 1806 2336 1861 Si
2367 1807 2540 1872 enim,
2569 1808 2662 1873 ait,
2691 1808 2974 1876 oportebat
2999 1824 3100 1863 nos
3132 1824 3195 1863 ex
3232 1820 3418 1864 nostra
3454 1810 3629 1880 digni-

2063 1907 2170 1954 tate
2207 1899 2407 1966 audiri,
2439 1899 2704 1955 continuo
2721 1901 3100 1956 dubitaremus
3131 1917 3256 1956 cum
3293 1902 3374 1956 vel
3406 1903 3628 1972 quando

2063 1991 2230 2061 probe
2259 1992 2491 2060 agimus,
2521 1993 2805 2048 versatiles
2864 1982 3206 2057 constemus,
3249 2008 3349 2049 nec
3383 2009 3623 2063 unquam

2060 2083 2115 2136 in
2180 2082 2371 2138 iisdem
2424 2091 2864 2152 perseverantes.
2921 2084 3052 2150 Quae
3110 2099 3241 2139 vero
3284 2093 3415 2140 sunt
3481 2083 3625 2152 apud

2060 2173 2248 2242 Deum,
2285 2186 2486 2232 aeterna
2529 2185 2654 2232 sunt
2715 2178 2977 2246 senioque
3025 2177 3310 2242 immunia,
3346 2188 3401 2232 et
3445 2178 3629 2246 petitis

2058 2261 2162 2317 frui
2200 2264 2343 2330 licet,
2380 2265 2504 2319 inde
2534 2280 2638 2318 non
2689 2265 2896 2332 justum
2950 2267 3021 2320 sit
3049 2268 3301 2320 dubitare
3343 2266 3413 2319 ita
3449 2275 3501 2319 ut
3540 2282 3629 2318 re-

2057 2363 2204 2410 ctum
2244 2371 2349 2410 non
2394 2356 2532 2411 foret
2562 2357 2833 2412 dubitare.
2859 2359 3203 2426 Responsum
3252 2359 3416 2428 igitur
3447 2359 3626 2427 quod~

2055 2447 2179 2500 dam
2209 2448 2456 2502 divinum
2487 2449 2743 2518 exprimit
2775 2466 2906 2506 sane
2933 2451 3114 2521 petitis
3164 2465 3265 2505 vox
3303 2452 3624 2510 sacerdotis.

2052 2547 2106 2592 et
2140 2539 2532 2607 plenitudinem
2559 2541 2728 2609 injicit
2763 2543 2813 2595 in
2845 2544 3194 2610 prudentium
3221 2545 3455 2605 animos,
3492 2559 3628 2597 uuo-

2055 2646 2163 2699 que
2194 2632 2486 2700 participat
2521 2634 2706 2702 aliquo
2761 2639 2921 2692 modo
2957 2646 3176 2690 nostros
3207 2645 3402 2690 cantus
3430 2636 3628 2705 quibus

2054 2724 2350 2777 cnuntians
2382 2736 2466 2779 est
2505 2741 2518 2780 :
2561 2737 2610 2778 et
2647 2742 2748 2782 nos
2782 2744 2976 2784 rursus
3022 2731 3070 2784 ei
3101 2745 3308 2798 preces,
3345 2731 3400 2784 in
3433 2731 3630 2799 quibus

2055 2814 2207 2868 taciti
2231 2814 2543 2883 praebemus
2582 2831 2741 2872 aures
2793 2820 3126 2886 cnuntianti,
3171 2830 3226 2876 et
3258 2821 3511 2876 addimus
3544 2836 3626 2874 re-

2055 2904 2409 2972 spondentes,
2433 2906 2618 2962 Amen.

284 3040 292 3048 .
370 2993 438 3046 δι’
463 2984 540 3044 ὧν
563 2992 798 3062 ἐκφωνεῐ
819 3007 835 3024 ο
887 2994 984 3048 καὶ
1017 2993 1179 3064 ἡμεῖς
1222 2989 1382 3057 αὖθις
1408 2992 1560 3064 αύτῷ
1594 2992 1703 3046 τῶν
1747 2991 1945 3062 εὐχῶν,
1984 2997 2044 3050 ἐν
2075 2989 2156 3059 οἷς
2183 2995 2458 3068 ὐπέχομεν
2487 3000 2816 3068 ἐκφωνοῦντι
2841 3002 2909 3056 τὰ
2938 2997 3055 3056 ὧτα
3099 3007 3248 3074 σιγῇ,
3317 3005 3415 3058 καὶ
3456 3023 3626 3078 προσ-

373 3085 748 3156 επιφωνοῦμέν
779 3099 842 3153 γε
873 3085 960 3151 τὸ,
1006 3083 1209 3155 Ἀμήν.

895 3181 1036 3250 Περὶ
1063 3180 1417 3250 rpouaplwr.

437 3274 720 3346 Τροπάρια
747 3273 979 3343 λέγομεν
1000 3273 1151 3342 παρά
1171 3273 1270 3344 τὴν
1294 3273 1522 3344 τροπὴν,
1551 3276 1651 3329 ὅσα
1674 3274 1781 3329 τῶν
1807 3274 1946 3344 ψαλ-

375 3363 615 3432 λομένων
647 3362 1070 3429 ὑποτέτραπται,
1110 3364 1205 3415 καὶ
1237 3362 1373 3431 πρὸς
1412 3363 1573 3433 ἕτερα
1616 3364 1713 3434 τὴν
1742 3367 1946 3435 ἀναιρο-

375 3453 474 3520 pinv
501 3450 612 3519 ἔχει
645 3449 784 3502 κατά
809 3449 870 3502 τδ
900 3449 1080 3519 μέλος,
1115 3450 1148 3519 ἠ
1189 3451 1352 3522 ἕτερα
1381 3455 1517 3522 πρὸς
1549 3455 1708 3508 αὑτά.
1736 3455 1820 3509 Ta
1848 3460 1946 3509 a3-

372 3544 440 3597 τὰ
476 3543 532 3597 δέ
565 3561 664 3596 που
697 3543 790 3596 καὶ
821 3541 1080 3612 στιχηρά,
1112 3542 1202 3596 διὰ
1229 3543 1291 3595 τὸ
1319 3543 1533 3614 στίχους
1562 3543 1742 3598 αὐτῶν
1773 3547 1944 3617 προᾴο

370 3633 555 3686 δεσθαι
593 3633 740 3703 παρά
785 3631 880 3685 τοῦ
914 3630 1228 3702 Ψαλτῆρος,
1285 3633 1318 3702 ἢ
1358 3632 1625 3703 ἑτέρωθεν
1680 3634 1944 3705 εἰλημμέ-

372 3745 514 3792 νους.

969 3820 1108 3902 {It-rp!
1128 3820 1366 3893 ειρμῶν.

449 3914 684 3985 Είρμοὺς
702 3915 864 3970 διὰτὸ
890 3917 969 3979 εἰς
985 3917 1178 3980 αὐτοὺς
1205 3914 1601 3987 ἑπιπεπλέχθαι
1629 3917 1696 3970 τὰ
1721 3919 1940 3989 ἐφεξῆς,

375 4006 468 4060 καὶ
497 4000 607 4059 οἷον
635 4006 822 4076 σειράν
849 4023 969 4060 τινα
1011 3998 1140 4077 μίαν
1182 4005 1242 4072 ἐξ
1260 4005 1440 4060 αὐτῶν
1478 4006 1746 4076 γίνεσθαι.

925 4183 1065 4252 Περί
1107 4175 1390 4253 κανόνος.

437 4273 510 4328 Τὸ
536 4273 591 4326 δὲ
625 4275 689 4326 ἐκ
714 4272 824 4327 τῶν
850 4274 1058 4344 είρμῶν
1088 4275 1362 4347 ἄθροισμα
1395 4279 1516 4332 καθ’
1549 4278 1779 4337 ἕκαστον
1804 4278 1938 4354 ἦχον

365 4367 424 4417 ἐν
452 4368 568 4427 ταῖς
602 4364 757 4420 ἐννέα
805 4365 968 4436 ᾠδαῖς
1003 4368 1205 4420 κανόνα
1251 4368 1544 4439 καλοῦμεν,
1597 4371 1684 4424 διὰ
1737 4374 1799 4428 τὸ
1855 4374 1941 4427 ἀεὶ

366 4453 564 4520 ἐξεῖναι
591 4458 697 4517 τοῖς
734 4455 835 4525 ήδη
865 4457 1252 4526 γεγενημένοις
1294 4459 1510 4530 ἐτέρους
1542 4461 1832 4528 ἐπιποιεῖν,
1864 4463 1939 4525 ὡς

366 4543 503 4604 ποὺς
523 4545 719 4607 αὐτοὺς
741 4544 1198 4614 ἀναφερομένους.

866 4634 1002 4701 Περί
1031 4635 1423 4708 καταϐασίας.

444 4719 718 4787 Ὡσαύτως
755 4725 811 4777 δὲ
843 4726 935 4778 καὶ
967 4723 1293 4790 καταόασία,
1335 4725 1423 4779 διὰ
1467 4725 1529 4778 τὸ
1569 4728 1937 4794 καταδιδάζε-
2039 4717 2045 4723 ’

298 4819 300 4823 ’
370 4815 494 4867 σθαι
524 4817 657 4886 πρὸς
689 4816 857 4888 αὐτὴν
887 4817 957 4870 τὰ
981 4816 1144 4871 λοιπά

859 4931 998 4999 Περί
1029 4932 1454 5003 προκειμένων.

438 5084 517 5137 Τὰ
554 5085 890 5155 προκείμενα
919 5089 1029 5141 τῶν
1063 5093 1422 5162 προφητικῶν
1458 5111 1516 5148 τε
1554 5096 1646 5149 καὶ
1706 5096 1939 5151 ἐνιτοστο⁸

365 5176 530 5230 λικῶν
570 5177 803 5246 Γραφῶν
849 5178 942 5230 καὶ
995 5177 1090 5232 τοῦ
1142 5181 1474 5251 Εὑαγγελίου
1523 5187 1934 5255 προτάττονται.

365 5267 542 5336 Στίχοι
571 5268 627 5321 δέ
675 5269 811 5320 εἰσιν
830 5265 906 5332 ὡς
929 5269 990 5322 τὸ
1013 5270 1145 5324 πολὺ
1171 5274 1318 5343 παρὰ
1350 5277 1461 5330 τῶν
1491 5275 1742 5346 ψαλμῶν,
1810 5295 1939 5347 συγ-

365 5361 542 5426 γενεῖς
596 5362 663 5430 τῇ
721 5359 898 5430 ἐννοίᾳ
941 5361 1050 5415 τῶν
1103 5365 1647 5436 ἀναγινωσκομένων,
1697 5370 1790 5421 καὶ
1825 5363 1936 5424 οἷον

366 5449 916 5522 προσμαρτυροῦντες
952 5453 1155 5518 αὐτοῖς.
1205 5456 1359 5525 Ἀμα
1402 5457 1458 5510 δέ
1509 5459 1604 5511 καὶ
1664 5459 1935 5522 λεαίνουνσί

365 5555 478 5600 πως
512 5539 612 5609 τὴν
641 5541 808 5612 ἀκοὴν
836 5543 1092 5614 ᾀδόμενα,
1147 5547 1241 5600 καὶ
1286 5549 1350 5616 τῇ
1401 5549 1706 5615 ἀναγνώσει
1756 5567 1936 5619 παρα,-

365 5629 706 5694 σκευάζουσι.

884 5724 1025 5793 Ilspl
1049 5723 1165 5779 τῶν
1191 5727 1440 5796 στίχων.
1574 5790 1582 5801 η

428 5811 506 5865 Τὰ
545 5812 637 5866 τοῦ
666 5814 847 5885 στίχου
873 5815 1140 5887 λεγόμενα
1197 5819 1490 5890 τροπάρια,
1540 5821 1628 5876 διὰ
1672 5825 1731 5877 τὸ
1774 5824 1926 5894 λέγε-

2643 3185 2720 3240 De
2751 3188 3027 3255 tropariis.

2117 3272 2379 3343 Troparia
2409 3275 2646 3333 dicimus
2698 3287 2921 3346 propter
2985 3284 3424 3349 conversionem,
3481 3303 3631 3356 quae-

2049 3381 2267 3436 cnnque
2298 3383 2361 3422 ex
2400 3369 2486 3422 bis
2516 3374 2996 3442 quapsalluntur,
3032 3389 3442 3445 convertuntur,
3464 3388 3517 3434 et
3563 3386 3626 3433 :ul

2046 3455 2150 3508 alia
2209 3459 2484 3534 pertinent
2531 3472 2671 3529 apte,
2715 3467 2798 3518 vel
2855 3467 2922 3520 ad
2949 3483 3038 3532 eu,
3073 3470 3200 3524 alia.
3246 3470 3440 3526 Eadem
3501 3482 3628 3526 sunt

2035 3565 2180 3603 sane
2211 3561 2258 3603 et
2281 3552 2539 3617 sticbera,
2567 3557 2694 3621 quia
2724 3574 2910 3614 eorum
2947 3577 3139 3618 versus
3163 3565 3532 3632 praeeinuntur
3560 3583 3626 3619 ex

2046 3641 2301 3710 paulterio
2331 3644 2412 3699 vel
2448 3645 2668 3702 aliunde
2695 3653 2961 3720 excerpti.

2682 3825 2758 3880 De
2779 3829 2986 3883 liirmis.

2118 3906 2336 3967 Hirmos
2360 3913 2594 3970 dicimus
2623 3919 2750 3984 quia
2786 3919 2838 3972 in
2880 3921 2959 3976 cis
2979 3937 3100 3992 qua:
3138 3927 3333 3982 seriem
3359 3929 3618 3998 emi-inut,

2045 4000 2333 4058 intertexta
2377 4017 2528 4071 sunt,
2566 4011 2742 4072 .unde
2794 4020 2847 4066 et
2894 4016 3050 4082 quasi
3079 4016 3358 4076 funiculus
3389 4024 3615 4092 quidam

2043 4090 2293 4149 edicitur.

2226 4183 2300 4239 De
2326 4202 2526 4240 canone
2554 4204 2618 4242 ex
2639 4189 2882 4258 pluribus
2914 4195 3120 4265 hymnis
3143 4212 3437 4259 constante.

2116 4275 2190 4328 Ex
2233 4275 2423 4331 birmis
2447 4281 2666 4346 seriem,
2695 4286 2991 4340 secundum
3037 4305 3310 4362 quemque
3342 4304 3529 4350 tonum
3565 4297 3619 4352 in

2046 4376 2240 4418 novem
2291 4365 2529 4435 hymnis.
2592 4385 2855 4428 canonem
2918 4383 3347 4452 vocamus,quia
3399 4399 3620 4458 semper

2045 4453 2172 4508 licet
2201 4456 2285 4545 his
2320 4458 2431 4526 jam
2464 4460 2664 4518 habitis
2717 4468 2918 4524 alteros
2955 4473 3190 4542 adjicere
3218 4479 3374 4546 quasi
3409 4481 3474 4535 ad
3517 4453 3616 4538 eos

1971 4557 2014 4614 ι)
2044 4537 2398 4627 pertinentes.

2344 4640 2418 4697 De
2444 4649 2719 4703 catabasia
2741 4652 2848 4706 sive
2886 4654 3057 4710 hirmo
3091 4659 3260 4729 ﬁnali.

2111 4730 2318 4788 Eodem
2355 4738 2520 4793 modo
2544 4748 2597 4794 et
2627 4743 2926 4811 catabasia,
2975 4750 3101 4818 quia
3133 4753 3199 4806 ad
3228 4769 3345 4810 eam
3394 4757 3616 4816 descen-

2039 4823 2178 4878 dunt
2200 4835 2415 4883 caetera.

2046 4934 2120 4990 De
2149 4940 2434 5005 pronositis
2488 4955 2610 4998 ante
2661 4949 2910 5005 lectiones
2968 4969 3152 5008 sacras
3205 4960 3436 5014 versibus
3465 4965 3615 5029 psal-

2709 5035 2928 5073 morum.

2111 5099 2460 5170 Przejacemia
2494 5108 2824 5178 pr0pbetieis
2849 5115 3273 5188 apostolicisque
3303 5122 3608 5192 scripturis

2039 5200 2094 5246 et
2120 5191 2416 5264 Evangelio
2443 5199 2819 5270 prtedisposita
2851 5217 2997 5262 sunt.
3032 5207 3236 5264 Versus
3269 5191 3450 5267 autem
3485 5227 3612 5270 sunt

2040 5281 2358 5353 pleramque
2384 5301 2449 5340 ex
2504 5289 2751 5356 psalmis,
2792 5306 2956 5348 sensu
2997 5296 3308 5356 conformes
3355 5302 3437 5357 bis
3489 5320 3611 5374 qua:

2039 5371 2310 5442 leguntur,
2359 5387 2411 5430 et
2464 5379 2546 5433 eis
2580 5382 2738 5449 quasi
2796 5384 3168 5443 testimonium
3221 5371 3609 5462 prmhibentcs.

2043 5461 2271 5534 Unaque
2319 5468 3012 5544 demulcentaliquomodo
3061 5477 3611 5561 aures,'lectioniqne
3705 5473 3708 5476 ’

2037 5569 2369 5626 praeparant.

2358 5739 2432 5794 De
2452 5744 2670 5810 psalmis
2702 5763 2794 5812 per
2813 5764 2988 5804 versus
3009 5750 3324 5813 decantatis.

2112 5829 2368 5888 Sticbarii
2428 5837 2570 5892 dicta
2629 5842 2888 5910 troparia,
2954 5845 3080 5912 quia
3135 5847 3189 5902 in
3227 5850 3308 5906 eis
3358 5853 3610 5909 nonnulli
