4100 6418
391 346 520 412 ῑΞὶἚΒ

1782 313 2162 418 iuuenca.

3451 365 3464 374 ’
3503 362 3645 430 1204

388 477 589 522 scmus,
627 468 733 514 tam
766 475 860 529 per
903 468 1174 516 oratorem
1207 471 1382 525 tuum,
1410 478 1569 530 quam
1604 481 1700 535 per
1731 467 1791 522 lit
1819 485 1962 534 eras,
1996 479 2036 532 Α
2071 473 2242 541 gitarc
2270 473 2521 539 velimus,
2553 475 2701 545 quod
2729 473 2868 531 duos
2899 476 3237 546 principatus
3274 479 3435 534 simili
3473 481 3642 536 forma

386 548 558 615 magis
588 563 746 616 quam
785 546 949 601 rebus
989 551 1120 603 satis
1162 551 1366 604 factum
1409 554 1496 608 iri.
1529 553 1724 624 Accipe
1775 558 1959 624 igitur,

385 641 703 695 charissima
757 640 852 705 fili,
891 657 1008 708 qua:
1056 643 1256 698 dicturi
1303 660 1516 713 sumus,
1574 659 1833 719 tanquam
1894 653 1962 705 ab

383 733 760 787 amantissimo
794 735 997 800 animo,
1049 751 1214 805 quem
1264 753 1392 793 vere
1427 750 1483 794 et
1519 742 1688 796 libere
1725 753 1778 798 te
1823 745 1961 798 allo-

383 835 639 893 queutem
681 826 902 895 deputa.
960 826 1095 880 Nam
1144 844 1243 884 nos
1299 831 1526 886 minime
1564 850 1850 889 versamur
1905 839 1957 891 in

381 919 631 982 dubium,
700 920 964 974 Joannem
1038 920 1395 993 Palatologum
1447 926 1542 978 tilti
1603 929 1656 980 in
1735 930 1959 997 imperio

383 1011 860 1079 prmdeccssorem,
884 1011 1105 1065 fratrem
1139 1021 1196 1066 et
1226 1029 1546 1081 germanum
1585 1025 1757 1082 tuum,
1792 1018 1834 1070 si
1870 1033 1962 1071 vo-

385 1105 598 1171 luisset,
631 1120 732 1174 pro
762 1104 885 1159 data
921 1105 1021 1160 sibi
1052 1121 1080 1158 a
1115 1105 1224 1160 Deo
1245 1107 1552 1174 prudentia,
1585 1109 1725 1164 hanc
1758 1126 1866 1164 rem
1893 1112 1958 1166 ad

383 1196 599 1268 felicem
632 1198 1159 1251 consummationem
1189 1197 1504 1268 perducere
1553 1201 1818 1269 potuisse.
1856 1200 1961 1258 Ve-

382 1296 688 1340 rumtamen
719 1303 840 1341 cum
877 1287 967 1342 ille
996 1289 1162 1343 nimis
1190 1290 1395 1360 cogitat
1425 1291 1568 1346 hanc
1597 1307 1711 1346 rem
1753 1303 1962 1362 tempo-

383 1379 480 1433 rali
550 1381 714 1434 statui
765 1395 866 1436 suo
939 1391 1219 1450 coaptare,
1274 1385 1341 1438 de
1409 1385 1590 1439 medio
1645 1387 1960 1441 subtractus

377 1480 483 1526 est.
515 1470 694 1524 Voluit
725 1471 907 1525 divina
941 1475 1283 1541 providentia
1342 1485 1391 1529 lc
1425 1492 1801 1533 successorem
1838 1479 1961 1544 eius

379 1564 452 1617 illi
507 1565 559 1618 in
626 1564 857 1634 imperio
926 1566 1245 1637 subrogare.
1316 1567 1626 1624 Ξθτοηίιοιῖ
1659 1586 1805 1626 nunc
1855 1583 1961 1628 tua:

378 1655 772 1722 providendum
812 1666 915 1719 est,
986 1673 1073 1722 ne,
1126 1673 1240 1711 rem
1295 1660 1504 1715 diutius
1564 1663 1957 1731 protrahenda,

375 1750 630 1805 elliciaris
664 1766 891 1804 consors
925 1762 1111 1805 reatus
1139 1759 1194 1806 et
1228 1767 1422 1820 pmnae.
1455 1752 1739 1810 Nescimus
1768 1758 1812 1810 si
1865 1758 1960 1811 do-

373 1844 509 1906 lose,
547 1844 590 1897 si
644 1843 896 1913 religiose
951 1844 1018 1898 de
1069 1844 1381 1899 Christiana
1439 1847 1701 1915 religione
1752 1851 1955 1920 cogita-
1987 1844 2031 1903 Β

374 1951 540 1990 mus:
574 1936 628 1987 in
664 1949 832 2003 regno
860 1933 1122 1987 cmlorum
1162 1934 1342 1990 locum
1389 1935 1504 1990 dari
1545 1952 1706 2006 posse
1752 1940 1819 1995 iis
1862 1942 1954 2009 qui

372 2042 400 2076 a
440 2023 733 2078 christiana
773 2026 981 2078 unitate
1014 2023 1363 2078 dissentiunt.
1400 2023 1533 2079 Nam
1571 2027 1638 2081 de
1671 2027 1816 2083 facto
1848 2031 1958 2098 pri-

374 2116 574 2179 mario,
627 2115 906 2184 quoddam
963 2116 1248 2170 exordium
1300 2117 1628 2172 Christianae
1679 2119 1957 2188 religioais

367 2218 454 2264 εει
485 2207 802 2278 Symbolum
839 2210 1113 2278 proliteri,
1147 2210 1200 2264 in
1252 2226 1358 2278 quo
1389 2226 1552 2265 unam
1608 2223 1854 2269 sanctam
1903 2226 1956 2272 et

370 2302 699 2356 catholicam
755 2302 1080 2356 conﬁtemur
1138 2301 1464 2370 Ecclesiam,
1526 2320 1646 2374 qua.
1711 2308 1956 2374 profecto

367 2409 475 2448 una
505 2409 626 2450 esse
656 2409 762 2448 non
799 2394 1018 2463 poterit,
1060 2394 1159 2448 nisi
1195 2396 1360 2450 unius
1405 2396 1570 2466 capiti
1605 2400 1790 2454 omnia
1837 2402 1956 2471 ejus

366 2490 613 2543 membra
646 2487 1038 2555 respondeant,
1062 2503 1170 2555 quo
1192 2489 1483 2557 dirigente,
1515 2499 1572 2544 et
1598 2492 1773 2547 vicem
1812 2493 1972 2561 illius.

366 2582 554 2635 :cterni
608 2579 890 2634 Pontificis
923 2579 1226 2647 obtinente,
1284 2583 1375 2650 qui
1431 2591 1624 2654 regnat
1671 2584 1724 2638 in
1775 2587 1952 2652 caelis,

366 2686 594 2726 necesse
623 2679 708 2725 est
737 2671 885 2725 illius
915 2675 1180 2736 membra,
1223 2673 1433 2743 mystici
1484 2678 1731 2745 corporis
1778 2693 1941 2732 mem-

368 2759 486 2822 bra,
521 2759 585 2811 ad
619 2773 714 2812 sua
747 2759 1049 2814 ministeria
1085 2774 1408 2816 moveantur
1437 2780 1450 2817 :
1485 2773 1543 2817 ut
1589 2769 1632 2819 si
1687 2779 1832 2822 recte
1865 2783 1957 2822 co-

371 2935 689 3005 προσθεῖναι
715 2936 994 3004 ἐϐούλετο,
1024 2939 1183 2993 οὐθὲν
1214 2941 1278 2993 ἂν
1313 2935 1382 3011 ἦν
1421 2943 1708 3012 ἐμποδὼν,
1769 2947 1843 3016 μὴ
1878 2948 1957 3010 είς

368 3029 525 3092 τέλος
560 3029 784 3098 εὐτυχὲς
811 3031 878 3084 τά
912 3031 1008 3099 τῆς
1059 3034 1342 3097 ἐνώσεως,ι
1386 3039 1775 3107 προχωρῆσαι.
1842 3039 1956 3093 Νῦν

366 3123 422 3174 δὲ
450 3123 564 3176 ἄλλ’
592 3124 708 3176 ἄττ’
729 3123 789 3175 ού
820 3123 1000 3186 καλῶς
1031 3127 1140 3177 αἰεὶ
1179 3129 1634 3196 προαιρούμενος,
1663 3135 1756 3185 καὶ
1792 3133 1956 3205 ἔργον

371 3216 517 3267 θεῖον
543 3215 810 3284 ἐπιθυμίᾳ
836 3217 1180 3284 πραγμάτων
1205 3218 1522 3283 πολιτικῶν,
1598 3224 1802 3292 μᾶλλον
1861 3225 1954 3278 τοῦ

367 3309 582 3368 δέοντος
605 3305 1063 3374 φιλοτιμούμενος
1114 3309 1450 3376 ἐφαρμόσαι,
1479 3313 1735 3386 ἐπίχειρα
1757 3332 1956 3385 προτι-

370 3400 573 3468 ρέσεως
608 3398 707 3452 οὐκ
738 3400 950 3470 ἀγαθῆς
983 3404 1373 3472 καταστροφὴν
1406 3406 1498 3457 τοῦ
1532 3405 1648 3474 βίου
1683 3407 1952 3476 λαμϐάνει

369 3494 524 3561 παρὰ
567 3493 726 3558 Θεοῦ,
791 3493 858 3546 ἵν’
907 3493 1070 3557 αὐτὸς
1133 3495 1232 3571 μὲν
1289 3496 1483 3550 θᾶττον
1541 3499 1790 3552 ἐκποδὼν
1842 3505 1954 3564 τοῖς

370 3585 664 3654 πράγμασι
699 3585 944 3656 γένῃται,
981 3587 1170 3657 ἔτερος
1196 3589 1253 3641 δέ
1291 3607 1375 3651 τις
1403 3590 1514 3642 τῶν
1543 3589 1705 3644 θείων
1759 3609 1953 3662 προαι-

371 3677 732 3745 ρετικὼτερος
756 3678 855 3744 τήν
913 3692 973 3729 τε
1009 3678 1184 3746 ἀρχὴν
1226 3677 1545 3752 παραλάϐῃ,
1579 3681 1674 3733 καὶ
1720 3680 1838 3749 ἅμα
1884 3681 1951 3734 τὰ

364 3768 443 3837 τῷ
471 3768 590 3838 Θεῷ
614 3769 875 3822 δοκοῦντα
908 3769 1233 3842 ύπουργήσῃ
1267 3770 1452 3836 εὐθύς.
1480 3773 1573 3825 Διδ
1615 3774 1673 3826 σὲ
1703 3773 1768 3844 δὴ
1803 3776 1952 3842 γένει

368 3863 467 3930 μὲν
497 3861 724 3931 ἀδελφὸν
759 3863 887 3916 ὄντα
921 3863 1158 3930 ἐκείνου,
1209 3866 1380 3935 ἀρετῇ
1430 3865 1486 3918 δὲ
1544 3866 1727 3938 πολλῷ
1780 3868 1952 3922 πλείω
2003 3911 2006 3914 .

363 3955 714 4022 διαφέροντα,
745 3956 778 4024 ἡ
806 3955 873 4007 τὰ
898 3955 1077 4007 πάντα
1125 3955 1406 4009 διοικοῦσα
1441 3958 1670 4026 πρόνοια
1721 3960 1798 4020 είς
1851 3960 1951 4030 τὴν

365 4046 538 4114 αὐτὴν
567 4045 742 4115 ἀρχὴν
769 4046 1055 4114 ἀγαγοῦσα
1095 4046 1446 4117 καθίστησιν,
1494 4049 1582 4104 ἵνα
1641 4049 1749 4103 τῶν
1786 4051 1950 4104 θείων

365 4137 712 4205 πραγμάτων
741 4137 1014 4207 ἀμελῆται
1045 4137 1235 4208 μηδὲν,
1273 4141 1336 4191 ἐκ
1368 4140 1646 4211 μηδεμιᾶς
1674 4142 1786 4195 τῶν
1821 4144 1948 4211 περὶ

363 4229 457 4281 τὸν
480 4228 821 4298 ἀνθρώπινον
850 4231 1061 4283 τουτονὶ
1119 4231 1235 4298 βίον
1269 4233 1598 4300 προφάσεως
1628 4251 1641 4264 °
1695 4235 1819 4288 ὅθεν
1881 4236 1947 4304 σὴ

366 4321 460 4371 καὶ
492 4322 731 4374 σκεπτέα
766 4339 850 4375 σοι
896 4323 992 4374 νῦν
1053 4324 1194 4388 ἐστι,
1252 4325 1346 4376 καὶ
1411 4326 1719 4396 προνοητέα
1769 4326 1945 4381 σθένει

367 4411 548 4475 παντὶ,
573 4413 721 4474 ὅπως
750 4414 823 4481 μὴ
857 4415 950 4466 καὶ
983 4414 1048 4466 σὺ
1081 4416 1245 4468 πάλιν
1266 4416 1372 4468 τῶν
1396 4417 1598 4482 αὐτῶν,
1636 4417 1780 4472 ἑκῶν
1812 4420 1944 4488 ἀμε-

2068 567 2332 631 viventcs,
2363 576 2542 622 tamen
2578 569 2816 639 propriis
2867 571 3108 639 regibus,
3149 571 3309 625 etiam
3355 573 3644 642 imperato-

2064 657 2215 712 ribus
2244 659 2566 723 servientes,
2605 676 2775 715 unum
2813 677 2918 715 non
2959 677 3085 716 esse
3142 665 3421 732 permittet
3469 665 3642 734 impe-

2064 749 2231 804 rium.
2263 749 2635 808 Intelleximus
2657 753 2805 808 enim
2829 752 3034 810 diversi
3060 763 3236 809 status
3269 755 3484 825 imperii
3520 757 3642 811 inde

2064 843 2280 912 prodire
2307 843 2597 912 rationem,
2647 847 2792 914 quod
2833 846 3004 900 divisa
3036 848 3209 917 capita
3241 848 3341 902 sibi
3381 863 3485 902 non
3515 850 3642 902 suh-

2063 930 2338 1004 ordinata,
2426 938 2520 991 sed
2578 939 2732 1005 quasi
2786 937 2854 992 de
2924 947 3192 1007 potestate
3230 940 3637 1004 contendentia,

2064 1041 2234 1079 unum
2265 1041 2388 1080 esse
2425 1042 2530 1080 non
2569 1028 2852 1097 patiuntur
2886 1030 3194 1098 imperimn.
3233 1030 3310 1083 Ex
3352 1045 3460 1098 quo
3490 1029 3639 1084 facil-

2061 1118 2193 1172 lime
2243 1117 2406 1172 datur
2459 1120 2710 1189 intelligi.
2761 1136 2925 1174 unam
2977 1136 3082 1174 non
3135 1136 3294 1190 posse
3345 1120 3636 1175 Ecclesiarn

2063 1213 2258 1268 conﬁci
2299 1228 2364 1266 ex
2419 1213 2484 1265 iis
2533 1214 2625 1282 qui
2689 1215 2781 1268 uni
2855 1213 3020 1283 capiti
3093 1213 3318 1268 subesse
3363 1221 3633 1268 recusant.

2062 1303 2174 1359 Nec
2205 1304 2403 1374 alipiid
2437 1315 2543 1369 est,
2579 1305 2723 1375 quod
2757 1307 2827 1358 ita
2860 1307 3144 1359 evidenter
3169 1305 3250 1358 vel
3299 1304 3530 1374 politicae
3555 1303 3636 1358 vel

2063 1395 2276 1463 imperii
2311 1387 2505 1465 arguat
2554 1397 2844 1460 unitatem,
2878 1411 3039 1466 quam
3087 1397 3231 1466 quod
3277 1396 3458 1451 unitas
3489 1396 3639 1466 prin-

2061 1488 2297 1557 Cipalus.
2327 1487 2438 1542 Nec
2463 1491 2624 1543 unica
2663 1490 2858 1554 forma,
2889 1490 2971 1544 vel
3025 1490 3147 1546 ﬁnis
3201 1486 3418 1543 unionis
3450 1489 3638 1544 divisis

2063 1581 2462 1651 principatibus
2495 1589 2726 1650 possunt
2761 1597 2885 1636 esse
2927 1583 3260 1635 communia.
3293 1580 3517 1635 Unionis
3547 1595 3638 1632 auo

2061 1680 2170 1728 tem
2204 1683 2383 1727 motor
2411 1673 2670 1736 eﬂiciens,
2701 1674 2781 1727 vel
2811 1674 3005 1728 ductor
3032 1689 3323 1742 supremus
3353 1689 3417 1727 ex
3453 1686 3641 1746 neces-

2063 1767 2220 1820 sitate
2260 1767 2483 1820 unicum
2522 1767 2701 1836 arguit
2747 1767 3153 1836 principatum;
3181 1783 3310 1838 ergo
3339 1770 3518 1823 omnis
3545 1765 3634 1837 qui

2061 1874 2225 1912 unam
2255 1859 2552 1913 confitetur
2583 1857 2904 1925 Ecclesiam,
2952 1876 3074 1930 quae
3107 1861 3163 1914 in
3205 1870 3316 1917 toto
3351 1862 3486 1917 orbe
3530 1861 3636 1916 dif-

2059 1945 2178 2000 fusa
2225 1955 2335 2012 est,
2368 1955 2585 2016 oportet
2624 1957 2684 2002 ut
2735 1965 2904 2002 unum
2953 1959 3218 2018 agnoscat
3267 1961 3430 2021 caput
3475 1953 3638 2006 totius
3727 1999 3732 2004 .

2060 2039 2351 2094 militantis
2388 2038 2670 2103 Ecclesiae,
2733 2041 2821 2096 cui
2857 2056 3049 2111 parere
3090 2051 3144 2098 et
3194 2043 3415 2099 obedire
3450 2053 3635 2098 tcnea-
3698 2103 3709 2113 ,

2061 2141 2170 2186 tur.
2200 2131 2359 2186 Illum
2389 2147 2791 2202 recognoscens
2819 2135 2983 2188 etiam
3015 2134 3294 2199 Pontiﬁcis
3321 2135 3446 2190 Jesu
3475 2135 3636 2190 Chri-

2059 2221 2124 2275 sti
2161 2219 2375 2276 Domini
2405 2222 2584 2277 nostri
2616 2223 2790 2279 vicem
2822 2233 3007 2281 tenere
3051 2225 3103 2280 in
3137 2229 3314 2291 terris,
3342 2236 3396 2282 et
3423 2227 3508 2281 cui
3545 2243 3634 2298 pa.

2060 2328 2180 2368 rere
2214 2329 2439 2369 necesse
2472 2315 2563 2369 sit.

2132 2407 2274 2477 Ergo
2304 2408 2396 2478 qui
2433 2409 2547 2463 vult
2585 2425 2710 2466 vere
2738 2410 3048 2482 Symbolum
3098 2420 3152 2467 ct
3180 2427 3340 2468 unam
3391 2422 3630 2469 sanctam

2062 2495 2359 2550 Ecclesiam
2412 2499 2737 2554 catholicam
2780 2501 3046 2571 proﬁteri,
3090 2511 3274 2558 teneat
3313 2519 3480 2558 unum
3514 2519 3632 2560 esse

2059 2598 2223 2659 caput
2252 2589 2512 2644 Ecclesia!
2559 2592 2872 2658 militantis,
2905 2595 2992 2651 cui
3022 2597 3247 2653 obedire
3285 2613 3508 2654 necesse
3539 2598 3630 2652 sit.

2057 2683 2169 2738 Nec
2187 2699 2426 2753 unquam
2462 2685 2515 2739 in
2541 2683 2633 2741 Dei
2667 2686 2906 2742 Ecclesia
2940 2689 3233 2744 schismata
3257 2695 3631 2752 surrexerunt,

2061 2777 2164 2830 nisi
2204 2792 2270 2831 ex
2301 2777 2386 2832 his
2439 2778 2533 2846 qui
2566 2779 2693 2833 huic
2725 2780 2889 2850 capiti
2921 2780 3146 2838 subesse
3182 2783 3490 2839 noluerunt.
3531 2784 3631 2840 Eb

2059 2939 2151 2990 ἐπὶ
2177 2938 2238 2991 τὸ
2271 2938 2474 2991 οἰκεῖον
2501 2938 2786 3005 κινήσεται
2810 2938 2990 3008 ἔργον.
3023 2941 3132 2995 Καὶ
3165 2941 3265 3011 μὲν
3301 2941 3364 3014 δὴ
3416 2943 3632 2996 πόλεσιν

2058 3029 2208 3081 δυοῖν
2236 3027 2284 3080 τ’
2314 3029 2453 3083 ἄλλα
2489 3029 2592 3089 μὲν
2625 3027 2881 3098 ἐχούσαιν
2902 3029 3128 3095 ὁμοίως,
3160 3031 3386 3101 ἄρχοντι
3438 3031 3494 3086 δὲ
3555 3034 3630 3103 μὴ

2060 3120 2248 3174 οὔσαιν
2278 3121 2353 3191 τῷ
2403 3121 2554 3190 αύτῷ
2593 3121 2878 3190 ύπηκόοιν.
2923 3123 3099 3177 αῖτιον
3140 3123 3233 3176 τοῦ
3275 3120 3406 3191 μίαν
3449 3126 3631 3192 γίγνε-

2009 3221 2029 3240 ¹
2063 3213 2186 3265 σθαι
2223 3214 2529 3282 ἡγεμονίαν
2551 3214 2735 3284 ἥκιστ’
2759 3215 2989 3280 ἐθέλειν,
3024 3217 3183 3269 οὐθὲν
3227 3218 3355 3272 ἄλλο
3385 3221 3630 3286 φαίνεται

2064 3303 2360 3356 σκοποῦσιν
2388 3305 2587 3374 ὀρθῶς,
2625 3306 2656 3376 ἢ
2684 3307 2794 3360 τῶν
2821 3306 2886 3359 τά
2911 3307 3152 3377 ἄρχοντα
3184 3308 3279 3361 δύο
3337 3309 3487 3374 ὄντα,
3536 3310 3630 3362 καὶ

2063 3396 2362 3465 μηδέτερον
2419 3395 2634 3467 θατέρῳ
2685 3399 2949 3466 ὑπήκοον,
3025 3399 3159 3453 ἀλλὰ
3219 3400 3470 3471 ἀλλήλοιν
3522 3401 3630 3454 τῶν

2059 3487 2345 3554 πρωτείων
2381 3488 2783 3557 ἀμιλλομένων,
2819 3489 2950 3559 μίαν
2981 3490 3080 3543 ούκ
3107 3491 3171 3562 ἐᾷ
3191 3491 3470 3559 γίγνεσθαι
3502 3493 3630 3561 ἠγε-

2060 3582 2255 3651 μονίαν
2286 3580 2394 3632 τῶν
2421 3580 2581 3636 ὅλων.
2609 3578 2822 3633 υῦκουν
2857 3582 2916 3635 οὐ
2947 3583 3002 3635 δὲ
3033 3586 3370 3652 χριστιανοῖς
3403 3579 3516 3637 οἷόν
3567 3601 3628 3636 τε

2060 3673 2192 3743 μίαν
2213 3674 2343 3725 ποτὲ
2377 3673 2680 3742 ἐκκλησίαν
2741 3675 2934 3742 στῆναι
2982 3677 3044 3727 ἐκ
3095 3675 3206 3728 τῶν
3269 3677 3442 3745 μηθὲν
3488 3679 3628 3743 σφᾶς

2057 3767 2257 3830 αὐτοὺς
2283 3768 2506 3820 τάσσειν
2540 3762 2632 3835 ὕφ’
2661 3766 2758 3819 ἕνα
2796 3768 3034 3836 ἄρχοντα
3063 3767 3357 3822 ἐθελόντων
3391 3785 3406 3801 ·
3439 3769 3499 3822 οὐ
3521 3771 3628 3840 γὰρ

2055 3857 2202 3909 ἔστιν
2219 3858 2300 3910 ὅτι
2321 3856 2598 3909 πολιτείαν
2610 3857 2800 3927 ἥντινα
2819 3854 2913 3910 οῦν
2928 3857 3055 3925 μίαν
3073 3856 3166 3908 καὶ
3183 3857 3488 3928 ἀδιαίρετον
3499 3859 3630 3911 ἀπο.

2055 3947 2308 4016 φαίνεται
2349 3948 2572 4017 μᾶλλον,
2617 3955 2739 4011 τοῦ,
2773 3947 2914 4000 τὸὲν
2949 3943 3089 4001 εἶναι
3115 3948 3176 4001 τὸ
3206 3949 3395 4020 κύριον
3427 3949 3629 4018 Ἀρχῆς

2056 4041 2156 4108 μὲν
2189 4039 2300 4107 γὲρ
2318 4038 2554 4107 σχῆμαῆ
2594 4038 2744 4110 τέλος
2778 4032 2858 4101 ἓν,
2887 4040 2988 4091 οὐκ
3023 4039 3286 4093 πλειόνων
3306 4041 3511 4110 κυρίων
3537 4043 3626 4107 γές

2052 4130 2186 4183 νοντ’
2225 4133 2314 4196 ἂν,
2345 4130 2404 4182 ἓν
2431 4131 2487 4183 δὲ
2533 4132 2806 4201 κινήσεως
2864 4133 3150 4203 ποιητικὸν
3195 4133 3388 4196 αίτιον,
3451 4133 3628 4185 εῐτονν

2053 4221 2282 4291 πρώτως
2315 4222 2674 4276 διατακτικον
2707 4223 2802 4274 καὶ
2838 4223 3144 4277 διθυντικδν
3171 4222 3268 4276 τοῦ
3323 4211 3512 4289 αύτοῦ,
3568 4225 3627 4276 ἓν

2049 4316 2110 4367 τὺ
2143 4315 2334 4386 κύριον
2364 4314 2425 4379 ἐξ
2445 4316 2695 4384 ἀνάγκης
2726 4316 3101 4370 ἀποδεικνύει.
3133 4315 3235 4367 Τὸν
3261 4316 3441 4368 τοίνυν
3501 4318 3623 4370 Ἑκο

2051 4409 2282 4479 κλησίαν
2311 4409 2680 4480 ὁμολογοῦντα
2719 4411 2869 4478 μίαν,
2905 4411 3004 4480 τὴν
3036 4411 3114 4473 εἰς
3149 4412 3328 4464 πάντα
3365 4410 3505 4479 μέρη
3527 4412 3624 4479 τῆς

363 4503 557 4572 λήσας,
598 4505 694 4555 καὶ
728 4503 807 4572 μὴ’
856 4504 1035 4565 καλῶς
1072 4506 1149 4576 τῷ
1203 4507 1331 4576 θείῳ
1381 4509 1736 4578 ὑπουργικῶς
1794 4512 1944 4581 θελή.
1978 4515 2022 4570 ι)
2047 4502 2375 4574 οἰκουμένης
2398 4501 3001 4573 προϐιϐασθεῖσαν.ἓνα
3017 4504 3080 4572 δὴ
3109 4505 3316 4569 καὶτῆς
3344 4504 3470 4571 ὅλης
3507 4504 3625 4556 Ἐκ-

367 4610 520 4659 ματι,
572 4594 828 4655 κοινωνὸς
860 4595 908 4644 τ’
935 4594 1149 4664 ἁδελφῷ
1185 4598 1396 4670 γενήσῃ
1448 4599 1559 4650 τῶν
1589 4599 1722 4652 ἴσων
1752 4601 1948 4671 ἀδικη-

369 4688 558 4753 μάτων
593 4686 687 4737 καὶ
707 4687 1012 4754 τιμωριῶν,
1049 4686 1122 4750 ὡς
1153 4688 1322 4752 εἰκὸς,
1370 4690 1480 4742 τῶν
1521 4690 1720 4745 αὐτῶν.
1761 4693 1838 4747 Οὐ
1873 4694 1946 4763 μὴ

269 4801 298 4845 ῇα
367 4783 475 4849 γὰρ
511 4779 740 4842 δίκαιον,
769 4779 830 4830 ού
855 4779 910 4831 δὲ
941 4779 1088 4832 ὅσιον
1138 4778 1171 4848 ἢ
1211 4780 1338 4842 τοὺς
1382 4782 1457 4851 μὴ
1500 4782 1600 4851 τὴν
1645 4783 1754 4837 τῶν
1815 4784 1948 4853 Χρι-

369 4872 600 4925 στιανῶν
633 4870 830 4924 ἕνωσιν
877 4872 973 4923 καὶ
1017 4871 1275 4940 ὁμόνοιαν
1341 4873 1809 4943 ὑποδεχουμένους
1851 4876 1947 4931 καὶ

277 4951 296 5028 ᾗ
363 4965 715 5033 πράσσοντας
742 4963 940 5032 μοίρας
961 4960 1029 5014 ἂν
1067 4961 1280 5015 οἴεσθαι
1327 4967 1514 5032 τυχεῖν
1543 4965 1642 5035 τῆς
1699 4967 1946 5037 οὐρανῶν

266 5053 288 5115 ξ’
367 5053 726 5124 βασιλείας,ῆ
769 5055 996 5124 χάριτος
1038 5053 1369 5124 ἡστινοσοῦν
1427 5058 1580 5127 παρὰ
1633 5056 1728 5110 τοῦ
1784 5059 1939 5112 Θεοῦ.

369 5145 525 5199 Ἵίστι
557 5147 664 5215 γὰρ
730 5146 804 5208 ὡς
850 5145 1066 5216 ἀληθῶς
1111 5148 1209 5215 τῆς
1258 5147 1602 5218 Χριστιανῶν
1658 5151 1944 5213 εὐσεϐείας

362 5237 552 5307 ὥσπερ
601 5255 652 5289 τι
683 5238 965 5304 προοίμιον
999 5240 1031 5307 ἡ
1063 5239 1156 5292 τοῦ
1186 5240 1332 5309 ἱεροῦ
1365 5240 1636 5308 συμϐόλου
1659 5243 1940 5310 ὁμολογία,

363 5325 481 5396 ὲνῷ
501 5331 630 5401 μίαν
662 5323 1032 5400 ὁμολογοῦμεν
1063 5332 1225 5396 ἁγίαν
1258 5333 1352 5384 καὶ
1383 5333 1676 5403 καθολικὴν
1713 5335 1944 5406 Ἐκκλη-

363 5421 508 5475 σίαν.
543 5421 760 5490 Ταύτην
793 5422 850 5476 δὲ
879 5423 1010 5490 μίαν
1047 5423 1317 5492 ὑπάρχειν
1351 5425 1448 5493 οὐχ
1487 5421 1596 5476 οἷόν
1644 5443 1724 5489 τε,
1765 5428 1832 5480 ἂν
1869 5430 1942 5498 μὴ

359 5515 428 5567 τὰ
461 5515 756 5582 σύμπαντα
785 5513 958 5583 αὐτῆς
995 5515 1137 5582 μέρη
1182 5516 1288 5568 ὑπὸ
1324 5517 1455 5583 μίαν
1491 5519 1733 5589 τυγχάνῃ
1775 5537 1944 5589 κεφα-

358 5602 642 5674 λὴνδντα.
731 5609 810 5669 Hc
889 5608 998 5676 ἄρα
1058 5608 1234 5670 ἄλλως
1287 5607 1576 5679 ὁρθούσης,
1637 5612 1940 5681 ίθυνούσης,

360 5696 456 5746 καὶ
486 5697 608 5747 ἀντὶ
642 5695 877 5762 Χριστοῦ
903 5695 996 5747 τοῦ
1040 5696 1212 5748 ἀϊδίου
1245 5697 1552 5767 ἀρχιερέως
1603 5700 1941 5769 προΐσταμὲέ

361 5797 476 5853 νης,
505 5786 868 5839 ἕκαστοντῶν
923 5789 1016 5839 τοῦ
1083 5789 1348 5857 μυστικοῦ
1417 5787 1668 5859 σώματος
1734 5792 1942 5864 μορὲων

2051 4593 2283 4662 κλησίας
2313 4591 2552 4662 ἄρχοντα
2588 4591 2832 4645 τίθεσθαι
2858 4592 2958 4656 δεῖ,
2999 4584 3042 4659 ᾧ
3077 4593 3398 4659 πειθόμενος
3445 4595 3624 4648 πάντα

2049 4688 2140 4738 τὸν
2173 4685 2368 4756 χρόνον
2395 4675 2686 4750 διατελέοι,
2719 4683 2813 4736 ἅτε
2850 4683 2914 4751 δὴ
2939 4682 3033 4735 ἐπὶ
3064 4683 3169 4751 γῆς
3195 4683 3309 4735 ὄντι
3351 4683 3474 4737 ἀντ’
3523 4685 3623 4736 αὺ-

2049 4776 2142 4830 τοῦ
2186 4776 2281 4829 τοῦ
2309 4776 2529 4829 πάντων
2551 4777 2758 4846 Κυρῖου
2794 4772 2969 4842 Ἰησοῦ
3005 4774 3246 4846 Χριστοῦ
3306 4776 3400 4828 καὶ
3451 4777 3620 4829 ἁῖδίου

2048 4868 2375 4939 ἀρχιερέως,
2408 4861 2453 4936 ᾦ
2487 4870 2691 4932 πάντας
2717 4866 3019 4920 ὑπακούειν
3051 4868 3270 4938 ἀνάγκη
3310 4869 3485 4923 πᾶσα.

2119 4962 2212 5011 Δεῖ
2230 4959 2520 5029 τοιγαροῦν
2548 4961 2675 5021 τοὺς
2707 4960 2766 5013 τὸ
2801 4959 3072 5028 σύμϐολον
3107 4960 3202 5037 κα).
3229 4960 3361 5030 μίαν
3397 4959 3625 5029 Ἐκκλη-

2051 5053 2173 5105 σίαν
2204 5052 2489 5119 ὁμολογεῖν
2512 5051 2821 5117 ἀξιοῦντας,
2858 5051 2954 5104 ἕνα
2981 5053 3082 5121 τής
3134 5052 3262 5121 ὅλης
3299 5052 3624 5122 Ἐκκλησίας

2047 5143 2190 5198 εἶναι
2223 5146 2468 5214 ὑγεμόνα
2499 5145 2766 5216 νομίζειν,
2797 5138 2840 5212 ᾧ
2883 5145 3099 5209 πάντας
3130 5146 3427 5199 πείθεσθαι·
3456 5147 3624 5214 ἀναγ-

2047 5239 2204 5290 καῖον
2231 5239 2338 5308 εἴη.
2389 5238 2480 5300 Ὠς
2500 5239 2569 5290 τά
2612 5255 2673 5290 τε
2703 5239 2984 5308 σχίσματα
3013 5239 3187 5291 ὁπόσα
3211 5238 3275 5308 δὴ
3306 5240 3400 5291 καὶ
3431 5238 3621 5306 γέγονε

2047 5327 2270 5381 πώποτε
2304 5329 2435 5398 περὶ
2479 5326 2577 5397 τὴν
2605 5323 2743 5381 Θεοῦ
2793 5311 3145 5397 Ἐκκλησίαν,
3173 5328 3470 5396 οὐδαμόθεν
3521 5329 3620 5382 ἄλο

2044 5421 2201 5473 λοθεν
2237 5421 2378 5490 πλὴν
2415 5424 2569 5492 παρά
2589 5421 2699 5474 τῶν
2733 5421 2809 5492 μὴ
2836 5421 3178 5491 βουλομένων
3212 5423 3353 5490 σφᾶς
3387 5422 3623 5474 ὑποτάσ-

2049 5531 2164 5565 σειν
2193 5515 2274 5566 ἐνὶ
2301 5515 2534 5584 ἡγεμόνι
2564 5505 2794 5586 τοιούτῳ
2823 5514 3104 5588 εἰσερρύη.
3144 5515 3270 5578 Τοῖς
3299 5532 3358 5566 τε
3389 5515 3492 5580 ἔξω
3530 5531 3620 5567 ποι

2051 5605 2377 5674 φερομένοις
2405 5622 2466 5657 τε
2503 5605 2600 5658 καὶ
2631 5605 3048 5673 ἀφηνιάζουσιν.
3085 5605 3183 5658 οὐκ
3209 5605 3364 5658 ἔσται
3420 5603 3528 5656 οὐδ’
3587 5604 3620 5671 ἡ

2048 5697 2232 5748 τισοῦν
2268 5698 2512 5766 σωτηρία
2536 5714 2549 5727 ·
2586 5698 2783 5750 πολλοῦ
2812 5714 2873 5763 γε
2904 5699 2999 5751 καὶ
3057 5698 3157 5753 δεῖ.
3190 5698 3350 5751 Ὅσοι
3391 5697 3498 5765 γάρ
3541 5710 3622 5749 τοι

2048 5789 2104 5839 ἐν
2134 5791 2198 5858 τῇ
2243 5788 2436 5860 Νώχου
2478 5788 2709 5858 λάρνακι
2773 5789 2846 5859 μὴ
2905 5790 3432 5858 ἐγκατακλείσαντες
3496 5789 3619 5842 ἐαυ-
