4100 6420
350 372 485 439 Ῑξῖίιῧ
586 388 609 404 ⁸

342 582 477 652 Nee,
523 579 728 635 diluvio
758 578 984 641 interiit,
1033 585 1086 630 et
1119 577 1338 647 gravius
1386 575 1575 645 punita
1606 582 1734 629 sunt
1771 572 1916 627 schi-

343 684 517 728 suiata
578 686 739 741 quam
768 670 875 724 alia
907 683 1242 739 quacunque
1273 676 1510 745 peccata.
1545 664 1677 720 Nam
1728 664 1782 717 in
1808 663 1915 718 Co-

286 776 290 781 ’
343 782 420 831 re,
456 764 664 819 Datban
727 771 781 816 et
811 761 1037 821 Abiron.
1069 761 1160 830 qui
1206 759 1442 815 schisma
1472 758 1525 813 in
1574 757 1670 812 Dei
1721 753 1917 825 populo

244 882 245 885 η
345 857 518 911 moliti
571 864 721 917 sunt.
750 853 970 926 gravius
1022 863 1076 907 et
1116 844 1362 908 severius
1390 850 1629 920 legimus
1672 848 1918 902 vindica-

342 959 455 1005 tum
528 964 690 1018 quam
723 962 846 1003 cum
880 946 946 999 iis
974 945 1067 1013 qui
1100 943 1459 999 idololatriam
1507 938 1916 995 commiserunt.

413 1040 571 1096 Nunc
600 1056 753 1109 ergo,
784 1037 1129 1094 serenissime
1162 1034 1434 1104 princeps,
1470 1032 1683 1087 intuere
1717 1038 1916 1083 statum

343 1131 693 1203 pmsentium
726 1138 1051 1199 temporum,
1085 1134 1140 1179 et
1187 1123 1561 1177 animadverte
1608 1118 1915 1188 diligenter,

344 1240 454 1294 quo
485 1229 647 1293 pacto
683 1219 799 1279 ﬁeri
831 1218 1031 1287 potuit,
1066 1223 1126 1269 ut
1173 1213 1354 1269 divina
1417 1209 1760 1282 providentia
1793 1217 1914 1262 tan-

345 1327 454 1372 tam
504 1315 781 1369 nationem
825 1312 926 1365 sub
969 1321 1077 1362 uno
1125 1309 1475 1374 imperatore,
1525 1310 1636 1356 tam
1685 1299 1919 1356 effusum

347 1408 583 1463 habente
627 1403 936 1471 imperium,
989 1411 1109 1468 quae
1146 1398 1276 1453 olim
1325 1392 1623 1449 abundavit
1669 1393 1937 1447 innutnem

348 1499 609 1554 rabilibus
640 1491 1005 1551 sanctissimis
1058 1498 1111 1544 et
1145 1489 1479 1544 doctissimis
1509 1486 1658 1552 viris,
1690 1485 1747 1539 in
1777 1500 1919 1555 pra-

347 1592 645 1647 sentiaruin
677 1586 744 1640 ad
777 1585 829 1640 id
856 1584 1089 1638 miseriae
1120 1581 1377 1636 devenire
1408 1578 1736 1648 permiserit,
1763 1587 1824 1632 ut
1849 1577 1920 1631 sit

976 371 1290 443 NICOLAI
1326 373 1368 431 V
1433 368 1674 431 EPIST.
1719 370 1815 429 AD
1841 368 2449 430 CONSTANTINUM
2495 370 2927 431 PALJiOlOG.

344 501 424 544 tra
455 485 749 544 Ecclesium
783 499 889 540 non
922 493 1004 539 est
1038 486 1184 540 Salus
1209 498 1225 541 ε
1255 485 1347 553 qui
1380 498 1488 537 non
1522 482 1622 536 fuit
1674 481 1727 536 in
1777 495 1905 535 arca
1935 487 1978 543 Α
2011 482 2175 553 hique
2212 472 2538 550 peculiaris,

3457 367 3478 431 Ι
3489 368 3595 430 €86

2625 483 2776 553 grari
2836 480 3152 552 captivitate
3222 480 3409 549 punita
3490 484 3593 536 est;

2021 573 2225 639 Primo,
2258 581 2479 643 propter
2515 573 2877 629 idololatriam
2930 588 2959 627 a
2991 572 3210 642 regibus
3250 570 3596 642 Assyriorum

2020 664 2210 721 decem
2263 666 2439 720 tribus
2488 666 2546 720 in
2592 666 2819 722 Mediam
2872 666 3149 721 translata:
3193 674 3354 729 sunt;
3402 663 3599 717 deinde

2022 772 2203 829 regem
2238 755 2376 811 Juda
2429 772 2553 813 cum
2586 757 2794 813 duabus
2846 755 3082 811 residuis
3135 755 3384 810 tribubus
3439 767 3597 823 rcges

2021 847 2400 903 Chaldzeorum
2432 848 2487 900 in
2537 847 2865 918 Babylonem
2915 848 3213 910 deduxere,
3247 861 3384 915 qua:
3422 857 3599 913 usque

2022 940 2088 993 ad
2121 940 2461 1009 septuaginta
2490 953 2664 994 annos
2693 940 2744 991 iu
2771 940 3083 1008 captivitate
3128 945 3466 993 manserunt.
3503 935 3600 1009 Se-

2021 1004 2224 1092 cundo,
2298 1004 2523 1099 propter
2566 1004 2910 1097 sacrilegium
2963 1030 3104 1095 quod
3152 1028 3207 1081 in
3257 1027 3350 1082 Dei
3401 1004 3594 1079 Filium

2022 1122 2365 1176 incarnatum
2394 1120 2811 1185 commiserunt,
2860 1135 2982 1175 cum
3022 1137 3052 1174 a
3095 1120 3435 1191 principibus
3477 1117 3591 1170 Ro-

2023 1213 2198 1267 manis
2244 1209 2581 1280 Vespasiano
2611 1223 2663 1266 et
2709 1213 2853 1274 Tito,
2903 1210 3276 1277 Hierosolyma
3335 1210 3596 1264 subversa

1990 1310 2124 1367 .est,
2158 1310 2213 1354 et
2260 1302 2442 1355 omnis
2502 1303 2649 1372 regio
2700 1301 2885 1356 Judtea
2922 1304 2975 1354 in
3010 1298 3381 1353 Romanorum
3436 1295 3600 1349 ditio-

2020 1408 2145 1448 nem
2188 1394 2449 1447 transluta
2491 1405 2600 1458 εει,
2650 1394 2723 1446 ita
2761 1401 2818 1445 ut
2849 1392 3055 1445 nationi
3093 1390 3192 1454 illi,
3218 1384 3460 1446 universi
3508 1403 3598 1441 or-

2023 1484 2104 1539 bis
2137 1501 2312 1556 usque
2347 1486 2398 1540 in
2433 1486 2576 1539 hunc
2622 1487 2763 1539 diem
2815 1484 3068 1553 exsilium
3103 1482 3455 1538 ceucedatur.

2095 1574 2161 1630 Et
2182 1577 2295 1632 haec
2323 1578 2386 1632 de
2405 1575 2665 1632 Heln-teis.
2684 1576 2897 1631 Graecos
2916 1586 3120 1636 autem,
3138 1585 3420 1644 postquam
3443 1573 3600 1626 (idem

347 1678 651 1735 miserrima
698 1675 941 1729 omnium
1006 1670 1294 1742 gentium;
1335 1668 1478 1738 quod
1532 1665 1772 1736 profecto
1809 1674 1916 1719 tam
1948 1709 1975 1727 ,
2022 1669 2345 1723 catholicam
2364 1683 2792 1738 suscepere,nec
2814 1669 2879 1724 ad
2902 1667 3260 1723 idololatriam
3305 1666 3607 1722 declinasse

347 1774 573 1830 evidens
635 1779 719 1825 est
779 1778 833 1821 ut
899 1765 1081 1835 negari
1132 1779 1243 1817 non
1290 1762 1481 1832 possit.
1550 1759 1916 1831 Inttlligemus

348 1863 616 1936 proiecto.
651 1872 905 1925 magnum
946 1871 1067 1911 esse
1101 1855 1202 1909 hoc
1229 1853 1495 1921 sacrilegii
1549 1867 1743 1922 genus,
1774 1849 1918 1919 quod

348 1958 586 2010 divinam
634 1949 976 2006 clementiam
1023 1946 1077 1999 in
1128 1952 1334 1998 tantam
1414 1943 1549 1997 iram
1592 1939 1923 2012 indignatio-

352 2062 583 2116 nemque
622 2042 933 2099 concitarit.
977 2038 1043 2093 Et
1089 2037 1214 2108 quia
1260 2035 1610 2090 vehementer
1650 2033 1921 2102 angimur,

350 2139 611 2196 Graeciam
648 2147 862 2189 omnem
899 2146 963 2184 co
1000 2132 1337 2200 pervenisse,
1368 2137 1429 2179 ut
1460 2125 1574 2180 fere
1608 2131 1774 2177 totam
1822 2121 1937 2175 ini-'

351 2231 509 2286 micis
544 2227 723 2283 crucis
752 2221 959 2280 Christi
1007 2235 1198 2292 parere
1242 2232 1465 2272 necesse
1510 2214 1604 2270 sit.
1638 2212 1925 2269 Credimus

351 2340 439 2389 ea,
468 2336 589 2391 qua:
617 2318 871 2377 dicimus,
912 2314 985 2367 ita
1039 2310 1322 2370 saeuitati
1377 2318 1481 2362 tua:
1527 2321 1649 2362 esse
1702 2314 1840 2367 nota,
1870 2313 1926 2356 ut

354 2412 571 2468 notiora
605 2408 719 2464 fieri
746 2421 855 2461 non
885 2403 1114 2475 possint.
1140 2400 1391 2472 Magnum
1417 2408 1501 2453 est
1539 2399 1663 2455 hoc.
1695 2407 1749 2449 et
1774 2393 1928 2448 valde

353 2519 608 2576 magnum
656 2500 1014 2557 demeritum:
1067 2496 1211 2566 quod
1261 2494 1446 2548 divino
1504 2491 1708 2562 ju-h‘cio
1769 2496 1928 2541 tautae

353 2596 585 2661 nationi,
620 2605 729 2651 tam
755 2591 1050 2662 praclaraa,
1077 2596 1184 2643 tam
1211 2585 1484 2657 gloriosae.
1519 2595 1624 2636 tam
1646 2583 1924 2639 diuturna,

357 2703 464 2747 tam
507 2688 688 2758 gravis
731 2682 1020 2755 captivitas
1068 2678 1268 2748 injecta
1315 2677 1406 2732 sit.
1452 2674 1595 2743 Ergo
1634 2672 1928 2740 aliquando

355 2781 705 2853 cogitandum
735 2785 838 2838 est,
870 2785 1118 2841 quamam
1150 2768 1389 2838 potuerit
1418 2779 1537 2820 esse
1563 2760 1927 2832 eausa_digna

356 2876 550 2931 horum
582 2870 871 2927 malorum.
902 2863 1131 2934 Propter
1155 2863 1263 2918 duo
1290 2858 1434 2915 enim
1458 2855 1692 2911 maxima
1712 2863 1928 2924 peccata

359 2980 492 3033 gens
525 2962 771 3038 Hebraea,
807 2971 928 3028 qurc
961 2933 1082 3009 erat
1110 2950 1342 3022 populus
1371 2962 1398 2999 a
1429 2933 1539 2998 Deo
1582 2944 1808 3001 electus,
1853 2938 1929 2993 si-

356 3141 485 3201 τοὺς
538 3131 966 3190 διασεσώκασιν.
1035 3121 1182 3179 οὗτοι
1242 3120 1399 3175 ὕδασι
1464 3110 1933 3173 κατακλυσθέντες

359 3231 642 3287 ἀπώλοντο
674 3226 894 3287 πάντες,
928 3221 1024 3275 καὶ
1055 3216 1437 3290 χαλεπώτερον
1471 3212 1530 3265 δέ
1588 3210 1657 3263 τὰ
1707 3208 1937 3261 τοιαῦτα

362 3321 641 3391 σχίσματα
676 3312 896 3374 κολάζει
925 3311 1080 3370 Θεὸς.
1105 3308 1140 3376 ἢ
1171 3307 1349 3359 ὁτιοῦν
1379 3305 1488 3357 τῶν
1522 3303 1700 3357 ἄλλων
1756 3299 1939 3367 ἁμαρ-

360 3387 643 3484 τημάτων.
678 3404 851 3474 Δῆλον
906 3401 1015 3469 γὰρ
1057 3401 1139 3453 ὅτι
1170 3399 1297 3459 τοὺς
1351 3396 1481 3463 περὶ
1536 3393 1738 3454 Δαθὰν,
1789 3387 1935 3458 Κορέ

363 3479 457 3559 καλ.
501 3495 761 3566 Ἀϐειρὼν
788 3493 993 3563 σχίσμα
1049 3488 1148 3541 καὶ
1199 3486 1391 3538 στάσιν
1443 3481 1818 3550 πεποιηκότας
1876 3479 1936 3528 ἐν

364 3596 442 3664 τῷ
468 3592 583 3662 λαῷ
608 3588 696 3643 τοῦ
719 3583 879 3650 Θεοῦ,
901 3579 1181 3654 χαλεπωτέ
1192 3595 1298 3649 ρως
1324 3573 1584 3641 ἐπεξῆλθε
1614 3571 1677 3625 τὸ
1712 3571 1854 3625 θεῖον
1903 3567 1935 3633 ἢ

364 3688 491 3748 τοὺς
522 3679 931 3747 είδωλολατρεῖν
958 3670 1441 3740 ἐπιϐαλλομένους.

441 3776 717 3845 Ἀθρησον
748 3768 866 3836 οῦν,
900 3761 946 3821 ὦ
976 3764 1345 3836 αὐτοκράτορ,
1367 3764 1468 3830 τὴν
1497 3757 1809 3829 παροῦσαν,
1861 3746 1938 3809 ὧν

367 3870 579 3940 ἄρχεις,
639 3864 832 3934 τύχην,
885 3859 978 3914 καὶ
1030 3857 1229 3927 σκέψαι
1292 3854 1431 3923 πρός
1494 3851 1631 3904 Θεοῦ
1666 3847 1937 3919 ἀκριϐῶς,

368 3939 481 4013 τίσι
513 3958 713 4028 δήποτε
739 3950 1136 4022 ἁμαρτήμασιν
1170 3947 1324 4006 ἔθνος
1346 3941 1671 4013 τηλικοῦτον
1702 3939 1794 4010 ὑφ’
1820 3939 1939 4002 ἐνὸς

368 4053 670 4123 ἀρχόμενον
699 4046 788 4100 ἀεὶ
828 4039 1260 4112 αὐτοκράτορος,
1324 4035 1540 4108 μυρίοις
1589 4036 1651 4086 τὸ
1706 4029 1941 4102 πρόσθεν

371 4140 665 4197 εὐσθενοῦν
685 4139 1003 4199 όσιωτάτοις
1039 4135 1134 4189 καὶ
1164 4132 1498 4201 σοφωτάτοις
1528 4129 1810 4198 ἀνδράσιν,
1861 4124 1942 4189 είς

369 4233 530 4288 τοῦτο
575 4229 999 4300 κακοεαιμονίας
1024 4225 1289 4295 ἐληλυθδς
1322 4221 1564 4292 περιεῖδε
1598 4219 1751 4284 Θεὸς,
1800 4216 1941 4270 ὥστε

371 4324 512 4379 εἶναι
569 4322 665 4376 νῦν
719 4322 937 4384 πάντων
992 4318 1163 4372 ἐθνῶν
1220 4312 1807 4383 κακοδαιμονέστατον.
1873 4309 1941 4360 Ἦ

371 4415 532 4484 δῆλον
566 4412 852 4467 δτι-ἐκεῖνο
887 4411 934 4463 τ’
967 4409 1274 4479 ἁμάρτημα
1318 4404 1599 4461 αἰτιᾶσθαι
1652 4400 1854 4474 χρεὼν,
1912 4399 1942 4452 ὃ

2025 1760 2288 1823 videmus,
2305 1759 2471 1814 necin
2488 1760 2580 1814 Dei
2602 1759 2794 1814 Filium
2816 1775 2879 1814 ea
2898 1760 3104 1830 piacula
3123 1756 3610 1829 commisisse,qui-

2025 1853 2128 1908 bus
2151 1853 2206 1906 in
2232 1851 2533 1908 Turcaruin
2557 1852 2923 1922 captivitatem
2952 1853 3133 1907 divina
3174 1851 3382 1906 ultione
3410 1866 3602 1921 perve-

2029 1946 2233 2000 nerint.
2267 1945 2406 2016 Ergo
2437 1946 2626 2000 subest
2655 1945 2801 1999 aliud
2828 1943 3095 2011 sacrilegii
3126 1956 3314 2013 genus,
3349 1940 3492 2009 quod
3520 1940 3603 1993 di-

2027 2037 2153 2091 vina
2180 2036 2391 2107 justitia
2427 2035 2753 2105 impunitum
2806 2050 2927 2090 esse
2981 2050 3089 2089 non
3139 2033 3292 2089 sinit.
3349 2033 3462 2089 Nec
3509 2034 3600 2091 di-

2024 2129 2258 2200 ligenter
2335 2128 2762 2197 inquirentibus,
2832 2135 3093 2196 quantum
3153 2124 3331 2180 cordis
3385 2124 3608 2180 humani

2026 2222 2204 2276 valeat
2260 2220 2550 2304 infirmitas
2606 2219 2838 2283 intueri,
2887 2219 3016 2273 licet
3079 2218 3400 2289 intelligere,
3464 2217 3607 2271 hanc

2029 2316 2411 2386 captivitatem.
2430 2328 2536 2367 non
2564 2312 2781 2366 aliunde
2804 2310 3127 2382 profectam,
3155 2323 3406 2378 quamex
3454 2317 3610 2362 reatu

2032 2408 2376 2473 sch'smatis,
2404 2405 2549 2473 quod
2589 2413 2814 2459 auctore
2861 2400 3082 2469 Photio,
3115 2411 3353 2469 tempore
3399 2397 3609 2453 Nicolai

2038 2499 2252 2572 primi,
2299 2497 2534 2565 sumpsit
2604 2494 2889 2549 exordium
2929 2531 2945 2555 ,
2994 2502 3043 2548 et
3101 2505 3344 2560 eousque
3404 2491 3612 2544 invete-

2033 2600 2208 2645 ratum
2261 2599 2364 2651 est.
2397 2597 2456 2642 ut
2513 2600 2686 2657 usque
2723 2586 2789 2639 ad
2858 2592 3101 2653 tempora
3150 2581 3254 2637 ista
3280 2577 3611 2651 pervenerit.

2032 2679 2291 2735 Dolenter
2339 2688 2393 2733 et
2464 2678 2625 2732 anxie
2677 2676 2780 2731 ista
2836 2673 3186 2745 proferimus,
3239 2682 3296 2726 et
3353 2670 3614 2725 vellemus

2032 2781 2235 2826 aeterno
2272 2771 2534 2825 damnare
2587 2768 2826 2822 silentio.
2884 2764 3085 2821 Verum
3137 2765 3182 2821 si
3233 2778 3456 2835 operam
3502 2777 3618 2816 me-

2037 2861 2270 2916 dieantis
2321 2867 2607 2930 exspectas
2634 2899 2649 2924 ,
2694 2865 2909 2927 oportet
2962 2865 3027 2911 ut.
3048 2855 3242 2910 vulnus
3280 2854 3620 2908 tuum-dete-

2036 2968 2149 3021 gas.
2186 2953 2325 3006 Ecce
2351 2952 2459 3022 jam
2491 2950 2602 3005 fere
2630 2947 2915 3020 quingenti
2945 2946 3074 3001 anni
3097 2945 3383 3010 transiere,
3411 2957 3475 2998 ex
3507 2958 3617 3014 quo
3665 2967 3681 2982 ι

1962 3165 2008 3225 c
2041 3135 2266 3206 Πρῶτον
2301 3134 2399 3204 μὲν
2425 3133 2536 3205 γὰρ
2559 3134 2627 3186 δι’
2667 3133 3120 3203 εἰδωλολατρεὶαν
3150 3133 3205 3185 αἱ
3255 3131 3388 3185 δέκα
3445 3133 3616 3200 φυλαὶ

2039 3232 2154 3292 τοῖς
2183 3226 2496 3297 Ἀσσυρίοις
2522 3226 2866 3297 αἰχμάλωτοι
2896 3223 3230 3294 ἀπήχθησαν
3264 3223 3343 3285 είς
3369 3223 3607 3292 Μηδίαν,

2039 3322 2135 3373 καὶ
2169 3320 2294 3380 τοὺς
2328 3318 2571 3388 βασιλεῖς
2596 3317 2772 3371 Ἰούδα
2799 3316 2938 3385 μετά
2979 3316 3127 3370 δυοῖν
3152 3317 3275 3368 ταῖν
3304 3314 3620 3368 ὑπολοίποιν

2040 3410 2233 3479 φυλαῖν
2273 3410 2537 3463 Χαλδαῖοι
2573 3409 2956 3479 αἰχμαλώτους
3004 3410 3085 3471 εἰς
3140 3406 3436 3460 Βαϐυλῶνα
3481 3405 3628 3474 ἀπή-

2039 3518 2230 3569 γαγον.
2254 3501 2368 3553 Καὶ
2391 3500 2634 3569 διέμεινε
2664 3501 2726 3552 τὸ
2774 3500 2930 3561 ἔθνος
2965 3496 3219 3552 δουλεῦον
3251 3498 3425 3560 οὕτως
3471 3497 3623 3550 ἐϐδο-

2042 3593 2286 3661 μήκοντα
2340 3590 2460 3661 ἐτη.
2523 3591 2760 3644 Ἔπειτα
2806 3590 2852 3642 δ’
2903 3590 3047 3658 ἅπερ
3083 3593 3162 3653 εἰς
3219 3590 3311 3642 τὸν
3355 3589 3450 3642 τοῦ
3483 3589 3620 3642 Θεοῦ

2040 3684 2157 3737 υίδν
2186 3680 2405 3750 Ἰησοῦν
2432 3680 2714 3751 ἠσέϐησαν
2758 3698 2818 3732 τε
2850 3683 2943 3732 καὶ
2977 3679 3238 3749 ῦσρισαν,
3278 3681 3620 3751 αἰχμάλωτοι

2041 3775 2282 3844 γίνονται
2331 3758 2519 3837 πάλιν,
2541 3772 2705 3841 ἧνικα
2734 3771 3142 3834 Οὐεσπασιανὸς
3174 3772 3269 3825 καὶ
3291 3773 3448 3834 Τίτος
3488 3769 3620 3824 Ῥωσ

2044 3865 2222 3934 μαίων
2250 3863 2552 3932 στρατηγοὶ
2588 3862 2727 3914 κατὰ
2751 3860 2954 3930 κράτος
2989 3860 3208 3925 ἐλόντες
3238 3861 3618 3929 κατέσκαψαν,

2045 3956 2141 4008 καὶ
2183 3952 2483 4023 σύμπασαν
2507 3953 2606 4022 τὴν
2650 3952 2927 4006 Ἰουδαίων
2972 3951 3160 4023 χώραν
3200 3950 3469 4021 ἐποίησαν
3516 3950 3623 4003 ὑπὸ

2042 4045 2172 4108 τοὺς
2212 4044 2541 4115 Ῥωμαίους.
2574 4045 2684 4098 Καὶ
2712 4043 2782 4098 τὰ
2806 4046 2905 4114 τῆς
2939 4042 3336 4113 αἰχμαλωσίας
3375 4044 3440 4114 δὴ
3491 4043 3623 4096 ταύ-

2044 4155 2145 4208 της
2173 4137 2328 4191 οὖπω
2369 4136 2574 4206 ἔσχηκε
2634 4137 2834 4206 πέρας,
2888 4135 3006 4189 ἀλλ’
3040 4135 3122 4189 ἔτι
3156 4136 3309 4190 πᾶσα
3349 4137 3406 4202 ἡ.
3436 4138 3622 4189 οἰκουυ

2050 4229 2185 4297 μένη
2208 4225 2374 4289 τόπος
2400 4224 2583 4295 φυγῆς
2616 4242 2676 4278 τε
2703 4226 2799 4279 καὶ
2834 4225 3044 4298 πλάνης
3074 4226 3456 4281 ἀποδέδεικται
3487 4227 3625 4279 ἰου-

2044 4319 2213 4373 δαίων
2236 4316 2313 4389 τῷ
2344 4317 2512 4371 ἔθνει.

2115 4409 2198 4463 Τὰ
2243 4407 2430 4479 μὲνδὴ
2482 4406 2594 4461 τῶν
2659 4408 2931 4478 Ἐϐραίων
2975 4408 3167 4470 οὕτως.
3221 4409 3487 4478 Ἕλληνας
3542 4410 3622 4477 δὲ,

373 4503 608 4573 φανερὸν
632 4501 825 4564 οὕτως,
852 4499 926 4562 ὡς
971 4498 1177 4568 μηδένα
1207 4496 1273 4551 ἂν
1301 4496 1448 4566 ἔχειν
1494 4494 1661 4561 φάναι
1712 4492 1943 4545 ὗπεναν-
1974 4511 2021 4571 υ
2047 4499 2240 4570 ἐπειδὴ
2272 4499 2373 4569 τὴν
2418 4500 2822 4571 εὐσεϐεστάτην
2872 4500 3125 4566 ἐδέξαντο
3196 4503 3406 4567 πίστιν,
3461 4494 3645 4557 οὐδὲν

372 4597 485 4649 τία.
517 4594 628 4648 Καὶ
659 4591 914 4663 μέγιστον
937 4584 1046 4659 ἆρα
1077 4586 1235 4641 τοῦτό
1263 4603 1327 4661 γε
1361 4583 1727 4654 ὑποληπτέον,
1781 4581 1944 4635 ὁπότε

375 4688 466 4742 τὸν
495 4685 906 4738 ἐπιεικέστατον
934 4681 1103 4734 πᾶσιν
1134 4677 1450 4749 ἀνθρώποις
1481 4675 1639 4741 Θεὸν,
1662 4675 1742 4737 είς
1774 4673 1946 4744 ὀργὴν

375 4776 713 4849 τηλικαύτην
759 4770 1137 4845 παροξυμένον
1190 4770 1431 4841 ὁρῶμεν,
1486 4766 1623 4837 δῆλα
1674 4765 1731 4819 δὲ
1774 4764 1947 4818 ταῦτὰ

377 4885 460 4920 τοι
494 4867 726 4935 μάλιστα
758 4863 888 4918 ὅντα
930 4863 1211 4933 τυγχάνει.
1264 4860 1395 4928 Εῖγε
1444 4857 1538 4912 νῦν
1600 4858 1865 4927 σύμπασα
1913 4856 1947 4924 ἡ

391 4956 580 5017 Ἑλλὰς
617 4957 710 5007 καὶ
742 4955 840 5007 ὅσα
879 4953 1065 5022 σχεδόν
1086 4970 1140 5006 τι
1186 4938 1458 5022 πρότερον
1521 4948 1658 5002 ἄλλα
1699 4948 1804 5000 ύπδ
1856 4946 1949 4998 τδν

350 5043 759 5117 ,αὐτοκράτορα
783 5036 872 5108 ἧν,
910 5041 990 5104 είς
1030 5039 1191 5093 τοῦτο
1241 5041 1414 5110 τύχης
1463 5037 1746 5109 ἐλήλυθεν,
1808 5036 1950 5089 ὥστε

382 5129 656 5183 δουλεύειν
684 5126 1025 5180 ἐλεεινότατα
1076 5130 1190 5190 τοῖς
1255 5128 1353 5181 τοῦ
1422 5125 1658 5197 Χριστοῦ
1712 5126 1948 5198 ἐχθροῖς.

382 5223 629 5290 Μέγεθος
658 5220 736 5291 τῷ
759 5218 873 5273 δντι
900 5221 1095 5284 κακοῦ,
1122 5219 1216 5273 καί
1246 5237 1331 5283 τις
1387 5221 1663 5291 ὑπερϐολὴ
1695 5220 1951 5291 ἁμαρτά.

382 5312 494 5377 δος,
511 5310 668 5379 γένος
707 5309 1000 5381 Ἑλλήνων,
1022 5310 1085 5363 τὸ
1103 5310 1272 5363 πάλαι
1289 5311 1430 5380 μέγα
1462 5313 1550 5364 κα¹ι
1577 5311 1809 5379 ἔνδοξον,
1833 5310 1953 5364 δοῦ-

383 5402 475 5455 λον
500 5400 644 5454 οὕτω
679 5400 979 5471 βαρϐάροις
1010 5402 1154 5454 κατὰ
1179 5400 1727 5471 δίκηντάποδείκνυσι
1775 5402 1951 5457 θείαν.

385 5493 779 5547 Ἐπισκεπτὲον
825 5490 916 5544 οὖν
973 5492 1094 5544 τίνα
1142 5492 1250 5545 τῶν
1297 5490 1486 5545 κακῶν
1542 5491 1953 5557 τούτωνοᾶξιον

386 5586 556 5655 φαίην
582 5584 783 5670 αἰτίρν.
819 5582 893 5636 Τὸ
921 5586 1019 5652 μὲν
1065 5584 1176 5652 γὰρ
1210 5581 1479 5653 Ἐϐραίων
1527 5584 1684 5651 γένος
1737 5582 1766 5633 ό
1819 5584 1952 5644 Θεὸς

385 5676 514 5730 λαδν
547 5675 725 5746 ἐαυτῷ
757 5676 1071 5743 ἐπελέξατο,
1100 5677 1195 5730 καὶ
1230 5676 1304 5740 ὡς
1360 5676 1490 5730 ἴδιον
1527 5675 1782 5744 σύστημα
1815 5675 1952 5744 ἔχων

390 5768 585 5839 iactast,
638 5768 739 5822 δύο·
784 5769 851 5821 τὰ
907 5770 1138 5840 μέγιστα
1190 5771 1509 5843 ἡμαρτητλος
1556 5768 1712 5840 δίκην
1760 5769 1949 5826 ἔδωκε.

2045 4592 2436 4663 ἡμαρτηκότας
2467 4593 2685 4663 ὁρῶμεν
2704 4592 2968 4660 τοιοῦτον,
3007 4593 3132 4649 οὕτε
3169 4596 3277 4666 γὰρ
3307 4599 3384 4661 εἰς
3412 4597 3629 4651 εἰδωλο-

2048 4684 2307 4753 λατρείαν
2333 4686 2444 4738 οἶδε
2475 4686 2779 4740 ἀπέκλιναν
2812 4687 3098 4752 οὐδέποτε,
3128 4688 3255 4742 οὕτε
3310 4705 3363 4743 τι
3414 4691 3495 4753 είς
3531 4691 3624 4742 τὸν

2047 4775 2141 4828 τοῦ
2167 4775 2304 4827 Θεοῦ
2334 4774 2450 4828 υίδν
2509 4776 2696 4845 ὅμοιον
2759 4778 3294 4849 πεπλημμεληκότες
3340 4781 3447 4833 είσί
3486 4799 3499 4812 ε
3558 4781 3627 4834 δι’

2049 4865 2188 4936 ὅπερ
2210 4866 2458 4935 καὶοίητ’
2490 4868 2556 4921 ἄν
2588 4886 2672 4931 τις
2702 4870 3077 4942 αἰχμαλώτοις
3120 4871 3272 4940 παρὰ
3322 4872 3462 4926 Θεοῦ
3512 4875 3625 4936 τοῖς

2053 4957 2353 5029 βαρϐάροις
2376 4959 2796 5028 παραδεδόσθαι.
2828 4960 2892 5011 Τί
2929 4956 3025 5014 οῦν
3077 4960 3391 5025 ἀδικοῦντες
3440 4966 3625 5017 ἐκεῖνα

2053 5050 2374 5119 πάσχουσι;
2456 5051 2552 5102 καὶ
2626 5050 2816 5102 τίποτε
2873 5050 3319 5123 ἐξημαρτηκότες
3380 5055 3479 5126 τὴν
3528 5057 3623 5109 τοῦ

2051 5139 2189 5193 Θεοῦ
2223 5140 2403 5210 ψῆφον
2428 5141 2508 5203 είς
2566 5141 2836 5210 τιμωρίαν
2870 5142 3024 5210 σφίσι
3072 5142 3386 5215 δεινοτάτην
3436 5145 3627 5209 ἐξεκα-

2052 5230 2281 5283 λέσαντο
2308 5247 2324 5297 ;
2352 5231 2385 5301 ἢ
2421 5230 2579 5284 ούθεν
2599 5230 2831 5284 καθόςον
2849 5226 2963 5286 οἷον
2998 5233 3059 5286 τὸ
3109 5235 3314 5304 σχίσμα
3368 5236 3625 5307 ἁμάρτη-

2058 5337 2167 5390 μα;
2199 5321 2433 5392 Σχίσμα,
2454 5321 2623 5389 λέγω,
2655 5314 2715 5375 οῦ
2738 5322 2911 5386 αίτιος
2946 5323 3046 5392 μὲν
3087 5328 3205 5394 περῖ
3243 5324 3338 5395 τὴν
3360 5324 3454 5379 τοῦ
3486 5328 3622 5381 Θεοῦ

2066 5413 2397 5482 Ἐκκλησίαν
2425 5415 2453 5466 ό
2487 5414 2692 5476 Φώτιος
2721 5415 3072 5486 πατριάρχης
3103 5417 3625 5472 Κωνσταντινουπό-

2054 5506 2190 5568 λεως
2246 5507 2341 5558 ἐπὶ
2397 5506 2670 5559 Νικολάου
2749 5506 2972 5578 πρώτου
3050 5510 3271 5580 Ῥώμης
3321 5512 3625 5582 ἀρχιερέως

2055 5595 2293 5663 ἐγένετο.
2321 5595 2573 5665 Διέμεινε
2596 5596 2653 5651 δὲ
2688 5596 2865 5662 οὕτως
2920 5600 3015 5654 ἐπὶ
3071 5600 3230 5665 πολὺ,
3293 5601 3435 5655 ὥστε
3487 5605 3625 5676 μηδὲ

2056 5682 2179 5736 καθ’
2207 5685 2352 5755 ἡμᾶς
2381 5685 2488 5750 ἔξω
2525 5684 2621 5740 τοῦ
2673 5682 2923 5743 τοίούτου
2954 5692 3131 5747 κακοῦ
3180 5694 3251 5747 τὰ
3293 5697 3626 5765 χριστιανών

2060 5770 2222 5829 εἶναι.
2267 5774 2466 5847 Ἡμεῖς
2498 5778 2597 5848 μὲν
2629 5779 2809 5834 τοίνυν
2840 5782 3151 5854 περιαλγῶς
3180 5801 3238 5838 τε
3276 5787 3370 5841 καὶ
3401 5788 3623 5859 ἐκθύμως
