  <div class='ocr_page' id='page_1' title='image "/cluster/home/n/w/nwhite01/storage/ocr_20150623/160/pst.000005714803/055.png"; bbox 0 0 3972 6326; ppageno 0'>
   <div class='ocr_carea' id='block_1_1' title="bbox 607 321 2198 405">
    <p class='ocr_par' dir='ltr' id='par_1_1' title="bbox 607 340 2198 405">
     <span class='ocr_line' id='line_1_1' title="bbox 607 340 2198 405; baseline -0.006 0"><span class='ocrx_word' id='word_1_1' title='bbox 607 348 678 405; x_wconf 80' lang='grc'><strong>75</strong></span> <span class='ocrx_word' id='word_1_2' title='bbox 1523 343 1899 402; x_wconf 76' lang='lat' dir='ltr'><strong>GBEGORH</strong></span> <span class='ocrx_word' id='word_1_3' title='bbox 1948 340 2198 400; x_wconf 55' lang='lat' dir='ltr'><strong>MAMM.</strong></span> 
     </span>
    </p>
   </div>
   <div class='ocr_carea' id='block_1_2' title="bbox 2304 321 3831 405">
    <p class='ocr_par' dir='ltr' id='par_1_2' title="bbox 2304 321 3831 398">
     <span class='ocr_line' id='line_1_2' title="bbox 2304 321 3831 398; baseline -0.007 -2"><span class='ocrx_word' id='word_1_4' title='bbox 2304 337 2400 398; x_wconf 72' lang='grc' dir='ltr'><strong>ΓΣΡ.</strong></span> <span class='ocrx_word' id='word_1_5' title='bbox 2445 336 2638 394; x_wconf 73' lang='lat' dir='ltr'><strong>PATii</strong></span> <span class='ocrx_word' id='word_1_6' title='bbox 2654 333 2957 393; x_wconf 65' lang='lat' dir='ltr'><strong>IARCHrE</strong></span> <span class='ocrx_word' id='word_1_7' title='bbox 3561 329 3565 334; x_wconf 82' lang='grc'><em>’</em></span> <span class='ocrx_word' id='word_1_8' title='bbox 3775 321 3831 386; x_wconf 67' lang='lat'><strong>75</strong></span> 
     </span>
    </p>
   </div>
   <div class='ocr_carea' id='block_1_3' title="bbox 607 426 2198 525">
    <p class='ocr_par' dir='ltr' id='par_1_3' title="bbox 607 453 2188 525">
     <span class='ocr_line' id='line_1_3' title="bbox 607 453 2188 525; baseline -0.006 -13"><span class='ocrx_word' id='word_1_9' title='bbox 607 461 660 512; x_wconf 85' lang='lat' dir='ltr'><strong>in</strong></span> <span class='ocrx_word' id='word_1_10' title='bbox 696 459 880 511; x_wconf 86' lang='lat' dir='ltr'><strong>multis</strong></span> <span class='ocrx_word' id='word_1_11' title='bbox 909 455 1297 525; x_wconf 76' lang='lat' dir='ltr'><strong>congressibus</strong></span> <span class='ocrx_word' id='word_1_12' title='bbox 1326 453 1606 508; x_wconf 73' lang='lat' dir='ltr'><strong>Niczcnum</strong></span> <span class='ocrx_word' id='word_1_13' title='bbox 1640 456 1970 524; x_wconf 84' lang='lat' dir='ltr'><strong>symbolum,</strong></span> <span class='ocrx_word' id='word_1_14' title='bbox 2027 453 2188 519; x_wconf 80' lang='lat' dir='ltr'><strong>idque</strong></span> 
     </span>
    </p>
   </div>
   <div class='ocr_carea' id='block_1_4' title="bbox 2304 426 3831 525">
    <p class='ocr_par' dir='ltr' id='par_1_4' title="bbox 2304 426 3831 517">
     <span class='ocr_line' id='line_1_4' title="bbox 2304 426 3831 517; baseline -0.009 -16"><span class='ocrx_word' id='word_1_15' title='bbox 2304 452 2350 501; x_wconf 69' lang='grc' dir='ltr'>ἓν</span> <span class='ocrx_word' id='word_1_16' title='bbox 2381 449 2607 517; x_wconf 83' lang='grc' dir='ltr'>Νικαίᾳ,</span> <span class='ocrx_word' id='word_1_17' title='bbox 2641 447 2736 499; x_wconf 68' lang='grc' dir='ltr'><strong>καὶ</strong></span> <span class='ocrx_word' id='word_1_18' title='bbox 2770 446 2933 513; x_wconf 91' lang='grc' dir='ltr'>μόνον</span> <span class='ocrx_word' id='word_1_19' title='bbox 2973 441 3312 508; x_wconf 80' lang='grc' dir='ltr'>ἀνέγνωσαν,</span> <span class='ocrx_word' id='word_1_20' title='bbox 3353 438 3475 508; x_wconf 77' lang='grc' dir='ltr'>μηδ’</span> <span class='ocrx_word' id='word_1_21' title='bbox 3507 426 3638 499; x_wconf 77' lang='grc' dir='ltr'>ὅλως</span> <span class='ocrx_word' id='word_1_22' title='bbox 3670 438 3831 506; x_wconf 82' lang='grc' dir='ltr'>μνείαν</span> 
     </span>
    </p>
   </div>
   <div class='ocr_carea' id='block_1_5' title="bbox 613 545 2179 614">
    <p class='ocr_par' dir='ltr' id='par_1_5' title="bbox 613 545 2179 614">
     <span class='ocr_line' id='line_1_5' title="bbox 613 545 2179 614; baseline -0.004 -10"><span class='ocrx_word' id='word_1_23' title='bbox 613 552 791 604; x_wconf 85' lang='lat' dir='ltr'><strong>solum</strong></span> <span class='ocrx_word' id='word_1_24' title='bbox 830 549 1098 614; x_wconf 70' lang='lat' dir='ltr'><strong>legerunt,</strong></span> <span class='ocrx_word' id='word_1_25' title='bbox 1126 546 1273 600; x_wconf 82' lang='lat' dir='ltr'><strong>nulla</strong></span> <span class='ocrx_word' id='word_1_26' title='bbox 1315 560 1542 614; x_wconf 79' lang='lat' dir='ltr'><strong>prorsus</strong></span> <span class='ocrx_word' id='word_1_27' title='bbox 1578 545 2179 613; x_wconf 81' lang='lat' dir='ltr'><strong>Constantinopolitani</strong></span> 
     </span>
    </p>
   </div>
   <div class='ocr_carea' id='block_1_6' title="bbox 616 634 2184 705">
    <p class='ocr_par' dir='ltr' id='par_1_6' title="bbox 616 634 2184 705">
     <span class='ocr_line' id='line_1_6' title="bbox 616 634 2184 705; baseline -0.001 -13"><span class='ocrx_word' id='word_1_28' title='bbox 616 639 888 692; x_wconf 75' lang='lat' dir='ltr'><strong>mentione</strong></span> <span class='ocrx_word' id='word_1_29' title='bbox 913 637 1073 702; x_wconf 79' lang='lat' dir='ltr'><strong>facta,</strong></span> <span class='ocrx_word' id='word_1_30' title='bbox 1104 646 1160 690; x_wconf 92' lang='lat' dir='ltr'><strong>ut</strong></span> <span class='ocrx_word' id='word_1_31' title='bbox 1196 634 1521 705; x_wconf 73' lang='lat' dir='ltr'><strong>procedente</strong></span> <span class='ocrx_word' id='word_1_32' title='bbox 1559 636 1807 689; x_wconf 89' lang='lat' dir='ltr'><strong>oratione</strong></span> <span class='ocrx_word' id='word_1_33' title='bbox 1841 636 1961 690; x_wconf 89' lang='lat' dir='ltr'><strong>loco</strong></span> <span class='ocrx_word' id='word_1_34' title='bbox 1989 651 2184 690; x_wconf 87' lang='lat' dir='ltr'><strong>convc-</strong></span> 
     </span>
    </p>
   </div>
   <div class='ocr_carea' id='block_1_7' title="bbox 610 728 1514 786">
    <p class='ocr_par' dir='ltr' id='par_1_7' title="bbox 610 728 1514 786">
     <span class='ocr_line' id='line_1_7' title="bbox 610 728 1514 786; baseline -0.003 -3"><span class='ocrx_word' id='word_1_35' title='bbox 610 730 776 786; x_wconf 86' lang='lat' dir='ltr'><strong>nicnti</strong></span> <span class='ocrx_word' id='word_1_36' title='bbox 822 730 1166 783; x_wconf 83' lang='lat' dir='ltr'><strong>manifestum</strong></span> <span class='ocrx_word' id='word_1_37' title='bbox 1202 728 1514 781; x_wconf 78' lang='lat' dir='ltr'><strong>reddemus.</strong></span> 
     </span>
    </p>
   </div>
   <div class='ocr_carea' id='block_1_8' title="bbox 1090 817 1671 888">
    <p class='ocr_par' dir='ltr' id='par_1_8' title="bbox 1090 817 1671 888">
     <span class='ocr_line' id='line_1_8' title="bbox 1090 817 1671 888; baseline -0.005 -16"><span class='ocrx_word' id='word_1_38' title='bbox 1090 817 1324 872; x_wconf 82' lang='lat' dir='ltr'><strong>EPllES.</strong></span> <span class='ocrx_word' id='word_1_39' title='bbox 1364 817 1540 886; x_wconf 83' lang='lat' dir='ltr'><strong>(CAP.</strong></span> <span class='ocrx_word' id='word_1_40' title='bbox 1580 818 1671 888; x_wconf 72' lang='grc' dir='ltr'><strong>Χ).</strong></span> 
     </span>
    </p>
   </div>
   <div class='ocr_carea' id='block_1_9' title="bbox 681 911 2258 980">
    <p class='ocr_par' dir='ltr' id='par_1_9' title="bbox 681 911 2258 980">
     <span class='ocr_line' id='line_1_9' title="bbox 681 911 2258 980; baseline 0.001 -19"><span class='ocrx_word' id='word_1_41' title='bbox 681 911 879 967; x_wconf 80' lang='lat' dir='ltr'><strong>Verum</strong></span> <span class='ocrx_word' id='word_1_42' title='bbox 906 929 1081 980; x_wconf 85' lang='lat' dir='ltr'><strong>neque</strong></span> <span class='ocrx_word' id='word_1_43' title='bbox 1114 912 1389 965; x_wconf 84' lang='lat' dir='ltr'><strong>contraria</strong></span> <span class='ocrx_word' id='word_1_44' title='bbox 1443 912 1812 964; x_wconf 71' lang='lat' dir='ltr'><strong>meuruenicis</strong></span> <span class='ocrx_word' id='word_1_45' title='bbox 1869 911 2099 980; x_wconf 84' lang='lat' dir='ltr'><strong>synodis</strong></span> <span class='ocrx_word' id='word_1_46' title='bbox 2131 917 2186 963; x_wconf 87' lang='lat' dir='ltr'><strong>et</strong></span> <span class='ocrx_word' id='word_1_47' title='bbox 2250 918 2258 929; x_wconf 95' lang='lat'><em>‘</em></span> 
     </span>
    </p>
   </div>
   <div class='ocr_carea' id='block_1_10' title="bbox 608 1002 2187 1072">
    <p class='ocr_par' dir='ltr' id='par_1_10' title="bbox 608 1002 2187 1072">
     <span class='ocr_line' id='line_1_10' title="bbox 608 1002 2187 1072; baseline -0.002 -14"><span class='ocrx_word' id='word_1_48' title='bbox 608 1006 990 1059; x_wconf 78' lang='lat' dir='ltr'><strong>communibus</strong></span> <span class='ocrx_word' id='word_1_49' title='bbox 1036 1003 1350 1057; x_wconf 82' lang='lat' dir='ltr'><strong>earumdem</strong></span> <span class='ocrx_word' id='word_1_50' title='bbox 1440 1004 1808 1070; x_wconf 74' lang='lat' dir='ltr'><strong>dogmatibus,</strong></span> <span class='ocrx_word' id='word_1_51' title='bbox 1856 1002 1951 1057; x_wconf 85' lang='lat' dir='ltr'><strong>sed</strong></span> <span class='ocrx_word' id='word_1_52' title='bbox 2013 1017 2187 1072; x_wconf 88' lang='lat' dir='ltr'><strong>neque</strong></span> 
     </span>
    </p>
   </div>
   <div class='ocr_carea' id='block_1_11' title="bbox 613 1079 2186 1166">
    <p class='ocr_par' dir='ltr' id='par_1_11' title="bbox 613 1079 2186 1166">
     <span class='ocr_line' id='line_1_11' title="bbox 613 1079 2186 1166; baseline -0.001 -14"><span class='ocrx_word' id='word_1_53' title='bbox 613 1115 830 1166; x_wconf 84' lang='lat' dir='ltr'><strong>prorsus</strong></span> <span class='ocrx_word' id='word_1_54' title='bbox 856 1113 961 1151; x_wconf 84' lang='lat' dir='ltr'><strong>non</strong></span> <span class='ocrx_word' id='word_1_55' title='bbox 1007 1097 1415 1151; x_wconf 86' lang='lat' dir='ltr'><strong>consentientia</strong></span> <span class='ocrx_word' id='word_1_56' title='bbox 1453 1095 1812 1149; x_wconf 69' lang='lat' dir='ltr'><strong>orientalibus</strong></span> <span class='ocrx_word' id='word_1_57' title='bbox 1866 1079 2186 1150; x_wconf 80' lang='lat' dir='ltr'><strong>doctoribus</strong></span> 
     </span>
    </p>
   </div>
   <div class='ocr_carea' id='block_1_12' title="bbox 609 1187 2185 1262">
    <p class='ocr_par' dir='ltr' id='par_1_12' title="bbox 609 1187 2185 1262">
     <span class='ocr_line' id='line_1_12' title="bbox 609 1187 2185 1262; baseline -0.001 -20"><span class='ocrx_word' id='word_1_58' title='bbox 609 1192 949 1259; x_wconf 66' lang='lat' dir='ltr'><strong>scripserunt</strong></span> <span class='ocrx_word' id='word_1_59' title='bbox 983 1189 1173 1243; x_wconf 79' lang='lat' dir='ltr'><strong>Patres</strong></span> <span class='ocrx_word' id='word_1_60' title='bbox 1202 1189 1302 1250; x_wconf 83' lang='lat' dir='ltr'><strong>illi,</strong></span> <span class='ocrx_word' id='word_1_61' title='bbox 1333 1202 1507 1255; x_wconf 79' lang='lat' dir='ltr'><strong>neque</strong></span> <span class='ocrx_word' id='word_1_62' title='bbox 1543 1187 1610 1242; x_wconf 88' lang='lat' dir='ltr'><strong>iis</strong></span> <span class='ocrx_word' id='word_1_63' title='bbox 1668 1202 1772 1241; x_wconf 89' lang='lat' dir='ltr'><strong>non</strong></span> <span class='ocrx_word' id='word_1_64' title='bbox 1831 1188 2185 1262; x_wconf 67' lang='lat' dir='ltr'><strong>cohaerentia,</strong></span> 
     </span>
    </p>
   </div>
   <div class='ocr_carea' id='block_1_13' title="bbox 609 1276 2186 1352">
    <p class='ocr_par' dir='ltr' id='par_1_13' title="bbox 609 1276 2186 1352">
     <span class='ocr_line' id='line_1_13' title="bbox 609 1276 2186 1352; baseline -0.003 -14"><span class='ocrx_word' id='word_1_65' title='bbox 609 1283 752 1338; x_wconf 88' lang='lat' dir='ltr'><strong>sicut</strong></span> <span class='ocrx_word' id='word_1_66' title='bbox 813 1298 906 1352; x_wconf 89' lang='lat' dir='ltr'><strong>per</strong></span> <span class='ocrx_word' id='word_1_67' title='bbox 954 1281 1056 1334; x_wconf 90' lang='lat' dir='ltr'><strong>alia</strong></span> <span class='ocrx_word' id='word_1_68' title='bbox 1119 1281 1282 1333; x_wconf 91' lang='lat' dir='ltr'><strong>multa</strong></span> <span class='ocrx_word' id='word_1_69' title='bbox 1341 1279 1560 1332; x_wconf 84' lang='lat' dir='ltr'><strong>illorum</strong></span> <span class='ocrx_word' id='word_1_70' title='bbox 1643 1277 1785 1332; x_wconf 88' lang='lat' dir='ltr'><strong>dicta</strong></span> <span class='ocrx_word' id='word_1_71' title='bbox 1844 1276 2186 1334; x_wconf 89' lang='lat' dir='ltr'><strong>demonstra-</strong></span> 
     </span>
    </p>
   </div>
   <div class='ocr_carea' id='block_1_14' title="bbox 612 1382 1127 1449">
    <p class='ocr_par' dir='ltr' id='par_1_14' title="bbox 612 1382 1127 1449">
     <span class='ocr_line' id='line_1_14' title="bbox 612 1382 1127 1449; baseline 0.002 -24"><span class='ocrx_word' id='word_1_72' title='bbox 612 1382 717 1427; x_wconf 87' lang='lat' dir='ltr'><strong>tur.</strong></span> <span class='ocrx_word' id='word_1_73' title='bbox 1108 1386 1127 1449; x_wconf 43' lang='lat'><strong>&#39;-</strong></span> 
     </span>
    </p>
   </div>
   <div class='ocr_carea' id='block_1_15' title="bbox 1187 1454 1554 1516">
    <p class='ocr_par' dir='ltr' id='par_1_15' title="bbox 1187 1454 1554 1516">
     <span class='ocr_line' id='line_1_15' title="bbox 1187 1454 1554 1516; baseline -0.008 -1"><span class='ocrx_word' id='word_1_74' title='bbox 1187 1454 1554 1516; x_wconf 76' lang='lat' dir='ltr'><strong>APOLOGIA.</strong></span> 
     </span>
    </p>
   </div>
   <div class='ocr_carea' id='block_1_16' title="bbox 683 1545 2185 1622">
    <p class='ocr_par' dir='ltr' id='par_1_16' title="bbox 683 1545 2185 1622">
     <span class='ocr_line' id='line_1_16' title="bbox 683 1545 2185 1622; baseline 0.001 -16"><span class='ocrx_word' id='word_1_75' title='bbox 683 1545 934 1607; x_wconf 78' lang='lat' dir='ltr'><strong>Mirabile</strong></span> <span class='ocrx_word' id='word_1_76' title='bbox 959 1550 1088 1622; x_wconf 84' lang='lat' dir='ltr'><strong>quid</strong></span> <span class='ocrx_word' id='word_1_77' title='bbox 1125 1561 1176 1606; x_wconf 83' lang='lat' dir='ltr'><strong>et</strong></span> <span class='ocrx_word' id='word_1_78' title='bbox 1211 1553 1560 1621; x_wconf 75' lang='lat' dir='ltr'><strong>peregrinum</strong></span> <span class='ocrx_word' id='word_1_79' title='bbox 1580 1550 1824 1619; x_wconf 73' lang='lat' dir='ltr'><strong>loquitur</strong></span> <span class='ocrx_word' id='word_1_80' title='bbox 1841 1553 2185 1607; x_wconf 78' lang='lat' dir='ltr'><strong>venerandus</strong></span> 
     </span>
    </p>
   </div>
   <div class='ocr_carea' id='block_1_17' title="bbox 616 1637 2186 1714">
    <p class='ocr_par' dir='ltr' id='par_1_17' title="bbox 616 1637 2186 1714">
     <span class='ocr_line' id='line_1_17' title="bbox 616 1637 2186 1714; baseline -0.002 -15"><span class='ocrx_word' id='word_1_81' title='bbox 616 1639 976 1714; x_wconf 71' lang='lat' dir='ltr'><strong>Ephesiorum</strong></span> <span class='ocrx_word' id='word_1_82' title='bbox 1010 1637 1524 1701; x_wconf 84' lang='lat' dir='ltr'><strong>antistes.Ubinam</strong></span> <span class='ocrx_word' id='word_1_83' title='bbox 1575 1645 1720 1698; x_wconf 91' lang='lat' dir='ltr'><strong>enim</strong></span> <span class='ocrx_word' id='word_1_84' title='bbox 1773 1659 2000 1712; x_wconf 82' lang='lat' dir='ltr'><strong>prorsus</strong></span> <span class='ocrx_word' id='word_1_85' title='bbox 2062 1659 2186 1710; x_wconf 85' lang='lat' dir='ltr'><strong>per-</strong></span> 
     </span>
    </p>
   </div>
   <div class='ocr_carea' id='block_1_18' title="bbox 613 1726 2184 1803">
    <p class='ocr_par' dir='ltr' id='par_1_18' title="bbox 613 1726 2184 1803">
     <span class='ocr_line' id='line_1_18' title="bbox 613 1726 2184 1803; baseline -0.004 -12"><span class='ocrx_word' id='word_1_86' title='bbox 613 1737 858 1803; x_wconf 84' lang='lat' dir='ltr'><strong>spicuum</strong></span> <span class='ocrx_word' id='word_1_87' title='bbox 907 1734 1138 1788; x_wconf 81' lang='lat' dir='ltr'><strong>reddere</strong></span> <span class='ocrx_word' id='word_1_88' title='bbox 1170 1734 1368 1803; x_wconf 78' lang='lat' dir='ltr'><strong>potest,</strong></span> <span class='ocrx_word' id='word_1_89' title='bbox 1439 1726 1810 1787; x_wconf 84' lang='lat' dir='ltr'><strong>oecumeiiicas</strong></span> <span class='ocrx_word' id='word_1_90' title='bbox 1853 1730 2094 1802; x_wconf 78' lang='lat' dir='ltr'><strong>synodos</strong></span> <span class='ocrx_word' id='word_1_91' title='bbox 2117 1744 2184 1785; x_wconf 81' lang='lat' dir='ltr'><strong>ex</strong></span> 
     </span>
    </p>
   </div>
   <div class='ocr_carea' id='block_1_19' title="bbox 506 1813 2187 1897">
    <p class='ocr_par' dir='ltr' id='par_1_19' title="bbox 506 1813 2187 1897">
     <span class='ocr_line' id='line_1_19' title="bbox 506 1813 2187 1897; baseline -0.005 -14"><span class='ocrx_word' id='word_1_92' title='bbox 506 1836 523 1848; x_wconf 86' lang='lat'><strong><em>’</em></strong></span> <span class='ocrx_word' id='word_1_93' title='bbox 612 1829 731 1885; x_wconf 86' lang='lat' dir='ltr'><strong>solo</strong></span> <span class='ocrx_word' id='word_1_94' title='bbox 757 1826 914 1881; x_wconf 90' lang='lat' dir='ltr'><strong>Patre</strong></span> <span class='ocrx_word' id='word_1_95' title='bbox 933 1827 1196 1897; x_wconf 74' lang='lat' dir='ltr'><strong>Spiritum</strong></span> <span class='ocrx_word' id='word_1_96' title='bbox 1225 1832 1476 1879; x_wconf 89' lang='lat' dir='ltr'><strong>sanctum</strong></span> <span class='ocrx_word' id='word_1_97' title='bbox 1515 1813 1816 1894; x_wconf 79' lang='lat' dir='ltr'><strong>procedere</strong></span> <span class='ocrx_word' id='word_1_98' title='bbox 1839 1822 2187 1892; x_wconf 71' lang='lat' dir='ltr'><strong>praedicasse,</strong></span> 
     </span>
    </p>
   </div>
   <div class='ocr_carea' id='block_1_20' title="bbox 612 1913 2192 1988">
    <p class='ocr_par' dir='ltr' id='par_1_20' title="bbox 612 1913 2192 1988">
     <span class='ocr_line' id='line_1_20' title="bbox 612 1913 2192 1988; baseline -0.004 -14"><span class='ocrx_word' id='word_1_99' title='bbox 612 1936 677 1974; x_wconf 83' lang='lat' dir='ltr'><strong>ex</strong></span> <span class='ocrx_word' id='word_1_100' title='bbox 709 1933 819 1988; x_wconf 86' lang='lat' dir='ltr'><strong>quo</strong></span> <span class='ocrx_word' id='word_1_101' title='bbox 855 1928 946 1986; x_wconf 84' lang='lat' dir='ltr'><strong>per</strong></span> <span class='ocrx_word' id='word_1_102' title='bbox 979 1917 1428 1972; x_wconf 76' lang='lat' dir='ltr'><strong>contrarietatem</strong></span> <span class='ocrx_word' id='word_1_103' title='bbox 1477 1917 1532 1968; x_wconf 85' lang='lat' dir='ltr'><strong>et</strong></span> <span class='ocrx_word' id='word_1_104' title='bbox 1574 1913 2077 1968; x_wconf 79' lang='lat' dir='ltr'><strong>contradictionem</strong></span> <span class='ocrx_word' id='word_1_105' title='bbox 2106 1928 2192 1968; x_wconf 83' lang='lat' dir='ltr'><strong>se-</strong></span> 
     </span>
    </p>
   </div>
   <div class='ocr_carea' id='block_1_21' title="bbox 615 1999 2192 2079">
    <p class='ocr_par' dir='ltr' id='par_1_21' title="bbox 615 1999 2192 2079">
     <span class='ocr_line' id='line_1_21' title="bbox 615 1999 2192 2079; baseline -0.005 -17"><span class='ocrx_word' id='word_1_106' title='bbox 615 2011 804 2079; x_wconf 85' lang='lat' dir='ltr'><strong>quitur</strong></span> <span class='ocrx_word' id='word_1_107' title='bbox 835 2010 888 2062; x_wconf 82' lang='lat' dir='ltr'><strong>e&#39;t</strong></span> <span class='ocrx_word' id='word_1_108' title='bbox 918 2008 1231 2062; x_wconf 87' lang='lat' dir='ltr'><strong>necessario</strong></span> <span class='ocrx_word' id='word_1_109' title='bbox 1261 2005 1628 2062; x_wconf 80' lang='lat' dir='ltr'><strong>concluditur.</strong></span> <span class='ocrx_word' id='word_1_110' title='bbox 1651 2019 1717 2058; x_wconf 77' lang='lat' dir='ltr'><strong>ex</strong></span> <span class='ocrx_word' id='word_1_111' title='bbox 1752 1999 1890 2056; x_wconf 72' lang='lat' dir='ltr'><strong>Filio</strong></span> <span class='ocrx_word' id='word_1_112' title='bbox 1923 2018 2045 2055; x_wconf 91' lang='lat' dir='ltr'><strong>eum</strong></span> <span class='ocrx_word' id='word_1_113' title='bbox 2087 2014 2192 2056; x_wconf 91' lang='lat' dir='ltr'><strong>non</strong></span> 
     </span>
    </p>
   </div>
   <div class='ocr_carea' id='block_1_22' title="bbox 615 2093 2192 2172">
    <p class='ocr_par' dir='ltr' id='par_1_22' title="bbox 615 2093 2192 2172">
     <span class='ocr_line' id='line_1_22' title="bbox 615 2093 2192 2172; baseline -0.004 -16"><span class='ocrx_word' id='word_1_114' title='bbox 615 2101 911 2172; x_wconf 85' lang='lat' dir='ltr'><strong>procedere</strong></span> <span class='ocrx_word' id='word_1_115' title='bbox 941 2099 1253 2153; x_wconf 80' lang='lat' dir='ltr'><strong>?Existimo</strong></span> <span class='ocrx_word' id='word_1_116' title='bbox 1293 2098 1434 2151; x_wconf 89' lang='lat' dir='ltr'><strong>enim</strong></span> <span class='ocrx_word' id='word_1_117' title='bbox 1485 2097 1908 2164; x_wconf 65' lang='lat' dir='ltr'><strong>eum,quam\&#39;is</strong></span> <span class='ocrx_word' id='word_1_118' title='bbox 1962 2093 2192 2149; x_wconf 91' lang='lat' dir='ltr'><strong>multum</strong></span> 
     </span>
    </p>
   </div>
   <div class='ocr_carea' id='block_1_23' title="bbox 618 2189 2192 2260">
    <p class='ocr_par' dir='ltr' id='par_1_23' title="bbox 618 2189 2192 2260">
     <span class='ocr_line' id='line_1_23' title="bbox 618 2189 2192 2260; baseline -0.006 -10"><span class='ocrx_word' id='word_1_119' title='bbox 618 2197 828 2250; x_wconf 89' lang='lat' dir='ltr'><strong>laboret</strong></span> <span class='ocrx_word' id='word_1_120' title='bbox 858 2202 914 2250; x_wconf 91' lang='lat' dir='ltr'><strong>et</strong></span> <span class='ocrx_word' id='word_1_121' title='bbox 969 2192 1277 2249; x_wconf 79' lang='lat' dir='ltr'><strong>sexcenties</strong></span> <span class='ocrx_word' id='word_1_122' title='bbox 1323 2189 1788 2246; x_wconf 83' lang='lat' dir='ltr'><strong>cecumenicarum</strong></span> <span class='ocrx_word' id='word_1_123' title='bbox 1857 2189 2192 2260; x_wconf 86' lang='lat' dir='ltr'><strong>synodorum</strong></span> 
     </span>
    </p>
   </div>
   <div class='ocr_carea' id='block_1_24' title="bbox 616 2283 2192 2356">
    <p class='ocr_par' dir='ltr' id='par_1_24' title="bbox 616 2283 2192 2356">
     <span class='ocr_line' id='line_1_24' title="bbox 616 2283 2192 2356; baseline -0.004 -15"><span class='ocrx_word' id='word_1_124' title='bbox 616 2285 946 2356; x_wconf 68' lang='lat' dir='ltr'><strong>exemplaria</strong></span> <span class='ocrx_word' id='word_1_125' title='bbox 982 2284 1277 2353; x_wconf 83' lang='lat' dir='ltr'><strong>pervolvat,</strong></span> <span class='ocrx_word' id='word_1_126' title='bbox 1311 2283 1504 2336; x_wconf 88' lang='lat' dir='ltr'><strong>nullibi</strong></span> <span class='ocrx_word' id='word_1_127' title='bbox 1566 2296 1799 2350; x_wconf 73' lang='lat' dir='ltr'><strong>prorsus.</strong></span> <span class='ocrx_word' id='word_1_128' title='bbox 1846 2288 2192 2350; x_wconf 90' lang='lat' dir='ltr'><strong>reperturum</strong></span> 
     </span>
    </p>
   </div>
   <div class='ocr_carea' id='block_1_25' title="bbox 615 2372 2192 2441">
    <p class='ocr_par' dir='ltr' id='par_1_25' title="bbox 615 2372 2192 2441">
     <span class='ocr_line' id='line_1_25' title="bbox 615 2372 2192 2441; baseline -0.003 -9"><span class='ocrx_word' id='word_1_129' title='bbox 615 2379 844 2439; x_wconf 87' lang='lat' dir='ltr'><strong>dictum,</strong></span> <span class='ocrx_word' id='word_1_130' title='bbox 864 2391 928 2430; x_wconf 76' lang='lat' dir='ltr'><strong>ex</strong></span> <span class='ocrx_word' id='word_1_131' title='bbox 962 2374 1080 2428; x_wconf 86' lang='lat' dir='ltr'><strong>solo</strong></span> <span class='ocrx_word' id='word_1_132' title='bbox 1103 2375 1260 2428; x_wconf 81' lang='lat' dir='ltr'><strong>Patre</strong></span> <span class='ocrx_word' id='word_1_133' title='bbox 1290 2374 1581 2441; x_wconf 85' lang='lat' dir='ltr'><strong>procedere</strong></span> <span class='ocrx_word' id='word_1_134' title='bbox 1601 2372 1864 2440; x_wconf 86' lang='lat' dir='ltr'><strong>Spiritum</strong></span> <span class='ocrx_word' id='word_1_135' title='bbox 1902 2382 2152 2427; x_wconf 79' lang='lat' dir='ltr'><strong>sanctum</strong></span> <span class='ocrx_word' id='word_1_136' title='bbox 2176 2390 2192 2439; x_wconf 89' lang='lat'><strong>;</strong></span> 
     </span>
    </p>
   </div>
   <div class='ocr_carea' id='block_1_26' title="bbox 618 2466 2195 2536">
    <p class='ocr_par' dir='ltr' id='par_1_26' title="bbox 618 2466 2195 2536">
     <span class='ocr_line' id='line_1_26' title="bbox 618 2466 2195 2536; baseline -0.006 -14"><span class='ocrx_word' id='word_1_137' title='bbox 618 2472 748 2525; x_wconf 86' lang='lat' dir='ltr'><strong>item</strong></span> <span class='ocrx_word' id='word_1_138' title='bbox 793 2469 848 2522; x_wconf 88' lang='lat' dir='ltr'><strong>id</strong></span> <span class='ocrx_word' id='word_1_139' title='bbox 889 2483 1065 2536; x_wconf 83' lang='lat' dir='ltr'><strong>neque</strong></span> <span class='ocrx_word' id='word_1_140' title='bbox 1091 2468 1142 2520; x_wconf 92' lang='lat' dir='ltr'><strong>in</strong></span> <span class='ocrx_word' id='word_1_141' title='bbox 1166 2467 1392 2535; x_wconf 83' lang='lat' dir='ltr'><strong>reliquis</strong></span> <span class='ocrx_word' id='word_1_142' title='bbox 1423 2466 1744 2519; x_wconf 79' lang='lat' dir='ltr'><strong>doctoribus</strong></span> <span class='ocrx_word' id='word_1_143' title='bbox 1790 2474 1951 2534; x_wconf 75' lang='lat' dir='ltr'><strong>atque</strong></span> <span class='ocrx_word' id='word_1_144' title='bbox 1981 2467 2195 2520; x_wconf 78' lang='lat' dir='ltr'><strong>theolo-</strong></span> 
     </span>
    </p>
   </div>
   <div class='ocr_carea' id='block_1_27' title="bbox 618 2548 2191 2629">
    <p class='ocr_par' dir='ltr' id='par_1_27' title="bbox 618 2548 2191 2629">
     <span class='ocr_line' id='line_1_27' title="bbox 618 2548 2191 2629; baseline -0.003 -15"><span class='ocrx_word' id='word_1_145' title='bbox 618 2563 700 2629; x_wconf 74' lang='lat' dir='ltr'><strong>gis</strong></span> <span class='ocrx_word' id='word_1_146' title='bbox 724 2548 979 2629; x_wconf 55' lang='lat' dir='ltr'><strong>reperiet.</strong></span> <span class='ocrx_word' id='word_1_147' title='bbox 1017 2556 1172 2622; x_wconf 82' lang='lat' dir='ltr'><strong>Quod</strong></span> <span class='ocrx_word' id='word_1_148' title='bbox 1203 2557 1245 2611; x_wconf 91' lang='lat' dir='ltr'><strong>si</strong></span> <span class='ocrx_word' id='word_1_149' title='bbox 1274 2554 1502 2614; x_wconf 83' lang='lat' dir='ltr'><strong>Photius</strong></span> <span class='ocrx_word' id='word_1_150' title='bbox 1533 2555 1848 2623; x_wconf 75' lang='lat' dir='ltr'><strong>patriarcha</strong></span> <span class='ocrx_word' id='word_1_151' title='bbox 1903 2555 2058 2613; x_wconf 77' lang='lat' dir='ltr'><strong>dixit.</strong></span> <span class='ocrx_word' id='word_1_152' title='bbox 2097 2556 2191 2610; x_wconf 79' lang='lat' dir='ltr'><strong>sed</strong></span> 
     </span>
    </p>
   </div>
   <div class='ocr_carea' id='block_1_28' title="bbox 618 2648 2199 2713">
    <p class='ocr_par' dir='ltr' id='par_1_28' title="bbox 618 2648 2199 2713">
     <span class='ocr_line' id='line_1_28' title="bbox 618 2648 2199 2713; baseline -0.003 -7"><span class='ocrx_word' id='word_1_153' title='bbox 618 2649 1063 2713; x_wconf 82' lang='lat' dir='ltr'><strong>animadvertito,</strong></span> <span class='ocrx_word' id='word_1_154' title='bbox 1102 2649 1358 2701; x_wconf 85' lang='lat' dir='ltr'><strong>Pbotium</strong></span> <span class='ocrx_word' id='word_1_155' title='bbox 1382 2662 1491 2700; x_wconf 88' lang='lat' dir='ltr'><strong>non</strong></span> <span class='ocrx_word' id='word_1_156' title='bbox 1523 2662 1640 2700; x_wconf 78' lang='lat' dir='ltr'><strong>esse</strong></span> <span class='ocrx_word' id='word_1_157' title='bbox 1664 2648 1717 2699; x_wconf 92' lang='lat' dir='ltr'><strong>in</strong></span> <span class='ocrx_word' id='word_1_158' title='bbox 1751 2659 2063 2703; x_wconf 76' lang='lat' dir='ltr'><strong>sanctorum</strong></span> <span class='ocrx_word' id='word_1_159' title='bbox 2098 2663 2199 2701; x_wconf 83' lang='lat' dir='ltr'><strong>nu-</strong></span> 
     </span>
    </p>
   </div>
   <div class='ocr_carea' id='block_1_29' title="bbox 621 2738 2196 2808">
    <p class='ocr_par' dir='ltr' id='par_1_29' title="bbox 621 2738 2196 2808">
     <span class='ocr_line' id='line_1_29' title="bbox 621 2738 2196 2808; baseline -0.001 -12"><span class='ocrx_word' id='word_1_160' title='bbox 621 2757 772 2797; x_wconf 89' lang='lat' dir='ltr'><strong>mero</strong></span> <span class='ocrx_word' id='word_1_161' title='bbox 799 2741 1148 2805; x_wconf 86' lang='lat' dir='ltr'><strong>collocatum,</strong></span> <span class='ocrx_word' id='word_1_162' title='bbox 1178 2740 1305 2793; x_wconf 88' lang='lat' dir='ltr'><strong>licet</strong></span> <span class='ocrx_word' id='word_1_163' title='bbox 1325 2738 1442 2794; x_wconf 83' lang='lat' dir='ltr'><strong>una</strong></span> <span class='ocrx_word' id='word_1_164' title='bbox 1465 2738 1624 2792; x_wconf 88' lang='lat' dir='ltr'><strong>simul</strong></span> <span class='ocrx_word' id='word_1_165' title='bbox 1651 2749 1704 2791; x_wconf 90' lang='lat' dir='ltr'><strong>et</strong></span> <span class='ocrx_word' id='word_1_166' title='bbox 1737 2740 1922 2792; x_wconf 86' lang='lat' dir='ltr'><strong>eodem</strong></span> <span class='ocrx_word' id='word_1_167' title='bbox 1949 2750 2196 2808; x_wconf 89' lang='lat' dir='ltr'><strong>tempore</strong></span> 
     </span>
    </p>
   </div>
   <div class='ocr_carea' id='block_1_30' title="bbox 620 2830 2188 2900">
    <p class='ocr_par' dir='ltr' id='par_1_30' title="bbox 620 2830 2188 2900">
     <span class='ocr_line' id='line_1_30' title="bbox 620 2830 2188 2900; baseline -0.003 -11"><span class='ocrx_word' id='word_1_168' title='bbox 620 2833 857 2890; x_wconf 66' lang='lat' dir='ltr'><strong>\‘ixerint</strong></span> <span class='ocrx_word' id='word_1_169' title='bbox 891 2833 1117 2888; x_wconf 81' lang='lat' dir='ltr'><strong>Pliniius</strong></span> <span class='ocrx_word' id='word_1_170' title='bbox 1141 2842 1192 2886; x_wconf 90' lang='lat' dir='ltr'><strong>el</strong></span> <span class='ocrx_word' id='word_1_171' title='bbox 1217 2832 1481 2900; x_wconf 82' lang='lat' dir='ltr'><strong>Iguatius.</strong></span> <span class='ocrx_word' id='word_1_172' title='bbox 1523 2830 1625 2884; x_wconf 84' lang='lat' dir='ltr'><strong>Sed</strong></span> <span class='ocrx_word' id='word_1_173' title='bbox 1666 2831 1752 2884; x_wconf 84' lang='lat' dir='ltr'><strong>hic</strong></span> <span class='ocrx_word' id='word_1_174' title='bbox 1796 2830 2014 2898; x_wconf 82' lang='lat' dir='ltr'><strong>quidem</strong></span> <span class='ocrx_word' id='word_1_175' title='bbox 2044 2833 2188 2884; x_wconf 85' lang='lat' dir='ltr'><strong>inter</strong></span> 
     </span>
    </p>
   </div>
   <div class='ocr_carea' id='block_1_31' title="bbox 620 2919 2193 2978">
    <p class='ocr_par' dir='ltr' id='par_1_31' title="bbox 620 2919 2193 2978">
     <span class='ocr_line' id='line_1_31' title="bbox 620 2919 2193 2978; baseline -0.002 0"><span class='ocrx_word' id='word_1_176' title='bbox 620 2933 842 2978; x_wconf 88' lang='lat' dir='ltr'><strong>sanctos</strong></span> <span class='ocrx_word' id='word_1_177' title='bbox 873 2922 1261 2976; x_wconf 81' lang='lat' dir='ltr'><strong>adnumeratur</strong></span> <span class='ocrx_word' id='word_1_178' title='bbox 1278 2929 1333 2976; x_wconf 89' lang='lat' dir='ltr'><strong>et</strong></span> <span class='ocrx_word' id='word_1_179' title='bbox 1363 2919 1449 2973; x_wconf 84' lang='lat' dir='ltr'><strong>die</strong></span> <span class='ocrx_word' id='word_1_180' title='bbox 1470 2920 1733 2973; x_wconf 84' lang='lat' dir='ltr'><strong>vicesimo</strong></span> <span class='ocrx_word' id='word_1_181' title='bbox 1754 2921 1916 2975; x_wconf 85' lang='lat' dir='ltr'><strong>tertio</strong></span> <span class='ocrx_word' id='word_1_182' title='bbox 1937 2919 2193 2976; x_wconf 85' lang='lat' dir='ltr'><strong>Octobris</strong></span> 
     </span>
    </p>
   </div>
   <div class='ocr_carea' id='block_1_32' title="bbox 620 3009 2193 3084">
    <p class='ocr_par' dir='ltr' id='par_1_32' title="bbox 620 3009 2193 3084">
     <span class='ocr_line' id='line_1_32' title="bbox 620 3009 2193 3084; baseline -0.003 -14"><span class='ocrx_word' id='word_1_183' title='bbox 620 3016 674 3070; x_wconf 88' lang='lat' dir='ltr'><strong>in</strong></span> <span class='ocrx_word' id='word_1_184' title='bbox 708 3013 1014 3084; x_wconf 81' lang='lat' dir='ltr'><strong>synaxariis</strong></span> <span class='ocrx_word' id='word_1_185' title='bbox 1051 3012 1224 3066; x_wconf 89' lang='lat' dir='ltr'><strong>locum</strong></span> <span class='ocrx_word' id='word_1_186' title='bbox 1260 3011 1444 3064; x_wconf 90' lang='lat' dir='ltr'><strong>hahet.</strong></span> <span class='ocrx_word' id='word_1_187' title='bbox 1467 3009 1695 3065; x_wconf 87' lang='lat' dir='ltr'><strong>Photius</strong></span> <span class='ocrx_word' id='word_1_188' title='bbox 1733 3028 1859 3065; x_wconf 86' lang='lat' dir='ltr'><strong>vero</strong></span> <span class='ocrx_word' id='word_1_189' title='bbox 1894 3013 2042 3066; x_wconf 90' lang='lat' dir='ltr'><strong>nullo</strong></span> <span class='ocrx_word' id='word_1_190' title='bbox 2071 3025 2193 3066; x_wconf 51' lang='lat' dir='ltr'><strong>mea</strong></span> 
     </span>
    </p>
   </div>
   <div class='ocr_carea' id='block_1_33' title="bbox 2291 529 3834 601">
    <p class='ocr_par' dir='ltr' id='par_1_33' title="bbox 2291 529 3834 601">
     <span class='ocr_line' id='line_1_33' title="bbox 2291 529 3834 601; baseline -0.008 -9"><span class='ocrx_word' id='word_1_191' title='bbox 2291 539 2384 592; x_wconf 81' lang='grc' dir='ltr'>τοῦ</span> <span class='ocrx_word' id='word_1_192' title='bbox 2415 541 2472 592; x_wconf 81' lang='grc' dir='ltr'>ὲν</span> <span class='ocrx_word' id='word_1_193' title='bbox 2500 535 3073 592; x_wconf 81' lang='grc' dir='ltr'>Κωνσταντινουπόλει</span> <span class='ocrx_word' id='word_1_194' title='bbox 3107 532 3444 601; x_wconf 75' lang='grc' dir='ltr'><strong>ποιούμενοι,</strong></span> <span class='ocrx_word' id='word_1_195' title='bbox 3480 529 3553 591; x_wconf 84' lang='grc' dir='ltr'>ὡς</span> <span class='ocrx_word' id='word_1_196' title='bbox 3582 529 3834 597; x_wconf 75' lang='grc' dir='ltr'>προϊόντος</span> 
     </span>
    </p>
   </div>
   <div class='ocr_carea' id='block_1_34' title="bbox 2292 614 3834 698">
    <p class='ocr_par' dir='ltr' id='par_1_34' title="bbox 2292 614 3834 698">
     <span class='ocr_line' id='line_1_34' title="bbox 2292 614 3834 698; baseline -0.008 -14"><span class='ocrx_word' id='word_1_197' title='bbox 2292 632 2386 684; x_wconf 79' lang='grc' dir='ltr'><strong>τοῦ</strong></span> <span class='ocrx_word' id='word_1_198' title='bbox 2418 631 2579 696; x_wconf 86' lang='grc' dir='ltr'>λόγου</span> <span class='ocrx_word' id='word_1_199' title='bbox 2606 614 2663 684; x_wconf 76' lang='grc' dir='ltr'>ὲν</span> <span class='ocrx_word' id='word_1_200' title='bbox 2698 631 2775 698; x_wconf 86' lang='grc' dir='ltr'><strong>τῷ</strong></span> <span class='ocrx_word' id='word_1_201' title='bbox 2808 628 3144 698; x_wconf 77' lang='grc' dir='ltr'>προσήκοντι</span> <span class='ocrx_word' id='word_1_202' title='bbox 3179 625 3330 694; x_wconf 84' lang='grc' dir='ltr'><strong>τόπῳ</strong></span> <span class='ocrx_word' id='word_1_203' title='bbox 3378 623 3612 691; x_wconf 70' lang='grc' dir='ltr'>φανερὸν</span> <span class='ocrx_word' id='word_1_204' title='bbox 3643 623 3834 691; x_wconf 79' lang='grc' dir='ltr'>ποιήσο-</span> 
     </span>
    </p>
   </div>
   <div class='ocr_carea' id='block_1_35' title="bbox 2294 723 3175 792">
    <p class='ocr_par' dir='ltr' id='par_1_35' title="bbox 2294 723 3175 792">
     <span class='ocr_line' id='line_1_35' title="bbox 2294 723 3175 792; baseline -0.002 0"><span class='ocrx_word' id='word_1_205' title='bbox 2294 741 2394 792; x_wconf 88' lang='grc' dir='ltr'><strong>μεν</strong></span> <span class='ocrx_word' id='word_1_206' title='bbox 2430 723 2531 792; x_wconf 71' lang='lat' dir='ltr'><strong>(U-</strong></span> <span class='ocrx_word' id='word_1_207' title='bbox 3163 784 3175 790; x_wconf 86' lang='lat'><strong>-</strong></span> 
     </span>
    </p>
   </div>
   <div class='ocr_carea' id='block_1_36' title="bbox 2941 810 3693 884">
    <p class='ocr_par' dir='ltr' id='par_1_36' title="bbox 2941 810 3693 884">
     <span class='ocr_line' id='line_1_36' title="bbox 2941 810 3693 884; baseline -0.003 -20"><span class='ocrx_word' id='word_1_208' title='bbox 2941 810 3222 884; x_wconf 63' lang='lat' dir='ltr'><strong>sessor.</strong></span> <span class='ocrx_word' id='word_1_209' title='bbox 3689 869 3693 875; x_wconf 55' lang='grc'><strong>,</strong></span> 
     </span>
    </p>
   </div>
   <div class='ocr_carea' id='block_1_37' title="bbox 2374 897 3838 972">
    <p class='ocr_par' dir='ltr' id='par_1_37' title="bbox 2374 897 3838 972">
     <span class='ocr_line' id='line_1_37' title="bbox 2374 897 3838 972; baseline -0.005 -12"><span class='ocrx_word' id='word_1_210' title='bbox 2374 907 2514 960; x_wconf 85' lang='grc' dir='ltr'>Ἀλλ’</span> <span class='ocrx_word' id='word_1_211' title='bbox 2549 907 2659 960; x_wconf 80' lang='grc' dir='ltr'>οὐδ’</span> <span class='ocrx_word' id='word_1_212' title='bbox 2684 905 2904 960; x_wconf 65' lang='grc' dir='ltr'>ἐναντία</span> <span class='ocrx_word' id='word_1_213' title='bbox 2922 907 3045 968; x_wconf 82' lang='grc' dir='ltr'>ταῖς</span> <span class='ocrx_word' id='word_1_214' title='bbox 3076 897 3486 972; x_wconf 82' lang='grc' dir='ltr'>οίκουμενικαῒς</span> <span class='ocrx_word' id='word_1_215' title='bbox 3510 899 3739 960; x_wconf 75' lang='grc' dir='ltr'><strong>συνόδοις</strong></span> <span class='ocrx_word' id='word_1_216' title='bbox 3759 897 3838 953; x_wconf 64' lang='grc' dir='ltr'><strong>καὶ</strong></span> 
     </span>
    </p>
   </div>
   <div class='ocr_carea' id='block_1_38' title="bbox 2287 990 3840 1074">
    <p class='ocr_par' dir='ltr' id='par_1_38' title="bbox 2287 990 3840 1074">
     <span class='ocr_line' id='line_1_38' title="bbox 2287 990 3840 1074; baseline -0.009 -21"><span class='ocrx_word' id='word_1_217' title='bbox 2287 1004 2400 1074; x_wconf 83' lang='grc' dir='ltr'>τοῖς</span> <span class='ocrx_word' id='word_1_218' title='bbox 2426 1002 2631 1062; x_wconf 79' lang='grc' dir='ltr'>κοινοῖς</span> <span class='ocrx_word' id='word_1_219' title='bbox 2649 998 2829 1052; x_wconf 82' lang='grc' dir='ltr'>αὐτῶν</span> <span class='ocrx_word' id='word_1_220' title='bbox 2849 997 3139 1066; x_wconf 76' lang='grc' dir='ltr'><strong>δόγμασιν,</strong></span> <span class='ocrx_word' id='word_1_221' title='bbox 3166 994 3284 1049; x_wconf 75' lang='grc' dir='ltr'>ἀλλ’</span> <span class='ocrx_word' id='word_1_222' title='bbox 3306 993 3417 1046; x_wconf 77' lang='grc' dir='ltr'>οὐδ’</span> <span class='ocrx_word' id='word_1_223' title='bbox 3439 992 3505 1045; x_wconf 79' lang='grc' dir='ltr'>ἂν</span> <span class='ocrx_word' id='word_1_224' title='bbox 3528 991 3661 1052; x_wconf 75' lang='grc' dir='ltr'>ὅλως</span> <span class='ocrx_word' id='word_1_225' title='bbox 3685 990 3840 1057; x_wconf 80' lang='grc' dir='ltr'>ἀσύμ-</span> 
     </span>
    </p>
   </div>
   <div class='ocr_carea' id='block_1_39' title="bbox 2293 1085 3842 1161">
    <p class='ocr_par' dir='ltr' id='par_1_39' title="bbox 2293 1085 3842 1161">
     <span class='ocr_line' id='line_1_39' title="bbox 2293 1085 3842 1161; baseline -0.008 -14"><span class='ocrx_word' id='word_1_226' title='bbox 2293 1112 2445 1161; x_wconf 72' lang='grc' dir='ltr'>φωνα</span> <span class='ocrx_word' id='word_1_227' title='bbox 2470 1095 2582 1155; x_wconf 86' lang='grc' dir='ltr'>τοῖς</span> <span class='ocrx_word' id='word_1_228' title='bbox 2617 1092 2963 1154; x_wconf 81' lang='grc' dir='ltr'>ἁνατολικοτς</span> <span class='ocrx_word' id='word_1_229' title='bbox 3010 1089 3356 1150; x_wconf 77' lang='grc' dir='ltr'><strong>διδασκάλοις</strong></span> <span class='ocrx_word' id='word_1_230' title='bbox 3387 1085 3636 1157; x_wconf 61' lang='grc' dir='ltr'>ἔγραψαν</span> <span class='ocrx_word' id='word_1_231' title='bbox 3670 1087 3715 1139; x_wconf 78' lang='lat' dir='ltr'><strong>oi</strong></span> <span class='ocrx_word' id='word_1_232' title='bbox 3753 1085 3842 1137; x_wconf 71' lang='lat' dir='ltr'><strong>il:-</strong></span> 
     </span>
    </p>
   </div>
   <div class='ocr_carea' id='block_1_40' title="bbox 2289 1169 3840 1254">
    <p class='ocr_par' dir='ltr' id='par_1_40' title="bbox 2289 1169 3840 1254">
     <span class='ocr_line' id='line_1_40' title="bbox 2289 1169 3840 1254; baseline -0.008 -15"><span class='ocrx_word' id='word_1_233' title='bbox 2289 1189 2447 1254; x_wconf 85' lang='grc' dir='ltr'>τέρες</span> <span class='ocrx_word' id='word_1_234' title='bbox 2496 1189 2718 1253; x_wconf 80' lang='grc' dir='ltr'>ἐκεῖνοι,</span> <span class='ocrx_word' id='word_1_235' title='bbox 2752 1185 2872 1239; x_wconf 77' lang='grc' dir='ltr'>οὐδὲ</span> <span class='ocrx_word' id='word_1_236' title='bbox 2903 1184 3090 1246; x_wconf 85' lang='grc' dir='ltr'>αὐτοῖς</span> <span class='ocrx_word' id='word_1_237' title='bbox 3120 1169 3479 1241; x_wconf 70' lang='grc' dir='ltr'>ἀνακόλουθα,</span> <span class='ocrx_word' id='word_1_238' title='bbox 3515 1176 3759 1246; x_wconf 78' lang='grc' dir='ltr'>καθάπερ</span> <span class='ocrx_word' id='word_1_239' title='bbox 3787 1173 3840 1228; x_wconf 76' lang='grc' dir='ltr'>δι’</span> 
     </span>
    </p>
   </div>
   <div class='ocr_carea' id='block_1_41' title="bbox 2288 1273 3626 1348">
    <p class='ocr_par' dir='ltr' id='par_1_41' title="bbox 2288 1273 3626 1348">
     <span class='ocr_line' id='line_1_41' title="bbox 2288 1273 3626 1348; baseline -0.006 -15"><span class='ocrx_word' id='word_1_240' title='bbox 2288 1279 2465 1333; x_wconf 82' lang='grc' dir='ltr'>ἀλλων</span> <span class='ocrx_word' id='word_1_241' title='bbox 2499 1280 2714 1333; x_wconf 84' lang='grc' dir='ltr'>πολλῶν</span> <span class='ocrx_word' id='word_1_242' title='bbox 2743 1279 2974 1332; x_wconf 75' lang='grc' dir='ltr'>ἐκείνων</span> <span class='ocrx_word' id='word_1_243' title='bbox 3009 1275 3191 1348; x_wconf 78' lang='grc' dir='ltr'>ῥητῶν</span> <span class='ocrx_word' id='word_1_244' title='bbox 3221 1273 3626 1329; x_wconf 78' lang='grc' dir='ltr'>ἀποδείκνυται.</span> 
     </span>
    </p>
   </div>
   <div class='ocr_carea' id='block_1_42' title="bbox 2903 1457 3269 1514">
    <p class='ocr_par' dir='ltr' id='par_1_42' title="bbox 2903 1457 3269 1514">
     <span class='ocr_line' id='line_1_42' title="bbox 2903 1457 3269 1514; baseline 0.003 -2"><span class='ocrx_word' id='word_1_245' title='bbox 2903 1457 3269 1514; x_wconf 82' lang='grc' dir='ltr'><strong>ΑΠΟΛΟΓΙΑ.</strong></span> 
     </span>
    </p>
   </div>
   <div class='ocr_carea' id='block_1_43' title="bbox 2357 1549 3842 1621">
    <p class='ocr_par' dir='ltr' id='par_1_43' title="bbox 2357 1549 3842 1621">
     <span class='ocr_line' id='line_1_43' title="bbox 2357 1549 3842 1621; baseline -0.005 -15"><span class='ocrx_word' id='word_1_246' title='bbox 2357 1552 2678 1616; x_wconf 85' lang='grc' dir='ltr'>Θαυμάσιόν</span> <span class='ocrx_word' id='word_1_247' title='bbox 2710 1570 2764 1606; x_wconf 88' lang='grc' dir='ltr'><strong>τι</strong></span> <span class='ocrx_word' id='word_1_248' title='bbox 2800 1553 2897 1605; x_wconf 77' lang='grc' dir='ltr'><strong>καὶ</strong></span> <span class='ocrx_word' id='word_1_249' title='bbox 2930 1549 3234 1621; x_wconf 67' lang='grc' dir='ltr'>παραδόξον</span> <span class='ocrx_word' id='word_1_250' title='bbox 3263 1551 3292 1605; x_wconf 86' lang='grc' dir='ltr'><strong>ό</strong></span> <span class='ocrx_word' id='word_1_251' title='bbox 3316 1551 3595 1619; x_wconf 72' lang='grc' dir='ltr'><strong>αἰδέσιμος</strong></span> <span class='ocrx_word' id='word_1_252' title='bbox 3639 1549 3842 1617; x_wconf 84' lang='grc' dir='ltr'>Ἐφέσου</span> 
     </span>
    </p>
   </div>
   <div class='ocr_carea' id='block_1_44' title="bbox 2287 1627 3841 1713">
    <p class='ocr_par' dir='ltr' id='par_1_44' title="bbox 2287 1627 3841 1713">
     <span class='ocr_line' id='line_1_44' title="bbox 2287 1627 3841 1713; baseline -0.003 -15"><span class='ocrx_word' id='word_1_253' title='bbox 2287 1644 2458 1712; x_wconf 70' lang='grc' dir='ltr'>λέγει.</span> <span class='ocrx_word' id='word_1_254' title='bbox 2491 1644 2601 1698; x_wconf 76' lang='grc' dir='ltr'><strong>Πού</strong></span> <span class='ocrx_word' id='word_1_255' title='bbox 2634 1644 2745 1713; x_wconf 77' lang='grc' dir='ltr'>γὰρ</span> <span class='ocrx_word' id='word_1_256' title='bbox 2786 1645 2924 1707; x_wconf 83' lang='grc' dir='ltr'><strong>ὅλως</strong></span> <span class='ocrx_word' id='word_1_257' title='bbox 2962 1627 3270 1713; x_wconf 67' lang='grc' dir='ltr'>ἐμφανίσαι</span> <span class='ocrx_word' id='word_1_258' title='bbox 3299 1643 3436 1712; x_wconf 74' lang='grc' dir='ltr'>ἔχει,</span> <span class='ocrx_word' id='word_1_259' title='bbox 3475 1643 3551 1707; x_wconf 84' lang='grc' dir='ltr'>ὡς</span> <span class='ocrx_word' id='word_1_260' title='bbox 3583 1643 3638 1713; x_wconf 85' lang='grc' dir='ltr'><strong>αί</strong></span> <span class='ocrx_word' id='word_1_261' title='bbox 3681 1643 3841 1695; x_wconf 83' lang='grc' dir='ltr'>οίκου-</span> 
     </span>
    </p>
   </div>
   <div class='ocr_carea' id='block_1_45' title="bbox 2298 1732 3844 1808">
    <p class='ocr_par' dir='ltr' id='par_1_45' title="bbox 2298 1732 3844 1808">
     <span class='ocr_line' id='line_1_45' title="bbox 2298 1732 3844 1808; baseline -0.006 -16"><span class='ocrx_word' id='word_1_262' title='bbox 2298 1738 2516 1808; x_wconf 78' lang='grc' dir='ltr'>μενικαὶ</span> <span class='ocrx_word' id='word_1_263' title='bbox 2549 1737 2760 1791; x_wconf 81' lang='grc' dir='ltr'>σύνοδοι</span> <span class='ocrx_word' id='word_1_264' title='bbox 2799 1737 2862 1789; x_wconf 75' lang='grc' dir='ltr'>ἑκ</span> <span class='ocrx_word' id='word_1_265' title='bbox 2911 1737 3075 1804; x_wconf 84' lang='grc' dir='ltr'>μόνου</span> <span class='ocrx_word' id='word_1_266' title='bbox 3107 1736 3205 1788; x_wconf 82' lang='grc' dir='ltr'><strong>τοῦ</strong></span> <span class='ocrx_word' id='word_1_267' title='bbox 3253 1735 3469 1806; x_wconf 83' lang='grc' dir='ltr'>Πατρὸς</span> <span class='ocrx_word' id='word_1_268' title='bbox 3501 1732 3767 1805; x_wconf 74' lang='grc' dir='ltr'><strong>ἐκήρυξαν</strong></span> <span class='ocrx_word' id='word_1_269' title='bbox 3792 1733 3844 1785; x_wconf 77' lang='grc' dir='ltr'>τὸ</span> 
     </span>
    </p>
   </div>
   <div class='ocr_carea' id='block_1_46' title="bbox 2299 1815 3843 1901">
    <p class='ocr_par' dir='ltr' id='par_1_46' title="bbox 2299 1815 3843 1901">
     <span class='ocr_line' id='line_1_46' title="bbox 2299 1815 3843 1901; baseline -0.005 -14"><span class='ocrx_word' id='word_1_270' title='bbox 2299 1831 2525 1901; x_wconf 80' lang='grc' dir='ltr'><strong>Πνεῦμα</strong></span> <span class='ocrx_word' id='word_1_271' title='bbox 2557 1815 2807 1898; x_wconf 76' lang='grc' dir='ltr'>τδᾶγιον</span> <span class='ocrx_word' id='word_1_272' title='bbox 2850 1829 3272 1898; x_wconf 73' lang='grc' dir='ltr'>ικπορεύεσθαι,</span> <span class='ocrx_word' id='word_1_273' title='bbox 3303 1823 3457 1897; x_wconf 76' lang='grc' dir='ltr'>ᾧπερ</span> <span class='ocrx_word' id='word_1_274' title='bbox 3490 1827 3676 1882; x_wconf 71' lang='grc' dir='ltr'>ἕπεται</span> <span class='ocrx_word' id='word_1_275' title='bbox 3707 1829 3843 1880; x_wconf 71' lang='grc' dir='ltr'>ἔναν-</span> 
     </span>
    </p>
   </div>
   <div class='ocr_carea' id='block_1_47' title="bbox 2298 1920 3844 1992">
    <p class='ocr_par' dir='ltr' id='par_1_47' title="bbox 2298 1920 3844 1992">
     <span class='ocr_line' id='line_1_47' title="bbox 2298 1920 3844 1992; baseline -0.004 -15"><span class='ocrx_word' id='word_1_276' title='bbox 2298 1923 2427 1987; x_wconf 87' lang='grc' dir='ltr'>τίως</span> <span class='ocrx_word' id='word_1_277' title='bbox 2457 1925 2552 1977; x_wconf 68' lang='grc' dir='ltr'><strong>καὶ</strong></span> <span class='ocrx_word' id='word_1_278' title='bbox 2583 1921 2960 1992; x_wconf 82' lang='grc' dir='ltr'>ἀντιφατικῶς</span> <span class='ocrx_word' id='word_1_279' title='bbox 2987 1922 3050 1974; x_wconf 78' lang='grc' dir='ltr'>τὸ</span> <span class='ocrx_word' id='word_1_280' title='bbox 3091 1923 3155 1974; x_wconf 69' lang='grc' dir='ltr'>ἐκ</span> <span class='ocrx_word' id='word_1_281' title='bbox 3187 1921 3280 1974; x_wconf 79' lang='grc' dir='ltr'>τοῦ</span> <span class='ocrx_word' id='word_1_282' title='bbox 3315 1921 3454 1977; x_wconf 80' lang='grc' dir='ltr'>Υίοῢ</span> <span class='ocrx_word' id='word_1_283' title='bbox 3490 1921 3566 1991; x_wconf 79' lang='grc' dir='ltr'>μὴ</span> <span class='ocrx_word' id='word_1_284' title='bbox 3597 1920 3670 1988; x_wconf 73' lang='grc'><strong>(2)</strong></span> <span class='ocrx_word' id='word_1_285' title='bbox 3699 1920 3844 1973; x_wconf 76' lang='grc' dir='ltr'>ἐκπο-</span> 
     </span>
    </p>
   </div>
   <div class='ocr_carea' id='block_1_48' title="bbox 2301 2009 3844 2085">
    <p class='ocr_par' dir='ltr' id='par_1_48' title="bbox 2301 2009 3844 2085">
     <span class='ocr_line' id='line_1_48' title="bbox 2301 2009 3844 2085; baseline -0.005 -16"><span class='ocrx_word' id='word_1_286' title='bbox 2301 2016 2580 2085; x_wconf 86' lang='grc' dir='ltr'>ρεύεσθαι,</span> <span class='ocrx_word' id='word_1_287' title='bbox 2625 2015 2717 2068; x_wconf 84' lang='grc' dir='ltr'><strong>καί</strong></span> <span class='ocrx_word' id='word_1_288' title='bbox 2770 2017 2920 2068; x_wconf 76' lang='grc' dir='ltr'>ἐστιν</span> <span class='ocrx_word' id='word_1_289' title='bbox 2967 2015 3285 2082; x_wconf 77' lang='grc' dir='ltr'>ἀναγκαίως</span> <span class='ocrx_word' id='word_1_290' title='bbox 3334 2013 3662 2077; x_wconf 87' lang='grc' dir='ltr'>ἀκόλουθον;</span> <span class='ocrx_word' id='word_1_291' title='bbox 3699 2009 3844 2080; x_wconf 79' lang='grc' dir='ltr'>Οἶμαι</span> 
     </span>
    </p>
   </div>
   <div class='ocr_carea' id='block_1_49' title="bbox 2295 2101 3844 2178">
    <p class='ocr_par' dir='ltr' id='par_1_49' title="bbox 2295 2101 3844 2178">
     <span class='ocr_line' id='line_1_49' title="bbox 2295 2101 3844 2178; baseline -0.006 -15"><span class='ocrx_word' id='word_1_292' title='bbox 2295 2111 2423 2178; x_wconf 81' lang='grc' dir='ltr'>γὰρ,</span> <span class='ocrx_word' id='word_1_293' title='bbox 2477 2109 2553 2171; x_wconf 83' lang='grc' dir='ltr'>ὡς</span> <span class='ocrx_word' id='word_1_294' title='bbox 2601 2108 2772 2162; x_wconf 82' lang='grc' dir='ltr'>πολλὰ</span> <span class='ocrx_word' id='word_1_295' title='bbox 2827 2109 3071 2176; x_wconf 84' lang='grc' dir='ltr'>μογήσας</span> <span class='ocrx_word' id='word_1_296' title='bbox 3124 2108 3218 2161; x_wconf 72' lang='grc' dir='ltr'><strong>καὶ</strong></span> <span class='ocrx_word' id='word_1_297' title='bbox 3276 2106 3540 2175; x_wconf 66' lang='grc' dir='ltr'>μυριάκις</span> <span class='ocrx_word' id='word_1_298' title='bbox 3601 2105 3696 2166; x_wconf 79' lang='grc' dir='ltr'>τὰς</span> <span class='ocrx_word' id='word_1_299' title='bbox 3750 2101 3844 2154; x_wconf 87' lang='grc' dir='ltr'><strong>τῶν</strong></span> 
     </span>
    </p>
   </div>
   <div class='ocr_carea' id='block_1_50' title="bbox 2295 2195 3846 2270">
    <p class='ocr_par' dir='ltr' id='par_1_50' title="bbox 2295 2195 3846 2270">
     <span class='ocr_line' id='line_1_50' title="bbox 2295 2195 3846 2270; baseline -0.004 -16"><span class='ocrx_word' id='word_1_300' title='bbox 2295 2199 2690 2270; x_wconf 80' lang='grc' dir='ltr'>οίκουμενικῶν</span> <span class='ocrx_word' id='word_1_301' title='bbox 2724 2199 2958 2253; x_wconf 63' lang='grc' dir='ltr'>συνόδων</span> <span class='ocrx_word' id='word_1_302' title='bbox 2985 2197 3366 2261; x_wconf 81' lang='grc' dir='ltr'>ύποτυπὼσεις</span> <span class='ocrx_word' id='word_1_303' title='bbox 3390 2196 3636 2259; x_wconf 84' lang='grc' dir='ltr'>διελθὼν,</span> <span class='ocrx_word' id='word_1_304' title='bbox 3656 2195 3846 2265; x_wconf 75' lang='grc' dir='ltr'>οὖδαμῆ</span> 
     </span>
    </p>
   </div>
   <div class='ocr_carea' id='block_1_51' title="bbox 2296 2289 3845 2361">
    <p class='ocr_par' dir='ltr' id='par_1_51' title="bbox 2296 2289 3845 2361">
     <span class='ocr_line' id='line_1_51' title="bbox 2296 2289 3845 2361; baseline -0.003 -16"><span class='ocrx_word' id='word_1_305' title='bbox 2296 2291 2547 2361; x_wconf 71' lang='grc' dir='ltr'>οὐδαμῶς</span> <span class='ocrx_word' id='word_1_306' title='bbox 2576 2291 2798 2361; x_wconf 80' lang='grc' dir='ltr'>εὑρήσει</span> <span class='ocrx_word' id='word_1_307' title='bbox 2833 2291 2894 2344; x_wconf 85' lang='grc' dir='ltr'><strong>τδ</strong></span> <span class='ocrx_word' id='word_1_308' title='bbox 2927 2291 2990 2343; x_wconf 73' lang='grc' dir='ltr'>ἐκ</span> <span class='ocrx_word' id='word_1_309' title='bbox 3027 2290 3189 2360; x_wconf 87' lang='grc' dir='ltr'>μόνου</span> <span class='ocrx_word' id='word_1_310' title='bbox 3232 2290 3327 2343; x_wconf 81' lang='grc' dir='ltr'><strong>τοῦ</strong></span> <span class='ocrx_word' id='word_1_311' title='bbox 3363 2289 3574 2359; x_wconf 71' lang='grc' dir='ltr'>Πατρδς</span> <span class='ocrx_word' id='word_1_312' title='bbox 3599 2289 3845 2359; x_wconf 75' lang='grc' dir='ltr'>ἐκπορεύ-</span> 
     </span>
    </p>
   </div>
   <div class='ocr_carea' id='block_1_52' title="bbox 2296 2379 3848 2460">
    <p class='ocr_par' dir='ltr' id='par_1_52' title="bbox 2296 2379 3848 2460">
     <span class='ocr_line' id='line_1_52' title="bbox 2296 2379 3848 2460; baseline -0.006 -23"><span class='ocrx_word' id='word_1_313' title='bbox 2296 2385 2548 2460; x_wconf 69' lang='grc' dir='ltr'>εσθαιτὸ</span> <span class='ocrx_word' id='word_1_314' title='bbox 2577 2385 2739 2452; x_wconf 75' lang='grc' dir='ltr'>ἆγιον</span> <span class='ocrx_word' id='word_1_315' title='bbox 2776 2381 3024 2450; x_wconf 78' lang='grc' dir='ltr'>Πνεῦμαο</span> <span class='ocrx_word' id='word_1_316' title='bbox 3062 2381 3326 2444; x_wconf 84' lang='grc' dir='ltr'>ὡσαύτως</span> <span class='ocrx_word' id='word_1_317' title='bbox 3377 2380 3470 2434; x_wconf 72' lang='grc' dir='ltr'><strong>καὶ</strong></span> <span class='ocrx_word' id='word_1_318' title='bbox 3516 2381 3624 2434; x_wconf 84' lang='grc' dir='ltr'><strong>τῶν</strong></span> <span class='ocrx_word' id='word_1_319' title='bbox 3662 2379 3848 2433; x_wconf 81' lang='grc' dir='ltr'>λοιπῶν</span> 
     </span>
    </p>
   </div>
   <div class='ocr_carea' id='block_1_53' title="bbox 2295 2473 3846 2544">
    <p class='ocr_par' dir='ltr' id='par_1_53' title="bbox 2295 2473 3846 2544">
     <span class='ocr_line' id='line_1_53' title="bbox 2295 2473 3846 2544; baseline -0.004 -13"><span class='ocrx_word' id='word_1_320' title='bbox 2295 2478 2638 2533; x_wconf 79' lang='grc' dir='ltr'>διδασκάλων</span> <span class='ocrx_word' id='word_1_321' title='bbox 2668 2479 2761 2531; x_wconf 76' lang='grc' dir='ltr'><strong>καὶ</strong></span> <span class='ocrx_word' id='word_1_322' title='bbox 2796 2476 3088 2544; x_wconf 78' lang='grc' dir='ltr'>θεολόγων.</span> <span class='ocrx_word' id='word_1_323' title='bbox 3125 2478 3185 2530; x_wconf 71' lang='lat' dir='ltr'><strong>Ei</strong></span> <span class='ocrx_word' id='word_1_324' title='bbox 3221 2475 3264 2529; x_wconf 78' lang='grc' dir='ltr'>δ’</span> <span class='ocrx_word' id='word_1_325' title='bbox 3299 2478 3326 2529; x_wconf 88' lang='grc' dir='ltr'><strong>ό</strong></span> <span class='ocrx_word' id='word_1_326' title='bbox 3354 2474 3558 2539; x_wconf 80' lang='grc' dir='ltr'>Φώτιος</span> <span class='ocrx_word' id='word_1_327' title='bbox 3592 2473 3846 2544; x_wconf 79' lang='grc' dir='ltr'>πατριάρ-</span> 
     </span>
    </p>
   </div>
   <div class='ocr_carea' id='block_1_54' title="bbox 2297 2563 3845 2642">
    <p class='ocr_par' dir='ltr' id='par_1_54' title="bbox 2297 2563 3845 2642">
     <span class='ocr_line' id='line_1_54' title="bbox 2297 2563 3845 2642; baseline -0.005 -21"><span class='ocrx_word' id='word_1_328' title='bbox 2297 2586 2396 2637; x_wconf 79' lang='grc' dir='ltr'><strong>χης</strong></span> <span class='ocrx_word' id='word_1_329' title='bbox 2435 2563 2609 2631; x_wconf 80' lang='grc' dir='ltr'>εἶπεν,</span> <span class='ocrx_word' id='word_1_330' title='bbox 2644 2569 2756 2622; x_wconf 80' lang='grc' dir='ltr'>ἀλλ’</span> <span class='ocrx_word' id='word_1_331' title='bbox 2790 2567 2913 2636; x_wconf 85' lang='grc' dir='ltr'>ὅρα,</span> <span class='ocrx_word' id='word_1_332' title='bbox 2949 2567 3030 2619; x_wconf 84' lang='grc' dir='ltr'>ὅτι</span> <span class='ocrx_word' id='word_1_333' title='bbox 3081 2569 3140 2642; x_wconf 64' lang='grc' dir='ltr'><strong>εν</strong></span> <span class='ocrx_word' id='word_1_334' title='bbox 3177 2566 3354 2633; x_wconf 78' lang='grc' dir='ltr'>ἁγίοις</span> <span class='ocrx_word' id='word_1_335' title='bbox 3386 2567 3446 2618; x_wconf 85' lang='grc' dir='ltr'><strong>ού</strong></span> <span class='ocrx_word' id='word_1_336' title='bbox 3485 2564 3845 2618; x_wconf 71' lang='grc' dir='ltr'>συντέτακται·</span> 
     </span>
    </p>
   </div>
   <div class='ocr_carea' id='block_1_55' title="bbox 2297 2655 3852 2728">
    <p class='ocr_par' dir='ltr' id='par_1_55' title="bbox 2297 2655 3852 2728">
     <span class='ocr_line' id='line_1_55' title="bbox 2297 2655 3852 2728; baseline -0.003 -17"><span class='ocrx_word' id='word_1_337' title='bbox 2297 2658 2473 2711; x_wconf 88' lang='grc' dir='ltr'>καίτοι</span> <span class='ocrx_word' id='word_1_338' title='bbox 2523 2674 2586 2725; x_wconf 87' lang='grc' dir='ltr'><strong>γε</strong></span> <span class='ocrx_word' id='word_1_339' title='bbox 2643 2659 2701 2711; x_wconf 83' lang='grc' dir='ltr'>ὲν</span> <span class='ocrx_word' id='word_1_340' title='bbox 2752 2658 2831 2728; x_wconf 81' lang='grc' dir='ltr'>τῷ</span> <span class='ocrx_word' id='word_1_341' title='bbox 2884 2657 3035 2726; x_wconf 85' lang='grc' dir='ltr'>αύτῷ</span> <span class='ocrx_word' id='word_1_342' title='bbox 3087 2675 3141 2710; x_wconf 87' lang='grc' dir='ltr'><strong>τε</strong></span> <span class='ocrx_word' id='word_1_343' title='bbox 3205 2661 3299 2710; x_wconf 81' lang='grc' dir='ltr'>καὶ</span> <span class='ocrx_word' id='word_1_344' title='bbox 3334 2658 3413 2714; x_wconf 71' lang='grc' dir='ltr'>ἑνὶ</span> <span class='ocrx_word' id='word_1_345' title='bbox 3456 2655 3634 2728; x_wconf 82' lang='grc' dir='ltr'>καιρῷ</span> <span class='ocrx_word' id='word_1_346' title='bbox 3664 2655 3852 2716; x_wconf 73' lang='grc' dir='ltr'>Φώτιος</span> 
     </span>
    </p>
   </div>
   <div class='ocr_carea' id='block_1_56' title="bbox 2297 2749 3849 2818">
    <p class='ocr_par' dir='ltr' id='par_1_56' title="bbox 2297 2749 3849 2818">
     <span class='ocr_line' id='line_1_56' title="bbox 2297 2749 3849 2818; baseline -0.003 -16"><span class='ocrx_word' id='word_1_347' title='bbox 2297 2752 2391 2802; x_wconf 71' lang='grc' dir='ltr'><strong>καὶ</strong></span> <span class='ocrx_word' id='word_1_348' title='bbox 2423 2752 2500 2817; x_wconf 80' lang='lat'><strong>(3)</strong></span> <span class='ocrx_word' id='word_1_349' title='bbox 2561 2749 2839 2818; x_wconf 86' lang='grc' dir='ltr'>Ἰγνάτιος·</span> <span class='ocrx_word' id='word_1_350' title='bbox 2875 2749 3044 2804; x_wconf 82' lang='grc' dir='ltr'>ἀλλ’ὀ</span> <span class='ocrx_word' id='word_1_351' title='bbox 3095 2750 3193 2818; x_wconf 81' lang='grc' dir='ltr'>μὲν</span> <span class='ocrx_word' id='word_1_352' title='bbox 3241 2751 3338 2803; x_wconf 76' lang='grc' dir='ltr'><strong>σὺν</strong></span> <span class='ocrx_word' id='word_1_353' title='bbox 3385 2750 3560 2815; x_wconf 84' lang='grc' dir='ltr'>ἁγίοις</span> <span class='ocrx_word' id='word_1_354' title='bbox 3610 2749 3849 2802; x_wconf 79' lang='grc' dir='ltr'>τέτακται</span> 
     </span>
    </p>
   </div>
   <div class='ocr_carea' id='block_1_57' title="bbox 2301 2839 3852 2912">
    <p class='ocr_par' dir='ltr' id='par_1_57' title="bbox 2301 2839 3852 2912">
     <span class='ocr_line' id='line_1_57' title="bbox 2301 2839 3852 2912; baseline -0.004 -17"><span class='ocrx_word' id='word_1_355' title='bbox 2301 2842 2398 2895; x_wconf 82' lang='grc' dir='ltr'>καὶ</span> <span class='ocrx_word' id='word_1_356' title='bbox 2448 2844 2507 2894; x_wconf 81' lang='grc' dir='ltr'>ὲν</span> <span class='ocrx_word' id='word_1_357' title='bbox 2553 2844 2619 2912; x_wconf 78' lang='grc' dir='ltr'>τῇ</span> <span class='ocrx_word' id='word_1_358' title='bbox 2675 2843 2896 2910; x_wconf 72' lang='grc' dir='ltr'>εἰκοστῇ</span> <span class='ocrx_word' id='word_1_359' title='bbox 2944 2840 3103 2912; x_wconf 76' lang='grc' dir='ltr'>τρίτῃ</span> <span class='ocrx_word' id='word_1_360' title='bbox 3153 2839 3245 2892; x_wconf 85' lang='grc' dir='ltr'>τοῦ</span> <span class='ocrx_word' id='word_1_361' title='bbox 3291 2839 3623 2909; x_wconf 80' lang='grc' dir='ltr'>Ὀκτωϐρίου</span> <span class='ocrx_word' id='word_1_362' title='bbox 3668 2841 3724 2890; x_wconf 78' lang='grc' dir='ltr'>ἐν</span> <span class='ocrx_word' id='word_1_363' title='bbox 3753 2841 3852 2898; x_wconf 84' lang='grc' dir='ltr'>τοῖς</span> 
     </span>
    </p>
   </div>
   <div class='ocr_carea' id='block_1_58' title="bbox 2302 2928 3853 3002">
    <p class='ocr_par' dir='ltr' id='par_1_58' title="bbox 2302 2928 3853 3002">
     <span class='ocr_line' id='line_1_58' title="bbox 2302 2928 3853 3002; baseline -0.003 -15"><span class='ocrx_word' id='word_1_364' title='bbox 2302 2933 2654 3002; x_wconf 80' lang='grc' dir='ltr'>συναξαρίοις</span> <span class='ocrx_word' id='word_1_365' title='bbox 2689 2934 2828 3001; x_wconf 85' lang='grc' dir='ltr'><strong>μετὰ</strong></span> <span class='ocrx_word' id='word_1_366' title='bbox 2859 2931 2966 2984; x_wconf 85' lang='grc' dir='ltr'><strong>τῶν</strong></span> <span class='ocrx_word' id='word_1_367' title='bbox 2998 2933 3171 2997; x_wconf 86' lang='grc' dir='ltr'>ἁγίων</span> <span class='ocrx_word' id='word_1_368' title='bbox 3203 2931 3579 2984; x_wconf 79' lang='grc' dir='ltr'>συντάττεται·</span> <span class='ocrx_word' id='word_1_369' title='bbox 3614 2933 3640 2984; x_wconf 90' lang='grc' dir='ltr'><strong>ό</strong></span> <span class='ocrx_word' id='word_1_370' title='bbox 3671 2930 3727 2984; x_wconf 66' lang='grc' dir='ltr'>δὲ</span> <span class='ocrx_word' id='word_1_371' title='bbox 3748 2928 3853 2982; x_wconf 58' lang='lat' dir='ltr'><strong>Mi-</strong></span> 
     </span>
    </p>
   </div>
   <div class='ocr_carea' id='block_1_59' title="bbox 2296 3021 3856 3093">
    <p class='ocr_par' dir='ltr' id='par_1_59' title="bbox 2296 3021 3856 3093">
     <span class='ocr_line' id='line_1_59' title="bbox 2296 3021 3856 3093; baseline -0.003 -17"><span class='ocrx_word' id='word_1_372' title='bbox 2296 3040 2409 3086; x_wconf 88' lang='grc' dir='ltr'>τιος</span> <span class='ocrx_word' id='word_1_373' title='bbox 2429 3023 2681 3092; x_wconf 85' lang='grc' dir='ltr'>οὐδαμῶς</span> <span class='ocrx_word' id='word_1_374' title='bbox 2703 3025 2814 3084; x_wconf 83' lang='grc' dir='ltr'>τοῖς</span> <span class='ocrx_word' id='word_1_375' title='bbox 2832 3023 3003 3090; x_wconf 84' lang='grc' dir='ltr'>ἁγίοις</span> <span class='ocrx_word' id='word_1_376' title='bbox 3026 3021 3453 3091; x_wconf 83' lang='grc' dir='ltr'>συνηρίθμηται.</span> <span class='ocrx_word' id='word_1_377' title='bbox 3476 3024 3524 3074; x_wconf 79' lang='grc' dir='ltr'><strong>εί</strong></span> <span class='ocrx_word' id='word_1_378' title='bbox 3546 3022 3642 3075; x_wconf 79' lang='grc' dir='ltr'>καὶ</span> <span class='ocrx_word' id='word_1_379' title='bbox 3663 3022 3856 3093; x_wconf 68' lang='grc' dir='ltr'>δίκαιον</span> 
     </span>
    </p>
   </div>
   <div class='ocr_carea' id='block_1_60' title="bbox 621 3102 2198 3194">
    <p class='ocr_par' dir='ltr' id='par_1_60' title="bbox 621 3102 2192 3173">
     <span class='ocr_line' id='line_1_60' title="bbox 621 3102 2192 3173; baseline -0.001 -12"><span class='ocrx_word' id='word_1_380' title='bbox 621 3108 691 3161; x_wconf 89' lang='lat' dir='ltr'><strong>du</strong></span> <span class='ocrx_word' id='word_1_381' title='bbox 724 3105 1034 3161; x_wconf 77' lang='lat' dir='ltr'><strong>sanctitatis</strong></span> <span class='ocrx_word' id='word_1_382' title='bbox 1067 3117 1265 3157; x_wconf 91' lang='lat' dir='ltr'><strong>nomen</strong></span> <span class='ocrx_word' id='word_1_383' title='bbox 1318 3111 1652 3158; x_wconf 74' lang='lat' dir='ltr'><strong>consecutus</strong></span> <span class='ocrx_word' id='word_1_384' title='bbox 1697 3114 1801 3167; x_wconf 89' lang='lat' dir='ltr'><strong>est,</strong></span> <span class='ocrx_word' id='word_1_385' title='bbox 1835 3102 1961 3158; x_wconf 89' lang='lat' dir='ltr'><strong>licet</strong></span> <span class='ocrx_word' id='word_1_386' title='bbox 2014 3120 2192 3173; x_wconf 69' lang='lat' dir='ltr'><strong>Opera}</strong></span> 
     </span>
    </p>
   </div>
   <div class='ocr_carea' id='block_1_61' title="bbox 2304 3102 3858 3194">
    <p class='ocr_par' dir='ltr' id='par_1_61' title="bbox 2307 3111 3858 3186">
     <span class='ocr_line' id='line_1_61' title="bbox 2307 3111 3858 3186; baseline -0.002 -20"><span class='ocrx_word' id='word_1_387' title='bbox 2307 3116 2375 3168; x_wconf 81' lang='grc' dir='ltr'>τὰ</span> <span class='ocrx_word' id='word_1_388' title='bbox 2405 3116 2525 3168; x_wconf 76' lang='grc' dir='ltr'>κατ’</span> <span class='ocrx_word' id='word_1_389' title='bbox 2555 3115 2716 3167; x_wconf 79' lang='grc' dir='ltr'>αὐτὸν</span> <span class='ocrx_word' id='word_1_390' title='bbox 2766 3115 3152 3186; x_wconf 79' lang='grc' dir='ltr'>παραδραμεῖν</span> <span class='ocrx_word' id='word_1_391' title='bbox 3185 3114 3272 3165; x_wconf 86' lang='grc' dir='ltr'>διὰ</span> <span class='ocrx_word' id='word_1_392' title='bbox 3308 3115 3367 3166; x_wconf 65' lang='grc' dir='ltr'><strong>τό</strong></span> <span class='ocrx_word' id='word_1_393' title='bbox 3399 3113 3486 3166; x_wconf 79' lang='grc' dir='ltr'><strong>ἐπ’</strong></span> <span class='ocrx_word' id='word_1_394' title='bbox 3522 3113 3771 3180; x_wconf 69' lang='grc' dir='ltr'>ἁμόωνος</span> <span class='ocrx_word' id='word_1_395' title='bbox 3800 3111 3858 3163; x_wconf 52' lang='lat' dir='ltr'><strong>at</strong></span> 
     </span>
    </p>
   </div>
   <div class='ocr_carea' id='block_1_62' title="bbox 620 3192 2196 3268">
    <p class='ocr_par' dir='ltr' id='par_1_62' title="bbox 620 3192 2196 3268">
     <span class='ocr_line' id='line_1_62' title="bbox 620 3192 2196 3268; baseline -0.001 -17"><span class='ocrx_word' id='word_1_396' title='bbox 620 3192 854 3268; x_wconf 86' lang='lat' dir='ltr'><strong>pretium</strong></span> <span class='ocrx_word' id='word_1_397' title='bbox 909 3195 1091 3255; x_wconf 77' lang='lat' dir='ltr'><strong>fuerit,</strong></span> <span class='ocrx_word' id='word_1_398' title='bbox 1126 3194 1272 3252; x_wconf 83' lang='lat' dir='ltr'><strong>illius</strong></span> <span class='ocrx_word' id='word_1_399' title='bbox 1310 3201 1464 3262; x_wconf 80' lang='lat' dir='ltr'><strong>gesta</strong></span> <span class='ocrx_word' id='word_1_400' title='bbox 1496 3192 1716 3246; x_wconf 90' lang='lat' dir='ltr'><strong>silentio</strong></span> <span class='ocrx_word' id='word_1_401' title='bbox 1760 3195 2067 3261; x_wconf 76' lang='lat' dir='ltr'><strong>pneterire,</strong></span> <span class='ocrx_word' id='word_1_402' title='bbox 2133 3212 2196 3250; x_wconf 89' lang='lat' dir='ltr'><strong>eo</strong></span> 
     </span>
    </p>
   </div>
   <div class='ocr_carea' id='block_1_63' title="bbox 621 3286 2203 3357">
    <p class='ocr_par' dir='ltr' id='par_1_63' title="bbox 621 3286 2203 3357">
     <span class='ocr_line' id='line_1_63' title="bbox 621 3286 2203 3357; baseline 0 -15"><span class='ocrx_word' id='word_1_403' title='bbox 621 3295 766 3357; x_wconf 87' lang='lat' dir='ltr'><strong>quod</strong></span> <span class='ocrx_word' id='word_1_404' title='bbox 786 3290 838 3341; x_wconf 91' lang='lat' dir='ltr'><strong>in</strong></span> <span class='ocrx_word' id='word_1_405' title='bbox 859 3287 1096 3341; x_wconf 87' lang='lat' dir='ltr'><strong>amhone</strong></span> <span class='ocrx_word' id='word_1_406' title='bbox 1113 3286 1447 3339; x_wconf 84' lang='lat' dir='ltr'><strong>anathemati</strong></span> <span class='ocrx_word' id='word_1_407' title='bbox 1467 3287 1860 3355; x_wconf 74' lang='lat' dir='ltr'><strong>subjiciuntur,</strong></span> <span class='ocrx_word' id='word_1_408' title='bbox 1875 3301 1996 3355; x_wconf 65' lang='lat' dir='ltr'><strong>quae</strong></span> <span class='ocrx_word' id='word_1_409' title='bbox 2014 3289 2203 3342; x_wconf 85' lang='lat' dir='ltr'><strong>adver-</strong></span> 
     </span>
    </p>
   </div>
   <div class='ocr_carea' id='block_1_64' title="bbox 622 3378 2198 3449">
    <p class='ocr_par' dir='ltr' id='par_1_64' title="bbox 622 3378 2198 3449">
     <span class='ocr_line' id='line_1_64' title="bbox 622 3378 2198 3449; baseline 0.001 -15"><span class='ocrx_word' id='word_1_410' title='bbox 622 3396 714 3434; x_wconf 89' lang='lat' dir='ltr'><strong>sus</strong></span> <span class='ocrx_word' id='word_1_411' title='bbox 741 3391 987 3435; x_wconf 85' lang='lat' dir='ltr'><strong>sanctum</strong></span> <span class='ocrx_word' id='word_1_412' title='bbox 1013 3379 1283 3448; x_wconf 83' lang='lat' dir='ltr'><strong>lgnatium</strong></span> <span class='ocrx_word' id='word_1_413' title='bbox 1313 3378 1674 3448; x_wconf 84' lang='lat' dir='ltr'><strong>Photiuinque</strong></span> <span class='ocrx_word' id='word_1_414' title='bbox 1705 3379 1910 3444; x_wconf 77' lang='lat' dir='ltr'><strong>scripta</strong></span> <span class='ocrx_word' id='word_1_415' title='bbox 1934 3387 2063 3432; x_wconf 87' lang='lat' dir='ltr'><strong>sunt</strong></span> <span class='ocrx_word' id='word_1_416' title='bbox 2095 3380 2198 3449; x_wconf 83' lang='grc' dir='ltr'><strong>(ο).</strong></span> 
     </span>
    </p>
   </div>
   <div class='ocr_carea' id='block_1_65' title="bbox 625 3469 2202 3540">
    <p class='ocr_par' dir='ltr' id='par_1_65' title="bbox 625 3469 2202 3540">
     <span class='ocr_line' id='line_1_65' title="bbox 625 3469 2202 3540; baseline 0 -14"><span class='ocrx_word' id='word_1_417' title='bbox 625 3472 679 3526; x_wconf 87' lang='lat' dir='ltr'><strong>Si</strong></span> <span class='ocrx_word' id='word_1_418' title='bbox 727 3487 856 3525; x_wconf 76' lang='lat' dir='ltr'><strong>vero</strong></span> <span class='ocrx_word' id='word_1_419' title='bbox 900 3471 1025 3540; x_wconf 85' lang='lat' dir='ltr'><strong>quis</strong></span> <span class='ocrx_word' id='word_1_420' title='bbox 1081 3469 1638 3526; x_wconf 84' lang='lat' dir='ltr'><strong>Thessalonicensem</strong></span> <span class='ocrx_word' id='word_1_421' title='bbox 1689 3469 1914 3539; x_wconf 73' lang='lat' dir='ltr'><strong>obiiciat</strong></span> <span class='ocrx_word' id='word_1_422' title='bbox 1955 3486 2086 3525; x_wconf 88' lang='lat' dir='ltr'><strong>voce</strong></span> <span class='ocrx_word' id='word_1_423' title='bbox 2137 3489 2202 3526; x_wconf 71' lang='lat' dir='ltr'><strong>ea:</strong></span> 
     </span>
    </p>
   </div>
   <div class='ocr_carea' id='block_1_66' title="bbox 624 3552 2201 3632">
    <p class='ocr_par' dir='ltr' id='par_1_66' title="bbox 624 3552 2201 3632">
     <span class='ocr_line' id='line_1_66' title="bbox 624 3552 2201 3632; baseline 0 -14"><span class='ocrx_word' id='word_1_424' title='bbox 624 3564 736 3618; x_wconf 81' lang='lat' dir='ltr'><strong>solo</strong></span> <span class='ocrx_word' id='word_1_425' title='bbox 768 3562 969 3631; x_wconf 89' lang='lat' dir='ltr'><strong>(Patre)</strong></span> <span class='ocrx_word' id='word_1_426' title='bbox 1007 3571 1274 3626; x_wconf 87' lang='lat' dir='ltr'><strong>utentem,</strong></span> <span class='ocrx_word' id='word_1_427' title='bbox 1308 3571 1362 3614; x_wconf 87' lang='lat' dir='ltr'><strong>at</strong></span> <span class='ocrx_word' id='word_1_428' title='bbox 1385 3578 1511 3624; x_wconf 84' lang='lat' dir='ltr'><strong>vero</strong></span> <span class='ocrx_word' id='word_1_429' title='bbox 1537 3563 1627 3615; x_wconf 84' lang='lat' dir='ltr'><strong>hic</strong></span> <span class='ocrx_word' id='word_1_430' title='bbox 1647 3552 1866 3631; x_wconf 81' lang='lat' dir='ltr'><strong>queque</strong></span> <span class='ocrx_word' id='word_1_431' title='bbox 1900 3563 1950 3615; x_wconf 90' lang='lat' dir='ltr'><strong>in</strong></span> <span class='ocrx_word' id='word_1_432' title='bbox 1976 3566 2201 3632; x_wconf 87' lang='lat' dir='ltr'><strong>propria</strong></span> 
     </span>
    </p>
   </div>
   <div class='ocr_carea' id='block_1_67' title="bbox 624 3652 2199 3724">
    <p class='ocr_par' dir='ltr' id='par_1_67' title="bbox 624 3652 2199 3724">
     <span class='ocr_line' id='line_1_67' title="bbox 624 3652 2199 3724; baseline -0.001 -12"><span class='ocrx_word' id='word_1_433' title='bbox 624 3656 989 3718; x_wconf 79' lang='lat' dir='ltr'><strong>confessione,</strong></span> <span class='ocrx_word' id='word_1_434' title='bbox 1009 3670 1170 3724; x_wconf 85' lang='lat' dir='ltr'><strong>quam</strong></span> <span class='ocrx_word' id='word_1_435' title='bbox 1196 3653 1452 3709; x_wconf 82' lang='lat' dir='ltr'><strong>Ecclesiae</strong></span> <span class='ocrx_word' id='word_1_436' title='bbox 1469 3654 1672 3708; x_wconf 89' lang='lat' dir='ltr'><strong>Christi</strong></span> <span class='ocrx_word' id='word_1_437' title='bbox 1708 3652 1854 3708; x_wconf 90' lang='lat' dir='ltr'><strong>dedit</strong></span> <span class='ocrx_word' id='word_1_438' title='bbox 1876 3657 2199 3721; x_wconf 83' lang='lat' dir='ltr'><strong>ostendens,</strong></span> 
     </span>
    </p>
   </div>
   <div class='ocr_carea' id='block_1_68' title="bbox 625 3746 2200 3818">
    <p class='ocr_par' dir='ltr' id='par_1_68' title="bbox 625 3746 2200 3818">
     <span class='ocr_line' id='line_1_68' title="bbox 625 3746 2200 3818; baseline 0.002 -19"><span class='ocrx_word' id='word_1_439' title='bbox 625 3749 838 3818; x_wconf 80' lang='lat' dir='ltr'><strong>qualem</strong></span> <span class='ocrx_word' id='word_1_440' title='bbox 861 3748 1061 3801; x_wconf 84' lang='lat' dir='ltr'><strong>habeat</strong></span> <span class='ocrx_word' id='word_1_441' title='bbox 1079 3747 1406 3799; x_wconf 86' lang='lat' dir='ltr'><strong>sententiam</strong></span> <span class='ocrx_word' id='word_1_442' title='bbox 1433 3746 1581 3798; x_wconf 91' lang='lat' dir='ltr'><strong>circa</strong></span> <span class='ocrx_word' id='word_1_443' title='bbox 1598 3758 1950 3800; x_wconf 83' lang='lat' dir='ltr'><strong>sacrosancta</strong></span> <span class='ocrx_word' id='word_1_444' title='bbox 1977 3748 2200 3814; x_wconf 79' lang='lat' dir='ltr'><strong>dogma-</strong></span> 
     </span>
    </p>
   </div>
   <div class='ocr_carea' id='block_1_69' title="bbox 2309 3204 3857 3273">
    <p class='ocr_par' dir='ltr' id='par_1_69' title="bbox 2309 3204 3857 3273">
     <span class='ocr_line' id='line_1_69' title="bbox 2309 3204 3857 3273; baseline -0.003 -14"><span class='ocrx_word' id='word_1_445' title='bbox 2309 3209 2446 3259; x_wconf 70' lang='grc' dir='ltr'>κατὰ</span> <span class='ocrx_word' id='word_1_446' title='bbox 2481 3206 2573 3259; x_wconf 78' lang='grc' dir='ltr'>τοῦ</span> <span class='ocrx_word' id='word_1_447' title='bbox 2605 3208 2662 3258; x_wconf 85' lang='grc' dir='ltr'>ὲν</span> <span class='ocrx_word' id='word_1_448' title='bbox 2708 3206 2885 3272; x_wconf 82' lang='grc' dir='ltr'>ἁγίοις</span> <span class='ocrx_word' id='word_1_449' title='bbox 2921 3206 3184 3273; x_wconf 83' lang='grc' dir='ltr'>Ἰγνατίου</span> <span class='ocrx_word' id='word_1_450' title='bbox 3213 3206 3307 3259; x_wconf 74' lang='grc' dir='ltr'>καὶ</span> <span class='ocrx_word' id='word_1_451' title='bbox 3339 3205 3504 3258; x_wconf 73' lang='grc' dir='ltr'>αὑτοῦ</span> <span class='ocrx_word' id='word_1_452' title='bbox 3544 3205 3636 3257; x_wconf 75' lang='grc' dir='ltr'>τοῦ</span> <span class='ocrx_word' id='word_1_453' title='bbox 3666 3204 3857 3257; x_wconf 80' lang='grc' dir='ltr'>Φωτίου</span> 
     </span>
    </p>
   </div>
   <div class='ocr_carea' id='block_1_70' title="bbox 2308 3294 3860 3368">
    <p class='ocr_par' dir='ltr' id='par_1_70' title="bbox 2308 3294 3860 3368">
     <span class='ocr_line' id='line_1_70' title="bbox 2308 3294 3860 3368; baseline -0.005 -16"><span class='ocrx_word' id='word_1_454' title='bbox 2308 3298 2808 3368; x_wconf 76' lang='grc' dir='ltr'>ἀναθεματίξεσθαι</span> <span class='ocrx_word' id='word_1_455' title='bbox 2845 3300 2952 3367; x_wconf 76' lang='grc' dir='ltr'><strong>(ι).</strong></span> <span class='ocrx_word' id='word_1_456' title='bbox 2991 3299 3049 3351; x_wconf 86' lang='grc' dir='ltr'><strong>Εἰ</strong></span> <span class='ocrx_word' id='word_1_457' title='bbox 3088 3298 3143 3350; x_wconf 80' lang='grc' dir='ltr'>δὲ</span> <span class='ocrx_word' id='word_1_458' title='bbox 3176 3297 3266 3350; x_wconf 83' lang='grc' dir='ltr'><strong>τὸν</strong></span> <span class='ocrx_word' id='word_1_459' title='bbox 3296 3296 3695 3363; x_wconf 79' lang='grc' dir='ltr'>Θεσσαλονίκης</span> <span class='ocrx_word' id='word_1_460' title='bbox 3729 3294 3860 3347; x_wconf 76' lang='grc' dir='ltr'>εἴποι</span> 
     </span>
    </p>
   </div>
   <div class='ocr_carea' id='block_1_71' title="bbox 2308 3385 3860 3458">
    <p class='ocr_par' dir='ltr' id='par_1_71' title="bbox 2308 3385 3860 3458">
     <span class='ocr_line' id='line_1_71' title="bbox 2308 3385 3860 3458; baseline -0.001 -16"><span class='ocrx_word' id='word_1_461' title='bbox 2308 3406 2390 3452; x_wconf 90' lang='grc' dir='ltr'><strong>τις</strong></span> <span class='ocrx_word' id='word_1_462' title='bbox 2422 3389 2482 3441; x_wconf 85' lang='grc' dir='ltr'><strong>τὸ</strong></span> <span class='ocrx_word' id='word_1_463' title='bbox 2531 3389 2599 3442; x_wconf 83' lang='grc' dir='ltr'>ἐκ</span> <span class='ocrx_word' id='word_1_464' title='bbox 2627 3390 2821 3458; x_wconf 82' lang='grc' dir='ltr'>μόνου</span> <span class='ocrx_word' id='word_1_465' title='bbox 2877 3385 3146 3457; x_wconf 70' lang='grc' dir='ltr'>λόγοντα,“</span> <span class='ocrx_word' id='word_1_466' title='bbox 3175 3388 3311 3441; x_wconf 87' lang='grc' dir='ltr'><strong>ἀλλά</strong></span> <span class='ocrx_word' id='word_1_467' title='bbox 3355 3389 3450 3440; x_wconf 79' lang='grc' dir='ltr'>καὶ</span> <span class='ocrx_word' id='word_1_468' title='bbox 3507 3387 3663 3450; x_wconf 84' lang='grc' dir='ltr'>οὗτος</span> <span class='ocrx_word' id='word_1_469' title='bbox 3707 3390 3764 3441; x_wconf 77' lang='grc' dir='ltr'>ὲν</span> <span class='ocrx_word' id='word_1_470' title='bbox 3804 3387 3860 3453; x_wconf 74' lang='grc' dir='ltr'>τῇ</span> 
     </span>
    </p>
   </div>
   <div class='ocr_carea' id='block_1_72' title="bbox 2310 3475 3861 3550">
    <p class='ocr_par' dir='ltr' id='par_1_72' title="bbox 2310 3475 3861 3550">
     <span class='ocr_line' id='line_1_72' title="bbox 2310 3475 3861 3550; baseline -0.002 -19"><span class='ocrx_word' id='word_1_471' title='bbox 2310 3479 2489 3550; x_wconf 72' lang='grc' dir='ltr'>οἰκείᾳ.</span> <span class='ocrx_word' id='word_1_472' title='bbox 2520 3479 2805 3548; x_wconf 74' lang='grc' dir='ltr'>ὁμολογίᾳ,</span> <span class='ocrx_word' id='word_1_473' title='bbox 2848 3480 2914 3547; x_wconf 75' lang='grc' dir='ltr'>ἢν</span> <span class='ocrx_word' id='word_1_474' title='bbox 2954 3481 3155 3533; x_wconf 85' lang='grc' dir='ltr'>δέδωκε</span> <span class='ocrx_word' id='word_1_475' title='bbox 3194 3481 3260 3549; x_wconf 78' lang='grc' dir='ltr'>τῇ</span> <span class='ocrx_word' id='word_1_476' title='bbox 3298 3478 3603 3548; x_wconf 77' lang='grc' dir='ltr'>Ἐκκλησία</span> <span class='ocrx_word' id='word_1_477' title='bbox 3636 3475 3861 3549; x_wconf 76' lang='grc' dir='ltr'>Χριστοῦ</span> 
     </span>
    </p>
   </div>
   <div class='ocr_carea' id='block_1_73' title="bbox 2308 3568 3864 3641">
    <p class='ocr_par' dir='ltr' id='par_1_73' title="bbox 2308 3568 3864 3641">
     <span class='ocr_line' id='line_1_73' title="bbox 2308 3568 3864 3641; baseline -0.001 -19"><span class='ocrx_word' id='word_1_478' title='bbox 2308 3570 2548 3636; x_wconf 80' lang='grc' dir='ltr'>δεικνὺς,</span> <span class='ocrx_word' id='word_1_479' title='bbox 2576 3571 2771 3623; x_wconf 82' lang='grc' dir='ltr'>ὁποίαν</span> <span class='ocrx_word' id='word_1_480' title='bbox 2795 3571 2909 3638; x_wconf 77' lang='grc' dir='ltr'>ἔχει</span> <span class='ocrx_word' id='word_1_481' title='bbox 2934 3570 3035 3640; x_wconf 82' lang='grc' dir='ltr'>τὴν</span> <span class='ocrx_word' id='word_1_482' title='bbox 3059 3570 3217 3635; x_wconf 79' lang='grc' dir='ltr'>δόξαν</span> <span class='ocrx_word' id='word_1_483' title='bbox 3247 3571 3377 3641; x_wconf 71' lang='grc' dir='ltr'>περὶ</span> <span class='ocrx_word' id='word_1_484' title='bbox 3401 3571 3467 3622; x_wconf 83' lang='grc' dir='ltr'>τὰ</span> <span class='ocrx_word' id='word_1_485' title='bbox 3493 3568 3612 3640; x_wconf 80' lang='grc' dir='ltr'>ιερὰ</span> <span class='ocrx_word' id='word_1_486' title='bbox 3639 3571 3732 3622; x_wconf 64' lang='grc' dir='ltr'>καὶ</span> <span class='ocrx_word' id='word_1_487' title='bbox 3761 3569 3864 3623; x_wconf 79' lang='grc' dir='ltr'>θεῖα</span> 
     </span>
    </p>
   </div>
   <div class='ocr_carea' id='block_1_74' title="bbox 2311 3660 3865 3734">
    <p class='ocr_par' dir='ltr' id='par_1_74' title="bbox 2311 3660 3865 3734">
     <span class='ocr_line' id='line_1_74' title="bbox 2311 3660 3865 3734; baseline -0.001 -22"><span class='ocrx_word' id='word_1_488' title='bbox 2311 3661 2582 3727; x_wconf 86' lang='grc' dir='ltr'>δόγματα,</span> <span class='ocrx_word' id='word_1_489' title='bbox 2633 3663 2692 3714; x_wconf 87' lang='grc' dir='ltr'><strong>ού</strong></span> <span class='ocrx_word' id='word_1_490' title='bbox 2733 3662 2994 3734; x_wconf 76' lang='grc' dir='ltr'>συνέταξε</span> <span class='ocrx_word' id='word_1_491' title='bbox 3037 3662 3216 3714; x_wconf 84' lang='grc' dir='ltr'>τοῦτο.</span> <span class='ocrx_word' id='word_1_492' title='bbox 3263 3662 3475 3714; x_wconf 81' lang='grc' dir='ltr'>Οὐκοῦν</span> <span class='ocrx_word' id='word_1_493' title='bbox 3518 3661 3739 3715; x_wconf 69' lang='grc' dir='ltr'>ἐναντία</span> <span class='ocrx_word' id='word_1_494' title='bbox 3783 3660 3865 3712; x_wconf 78' lang='grc' dir='ltr'>καὶ</span> 
     </span>
    </p>
   </div>
   <div class='ocr_carea' id='block_1_75' title="bbox 2313 3752 3803 3822">
    <p class='ocr_par' dir='ltr' id='par_1_75' title="bbox 2313 3752 3803 3822">
     <span class='ocr_line' id='line_1_75' title="bbox 2313 3752 3803 3822; baseline 0 -17"><span class='ocrx_word' id='word_1_495' title='bbox 2313 3752 2652 3822; x_wconf 78' lang='grc' dir='ltr'>ἀνακόλουθα</span> <span class='ocrx_word' id='word_1_496' title='bbox 2683 3755 2742 3807; x_wconf 79' lang='grc' dir='ltr'><strong>οὐ</strong></span> <span class='ocrx_word' id='word_1_497' title='bbox 2767 3754 3038 3820; x_wconf 81' lang='grc' dir='ltr'>λέγουσιν,</span> <span class='ocrx_word' id='word_1_498' title='bbox 3066 3753 3140 3814; x_wconf 88' lang='grc' dir='ltr'>ὼς</span> <span class='ocrx_word' id='word_1_499' title='bbox 3178 3753 3343 3816; x_wconf 85' lang='grc' dir='ltr'>αὐτὸς</span> <span class='ocrx_word' id='word_1_500' title='bbox 3375 3753 3403 3804; x_wconf 85' lang='grc' dir='ltr'><strong>ό</strong></span> <span class='ocrx_word' id='word_1_501' title='bbox 3433 3754 3612 3821; x_wconf 87' lang='grc' dir='ltr'>τίμιος</span> <span class='ocrx_word' id='word_1_502' title='bbox 3635 3753 3803 3816; x_wconf 75' lang='grc' dir='ltr'>λέγει.</span> 
     </span>
    </p>
   </div>
   <div class='ocr_carea' id='block_1_76' title="bbox 625 3834 3865 3913">
    <p class='ocr_par' dir='ltr' id='par_1_76' title="bbox 625 3834 3865 3913">
     <span class='ocr_line' id='line_1_76' title="bbox 625 3834 3865 3913; baseline 0.002 -19"><span class='ocrx_word' id='word_1_503' title='bbox 625 3853 702 3911; x_wconf 77' lang='lat' dir='ltr'><strong>ta,</strong></span> <span class='ocrx_word' id='word_1_504' title='bbox 740 3838 881 3895; x_wconf 83' lang='lat' dir='ltr'><strong>istud</strong></span> <span class='ocrx_word' id='word_1_505' title='bbox 913 3851 1020 3891; x_wconf 89' lang='lat' dir='ltr'><strong>non</strong></span> <span class='ocrx_word' id='word_1_506' title='bbox 1051 3834 1323 3905; x_wconf 70' lang='lat' dir='ltr'><strong>adiunxit.</strong></span> <span class='ocrx_word' id='word_1_507' title='bbox 1361 3834 1504 3904; x_wconf 70' lang='lat' dir='ltr'><strong>Ergo</strong></span> <span class='ocrx_word' id='word_1_508' title='bbox 1547 3839 1826 3892; x_wconf 85' lang='lat' dir='ltr'><strong>contraria</strong></span> <span class='ocrx_word' id='word_1_509' title='bbox 1888 3847 1942 3892; x_wconf 90' lang='lat' dir='ltr'><strong>et</strong></span> <span class='ocrx_word' id='word_1_510' title='bbox 1975 3838 2198 3895; x_wconf 87' lang='lat' dir='ltr'><strong>minime</strong></span> <span class='ocrx_word' id='word_1_511' title='bbox 2235 3844 2569 3898; x_wconf 70' lang='lat' dir='ltr'><strong>cohaerentia</strong></span> <span class='ocrx_word' id='word_1_512' title='bbox 2601 3859 2709 3898; x_wconf 90' lang='lat' dir='ltr'><strong>non</strong></span> <span class='ocrx_word' id='word_1_513' title='bbox 2739 3845 2947 3910; x_wconf 91' lang='lat' dir='ltr'><strong>dicunt,</strong></span> <span class='ocrx_word' id='word_1_514' title='bbox 2975 3856 3032 3899; x_wconf 89' lang='lat' dir='ltr'><strong>ut</strong></span> <span class='ocrx_word' id='word_1_515' title='bbox 3066 3843 3182 3913; x_wconf 86' lang='lat' dir='ltr'><strong>ipse</strong></span> <span class='ocrx_word' id='word_1_516' title='bbox 3235 3845 3326 3899; x_wconf 85' lang='lat' dir='ltr'><strong>hic</strong></span> <span class='ocrx_word' id='word_1_517' title='bbox 3382 3845 3732 3900; x_wconf 84' lang='lat' dir='ltr'><strong>venerandus</strong></span> <span class='ocrx_word' id='word_1_518' title='bbox 3793 3845 3865 3901; x_wconf 87' lang='lat' dir='ltr'><strong>vir</strong></span> 
     </span>
    </p>
   </div>
   <div class='ocr_carea' id='block_1_77' title="bbox 630 3939 725 3992">
    <p class='ocr_par' dir='ltr' id='par_1_77' title="bbox 630 3939 725 3992">
     <span class='ocr_line' id='line_1_77' title="bbox 630 3939 725 3992; baseline 0.032 -3"><span class='ocrx_word' id='word_1_519' title='bbox 630 3939 725 3992; x_wconf 85' lang='lat' dir='ltr'><strong>ait.</strong></span> 
     </span>
    </p>
   </div>
   <div class='ocr_carea' id='block_1_78' title="bbox 1123 4033 1744 4106">
    <p class='ocr_par' dir='ltr' id='par_1_78' title="bbox 1123 4033 1744 4106">
     <span class='ocr_line' id='line_1_78' title="bbox 1123 4033 1744 4106; baseline -0.005 -18"><span class='ocrx_word' id='word_1_520' title='bbox 1123 4033 1361 4106; x_wconf 10' lang='lat' dir='ltr'><strong>EPI‘IES.</strong></span> <span class='ocrx_word' id='word_1_521' title='bbox 1424 4035 1596 4105; x_wconf 60' lang='lat' dir='ltr'><strong>(car;</strong></span> <span class='ocrx_word' id='word_1_522' title='bbox 1628 4033 1744 4102; x_wconf 85' lang='lat' dir='ltr'><strong>XI).</strong></span> 
     </span>
    </p>
   </div>
   <div class='ocr_carea' id='block_1_79' title="bbox 698 4121 2267 4194">
    <p class='ocr_par' dir='ltr' id='par_1_79' title="bbox 698 4121 2267 4194">
     <span class='ocr_line' id='line_1_79' title="bbox 698 4121 2267 4194; baseline 0.003 -19"><span class='ocrx_word' id='word_1_523' title='bbox 698 4121 992 4192; x_wconf 65' lang='lat' dir='ltr'><strong>Prolitcroa</strong></span> <span class='ocrx_word' id='word_1_524' title='bbox 1018 4122 1290 4193; x_wconf 67' lang='lat' dir='ltr'><strong>ejusmodi</strong></span> <span class='ocrx_word' id='word_1_525' title='bbox 1327 4127 1681 4194; x_wconf 87' lang='lat' dir='ltr'><strong>periculosas</strong></span> <span class='ocrx_word' id='word_1_526' title='bbox 1730 4141 1890 4182; x_wconf 85' lang='lat' dir='ltr'><strong>voces</strong></span> <span class='ocrx_word' id='word_1_527' title='bbox 1925 4127 1992 4181; x_wconf 82' lang='lat' dir='ltr'><strong>de</strong></span> <span class='ocrx_word' id='word_1_528' title='bbox 2021 4125 2202 4182; x_wconf 80' lang='lat' dir='ltr'><strong>sancti</strong></span> <span class='ocrx_word' id='word_1_529' title='bbox 2262 4153 2267 4157; x_wconf 62' lang='grc' dir='ltr'><strong>ο</strong></span> 
     </span>
    </p>
   </div>
   <div class='ocr_carea' id='block_1_80' title="bbox 629 4215 1494 4286">
    <p class='ocr_par' dir='ltr' id='par_1_80' title="bbox 629 4215 1494 4286">
     <span class='ocr_line' id='line_1_80' title="bbox 629 4215 1494 4286; baseline 0.003 -20"><span class='ocrx_word' id='word_1_530' title='bbox 629 4215 866 4284; x_wconf 76' lang='lat' dir='ltr'><strong>Spiritus</strong></span> <span class='ocrx_word' id='word_1_531' title='bbox 892 4217 1248 4286; x_wconf 86' lang='lat' dir='ltr'><strong>processione</strong></span> <span class='ocrx_word' id='word_1_532' title='bbox 1282 4216 1494 4282; x_wconf 86' lang='lat' dir='ltr'><strong>rejicio.</strong></span> 
     </span>
    </p>
   </div>
   <div class='ocr_carea' id='block_1_81' title="bbox 563 4303 1598 4360">
    <p class='ocr_par' dir='ltr' id='par_1_81' title="bbox 563 4303 1598 4360">
     <span class='ocr_line' id='line_1_81' title="bbox 563 4303 1598 4360; baseline 0.008 -8"><span class='ocrx_word' id='word_1_533' title='bbox 563 4303 569 4310; x_wconf 83' lang='lat'>&#39;</span> <span class='ocrx_word' id='word_1_534' title='bbox 1232 4303 1598 4360; x_wconf 79' lang='lat' dir='ltr'><strong>APOLOGIA.</strong></span> 
     </span>
    </p>
   </div>
   <div class='ocr_carea' id='block_1_82' title="bbox 700 4393 2200 4463">
    <p class='ocr_par' dir='ltr' id='par_1_82' title="bbox 700 4393 2200 4463">
     <span class='ocr_line' id='line_1_82' title="bbox 700 4393 2200 4463; baseline 0.003 -16"><span class='ocrx_word' id='word_1_535' title='bbox 700 4393 900 4459; x_wconf 83' lang='lat' dir='ltr'><strong>Quales</strong></span> <span class='ocrx_word' id='word_1_536' title='bbox 924 4410 1088 4450; x_wconf 81' lang='lat' dir='ltr'><strong>voces</strong></span> <span class='ocrx_word' id='word_1_537' title='bbox 1105 4395 1288 4463; x_wconf 78' lang='lat' dir='ltr'><strong>reiicit</strong></span> <span class='ocrx_word' id='word_1_538' title='bbox 1315 4399 1397 4450; x_wconf 87' lang='lat' dir='ltr'><strong>vir</strong></span> <span class='ocrx_word' id='word_1_539' title='bbox 1432 4397 1533 4451; x_wconf 88' lang='lat' dir='ltr'><strong>iste</strong></span> <span class='ocrx_word' id='word_1_540' title='bbox 1565 4397 1949 4452; x_wconf 83' lang='lat' dir='ltr'><strong>honorabilis?</strong></span> <span class='ocrx_word' id='word_1_541' title='bbox 1980 4397 2061 4451; x_wconf 80' lang='lat' dir='ltr'><strong>An</strong></span> <span class='ocrx_word' id='word_1_542' title='bbox 2088 4411 2200 4459; x_wconf 85' lang='lat' dir='ltr'><strong>eas,</strong></span> 
     </span>
    </p>
   </div>
   <div class='ocr_carea' id='block_1_83' title="bbox 629 4483 2214 4556">
    <p class='ocr_par' dir='ltr' id='par_1_83' title="bbox 629 4483 2214 4556">
     <span class='ocr_line' id='line_1_83' title="bbox 629 4483 2214 4556; baseline 0.004 -19"><span class='ocrx_word' id='word_1_543' title='bbox 629 4499 750 4552; x_wconf 67' lang='lat' dir='ltr'><strong>qua:</strong></span> <span class='ocrx_word' id='word_1_544' title='bbox 783 4483 1048 4556; x_wconf 89' lang='lat' dir='ltr'><strong>Spiritum</strong></span> <span class='ocrx_word' id='word_1_545' title='bbox 1082 4486 1272 4540; x_wconf 84' lang='lat' dir='ltr'><strong>dicunt</strong></span> <span class='ocrx_word' id='word_1_546' title='bbox 1295 4491 1569 4556; x_wconf 81' lang='lat' dir='ltr'><strong>proprium</strong></span> <span class='ocrx_word' id='word_1_547' title='bbox 1616 4489 1829 4556; x_wconf 71' lang='lat' dir='ltr'><strong>ipsius,</strong></span> <span class='ocrx_word' id='word_1_548' title='bbox 1860 4488 1978 4544; x_wconf 86' lang='lat' dir='ltr'><strong>Filii</strong></span> <span class='ocrx_word' id='word_1_549' title='bbox 2038 4490 2214 4545; x_wconf 65' lang='lat' dir='ltr'><strong>nimio</strong></span> 
     </span>
    </p>
   </div>
   <div class='ocr_carea' id='block_1_84' title="bbox 631 4574 2213 4648">
    <p class='ocr_par' dir='ltr' id='par_1_84' title="bbox 631 4574 2213 4648">
     <span class='ocr_line' id='line_1_84' title="bbox 631 4574 2213 4648; baseline 0.007 -22"><span class='ocrx_word' id='word_1_550' title='bbox 631 4589 793 4637; x_wconf 87' lang='lat' dir='ltr'><strong>rum.</strong></span> <span class='ocrx_word' id='word_1_551' title='bbox 825 4583 880 4630; x_wconf 87' lang='lat' dir='ltr'><strong>et</strong></span> <span class='ocrx_word' id='word_1_552' title='bbox 933 4591 998 4630; x_wconf 76' lang='lat' dir='ltr'><strong>ea:</strong></span> <span class='ocrx_word' id='word_1_553' title='bbox 1053 4574 1209 4644; x_wconf 72' lang='lat' dir='ltr'><strong>ipso?</strong></span> <span class='ocrx_word' id='word_1_554' title='bbox 1266 4577 1332 4628; x_wconf 89' lang='lat' dir='ltr'><strong>At</strong></span> <span class='ocrx_word' id='word_1_555' title='bbox 1401 4586 1561 4630; x_wconf 85' lang='lat' dir='ltr'><strong>antea</strong></span> <span class='ocrx_word' id='word_1_556' title='bbox 1625 4577 2053 4634; x_wconf 88' lang='lat' dir='ltr'><strong>demonstratum</strong></span> <span class='ocrx_word' id='word_1_557' title='bbox 2107 4590 2213 4648; x_wconf 84' lang='lat' dir='ltr'><strong>est,</strong></span> 
     </span>
    </p>
   </div>
   <div class='ocr_carea' id='block_1_85' title="bbox 631 4670 2208 4745">
    <p class='ocr_par' dir='ltr' id='par_1_85' title="bbox 631 4670 2208 4745">
     <span class='ocr_line' id='line_1_85' title="bbox 631 4670 2208 4745; baseline 0.002 -18"><span class='ocrx_word' id='word_1_558' title='bbox 631 4682 879 4727; x_wconf 79' lang='lat' dir='ltr'><strong>sanctam</strong></span> <span class='ocrx_word' id='word_1_559' title='bbox 937 4671 1156 4725; x_wconf 85' lang='lat' dir='ltr'><strong>tertiam</strong></span> <span class='ocrx_word' id='word_1_560' title='bbox 1198 4670 1469 4740; x_wconf 85' lang='lat' dir='ltr'><strong>synodum</strong></span> <span class='ocrx_word' id='word_1_561' title='bbox 1513 4685 1622 4723; x_wconf 89' lang='lat' dir='ltr'><strong>una</strong></span> <span class='ocrx_word' id='word_1_562' title='bbox 1657 4686 1781 4725; x_wconf 90' lang='lat' dir='ltr'><strong>cum</strong></span> <span class='ocrx_word' id='word_1_563' title='bbox 1831 4672 1956 4726; x_wconf 83' lang='lat' dir='ltr'><strong>divo</strong></span> <span class='ocrx_word' id='word_1_564' title='bbox 2005 4674 2208 4745; x_wconf 88' lang='lat' dir='ltr'><strong>Cyrillo</strong></span> 
     </span>
    </p>
   </div>
   <div class='ocr_carea' id='block_1_86' title="bbox 630 4760 2209 4834">
    <p class='ocr_par' dir='ltr' id='par_1_86' title="bbox 630 4760 2209 4834">
     <span class='ocr_line' id='line_1_86' title="bbox 630 4760 2209 4834; baseline 0.002 -18"><span class='ocrx_word' id='word_1_565' title='bbox 630 4765 809 4832; x_wconf 84' lang='lat' dir='ltr'><strong>potius</strong></span> <span class='ocrx_word' id='word_1_566' title='bbox 847 4763 1047 4818; x_wconf 89' lang='lat' dir='ltr'><strong>dicere.</strong></span> <span class='ocrx_word' id='word_1_567' title='bbox 1084 4765 1162 4816; x_wconf 80' lang='lat' dir='ltr'><strong>An</strong></span> <span class='ocrx_word' id='word_1_568' title='bbox 1202 4777 1295 4817; x_wconf 87' lang='lat' dir='ltr'><strong>eas</strong></span> <span class='ocrx_word' id='word_1_569' title='bbox 1323 4776 1443 4832; x_wconf 74' lang='lat' dir='ltr'><strong>qua:</strong></span> <span class='ocrx_word' id='word_1_570' title='bbox 1479 4763 1665 4815; x_wconf 90' lang='lat' dir='ltr'><strong>dicunt</strong></span> <span class='ocrx_word' id='word_1_571' title='bbox 1691 4777 1755 4814; x_wconf 78' lang='lat' dir='ltr'><strong>ex</strong></span> <span class='ocrx_word' id='word_1_572' title='bbox 1785 4760 1947 4817; x_wconf 76' lang='lat' dir='ltr'><strong>Patre</strong></span> <span class='ocrx_word' id='word_1_573' title='bbox 1986 4781 2079 4834; x_wconf 83' lang='lat' dir='ltr'><strong>per</strong></span> <span class='ocrx_word' id='word_1_574' title='bbox 2118 4764 2209 4820; x_wconf 83' lang='lat' dir='ltr'><strong>Fi-</strong></span> 
     </span>
    </p>
   </div>
   <div class='ocr_carea' id='block_1_87' title="bbox 630 4855 2205 4928">
    <p class='ocr_par' dir='ltr' id='par_1_87' title="bbox 630 4855 2205 4928">
     <span class='ocr_line' id='line_1_87' title="bbox 630 4855 2205 4928; baseline 0.003 -20"><span class='ocrx_word' id='word_1_575' title='bbox 630 4857 894 4910; x_wconf 75' lang='lat' dir='ltr'><strong>lium‘lAt</strong></span> <span class='ocrx_word' id='word_1_576' title='bbox 924 4864 978 4909; x_wconf 90' lang='lat' dir='ltr'><strong>et</strong></span> <span class='ocrx_word' id='word_1_577' title='bbox 1032 4855 1165 4909; x_wconf 87' lang='lat' dir='ltr'><strong>istas</strong></span> <span class='ocrx_word' id='word_1_578' title='bbox 1208 4864 1398 4908; x_wconf 84' lang='lat' dir='ltr'><strong>sancta</strong></span> <span class='ocrx_word' id='word_1_579' title='bbox 1451 4855 1788 4908; x_wconf 73' lang='lat' dir='ltr'><strong>tecumenica</strong></span> <span class='ocrx_word' id='word_1_580' title='bbox 1849 4860 2078 4924; x_wconf 88' lang='lat' dir='ltr'><strong>septima</strong></span> <span class='ocrx_word' id='word_1_581' title='bbox 2113 4873 2205 4928; x_wconf 79' lang='lat' dir='ltr'><strong>sy-</strong></span> 
     </span>
    </p>
   </div>
   <div class='ocr_carea' id='block_1_88' title="bbox 633 4949 2194 5018">
    <p class='ocr_par' dir='ltr' id='par_1_88' title="bbox 633 4949 2194 5018">
     <span class='ocr_line' id='line_1_88' title="bbox 633 4949 2194 5018; baseline 0 -13"><span class='ocrx_word' id='word_1_582' title='bbox 633 4950 807 5005; x_wconf 84' lang='lat' dir='ltr'><strong>nodus</strong></span> <span class='ocrx_word' id='word_1_583' title='bbox 840 4965 965 5003; x_wconf 90' lang='lat' dir='ltr'><strong>cum</strong></span> <span class='ocrx_word' id='word_1_584' title='bbox 1002 4951 1302 5003; x_wconf 83' lang='lat' dir='ltr'><strong>Athanasio</strong></span> <span class='ocrx_word' id='word_1_585' title='bbox 1337 4959 1390 5004; x_wconf 87' lang='lat' dir='ltr'><strong>et</strong></span> <span class='ocrx_word' id='word_1_586' title='bbox 1441 4949 1642 5004; x_wconf 86' lang='lat' dir='ltr'><strong>Basilio</strong></span> <span class='ocrx_word' id='word_1_587' title='bbox 1690 4950 1922 5018; x_wconf 85' lang='lat' dir='ltr'><strong>aliisque</strong></span> <span class='ocrx_word' id='word_1_588' title='bbox 1963 4953 2194 5016; x_wconf 83' lang='lat' dir='ltr'><strong>sanctis,</strong></span> 
     </span>
    </p>
   </div>
   <div class='ocr_carea' id='block_1_89' title="bbox 628 5040 2197 5110">
    <p class='ocr_par' dir='ltr' id='par_1_89' title="bbox 628 5040 2197 5110">
     <span class='ocr_line' id='line_1_89' title="bbox 628 5040 2197 5110; baseline 0.001 -16"><span class='ocrx_word' id='word_1_589' title='bbox 628 5045 718 5109; x_wconf 88' lang='lat' dir='ltr'><strong>qui</strong></span> <span class='ocrx_word' id='word_1_590' title='bbox 751 5052 880 5095; x_wconf 83' lang='lat' dir='ltr'><strong>ante</strong></span> <span class='ocrx_word' id='word_1_591' title='bbox 916 5041 1086 5109; x_wconf 81' lang='lat' dir='ltr'><strong>ipsam</strong></span> <span class='ocrx_word' id='word_1_592' title='bbox 1118 5040 1354 5093; x_wconf 84' lang='lat' dir='ltr'><strong>ﬂoruere</strong></span> <span class='ocrx_word' id='word_1_593' title='bbox 1380 5078 1393 5100; x_wconf 87' lang='lat'><strong>.</strong></span> <span class='ocrx_word' id='word_1_594' title='bbox 1453 5040 1802 5107; x_wconf 72' lang='lat' dir='ltr'><strong>deprredicat,</strong></span> <span class='ocrx_word' id='word_1_595' title='bbox 1837 5053 1899 5093; x_wconf 80' lang='lat' dir='ltr'><strong>et</strong></span> <span class='ocrx_word' id='word_1_596' title='bbox 1959 5054 2197 5110; x_wconf 80' lang='lat' dir='ltr'><strong>postmo-</strong></span> 
     </span>
    </p>
   </div>
   <div class='ocr_carea' id='block_1_90' title="bbox 629 5131 2199 5199">
    <p class='ocr_par' dir='ltr' id='par_1_90' title="bbox 629 5131 2199 5199">
     <span class='ocr_line' id='line_1_90' title="bbox 629 5131 2199 5199; baseline 0.002 -17"><span class='ocrx_word' id='word_1_597' title='bbox 629 5136 754 5183; x_wconf 89' lang='lat' dir='ltr'><strong>dum</strong></span> <span class='ocrx_word' id='word_1_598' title='bbox 785 5133 949 5186; x_wconf 82' lang='lat' dir='ltr'><strong>divus</strong></span> <span class='ocrx_word' id='word_1_599' title='bbox 989 5131 1382 5186; x_wconf 78' lang='lat' dir='ltr'><strong>Datnascenus.</strong></span> <span class='ocrx_word' id='word_1_600' title='bbox 1450 5133 1530 5183; x_wconf 89' lang='lat' dir='ltr'><strong>An</strong></span> <span class='ocrx_word' id='word_1_601' title='bbox 1574 5147 1667 5184; x_wconf 74' lang='lat' dir='ltr'><strong>eas</strong></span> <span class='ocrx_word' id='word_1_602' title='bbox 1721 5148 1843 5199; x_wconf 63' lang='lat' dir='ltr'><strong>quis</strong></span> <span class='ocrx_word' id='word_1_603' title='bbox 1895 5132 2085 5186; x_wconf 89' lang='lat' dir='ltr'><strong>dicunt</strong></span> <span class='ocrx_word' id='word_1_604' title='bbox 2134 5150 2199 5186; x_wconf 70' lang='grc' dir='ltr'><strong>ετ</strong></span> 
     </span>
    </p>
   </div>
   <div class='ocr_carea' id='block_1_91' title="bbox 634 5221 2200 5289">
    <p class='ocr_par' dir='ltr' id='par_1_91' title="bbox 634 5221 2200 5289">
     <span class='ocr_line' id='line_1_91' title="bbox 634 5221 2200 5289; baseline 0.004 -17"><span class='ocrx_word' id='word_1_605' title='bbox 634 5222 790 5277; x_wconf 77' lang='lat' dir='ltr'><strong>Patre</strong></span> <span class='ocrx_word' id='word_1_606' title='bbox 817 5234 862 5277; x_wconf 79' lang='lat' dir='ltr'><strong>et</strong></span> <span class='ocrx_word' id='word_1_607' title='bbox 887 5238 950 5277; x_wconf 70' lang='lat' dir='ltr'><strong>ex</strong></span> <span class='ocrx_word' id='word_1_608' title='bbox 977 5221 1116 5277; x_wconf 79' lang='lat' dir='ltr'><strong>Filio</strong></span> <span class='ocrx_word' id='word_1_609' title='bbox 1139 5222 1161 5275; x_wconf 74' lang='lat' dir='ltr'><strong>‘P</strong></span> <span class='ocrx_word' id='word_1_610' title='bbox 1187 5223 1253 5277; x_wconf 83' lang='lat' dir='ltr'><strong>At</strong></span> <span class='ocrx_word' id='word_1_611' title='bbox 1283 5223 1573 5277; x_wconf 87' lang='lat' dir='ltr'><strong>admodum</strong></span> <span class='ocrx_word' id='word_1_612' title='bbox 1610 5222 1755 5276; x_wconf 88' lang='lat' dir='ltr'><strong>clare</strong></span> <span class='ocrx_word' id='word_1_613' title='bbox 1797 5238 1888 5289; x_wconf 83' lang='lat' dir='ltr'><strong>per</strong></span> <span class='ocrx_word' id='word_1_614' title='bbox 1918 5226 2200 5279; x_wconf 83' lang='lat' dir='ltr'><strong>sanctissi-</strong></span> 
     </span>
    </p>
   </div>
   <div class='ocr_carea' id='block_1_92' title="bbox 699 5420 1601 5489">
    <p class='ocr_par' dir='ltr' id='par_1_92' title="bbox 699 5420 1601 5489">
     <span class='ocr_line' id='line_1_92' title="bbox 699 5420 1601 5489; baseline -0.006 -17"><span class='ocrx_word' id='word_1_615' title='bbox 699 5422 776 5489; x_wconf 86' lang='lat' dir='ltr'><strong>(I)</strong></span> <span class='ocrx_word' id='word_1_616' title='bbox 807 5420 944 5473; x_wconf 80' lang='lat' dir='ltr'><strong>Men.</strong></span> <span class='ocrx_word' id='word_1_617' title='bbox 978 5420 1016 5473; x_wconf 72' lang='grc' dir='ltr'>ί.</span> <span class='ocrx_word' id='word_1_618' title='bbox 1055 5421 1156 5475; x_wconf 76' lang='grc'><strong>133</strong></span> <span class='ocrx_word' id='word_1_619' title='bbox 1183 5438 1237 5475; x_wconf 73' lang='grc' dir='ltr'><strong>τι.</strong></span> <span class='ocrx_word' id='word_1_620' title='bbox 1263 5420 1601 5487; x_wconf 80' lang='grc' dir='ltr'>ποιήσωμεν.</span> 
     </span>
    </p>
   </div>
   <div class='ocr_carea' id='block_1_93' title="bbox 702 5489 2197 5560">
    <p class='ocr_par' dir='ltr' id='par_1_93' title="bbox 702 5489 2197 5560">
     <span class='ocr_line' id='line_1_93' title="bbox 702 5489 2197 5560; baseline -0.001 -16"><span class='ocrx_word' id='word_1_621' title='bbox 702 5493 776 5560; x_wconf 73' lang='lat'><strong>(:2)</strong></span> <span class='ocrx_word' id='word_1_622' title='bbox 807 5491 896 5559; x_wconf 80' lang='grc' dir='ltr'><strong>Μὴ</strong></span> <span class='ocrx_word' id='word_1_623' title='bbox 930 5489 1078 5543; x_wconf 82' lang='lat' dir='ltr'><strong>deest</strong></span> <span class='ocrx_word' id='word_1_624' title='bbox 1109 5493 1157 5542; x_wconf 90' lang='lat' dir='ltr'><strong>iu</strong></span> <span class='ocrx_word' id='word_1_625' title='bbox 1189 5490 1426 5551; x_wconf 57' lang='lat' dir='ltr'><strong>Monam;</strong></span> <span class='ocrx_word' id='word_1_626' title='bbox 1455 5504 1650 5541; x_wconf 81' lang='lat' dir='ltr'><strong>sensus</strong></span> <span class='ocrx_word' id='word_1_627' title='bbox 1677 5489 1935 5560; x_wconf 60' lang='lat' dir='ltr'><strong>tuuicnid</strong></span> <span class='ocrx_word' id='word_1_628' title='bbox 2001 5489 2197 5560; x_wconf 73' lang='lat' dir='ltr'><strong>poscit.</strong></span> 
     </span>
    </p>
   </div>
   <div class='ocr_carea' id='block_1_94' title="bbox 701 5557 2201 5634">
    <p class='ocr_par' dir='ltr' id='par_1_94' title="bbox 701 5557 2201 5634">
     <span class='ocr_line' id='line_1_94' title="bbox 701 5557 2201 5634; baseline -0.002 -20"><span class='ocrx_word' id='word_1_629' title='bbox 701 5557 775 5634; x_wconf 79' lang='lat'><strong>(3)</strong></span> <span class='ocrx_word' id='word_1_630' title='bbox 818 5557 894 5613; x_wconf 49' lang='lat'><strong>&#39;0&#39;</strong></span> <span class='ocrx_word' id='word_1_631' title='bbox 915 5561 1064 5613; x_wconf 84' lang='lat' dir='ltr'><strong>addit</strong></span> <span class='ocrx_word' id='word_1_632' title='bbox 1095 5560 1342 5623; x_wconf 83' lang='lat' dir='ltr'><strong>Allatius,</strong></span> <span class='ocrx_word' id='word_1_633' title='bbox 1376 5561 1466 5628; x_wconf 84' lang='lat' dir='ltr'><strong>qui</strong></span> <span class='ocrx_word' id='word_1_634' title='bbox 1497 5573 1521 5608; x_wconf 89' lang='lat' dir='ltr'><strong>a</strong></span> <span class='ocrx_word' id='word_1_635' title='bbox 1557 5559 1736 5611; x_wconf 83' lang='lat' dir='ltr'><strong>verbis</strong></span> <span class='ocrx_word' id='word_1_636' title='bbox 1782 5557 1840 5608; x_wconf 78' lang='lat' dir='ltr'><strong>Et</strong></span> <span class='ocrx_word' id='word_1_637' title='bbox 1868 5557 1914 5608; x_wconf 79' lang='grc' dir='ltr'>δ’</span> <span class='ocrx_word' id='word_1_638' title='bbox 1941 5561 1968 5610; x_wconf 90' lang='grc' dir='ltr'>ὁ</span> <span class='ocrx_word' id='word_1_639' title='bbox 1998 5558 2201 5620; x_wconf 81' lang='grc' dir='ltr'>Φώτιος</span> 
     </span>
    </p>
   </div>
   <div class='ocr_carea' id='block_1_95' title="bbox 702 5753 1977 5828">
    <p class='ocr_par' dir='ltr' id='par_1_95' title="bbox 702 5753 1977 5828">
     <span class='ocr_line' id='line_1_95' title="bbox 702 5753 1977 5828; baseline 0 -21"><span class='ocrx_word' id='word_1_640' title='bbox 702 5757 776 5828; x_wconf 80' lang='lat' dir='ltr'><strong>(u)</strong></span> <span class='ocrx_word' id='word_1_641' title='bbox 804 5755 923 5812; x_wconf 74' lang='lat' dir='ltr'><strong>[Lee</strong></span> <span class='ocrx_word' id='word_1_642' title='bbox 951 5758 1203 5828; x_wconf 85' lang='lat' dir='ltr'><strong>pcricope</strong></span> <span class='ocrx_word' id='word_1_643' title='bbox 1238 5773 1295 5811; x_wconf 70' lang='lat' dir='ltr'><strong>ex</strong></span> <span class='ocrx_word' id='word_1_644' title='bbox 1327 5755 1508 5810; x_wconf 82' lang='lat' dir='ltr'><strong>Allatii</strong></span> <span class='ocrx_word' id='word_1_645' title='bbox 1547 5756 1796 5810; x_wconf 76' lang='lat' dir='ltr'><strong>versione</strong></span> <span class='ocrx_word' id='word_1_646' title='bbox 1821 5753 1977 5807; x_wconf 82' lang='lat' dir='ltr'><strong>data.</strong></span> 
     </span>
    </p>
   </div>
   <div class='ocr_carea' id='block_1_96' title="bbox 2964 4033 3248 4087">
    <p class='ocr_par' dir='ltr' id='par_1_96' title="bbox 2964 4033 3248 4087">
     <span class='ocr_line' id='line_1_96' title="bbox 2964 4033 3248 4087; baseline 0 -1"><span class='ocrx_word' id='word_1_647' title='bbox 2964 4033 3248 4087; x_wconf 83' lang='grc' dir='ltr'><strong>ΕΦΕΣΟΥ.</strong></span> 
     </span>
    </p>
   </div>
   <div class='ocr_carea' id='block_1_97' title="bbox 2381 4110 3869 4196">
    <p class='ocr_par' dir='ltr' id='par_1_97' title="bbox 2381 4110 3869 4196">
     <span class='ocr_line' id='line_1_97' title="bbox 2381 4110 3869 4196; baseline 0.001 -18"><span class='ocrx_word' id='word_1_648' title='bbox 2381 4124 2478 4180; x_wconf 86' lang='grc' dir='ltr'>Διὰ</span> <span class='ocrx_word' id='word_1_649' title='bbox 2499 4124 2659 4179; x_wconf 77' lang='grc' dir='ltr'>τοῦτο</span> <span class='ocrx_word' id='word_1_650' title='bbox 2689 4125 2786 4188; x_wconf 83' lang='grc' dir='ltr'><strong>τὰς</strong></span> <span class='ocrx_word' id='word_1_651' title='bbox 2806 4110 3058 4188; x_wconf 79' lang='grc' dir='ltr'>τοιαύτας</span> <span class='ocrx_word' id='word_1_652' title='bbox 3092 4123 3466 4185; x_wconf 84' lang='grc' dir='ltr'>Ιιπικινδύνους</span> <span class='ocrx_word' id='word_1_653' title='bbox 3517 4127 3703 4194; x_wconf 80' lang='grc' dir='ltr'>φωνὰς</span> <span class='ocrx_word' id='word_1_654' title='bbox 3751 4127 3869 4196; x_wconf 73' lang='grc' dir='ltr'>περὶ</span> 
     </span>
    </p>
   </div>
   <div class='ocr_carea' id='block_1_98' title="bbox 2310 4215 3708 4288">
    <p class='ocr_par' dir='ltr' id='par_1_98' title="bbox 2310 4215 3708 4288">
     <span class='ocr_line' id='line_1_98' title="bbox 2310 4215 3708 4288; baseline 0.001 -18"><span class='ocrx_word' id='word_1_655' title='bbox 2310 4217 2407 4287; x_wconf 81' lang='grc' dir='ltr'><strong>τῆς</strong></span> <span class='ocrx_word' id='word_1_656' title='bbox 2433 4218 2715 4286; x_wconf 80' lang='grc' dir='ltr'>τοῦἁγίου</span> <span class='ocrx_word' id='word_1_657' title='bbox 2748 4217 3067 4288; x_wconf 86' lang='grc' dir='ltr'>Πνεύματος</span> <span class='ocrx_word' id='word_1_658' title='bbox 3098 4215 3478 4286; x_wconf 79' lang='grc' dir='ltr'>ὲκπορεύσεως</span> <span class='ocrx_word' id='word_1_659' title='bbox 3501 4216 3708 4272; x_wconf 87' lang='grc' dir='ltr'>ἀθετῶ.</span> 
     </span>
    </p>
   </div>
   <div class='ocr_carea' id='block_1_99' title="bbox 2922 4311 3285 4364">
    <p class='ocr_par' dir='ltr' id='par_1_99' title="bbox 2922 4311 3285 4364">
     <span class='ocr_line' id='line_1_99' title="bbox 2922 4311 3285 4364; baseline 0 0"><span class='ocrx_word' id='word_1_660' title='bbox 2922 4311 3285 4364; x_wconf 76' lang='grc' dir='ltr'><strong>ΔΠΟΛΟῙἸΔ.</strong></span> 
     </span>
    </p>
   </div>
   <div class='ocr_carea' id='block_1_100' title="bbox 2381 4399 3870 4470">
    <p class='ocr_par' dir='ltr' id='par_1_100' title="bbox 2381 4399 3870 4470">
     <span class='ocr_line' id='line_1_100' title="bbox 2381 4399 3870 4470; baseline -0.002 -14"><span class='ocrx_word' id='word_1_661' title='bbox 2381 4403 2545 4464; x_wconf 85' lang='grc' dir='ltr'>Ποίας</span> <span class='ocrx_word' id='word_1_662' title='bbox 2574 4404 2758 4469; x_wconf 77' lang='grc' dir='ltr'>φωνὰς</span> <span class='ocrx_word' id='word_1_663' title='bbox 2785 4399 2968 4455; x_wconf 85' lang='grc' dir='ltr'>ἀθετεῖ</span> <span class='ocrx_word' id='word_1_664' title='bbox 3002 4405 3029 4456; x_wconf 84' lang='grc' dir='ltr'><strong>ὁ</strong></span> <span class='ocrx_word' id='word_1_665' title='bbox 3077 4401 3259 4470; x_wconf 87' lang='grc' dir='ltr'>τίμιος</span> <span class='ocrx_word' id='word_1_666' title='bbox 3306 4400 3459 4465; x_wconf 83' lang='grc' dir='ltr'>οὗτος</span> <span class='ocrx_word' id='word_1_667' title='bbox 3491 4418 3507 4469; x_wconf 87' lang='lat'><strong>;</strong></span> <span class='ocrx_word' id='word_1_668' title='bbox 3547 4403 3647 4466; x_wconf 83' lang='grc' dir='ltr'>τὰς</span> <span class='ocrx_word' id='word_1_669' title='bbox 3698 4401 3870 4469; x_wconf 75' lang='grc' dir='ltr'><strong>λεγού⁴</strong></span> 
     </span>
    </p>
   </div>
   <div class='ocr_carea' id='block_1_101' title="bbox 2317 4479 3868 4565">
    <p class='ocr_par' dir='ltr' id='par_1_101' title="bbox 2317 4479 3868 4565">
     <span class='ocr_line' id='line_1_101' title="bbox 2317 4479 3868 4565; baseline 0.001 -19"><span class='ocrx_word' id='word_1_670' title='bbox 2317 4510 2413 4557; x_wconf 84' lang='grc' dir='ltr'><strong>σας</strong></span> <span class='ocrx_word' id='word_1_671' title='bbox 2440 4495 2593 4547; x_wconf 72' lang='grc' dir='ltr'>ιδιον</span> <span class='ocrx_word' id='word_1_672' title='bbox 2618 4495 2825 4560; x_wconf 84' lang='grc' dir='ltr'>αὑτοῦ,</span> <span class='ocrx_word' id='word_1_673' title='bbox 2853 4495 2946 4547; x_wconf 82' lang='grc' dir='ltr'>τοῦ</span> <span class='ocrx_word' id='word_1_674' title='bbox 2979 4493 3106 4547; x_wconf 88' lang='grc' dir='ltr'><strong>Υίοῦ</strong></span> <span class='ocrx_word' id='word_1_675' title='bbox 3130 4495 3394 4565; x_wconf 81' lang='grc' dir='ltr'>δηλονότι,</span> <span class='ocrx_word' id='word_1_676' title='bbox 3431 4497 3524 4548; x_wconf 73' lang='grc' dir='ltr'><strong>καὶ</strong></span> <span class='ocrx_word' id='word_1_677' title='bbox 3549 4479 3620 4559; x_wconf 78' lang='grc' dir='ltr'><strong>ἐξ</strong></span> <span class='ocrx_word' id='word_1_678' title='bbox 3654 4495 3868 4557; x_wconf 79' lang='grc' dir='ltr'>αὑτοῦ;</span> 
     </span>
    </p>
   </div>
   <div class='ocr_carea' id='block_1_102' title="bbox 2328 4586 3871 4658">
    <p class='ocr_par' dir='ltr' id='par_1_102' title="bbox 2328 4586 3871 4658">
     <span class='ocr_line' id='line_1_102' title="bbox 2328 4586 3871 4658; baseline -0.002 -18"><span class='ocrx_word' id='word_1_679' title='bbox 2328 4586 2489 4642; x_wconf 74' lang='grc' dir='ltr'>Ἀλλὰ</span> <span class='ocrx_word' id='word_1_680' title='bbox 2510 4588 2671 4641; x_wconf 83' lang='grc' dir='ltr'>τοῦτο</span> <span class='ocrx_word' id='word_1_681' title='bbox 2706 4588 3189 4658; x_wconf 78' lang='grc' dir='ltr'>προαποδέδεικται</span> <span class='ocrx_word' id='word_1_682' title='bbox 3219 4588 3292 4649; x_wconf 84' lang='grc' dir='ltr'>ὼς</span> <span class='ocrx_word' id='word_1_683' title='bbox 3320 4589 3354 4656; x_wconf 72' lang='grc' dir='ltr'><strong>ἠ</strong></span> <span class='ocrx_word' id='word_1_684' title='bbox 3393 4587 3524 4656; x_wconf 84' lang='grc' dir='ltr'>ἁγία</span> <span class='ocrx_word' id='word_1_685' title='bbox 3554 4588 3718 4658; x_wconf 70' lang='grc' dir='ltr'>τρίτη</span> <span class='ocrx_word' id='word_1_686' title='bbox 3755 4587 3871 4640; x_wconf 83' lang='grc' dir='ltr'>σύν-</span> 
     </span>
    </p>
   </div>
   <div class='ocr_carea' id='block_1_103' title="bbox 2313 4677 3870 4748">
    <p class='ocr_par' dir='ltr' id='par_1_103' title="bbox 2313 4677 3870 4748">
     <span class='ocr_line' id='line_1_103' title="bbox 2313 4677 3870 4748; baseline -0.003 -18"><span class='ocrx_word' id='word_1_687' title='bbox 2313 4677 2431 4740; x_wconf 84' lang='grc' dir='ltr'>οδος</span> <span class='ocrx_word' id='word_1_688' title='bbox 2468 4681 2607 4747; x_wconf 87' lang='grc' dir='ltr'><strong>μετὰ</strong></span> <span class='ocrx_word' id='word_1_689' title='bbox 2638 4678 2732 4730; x_wconf 74' lang='grc' dir='ltr'>καὶ</span> <span class='ocrx_word' id='word_1_690' title='bbox 2771 4677 2866 4730; x_wconf 84' lang='grc' dir='ltr'><strong>τοῦ</strong></span> <span class='ocrx_word' id='word_1_691' title='bbox 2900 4679 3190 4730; x_wconf 87' lang='grc' dir='ltr'>θεσπεσίου</span> <span class='ocrx_word' id='word_1_692' title='bbox 3249 4677 3517 4748; x_wconf 79' lang='grc' dir='ltr'>Κυρί).λου</span> <span class='ocrx_word' id='word_1_693' title='bbox 3556 4681 3761 4745; x_wconf 78' lang='grc' dir='ltr'>μᾶλλον</span> <span class='ocrx_word' id='word_1_694' title='bbox 3798 4678 3870 4728; x_wconf 76' lang='grc' dir='ltr'><strong>λέ-</strong></span> 
     </span>
    </p>
   </div>
   <div class='ocr_carea' id='block_1_104' title="bbox 2309 4766 3870 4836">
    <p class='ocr_par' dir='ltr' id='par_1_104' title="bbox 2309 4766 3870 4836">
     <span class='ocr_line' id='line_1_104' title="bbox 2309 4766 3870 4836; baseline -0.004 -15"><span class='ocrx_word' id='word_1_695' title='bbox 2309 4781 2417 4836; x_wconf 75' lang='grc' dir='ltr'>γει.</span> <span class='ocrx_word' id='word_1_696' title='bbox 2457 4768 2620 4822; x_wconf 79' lang='grc' dir='ltr'>Ἀλλὰ</span> <span class='ocrx_word' id='word_1_697' title='bbox 2672 4769 2770 4832; x_wconf 72' lang='grc' dir='ltr'><strong>τὰς</strong></span> <span class='ocrx_word' id='word_1_698' title='bbox 2826 4768 2894 4822; x_wconf 82' lang='grc' dir='ltr'>ἐκ</span> <span class='ocrx_word' id='word_1_699' title='bbox 2947 4770 3176 4835; x_wconf 78' lang='grc' dir='ltr'>Πατρός</span> <span class='ocrx_word' id='word_1_700' title='bbox 3228 4767 3303 4821; x_wconf 81' lang='grc' dir='ltr'>δι’</span> <span class='ocrx_word' id='word_1_701' title='bbox 3364 4767 3548 4833; x_wconf 68' lang='lat' dir='ltr'><strong>T1017;</strong></span> <span class='ocrx_word' id='word_1_702' title='bbox 3584 4769 3748 4820; x_wconf 79' lang='grc' dir='ltr'>Ἀ).λὰ</span> <span class='ocrx_word' id='word_1_703' title='bbox 3792 4766 3870 4817; x_wconf 66' lang='grc' dir='ltr'>καὶ</span> 
     </span>
    </p>
   </div>
   <div class='ocr_carea' id='block_1_105' title="bbox 2309 4857 3872 4929">
    <p class='ocr_par' dir='ltr' id='par_1_105' title="bbox 2309 4857 3872 4929">
     <span class='ocr_line' id='line_1_105' title="bbox 2309 4857 3872 4929; baseline -0.003 -17"><span class='ocrx_word' id='word_1_704' title='bbox 2309 4859 2515 4921; x_wconf 82' lang='grc' dir='ltr'>ταύτας</span> <span class='ocrx_word' id='word_1_705' title='bbox 2549 4861 2583 4929; x_wconf 84' lang='grc' dir='ltr'>ὴ</span> <span class='ocrx_word' id='word_1_706' title='bbox 2616 4860 2748 4927; x_wconf 79' lang='grc' dir='ltr'>ἁγία</span> <span class='ocrx_word' id='word_1_707' title='bbox 2800 4861 3154 4928; x_wconf 80' lang='grc' dir='ltr'>οίκουμενικὴ</span> <span class='ocrx_word' id='word_1_708' title='bbox 3216 4859 3418 4929; x_wconf 67' lang='grc' dir='ltr'>ἑϐδόμη</span> <span class='ocrx_word' id='word_1_709' title='bbox 3473 4859 3689 4921; x_wconf 81' lang='grc' dir='ltr'>σύνοδος</span> <span class='ocrx_word' id='word_1_710' title='bbox 3752 4857 3872 4927; x_wconf 72' lang='grc' dir='ltr'>μετὰ</span> 
     </span>
    </p>
   </div>
   <div class='ocr_carea' id='block_1_106' title="bbox 2316 4945 3874 5015">
    <p class='ocr_par' dir='ltr' id='par_1_106' title="bbox 2316 4945 3874 5015">
     <span class='ocr_line' id='line_1_106' title="bbox 2316 4945 3874 5015; baseline -0.006 -11"><span class='ocrx_word' id='word_1_711' title='bbox 2316 4950 2632 5004; x_wconf 81' lang='grc' dir='ltr'>Ἀθανασίου</span> <span class='ocrx_word' id='word_1_712' title='bbox 2679 4953 2771 5002; x_wconf 78' lang='grc' dir='ltr'>καὶ</span> <span class='ocrx_word' id='word_1_713' title='bbox 2841 4951 3119 5002; x_wconf 76' lang='grc' dir='ltr'>Βασιλείου</span> <span class='ocrx_word' id='word_1_714' title='bbox 3180 4951 3273 5003; x_wconf 75' lang='grc' dir='ltr'>καὶ</span> <span class='ocrx_word' id='word_1_715' title='bbox 3333 4951 3504 5000; x_wconf 78' lang='grc' dir='ltr'>ἄλλων</span> <span class='ocrx_word' id='word_1_716' title='bbox 3561 4945 3734 5015; x_wconf 70' lang='grc' dir='ltr'>ἁγίων</span> <span class='ocrx_word' id='word_1_717' title='bbox 3783 4950 3874 4998; x_wconf 66' lang='grc' dir='ltr'><strong>τῶν</strong></span> 
     </span>
    </p>
   </div>
   <div class='ocr_carea' id='block_1_107' title="bbox 2310 5024 3874 5112">
    <p class='ocr_par' dir='ltr' id='par_1_107' title="bbox 2310 5024 3874 5112">
     <span class='ocr_line' id='line_1_107' title="bbox 2310 5024 3874 5112; baseline -0.001 -19"><span class='ocrx_word' id='word_1_718' title='bbox 2310 5044 2415 5112; x_wconf 74' lang='grc' dir='ltr'><strong>πρὸ</strong></span> <span class='ocrx_word' id='word_1_719' title='bbox 2454 5041 2653 5112; x_wconf 81' lang='grc' dir='ltr'>ταύτης</span> <span class='ocrx_word' id='word_1_720' title='bbox 2687 5042 2929 5110; x_wconf 85' lang='grc' dir='ltr'>θεολογεῖ</span> <span class='ocrx_word' id='word_1_721' title='bbox 2961 5043 3053 5097; x_wconf 84' lang='grc' dir='ltr'>καὶ</span> <span class='ocrx_word' id='word_1_722' title='bbox 3081 5045 3137 5104; x_wconf 76' lang='grc' dir='ltr'>ἐς</span> <span class='ocrx_word' id='word_1_723' title='bbox 3181 5042 3407 5111; x_wconf 78' lang='grc' dir='ltr'>ὕστερον</span> <span class='ocrx_word' id='word_1_724' title='bbox 3439 5043 3466 5092; x_wconf 82' lang='grc' dir='ltr'><strong>δ</strong></span> <span class='ocrx_word' id='word_1_725' title='bbox 3503 5024 3649 5104; x_wconf 79' lang='grc' dir='ltr'>θεῖος</span> <span class='ocrx_word' id='word_1_726' title='bbox 3707 5046 3874 5110; x_wconf 80' lang='grc' dir='ltr'>Δαμα-</span> 
     </span>
    </p>
   </div>
   <div class='ocr_carea' id='block_1_108' title="bbox 2307 5132 3874 5200">
    <p class='ocr_par' dir='ltr' id='par_1_108' title="bbox 2307 5132 3874 5200">
     <span class='ocr_line' id='line_1_108' title="bbox 2307 5132 3874 5200; baseline 0.001 -18"><span class='ocrx_word' id='word_1_727' title='bbox 2307 5134 2524 5200; x_wconf 80' lang='grc' dir='ltr'>σκηνός.</span> <span class='ocrx_word' id='word_1_728' title='bbox 2571 5132 2730 5185; x_wconf 80' lang='grc' dir='ltr'>Ἀλλά</span> <span class='ocrx_word' id='word_1_729' title='bbox 2758 5133 2851 5185; x_wconf 72' lang='grc' dir='ltr'><strong>τὰς</strong></span> <span class='ocrx_word' id='word_1_730' title='bbox 2885 5134 2952 5185; x_wconf 83' lang='grc' dir='ltr'>ἐκ</span> <span class='ocrx_word' id='word_1_731' title='bbox 2982 5133 3085 5184; x_wconf 83' lang='grc' dir='ltr'>τοῦ</span> <span class='ocrx_word' id='word_1_732' title='bbox 3114 5135 3342 5198; x_wconf 77' lang='grc' dir='ltr'>Πατρός</span> <span class='ocrx_word' id='word_1_733' title='bbox 3371 5132 3547 5183; x_wconf 71' lang='grc' dir='ltr'>καὶέκ</span> <span class='ocrx_word' id='word_1_734' title='bbox 3580 5134 3689 5185; x_wconf 83' lang='grc' dir='ltr'>τοῦ</span> <span class='ocrx_word' id='word_1_735' title='bbox 3715 5133 3874 5191; x_wconf 75' lang='grc' dir='ltr'><strong>Υἱοῡ;</strong></span> 
     </span>
    </p>
   </div>
   <div class='ocr_carea' id='block_1_109' title="bbox 2308 5221 3872 5294">
    <p class='ocr_par' dir='ltr' id='par_1_109' title="bbox 2308 5221 3872 5294">
     <span class='ocr_line' id='line_1_109' title="bbox 2308 5221 3872 5294; baseline -0.001 -20"><span class='ocrx_word' id='word_1_736' title='bbox 2308 5223 2416 5274; x_wconf 75' lang='grc' dir='ltr'>Καὶ</span> <span class='ocrx_word' id='word_1_737' title='bbox 2455 5221 2599 5292; x_wconf 79' lang='grc' dir='ltr'>μάλα</span> <span class='ocrx_word' id='word_1_738' title='bbox 2637 5222 2850 5290; x_wconf 83' lang='grc' dir='ltr'>τρανῶς</span> <span class='ocrx_word' id='word_1_739' title='bbox 2873 5223 2961 5275; x_wconf 78' lang='grc' dir='ltr'><strong>διὰ</strong></span> <span class='ocrx_word' id='word_1_740' title='bbox 2995 5222 3084 5275; x_wconf 86' lang='grc' dir='ltr'>τοῦ</span> <span class='ocrx_word' id='word_1_741' title='bbox 3130 5222 3276 5294; x_wconf 78' lang='grc' dir='ltr'>ἱεροῦ</span> <span class='ocrx_word' id='word_1_742' title='bbox 3313 5224 3406 5274; x_wconf 73' lang='grc' dir='ltr'>καὶ</span> <span class='ocrx_word' id='word_1_743' title='bbox 3444 5222 3588 5275; x_wconf 89' lang='grc' dir='ltr'>θείου</span> <span class='ocrx_word' id='word_1_744' title='bbox 3634 5225 3872 5293; x_wconf 66' lang='grc' dir='ltr'>Μαξίμου</span> 
     </span>
    </p>
   </div>
   <div class='ocr_carea' id='block_1_110' title="bbox 2319 5420 3521 5493">
    <p class='ocr_par' dir='ltr' id='par_1_110' title="bbox 2319 5420 3521 5493">
     <span class='ocr_line' id='line_1_110' title="bbox 2319 5420 3521 5493; baseline 0.004 -20"><span class='ocrx_word' id='word_1_745' title='bbox 2319 5420 2670 5493; x_wconf 28' lang='lat' dir='ltr'><strong>istaad‘ducit</strong></span> <span class='ocrx_word' id='word_1_746' title='bbox 2703 5430 2892 5477; x_wconf 87' lang='lat' dir='ltr'><strong>contra</strong></span> <span class='ocrx_word' id='word_1_747' title='bbox 2926 5423 3257 5493; x_wconf 82' lang='lat' dir='ltr'><strong>Creygbton.</strong></span> <span class='ocrx_word' id='word_1_748' title='bbox 3301 5438 3353 5490; x_wconf 91' lang='lat' dir='ltr'><strong>p.</strong></span> <span class='ocrx_word' id='word_1_749' title='bbox 3392 5421 3521 5478; x_wconf 80' lang='lat'><strong>509.</strong></span> 
     </span>
    </p>
   </div>
   <div class='ocr_carea' id='block_1_111' title="bbox 2388 5490 3435 5564">
    <p class='ocr_par' dir='ltr' id='par_1_111' title="bbox 2388 5490 3435 5564">
     <span class='ocr_line' id='line_1_111' title="bbox 2388 5490 3435 5564; baseline 0.003 -21"><span class='ocrx_word' id='word_1_750' title='bbox 2388 5492 2460 5562; x_wconf 79' lang='grc'><strong>(4)</strong></span> <span class='ocrx_word' id='word_1_751' title='bbox 2489 5490 2780 5562; x_wconf 88' lang='lat' dir='ltr'><strong>llucusque</strong></span> <span class='ocrx_word' id='word_1_752' title='bbox 2802 5493 2981 5547; x_wconf 84' lang='lat' dir='ltr'><strong>Allatii</strong></span> <span class='ocrx_word' id='word_1_753' title='bbox 3011 5490 3286 5564; x_wconf 42' lang='lat' dir='ltr'><strong>a’llegatto,</strong></span> <span class='ocrx_word' id='word_1_754' title='bbox 3315 5495 3348 5547; x_wconf 90' lang='grc' dir='ltr'><strong>Ι.</strong></span> <span class='ocrx_word' id='word_1_755' title='bbox 3386 5507 3435 5546; x_wconf 90' lang='lat' dir='ltr'><strong>c.</strong></span> 
     </span>
    </p>
   </div>
  </div>
