3972 6326
198 287 289 352 113

1421 303 1724 365 CONTRA
1758 304 2177 381 EPHESIUM.

3289 312 3387 378 114

189 402 491 498 νίινεῦματος
522 408 787 480 ἐλλαμψις
819 412 905 468 διὰ
936 414 1028 484 τῆς
1047 415 1155 468 τῶν
1184 400 1455 488 θεοφὸρων
1477 420 1719 487 Πατέρωη

1838 422 2006 491 ipsam
2053 425 2338 492 declarat;
2402 433 2454 481 ct
2512 441 2575 480 ea
2639 439 2985 495 usurpantes,
3040 435 3390 498 mentemque

190 494 457 562 θεολογίας
486 501 587 567 τήν
614 518 672 554 τε
718 502 979 574 ἀλήθειαν
1040 506 1317 577 ἐμφαίνει,
1353 510 1475 573 τοῦς
1527 530 1584 563 τε
1642 512 1732 563 λέ-

188 597 377 654 γοντας
405 590 500 642 καὶ
536 591 831 661 ἐχομένους
875 596 972 664 τῆς
1005 597 1211 651 τούτων
1268 596 1506 664 διανοίας
1539 602 1569 668 ἣ
1606 619 1733 671 συγ-

192 678 495 746 γράφοντας
525 680 773 750 φωτίζει,
800 680 894 738 καὶ
938 688 1051 750 τοῖς
1095 688 1354 743 ἀκούουσι
1384 690 1473 743 τὸν
1532 690 1735 745 ἄνωθεν

196 758 464 835 σωτήριον
484 774 770 842 φωτισμὸν
830 777 1208 847 ἐπιϐραὸεύει.
1240 782 1463 837 Ἕνεκεν
1509 784 1599 837 οὖν
1638 785 1735 853 τῆς
1764 777 1769 782 ’

192 856 366 927 κοινῆς
392 859 599 932 ταύτης
646 865 932 933 ὠφελείας,
974 872 1065 924 καὶ
1097 873 1193 940 τῆς
1224 874 1476 945 ἀληθείας
1508 878 1735 945 ἀνευρέο

195 964 325 1012 σιως
358 951 738 1024 (ἧτιςόφείλει
768 958 1126 1031 ζητεῖσθαιοῦ
1156 965 1312 1035 μόνον
1336 968 1427 1020 ἐπὶ
1463 969 1560 1021 τῶν
1578 969 1735 1023 θείων

190 1039 486 1111 δογμάτων,
513 1046 648 1101 ἁλλὰ
670 1051 760 1104 καὶ
792 1051 888 1106 ἐπὶ
917 1042 1113 1118 παντὸς
1172 1057 1329 1110 ἄλλου
1388 1061 1730 1129 πράγματος,

190 1134 357 1197 καθώς
421 1155 588 1209 φησιν
642 1144 669 1195 6
725 1145 964 1212 Κύριος·
996 1150 1234 1215 Ζητεῖτε
1288 1150 1384 1205 καὶ
1424 1152 1733 1225 εὑρήσετε)

190 1227 385 1296 ταύτην
419 1230 512 1284 καὶ
540 1235 704 1302 ἡμεῖς
734 1237 1129 1309 ἐκζητήσωμεν
1182 1243 1243 1294 ἐκ
1294 1243 1393 1312 τῆς
1438 1244 1546 1297 τῶν
1589 1246 1734 1300 διδα-

191 1319 394 1373 σκάλων
423 1323 729 1393 θεολογίας,
765 1331 859 1385 καὶ
913 1333 1011 1404 τὴν
1067 1334 1458 1404 αὐτοαλήθειαν
1500 1339 1733 1408 Χριστὸν

188 1409 272 1460 τὸν
297 1410 429 1464 Θεὸν
478 1416 640 1484 ἡμῶν
674 1420 1062 1492 ίκετεύσωμεν,
1112 1425 1261 1487 ὅπως
1309 1424 1405 1477 τὸν
1454 1427 1732 1498 φωτισμὸν

188 1503 274 1555 καὶ
301 1505 397 1571 τὴν
432 1506 642 1561 ἄνωθεν
671 1509 833 1580 χάριν
883 1515 1252 1584 καταπέμψας
1307 1518 1629 1590 καταυγάσῃ
1675 1519 1732 1571 τδ

186 1593 275 1662 τῆς
296 1596 532 1661 διανοίας
593 1601 752 1671 ἡμῶν
788 1602 962 1672 ὄμμα,
1020 1608 1103 1668 τίς
1135 1607 1194 1659 τὸ
1237 1608 1312 1677 μὴ
1341 1609 1593 1681 ,κατόπιν
1633 1610 1732 1678 τῆς

1837 514 2127 571 doctorum
2187 510 2477 587 sequentes
2519 520 2932 589 scribentesque
2998 520 3288 585 illuminat,
3332 529 3393 574 et

1837 607 2181 663 audientibus
2212 607 2501 666 salutarem
2533 608 2766 680 desuper
2798 610 3256 665 illuminationem
3285 611 3367 663 lar

1837 696 2003 767 gitur.
2064 697 2248 769 Itaque
2281 701 2346 755 ad
2381 717 2720 757 communem
2772 702 2913 756 hanc
2967 702 3210 756 omnium
3247 701 3366 756 utili

1836 795 2025 852 tatem,
2054 797 2107 843 et
2139 790 2386 847 veritatis
2415 792 2853 849 adinventionem
2891 793 3034 864 (quae
3065 807 3171 847 non
3209 791 3382 847 solum

1837 877 1889 931 in
1929 877 2130 934 divinis
2164 880 2530 959 dogmatibus,
2558 885 2651 938 sed
2682 884 2846 939 etiam
2880 884 3073 955 quavis
3098 884 3205 937 alia
3240 884 3292 937 in
3328 899 3381 936 re

1835 972 2003 1034 qumri
2048 971 2207 1026 debet
2248 970 2401 1041 juxta
2451 973 2655 1027 dictum
2698 973 2908 1030 Domini
2976 994 2989 1030 :
3054 975 3285 1040 Quwrite
3339 984 3382 1026 et

1835 1061 2112 1115 invenietis
2154 1061 2194 1131 ¹)
2228 1062 2371 1116 illam
2402 1071 2457 1117 et
2480 1078 2578 1117 nos
2606 1065 2983 1132 perquiramus
3006 1079 3069 1120 cx
3102 1064 3381 1118 doctorum

1836 1154 2158 1220 sententiis;
2212 1152 2454 1230 fusisque
2486 1156 2551 1209 ad
2578 1154 2854 1209 Christum
2905 1155 3074 1210 Deum
3108 1165 3382 1217 nostrum,

1835 1246 1929 1315 qui
1959 1246 2073 1315 ipsa
2110 1246 2309 1303 veritas
2339 1255 2419 1301 est
2444 1288 2459 1311 ,
2494 1248 2747 1315 precibus
2799 1253 3069 1317 petamus,
3120 1254 3180 1301 ut
3218 1247 3382 1301 missa

1838 1352 1936 1391 nos
1993 1337 2111 1392 luce
2141 1352 2253 1392 suae
2282 1338 2467 1407 gratia:
2494 1379 2506 1400 ,
2539 1340 2740 1394 mentis
2774 1345 2976 1391 nostrae
3012 1337 3229 1391 oculum
3262 1337 3381 1390 illu-

1835 1436 1994 1491 stret,
2047 1442 2116 1481 ne
2170 1428 2397 1496 quaesita
2456 1431 2660 1484 veritas
2687 1446 2789 1485 nos
2812 1427 3056 1499 eiiugiat.
3086 1427 3204 1494 Ipse
3238 1429 3384 1481 enim

1833 1528 1918 1572 est
1956 1520 2049 1587 qui
2090 1519 2228 1573 dixit
2258 1536 2273 1574 :
2316 1519 2444 1577 Sine
2471 1537 2549 1573 me
2583 1521 2720 1573 nihil
2747 1522 2962 1589 potestis
2993 1520 3169 1588 facere
3197 1519 3217 1549 ³
3249 1535 3261 1584 ;
3290 1528 3341 1572 et
3369 1535 3380 1571 :

1836 1610 2019 1663 Omnis
2047 1612 2138 1680 qui
2167 1612 2293 1677 petit
2319 1653 2329 1674 ,
2364 1613 2549 1677 accipit
2589 1614 2631 1664 ³.
2663 1610 2797 1667 Cum
2826 1612 2897 1666 sit
2924 1613 3069 1684 enim
3101 1610 3218 1680 ipsa
3243 1609 3382 1664 veri-

186 1688 432 1788 ἁληθείας
458 1690 668 1745 ἐλθείνο
719 1693 880 1756 αὐτὸς
936 1695 1045 1765 γάρ
1078 1696 1226 1752 ἐστιν
1252 1699 1280 1750 6
1313 1698 1480 1752 εἰπών
1500 1716 1514 1731 ·
1548 1702 1719 1768 Χωρίς

1836 1708 1938 1762 tas,
1976 1713 2103 1753 vera
2137 1700 2404 1769 requirit;
2441 1710 2496 1753 ut
2553 1709 2785 1755 testatur
2813 1709 2869 1755 et
2906 1690 3138 1754 sanctus
3165 1698 3330 1752 David
3366 1718 3380 1752 :

187 1775 322 1869 ἐμοῦ
356 1782 427 1835 οὐ
457 1781 724 1839 δύνασθε
747 1787 943 1841 ποιεῖν
976 1787 1163 1842 οὐδέν
1183 1805 1197 1820 ο
1232 1791 1326 1843 καί
1356 1802 1375 1824 υ
1431 1790 1551 1869 Πᾷς
1581 1791 1613 1845 6
1639 1795 1719 1847 at-

1843 1788 2127 1843 Veritatem
2156 1791 2374 1861 requirit
2411 1791 2665 1845 Dominus
2698 1791 2753 1856 δς
2804 1797 2858 1845 et
2887 1808 2900 1845 :
2955 1788 3240 1844 Veritatem
3267 1805 3380 1842 me-

185 1868 295 1923 τῶν
321 1874 631 1944 λαμϐάνει.
666 1878 1039 1947 Αὐτοαλήθεια
1068 1880 1175 1948 γὰρ
1213 1880 1289 1934 ὢν
1329 1868 1587 1953 ἀληθείας
1632 1886 1724 1938 ἐκ-

185 1960 347 2029 ζητεῖ,
401 1964 584 2029 καθὼς
625 1969 718 2020 καὶ
783 1969 923 2032 θεῖος
970 1970 1131 2023 Δαυῒδ
1181 1972 1375 2041 φησιν·
1410 1973 1723 2042 Ἀληθείας

183 2053 403 2122 ἐπιζητεῖ
452 2058 703 2126 Κύριος·
766 2060 897 2113 καί·
972 2062 1291 2131 Ἀλήθειαν
1314 2065 1638 2133 μελετήσει
1689 2065 1720 2118 ὁ

182 2147 402 2216 λάρυτξ
434 2166 576 2217 μου.
621 2150 772 2204 Ἐπεὶ
798 2146 891 2205 οὖν
926 2153 1022 2205 καλ⁸
1058 2155 1086 2207 δ
1118 2154 1398 2230 αἰδέσιμος
1429 2149 1583 2221 οὗτος
1612 2162 1724 2223 τοῖς

184 2239 483 2311 ἁπανταχοῦ
516 2243 624 2313 γῆς
649 2245 951 2300 ἐπιστέλλει
978 2248 1076 2308 καὶ
1102 2248 1209 2302 τῶν
1260 2250 1443 2320 νήσων
1468 2250 1721 2319 εὐμισκο-
1754 2278 1757 2279 ν

187 2330 356 2397 μένοις
374 2335 751 2405 Χριστιανυῐς,
782 2336 859 2403 ὡς
887 2337 952 2392 ἂν
983 2340 1047 2393 ἐκ
1089 2339 1196 2393 τῶν
1226 2340 1325 2411 ἠδη
1361 2326 1494 2412 πρὸς
1527 2342 1721 2407 αὐτοὺς

182 2422 592 2496 ἐπεσταλμένων
643 2428 744 2510 τῂν
779 2428 879 2498 τῆς
934 2429 1167 2493 πίστεως
1195 2431 1456 2501 ἀλήθειαν
1493 2433 1719 2498 λάϐωσι,

182 2516 265 2569 καὶ
290 2519 415 2581 τοὺς
450 2519 571 2573 τῶν
600 2520 845 2576 Λατίνων
872 2520 1067 2576 ἐνωσιν
1100 2523 1406 2596 τηροῦντας
1446 2529 1722 2599 diremptu-

184 2608 333 2675 φῶσι,
368 2610 499 2683 φέρε
534 2613 632 2666 καὶ
660 2613 823 2687 ἡμεῖς
880 2615 1053 2669 ταῦτα
1097 2617 1162 2685 δὴ
1224 2616 1294 2670 τὰ
1346 2619 1721 2690 ἐπεσταλμένα

182 2700 510 2774 ἐξετάσωμεν
534 2721 550 2736 ⁸
586 2706 680 2761 καὶ
719 2708 768 2760 εί
822 2708 920 2779 μέν
950 2708 978 2760 6
1037 2710 1220 2777 τίμιος
1259 2703 1414 2774 οὗτος
1441 2710 1539 2780 τῆς
1591 2713 1720 2781 ἁλη-

183 2790 319 2853 θείας
341 2792 543 2863 ἔχεται,
575 2797 670 2849 καὶ
691 2798 857 2866 ἡμεῖς
910 2797 1028 2865 μετ’
1051 2796 1216 2851 αὑτοῦ
1254 2800 1560 2870 στησόμεθα
1586 2801 1719 2854 ταύ-

182 2897 271 2951 την
298 2884 786 2956 ἁνακηρύττοντες,
840 2887 935 2940 καὶ
989 2887 1152 2941 αὐτὸν
1204 2889 1723 2957 μεγαλύνοντες,,ὡς

180 2974 267 3040 τῆς
292 2975 542 3043 ἀληθείας
571 2976 830 3047 ἐχόμενον
855 2985 872 3009 δ
922 2979 969 3031 εἰ
999 2979 1057 3031 δέ
1088 2980 1279 3049 πόρρω
1325 2998 1429 3033 που
1458 2982 1556 3052 τῆς
1588 2982 1720 3052 ἁλη-

1829 1879 2088 1933 ditabitur
2128 1888 2309 1951 guttur
2335 1898 2506 1937 meum
2530 1883 2573 1939 '.
2594 1881 2862 1948 Quoniam
2893 1894 3025 1949 ergo
3056 1880 3382 1933 venerabilis

1828 1969 1914 2025 hic
1945 1970 2027 2023 vir
2059 1969 2253 2025 scribit
2295 1970 2359 2026 ad
2413 1986 2612 2027 omnes
2644 1969 2842 2040 ubique
2873 1958 3141 2026 terrarum
3175 1971 3393 2025 insula!

1781 2084 1790 2104 ι
1829 2064 2059 2131 rumque
2111 2063 2319 2118 incolas
2384 2062 2758 2128 Christianos,
2789 2070 2879 2127 ut,
2919 2060 3376 2131 quemadmodum

1828 2155 2104 2224 prioribus
2149 2155 2261 2210 suis
2288 2155 2401 2224 jam
2434 2150 3089 2225 significaveratlitteris,
3130 2153 3251 2207 fidei
3282 2170 3378 2206 ve-

1830 2249 2047 2301 ritatem
2081 2246 2357 2316 accipiant
2382 2286 2397 2311 ,
2445 2254 2496 2300 et
2533 2254 2853 2324 averscntur
2885 2259 3001 2311 eos,
3043 2244 3135 2313 qui
3166 2253 3374 2311 pactam

1829 2356 1951 2395 cum
1989 2339 2196 2394 Latinis
2237 2340 2492 2395 unionem
2546 2341 2767 2394 tuentur
2814 2357 2828 2405 ;
2883 2354 2981 2409 age
3025 2353 3122 2392 nos
3163 2353 3380 2406 quoque

1827 2431 2202 2487 examinemus
2261 2431 2371 2485 haec
2420 2430 2536 2499 ipsa
2577 2445 2696 2500 quae
2729 2430 2921 2486 scribit
2951 2447 2966 2494 ;
2996 2437 3049 2484 et
3081 2429 3125 2484 si
3160 2429 3376 2499 quidem

1825 2523 2073 2593 egregius
2122 2523 2206 2577 vir
2259 2538 2289 2577 a
2334 2524 2564 2577 veritate
2619 2537 2727 2577 non
2766 2523 3044 2583 abh'orret.
3078 2536 3178 2575 nos
3214 2520 3376 2574 etiam

1778 2604 1785 2611 ’
1828 2628 1948 2667 cum
1983 2610 2104 2682 ipso
2145 2611 2414 2679 stabimus
2443 2625 2562 2665 eam
2604 2611 3055 2680 depr'aadicantes,
3089 2610 3380 2679 ipsumque

1829 2704 2080 2759 laudibus
2112 2703 2460 2769 extollentes,
2499 2711 2687 2773 utpote
2710 2704 2963 2758 veritatis
2993 2704 3265 2767 amicum;
3294 2702 3377 2755 siu

1826 2802 2006 2849 autem
2035 2795 2191 2865 longe
2214 2796 2433 2849 aberrat
2466 2809 2507 2847 at
2531 2794 2783 2857 veritate,
2807 2792 3033 2863 prolatis
3065 2799 3377 2845 sanctorum

1825 2884 2008 2952 dictis,
2028 2886 2202 2953 palam
2230 2885 2533 2955 legentibus
2561 2884 2844 2948 iaciemus,
2866 2884 2995 2953 quid
3016 2880 3081 2937 ad
3101 2881 3219 2951 ejus
3245 2882 3379 2934 seri.

1825 2984 1914 3045 pta
1946 2975 2406 3045 respondeamus;
2434 2985 2490 3030 ut
2522 2975 2843 3045 intelligant,
2880 2982 2999 3028 utra
3032 2988 3155 3043 pars
3188 2988 3376 3026 verum

183 3064 317 3128 θείας
345 3066 515 3134 λέγει,
546 3071 614 3121 τὰ
647 3067 756 3121 τῶν
790 3068 960 3137 ἁγίων
1011 3070 1274 3140 Πατέρων
1312 3072 1625 3140 προθέντες,
1656 3074 1719 3127 δι’

1827 3068 1991 3131 dicat,
2023 3076 2077 3122 et
2122 3081 2308 3122 secum
2346 3068 2593 3123 veritatis
2633 3066 2923 3125 candorem
2978 3063 3219 3128 habeat;
3258 3079 3378 3132 qtiae

183 3155 346 3209 αὐτῶν
375 3159 473 3228 τὴν
499 3159 802 3227 ἀπολογίαν
829 3161 940 3223 τοῖς
977 3155 1365 3231 ἐντυγχάνουσι
1417 3164 1720 3233 κατάδηλον

182 3249 479 3317 ποιήσομεν·
540 3251 690 3309 ὅπως
724 3248 944 3317 γνῶσιν,
993 3253 1252 3320 ὁπότερον
1308 3254 1475 3324 μέρος
1509 3253 1720 3325 τάληθῆ

181 3336 329 3404 λέγει,
355 3339 453 3391 καὶ
478 3339 537 3391 τὸ
564 3339 889 3410 λευκότερον
936 3341 1054 3407 μεθ’
1085 3343 1282 3396 ἑαυτοῦ
1311 3345 1442 3414 ἔχει,
1473 3346 1554 3408 τίς
1591 3345 1646 3397 δέ
1693 3348 1720 3398 6

181 3429 771 3500 παρασυλλογιζόμενος
802 3431 987 3489 καὶτὰ
1012 3432 1185 3502 ψευδῆ
1207 3433 1383 3501 λέγων
1418 3434 1513 3487 καὶ⁵
1539 3436 1721 3501 ἀμαυ-

182 3520 258 3587 ρά.
308 3521 445 3575 Ἀλλ’
466 3522 587 3575 ἐπεὶ
620 3523 714 3574 καὶ
764 3522 929 3592 ἄμφω
962 3523 1030 3576 τὰ
1082 3525 1221 3594 μέρη
1274 3525 1435 3589 αὐτός
1463 3543 1519 3579 τε
1550 3526 1716 3596 δηλοῖ,

183 3614 264 3664 καὶ
292 3615 449 3683 ἡμεῖς
478 3618 536 3668 τὸ
562 3617 814 3686 κρεῖττον
849 3618 943 3670 καὶ
971 3618 1175 3688 ἀληθὲς
1221 3621 1473 3689 κατέχειν
1505 3621 1718 3691 νομίζοι

185 3722 292 3773 μεν,
323 3706 554 3761 ἕπεσθαι
606 3707 826 3769 πὰντως
872 3710 1083 3779 ἀνάγκη
1129 3713 1252 3772 ταῖς
1298 3711 1406 3765 τῶν
1448 3712 1717 3782 θεοφόρων

186 3797 422 3869 Πατέρων
447 3799 780 3869 μαρτυρίαις
815 3800 1006 3871 ὥσπερ
1036 3803 1173 3870 φωτί
1197 3818 1211 3833 ο
1238 3792 1323 3854 ἵνα
1354 3802 1447 3855 δύο
1490 3805 1714 3874 χρωμά-

182 3903 274 3940 των
296 3889 480 3954 ὄντων,
511 3890 747 3961 ἐρυθροῦ
773 3907 830 3943 τε
865 3893 958 3946 καὶ
991 3893 1240 3960 μέλανος,
1273 3893 1501 3946 ἑκάστου
1535 3893 1714 3963 λέγον-

180 3994 254 4040 τος
283 3980 340 4031 τὸ
367 3980 592 4050 ἐρυθρὸν
622 3984 874 4051 κατέχειν
902 3982 1007 4034 ’καὶ
1088 3981 1370 4051 βασιλικὸν
1428 3985 1520 4036 καὶ
1578 3986 1714 4055 χρή-

181 4084 332 4134 σιμον,
386 4069 471 4124 διὰ
517 4072 577 4122 τὸ
633 4072 737 4123 ὑπὸ
769 4071 862 4125 τοῦ
922 4072 1098 4139 φωτὸς
1151 4072 1225 4142 μὴ
1284 4073 1604 4143 ἐλέγχεσθαι
1652 4078 1742 4128 τὸ.

180 4158 402 4222 ἑκάστου,
434 4163 529 4214 τοῦ
559 4162 659 4231 μέν
698 4164 732 4232 ἡ
757 4163 954 4233 πλάνη,
985 4163 1078 4216 τοῦ
1115 4164 1169 4217 δέ
1197 4166 1487 4235 φανερωθῇ
1522 4168 1552 4237 ἡ
1583 4168 1712 4237 ἁλή-

180 4248 312 4303 θεια·
344 4253 438 4305 οὐκ
469 4254 695 4307 ἄλλοθεν
719 4253 776 4305 δέ
805 4255 864 4306 τὸ
898 4255 1033 4324 φῶς,
1059 4254 1134 4318 ὡς
1160 4255 1402 4325 εἴρηται,
1428 4258 1475 4308 εί
1506 4257 1581 4327 μὴ
1611 4259 1714 4311 ὑπὸ

177 4343 269 4393 τῶν
298 4345 564 4415 θεοφόρων
597 4347 691 4399 καὶ
719 4346 890 4412 ἁγίων
929 4346 1448 4417 Πατέρων,.οἴτινες
1476 4349 1580 4402 ὑπὸ
1613 4350 1708 4403 τοῦ

1826 3167 2012 3214 contra
2069 3158 2275 3211 vitiosis
2310 3167 2493 3212 utatur
2524 3157 2883 3228 syIIOgismis,
2920 3165 2975 3211 et
3021 3154 3363 3210 obscuritate

1827 3253 2094 3308 mendacii
2158 3253 2484 3308 tenebrosis.
2532 3251 2636 3306 Sed
2699 3252 2960 3321 quoniam
3008 3249 3123 3315 ipse
3173 3249 3375 3319 profert

1796 3336 1940 3413 quae
1970 3353 2098 3398 sunt
2129 3343 2414 3413 utriusque
2447 3342 2617 3423 partis
2642 3382 2655 3406 ,
2692 3351 2745 3395 et
2780 3356 2877 3395 nos
2914 3342 3121 3396 sentire
3154 3340 3371 3403 melius,

1822 3448 1875 3492 et
1903 3437 2187 3490 veritatem
2212 3450 2240 3488 a
2272 3434 2425 3489 nobis
2458 3448 2578 3489 esse
2610 3432 2957 3496 arbitramur,
2987 3441 3069 3486 est
3093 3433 3248 3500 plane
3282 3446 3373 3484 nc-

1822 3527 2120 3582 ccssarium
2178 3533 2494 3580 sanctorum
2561 3523 2782 3577 Patrum
2842 3523 2996 3593 sequi
3057 3525 3368 3579 testimonfa

1821 3617 1977 3689 quasi
2034 3617 2207 3672 facem
2272 3618 2688 3683 praelucentem,
2720 3612 2776 3671 tit
2805 3615 3214 3695 vclutiduobus
3250 3631 3374 3685 prn-

1820 3709 2016 3780 positis
2068 3709 2364 3772 coloribus,
2413 3706 2579 3762 rubro
2620 3715 2675 3761 et
2704 3707 2884 3785 nigro,
2921 3707 2965 3761 si
3000 3709 3373 3776 unusquisque

1818 3800 1963 3855 dicat
2015 3814 2109 3853 se-
2134 3800 2355 3851 rubrum
2390 3807 2444 3851 et
2475 3798 2681 3867 regium
2720 3807 2773 3852 et
2811 3796 3112 3865 pretiosum
3145 3796 3365 3861 habere,
3446 3839 3453 3845 .

1782 3906 1926 3955 anon
1990 3896 2257 3959 praesente
2315 3888 2543 3952 lumine,
2597 3904 2692 3957 per
2737 3888 2880 3957 quod
2914 3889 3150 3943 discerni
3194 3890 3370 3959 possit

1820 3983 1947 4050 quid
1986 3982 2219 4050 quisque
2254 3981 2492 4043 habeat,
2530 3982 2897 4051 perspiciatur
2927 3982 3068 4046 luce,
3096 3982 3219 4050 quis
3260 3979 3369 4033 ial-

1816 4089 1961 4147 sum,
1998 4070 2121 4142 quis
2176 4086 2360 4126 verum
2418 4080 2644 4143 asserat.
2674 4073 2838 4126 Porro
2888 4073 3065 4127 lumen
3112 4075 3211 4126 hoc
3258 4087 3366 4126 non

1814 4164 2055 4229 aliunde,
2116 4178 2280 4232 quam
2328 4177 2356 4214 a
2401 4160 2506 4216 Deo
2542 4162 2714 4231 plenis
2739 4165 2943 4217 sanctis
2973 4164 3227 4218 Patribus
3270 4164 3367 4216 ha-

1815 4255 1926 4309 beri
1983 4263 2181 4324 potest,
2229 4263 2287 4307 ut
2330 4255 2623 4313 ediximus:
2680 4253 2771 4321 qui
2837 4270 2866 4307 a
2926 4263 3116 4308 sancto
3160 4254 3363 4323 Spiritu

1815 4346 2071 4400 illustrati
2117 4361 2214 4415 per
2248 4347 2495 4401 veritatis
2532 4346 2824 4415 dogmata,
2871 4345 2999 4400 solis
3033 4344 3207 4401 instar
3241 4347 3365 4400 illu-

179 4433 297 4487 θείου
336 4437 1074 4507 Πνεύματοςὲλλαμέρθέντες
1132 4441 1249 4499 τοῖς
1300 4440 1400 4508 τῆς
1451 4441 1708 4511 ἀληθείας

1819 4438 2024 4490 minant
2071 4452 2164 4493 eos
2222 4438 2313 4505 qui
2350 4446 2462 4491 tota
2499 4444 2681 4489 tuente
2712 4437 3029 4504 exquirunt,
3058 4445 3112 4490 et
3140 4452 3362 4491 sensum

177 4523 398 4595 δόγμασι,
447 4529 607 4598 δίκην
640 4528 791 4599 ἡλίου
825 4527 1121 4597 φωτίζουσι
1183 4529 1306 4591 τοὺς
1343 4527 1706 4599 ἐκζητοῦντας

177 4619 443 4693 ὁλοσχερῶς
473 4626 570 4678 καὶ
607 4626 699 4677 τὸν
753 4624 879 4677 νοῦν
905 4624 1083 4677 αὐτῶν
1136 4624 1494 4693 ἐρευνῶντας.
1530 4626 1706 4695 Ποθή-

181 4705 341 4795 σαντες
368 4717 474 4786 γὰρ
504 4717 865 4787 ἐξεζήτησαν,
912 4717 1007 4770 καὶ
1065 4717 1472 4787 ἐκζητήσαντες
1524 4718 1702 4789 εὖρον,

177 4798 235 4863 ὣς
260 4808 455 4875 φησινή
478 4808 652 4876 Σοφία
672 4823 686 4839 ο
716 4810 781 4860 Ol
807 4805 1123 4874 ζητοῦντές
1138 4825 1214 4876 με
1237 4811 1346 4878 γὰρ
1370 4808 1705 4877 εὑρήσουσι

174 4905 250 4954 με·
276 4899 360 4946 καὶ
392 4889 538 4965 ἡμᾶς
578 4899 657 4957 είς
689 4896 846 4965 τοῦτο
878 4894 1299 4968 προτρέπουσιν,
1333 4901 1420 4953 ἵνα
1452 4901 1527 4971 μὴ
1555 4901 1696 4971 ψιλῷ

177 4980 237 5051 τῷ
258 4986 530 5056 γράμματι
556 4988 655 5057 τῆς
679 4987 937 5059 ἀληθείας
988 4991 1336 5061 ἐκπέσωμεν,
1371 4992 1445 5054 ὡς
1475 4994 1523 5045 oi
1567 4994 1698 5045 Ίου-

177 5072 307 5132 idet.
336 5077 500 5132 Τοῦτο
526 5080 626 5133 σὺν
664 5082 777 5143 τοῖς
810 5074 990 5144 ἄλλοις
1017 5082 1264 5152 Πατρασι
1287 5082 1379 5135 καὶ
1423 5082 1698 5148 Βασίλειος

177 5163 377 5233 ὁΜέγας
400 5172 457 5223 ἐν
485 5171 562 5241 τῷ
598 5172 721 5225 κατ’
748 5173 1018 5243 Εὐνομίου
1075 5174 1279 5246 πρώτῳ
1319 5176 1464 5246 λόγῳ
1491 5178 1654 5246 φησίν
1680 5192 1693 5206 °

177 5253 254 5321 ὡς,
280 5260 339 5311 El
360 5279 438 5324 τις
471 5262 849 5337 ἀδασανίστως
875 5268 1014 5337 κατὰ
1038 5266 1137 5335 τὴν
1165 5267 1451 5337 πρόχειρον
1474 5268 1699 5338 ἐκδοχὴν

182 5342 297 5413 ψιλῷ
328 5354 694 5421 παρίστασθαι
727 5356 1060 5427 φιλονεικοίη
1094 5357 1172 5427 τῷ
1222 5359 1529 5428 πράγματι.
1560 5343 1696 5423 πρὸς

187 5433 474 5507 Ἰουδαϊκοὺς
495 5448 591 5500 καὶ
610 5447 880 5517 γραώδεις
912 5448 1113 5518 μύθους
1168 5450 1520 5517 ἀνατραπεὶς,
1552 5467 1695 5501 πτω-

178 5524 251 5592 χδς
276 5534 537 5600 παντελῶς
564 5538 676 5592 τῶν
700 5539 867 5604 ἀξίων
896 5541 1023 5609 περὶ
1055 5540 1189 5592 Θεοῦ
1212 5540 1496 5609 νοημάτων
1522 5558 1688 5593 κατα-

229 5706 440 5769 ‘Hatth.
473 5732 562 5782 vn,
594 5719 649 5773 7.
730 5720 748 5748 ’
784 5717 942 5774 Joan.
970 5735 1056 5785 xv,
1098 5718 1148 5773 5.

1811 4526 2028 4581 illorum
2082 4526 2568 4583 scrutantur.Nam
2610 4527 2685 4580 illi
2730 4525 3004 4582 desiderio
3033 4526 3361 4582 incensiex-
3422 4547 3426 4550 ⁴

1809 4612 2135 4690 quisierunt,
2162 4627 2216 4673 et
2262 4620 2611 4689 exquirentes
2651 4619 3000 4681 invenerunt,
3048 4626 3107 4672 ut
3156 4618 3229 4671 ait
3265 4616 3364 4671 Sa-

1808 4710 2043 4780 pientia:
2079 4709 2183 4773 Qui
2213 4719 2454 4779 quwrunt
2485 4723 2585 4773 me,
2644 4708 2902 4762 invenient
2936 4723 3015 4761 me
3050 4709 3071 4739 '
3100 4724 3117 4783 ;
3175 4716 3229 4762 et
3259 4724 3360 4763 nos

1806 4803 1871 4857 ad
1909 4803 2010 4857 hoc
2038 4802 2179 4856 idem
2215 4801 2521 4856 iaciendum
2554 4801 2865 4860 hortantur.
2901 4814 2967 4853 ne
3004 4799 3240 4854 litteram
3273 4816 3361 4855 sc-

1804 4905 2036 4964 quentes
2061 4892 2287 4959 nudam,
2323 4902 2382 4948 ut
2408 4874 2599 4957 iudici,
2636 4892 2702 4946 ad
2736 4891 3015 4946 veritatem
3049 4892 3219 4961 ipsam
3255 4907 3356 4945 non

1808 4990 2208 5060 perveniamus.
2235 4985 2346 5039 lloc
2371 4997 2501 5040 sane
2530 4992 2641 5036 tum
2670 4981 2865 5049 reliqui
2892 4980 3102 5044 Patres,
3120 4992 3233 5035 tum
3257 4980 3358 5034 Ba-

1806 5082 1965 5135 silius
2021 5075 2487 5152 Magnusprimo
2562 5081 2759 5125 contra
2830 5069 3155 5124 Eunomiutu
3220 5070 3358 5123 libro

1785 5154 2002 5227 'docet:
2045 5169 2103 5224 Si
2144 5169 2268 5238 quis
2309 5166 2479 5231 enim,
2533 5163 2730 5233 inquit,
2786 5163 2932 5216 nulla
2969 5162 3359 5232 disquisitione

1805 5263 2043 5318 adhibita
2096 5276 2207 5315 rem
2247 5258 2320 5313 ita
2370 5252 2783 5324 intelligendam
2840 5268 2965 5308 csse
3027 5253 3355 5315 contendat,

1804 5365 1863 5407 ut
1906 5367 2024 5407 sese
2071 5350 2246 5419 primo
2294 5346 2452 5403 oil‘crt
2502 5352 2749 5413 aspectu,
2802 5346 2847 5399 is
2903 5346 2968 5397 ad
3006 5341 3262 5397 Judaicas
3298 5352 3353 5396 et

1800 5446 2006 5501 seniles
2057 5442 2271 5498 fabulas
2310 5439 2625 5503 devolutus,
2663 5439 2819 5507 inops
2850 5437 3072 5491 omnino
3111 5450 3138 5487 a
3180 5435 3355 5488 sensi-

1808 5538 1912 5593 bus
1935 5536 2046 5590 Deo
2107 5533 2287 5603 dignis
2337 5540 2716 5629 consenescet.
2778 5530 2967 5598 Itaque
3023 5528 3164 5596 quod
3228 5542 3353 5597 pro-

1230 5720 1247 5749 ³
1273 5719 1459 5773 Matth.
1488 5735 1579 5783 vlt,
1615 5720 1665 5775 8.

1819 5678 1959 5773 Psal.
1996 5676 2124 5782 tux,
2157 5714 2225 5771 2i
2369 5713 2529 5771 ξιον,
2563 5728 2616 5767 ’ν;
2643 5726 2679 5778 1,
2711 5712 2761 5765 7.
2806 5688 2861 5743 7°
2895 5712 3019 5779 Sap.
3052 5727 3122 5773 vr.
3160 5712 3241 5763 13.
