3972 6326
628 248 728 317 119

616 372 707 423 sed
737 372 1022 440 quosdam,
1043 384 1096 432 et
1122 395 1291 446 pauca
1319 368 1533 441 illordm
1553 386 1719 454 dicta,
1742 397 1796 446 ut
1825 394 1895 448 ali

615 462 909 526 probemus
966 483 1067 524 nos

613 550 740 604 etis.

610 657 767 707 τινας
796 689 809 711 ,

1133 470 1235 526 hoc
1287 488 1536 532 asserere
1586 479 1936 553 desumptum
1988 501 2014 540 a
2048 503 2175 543 sau-

910 652 1002 704 καὶ
1053 653 1109 719 ἐξ
1166 654 1347 710 αὐτῶν
1412 655 1568 729 ὀλίγα
1624 665 1705 729 είς

611 754 805 808 γομεν.

683 833 868 928 Itaque
896 848 1119 896 sanctus
1150 844 1385 913 Cyrillus
1445 850 1498 904 in
1526 867 1781 928 sermone
1802 861 1868 913 ad
1925 860 2177 919 Theodo-

612 920 752 976 sium
790 926 1197 999 imperatorem,
1225 937 1318 1005 qui
1345 939 1416 993 ita
1447 922 1676 1014 incipit:
1724 948 2047 1019 Supremum
2075 954 2177 1007 hu-

608 1029 784 1108 manae
808 1018 992 1086 gloriae
1024 1024 1280 1093 culmen,
1353 1033 1427 1087 sic
1458 1036 1530 1090 ait
1559 1053 1575 1092 :
1645 1018 2052 1108 Baptiaaturum
2094 1042 2175 1096 in-

609 1108 722 1202 quit
742 1105 929 1202 .lesum
961 1114 1011 1167 in
1044 1117 1166 1185 igne
1220 1132 1273 1174 et
1345 1120 1549 1193 Spiritu
1607 1105 1834 1196 sancto;
1883 1148 1987 1186 non
2026 1135 2173 1202 quod

612 1196 870 1267 Spiritum
901 1203 1190 1272 baptizatis
1211 1211 1431 1270 deberet
1452 1217 1734 1275 infundere
1753 1222 1990 1278 alienum
2016 1196 2174 1295 quasi

609 1304 803 1346 servus
836 1301 891 1347 et
922 1297 1195 1364 minister,
1234 1305 1326 1357 sed
1350 1320 1472 1386 cum
1524 1323 1780 1379 suprema
1809 1321 2080 1382 potestate
2114 1326 2174 1372 ut

609 1391 803 1478 natura
828 1384 966 1439 Deus
1027 1388 1197 1457 illum,
1217 1393 1309 1461 qui
1336 1410 1401 1451 ex
1430 1384 1545 1466 ipso
1568 1410 1673 1463 est,
1699 1413 1752 1455 et
1769 1403 1886 1470 ejus
1920 1408 2174 1474 proprius

607 1478 712 1523 cst.
740 1473 796 1523 in
828 1473 1066 1558 epistola
1099 1493 1315 1548 quoque
1336 1484 1400 1536 ad
1418 1482 1753 1551 Nestorium,
1779 1490 1938 1558 cujus
1957 1473 2171 1546 initium

604 1567 747 1648 est:
799 1557 933 1614 Cum
992 1558 1243 1648 Salvator
1296 1580 1484 1627 noster
1538 1576 1743 1633 diserte
1837 1557 2174 1648 pronuntiet,

607 1645 890 1718 Quamvis,
921 1642 1118 1724 inquit,
1149 1657 1389 1729 Spiritus
1423 1678 1578 1721 suam
1616 1667 1815 1724 habeat
1837 1642 2169 1740 peculiarem
2203 1702 2246 1757 Β

608 1742 1179 1818 subsistentiam,qua
1232 1752 1558 1825 intelligitur
1600 1774 1696 1828 per
1752 1776 1871 1816 sese
1903 1766 2171 1820 exsistens

609 1832 868 1923 Spiritus,
910 1854 1017 1893 non
1048 1840 1256 1923 Filius,
1298 1856 1383 1901 est
1432 1858 1611 1904 tamen
1674 1852 1817 1915 haud
1881 1856 2092 1912 alienus
2141 1872 2169 1911 a

608 1922 748 1981 Filio
780 1930 996 1987 :dictus
1018 1934 1220 2005 quippe
1253 1922 1338 1992 est
1366 1939 1603 2009 Spiritus
1652 1947 1919 2012 veritatis,
1971 1950 2173 2006 veritas

606 2030 786 2075 autem
812 2032 891 2077 est
917 2022 1171 2083 Christus
1200 2047 1214 2084 :
1247 2038 1299 2083 et
1327 2031 1625 2089 eﬂunditur
1649 2036 1715 2091 ah
1742 2036 1833 2093 illo
1880 2054 1986 2094 non
2015 2055 2174 2095 secus

606 2112 768 2175 atque
792 2111 859 2163 ab
885 2110 1139 2207 ipso“qu
1177 2112 1359 2174 Patre.
1386 2122 1543 2186 Quod
1593 2139 1722 2180 vero
1750 2136 1972 2183 sanctus
2014 2128 2176 2186 Pater

608 2212 703 2271 per
721 2214 931 2268 vocem,
950 2204 1271 2272 effunditur,
1290 2209 1557 2284 intelligat
1583 2220 2009 2285 processionem,
2034 2222 2176 2290 ipse-

609 2300 719 2343 met
748 2291 984 2350 declarat
1008 2300 1062 2350 in
1094 2302 1439 2369 expositione
1474 2304 1741 2376 Symboli.
1764 2306 1853 2365 Ait
1880 2313 2025 2366 enim
2059 2315 2172 2368 :-Et

606 2380 927 2451 effunditur,
965 2387 1067 2444 hoc
1099 2398 1185 2446 est
1218 2396 1485 2460 procedit.
1522 2407 1778 2469 tanquam
1812 2418 1878 2456 ex
1938 2405 2084 2459 fonte
2143 2422 2171 2460 a

538 2476 543 2482 '
611 2474 719 2529 Deo
742 2475 923 2533 Patre.
947 2479 1045 2535 Hic
1077 2482 1233 2549 illud,
1276 2486 1598 2558 eﬂ‘unditur,
1624 2493 1692 2546 ab
1741 2494 1835 2547 illo
1866 2510 1968 2551 non
2016 2513 2173 2553 secus

610 2576 772 2638 atque
836 2573 901 2627 ab
953 2574 1072 2643 ipso
1135 2577 1333 2645 Patre;
1386 2585 1659 2651 quomodo
1721 2586 2173 2657 intelligendum?

611 2659 666 2713 Si
709 2662 853 2715 enim
911 2663 1142 2721 dixisset
1205 2670 1403 2739 solum,
1462 2674 1780 2743 edunditur,
1836 2680 1974 2734 alius
2034 2696 2173 2750 quo-

609 2764 949 2820 que'sensus
984 2758 1162 2815 locum
1218 2762 1480 2832 haberet;
1535 2769 1633 2823 sed
1672 2784 1796 2825 cum
1834 2771 2018 2837 addat,
2054 2771 2171 2828 Non

611 2858 770 2909 secus
800 2853 963 2915 atque
991 2848 1057 2901 ab
1088 2850 1208 2934 ipso
1239 2850 1422 2919 Patre,
1442 2869 1660 2909 omnem
1696 2857 2021 2928 detorquere
2054 2874 2174 2913 sen-

610 2949 731 2987 sum
752 2932 1059 2990 voleutihus
1088 2932 1714 3022 prmciditoceasionern.
1739 2945 1801 2999 Et
1820 2961 2044 3016 magnus
2074 2947 2174 3001 Ba-

611 3026 777 3082 silius
808 3027 860 3095 in
888 3012 1163 3097 opusculis
1184 3042 1367 3088 contra
1393 3032 1741 3101 Eunomium,
1778 3038 1830 3091 in
1855 3040 2055 3108 capite,
2080 3054 2174 3093 cu-
2198 3028 2242 3088 ο
2278 3012 2429 3108 έλνλξ
2461 3013 2573 3075 τοῖς

570 3120 697 3190 ,jus
739 3121 1020 3191 inscriptio
1037 3132 1150 3178 est:
1177 3124 1327 3191 Quod
1346 3135 1401 3181 ut
1423 3128 1653 3193 sehabet
1671 3128 1837 3185 Filius
1854 3131 1918 3184 ad
1938 3131 2171 3200 Patrem,

612 3212 685 3265 ita
719 3213 955 3281 Spiritus
980 3230 1037 3270 se
1057 3216 1350 3273 habeat’ad
1382 3220 1578 3274 Filium
1622 3238 1635 3273 :
1675 3221 1902 3285 Idcirco,
1957 3223 2054 3289 ait,
2089 3223 2175 3277 Fi-

540 3328 545 3334 ι
610 3304 716 3357 lius
737 3306 954 3373 quidem
988 3315 1069 3361 est
1106 3306 1195 3362 Dei
1221 3308 1481 3375 Verbum,
1536 3312 1757 3367 verbum
1814 3324 1993 3369 autem
2050 3315 2172 3371 Filii

612 3394 847 3464 Spiritus
882 3397 1145 3454 :Portans
1166 3402 1326 3465 enim,
1366 3404 1569 3472 inquit,
1611 3406 1785 3459 omnia
1818 3410 1966 3460 verba
2010 3408 2175 3462 virtu—

615 3488 678 3539 tis
709 3489 885 3552 sute';
920 3499 974 3546 et
1002 3493 1127 3559 quia
1173 3494 1395 3548 verbum
1427 3491 1572 3560 Filii,
1614 3507 1899 3565 propterea
1935 3498 2171 3567 gladium

611 3578 791 3649 inquit
825 3580 1086 3651 Spiritus,
1120 3582 1265 3652 quod
1290 3594 1372 3641 est
1398 3587 1623 3673 verbum
1646 3586 1733 3641 Dei
1758 3605 1772 3643 :
1800 3589 1979 3643 vivum
2009 3573 2174 3662 porro

609 3679 664 3725 et
682 3671 867 3727 eilicax
905 3682 991 3729 est
1026 3674 1116 3728 Dei
1143 3677 1369 3731 verbum
1402 3687 1454 3731 et
1478 3671 1680 3733 sermo.
1721 3677 1957 3734 Sanctus
1990 3691 2170 3736 autem

610 3764 935 3820 Ambrosius
963 3766 1049 3833 (ad
1085 3782 1244 3834 quem
1297 3769 1544 3823 scribens
1608 3770 1829 3826 divinus
1889 3771 2118 3828 Basilius
2154 3790 2167 3827 :

610 3856 745 3926 Age,
772 3858 967 3927 inquit,
991 3859 1073 3912 vir
1095 3859 1209 3923 Dei‘,
1234 3863 1451 3928 quando
1476 3862 1679 3916 Christi
1696 3862 2045 3932 Evangelium
2065 3880 2171 3920 non

610 3950 1023 4007 abhominibus
1054 3954 1316 4022 accepisti
1374 3964 1467 4009 aut
1499 3954 1763 4020 didicisti,
1821 3958 1915 4010 sed
1960 3957 2075 4026 ipse
2122 3965 2173 4011 te

608 4042 873 4097 Dominus
898 4043 1179 4099 transtulit
1210 4044 1567 4115 dejudicibus
1603 4056 1761 4100 terrae
1786 4046 1854 4099 ad
1907 4046 2172 4115 apostoli-

607 4149 728 4186 cam
764 4133 1132 4205 dignitatem),
1167 4136 1309 4189 libro
1337 4138 1512 4205 primo
1533 4137 1605 4189 De
1655 4137 1859 4205 Spiritu
1895 4145 2081 4191 saneto
2104 4136 2169 4190 ad

611 4226 929 4281 Gratianum
950 4228 1354 4297 imperatorem,
1374 4243 1495 4299 cap.
1520 4228 1606 4293 lO,
1625 4230 1726 4283 Sed
1753 4245 1947 4298 neque,
1971 4230 2169 4298 inquit,

606 4334 728 4371 cum
760 4319 826 4372 de
856 4317 1012 4372 Patre
1039 4319 1173 4383 exit,
1213 4320 1278 4373 de
1300 4321 1423 4373 loco
1468 4321 1690 4385 recedit,
1710 4330 1762 4375 et
1788 4323 1943 4389 quasi
1968 4337 2169 4391 corpus
2200 4356 2248 4413 υ

607 4427 636 4463 a
664 4424 891 4477 corpore
923 4420 1254 4478 separatur;
1316 4426 1492 4480 neque
1550 4426 1673 4465 cum
1737 4414 1787 4463 in
1860 4411 2022 4466 Patre
2057 4421 2160 4478 est,

605 4499 761 4567 quasi
794 4500 846 4554 in
877 4515 1103 4570 corpore
1125 4510 1380 4569 tauquam
1417 4515 1617 4569 corpus
1683 4500 1999 4555 includitur.
2040 4501 2165 4568 Spi-

604 4594 743 4645 ritus
761 4606 975 4661 quoque
1001 4601 1227 4647 sanctus
1258 4607 1381 4646 cum
1414 4592 1659 4661 procedit
1682 4607 1743 4646 ex
1796 4591 1953 4646 Patre
1991 4601 2044 4645 et
2070 4588 2168 4663 Fi-.

604 4683 698 4748 lio,
736 4698 841 4736 non
878 4693 1160 4752 separatur
1186 4683 1411 4749 aPatre,
1441 4699 1551 4738 non
1586 4693 1869 4752 separatur
1931 4700 1959 4738 a
2005 4683 2162 4737 Filio.

604 4772 1070 4838 Quemadmodum
1096 4775 1239 4829 enim
1266 4776 1508 4841 separari
1565 4784 1739 4843 potest
1765 4790 1793 4827 a
1831 4773 2011 4838 Patre,
2071 4774 2163 4843 qui

602 4863 830 4930 spiritus
862 4864 975 4916 oris
1005 4864 1123 4931 ejus
1158 4864 1285 4917 est?
1322 4863 1471 4933 quod
1506 4863 1693 4932 utique
1725 4872 1779 4916 et
1839 4863 2164 4917 aeternitatis

605 4956 885 5018 indicium,
928 4962 981 5009 et
1015 4954 1314 5009 divinitatis
1336 4954 1898 5023 exprimitunitatem.
1926 4953 2165 5007 Sanctus

604 5047 818 5116 Agatho
846 5046 897 5099 in
929 5060 1028 5099 sua
1055 5046 1285 5115 epistola
1335 5062 1497 5114 quam
1558 5046 1707 5101 misit
1751 5044 2166 5112 subscriptioni-

605 5134 708 5189 bus
735 5143 947 5188 centum
971 5136 1225 5205 etviginti
1253 5135 1633 5204 episc0porum
1671 5136 1932 5188 munitam
1953 5132 2020 5187 ad
2036 5148 2133 5202 san
2150 5162 2164 5173 -

602 5235 744 5280 ctam
776 5226 1041 5294 synodum
1074 5234 1306 5290 sextam,
1358 5226 1424 5280 de
1482 5226 1641 5281 beato
1697 5205 2005 5295 A‘ugustino
2051 5225 2165 5279 hrec

603 5314 770 5366 habet
804 5329 817 5365 :
846 5313 1041 5368 Beatus
1072 5315 1411 5383 Augustinus
1437 5314 1928 5385 praestantissimus
1952 5316 2161 5367 doctor.

603 5402 670 5456 Et
701 5418 943 5458 rursus:
1003 5404 1261 5458 Veritatis
1312 5405 1782 5475 prudentissimus
1846 5404 2165 5472 praedicator

604 5492 792 5548 beatus
827 5496 1180 5565 Augustinus.
1217 5496 1311 5553 llic
1379 5498 1544 5567 igitur
1596 5499 1783 5551 hcatus
1827 5495 2163 5564 Augustinus

707 5720 723 5747 '
753 5719 910 5775 llebr.
942 5739 971 5785 l,
1002 5724 1050 5774 ἴ.

1522 272 1902 339 GltEGORIl
1946 280 2242 345 MAMM/E
2273 287 2376 349 οι).
2420 268 2972 360 Parsimonia
3234 241 3271 374 ﬁ.
3714 310 3801 378 120

1902 400 2174 465 quatenus
2204 396 2257 461 Α
2276 395 2631 496 διδασκάλους
2674 430 2732 465 τε
2766 412 2857 468 καὶ
2893 417 3175 487 θεολόγους
3204 425 3330 488 τοὺς
3372 425 3529 479 τοῦτο
3576 426 3798 496 λέγοντας

2284 494 2364 555 είς
2395 496 2562 563 μέσον
2595 504 2911 575 προθῶμεν,
2934 510 3010 563 οὐ
3041 512 3249 577 πάντας
3280 516 3400 569 οὐδὲ
3425 517 3595 571 πάντα
3621 494 3679 572 τὰ
3722 521 3798 571 ὑπ’

2284 584 2465 677 αῦτῷν
2532 592 2590 643 ἐν
2648 595 2819 669 ταύτῃ
2880 603 2947 670 τῇ
3015 603 3273 657 ὑποθέσει
3350 608 3629 677 εἰρημένα,
3686 611 3798 663 ἀλλά

1786 671 2020 741 μερικὴν
2084 688 2207 725 τινα
2285 672 2695 753 πληροφορίαν,
2742 690 2821 743 ὅτι
2882 695 2947 746 ὲκ
3011 696 3119 748 τῶν
3182 699 3352 766 ἁγίων
3403 671 3665 763 isseme;
3731 704 3799 757 λέ-

2349 877 2459 930 Καὶ
2502 878 2565 945 δή
2599 897 2798 948 φαμεν,
2840 884 2915 946 ὡς
2957 888 2983 939 6
3016 888 3157 950 θεῖος
3198 889 3464 959 Κύριλλος
3498 892 3555 943 ὲν
3584 892 3655 962 τῷ
3687 893 3798 962 πρὸς

2282 966 2505 1037 βασιλέα
2546 972 2825 1027 Θεοδόσιον
2882 978 3048 1049 λόγῳ.
3082 975 3143 1032 οὗ
3177 983 3209 1049 ἠ
3250 981 3424 1053 ἁρχὴ,
3460 982 3571 1049 Τῆς
3623 984 3711 1052 μὲν
3753 986 3798 1034 ὲν

2277 1059 2582 1130 ἀνθρώποις
2611 1065 2864 1130 εὐκλείας
2899 1071 2996 1138 τῆς
3035 1071 3320 1136 ἀνωτάτω,
3354 1072 3486 1142 φησί
3508 1073 3799 1137 ’Βαπτίζειν

2279 1150 2382 1223 ἔφη
2430 1156 2523 1208 τὸν
2571 1158 2778 1227 Ἰησοῦν
2811 1162 2868 1213 ὲν
2893 1164 3026 1232 πυρὶ
3055 1166 3148 1217 καὶ
3182 1166 3323 1237 ἁγίῳ
3349 1167 3647 1235 Πνεῦματι,
3678 1169 3730 1220 οὐ
3753 1168 3803 1220 16

2278 1244 2556 1315 ἀλλότριον
2588 1253 2699 1313 τοῖς
2731 1253 3150 1322 βαπτιζομένοις
3181 1258 3391 1312 ὲνιέντα
3457 1254 3673 1328 Πνεῦμα
3702 1260 3801 1313 δου-

2274 1336 2564 1406 λοπρεπῶς
2594 1345 2687 1394 καὶ
2728 1344 3096 1414 ὑπηρετικῶς,
3128 1349 3242 1400 ἀλλ’
3281 1350 3354 1411 ὡς
3378 1352 3510 1402 Θεὸν
3542 1352 3676 1404 κατὰ
3719 1353 3801 1418 φύ-

2276 1446 2363 1483 σιν
2400 1432 2518 1501 μετ’
2547 1432 2797 1499 ἐξουσίας
2832 1437 2934 1507 τῆς
2985 1439 3244 1495 ἀνωτάτω
3297 1442 3359 1495 τὸ
3407 1440 3466 1507 ἐξ
3521 1444 3681 1496 αὐτοῦ
3726 1424 3825 1496 καὶ¹

2277 1521 2411 1576 ίδιον
2444 1524 2631 1579 αὑτοῦ.
2665 1528 2775 1583 Καὶ
2827 1530 2888 1583 ὲν
2938 1532 3015 1601 τῷ
3052 1533 3187 1601 πρὸς
3238 1534 3532 1605 Νεστόριον
3578 1535 3726 1605 λόγῳ,
3752 1535 3799 1588 οῦ

2279 1614 2312 1682 ἠ
2374 1616 2539 1685 ἀρχὴ,
2585 1616 2692 1670 Τοῦ
2743 1621 2999 1693 Σωτῆρος
3050 1624 3207 1693 ἡμῶν
3255 1624 3508 1693 λέγοντος
3565 1626 3800 1695 ἐναργῶς,

2276 1705 2439 1773 φησίν
2461 1720 2474 1733 ·
2509 1708 2572 1763 Ei
2621 1709 2713 1761 καὶ
2748 1711 2895 1763 ἔστιν
2918 1715 2976 1765 ὲν
3002 1713 3300 1768 ὑποστάσει
3359 1715 3420 1768 τὸ
3450 1714 3677 1781 Πνεῦμα
3729 1714 3814 1770 ίδιω

2280 1796 2371 1863 κῇ,
2400 1799 2493 1848 καὶ
2517 1796 2578 1866 δὴ
2602 1801 2692 1851 καὶ
2720 1802 2917 1854 νοεῖται
2942 1803 3065 1856 καθ’
3096 1804 3277 1873 ἑαυτὸ,
3310 1803 3444 1859 καθδ
3463 1804 3683 1874 Πνεῦμά
3709 1806 3802 1861 ἐστι

2278 1890 2377 1942 και
2403 1892 2500 1960 οὐχ
2534 1892 2684 1957 Υἱὸς,
2720 1878 2836 1947 ἀλλ’
2864 1895 2956 1948 οῦν
2999 1898 3149 1973 ἐστιν
3181 1897 3281 1950 οὐκ
3312 1896 3593 1966 ἀλλότριον
3625 1895 3799 1950 αὐτοῦ·

2277 1986 2504 2056 Πνεῦμα
2534 1990 2643 2057 γὰρ
2674 1990 2930 2061 ἀληθείας
2959 1990 3298 2061 ὠνόμασται,
3330 1991 3426 2045 καὶ¹
3457 1991 3569 2044 ἔστι
3595 1987 3802 2058 Χριστὸς

2276 2076 2307 2144 ἠ
2350 2077 2613 2146 ἀλήθειω
2660 2080 2754 2131 καὶ
2808 2083 3089 2150 προχεῖται
3144 2082 3274 2152 παρ’
3334 2079 3524 2144 αὐτοῦ,
3580 2078 3803 2146 καθάπερ

2275 2171 2467 2237 ἀμέλει
2521 2172 2614 2225 καὶ
2641 2174 2703 2224 ὲκ
2733 2173 2826 2226 τοῦ
2858 2173 2993 2226 Θεοῦ
3030 2174 3125 2226 καὶ
3187 2173 3420 2242 Πατρός.
3476 2172 3600 2227 Ὀτι
3652 2170 3705 2224 δὲ
3753 2168 3804 2221 τὸ

2276 2268 2563 2333 προχεῖται
2596 2266 2716 2318 ἀντὶ
2740 2266 2833 2319 τοῦ
2861 2266 3219 2336 ἐκπορεύεται
3256 2268 3284 2320 6
3322 2266 3478 2333 ἅγιος
3500 2266 3664 2333 λέγει,
3688 2279 3803 2332 παρ-

2280 2358 2463 2428 ίστησι
2498 2358 2656 2412 τοῦτο
2700 2362 2725 2412 6
2761 2360 2922 2423 αὐτὸς
2960 2361 3019 2414 ὲν
3048 2363 3113 2431 τῇ
3164 2359 3257 2414 τοῦ
3292 2358 3581 2430 ⁵συμὸόλου
3631 2356 3805 2424 ἐξηγή-

2277 2470 2359 2507 σει
2383 2471 2397 2486 ο
2423 2455 2557 2523 φησι
2592 2452 2699 2522 γάρ
2721 2470 2734 2485 ·
2770 2455 2877 2507 Καὶ
2909 2455 3214 2524 προχεῖται,
3248 2456 3416 2524 ἧγουν
3442 2449 3803 2521 ἐκπορεύεται.

2274 2546 2348 2608 ὡς
2376 2546 2482 2599 ἀπὸ
2519 2546 2705 2614 πηγῆς
2730 2544 2823 2598 τοῦ
2855 2545 2990 2599 Θεοῦ
3022 2546 3113 2597 καὶ
3148 2545 3383 2615 Πατρός.
3422 2542 3584 2596 Ἀλλὰ
3609 2541 3664 2593 τὸ
3692 2554 3805 2605 προσ

2276 2640 2451 2707 χεῖται
2484 2639 2616 2708 παρ’
2642 2639 2806 2691 αὑτοῦ
2837 2637 3083 2706 καθάπερ
3115 2635 3306 2707 ἀμέλει
3335 2634 3428 2687 καὶ
3471 2634 3537 2687 ἐκ
3577 2631 3666 2684 τοῦ
3705 2631 3803 2683 Πα-

2274 2731 2421 2800 τρὺς,
2448 2730 2499 2784 τί
2524 2732 2590 2785 ἂν
2623 2732 2809 2798 νοήσοι
2838 2747 2958 2795 τις;
2992 2731 3055 2783 Et
3082 2730 3189 2799 γὰρ
3237 2727 3298 2780 τὸ
3334 2728 3615 2797 ¹ῖιροχεῖτιιι
3640 2720 3809 2783 ἁπλῶς

2274 2822 2480 2890 ἔλεγεν,
2513 2819 2625 2893 εἶχε
2653 2823 2836 2893 χώραν
2880 2823 3009 2876 ἄλλο
3042 2840 3094 2875 τι
3137 2822 3313 2873 νοεῖν·
3369 2820 3418 2872 εἰ
3450 2819 3529 2880 δὲ,
3580 2814 3807 2880 καθάπερ

2274 2915 2466 2986 ἀμέλει
2499 2919 2593 2968 καὶ
2628 2918 2688 2968 ἐκ
2715 2917 2806 2969 τοῦ
2842 2915 3073 2983 Πατρδς,
3104 2914 3362 2980 οὐδεμίαν
3406 2913 3674 2981 πρόφασιν
3698 2923 3810 2960 κατ-

2607 3010 2853 3063 έθέλουσι
2881 3010 3084 3076 λέγειν.
3141 3005 3246 3059 Καὶ
3270 3007 3297 3059 6
3331 3006 3505 3075 μέγας
3552 3002 3808 3059 Βασίλειος

2277 3106 2336 3158 ὲν
2359 3104 2436 3172 τῷ
2478 3106 2599 3156 κατ’
2629 3103 2918 3170 Εῦνομίου,
2946 3104 3002 3153 ὲν
3032 3102 3115 3154 ἑνὶ
3157 3099 3264 3152 τῶν
3302 3086 3636 3165 κεφαλαίων,
3682 3086 3736 3147 οῦ
3780 3092 3808 3159 ἡ

2276 3198 2578 3267 ἐπιγραφὴ,
2612 3196 2734 3249 Ὀτι
2784 3195 2860 3257 ὡς
2896 3197 2922 3247 6
2958 3193 3082 3254 Υίδς
3138 3191 3270 3260 πρὸς
3306 3190 3395 3243 τὸν
3445 3188 3659 3259 Πατέρα
3691 3184 3806 3252 ἔχει,

2274 3293 2416 3346 οῦτω
2448 3290 2507 3344 τδ
2557 3288 2780 3358 Πνεῦμα
2815 3287 2951 3358 πρὸς
2996 3287 3088 3339 τὸν
3116 3285 3265 3349 Υίδν,
3332 3283 3465 3352 φησί
3492 3296 3507 3310 ·
3545 3280 3637 3333 Διά
3669 3277 3811 3331 τοῦτο

2273 3386 2369 3440 καλ¹
2398 3384 2531 3436 Θεοῦ
2572 3384 2668 3453 μὲν
2690 3382 2861 3449 Λόγος
2915 3382 2941 3433 6
2968 3379 3114 3442 Υίδς,
3146 3379 3297 3449 ῥῆμα
3323 3377 3378 3430 δὲ
3400 3372 3532 3428 Υἱοῦ
3552 3374 3612 3425 τὸ
3657 3369 3809 3424 Πνεῦ-

2277 3490 2385 3545 μα’
2421 3473 2618 3543 Φέρων
2645 3473 2775 3541 γὰρ,
2810 3470 2965 3539 φησὶ,
2999 3470 3070 3523 τὰ
3114 3462 3309 3521 πάντα
3350 3464 3429 3531 τῷ
3456 3463 3674 3533 ῥήματι
3713 3459 3812 3525 τῆς

2273 3566 2580 3637 δυνάμεως
2612 3565 2799 3620 αὐτοῦ
2819 3580 2831 3594 ’
2870 3562 2963 3616 καὶ
2985 3560 3173 3629 ἐπειδὴ
3206 3560 3353 3629 ρἧα
3379 3556 3472 3611 τοῦ
3524 3554 3674 3618 Υίοῦ,
3732 3551 3812 3605 διὰ

2272 3656 2430 3711 τοῦτο
2480 3657 2577 3726 τὴν
2636 3654 2933 3727 μάχαιράν
2959 3668 3093 3721 φησι
3137 3649 3231 3703 τοῦ
3273 3648 3607 3717 Πνεῦματος,
3634 3644 3811 3700 δίΐστι

2275 3751 2427 3822 ῥῆμα
2447 3746 2577 3802 Θεοῦ
2599 3765 2612 3779 ·
2648 3748 2804 3816 λόγος
2844 3744 2898 3797 δὲ
2935 3742 3069 3796 Θεοῦ
3100 3742 3195 3795 καὶ
3226 3740 3377 3811 ῥῆμα
3413 3739 3520 3802 ζῶν
3549 3738 3642 3789 καὶ
3666 3737 3811 3804 ἐνερ-

2272 3845 2386 3911 γόν.
2428 3843 2487 3893 Ὀ
2518 3840 2571 3892 δὲ
2627 3838 2780 3907 ἅγιος
2810 3835 3133 3905 ’Δμϐρόσιος
3185 3826 3247 3900 (ᾧ
3291 3834 3319 3885 6
3374 3830 3514 3893 θεῖος
3552 3827 3813 3888 Βασίλειος

2272 3934 2605 3989 ἐπιστέλλων
2630 3932 2814 3998 ἔλεγεν
2835 3945 2849 3960 ⁶
2884 3930 3018 3996 Ἀγε
3071 3926 3154 3997 δὴ,
3178 3919 3221 3979 ὧ
3255 3926 3509 3993 ἄνθρωπε
3544 3921 3638 3975 τοῦ
3664 3920 3809 3979 Θεοῦ,

2272 4026 2461 4097 ἐπειδὴ
2489 4026 2548 4078 οῦ
2588 4026 2717 4095 παρ’
2759 4022 3061 4092 ἀνθρώπων
3110 4018 3417 4090 παρέλαδες
3452 4016 3485 4086 ἢ
3523 4014 3811 4093 ἐδιδάχθης

2272 4122 2332 4175 τὸ
2355 4102 2683 4187 Εὐαγγέλιον
2712 4114 2805 4169 τοῦ
2833 4114 3089 4184 Χριστοῦ,
3124 4111 3241 4165 ἀλλ’
3285 4110 3447 4169 αὐτός
3474 4125 3533 4160 σε
3569 4110 3596 4161 6
3624 4106 3813 4175 Κύριος

2272 4213 2379 4265 ἀπὸ
2406 4210 2513 4263 τῶν
2548 4206 2750 4277 κριτῶν
2781 4206 2879 4273 τῆς
2930 4203 3032 4272 γῆς
3068 4202 3159 4255 ἐπὶ
3227 4200 3325 4272 τὴν
3379 4198 3670 4269 προεδρίαν
3717 4195 3814 4247 τῶν

2274 4304 2595 4356 ἀποστόλων
2628 4297 2977 4369 μετέθηκεν),
3016 4288 3168 4356 οὗτος
3212 4294 3275 4363 δὴ
3330 4292 3465 4360 πρὸς
3528 4286 3814 4360 Γρατιανὺν

2272 4396 2364 4449 τὸν
2400 4393 2624 4463 βασιλέα
2657 4394 2713 4443 ἐν
2736 4388 2811 4457 τῷ
2839 4389 3037 4458 πρώτῳ
3064 4385 3252 4456 βιϐλίῳ
3283 4384 3357 4453 τῷ
3388 4381 3522 4452 Περὶ
3550 4381 3639 4434 τοῦ
3665 4380 3813 4446 ἁγίου

2275 4485 2617 4551 Πνεῦματος,
2655 4478 2932 4546 κεφαλαίῳ
2983 4477 3214 4546 δεκάτῳ,
3272 4471 3470 4543 φησίν·
3514 4470 3658 4523 Ἀλλ’
3704 4468 3815 4521 οὔτε

2273 4576 2493 4631 ἐπειδὰν
2526 4576 2589 4626 ὲκ
2619 4572 2714 4626 τοῦ
2749 4571 2957 4639 Πατρος
2988 4568 3289 4657 ἐξέρχεται,
3332 4563 3437 4617 ἀπὸ
3486 4562 3651 4615 τόπον
3700 4563 3818 4614 ἀνα-

2273 4671 2461 4742 χωρεῖ,
2511 4668 2606 4721 καὶ
2666 4662 2798 4717 ὡσεὶ
2854 4664 3011 4730 σῶμα
3068 4655 3360 4730 χωρίζεται
3391 4656 3497 4710 ἀπὸ
3541 4655 3813 4724 σώματος·

2272 4762 2392 4815 οὐδὲ
2428 4760 2537 4829 γὰρ
2581 4761 2637 4811 ὲν
2676 4756 2751 4826 τῷ
2793 4755 2972 4824 Πατρὶ
3025 4752 3099 4813 ὡς
3144 4750 3303 4817 δῆθεν
3350 4750 3409 4800 ὲν
3467 4748 3677 4816 σώματι
3730 4745 3814 4797 ire

2271 4852 2334 4922 δὴ
2389 4852 2549 4920 σῶμα
2600 4846 3069 4919 ὲμπερικλείεται.
3126 4839 3238 4895 Καὶ
3278 4839 3339 4891 τὸ
3392 4836 3619 4904 Πνεῦμα
3662 4836 3717 4888 δὲ
3762 4834 3816 4886 τὸ

2273 4942 2429 5013 ἅγιον
2474 4942 2635 5011 ήνίκα
2669 4942 2731 4992 ἐκ
2790 4936 2910 4990 τοῦν
2941 4934 3156 5003 Πατρδς
3199 4929 3417 4984 καὶτοῦ
3472 4929 3604 4981 Υίοῦ
3662 4928 3816 4979 ἐκπο-

2277 5036 2516 5109 ρεύεται,
2556 5033 2615 5085 οὑ
2647 5030 2943 5101 χωρίζεται
3000 5026 3094 5078 τοῦ
3149 5022 3379 5093 Πατρδς,
3442 5019 3815 5113 συθ-,χωρίζεται

2275 5128 2369 5182 τοῦ
2398 5124 2529 5179 Υἱοῦ
2553 5141 2566 5157 ’
2599 5125 2718 5175 τίνοι
2747 5121 2855 5189 γὰρ
2882 5117 3083 5188 τρόπον
3110 5113 3329 5167 δύναται
3359 5109 3689 5180 χωρίζεσθαι
3732 5109 3814 5157 τοῦ

2275 5215 2503 5287 Πατρὸς,
2546 5211 2767 5281 Πνεῦμα
2810 5212 3079 5278 στόματος
3113 5203 3275 5257 αὑτοῦ
3311 5201 3409 5265 δν;
3439 5199 3467 5251 6
3491 5199 3709 5258 πάντως
3733 5192 3817 5248 καὶ

2269 5309 2367 5377 τῆς
2402 5307 2703 5373 ἁῖδιότητος
2744 5301 2943 5368 δεῖγμὰ
2978 5301 3116 5361 ἐστι,
3152 5296 3245 5348 καὶ
3283 5293 3382 5359 τῆς
3421 5292 3675 5359 θεότητος
3726 5288 3815 5354 ἐμ·

2271 5404 2451 5471 φαίνει
2479 5400 2575 5467 τὴν
2619 5398 2864 5464 ἑνότητα.
2906 5394 2967 5444 '0
3008 5390 3161 5455 ἅγιος
3207 5385 3451 5452 Ἀγάθων
3484 5384 3541 5434 ὲν
3598 5383 3671 5471 τῇ,
3714 5380 3819 5471 ἑπι-

2273 5469 2428 5562 στο).ῇ
2481 5488 2665 5553 αὑτοῦ,
2719 5486 2781 5557 ἢν
2833 5484 2967 5552 πρὸς
3018 5482 3115 5551 τὴν
3163 5481 3323 5548 ἁγίαν
3386 5476 3555 5540 ἕκτην
3614 5469 3817 5540 σύνοδον
