3972 6326
103 276 230 377 ‘121
320 269 332 275 ’

1354 309 1654 373 CONTRA
1693 308 2114 379 EPIIESIUM.

3245 312 3346 380 122

138 431 352 503 έπεμψε,
379 432 530 504 παρά
568 432 762 489 ἑκατὸν
810 418 1016 488 εῑᾶοσιν
1066 420 1382 490 ἐπισκόπων
1424 436 1664 507 βεϐαιου-

1777 438 1841 492 ad
1871 438 2125 492 Orosium
2161 437 2407 493 scribens
2438 456 2451 492 :
2481 434 2744 507 SpiritUs,
2774 434 3215 505 inquit,sanctus
3237 447 3343 486 non

139 526 316 596 μένην,
348 524 478 595 περὶ
511 526 609 579 τοῦ
639 528 914 599 μακαρίου
941 528 1313 597 Δὺγουστίνου
1345 530 1523 583 τοιάδε
1573 531 1677 599 φά-

141 632 248 669 σκει
267 631 281 647 ·
322 614 378 669 '0
412 616 685 685 μακάριος
713 618 1071 686 Δῦγουστϊνος
1096 621 1123 674 6
1173 620 1505 691 ἐξοχώτατος
1527 622 1675 675 διδά-

142 705 354 769 σκαλοςθ
384 707 482 760 καὶ
536 706 739 761 πάλιν·
779 708 837 762 '0
894 695 1207 781 σοῴώτατος
1270 714 1370 780 τῆς
1412 714 1673 785 ἀληθείας

140 795 300 888 κῆρυξ
328 799 356 851 6
389 798 658 888 μακαριος
702 801 1083 868 Δῦγουστϊνος.
1128 796 1297 867 Οὗτος
1324 802 1416 859 οῦν
1440 808 1467 859 6
1494 805 1674 876 μακά-

141 905 245 956 ριος
282 882 649 958 Ἀὔγουστῖνος
719 892 855 962 πρὸς
922 893 1184 964 Ὁρώσιον
1250 896 1478 967 γράφων
1530 897 1672 951 οὕτω

138 978 260 1046 φησι
278 993 291 1008 ο
322 979 392 1030 Τὸ
421 980 645 1051 Πνεῦμα
676 983 737 1037 τὺ
765 984 1055 1053 ἀγιονθούιι
1090 986 1154 1039 ὲκ
1184 987 1279 1039 τοῦ
1332 987 1543 1058 Πατρὸς
1592 990 1672 1051 εἰς

136 1070 218 1121 τδν
238 1066 358 1120 Υίδν
392 1071 771 1141 ικπορεύεται,
803 1075 898 1136 καὶ
930 1078 993 1129 ἐκ
1022 1075 1116 1129 τοῦ
1149 1076 1279 1130 Υίοῦ
1311 1072 1670 1147 ἐκπορεύεται

137 1160 220 1210 ἐπὶ
243 1161 314 1226 τῷ
331 1161 552 1227 ἁγιάσαι
580 1165 680 1232 τὴν
707 1164 905 1231 κτίσιν,
936 1167 1051 1220 ἀλλ’
1085 1167 1203 1237 ἅμα
1234 1167 1292 1233 ἐξ
1342 1171 1672 1240 ἀμφοτέρων

136 1251 498 1321 ἐκπορεύεται.
536 1257 653 1310 Καὶ
684 1258 842 1311 πάλιν
880 1262 908 1313 6
931 1261 1095 1324 αὐτὸς
1122 1264 1180 1315 έν
1209 1263 1287 1333 τῷ
1321 1238 1462 1319 κατά
1496 1266 1672 1332 Meit-

142 1344 282 1409 μίνου
313 1344 359 1414 γ’
394 1346 586 1419 βιϐλίῳ
625 1350 793 1421 φησί’
827 1351 1018 1422 Ζητεῖς
1053 1356 1182 1426 παρ’
1214 1357 1374 1427 ιμοῦ,
1418 1358 1465 1411 εί
1491 1359 1552 1412 ἐκ
1572 1358 1671 1427 τῆς

136 1438 305 1502 οὐσίας
332 1440 421 1494 τοῦ
461 1445 676 1513 Πατρός
709 1447 860 1500 ἔστιν
890 1449 920 1501 6
965 1448 1115 1521 Υίδς,
1136 1451 1201 1505 ἑκ
1229 1453 1327 1523 τῆς
1354 1455 1541 1519 οὐσίας
1573 1456 1667 1510 τοῦ

136 1530 333 1616 Πατρός
361 1533 475 1585 ἐστι
503 1534 601 1586 καὶ
626 1536 688 1605 τὸ
718 1539 938 1607 Πνεῦμα
965 1539 1028 1594 sb
1060 1538 1239 1610 ἆγιον,
1282 1544 1370 1597 διά
1402 1546 1456 1597 τί
1487 1549 1513 1599 6
1570 1549 1670 1616 μὲν

136 1614 209 1684 εἷς
250 1625 390 1676 ἐστιν
415 1624 561 1690 Υίδς,
597 1627 659 1681 τὸ
701 1628 758 1681 δὲ
789 1628 978 1701 ἔτερον
1010 1633 1109 1686 οὐκ
1144 1633 1293 1688 ἔστιν
1328 1636 1493 1705 Υίός;
1536 1614 1668 1693 Ἱήδοὺ

137 1708 506 1811 dﬁcit-placitas,
538 1716 643 1770 κάν
665 1718 953 1811 ’τε-ξάὃῃς,
986 1722 1089 1776 κάν
1116 1740 1176 1777 τε
1219 1726 1291 1798 μὴ
1320 1726 1487 1799 λάϐῃς
1522 1744 1536 1761 ο
1577 1728 1668 1784 Ἐκ
1690 1752 1744 1811 ιΒ

126 1797 219 1869 τοῦ
256 1799 461 1871 Πατρός
484 1805 685 1859 ἐστινὸ
729 1804 876 1875 Υἱὸς,
919 1811 983 1865 hc
1021 1813 1118 1867 τοῦ
1154 1816 1366 1888 Πατρός
1406 1797 1520 1872 ἐστι
1570 1823 1663 1875 κα)⁸

132 1891 188 1943 sb
214 1893 425 1962 Πνεῦμα
455 1895 517 1949 τὸ
550 1896 711 1966 ἅγιον
734 1917 750 1933 ο
781 1901 898 1955 ἀλλ’
942 1907 1148 1970 ικεϊνος
1191 1900 1472 1978 γεννητὸς,
1508 1910 1664 1966 τοῦτο

133 1981 563 2054 ἐκπορευόμενον.
592 1989 683 2043 Διὸ
702 1990 905 2056 ἐκεῖνος
938 1995 1038 2062 μὲν
1074 1997 1201 2061 Υἱός
1236 2000 1352 2053 ἑστι
1401 1999 1495 2054 τοῦ
1551 2002 1662 2055 Πα-

130 2073 393 2147 τρδςςάφ’
416 2075 476 2133 οὗ
496 2083 789 2154 ἐγεννήθη,
842 2088 1006 2143 τοῦτο
1055 2091 1112 2144 6b
1168 2092 1229 2145 τὸ
1263 2094 1485 2164 Πνεῦμα
1537 2096 1666 2149 ἑκα-

132 2167 488 2271 rép06,61t‘6_5
537 2178 866 2271 ἀμφοτέρων
925 2183 1304 2250 ἐκπορεύεται.
1350 2186 1509 2240 Ἀλλά
1574 2187 1664 2241 διὰ

130 2265 272 2313 τοῦτο
303 2265 427 2334 περὶ
456 2267 663 2349 ἑκείνου
708 2267 883 2338 λέγων
944 2275 972 2327 6
1014 2275 1143 2338 Tib;
1203 2276 1344 2345 ἔφη·
1415 2278 1517 2331 Ἐκ
1556 2280 1663 2335 τοῦ

132 2357 349 2423 Πατρός
373 2358 781 2430 ἐκπορεύεται,
800 2365 880 2418 ὅτι
902 2367 928 2418 6
953 2358 1139 2438 Πατὴρ
1168 2368 1267 2437 τῆς
1287 2371 1663 2440 έκπορεύσεως

130 2445 282 2499 αὑτοῦ
330 2451 475 2503 ἐστιν
504 2453 747 2522 ἀρχηγός
772 2469 787 2484 ⁶
836 2454 894 2519 6;
926 2456 1171 2509 τοιοῦτον
1206 2458 1351 2512 ‘Tibv
1384 2461 1659 2529 ἐγέννησε,

130 2543 216 2592 καὶ
248 2542 302 2593 ἐν
334 2542 407 2612 τῷ
431 2547 626 2614 γεννᾷν
658 2546 890 2599 δέδωκεν
920 2548 1089 2617 αὐτῷ,
1119 2548 1202 2601 ἵνα
1237 2550 1328 2603 καὶ
1392 2551 1450 2615 ἐξ
1496 2545 1659 2606 αὐτοῦ

130 2630 468 2703 ἐκπορεῦηται
502 2636 563 2689 τὸ
603 2636 827 2706 Πνεῦμα
865 2636 926 2690 τὸ
975 2638 1150 2707 ἅγιον.
1182 2641 1291 2695 Καὶ
1337 2644 1445 2713 γὰρ
1496 2634 1545 2696 εί
1587 2643 1661 2713 μὴ

130 2718 461 2791 ἐξεπορεύετο
480 2724 541 2777 τὸ
583 2726 809 2796 Πνεῦμα
837 2727 896 2781 τὸ
919 2727 1074 2796 ἆγιον
1102 2730 1196 2783 καὶ
1243 2729 1303 2794 ἐξ
1344 2731 1534 2794 αὐτοῦ,
1562 2733 1662 2787 οὐκ

129 2809 189 2863 ἂν
212 2806 325 2865 εἷπε
380 2816 491 2877 τοῖς
554 2816 855 2885 μαθηταῖς·
906 2821 1129 2874 Λάϐετε
1181 2821 1422 2889 Πνεῦμα
1455 2823 1659 2893 ἅγιον·

130 2906 214 2956 καὶ
247 2905 403 2959 τοῦτο
441 2906 612 2960 ἐδίδου
658 2907 936 2979 ἐμφυσῶν,
975 2913 1061 2965 ἵνα
1092 2914 1185 2967 καὶ
1217 2915 1346 2984 παρ’
1375 2915 1541 2969 αὐτοῦ
1574 2919 1665 2972 ἑκ·-

130 2998 443 3066 πορεὺεσθαι
496 3002 853 3071 παραδηλῶν,
908 3005 1454 3076 ἀποκεκαλυμμένως
1489 3010 1664 3079 ἔμφυ-

1750 515 2098 605 “ρι·οοειιίιει
2117 531 2278 587 Patre
2301 531 2362 585 ad
2385 529 2604 595 Filium,
2630 538 2683 584 et
2703 544 2731 583 a
2755 526 2894 582 Filio
2916 526 2982 580 ad
3002 525 3347 594 sanctiﬁcan-

1776 628 1898 682 dam
1927 635 2271 689 creaturam;
2304 623 2396 677 sed
2431 624 2497 676 ab
2554 610 2792 691 utroque
2847 618 3014 673 simul
3072 614 3343 687 procedit.

1764 709 1987 774 'Rursus
2006 717 2146 772 idem
2187 716 2324 769 libro
2351 717 2510 768 tertio
2548 724 2735 769 contra
2758 709 3063 764 Maximum
3090 726 3103 762 :
3132 706 3344 773 Quaris
3410 734 3431 787 ἠ

1774 827 1805 866 a
1834 825 1940 874 me,
1965 810 2009 864 si
2038 810 2103 863 de
2120 806 2429 862 substantia
2454 806 2633 873 Patris
2656 815 2741 861 est
2766 803 2962 867 Filius,
2991 800 3057 854 de
3085 800 3340 854 substan-

1775 903 1847 957 tia
1869 899 2044 955 Patris
2071 911 2156 955 est
2183 900 2349 954 etiam
2376 896 2614 964 Spiritus
2633 907 2877 959 sanctus,
2914 907 3015 947 cur
3064 905 3207 944 unus
3250 887 3342 941 Fi-

1776 993 1881 1049 lius
1906 992 1998 1057 sit,
2024 1000 2078 1045 et
2097 990 2231 1044 alius
2259 971 2368 1042 non
2391 986 2461 1041 sit
2484 984 2695 1037 Filius?
2722 985 2857 1037 Ecce
2881 980 3206 1050 respondeo,
3228 978 3343 1029 sive

1774 1085 1976 1155 capias,
1998 1083 2109 1138 sive
2126 1079 2459 1147 noucapias:
2489 1075 2561 1129 De
2587 1075 2744 1127 Patre
2764 1082 2848 1127 est
2866 1070 3061 1135 Filius,
3082 1072 3147 1123 de
3179 1069 3341 1122 Patre

1772 1188 1853 1235 est
1884 1175 2118 1245 Spiritus
2143 1179 2401 1226 sanctus:
2424 1165 2516 1221 sed
2560 1164 2648 1218 ille
2670 1162 2883 1231 genitus
2901 1160 3005 1221 est,
3032 1161 3133 1213 iste
3153 1173 3342 1227 procc-

1772 1265 1942 1327 dens;
1973 1260 2092 1315 ideo
2116 1257 2203 1311 ille
2221 1256 2390 1309 Filius
2415 1262 2498 1307 est
2520 1250 2719 1315 Patris,
2754 1249 2939 1315 dequo
2965 1256 3047 1300 est
3076 1247 3290 1314 genitus
3315 1262 3329 1310 ;

1770 1360 1870 1415 iste
1899 1345 2078 1411 autem
2119 1352 2356 1419 Spiritus
2387 1350 2690 1416 utriusque,
2720 1345 2975 1415 quoniam
3004 1344 3072 1397 ab
3112 1354 3339 1410 utroque

1770 1448 2032 1517 procedit.
2054 1445 2155 1500 Sed
2173 1444 2294 1498 ideo
2311 1456 2432 1496 cum
2450 1440 2517 1495 de
2547 1440 2640 1493 illo
2666 1438 2838 1492 Filius
2870 1436 3203 1503 loqueretur,
3228 1433 3337 1486 ait:

1770 1539 2018 1593 DePatre
2032 1534 2324 1603 procedit’,
2344 1532 2600 1601 quoniam
2621 1528 2781 1583 Pater
2812 1523 3179 1597 processionis
3218 1522 3338 1591 ejus

1770 1635 1854 1681 est
1869 1631 2076 1687 auctor,
2095 1622 2185 1692 qui
2205 1619 2365 1673 talem
2384 1617 2576 1671 Filium
2591 1615 2801 1685 genuit,
2821 1621 2875 1667 et
2894 1611 3163 1683 gignendo
3179 1611 3227 1665 ei
3245 1611 3339 1665 de-

1771 1717 1850 1773 dit
1872 1725 1928 1772 ut
1943 1716 2103 1771 etiam
2125 1712 2193 1768 de
2210 1714 2328 1783 ipso
2350 1709 2667 1780 procederet
2686 1700 3335 1777 Spiritussanctus.Nam

1772 1808 1878 1865 bisi
1898 1807 2208 1879 procederet
2222 1814 2274 1860 et
2295 1803 2361 1857 de
2385 1802 2523 1872 ipso,
2542 1814 2649 1854 non
2669 1799 2873 1855 diceret
2891 1794 3176 1865 discipulis
3196 1808 3211 1849 :
3234 1792 3337 1846 Ασ-

1770 1904 1926 1970 cipite
1945 1899 2200 1967 Spiritum
2215 1908 2453 1952 sanctum
2474 1895 2515 1926 ¹⁶
2534 1910 2549 1959 ;
2567 1904 2799 1960 eumque
2818 1886 3143 1943 insufﬂando
3161 1884 3333 1949 daret,
3384 1944 3387 1947 Α

1772 2004 1830 2049 ut
1856 2008 1883 2047 a
1900 2008 1959 2051 se
1974 2005 2192 2063 quoque
2205 1988 2497 2061 procedere
2514 1982 2852 2055 signiﬁcans,
2874 1986 3055 2049 aperte
3073 1970 3329 2033 ostende?
3406 2023 3410 2029 .

1768 2094 1848 2142 ret
1877 2083 2083 2146 ﬂando,’
2105 2080 2250 2151 quod
2283 2078 2544 2150 spirando
2566 2075 2731 2131 dabat
2764 2068 3000 2127 occulte.
3031 2069 3170 2134 Quia
3200 2082 3332 2136 ergo

1771 2179 1817 2233 si
1839 2186 2173 2239 nasceretur,
2194 2178 2309 2228 'non
2341 2177 2551 2226 tantum
2581 2168 2646 2221 de
2674 2166 2851 2228 Patre,
2879 2177 2980 2217 nec
3034 2168 3239 2215 tantum
3263 2159 3331 2214 de

1767 2270 1926 2334 Filio,
1956 2267 2053 2325 sed
2080 2252 2153 2323 de
2172 2264 2437 2321 ambobus
2466 2259 2650 2328 utique
2683 2263 3020 2317 nasceretur,
3084 2252 3203 2307 sine
3229 2251 3330 2304 du-
3356 2292 3357 2295 η

1769 2360 1860 2415 bio
1889 2358 2062 2413 Filius
2106 2356 2384 2410 diceretur
2428 2349 2737 2404 amborum.
2784 2343 2864 2397 ‘Ac
2896 2357 2991 2411 per
3040 2340 3165 2401 hoc,
3194 2339 3321 2409 quia

1769 2447 1937 2503 Filius
1962 2446 2245 2501 amborum
2274 2442 2424 2496 nullo
2455 2438 2612 2493 modo
2640 2445 2743 2501 est,
2772 2450 2880 2489 non
2912 2432 3152 2502 oportuit
3172 2428 3324 2483 nasci

1768 2555 1891 2594 eum
1918 2539 1985 2593 de
2006 2535 2288 2591 ambobus.
2315 2530 2613 2602 Amborum
2644 2536 2727 2582 est
2755 2528 2895 2593 ergo
2936 2522 3176 2594 Spiritus
3202 2535 3330 2574 san-
3404 2528 3409 2533 '

1769 2642 1890 2687 ctus
1929 2625 2269 2698 procedendo
2307 2622 2375 2677 de
2408 2620 2694 2675 ambobus.
2725 2615 2788 2669 Et
2832 2614 2971 2669 infra
3035 2616 3089 2667 in
3133 2610 3326 2666 eodem
3394 2674 3399 2681 ι

1770 2722 1945 2793 capite
1978 2737 1993 2787 ;
2028 2719 2163 2775 satis
2192 2717 2263 2772 sit
2294 2722 2423 2783 ergo
2456 2712 2635 2779 nobis,
2664 2711 2792 2781 quia
2818 2723 2926 2761 non
2956 2715 3087 2760 esta
3146 2702 3327 2770 seipso

1744 2814 1960 2876 Filius.
1980 2811 2074 2869 sed
2106 2810 2172 2865 ab
2205 2809 2320 2873 illo,
2353 2807 2420 2862 de
2439 2822 2546 2877 quo
2577 2813 2738 2859 natus
2766 2808 2847 2855 est
2877 2817 2891 2853 :
2934 2812 3041 2851 non
3068 2803 3152 2849 est
3184 2800 3329 2847 a‘se-
3402 2823 3406 2828 -

1770 2909 1889 2977 ipso
1917 2904 2154 2975 Spiritus
2184 2897 2558 2972 sanctushsed
2592 2896 2658 2950 ab
2694 2895 2788 2947 illo
2822 2892 2889 2945 de
2912 2903 3020 2958 quo
3046 2885 3324 2955 procedit;

1772 3008 1824 3056 et
1847 2998 1972 3069 quia
1994 2997 2059 3051 de
2091 3006 2320 3064 utroque
2357 2989 2624 3063 procedit,
2656 2988 2796 3041 sicut
2823 2983 2933 3053 jam
2966 2977 3325 3043 ostendimus,

133 3087 233 3139 σῶν
260 3089 529 3163 ἀποδείξῃ,
564 3091 700 3161 ὅπερ
751 3094 930 3148 πνέων
986 3071 1413 3168 κεκαλυμ-μένως
1436 3071 1657 3156 ἰδὲδὸυ.

1766 3090 1908 3147 unde
1942 3095 1994 3142 et
2026 3085 2261 3156 Spiritus
2284 3081 2462 3136 Patris
2490 3080 2669 3134 dictus
2693 3083 2800 3137 est,
2828 3081 2939 3127 etc.
2962 3071 3199 3135 Sanctus
3234 3080 3327 3119 au-

141 3177 448 3251 Ἐπειδήπερ
477 3180 571 3235 οῦν
604 3184 963 3257 είὶὲγεννᾶτο,
990 3187 1051 3240 οὐ
1082 3188 1241 3256 μόνον
1286 3190 1350 3243 ἐκ
1394 3191 1488 3245 τοῦ
1552 3195 1662 3247 Πα-

130 3273 263 3337 τρδς,
290 3271 407 3325 οὔτε
441 3274 601 3342 μόνον
626 3275 688 3341 ἐκ
731 3276 830 3329 τοῦ
865 3277 1023 3343 Υίοῦ,
1069 3278 1183 3333 ἀλλ’
1230 3280 1290 3345 ἐξ
1337 3283 1541 3353 ἀμφοῖν
1574 3285 1665 3357 δή-

130 3361 311 3417 πουθεν
339 3365 404 3419 ἂν
429 3367 708 3434 ιγεννᾶτο,
734 3369 1144 3441 ἀναντιρρήτως
1186 3372 1314 3437 Tib;
1362 3375 1561 3444 ἀμφοῖν
1597 3378 1663 3432 ἂν

129 3450 347 3520 ἐλέγετο·
375 3457 470 3510 καὶ
505 3457 595 3511 διά
622 3457 802 3525 τοῦτο,
846 3460 971 3522 Υἱὸς
1006 3463 1112 3533 γάρ
1162 3463 1363 3533 ἀμφοῖν
1410 3466 1662 3536 οὐδαμῶς

131 3541 257 3598 εἶναι
289 3547 530 3613 δύναται,
563 3550 665 3603 οὐκ
692 3550 797 3604 εδει
827 3553 1155 3624 γεννηθῆναι
1185 3554 1315 3609 αὐτὸ
1360 3556 1417 3623 ἐξ
1435 3536 1657 3625 ἀμφοῖν.

140 3636 351 3705 Ἀμφοῖν
384 3640 492 3710 ἄρα
519 3641 751 3712 Πνεῦμά
807 3645 976 3709 ἐστιν,
1011 3626 1441 3715 έκπορεῖδόμενον
1469 3648 1527 3713 ἐξ
1554 3651 1661 3719 ἀμ-

132 3731 257 3795 φοῖν.
283 3732 386 3785 Καὶ
407 3734 701 3801 κατωτέρω
718 3734 775 3786 ὲν
799 3735 876 3804 τῷ
899 3736 1046 3805 αὑτῷ
1071 3739 1359 3809 καφαλαίῳ
1380 3757 1395 3772 ·
1424 3742 1663 3810 ἀρκείτω

130 3818 291 3872 τοίνυν
320 3822 473 3890 ἡμῖν,
504 3822 589 3876 ὅτι
618 3826 646 3876 6
677 3824 805 3887 Tib;
834 3826 935 3879 οὐκ
962 3826 1111 3881 ἔστιν
1163 3828 1223 3892 ἐξ
1274 3829 1496 3899 ἑαυτοῦ,
1546 3833 1661 3888 ἀλλ’

130 3906 180 3971 ἐξ
198 3909 254 3962 οῦ
282 3912 539 3982 ἐγεννήθη
561 3928 575 3944 ’
608 3914 709 3967 οὐκ
737 3913 883 3967 ἐστιν
914 3915 972 3979 ἐξ
997 3917 1193 3970 ἑαυτοῦ
1225 3920 1303 3972 τὸ
1336 3921 1563 3992 Πνεῦμα
1600 3922 1661 3977 τὸ

131 3999 305 4067 ἃγιον,,
330 4002 444 4057 ἀλλ’
486 4004 545 4068 ιξ
570 4004 630 4058 οῦ
672 4007 1033 4075 ικπορεύεται
1066 4025 1082 4039 ·
1117 4011 1211 4065 ita!
1241 4011 1362 4064 ἐπεὶ
1398 4012 1527 4081 παρ’
1556 4014 1662 4083 ἀμ-

132 4092 355 4157 φοτέρων
408 4093 795 4175 ἐκπορεύεται.
841 4094 917 4158 ὡς
946 4096 1045 4165 ἥδη
1096 4097 1484 4168 ἀπεδείξαμεν,
1539 4100 1663 4153 ὅθεν

132 4179 338 4250 Πνεῦμα
397 4183 612 4254 Πατρὸς
668 4184 923 4256 εἴρηται·
1000 4187 1094 4241 καὶ
1150 4189 1217 4241 τὰ
1267 4190 1452 4245 λοιπά.
1505 4190 1565 4245 Ὀ
1605 4192 1662 4245 δὲ

132 4269 271 4336 ἀγιος
305 4273 682 4343 Ἀναστάσιος,
737 4278 864 4346 περὶ
914 4277 973 4331 o6
1008 4279 1041 4348 ή
1081 4278 1211 4346 ἁγία
1263 4281 1396 4351 έκτη
1450 4281 1662 4347 σύνοδος

135 4362 301 4432 λέγει’
356 4368 758 4439 Ἀποδεχόμεθα
801 4370 890 4422 τὸν
940 4369 1096 4437 ἅγιον
1135 4373 1523 4429 Ἀναστάσιονο
1566 4378 1663 4430 καῖ

132 4453 379 4528 Θεόδωρος
406 4460 433 4511 6
473 4459 782 4529 Μελιτηνῆς
817 4461 1093 4532 ἀπεκρίθη
1124 4477 1138 4493 ⁸
1176 4464 1369 4531 Ἀγιον
1394 4450 1661 4521 ἀπόκαλεῖ

132 4547 261 4598 πᾶσα
300 4551 331 4617 ὴ
381 4548 650 4619 Ἀνατολὴ
685 4549 876 4602 τοῦτον
941 4554 1032 4605 τὸν
1080 4554 1179 4623 τῆς
1239 4557 1394 4620 ὁσίας
1440 4560 1659 4630 μνήμης

140 4634 494 4705 Ἀναστάσιον,
556 4639 647 4692 τὸν
719 4643 1011 4711 γενόμενον
1090 4644 1389 4701 ἐπίσκοπον
1457 4650 1659 4704 Ἀντιο-

130 4730 297 4795 χείας·
320 4733 411 4784 καὶ
446 4735 539 4789 τὸν
572 4733 647 4802 μὴ
693 4720 985 4804 δεχόμενον
1017 4737 1180 4789 αὐτὸν
1207 4741 1234 4792 6
1277 4740 1409 4803 Θεὸς
1465 4743 1661 4796 ἀναθε-

133 4820 336 4891 ματίσῃ.
388 4824 499 4876 Καὶ
541 4823 744 4886 πάντες
787 4825 1083 4895 ὁμοφώνως
1134 4825 1285 4883 εἷπον
1331 4833 1405 4882 τὸ¹
1447 4834 1655 4904 Ἀμήνο

130 4904 260 4973 οὗτος
281 4908 371 4965 οὖν
400 4914 427 4965 6
455 4912 611 4981 ἆγιος
642 4913 702 4966 ιν
733 4913 809 4982 τῷ
838 4916 978 4986 λόγῳ
1008 4917 1196 4979 αὑτοῦ,
1234 4919 1293 4971 οῦ
1326 4923 1358 4990 ὴ
1396 4923 1492 4990 μὲν
1535 4928 1654 4977 ἐπιδ

131 5003 318 5072 γραφὴ,
339 5004 478 5072 Περὶ
510 5003 630 5057 τῶν
662 5006 790 5059 καθ’
817 5004 974 5075 ἡμᾶς
1000 5008 1191 5076 ὀρθῶν
1215 5010 1520 5079 δογμάτων
1551 5014 1658 5083 τῆς

128 5091 410 5162 ἀληθείας,
450 5095 567 5167 ἠδὲ
601 5098 767 5166 ἀρχὴ,
792 5099 910 5151 Τῶν
946 5098 1077 5169 περὶ
1124 5101 1224 5169 τῆς
1284 5104 1469 5171 ὑγιοῦς
1500 5108 1655 5177 ἡμῶν

129 5183 360 5278 τίστεως,
388 5186 529 5240 οὕτω
577 5187 749 5278 φησί’
784 5187 892 5241 Τοῦ
919 5189 998 5243 -δὲ
1036 5191 1286 5261 σώματος
1341 5196 1407 5247 τὸ
1430 5232 1433 5233 ν
1460 5198 1654 5269 ἰδίωμα

130 5272 355 5354 λαϐόντες
416 5277 495 5340 ὡς
550 5277 926 5347 παράδειγμα,
984 5281 1084 5351 τὴν
1130 5284 1513 5357 ἀλληλουχίαν
1538 5292 1641 5343 τῶν

1763 3194 1871 3239 tem
1933 3180 2276 3243 Anastasius,
2334 3175 2412 3230 de
2453 3189 2561 3244 quo
2608 3177 2795 3226 sancta
2838 3164 3080 3237 synodus
3127 3167 3278 3215 sexta
3308 3196 3324 3221 ,

1766 3275 2133 3345 Suscipimus,
2159 3269 2367 3340 inquit,
2400 3271 2646 3321 sanctum
2680 3258 3023 3314 Anastasium
3050 3250 3328 3318 ;et'l‘heo-

1764 3368 1934 3422 dorus
1960 3363 2228 3419 Melitena:
2257 3359 2546 3429 episcopus
2572 3350 2852 3422 respondit
2887 3366 2901 3403 :
2944 3345 3203 3400 Sanctum
3232 3354 3327 3393 vo-

1762 3468 1851 3513 cat
1878 3455 2165 3509 universus
2195 3448 2394 3505 Oriens
2412 3448 2559 3502 hunc
2588 3444 2759 3498 beata:
2786 3436 3060 3493 memoriae
3093 3436 3325 3486 Anasta-

1763 3549 1926 3613 sium,
1957 3543 2354 3599 Antiochenum
2387 3539 2515 3593 olim
2545 3535 2860 3605 episcopum
2898 3544 2913 3593 ;
2948 3534 3002 3581 et
3029 3524 3119 3599 qui
3182 3523 3326 3575 hunc

1763 3652 1868 3694 non
1899 3636 2112 3707 recipit,
2148 3633 2299 3688 illum
2335 3631 2479 3685 Deus
2508 3624 2969 3685 anathematizet;
2996 3626 3050 3672 et
3089 3620 3325 3682 'respon-

1763 3731 1962 3786 derunt
2000 3741 2192 3781 omnes
2226 3738 2333 3778 una
2369 3737 2525 3785 voce,
2551 3722 2720 3771 Amen
2761 3732 2775 3769 :
2813 3715 2901 3767 hic
2931 3726 3060 3779 ergo
3104 3715 3326 3763 sanctus

1762 3824 1816 3879 in
1848 3833 2115 3879 sermone,
2151 3816 2242 3886 qui
2278 3814 2573 3882 inscriptus
2642 3818 2746 3871 est,
2783 3805 2859 3859 De
2913 3804 3067 3858 rectis
3095 3815 3210 3870 qua:
3234 3799 3355 3850 nos‘

1762 3916 2023 3971 credimus
2040 3890 2369 3981 dogmatibus
2393 3902 2645 3965 veritatis,
2665 3900 2820 3968 cujus
2839 3896 2945 3973 tale
2962 3903 3047 3949 est
3076 3892 3285 3946 initiqu
3308 3909 3321 3943 :

1762 4009 1961 4064 Eorum
1984 4014 2104 4074 quae
2126 4001 2192 4056 de
2215 4008 2359 4053 recta
2390 3996 2491 4050 fide
2509 4001 2715 4055 nostra,
2744 3991 2826 4044 sic
2849 3989 2955 4041 ait:
2977 3985 3052 4039 Ex
3078 3998 3143 4037 eo
3162 3995 3326 4050 porro

1736 4098 1906 4171 ’quod
1933 4073 2216 4167 proprium
2246 4086 2491 4156 corporis
2545 4092 2648 4146 est,
2699 4082 2868 4149 petito
2910 4076 3181 4144 exemplo,
3230 4073 3325 4127 de-

1762 4162 2112 4247 claravimus,
2149 4177 2423 4252 quomodo
2463 4176 2516 4229 in
2552 4172 2754 4227 divinis
2784 4170 3015 4222 alterum
3072 4164 3215 4219 sitin
3248 4162 3326 4243 al-

1728 4314 1729 4317 η
1766 4290 1880 4335 tero
1906 4257 1984 4332 ex,
2002 4272 2355 4344 proportione
2387 4275 2441 4321 et
2503 4262 2864 4319 similitudine
2926 4257 3315 4313 membrorum.

1765 4375 1878 4429 Hac
1903 4370 2044 4426 enim
2068 4366 2277 4421 ratione
2301 4370 2356 4417 et
2378 4358 2599 4429 spiritus
2625 4355 2736 4409 oris
2759 4353 2897 4421 ejus,
2926 4351 3017 4403 Dei
3044 4348 3321 4410 videlicet,

1766 4464 2246 4533 Spiritussanctus
2278 4454 2499 4515 dicitur,
2534 4462 2657 4501 cum
2724 4459 2785 4499 os
2841 4444 2912 4497 sit
2971 4440 3316 4528 Utiigeuitus.

1766 4512 1836 4610 EI
1856 4568 2059 4609 rursus‘
2087 4568 2102 4606 :
2130 4547 2388 4617 Spiritus,
2414 4542 2505 4611 qui
2534 4541 2603 4594 ab
2632 4537 2699 4593 eo
2726 4533 2968 4605 procedit
2992 4542 3045 4586 et
3072 4512 3321 4592 mittitur,

1768 4662 1873 4702 non
1908 4659 1937 4697 a
1964 4644 2123 4698 Patre
2146 4638 2346 4701 solum,
2383 4632 2478 4688 sed
2517 4631 2679 4685 etiam
2710 4641 2737 4679 a
2778 4624 2941 4678 Filio.
2993 4622 3057 4674 Et
3101 4622 3324 4689 quibus-

1766 4738 1888 4792 dam
1907 4730 2239 4801 interpositis
2263 4745 2277 4781 :
2300 4726 2503 4794 Itaque,
2533 4720 2725 4789 inquit,
2750 4715 3008 4769 Dominus
3033 4712 3323 4765 ostendens

1766 4843 1888 4886 eum
1918 4842 1976 4881 se
1998 4837 2141 4884 esse,
2178 4834 2208 4873 a
2249 4831 2356 4887 quo
2395 4802 2612 4869 exsistit
2653 4807 2889 4877 Spiritus
2945 4801 3223 4857 iusutllans
3266 4801 3317 4852 in

1767 4894 2068 4985 discipuios
2099 4910 2277 4965 aiebat
2306 4924 2320 4960 :
2355 4905 2584 4969 Accipite
2612 4900 2862 4969 Spiritum
2883 4905 3142 4950 sanctum.
3186 4892 3320 4944 Esse

1765 5000 2428 5085 porrosermonemdllum
2481 4994 2645 5064 hujus
2704 4990 2965 5053 auctoris,
3027 4984 3319 5039 testabitur

1762 5071 2501 5166 Donstantinopolitanorum
2540 5085 2778 5157 synodus
2832 5088 3019 5135 contra
3087 5078 3318 5144 Acindy-
3402 5071 3410 5084 '

1764 5210 1891 5252 num
1913 5193 2188 5249 celebrata
2214 5205 2227 5252 ;
2260 5185 2465 5255 profert
2490 5182 2633 5235 enim
2663 5174 2792 5231 inde
2848 5170 3187 5229 testimonia.
3210 5169 3315 5225 Te-

1762 5293 1863 5347 stis
1886 5286 1989 5341 erit
2010 5284 2170 5338 etiam
2201 5278 2357 5332 Nilus
2392 5271 2692 5330 Cabasilas.

132 5360 265 5419 θείων
318 5372 737 5440 παρεστήσαμεν
762 5366 855 5423 διά’
907 5374 1004 5442 τῆς
1039 5340 1145 5428 τῶν
1182 5340 1358 5444 μελῶν
1388 5340 1710 5453 Ᾱάναὶξογίας
1739 5340 1923 5438 ᾆξαι
1956 5366 2461 5435 ducatu/Totis“
2508 5363 2615 5431 γὰρ
2679 5362 2773 5413 καὶ
2821 5340 3031 5425 πνεῦμα
3091 5353 3293 5420 στόμα-

130 5477 203 5522 τος
244 5464 426 5529 αὐτοῦ,
462 5464 619 5533 δῆλον
680 5466 774 5519 τοῦ
802 5468 957 5529 Θεοῦ,
989 5469 1047 5521 τὸ
1088 5470 1307 5542 Πνεῦμα
1337 5476 1397 5526 τὸ
1434 5448 1608 5545 ἅγιον-
1634 5481 1876 5548 λέγεται,
1904 5472 2166 5542 στόματος
2196 5466 2346 5525 ὄντος
2368 5460 2464 5513 τοῦ
2518 5454 2885 5525 Μονογενοῦς·
2915 5454 3004 5506 καί
3032 5470 3044 5482 ·
3094 5448 3315 5515 Πνεῦμα

131 5548 268 5604 πάλιν
302 5553 360 5617 ἐξ
380 5554 542 5608 αὐτοῦ
572 5556 1004 5625 ἐκπορευόμενον
1030 5560 1123 5611 καὶ
1149 5538 1627 5635 ἀποστελλόμενον,
1650 5538 1719 5620 οὐ,
1740 5566 1897 5638 μόνον
1922 5538 2072 5632 παρά
2095 5556 2187 5612 τοῦ
2230 5550 2458 5621 Πατρὸς,
2507 5548 2639 5604 ἀλλά
2689 5556 2782 5599 καὶ
2826 5545 2967 5614 παρά
3000 5540 3093 5594 τοῦ
3134 5538 3281 5625 )Υίοῢ
3300 5552 3315 5567 '

189 5730 205 5760 '
228 5727 374 5789 .luan.
402 5751 485 5800 xv,
514 5736 601 5790 26.
685 5738 723 5767 ¹⁰
747 5733 901 5790 Joan.
927 5751 1015 5801 ax,
1040 5736 1128 5791 22.
