3972 6326
627 209 728 270 127

1546 216 1926 295 GREGORII
1954 202 2248 282 MAMMs:
2288 223 2400 285 ep.
2431 225 2945 288 PATRIARCH/E
3622 180 3629 186 I
3714 232 3790 307 128

630 332 927 378 mentatum
957 324 1244 387 conficere,
1278 325 1369 380 sed
1403 329 1584 382 omnia
1619 315 1824 386 frustra»
1859 347 1980 388 esse
2033 333 2174 388 arbi-

2280 336 2398 392 σίαν
2432 337 2723 392 τελεῖσθαι.
2757 340 2918 406 Ἀλλ’,
2957 341 3032 402 ὡς
3053 340 3461 408 οῐεται,.πάντα,
3501 341 3538 412 ἧ
3565 358 3621 395 τε
3668 325 3793 413 ιερω-

629 425 824 482 tratur,
878 417 1267 484 sacerdotium,
1326 420 1513 486 altare,
1568 422 1904 498 Dominicam
1954 440 2176 480 vocem:

628 507 742 562 Hoc
769 509 926 579 facite
958 510 1014 562 in
1055 528 1222 564 meam
1283 501 1861 583 commemorationem};
1890 525 1940 573 et
1998 517 2180 571 divina

624 600 822 660 verba:
856 600 968 655 Iloc
1005 613 1082 656 est
1117 619 1300 670 corpus
1327 593 1550 673 meum;
1585 617 1676 662 et:
1719 608 1816 662 Hic
1845 618 1919 674 est
1972 609 2181 678 sanguis

628 706 772 744 meus
807 694 871 754 ¹²,
895 701 948 745 et
978 694 1219 762 reliquos
1250 696 1384 751 ritus
1409 698 1498 767 qui
1559 699 1941 765 observantur,
1975 701 2019 755 si
2072 716 2180 754 non

626 781 769 833 adsit,
795 782 1031 848 ejusdem
1060 800 1273 855 massae.
1308 788 1398 841 seu
1428 789 1668 856 ejusdem
1722 793 1966 846 materiae
2004 791 2181 845 modi-

625 887 748 926 cum
782 874 1103 944 aridumque
1152 877 1498 933 fermentum.
1540 880 1694 946 Quod
1737 899 1868 937 vero
1923 885 2181 941 Dominus

626 978 689 1015 ac
720 962 858 1016 Dens
893 979 1075 1020 noster
1101 968 1266 1036 legale
1297 967 1504 1023 Pascha
1535 973 1688 1039 prius
1746 974 2049 1040 celebrarit,
2083 974 2179 1029 de-

627 1053 755 1108 inde
784 1059 1035 1125 mysteria
1064 1059 1346 1127 discipulis
1398 1065 1695 1128 tradiderit,
1751 1066 1878 1119 audi
1934 1076 2180 1120 sanctum

627 1143 843 1198 Patrem
878 1147 1327 1219 Chrysostomum
1389 1153 1606 1207 homilia
1630 1157 1959 1227 octogesima
2011 1158 2181 1226 prima

628 1238 705 1290 sic
731 1239 996 1293 dicentem
1028 1259 1042 1295 :
1075 1241 1180 1296 Sed
1206 1259 1365 1310 quam
1410 1245 1478 1297 ob
1510 1260 1730 1300 causam
1785 1245 1990 1302 Pascha
2045 1248 2184 1302 cele-

625 1329 856 1382 hrahat?
889 1329 1196 1386 Ostendens
1242 1329 1539 1400 per'omnia
1600 1351 1774 1405 usque
1808 1338 1872 1390 ad
1931 1339 2180 1391 ultimum

625 1419 791 1484 diem,
825 1435 882 1473 se
915 1437 1017 1474 non
1069 1436 1190 1476 esse
1217 1423 1321 1494 legi
1358 1426 1709 1479 contrarium.
1773 1425 2000 1482 Attende
2052 1427 2181 1496 quid

623 1513 804 1566 dicat:
835 1511 911 1566 Ne
945 1514 1045 1582 legi
1082 1523 1226 1569 esset
1259 1518 1582 1581 contrarius,
1614 1515 1818 1572 Pascha
1849 1519 2178 1576 celebrabat.

624 1602 759 1656 Num
785 1619 912 1670 ergo
931 1605 1178 1674 perfregit
1208 1606 1393 1676 legem,
1444 1621 1728 1662 asservans
1804 1607 2178 1664 fermentatum

2285 425 2437 494 σύνη,
2466 428 2558 479 καὶ
2588 429 2647 479 τὸ
2671 428 3072 498 θυσιαστήριον,
3108 429 3200 482 καὶ
3229 431 3261 500 η
3288 431 3437 500 φωνὴ
3468 431 3536 498 ἢν
3555 433 3795 502 προήκατο

2240 563 2242 572 ,
2283 519 2309 570 6
2337 516 2560 586 Κύριος,
2598 519 2779 574 Τοῦτο
2807 518 3024 573 ποιεῖτε
3045 523 3130 586 εἰς
3159 521 3273 590 τήν
3291 521 3446 589 ἐμὴν
3468 521 3792 591 ἀνάμνησιν,

2281 613 2370 665 καὶ
2401 613 2464 666 τὰ
2517 614 2632 667 θεῖα
2686 616 2924 685 ῥήματα,
2963 617 3145 672 Τοῦτό
3195 617 3328 672 ἐστι
3378 618 3444 672 τὸ
3481 611 3793 687 σῶμάῖμου,

2280 703 2395 762 καὶ,
2453 705 2634 758 Τοῦτό
2664 706 2792 759 ἐστι
2831 709 2898 760 τὸ
2928 702 3070 777 αἶμὰ
3103 726 3246 778 μου,
3282 709 3375 762 καὶ
3419 709 3568 762 πᾶσα
3614 710 3792 780 τελετὴ,

2281 797 2423 866 ἀργά
2446 801 2549 850 εἱσι
2583 799 2670 853 διὰ
2703 802 2763 853 τὸ
2814 803 2887 872 μὴ
2922 804 3065 873 ἔχειν
3099 806 3161 857 ἐκ
3189 804 3282 859 τοῦ
3333 805 3498 860 αὑτοῦ
3542 806 3795 874 ὑποκειμέο

2280 906 2392 949 νου,
2452 891 2484 960 ἢ
2544 891 2606 943 ἐκ
2639 893 2739 961 τῆς
2790 895 2955 964 αὐτῆς
3002 895 3133 967 ὕλης
3178 897 3348 969 ὀξώδη
3399 900 3599 968 μικρὰν
3627 898 3793 966 ζύμην.

2283 976 2405 1031 Ὀτι
2455 979 2510 1032 δὲ
2559 981 2827 1054 ὁΙΚύριος
2880 983 3034 1054 ἡμῶν
3071 987 3180 1042 λκαὶ
3229 974 3361 1052 Θεὸς
3394 989 3614 1058 νομικὸν
3641 989 3799 1054 Πάσχα

2281 1069 2544 1134 ἐτέλεσεν,
2579 1067 2696 1124 εἶτα
2740 1073 2808 1125 τὰ
2843 1075 3118 1146 μυστήρια
3162 1077 3362 1132 δέδωκε
3395 1081 3508 1142 τοῖς
3541 1078 3798 1150 μαίῖηταῖς,

2281 1159 2510 1212 ἄκουσον
2549 1159 2645 1212 τοῦ
2690 1160 2834 1215 θείου
2871 1164 3258 1233 Χρυσοστόμου
3302 1169 3360 1220 ἐν
3403 1168 3592 1239 ὁμιλία
3623 1167 3704 1221 πα⁹
3730 1169 3800 1220 λέ-

2282 1265 2498 1316 γοντος*
2531 1251 2690 1314 Τίνος
2716 1252 2780 1322 δὴ
2809 1246 2993 1307 ἕνεκεν
3016 1257 3074 1308 τὸ
3109 1258 3298 1328 Πάσχα
3328 1259 3536 1325 ἐτέλει;
3566 1260 3660 1313 Διά
3689 1262 3799 1314 πάν-

2282 1355 2389 1390 των
2442 1340 2654 1406 δεικνὺς
2691 1343 2854 1414 μέχρι
2903 1345 3000 1413 τῆς
3049 1347 3280 1418 ἐσχάτης
3335 1349 3570 1420 ἡμέρας,
3616 1352 3801 1423 ὅτιούκ

2282 1425 2426 1479 ἐστιν
2452 1429 2690 1496 ἐναντίος
2743 1433 2820 1504 τῷ
2852 1435 3020 1506 νόμῳ.
3053 1437 3213 1506 Ὀραη
3247 1437 3300 1491 τί
3355 1454 3554 1509 φησιν·
3593 1439 3698 1493 Ἵνα
3738 1442 3802 1509 μὴ

2281 1516 2521 1582 ἐναντίος
2567 1522 2788 1593 γένηται
2821 1525 2897 1595 τῷ
2932 1527 3102 1598 νόμῳ,
3147 1528 3207 1582 τὸ
3243 1530 3437 1599 Πάσχα
3469 1529 3716 1586 ἐπετέλει.
3746 1531 3804 1585 Τί

2281 1605 2406 1672 οὓν;
2440 1611 2678 1667 ἐναντίον
2712 1615 2804 1667 τοῦ
2832 1620 2996 1685 νόμου
3029 1619 3202 1673 ἐποίει
3243 1608 3531 1688 φυλάττων
3559 1621 3646 1674 τὸν
3673 1621 3805 1686 ἔνζυ-

514 1699 519 1704 ’
624 1709 814 1763 panem
837 1696 857 1748 ?
880 1693 1030 1761 Quod
1055 1710 1186 1750 vero
1213 1698 1373 1751 etiam
1399 1713 1493 1765 per
1523 1707 1727 1765 septem
1753 1698 1869 1753 dies
1905 1701 1995 1753 illo
2047 1709 2179 1785 tem-

2285 1667 2405 1766 pavr
2444 1700 2640 1770 ἀρτον;
2682 1667 3200 1765 ante;
3242 1667 3654 1782 -ημέραις
3698 1667 3805 1769 κατ’

623 1801 752 1853 pore
778 1784 1097 1840 fermentum
1125 1803 1234 1842 non
1257 1795 1519 1850 exstaret,
1549 1789 1697 1843 testis
1719 1790 1824 1843 erit
1856 1789 1996 1844 idem
2023 1807 2181 1846 sacer

625 1880 1052 1950 Chrysostomus
1077 1880 1129 1932 in
1159 1879 1393 1948 priorem
1423 1880 1488 1933 ad
1516 1879 1830 1936 Corinthios
1853 1881 2176 1952 Episto‘lam:

629 1959 903 2034 Dicamus,
938 1969 1134 2038 inquit,
1159 1973 1330 2040 prius,
1362 1986 1461 2025 cur
1482 1971 1549 2026 de
1570 1972 1780 2027 cunctis
1804 1974 2000 2030 finibus
2017 1975 2180 2044 pella-

632 2074 718 2117 tur
743 2062 1102 2130 fermentum;
1132 2064 1260 2134 quid
1289 2079 1418 2135 ergo
1449 2066 1553 2120 sibi
1585 2067 1700 2121 vult
1752 2069 1854 2123 hoc
1910 2071 2179 2140 aenigma?

622 2153 781 2208 Omni
815 2155 1056 2224 nequitia
1082 2155 1312 2210 liberum
1353 2165 1565 2225 oportet
1590 2172 1711 2213 esse
1747 2159 2179 2236 fidelem.),Sicut
2217 2191 2219 2194 ‹

625 2246 770 2299 enim
797 2244 870 2298 ibi
933 2246 1139 2314 peribat
1185 2247 1252 2313 is,
1286 2248 1426 2322 apud
1489 2263 1649 2317 quem
1705 2259 1977 2319 repertum
2035 2263 2181 2309 esset

623 2344 779 2391 Vetus
824 2335 1168 2402 fermentum,
1196 2338 1502 2395 itacnobis
1546 2341 1659 2406 ille,
1701 2344 1840 2413 apud
1867 2359 2026 2414 quem
2077 2345 2180 2401 erit

626 2428 890 2496 nequhia.
917 2427 1100 2499 Neque
1124 2430 1268 2484 enim
1313 2431 1412 2487 sub
1442 2434 1577 2505 legis
1610 2436 1819 2498 umbra,
1851 2451 2020 2506 penum
2051 2453 2177 2506 gra-

625 2537 719 2575 ves
752 2521 1084 2586 constitutae,
1110 2523 1267 2578 nobis
1299 2533 1477 2580 autem
1518 2525 1660 2588 haud
1688 2527 1855 2581 multo
1881 2528 2178 2598 graviores.

626 2615 680 2670 Si
714 2617 856 2671 enim
884 2618 1071 2670 domos
1109 2617 1180 2671 ita
1212 2625 1526 2688 repurgant,
1561 2628 1620 2672 ut
1669 2619 1904 2673 murium
1965 2633 2181 2688 quoque

627 2722 889 2761 cavernas
911 2707 1398 2774 rimenturhmulto
1429 2709 1598 2779 magis
1622 2709 1778 2764 decet
1802 2723 1900 2765 nos
1927 2725 2176 2785 perscru-

629 2799 730 2853 tari
757 2807 962 2853 secreta
993 2799 1180 2854 animi.
1237 2798 1370 2853 Cum
1423 2799 1588 2867 igitur
1639 2815 1901 2854 cavernas
1946 2802 2176 2854 murium

628 2893 980 2954 rimarentur,
1031 2899 1086 2944 et
1145 2900 1367 2945 sanctus
1423 2890 1581 2944 Pater
1632 2888 1859 2944 aﬂirmet
1902 2891 2176 2947 Christum

2279 1787 2452 1842 ἐκεῖνο
2483 1793 2673 1860 καιροῦ
2704 1794 2738 1864 ἠ
2792 1796 2940 1865 ζύμη
2984 1799 3081 1868 οὐχ
3131 1799 3438 1869 εὑρίσκετο,
3494 1804 3803 1872 μαρτυρήσει

2279 1877 2434 1934 τοῦτο
2467 1882 2620 1935 πάλιν
2649 1885 2676 1937 6
2707 1882 2850 1948 Θεῑος
2872 1887 3254 1957 Χρυσόστομος
3283 1891 3340 1944 ἐν
3369 1892 3434 1962 τῇ
3463 1891 3598 1960 πρὸς
3632 1893 3806 1960 Κοριν-

2279 1969 2425 2037 θ,ίους
2454 1973 2641 2045 πρώτῃ
2675 1975 2979 2049 Ἐπιστολῇ·
3009 1979 3275 2053 Πρότερον
3297 1975 3561 2052 εῐπωμεν,
3581 1983 3724 2036 διὰτί
3747 1984 3805 2035 ἐκ

2277 2061 2384 2112 τῶν
2405 2064 2569 2132 ὁρίων
2594 2067 2810 2121 πάντων
2842 2068 3209 2125 ἀπελαύνεται
3237 2075 3270 2143 ὴ
3295 2071 3444 2143 ζύμη
3466 2092 3480 2106 ο
3515 2075 3568 2127 τί
3595 2071 3680 2128 οὖν
3704 2076 3806 2126 ἐστι

2282 2153 2338 2206 τὸ
2370 2155 2632 2226 αῖνιγμας
2682 2159 2869 2229 Πάσης
2917 2162 3186 2232 πονηρίας
3243 2163 3584 2234 ἀπηλλάχθαι
3617 2164 3689 2218 δεῖ
3725 2165 3806 2216 τὸν

2279 2246 2486 2300 πιστόν.
2532 2247 2746 2319 ’Ὥσπερ
2792 2253 2900 2320 γὰρ
2959 2253 3533 2321 ἐκεῖνος,ἀπόλλυται,
3588 2259 3709 2310 ὅπου
3747 2256 3808 2307 ἂν

2279 2336 2474 2409 εὑρεθῇ
2509 2339 2713 2394 παλαιά
2742 2339 2908 2414 ζύμη,
2945 2343 3086 2408 οὕτω
3119 2346 3212 2398 καὶ
3258 2349 3389 2416 παρ’
3420 2349 3554 2418 ἡμῖν
3602 2348 3718 2402 ἔνθα
3746 2349 3808 2401 ἂν

2277 2428 2474 2499 εὑρεθῇ
2509 2434 2775 2501 πονηρὲαο
2816 2433 2876 2486 ού
2927 2435 3034 2506 γὰρ
3063 2436 3234 2506 δήπου
3265 2439 3359 2491 ἐπὶ
3391 2438 3491 2507 μὲν
3532 2439 3629 2509 τῆς
3657 2442 3802 2500 σκιᾶς

2281 2519 2450 2589 πολλὴ
2481 2523 2511 2591 ή
2565 2523 2807 2590 κόλασις,
2843 2525 2936 2578 ἐπὶ
2980 2527 3036 2580 δέ
3068 2528 3224 2599 ήμῶν
3255 2530 3315 2583 οὐ
3366 2529 3546 2600 πολλῷ
3593 2529 3807 2600 μεὶζων·

2280 2613 2328 2663 εί
2356 2613 2463 2682 γάρ
2500 2615 2600 2678 τάς
2635 2616 2814 2680 οίκίας
2844 2617 2986 2672 οὕτω
3015 2620 3389 2692 καθαίρουσιν,
3427 2623 3502 2686 ὡς
3535 2624 3624 2677 καὶ
3668 2622 3811 2700 ,μυῶν

2277 2699 2932 2776 ὀπὰς-περιεργάζεσθαι,
2965 2711 3146 2780 πολλῷ
3178 2713 3374 2780 μᾶλλον
3403 2717 3550 2784 ἡμᾶς
3593 2699 3692 2784 τὴν
3718 2715 3810 2782 ψυ-

2280 2793 2380 2863 χὴν
2409 2794 2778 2864 διερευνᾶσθαι
2807 2801 2905 2855 δεῖ.
2932 2799 3087 2856 Ἐπεὶ
3113 2798 3203 2857 οὖν
3233 2805 3383 2875 μυῶν
3410 2807 3552 2872 ὀπὰς
3587 2824 3811 2876 περιειρ-

2282 2887 2528 2954 γάζοντο,
2555 2891 2580 2942 6
2624 2890 2679 2943 δὲ
2711 2891 2865 2958 ἅγιος
2907 2893 3180 2962 Mychon
3229 2897 3394 2968 μέχρι
3452 2901 3549 2968 τῆς
3600 2901 3812 2968 ἐσχάτης

627 2987 692 3038 ad
721 2976 968 3038 ultimum
1001 2997 1171 3051 usque
1195 2983 1335 3036 diem
1365 2998 1471 3036 non
1501 2981 1668 3038 fuisse
1697 2985 1794 3053 legi
1820 2985 2174 3048 contrarium,

2281 2979 2513 3049 ἡμέρας,
2536 2982 2620 3034 ἵνα
2641 2984 2726 3053 μὴ
2749 2984 2989 3048 ἐναντίος
3014 2976 3236 3057 γένηται
3259 2989 3337 3060 τῷ
3367 2992 3536 3059 νόμῳ,
3558 2992 3616 3044 τὸ
3639 2992 3811 3058 Πάσχα

624 3089 677 3134 et
704 3079 823 3132 ideo
860 3076 1062 3131 Pascha
1094 3077 1398 3132 celebrasse
1419 3092 1433 3137 ;
1454 3085 1598 3130 certe
1626 3079 1935 3132 contrarius
1963 3077 2176 3144 fuisset,

627 3173 670 3226 si
707 3170 913 3226 Pascha
966 3169 1313 3232 celebrasset,
1354 3178 1407 3223 et
1451 3168 1828 3224 fermentatum
1883 3182 2174 3226 servasset.

627 3263 757 3318 Esse
788 3276 950 3331 porro
981 3261 1030 3314 id
1064 3260 1179 3328 lege
1206 3260 1451 3322 vetitum,
1482 3259 1608 3314 audi
1657 3260 1819 3315 verba
1847 3261 1969 3331 ejus
1993 3265 2179 3333 praeci-

627 3355 826 3426 pientis
855 3371 870 3406 :
906 3353 1109 3421 Septem
1155 3352 1336 3407 diebus
1358 3370 1541 3423 azyma
1591 3352 1901 3407 comedetis:
1936 3354 2018 3409 die
2067 3358 2196 3426 pri-'

535 3476 539 3481 -
628 3464 713 3502 mo
747 3463 846 3499 non
872 3447 970 3498 erit
1003 3446 1314 3513 fermentum
1355 3446 1404 3496 in
1437 3443 1678 3497 domibus
1713 3447 1916 3500 uestris.
1950 3446 2181 3511 Quicun-

628 3556 722 3610 que
761 3538 1038 3591 romederit
1066 3537 1395 3604 fermentum,
1422 3535 1611 3602 peribit
1647 3537 1823 3597 anima
1870 3537 1965 3591 illa
2006 3533 2070 3592 de
2100 3539 2181 3594 Is-

630 3632 757 3685 rael.
787 3630 851 3683 Et
886 3629 1043 3700 paulo
1070 3636 1224 3696 post:
1289 3624 1470 3680 Primo
1530 3642 1721 3689 mense,
1753 3636 1943 3696 quarta
1977 3631 2178 3685 decima

631 3725 715 3776 die
740 3721 950 3786 mensis,
991 3721 1059 3772 ad
1091 3734 1350 3786 vesperam
1377 3717 1654 3771 comedetis
1699 3735 1884 3788 azyma
1915 3737 2077 3790 usque
2111 3725 2178 3776 ad

629 3818 763 3870 diem
800 3809 1103 3868 vicesimati
1138 3811 1358 3878 primam
1393 3810 1622 3876 ejusdem
1664 3813 1851 3864 mensis
1892 3815 1960 3866 ad
2010 3831 2179 3883 vespe-

630 3918 785 3956 ram:
816 3912 1005 3968 septem
1037 3900 1220 3953 diebus
1278 3900 1584 3968 fermentum
1634 3916 1735 3952 non
1791 3884 2079 3956 invenietur
2127 3907 2178 3959 in

630 3995 866 4049 domibus
885 3994 1070 4048 vestris
1095 4008 1114 4045 :
1137 3993 1225 4060 qui
1253 3993 1527 4045 comederit
1562 3992 1952 4060 fermentatum.
1996 3998 2180 4068 peribit

630 4089 806 4140 anima
851 4085 961 4151 ejus
985 4084 1046 4137 de
1069 4093 1200 4136 coetu
1252 4081 1512 4137 Israel”.
1551 4083 1702 4149 Quod
1751 4099 1878 4139 vero
1931 4086 2181 4144 Christus

628 4188 840 4233 servato
872 4177 1005 4247 legis
1030 4175 1344 4244 praescripto
1395 4172 1602 4228 Pascha
1653 4173 1958 4241 celebrarit,
2008 4176 2179 4232 Judaei

2281 3071 2543 3140 ἐπετέλει,
2575 3075 2774 3140 μᾶλλον
2817 3076 2882 3130 ἂν
2929 3077 3166 3142 ἐναντίος
3215 3075 3282 3150 ἦν
3328 3082 3390 3134 τὸ
3428 3085 3618 3153 Πάσχα
3660 3083 3813 3135 τελῶν

2279 3160 2372 3211 καὶ
2396 3161 2455 3213 τὸ
2479 3160 2706 3232 ἐνζυμον
2725 3167 3022 3234 φυλάττων.
3046 3170 3241 3224 Ὅτιδέ
3265 3174 3292 3224 6
3309 3173 3471 3242 νόμος
3499 3175 3813 3244 ἀπαγορεύει

2278 3252 2453 3317 τοῦτο,
2512 3249 2741 3310 ἀκουσον
2797 3259 2938 3312 οὕτω
2990 3264 3416 3336 προστάττοντος
3445 3282 3460 3296 θ
3499 3270 3630 3336 φησὶ
3661 3267 3766 3336 γάρ
3795 3283 3806 3297 ·

2291 3340 2473 3396 Ἑπτὰ
2507 3343 2729 3413 ἡμέρας
2757 3348 2942 3418 ἄζυμα
2971 3325 3183 3405 ἔδεσθσ
3205 3369 3216 3383 ·
3250 3354 3365 3407 ἀπὸ
3381 3325 3449 3407 δὲ
3475 3325 3585 3424 τὲῑξ
3609 3325 3814 3425 ἡμέρας

2277 3431 2384 3500 τῆς
2434 3428 2673 3504 ’πρώτης
2727 3439 3033 3508 ἁφανιεῒτε
3089 3443 3277 3512 ζύμην
3335 3447 3403 3500 ἐκ
3455 3447 3574 3505 τῶν
3627 3448 3815 3502 οἰκιῶν

2279 3525 2463 3593 ὑμῶν,
2501 3528 2624 3594 Πᾶς
2667 3529 2733 3596 ὃς
2770 3529 2847 3588 ἂν
2887 3532 3048 3604 φάγῃ
3087 3532 3292 3603 ζύμην,
3323 3533 3809 3607 ἐξολοθρευθῆσε-

2279 3631 2369 3669 ται
2400 3618 2438 3686 ἡ
2485 3622 2655 3690 ψυχὴ
2694 3623 2894 3690 ἐκείνη
2923 3625 2992 3688 ἐξ
3028 3625 3274 3694 Ἰσραήλ
3299 3645 3312 3658 ·
3366 3630 3462 3682 καὶ
3494 3634 3635 3688 μετά
3660 3647 3773 3682 τινα
3801 3645 3811 3657 '

2292 3712 2709 3781 Ἐνίιρχόμεγοι
2739 3714 2813 3782 τῇ
2843 3718 3468 3786 τεσσαρεσκαιδεκάτῃ
3505 3720 3691 3789 ἡμέρα
3717 3719 3811 3778 τοῦ

2275 3803 2468 3870 μηνὸς
2504 3803 2608 3857 τοῦ
2649 3804 2902 3874 πρώτου,
2941 3806 3040 3874 ἀφ’
3095 3808 3358 3876 ἑσπέρας
3395 3811 3609 3866 ἐδεσθε
3636 3811 3813 3879 ἄζυμα

2279 3893 2389 3956 ἕως
2427 3894 2650 3962 ἡμέρας
2705 3893 2849 3963 μιᾶς
2878 3898 2974 3952 καί
3030 3899 3426 3975 εἰκάδος-τοῦ
3473 3903 3667 3970 μηνὸς
3713 3902 3813 3966 ἕως

2279 3985 2532 4052 ἑσπέρας
2560 4001 2575 4018 ο
2631 3987 2780 4041 ἐπτὰ
2835 3989 3053 4057 ἡμέρας
3093 3989 3237 4059 ζύμη
3297 3994 3409 4062 οὐχ
3446 3994 3814 4062 εὑρεθήσεται

2280 4077 2348 4129 ἐν
2375 4077 2501 4143 ταῖς
2533 4080 2746 4145 οὶκίαις
2775 4079 2960 4152 ὑμῶν.
2991 4081 3114 4148 Πᾶς
3148 4082 3216 4146 ὃς
3234 4081 3314 4138 ἂν
3349 4085 3511 4154 φάγῃ
3542 4084 3809 4154 ζυμωτὸν,

2281 4169 2854 4237 ἐξολοθρευθήσεται
2883 4173 2921 4239 ἡ
2952 4173 3122 4241 ψυχὴ
3141 4155 3348 4242 ἶέκείνη
3373 4175 3441 4229 ἐκ
3473 4173 3814 4245 συναγωγῆς

627 4284 757 4323 vero
795 4280 1134 4335 nequaquam
1167 4264 1298 4318 illud
1354 4263 1642 4328 servarint,
1673 4264 1767 4318 sed
1797 4266 1937 4320 diem
2003 4277 2179 4325 trans-

2295 4262 2558 4329 Ἰσραήλ.
2581 4263 2770 4316 ’Ότιδέ
2791 4263 2928 4315 κατὰ
2943 4263 3104 4334 νόμον
3124 4268 3150 4318 6
3170 4267 3404 4335 Χριστὸς
3421 4268 3480 4320 τὸ
3504 4268 3686 4337 Πάσχα
3711 4263 3811 4318 ἐτέ-

628 4362 798 4431 gressi
831 4359 1053 4424 fuerint,
1077 4359 1199 4410 audi
1231 4356 1343 4410 oris
1363 4357 1508 4410 aurei
1544 4355 1754 4419 Patrem
1779 4357 1999 4413 homilia
2031 4368 2179 4415 octo.

2284 4351 2456 4414 λεσεν,
2489 4351 2537 4403 οἱ
2563 4352 2619 4404 δὲ
2661 4352 2899 4405 Ἰουδαῖοι
2929 4355 3260 4422 παρανόμως
3290 4357 3555 4426 ἐποῑησαν
3591 4354 3784 4425 παρασι
3803 4381 3837 4413 -,

627 4453 824 4521 gesima
857 4459 1047 4518 quarta
1105 4447 1158 4500 iu
1205 4445 1488 4510 Joannem,
1532 4447 1658 4500 dum
1688 4447 1850 4502 verba
1892 4449 1982 4502 illa
2016 4466 2179 4526 expo-

2279 4439 2542 4502 6άσαντες
2569 4441 2626 4492 τὸ
2658 4441 2848 4511 Πάσχα
2869 4483 2884 4506 ,
2915 4442 3148 4496 ἄκουσον
3164 4443 3271 4525 τοῦ
3296 4442 3680 4511 Χρυσοστ-όμου
3711 4441 3808 4492 Πα-

628 4545 740 4614 nit:
773 4541 1047 4594 Adducunt
1071 4537 1252 4593 Jesum
1279 4553 1310 4590 a
1338 4536 1540 4608 Caiplta
1582 4539 1636 4591 in
1675 4541 1979 4615 praetorium
2008 4559 2020 4595 :
2070 4542 2179 4598 Cur

2279 4532 2400 4601 τρὸς
2453 4530 2624 4584 ἐνάτδ¹
2661 4531 2848 4601 ὁμιλίᾳ.
2919 4532 3008 4584 τοῦ
3061 4531 3203 4586 κατὰ
3270 4533 3541 4601 Ἰωάννην,
3596 4533 3672 4595 είς
3723 4528 3808 4581 τό¹

629 4609 772 4688 enim
814 4634 944 4684 illuc
979 4646 1103 4684 cum
1155 4632 1450 4692 duxerunt,
1493 4628 1583 4682 ubi
1619 4643 1809 4684 omnes
1865 4633 2178 4702 congregati

2279 4624 2516 4700 ’ξΑγουσι
2542 4623 2648 4688 τὸν
2675 4623 2906 4689 Ἰησοῦν
2927 4623 3044 4677 ἀπὸ
3068 4623 3174 4678 τοῦ
3193 4622 3428 4692 Κατάφα
3454 4626 3543 4690 είς
3569 4624 3632 4678 τὸ
3661 4637 3808 4690 apat-

625 4725 818 4779 erant?
851 4721 917 4776 Ut
950 4737 1036 4776 res
1059 4721 1206 4774 fieret
1234 4718 1512 4773 communi
1567 4719 1811 4773 omnium
1862 4722 2174 4788 pontiﬁcum

2279 4713 2632 4783 τώριον·,Διὰ
2663 4713 2714 4767 τί
2743 4713 2857 4766 ἐκεῖ
2887 4710 3387 4782 ἀπήγαγονάύτδν,
3424 4713 3553 4766 ἔνθα
3588 4715 3809 4770 ἅπαντες

626 4831 931 4880 consensu;
958 4821 1074 4866 erat
1103 4827 1245 4867 enim
1286 4812 1376 4866 ille
1413 4820 1542 4865 tunc
1590 4811 1852 4880 pontifex,
1889 4821 1944 4866 et
1988 4829 2175 4868 omnes

2280 4802 2418 4876 ἦσαν
2453 4805 2812 4874 συνηγμένοι;
2849 4806 2967 4859 Ἵνα
3001 4807 3137 4892 μετρ
3167 4805 3390 4874 γνώμης
3421 4806 3636 4859 πάντων
3667 4801 3808 4867 ποιή-

628 4909 779 4962 illum
811 4903 1284 4974 praestolabantur.
1308 4902 1386 4956 lta
1414 4903 1808 4972 pernoctabant
1849 4903 2176 4972 vigilabant-

2281 4892 2416 4957 σωσι
2442 4899 2548 4950 τῶν
2595 4897 2893 4966 ἀρχερὲων·
2948 4899 3150 4959 ἐκεῖνος
3188 4898 3296 4966 γάρ
3341 4893 3410 4967 ἦν
3453 4896 3573 4949 τότε
3639 4898 3810 4966 ἀρχιε-

630 5013 736 5066 quc
763 4997 924 5065 hujus
951 4996 1026 5050 rei
1056 4992 1401 5066 causa:N9n
1450 4994 1616 5059 enim,
1674 4994 1872 5064 inquit,
1930 4997 2175 5049 comede-

632 5101 757 5145 runt
787 5088 990 5144 Pascha
1023 5095 1174 5149 tunc,
1208 5083 1303 5140 sed
1349 5097 1630 5154 propterea
1681 5085 1995 5155 vigilabant.
2045 5087 2173 5140 Nam

634 5195 755 5250 post
788 5183 874 5234 illa
909 5182 1098 5235 verba:
1141 5179 1269 5232 Erat
1299 5187 1470 5230 autem
1497 5193 1667 5240 mane,
1687 5176 1922 5232 Joannes
1977 5177 2176 5242 intulit,

635 5271 704 5325 Et
735 5271 833 5335 ipsi
870 5286 968 5322 non
996 5269 1304 5322 introierunt
1339 5269 1390 5319 in
1440 5267 1763 5334 prtetort'um,
1798 5277 1851 5318 ut
1891 5283 1999 5319 non
2053 5284 2177 5318 cm-

636 5365 1037 5423 taminarentur,
1071 5360 1157 5412 sed
1193 5368 1247 5412 ut
1279 5359 1652 5411 manducarent
1705 5356 1906 5410 Pascha
1942 5358 2002 5410 “.
2037 5359 2175 5423 Quid

632 5470 762 5527 ergo
793 5455 855 5509 ad
886 5453 1304 5507 Imcdiccmus?
1338 5451 1470 5505 lllud
1510 5466 1658 5514 sane,
1707 5450 1847 5519 quod
1882 5450 2047 5504 altera
2095 5453 2178 5505 die

711 5633 752 5663 "
784 5631 914 5686 Luc.
951 5649 1083 5703 xxtt,
1118 5637 1211 5703 19;
1251 5634 1266 5689 Ι
1300 5635 1423 5692 Cor.
1455 5649 1526 5699 τι,
1570 5635 1653 5689 24.
1766 5638 1804 5668 ⁸³
1861 5639 2028 5692 Exul.

2070 5654 2159 5701 λιι,
2213 5641 2272 5694 13
2312 5655 2362 5688 με·

2282 4993 2428 5064 ρεὺς,
2480 4992 2570 5044 καὶ
2606 4991 2800 5054 πάντες
2847 4985 2987 5060 ἦσαν
3034 4989 3192 5044 αὐτὸν
3228 4987 3613 5057 ἀναμένοντες.
3669 4985 3807 5041 οὕτω

2280 5082 2684 5151 διενυκτέρευον
2726 5081 2820 5134 καὶ
2854 5079 3165 5151 ἡγρύπνουν
3194 5079 3288 5132 ἐπὶ
3318 5079 3493 5149 τούτῳ
3514 5093 3532 5110 ο
3563 5079 3680 5132 οὐδὲ
3717 5080 3808 5144 γὰρ

2283 5174 2484 5242 ἔφαγον
2536 5173 2657 5225 τότε
2710 5174 2770 5226 τὸ
2823 5173 3047 5243 Πάσχα,
3109 5172 3308 5242 φησὶν,
3359 5158 3496 5226 ἀλλά
3537 5172 3642 5250 διὰ.
3671 5169 3806 5223 τοῦτο

2281 5264 2596 5334 ὴγρύπνουν
2617 5279 2629 5292 ·
2659 5262 2830 5316 εἰπὼν
2859 5264 2987 5331 γὰρ,
3023 5265 3103 5317 ὃτι
3150 5263 3340 5332 Πρωΐα
3363 5259 3462 5333 ἦν,
3501 5267 3527 5317 6
3578 5265 3806 5325 Ἰωάννης

2283 5357 2558 5423 ἐπήγαγεν
2583 5372 2595 5384 ο
2642 5357 2761 5408 Οὐκ
2788 5353 3072 5420 εἰσῆλθον·
3099 5357 3184 5419 είς
3214 5355 3279 5408 τὸ
3327 5356 3694 5425 πραιτώριον,
3721 5353 3806 5406 ἵνα

2279 5448 2364 5519 μὴ
2394 5448 2747 5518 μιανθῶσιν,
2768 5447 2902 5502 ἀλλ’
2922 5447 3021 5500 ἵνα
3063 5445 3295 5515 φάγωσι
3316 5447 3380 5500 τὸ
3403 5445 3633 5518 Πάσχα.
3649 5444 3708 5501 Τί
3727 5437 3804 5495 οὖν

2561 5535 2576 5564 Ι

2374 5652 2459 5704 qq.
2558 5636 2598 5666 ”
2627 5635 2782 5689 Joau.
2809 5649 2962 5697 xutt,
3004 5635 3090 5688 28.
