3972 6326
100 436 220 485 ἐστιν
249 427 450 491 είπεῖν;
491 426 613 479 Ὀτι
649 423 706 476 ἐν
737 422 891 492 ἑτέρᾳ
925 422 1146 491 ἔφαγον,
1199 424 1291 474 καὶ
1327 423 1415 475 τὸν
1455 421 1616 489 νόμον
1646 425 1689 482 Α

100 521 266 574 ἔλυσαν
301 515 386 567 διὰ
420 517 517 584 τὴν
543 511 836 580 ἐπιθυμίαν
860 512 958 579 τὴν
987 510 1111 577 περὶ
1132 508 1229 576 τὴν
1255 507 1467 574 σφαγὴν
1486 506 1622 571 ,ταύ-

100 629 198 679 την.
227 608 351 663 Οὐδὲ
392 608 500 674 γὰρ
534 607 563 657 6
604 603 837 673 Χριστὸς
884 600 1096 669 παρέόη
1148 599 1237 651 τὸν
1286 597 1477 666 καιρὸν
1526 596 1618 648 τοῦ

101 704 282 770 Πάσχα,
312 697 423 752 ἀλλ’
446 698 644 749 ἐκεῖνοι
674 694 722 746 οἱ
748 692 922 747 πάντα
947 689 1254 760 τολμῶντες
1279 689 1371 741 καί⁸
1400 687 1621 755 μυρίους

102 789 507 850 καταπατοῦντες
537 786 757 855 νόμους.
790 784 1007 835 Τούτων
1042 782 1216 842 οὕτως
1245 779 1476 850 ἑχόντων
1507 777 1621 837 πῶς

104 880 522 950 κατηγορήσομεν
567 877 694 938 τοὺς
747 874 882 944 μετὰ
912 873 1137 942 ἀζύμων
1163 870 1260 940 τὴν
1315 870 1504 921 Θυσίαν
1534 885 1621 920 τε-

103 974 298 1033 λοῦντας
323 988 336 1033 ;
366 969 499 1039 Περὶ
533 968 589 1021 δὲ
626 966 783 1036 ήμῶν
827 963 1009 1017 αὐτῶν
1069 961 1212 1015 οὓτω
1259 960 1510 1029 λέγομεν,
1543 960 1624 1011 ὅτι

106 1065 225 1118 οὕτω
248 1060 637 1131 παρελάϐομεν,
667 1060 760 1111 καὶ
791 1054 932 1109 οὕτω
963 1057 1283 1124 στέργομεν,
1314 1053 1389 1115 ὡς
1416 1053 1463 1104 oi
1497 1051 1628 1103 ἀπό-

108 1154 258 1207 στολοι
283 1152 396 1204 κατ’
420 1145 569 1202 οἷκον
597 1148 832 1209 κλῶντές
862 1146 1025 1215 ἄρτον
1068 1144 1168 1213 τὴν
1209 1141 1397 1196 θυσίαν
1443 1141 1628 1192 έπετέ-

108 1247 233 1297 λουν·
263 1241 350 1294 καὶ
394 1237 632 1309 οὐδαμοῦ
682 1237 929 1305 φαίνεται
980 1235 1053 1296 ὼς
1097 1233 1306 1302 ἄζυμον
1339 1230 1630 1300 ζητοῦντες

109 1336 195 1404 τὴν
214 1333 390 1386 θυσίαν
414 1328 722 1383 ἐπετέλουν.
757 1326 867 1380 Καὶ
910 1326 1074 1380 πάλιν
1118 1326 1172 1377 ὲν
1206 1327 1331 1386 ταῖς
1363 1324 1470 1376 τῶν
1499 1323 1628 1384 ἀζύ-

112 1443 213 1495 μων
256 1426 480 1493 ἡμέραις
533 1419 784 1491 μηδαμοῦ
834 1420 893 1471 ἑν
946 1416 1342 1486 Ἱεροσολύμοις
1395 1411 1628 1480 ένζύμου

108 1514 487 1585 εὑρισκομένου,
515 1504 751 1577 οὐδαμοῦ
788 1508 947 1559 πάλιν
981 1505 1250 1572 φαίνεται,
1290 1504 1370 1556 ὅτι
1402 1502 1629 1567 ἕνζυμον

110 1604 374 1668 αίτοῦντες,
421 1599 591 1662 οὕτως
660 1599 899 1652 ἐποίουν.
961 1597 1219 1666 ’ῌδεισαν
1268 1594 1399 1661 γὰρ,
1447 1594 1528 1643 ὅτι
1570 1591 1630 1642 τὸ

107 1695 219 1747 αὐτό
247 1695 383 1743 ἐστιν
434 1688 815 1757 ὑποκείμενον,
850 1688 878 1739 6
928 1684 990 1737 ὲκ
1039 1683 1130 1736 τοῦ
1188 1683 1337 1734 σίτου
1382 1681 1627 1748 ἄλευρος.

108 1786 169 1837 Οὐ
195 1782 289 1850 γὰρ
315 1781 399 1833 διὰ
425 1779 489 1833 τὺ
526 1778 603 1849 μὴ
638 1755 796 1847 ⁷ἔχειν
842 1776 1043 1845 μικρὰν
1092 1773 1292 1842 ζύμην,
1329 1771 1424 1841 ίιδη
1458 1771 1630 1824 πάντα
1664 1755 1703 1809 Β

108 1878 165 1929 τὰ
188 1849 467 1942 τελούμενα
492 1870 661 1939 ἀργὰ,
692 1868 788 1921 καὶ
822 1867 1055 1936 μάλιστα
1088 1865 1153 1917 τὰ
1182 1862 1274 1915 τοῦ
1308 1849 1513 1931 Κυρίου
1538 1860 1631 1929 ῥή-

111 1985 253 2035 ματα,
280 1966 429 2019 ᾶτινα
450 1964 545 2015 καὶ
572 1959 925 2032 μεταποιοῦσι
950 1958 1040 2009 τὸν
1067 1956 1230 2026 ἄρτον
1247 1956 1339 2007 καὶ
1373 1953 1462 2006 τὸν
1492 1948 1633 2004 οἶνον

111 2061 191 2110 σὺν
209 2057 279 2127 τῷ
306 2055 559 2116 ῦδατιείς
608 2051 770 2121 σῶμα
817 2050 910 2101 καὶ
947 2044 1085 2117 αἷμα
1136 2045 1347 2118 ,αὑτοῦ.
1401 2043 1524 2096 Ὅτι
1577 2041 1633 2094 δὲ

111 2150 223 2201 αὐτὰ
248 2147 311 2199 τὰ
343 2147 565 2217 ῥήματα
597 2138 1097 2213 μεταρρυθμίξουσι
1129 2136 1225 2205 τὴν
1269 2134 1398 2204 ὓλην
1431 2131 1635 2200 ταύτην

111 2245 174 2304 είς
221 2241 281 2293 τὰ
313 2237 603 2308 εἰρημένα,
636 2235 870 2286 ἄκουσον
919 2229 1012 2283 τοῦ
1054 2229 1199 2281 θείου
1247 2224 1633 2296 Χρυσοστόμου

112 2334 157 2384 tv
177 2330 241 2400 τῷ
266 2329 423 2396 λόγῳ,
449 2320 510 2379 οῦ
533 2326 567 2393 ἡ
599 2321 900 2392 ἐπιγραφὴ,
930 2324 1033 2386 Είς
1061 2317 1503 2387 τὴνπροδοσίαν
1524 2314 1633 2368 τοῦ

122 2424 310 2487 Ἰούδα,
338 2420 433 2474 καί
463 2422 551 2485 εἰς
581 2418 648 2471 τὸ
687 2414 988 2485 μυστικὸν
1032 2411 1277 2491 δεῖπνον
1308 2410 1415 2465 τοῦ
1445 2407 1638 2476 Σωτῆ-

110 2534 214 2582 ρος,
250 2514 340 2569 καὶ
387 2514 538 2566 κατὰ
581 2508 923 2563 Ἰουδαίωνο
959 2508 992 2577 ἡ
1026 2507 1082 2559 δὲ
1118 2504 1262 2575 ἀρχὴ
1310 2502 1403 2555 τοῦ
1451 2501 1630 2569 λόγου·

125 2606 440 2673 Ἐϐουλόμην,
486 2600 787 2670 ἀγαπητοὶ,
816 2597 918 2664 τῆς
948 2594 1091 2649 κατὰ
1142 2596 1233 2648 τὸν
1293 2593 1636 2663 πατριάρχην

117 2698 248 2752 πάλιν
276 2696 605 2756 ὑποθέσεως.
632 2692 871 2761 Πάρεστι
889 2691 983 2742 καὶ
1011 2686 1104 2740 νῦν
1136 2688 1163 2738 6
1184 2686 1413 2754 Χριστὸς
1431 2685 1637 2744 ἐκεῖνος

119 2791 193 2860 τὴν
217 2786 482 2857 τράπεζαν
524 2774 729 2850 ταύτην
757 2777 979 2846 κοσμῶν
997 2790 1011 2805 ’
1039 2776 1065 2828 6
1098 2774 1206 2842 γὰρ
1231 2773 1330 2844 τὴν
1358 2768 1636 2839 τράπεζαν

119 2882 299 2951 ἐκείνην
323 2877 604 2947 κοσμήσας
644 2873 785 2935 τότε,
813 2864 965 2929 οὗτος
990 2869 1083 2922 καὶ
1121 2866 1327 2935 ταύτην
1354 2862 1638 2930 διακοσμεῖ

120 2971 209 3026 νῦν,
245 2972 311 3024 οὐ
361 2969 468 3039 γὰρ
526 2963 814 3036 ἄνθρωπός
842 2964 987 3015 ἐστιν
1030 2962 1058 3013 6
1093 2957 1265 3011 ποιῶν
1296 2956 1363 3009 τὰ
1412 2953 1633 3023 προκεί-

124 3082 233 3133 μενα
267 3062 513 3131 γενέσθαι
548 3058 706 3128 σῶμα
726 3055 829 3107 καὶ
860 3048 1001 3122 αἷμα
1040 3050 1300 3120 Χριστοῦ,
1332 3047 1446 3101 ἀλλ’
1477 3047 1637 3109 αὐτὸς
1667 3075 1707 3132 C

121 3152 477 3224 ὁσταυρωθεὶς
506 3147 645 3218 ὑπὲρ
698 3144 854 3217 ἡμῶν
884 3143 1136 3211 Χριστός.
1183 3139 1378 3209 Σχῆμα
1419 3136 1641 3208 πληρῶν

122 3249 322 3318 “epsit;
352 3247 509 3315 μόνον
542 3244 761 3310 ἕστηκε,
795 3241 890 3293 καὶ
924 3237 1219 3310 προσφέρει
1254 3235 1348 3305 τὴν
1368 3235 1548 3303 δέησιν
1577 3227 1668 3285 τὰ’

130 3343 313 3410 ῥήματα
334 3337 701 3409 φθεγγόμενος
732 3335 934 3385 ὲκεῖνω
964 3332 996 3400 ή
1023 3330 1079 3383 δὲ
1110 3330 1269 3399 χάρις
1300 3328 1394 3380 καὶ
1419 3329 1450 3396 ἡ
1484 3324 1644 3379 δύνα-

130 3433 201 3497 μίς
223 3433 326 3482 ὲστι
354 3427 445 3481 τοῦ
476 3424 609 3479 Θεοῦ
642 3425 676 3494 ή
705 3425 883 3476 πάντα
914 3418 1274 3489 ἐργαζομένη.
1319 3416 1500 3470 Τοῦτό
1526 3415 1644 3484 μού

126 3520 231 3572 ἐστι
254 3519 314 3573 τὸ
349 3517 540 3587 σῶμα,
569 3514 724 3583 φησί’
756 3512 914 3565 τοῦτο
936 3512 995 3563 τὸ
1023 3511 1174 3580 ῥῆμα
1210 3510 1277 3562 τὰ
1312 3509 1645 3580 προκείμενα

131 3610 543 3682 μεταῤῥυθμίζει.
576 3606 690 3660 Καὶ
720 3603 971 3672 καθάπερ
1014 3603 1193 3663 ἐκείνη
1225 3602 1257 3671 ἡ
1306 3602 1456 3671 φωνὴ
1493 3602 1526 3669 ἡ
1560 3600 1645 3655 λέ-

129 3719 289 3769 γουσαο
325 3699 691 3765 Αὑξάγεσθε,
724 3696 837 3749 καί
857 3694 1259 3761 πληθύνεσθε,
1289 3691 1387 3745 καί
1416 3690 1648 3759 πληρώ-

131 3810 249 3849 σαῖε
276 3793 381 3860 τὴν
412 3787 777 3861 γῆν,ὲῤῥέθη
806 3787 903 3856 μὲν
937 3783 1100 3848 ἅπαξ,
1128 3783 1216 3836 διὰ
1239 3783 1437 3846 παντὸς
1465 3783 1521 3836 δὲ
1554 3780 1646 3836 τοῦ

132 3886 293 3954 χρόνον
321 3885 525 3951 γίνεται
578 3881 762 3950 ἔργον,
816 3876 1124 3945 δυναμοῦσα
1181 3874 1278 3942 τὴν
1336 3873 1498 3943 φύσιν
1550 3874 1649 3944 τὴν

1276 309 1574 369 CONTRA
1615 309 2039 370 EPIIESIUM.

3176 315 3273 379 133

1719 422 2093 486 comederunt,
2126 427 2179 476 et
2228 436 2255 474 a
2305 422 2420 491 lege
2467 422 2834 477 discesserunt
2893 425 3055 477 caedis
3115 426 3274 493 lmju:
3330 436 3331 439 ‘

1720 513 1979 567 facienda
2016 512 2310 567 desiderio.
2357 511 2543 581 Neque
2596 516 2737 568 enim
2772 515 3021 570 Christus
3061 523 3276 584 tempus

1721 604 1942 659 Paschm
1967 620 2073 658 non
2107 606 2437 673 observavit,
2463 607 2555 662 sed
2580 607 2652 661 illi
2681 608 2768 674 qui
2802 608 2933 660 nihil
2963 623 3070 662 non
3115 607 3278 671 aude-

1722 694 1870 758 bant,
1903 704 1957 749 et
1982 696 2127 762 leges
2168 696 2477 765 innumeras
2512 701 2955 767 perrumpeliant.
2993 698 3127 752 Cum
3163 701 3277 753 haec

1723 786 1793 839 ita
1834 801 1893 839 se
1920 786 2174 848 habeant,
2206 802 2311 856 qua
2345 790 2554 843 ratione
2609 800 2770 844 erunt
2796 804 2825 842 a
2876 791 3032 845 nobis
3090 806 3277 859 repre-

1723 875 2010 937 hendendi,
2044 879 2134 946 qui
2164 892 2356 949 azymo
2379 878 2732 935 sacrificant?
2783 879 2855 933 De
2907 880 3063 935 nobis
3102 888 3279 934 autem

1725 967 1858 1037 ipsis
1894 967 2147 1033 dicimus,
2175 970 2246 1023 ita
2281 985 2382 1024 nos
2426 971 2721 1039 accepisse,
2755 981 2807 1026 et
2863 978 3104 1024 nostram
3152 986 3281 1025 con-

1684 1123 1693 1129 .
1726 1060 2067 1115 suetudinem
2099 1065 2272 1113 ratam
2309 1055 2545 1123 habere;
2576 1068 2629 1113 et
2659 1061 2881 1128 apostoli
2915 1060 3060 1115 domi
3092 1075 3281 1129 panem

1728 1150 2035 1218 frangentes
2057 1150 2385 1209 sacriﬁcium
2414 1150 2775 1215 factitabant;
2813 1167 2989 1221 neque
3047 1167 3274 1219 usquam

1726 1249 1972 1310 apparet,
2004 1243 2289 1309 quaesitum
2323 1257 2445 1296 esse
2474 1244 2540 1296 ab
2574 1244 2676 1297 illis
2707 1258 2897 1311 panem
2938 1258 3184 1313 azymum
3220 1242 3283 1292 ad

1727 1330 2172 1385 sacrificandum.
2201 1328 2415 1385 Rursus
2438 1345 2562 1383 cum
2597 1332 2710 1385 dies
2734 1340 2916 1386 essent
2944 1346 3283 1399 azymorum,

1727 1434 1780 1478 et
1814 1424 2169 1479 fermentatus
2201 1426 2356 1492 panis
2387 1440 2489 1479 non
2522 1433 2667 1480 esset
2722 1423 3127 1494 Hierosolymis,
3157 1439 3289 1475 nus-

1728 1533 1887 1586 quam
1918 1517 2165 1572 similiter
2198 1527 2443 1585 apparet,
2504 1516 2730 1585 qutesito
2795 1514 3115 1569 fermentata
3171 1515 3290 1566 illos

1729 1623 2108 1671 consecrasse,
2133 1609 2277 1676 quod
2312 1607 2514 1662 scirent
2538 1609 2817 1661 materiam
2845 1622 2977 1661 esse
3018 1606 3288 1666 eamdem,

1729 1712 1925 1766 nempe
1956 1696 2186 1758 farinam
2222 1697 2514 1751 triticeam.
2548 1694 2733 1765 Neque
2762 1699 2907 1749 enim
2939 1694 3085 1764 quod
3119 1694 3290 1746 modi.

1733 1803 1855 1843 eum
1920 1803 2026 1842 non
2077 1787 2218 1842 adsit
2282 1786 2627 1853 fermentum,
2678 1786 2915 1840 invalida
2964 1787 3075 1853 jam
3124 1795 3289 1837 erunt

1732 1864 1915 1933 omnia
1945 1894 2065 1949 qum
2098 1878 2163 1933 ad
2192 1878 2517 1933 sacrificium
2550 1887 2818 1948 spectant,
2855 1877 3155 1947 praesertim
3187 1876 3293 1930 Do-
3394 1885 3398 1902 ‘

1733 1968 1862 2024 mini
1892 1971 2080 2035 verba,
2119 1984 2241 2039 qute
2270 1983 2463 2038 panem
2496 1977 2548 2024 et
2572 1970 2753 2023 vinum
2786 1984 2907 2023 cum
2945 1984 3085 2038 aqua
3116 1980 3291 2023 trans-

1734 2068 1947 2115 mutant
2020 2061 2074 2115 in
2132 2076 2331 2131 corpus
2399 2059 2518 2128 ejus
2574 2068 2626 2115 et
2685 2059 3072 2130 sanguinem?
3134 2059 3288 2126 Quod

1734 2163 1913 2206 antem
1948 2152 2111 2205 verba
2142 2152 2256 2205 haec
2302 2151 2583 2207 materiam
2616 2152 2764 2205 illam
2815 2161 3182 2207 transmutent
3234 2152 3288 2206 in

1733 2259 1796 2300 ea
1831 2259 1949 2314 quae
1978 2244 2234 2309 diximus,
2281 2244 2407 2298 audi
2450 2259 2516 2298 ex
2569 2244 2750 2299 divino
2797 2244 3187 2315 Chrysostomo
3238 2247 3289 2299 in

1733 2335 1977 2391 oratione
2008 2375 2023 2397 .
2094 2344 2214 2406 quae
2274 2329 2595 2391 inscribitur
2643 2352 2658 2390 :
2712 2335 2775 2389 Iu
2831 2334 2989 2389 Iuda:
3036 2336 3293 2404 proditio-

1736 2436 1901 2493 nem,’
1947 2435 1995 2480 et
2060 2427 2333 2496 mysticam
2397 2422 2696 2479 Saluatoris
2756 2440 2994 2489 canam,
3055 2435 3100 2478 et
3171 2440 3295 2478 rou-

1737 2528 1825 2574 ιτα
1882 2520 2118 2586 Judceos;
2178 2520 2443 2574 orationis
2495 2527 2673 2574 autem
2735 2518 2951 2572 initium
2993 2518 3097 2572 hoc
3150 2527 3232 2573 est
3279 2536 3293 2570 :

1735 2614 1994 2669 Volebam
2060 2628 2190 2667 sane
2225 2652 2240 2675 ,
2300 2609 2662 2674 dilectissimi,
2727 2626 2920 2665 rursus
2974 2609 3296 2675 patriarcha:

1736 2713 2133 2777 argumentum,
2166 2709 2271 2758 etc.
2300 2701 2464 2756 Adest
2495 2716 2638 2754 nunc
2681 2700 2845 2754 etiam
2877 2700 3130 2754 Christus
3179 2702 3298 2769 ipse

1737 2811 1976 2852 mensam
2015 2795 2152 2848 hanc
2204 2806 2409 2846 ornans
2456 2791 2599 2861 :qui
2660 2790 2805 2843 enim
2858 2797 2986 2843 tunc
3052 2806 3294 2845 mensam

1736 2891 1880 2945 illam
1906 2888 2137 2951 ornavit,
2165 2886 2303 2939 idem
2332 2899 2475 2938 nunc
2498 2892 2551 2937 et
2580 2883 2716 2936 hanc
2742 2883 2913 2951 ipsam
2943 2884 3296 2937 condecorat.

1736 2981 1920 3050 Neque
1946 2978 2085 3033 enim
2111 2981 2277 3031 homo
2337 2984 2437 3038 est,
2462 2975 2556 3043 qui
2591 2975 2719 3029 facit
2754 2985 2813 3028 ut
2840 2976 3115 3045 pr0posita
3170 2976 3300 3027 fiant

1740 3058 1933 3140 corpus
1956 3078 2009 3123 et
2038 3069 2259 3137 sanguis
2277 3066 2501 3132 Christi,
2525 3066 2615 3120 sed
2636 3066 2726 3135 qui
2758 3081 2858 3135 pro
2909 3067 3069 3122 nobis
3122 3068 3300 3119 cruci-

1744 3165 1880 3218 fixus
1914 3168 2016 3222 est,
2050 3157 2482 3231 ipse-Christus.
2535 3155 2796 3227 Figuram
2845 3166 3056 3211 tantum
3106 3172 3299 3227 gerens

1744 3263 1851 3310 stat
1869 3253 2147 3314 sacerdos,
2178 3258 2231 3303 et
2259 3263 2447 3319 preces
2469 3246 2643 3314 offert,
2668 3250 2794 3302 dum
2821 3249 2985 3303 verba
3015 3249 3107 3302 illa
3127 3264 3298 3301 enun-

1744 3346 1872 3409 tiat;
1894 3357 2090 3417 verum
2121 3340 2294 3409 gratia
2323 3348 2375 3392 et
2396 3338 2632 3393 eflicacia
2662 3336 2754 3391 Dei
2808 3349 2911 3401 est,
2940 3353 3059 3407 quae
3107 3352 3301 3407 opera-

1746 3443 1833 3488 tur
1860 3433 2059 3487 omnia.
2094 3430 2201 3484 Hoc
2239 3440 2340 3500 es},
2382 3428 2583 3497 inquit,
2641 3444 2826 3498 corpus
2881 3444 3087 3493 meum;
3139 3429 3302 3482 verba

1743 3528 1857 3580 haec
1894 3524 2224 3594 propositam
2274 3528 2640 3575 transmittant
2670 3520 2975 3573 materiam.
3005 3520 3069 3572 Et
3116 3534 3303 3589 queru—

1745 3616 2031 3671 admodum
2072 3626 2175 3664 vox
2212 3611 2345 3664 illa:
2389 3610 2616 3663 Crescite
2666 3620 2713 3663 et
2772 3609 3194 3676 multiplicamini
3255 3618 3305 3661 et

1745 3705 1934 3774 replete
1958 3711 2153 3756 terram
2178 3701 2241 3766 ",
2268 3701 2475 3768 prolata
2509 3699 2725 3769 quidem
2749 3709 2831 3754 est
2856 3698 3165 3773 semelv,.sed
3194 3714 3309 3767 pcr-

1748 3798 1923 3869 petuis
1955 3793 2284 3863 temporibus
2313 3792 2387 3858 fit,
2420 3805 2574 3859 opus,
2641 3801 2883 3844 naturam
2941 3796 3186 3846 nostram
3237 3791 3303 3844 ad

1746 3887 2179 3957 procreationem
2206 3884 2602 3938 cmroborans:
2634 3883 2707 3937 ita
2763 3885 2947 3938 ethaec
2979 3898 3079 3937 vox
3139 3883 3309 3939 seuul

137 3978 376 4047 ἡμετέραν
412 3974 547 4043 πρὸς
570 3968 942 4025 ’παιδοποιίαν
973 3966 1113 4020 οὕτω
1142 3969 1234 4020 καὶ
1266 3966 1402 4035 α’ύτη
1432 3970 1465 4037 ὴ
1498 3967 1642 4037 φωνὴ

1749 3984 1917 4039 missa
1959 3979 2130 4035 abilla
2173 3977 2353 4029 divina
2389 3975 2605 4043 lingua:
2646 3975 2757 4029 Hoc
2802 3987 2879 4029 est
2903 3992 3090 4045 corpus
3118 3991 3308 4038 meum,

139 4067 257 4132 ἅπαξ
284 4066 525 4135 λεχθεῖσα
550 4062 702 4129 παρὰ
729 4062 827 4127 τῆς
862 4058 1011 4120 θείας
1034 4056 1277 4125 γλώττης
1308 4058 1541 4124 ἐκείνης,
1569 4055 1642 4122 τὸ,

1749 4075 1803 4130 in
1836 4073 2061 4143 singulis
2092 4072 2357 4125 altaribus
2381 4086 2473 4138 per
2502 4070 2766 4123 ecclesias
2789 4070 2988 4123 virtute
3006 4084 3102 4122 sua
3128 4068 3307 4128 efficit,

142 4158 290 4211 Τοῦτό
330 4158 441 4226 μού
473 4155 606 4208 ἐστι
638 4152 705 4204 τὸ
744 4149 934 4218 σῶμα,
969 4146 1091 4200 καθ’
1121 4147 1355 4218 ἑκάστην
1375 4145 1642 4216 τράπεζαι

1750 4175 1810 4219 ιιι
1842 4165 1905 4219 ad
1935 4166 2073 4217 banc
2116 4163 2255 4216 diem
2289 4168 2341 4213 et
2367 4174 2539 4225 usque
2566 4159 2628 4212 ad
2663 4158 2907 4213 futurum
2962 4160 3078 4228 ejus
3108 4161 3309 4210 adven—

138 4250 182 4301 ὲν
207 4252 307 4311 ταῖς
326 4245 667 4315 ἐκκλησίαις,
698 4241 902 4294 ἐκείνου
956 4240 1048 4292 τοῦ
1094 4242 1335 4311 ῥήματος
1365 4240 1397 4309 ἠ
1426 4239 1652 4306 δύναμις

141 4339 270 4405 μέχρι
296 4337 386 4407 τῆς
436 4337 698 4405 σήμερον,
730 4332 824 4383 καὶ
853 4331 981 4399 ἄχρι
1027 4328 1126 4398 τῆς
1158 4327 1321 4381 αὑτοῦ
1356 4325 1653 4397 παρουσίας

1751 4265 1865 4310 tum
1898 4253 2224 4309 sacrificium
2252 4252 2519 4321 integrum
2549 4258 2851 4319 peragatur.
2884 4246 2941 4302 Si
2975 4263 3103 4317 ergo
3142 4250 3306 4301 verba

1755 4347 1868 4400 haec
1894 4343 2563 4401 transmutantmateriam
2591 4340 2930 4410 propositam
2999 4341 3050 4393 in
3113 4354 3312 4407 corpus

139 4438 217 4497 τὴν
241 4429 412 4482 θυσίαν
450 4424 872 4497 ἀπηρτισμένην
914 4421 1225 4492 ἐργάζεται.
1262 4421 1322 4473 Et
1373 4420 1465 4474 οὖν
1496 4420 1642 4473 τοῦτε

1755 4445 1809 4491 et
1833 4436 2148 4505 sanguinem
2191 4433 2412 4499 Christi,
2435 4409 2780 4499 efﬁciuntth
2814 4440 2872 4485 ut
2893 4431 3003 4486 sint
3035 4432 3311 4485 tremenda

142 4525 185 4573 τδ
206 4525 332 4593 ῥῆμα
356 4526 431 4587 εἰς
460 4523 621 4592 σῶμα
652 4517 889 4591 Χριστοῦ
924 4520 1017 4570 καὶ
1048 4511 1188 4587 αἷμα
1213 4515 1282 4568 τὰ
1316 4514 1651 4585 προκείμενα

148 4620 401 4682 μεταποιεῖ,
428 4617 521 4669 καὶ
546 4613 753 4683 φρικτὰ
803 4612 1080 4681 μυστήρια
1110 4607 1500 4678 ἀπεργάζεται,
1532 4608 1654 4661 ἁδυ-

144 4707 333 4760 νατεῖδὶ
380 4708 548 4759 ταῦτα
585 4700 725 4756 εἶναι
771 4702 953 4754 τέλεια
1010 4700 1098 4754 διὰ
1144 4700 1203 4751 τὸ
1263 4700 1336 4768 μὴ
1370 4699 1515 4767 ἔχειν
1562 4716 1651 4767 μι-

146 4798 254 4861 κρὰν
295 4799 482 4870 ζύμην,
541 4796 725 4864 Θαῦμα
756 4795 819 4847 ἂν
863 4794 947 4862 εἴη
978 4809 993 4823 ⁸
1044 4791 1339 4845 καὶταῦτα
1391 4793 1446 4842 έν
1484 4790 1653 4861 ταύτῃ

115 4889 195 4952 ’τῇ
240 4887 327 4959 ῦλῃ
367 4889 456 4941 τοῦ
489 4885 728 4955 Χριστοῦ
776 4884 1117 4945 τελέσαντός,
1152 4883 1227 4945 ὡς
1272 4881 1653 4951 προαποδεδει-

150 4990 265 5029 κται.

784 5068 969 5119 ΕΦΕΣ.

214 5159 307 5230 Ἆρ’
331 5160 421 5230 οὐχ
458 5162 616 5215 ἱκανᾶ
645 5158 818 5212 ταῦτα
858 5158 960 5228 τὴν
989 5158 1219 5227 γνώμην
1248 5160 1428 5211 αὐτῶν
1459 5159 1658 5213 διειδεῖ-

156 5247 241 5314 ξαι,
266 5255 345 5306 καὶ
387 5255 462 5307 ὅτι
492 5254 592 5306 οὐκ
638 5251 892 5321 ἀληθείας
925 5252 1154 5323 ἔρευναν
1190 5253 1499 5323 ποιούμενοι
1547 5255 1660 5314 τοῖς

153 5340 358 5407 Λατίνοις
399 5345 677 5414 συνῆλθον,
706 5344 772 5415 ῆν
816 5345 875 5398 ὲν
914 5346 1103 5413 χερσὶν
1137 5344 1349 5415 ἔχοντες
1396 5344 1659 5414 προδεδώέ-

154 5449 295 5498 γασιν,
325 5438 448 5491 ἀλλὰ
492 5439 859 5507 χρυσοχοῆσαι
915 5438 1251 5507 βουλόμενοι,
1302 5439 1393 5492 καὶ
1444 5440 1660 5491 πεπλα-

155 5528 323 5598 σμένην
352 5530 445 5583 οὒκ
477 5530 649 5602 ἀληθῆ
682 5532 1053 5601 συστήσασθαι
1083 5531 1312 5595 ἓνωσιν;

209 5731 244 5764 ⁸⁵
262 5734 377 5790 Gen.
401 5753 437 5803 ι,
460 5737 548 5793 28.

1742 4527 2010 4597 'mysteria
2036 4541 2063 4595 ;⁸
2090 4526 2288 4579 mirum
2330 4522 2570 4593 profecto
2616 4522 2801 4587 fuerit,
2835 4523 2880 4575 si
2933 4522 3175 4591 perfecta
3223 4521 3309 4571 illa

1758 4630 1877 4670 esse
1903 4630 2011 4669 non
2038 4630 2105 4685 po
2140 4614 2266 4677 sint,
2301 4613 2443 4683 quod
2470 4628 2574 4666 non
2600 4612 2741 4667 adsit
2771 4608 3038 4666 modicum
3077 4610 3310 4663 fermen-

1762 4717 1910 4770 tum;
1941 4710 2098 4777 idqu'e
2126 4722 2245 4761 cum
2280 4706 2333 4759 in
2361 4706 2451 4759 tali
2497 4708 2719 4760 materia
2750 4704 2999 4759 Christus
3048 4703 3161 4772 ipse
3182 4718 3313 4757 con-

1764 4793 2053 4864 fecerit,’ut
2082 4796 2452 4884 probavimus.

2421 5070 2663 5125 EPllES.

1830 5166 1908 5219 An
1950 5178 2055 5219 non
2082 5163 2218 5219 satis
2263 5164 2377 5216 ιιωο
2408 5171 2533 5215 sunt
2568 5162 2632 5214 ad
2655 5159 3044 5216 declarandum
3070 5159 3313 5213 animum

1762 5272 1971 5321 eorum,
2008 5256 2150 5325 quod
2174 5270 2283 5323 non
2309 5254 2629 5323 indaganda:
2649 5253 2893 5305 veritatis
2922 5252 3127 5315 studio,
3153 5267 3315 5321 quam

1767 5351 1819 5403 in
1857 5349 2104 5402 manibus
2137 5346 2397 5402 habentes
2459 5343 2771 5417 prodidere,
2834 5344 2887 5397 in
2960 5359 3129 5397 unum
3191 5362 3314 5399 cum

1769 5441 1979 5495 Latinis
2007 5453 2320 5493 convenere
2346 5438 2560 5502 locum;
2595 5437 2689 5490 sed
2718 5436 2998 5489 voluntate
3026 5438 3317 5506 expiscan-

1770 5534 1822 5587 di
1861 5546 2077 5599 aurum,
2112 5539 2166 5585 et
2195 5530 2395 5595 fictam,
2431 5544 2535 5584 non
2570 5544 2755 5585 veram
2817 5528 3075 5583 unionem
3139 5529 3323 5583 conci-

1776 5622 1987 5679 “andi?
