3972 6326
571 324 672 388 135

568 437 892 494 conﬁciendi
941 435 1083 504 quod
1147 433 1284 488 dixit
1348 433 1654 486 Dominus:
1701 431 1814 484 Hoc
1870 431 2029 497 facite
2085 431 2127 482 in

2243 431 2349 482 Καὶ
2402 432 2531 499 γὰρ,
2585 430 2658 487 ὡς
2721 427 3057 497 προείρηται,

569 546 732 582 nteant
761 528 1330 586 commemorationem,
1364 523 1582 585 materia
1613 522 1807 584 farina,
1838 523 1952 576 sive
1978 521 2133 590 panis

572 618 836 679 triticeus,
875 625 928 670 et
960 616 1144 669 vinum
1185 628 1303 668 cum
1333 628 1495 680 aqua,
1534 627 1695 678 super
1729 606 1848 678 quae
1877 611 2135 663 Dominus

571 705 704 756 dixit
742 721 753 755 :
791 707 902 755 Hoc
932 712 1005 755 est
1056 719 1246 770 corpus
1298 715 1468 752 meum
1499 717 1516 764 ;
1548 710 1601 752 et
1633 719 1645 752 :
1684 698 1785 751 llic
1811 709 1884 752 ett
1917 699 2133 768 sanguis

573 810 746 856 meus;
779 793 944 861 ﬁtque
1015 793 1241 846 materia
1276 791 1389 844 haec
1439 805 1650 857 semper
1716 803 1912 857 corpus
1963 790 2135 857 ipsius

571 891 771 940 virtute
796 886 918 953 ejus
949 886 1042 953 qui
1080 885 1191 937 haac
1221 891 1572 937 transmutat.
1602 881 1783 936 Unum
1821 890 1905 934 est
1955 881 2136 948 igitur

571 977 674 1030 hoc
710 976 1065 1039 sacriﬁcium,
1108 973 1233 1026 dum
1275 974 1364 1026 liat
1398 974 1556 1043 juxta
1614 987 1859 1024 normam
1890 980 1943 1024 et
2001 985 2127 1038 pra:-

571 1067 832 1136 scriptnm
867 1067 1026 1120 nobis
1051 1081 1080 1118 a
1109 1065 1336 1118 Domino
1390 1064 1672 1126 traditum,
1711 1073 1764 1116 ut
1797 1063 2132 1129 explicatum

571 1169 674 1214 est.
704 1161 775 1212 De
813 1173 1001 1227 azymo
1038 1172 1168 1210 vero
1203 1167 1258 1210 et
1308 1157 1627 1209 fermentato
1685 1156 1794 1223 jam
1827 1154 1983 1206 allata
2043 1153 2135 1205 de-

570 1252 895 1305 monstratio
923 1259 1008 1305 est
1040 1267 1054 1315 ;
1097 1264 1218 1301 nam
1247 1256 1469 1301 sanctus
1515 1247 1671 1298 Pater
1703 1243 2132 1312 CltrySOstomus

571 1342 793 1397 homilia
863 1343 1313 1413 quinquagesima
1371 1341 1422 1400 in
1490 1337 1846 1392 Matthaeum:
1893 1337 2132 1400 Credite,

570 1422 746 1504 inquit
773 1453 787 1500 ;
814 1435 902 1487 illa
939 1450 1084 1488 nunc
1119 1435 1281 1487 etiam
1323 1447 1477 1486 cmna
1535 1431 1612 1492 ru.
1649 1431 1700 1483 in
1735 1445 1838 1498 qua
1898 1438 1950 1482 et
2010 1429 2126 1498 ipse

574 1527 965 1589 accumbebat;
1002 1525 1136 1577 nihil
1167 1523 1308 1577 enim
1340 1522 1455 1575 hxc
1493 1520 1676 1574 diilert
1702 1521 1768 1574 ab
1842 1520 1955 1579 illa,
2006 1506 2147 1572 cum.

571 1635 677 1672 non
703 1620 865 1669 homo
898 1616 1007 1678 hic,
1037 1618 1151 1682 ipse
1193 1629 1320 1667 vero
1349 1613 1460 1665 illic
1507 1614 1577 1665 sit
1613 1621 1892 1679 operatus.
1927 1608 2130 1662 Verum

569 1711 700 1764 satis
726 1710 1015 1777 probatum
1046 1713 1149 1766 est,
1179 1705 1309 1777 quid
1342 1706 1410 1758 sit
1443 1703 1509 1758 de
1541 1703 1643 1756 hoc
1699 1701 1957 1769 mysterio
2003 1715 2150 1753 senm

1469 319 1853 380 GREGORII
1899 317 2124 378 MAMM

2232 319 2347 379 CP.
2383 314 2894 377 PATBIARCH
3019 326 3026 334 '
3693 308 3776 371 136

3116 426 3142 475 ὁ
3194 421 3393 484 σκοπός
3428 422 3594 484 ἐστιν,
3637 421 3711 472 ὅτι
3756 425 3772 471 ί

2238 521 2439 590 Κύριος
2504 516 2670 572 εἶπε·
2737 518 2916 571 Τοῦτο
2990 515 3209 568 ποιεῖτε
3290 516 3378 578 εἰς
3448 512 3562 579 τὴν
3644 512 3773 580 ἐμὴν

2235 611 2605 678 ἀνάμνησιν*
2657 608 2753 675 ὓλη
2796 612 2821 660 6
2853 611 2914 658 ὲκ
2960 604 3052 657 τοῦ
3096 607 3238 658 σίτου
3280 605 3501 670 ἄλευρος
3559 603 3670 670 ἤτοι
3699 603 3773 668 ἄρα

2236 720 2349 763 τος,
2381 703 2473 753 καὶ
2499 705 2526 753 ὁ
2555 700 2719 761 οἶνος,
2757 701 2848 752 καὶ
2876 699 2934 750 τὸ
2963 699 3125 767 ὕδωρ,
3163 697 3242 763 ἐφ’
3273 693 3352 757 οἷς
3379 697 3405 747 6
3431 694 3630 761 Κύριος
3654 693 3775 745 εἷπε·

2237 794 2420 848 Τοῦτό
2449 793 2581 845 ἐστι
2611 793 2675 844 τὸ
2700 790 2871 865 σῶμά
2889 808 3029 858 μου,
3059 790 3173 852 καὶ,
3211 787 3391 841 Τοῦτό
3425 788 3556 839 ἐστι
3577 787 3638 838 τὸ
3653 782 3775 852 αἷμά

2230 903 2367 956 μου
2406 885 2500 939 καὶ
2524 885 2607 937 ἀεὶ
2643 887 2722 946 είς
2757 884 2915 950 σῶμα
2947 882 3113 935 αὑτοῦ
3147 886 3179 952 ή
3216 881 3312 951 ὒλη
3349 880 3559 948 γίνεται
3599 883 3661 948 τῇ
3697 879 3777 930 τοῦ

2238 975 2663 1045 μεπποιοῦντος
2693 976 2832 1027 αὑτὰ
2853 975 3100 1043 δυνάμει.
3143 974 3259 1027 Μία
3285 968 3377 1025 οὖν
3405 972 3607 1038 ἐστινὴ
3639 970 3777 1021 θυσία

2236 1066 2397 1134 αὕτη,
2427 1067 2474 1117 εἰ
2508 1067 2668 1133 μόνον
2715 1066 2853 1116 κατὰ
2887 1065 2976 1116 τὸν
3011 1065 3384 1134 παραδοθέντα
3410 1064 3542 1131 ἡμῖν
3581 1061 3680 1113 ὑπὸ
3699 1061 3778 1113 τοῦ

2237 1157 2443 1225 Κυρίου
2469 1159 2595 1224 ὅρον
2624 1174 2681 1209 τε
2714 1157 2806 1208 καὶ
2837 1156 2991 1223 λόγον
3015 1159 3288 1222 τελεῖται,
3351 1155 3536 1217 καθὼς
3595 1154 3778 1222 ἐδηλώ-

2237 1264 2432 1315 σαμεν.
2468 1249 2607 1315 Περὶ
2643 1248 2697 1300 δὲ
2729 1248 2798 1300 δι’
2834 1248 3068 1317 ὲνζύμου
3104 1248 3136 1316 ἦ
3171 1248 3238 1300 δι’
3293 1247 3508 1314 ἀζύμου
3556 1262 3777 1314 προαπεο

2230 1337 2413 1406 δείχθη
2435 1355 2448 1368 ·
2481 1339 2572 1390 καὶ
2601 1339 2708 1407 γὰρ
2743 1341 2769 1391 6
2801 1339 2941 1408 ἱερὸς
2990 1338 3385 1408 ¹Χρυσόστομος
3415 1341 3470 1390 ὲν
3505 1339 3571 1406 τῇ
3607 1343 3648 1388 ν’
3672 1339 3779 1405 ὁμι-

2235 1431 2324 1501 λίᾳ
2371 1433 2465 1483 τοῦ
2519 1432 2658 1484 κατά
2691 1432 2965 1485 Ματθαέον
3018 1447 3184 1500 φησιο
3216 1431 3546 1483 Πιστεύσατε
3590 1429 3778 1492 τοίνυν,

2232 1522 2410 1574 έκεῖνο
2442 1521 2536 1573 καλ⁸
2566 1519 2662 1574 νῦν
2699 1520 2758 1572 τὸ
2813 1520 3026 1572 δεῖπνόν
3068 1521 3236 1581 ἐστιν,
3293 1522 3349 1571 ὲν
3395 1513 3436 1584 ᾧ
3484 1517 3579 1570 καὶ
3637 1517 3779 1577 αὐτὸς

2245 1613 2515 1666 ἀνέκειτοο
2551 1612 2706 1665 οὐδὲν
2732 1612 2838 1680 γὰρ
2884 1611 3091 1665 ἐκείνου
3124 1611 3284 1663 τοῦτο
3319 1610 3620 1677 διενήνοχεν
3641 1622 3653 1635 ’
3674 1608 3779 1659 οὐδὲ

2231 1708 2340 1774 γὰρ
2371 1706 2524 1758 τοῦτο
2553 1705 2650 1774 μὲν
2679 1705 2965 1773 ἄνθρωπος
3031 1704 3346 1772 ἐργάζεται,
3390 1703 3564 1754 έκεῖνο
3608 1701 3664 1751 δὲ
3700 1699 3779 1753 αὺ-

573 1801 833 1854 tiendum.
885 1799 943 1852 in
997 1801 1167 1852 nostri
1231 1811 1392 1866 porro
1449 1794 1608 1847 ollicii
1660 1792 2007 1856 lectionibus,
2064 1791 2127 1844 de

2236 1797 2344 1857 τός.
2391 1796 2550 1848 Ἀλλὰ
2575 1797 2632 1848 τὸ
2659 1796 2786 1864 περὶ
2837 1798 3138 1866 μυστηρίου
3197 1795 3512 1866 ἀρκούντως
3558 1790 3779 1859 ἐδείχθη.

571 1891 726 1943 beato
753 1889 1014 1958 Gregorio
1058 1902 1244 1941 mense
1298 1886 1493 1938 Martio
1552 1891 1602 1938 et
1665 1884 1769 1937 hoc
1816 1883 2128 1935 habemus:

571 1978 1126 2048 Gregoriusemedio
1181 1979 1299 2030 vitae
1334 1975 1605 2038 sublatus,
1668 1982 1720 2026 et
1774 1973 1824 2025 in
1895 1971 2130 2024 medium

572 2072 889 2138 angelorum
917 2079 1116 2142 coetum
1138 2075 1418 2120 evocatus.
1478 2065 1590 2117 Et:
1642 2061 1877 2117 Sanctus
1927 2061 2130 2129 Grego-

575 2164 688 2214 rius
739 2161 790 2212 in
822 2160 967 2214 omni
1011 2158 1368 2213 scientiarum
1425 2172 1622 2225 genere
1653 2155 1786 2210 etin
1827 2153 2129 2222 Scripturis

572 2259 818 2304 versatus
854 2250 1049 2302 multos
1082 2263 1108 2299 a
1159 2262 1216 2300 se
1271 2245 1606 2314 compositos
1670 2246 1838 2299 libros
1886 2241 2129 2312 reliquit.’

573 2342 635 2395 lit
671 2341 863 2410 paucis
895 2339 1199 2410 iuterjeCtis
1233 2355 1246 2390 :
1285 2337 1401 2391 Non
1426 2337 1704 2401 humanis,
1727 2335 1935 2405 inquit,
1966 2335 2128 2388 ratio-

571 2431 944 2487 einationibus
976 2440 1028 2484 et
1059 2429 1304 2482 studiosa
1365 2435 1574 2480 tantum
1636 2427 1940 2480 eruditione
2001 2439 2130 2478 con-

571 2521 952 2591 scriptostsed
982 2535 1076 2589 per
1125 2517 1387 2585 Spiritum
1446 2525 1718 2579 sanctum,
1777 2518 2131 2584 quemadmo-

570 2615 696 2666 dum
724 2626 787 2666 eo
823 2613 928 2663 vita
963 2610 1151 2664 functo
1183 2609 1374 2662 Petrus
1399 2608 1818 2660 archidiaconus
1858 2605 1975 2674 ejus
2001 2620 2128 2657 nar-

577 2705 738 2754 ravit.
775 2698 957 2777 Yisam
990 2701 1134 2755 enim
1174 2714 1203 2752 a
1234 2713 1290 2752 se
1307 2699 1507 2751 aiebat
1567 2697 1742 2749 albam
1785 2695 2121 2761 columbam,

570 2795 696 2844 dum
736 2791 1144 2855 ille‘Sci‘iberet,
1178 2790 1242 2842 ad
1292 2804 1352 2842 os
1381 2789 1499 2857 ejus
1520 2787 1882 2852 advolantem,
1943 2793 1997 2839 et
2035 2800 2127 2838 ve-

493 2914 535 2956 χς
565 2882 666 2951 ίμιὶ
701 2873 1088 2949 suggerentem
1119 2887 1171 2931 et
1202 2878 1496 2931 dietantem
1546 2893 1665 2946 qua:
1718 2876 2126 2930 scribebantur.

573 2971 636 3023 lit
662 2987 768 3023 non
799 2971 967 3035 multo
989 2978 1112 3039 post
1147 2986 1162 3024 :
1195 2971 1361 3022 Aiunt
1409 2977 1585 3022 autem
1616 2985 1679 3021 ex
1711 2969 1873 3038 hujus
1915 2968 2131 3023 institu-

576 3065 721 3116 tione
748 3063 967 3126 factum,
1035 3068 1092 3114 ut
1142 3059 1605 3129 quadragesimali
1676 3046 1921 3130 tempoFe
1988 3061 2127 3130 apud

576 3155 852 3211 Romanos
884 3152 1061 3205 Missae
1091 3150 1419 3204 sacriﬁcium
1486 3152 1756 3221 integrum
1814 3163 2124 3221 peragatur,

573 3247 715 3315 quod
754 3246 893 3314 apud
926 3245 1044 3299 illos
1095 3244 1362 3311 hodieque
1391 3253 1658 3296 servatur.
1700 3243 1804 3296 Sed
1855 3259 1960 3298 non
2007 3259 2130 3313 pro-

573 3350 752 3406 pterca
783 3335 1041 3404 disjuncti
1070 3334 1295 3399 luimus,
1342 3349 1515 3402 neque
1541 3336 1683 3389 illius
1714 3334 1809 3389 aevi
1877 3336 2126 3392 homines

573 3432 677 3481 duo
713 3428 1002 3482 missarum
1063 3441 1264 3496 genera
1323 3427 1581 3481 dixerunt
1616 3445 1629 3492 ;
1661 3435 1714 3480 et
1773 3443 1950 3498 neque
2004 3429 2126 3484 illos

574 3523 674 3591 ipsi
707 3518 1331 3590 unquamculpavimus,
1369 3534 1544 3589 neque
1574 3519 1650 3573 illi
1688 3535 1786 3574 nos
1812 3528 2124 3590 coegerunt

573 3615 637 3666 ad
675 3611 981 3681 hujusmodi
1017 3609 1512 3675 consuetudinem;
1549 3611 1809 3682 quoniam
1842 3612 1955 3666 ham
1982 3610 2128 3665 veri-

573 3708 665 3758 tati
689 3704 810 3760 ﬁdei
836 3705 970 3758 nihil
994 3703 1258 3757 olliciunt.
1400 3716 1404 3719 '
1967 3701 1989 3708 ”

1214 3794 1460 3850 EPHES.

639 3888 766 3941 Bina
790 3903 1005 3958 quoque
1054 3889 1416 3959 baptismata;
1470 3903 1635 3943 unum
1675 3889 1820 3957 quod
1853 3890 1995 3944 trina
2031 3891 2129 3946 im-

573 3981 842 4033 mersione
873 3979 1178 4044 confertur,
1219 3980 1446 4034 alterum
1481 3978 1626 4047 quod
1663 3996 1815 4049 aquaa
1851 3980 2128 4038 infusione

571 4087 598 4123 a
632 4085 842 4123 summo
870 4071 1104 4134 vertice;
1143 4080 1196 4124 et
1237 4087 1404 4124 unum
1445 4073 1688 4139 quidem,
1716 4071 1858 4138 quod
1884 4073 2123 4127 chrisma

569 4156 733 4208 etiam
792 4157 1033 4222 adhibet,
1071 4162 1300 4211 alterum
1340 4173 1471 4212 vero
1506 4159 1648 4227 quod
1697 4158 1959 4214 adhibere
1995 4161 2124 4215 illud

572 4247 710 4298 nihil
735 4261 963 4314 prorsus
988 4261 1218 4302 necesse
1249 4247 1434 4303 habet.

1255 4337 1453 4393 llESP.

2246 1889 2331 1940 ‘Ev
2365 1890 2475 1947 τοῖς
2501 1887 2848 1958 συναξαρίοις
2878 1889 2935 1942 δὲ
2999 1888 3156 1957 ἡμῶν
3188 1888 3315 1955 περὶ
3365 1887 3461 1939 τοῦ
3522 1884 3778 1954 μακαρίου

2232 1979 2533 2049 Γρηγορίου
2560 1982 2618 2032 έν
2647 1981 2726 2051 τῷ
2752 1980 2984 2050 Μαρτίῳ
3009 1981 3135 2049 μηνὶ
3150 1981 3241 2032 καὶ
3266 1977 3421 2030 τοῦτο
3449 1977 3776 2045 περιέχεται·

2243 2071 2302 2123 ’0
2330 2071 2630 2140 Γρηγόριος
2660 2073 2723 2123 ὲκ
2763 2072 2928 2138 μέσου
2983 2072 3080 2140 μὲν
3136 2069 3230 2123 τοῦ
3268 2068 3405 2139 βίου,
3456 2069 3514 2121 ὲν
3552 2069 3700 2136 μέσῳ
3729 2065 3778 2116 δὲ

2231 2161 2326 2214 τοῦ
2355 2163 2514 2230 χοροῦ
2564 2146 2670 2214 τῶν
2725 2162 2973 2229 ἀγγέλων
3014 2146 3338 2231 γενόμενος’
3387 2160 3503 2214 καί·
3559 2158 3617 2211 '0
3649 2159 3778 2218 ὅσιος

2232 2253 2531 2322 Γρηγόριος
2563 2251 2741 2322 πάσης
2768 2254 2958 2322 σοφίας
2980 2254 3075 2305 καὶ
3105 2253 3326 2322 Γραφῆς
3346 2253 3607 2320 ἔμπειρος
3622 2248 3780 2302 πολλὰ

2235 2344 2642 2411 συγγράμματα
2672 2345 3029 2397 καταλέλοιπε
3049 2362 3063 2376 ο
3105 2346 3198 2398 καὶ
3238 2343 3354 2412 μετ’
3380 2344 3533 2410 ὀλίγα
3562 2359 3576 2372 ’
3607 2341 3680 2397 Οὐ
3719 2338 3778 2392 δι’

2233 2435 2594 2499 ἀνθρωπίνων
2622 2435 2999 2502 συλλογισμῶν
3027 2439 3118 2487 καὶ
3146 2435 3242 2501 τῆς
3285 2437 3342 2487 ιν
3383 2435 3560 2502 λόγοις
3587 2433 3774 2508 ’σοφίας

2238 2525 2402 2594 μόνον
2432 2525 2774 2590 συντεθέντα,
2826 2525 2961 2578 ἀλλὰ·
2989 2525 3074 2576 διὰ
3132 2525 3445 2594 Πνεύματος
3482 2525 3662 2591 ἁγίου,
3712 2524 3774 2586 ὡς

2235 2614 2372 2683 μετὰ
2403 2616 2502 2684 τὴν
2534 2615 2697 2669 αὑτοῦ
2737 2617 2798 2668 ὲκ
2827 2615 2924 2669 τοῦ
2961 2615 3081 2684 βίου
3115 2616 3377 2669 ἀνάλυσιν
3411 2614 3615 2686 Πέτρος
3644 2617 3672 2666 6
3693 2617 3773 2683 ἁρ-

2233 2708 2538 2777 χιδιάκονος
2578 2708 2760 2761 αὐτοῦ’
2798 2709 3126 2779 ἐξηγήσατο,
3172 2710 3297 2762 ἰδεῖν
3331 2710 3502 2775 λέγων
3542 2723 3758 2776 περιστι

2236 2800 2336 2869 ρὰν
2357 2800 2552 2869 λευκὴν
2585 2801 2641 2852 ὲν
2672 2799 2747 2870 τῷ
2779 2801 3013 2870 γράφειν
3048 2801 3211 2854 αὑτὸν
3233 2801 3308 2866 τῷ
3362 2800 3526 2852 αὑτοῦ
3557 2815 3772 2866 προσεγ-

2233 2890 2497 2956 γίζουσαν
2527 2892 2777 2960 στόματι,
2811 2895 2904 2945 καὶ
2933 2888 3045 2944 οἷον
3097 2893 3468 2960 ἐξηγουμένην
3504 2891 3598 2944 καὶ
3627 2907 3759 2960 προσ

2233 2982 2489 3050 ορμῶσαν
2521 2983 2655 3051 πρὸς
2674 2986 2798 3055 ,τοῖς
2817 2985 3223 3053 γεγραμμένοις
3249 2984 3370 3037 ’καὶ
3399 2987 3534 3052 μετὰ
3561 2969 3776 3054 βραχέα

2233 3073 2368 3124 Φασὶ
2401 3073 2476 3136 δὲ,
2510 3073 2588 3129 ὅτι
2620 3076 2986 3127 ἐπιτελεῖσθαι
3018 3076 3362 3144 λειτουργίαν
3395 3075 3608 3146 τελείαν
3639 3075 3776 3146 τιαρό

2245 3161 2534 3230 Ῥωμαίοις
2565 3165 2623 3215 ὲν
2653 3166 2773 3225 ταῖς
2805 3165 3084 3232 νηστίμοις
3155 3165 3392 3233 ἡμέραις
3435 3165 3589 3226 οὗτός
3644 3167 3777 3236 ἐστιν

2230 3251 2257 3302 6
2292 3251 2682 3319 νομοθετήσας,
2711 3251 2849 3321 ὅπερ
2902 3255 3184 3319 κρατεῖται
3217 3253 3383 3322 μέχρι
3423 3253 3522 3322 τῆς
3550 3254 3776 3322 σήμερον

2231 3340 2362 3408 παρ’
2392 3341 2598 3400 αὐτοῖς.
2641 3340 2780 3390 'AD.‘
2809 3342 2867 3391 οὑ
2919 3341 3004 3392 διὰ
3053 3341 3214 3394 τοῦτο
3265 3342 3620 3411 ὲσχίσθημιν,
3669 3341 3776 3396 οὐδὲ

2231 3431 2413 3493 διττὰς
2470 3430 2819 3501 λειτουργίας
2871 3431 3159 3498 ὠνόμασαν
3190 3432 3239 3482 οἱ
3290 3432 3411 3485 τότε
3463 3433 3646 3496 ὄντεςο
3678 3433 3780 3487 ἀλλ’

2231 3522 2338 3574 οὐδ’
2411 3525 2572 3591 ἡμεῖς
2648 3539 2777 3574 ποτε
2855 3526 3083 3586 ἐκείνοις
3166 3524 3607 3594 ὲνεκαλέσαμεν,
3672 3525 3780 3580 ἀλλ’

2229 3616 2336 3668 οὐδ’
2384 3618 2528 3685 ἡμᾶς
2585 3617 2900 3685 ἠνάγκασαν
2975 3618 3114 3671 οὕτω
3181 3623 3378 3674 ποιεῖν.
3443 3621 3634 3675 Ταῦτα
3682 3623 3781 3693 γάρ

2229 3711 2327 3774 τὴν
2360 3709 2457 3776 τῆς
2505 3709 2738 3771 πίστεως
2768 3699 3024 3778 ἀλήθειαν
3056 3712 3116 3765 οὐ
3142 3711 3650 3782 παραῆλάπτουσιν.
3756 3719 3782 3734 ⁶

2423 3851 2440 3857 ,
2915 3802 3104 3856 ΕΦΕΣ.

2300 3890 2462 3944 Διττὰ
2507 3891 2563 3945 δὲ
2594 3891 2968 3961 βαπτίσματα,
3002 3894 3061 3945 τὺ
3103 3894 3210 3964 μὲι
3226 3895 3313 3949 διὰ
3344 3896 3563 3966 τριττῆς
3616 3914 3781 3952 κατα-

2223 3951 2428 4043 δύσεως
2457 3982 2713 4048 τελειοῦν,
2743 3984 2801 4036 τὸ
2833 3986 2888 4037 δὲ
2915 3984 2982 4037 δι’
3017 3951 3332 4056 ἑπίχύσεως,
3369 3951 3558 4050 iam}
3600 3989 3662 4041 ὲκ
3700 4005 3782 4042 κο-

2232 4074 2404 4142 ρυφῆς
2435 4075 2659 4128 ἄνωθεν·
2697 4077 2789 4129 καὶ
2820 4078 2879 4129 τὸ
2917 4078 3014 4146 μὲν
3047 4080 3122 4149 τῷ
3154 4080 3310 4151 μύρῳ
3340 4083 3780 4153 προσχρώμενον,

2226 4166 2285 4217 τὸ
2321 4166 2362 4217 δ’
2391 4168 2498 4220 οὐδ’
2529 4170 2704 4224 ὁτιοῦν
2737 4172 2898 4224 αὑτοῦ
2926 4171 3111 4242 χρείαν
3152 4173 3294 4243 ἔχον.
3427 4178 3437 4183 ’

2904 4349 3109 4403 ΑΠΟΛ.

639 4427 770 4483 Bina
788 4437 936 4483 certe
961 4428 1288 4499 baptismata
1315 4446 1474 4484 nemo
1497 4447 1732 4499 unquam
1759 4433 1913 4486 dixit.
1939 4432 2117 4488 Unttm

2295 4438 2651 4504 Βχπτίσματα
2703 4438 2966 4491 δἐι-διττά
3013 4440 3265 4492 οὐδέποτε
3316 4439 3638 4513 ἐρρέθησαν.
3693 4440 3783 4493 Ἕν

568 4523 766 4591 quippe
795 4531 1120 4577 estsacrum
1184 4524 1473 4592 baptisma,
1526 4527 1666 4591 quod
1699 4526 1756 4580 ﬁt
1808 4527 1859 4578 in
1902 4527 2123 4579 nomine

568 4613 760 4676 Patris,
803 4622 855 4666 et
886 4611 1027 4676 Filii,
1056 4622 1110 4666 et
1147 4613 1386 4682 Spiritus
1414 4617 1593 4670 sancti
1630 4635 1644 4680 ;
1684 4630 1737 4672 et
1780 4619 1869 4685 qui
1912 4619 1984 4671 ita
2023 4619 2122 4672 ba-

570 4708 820 4775 ptizatur,
885 4705 1156 4773 perlectus
1199 4714 1280 4759 est
1323 4705 1694 4763 Christianus.
1733 4711 2123 4779 Signiﬁcantur

569 4809 743 4850 autem
765 4811 857 4866 per
889 4795 1126 4861 Patrem,
1162 4807 1215 4849 et
1251 4794 1444 4851 Filium
1482 4810 1536 4852 et.
1568 4798 1831 4872 Spiritum
1872 4811 2120 4855 sanctum

568 4902 674 4942 tres
702 4890 894 4942 divina:
943 4890 1295 4959 hypostases;
1359 4904 1455 4960 per
1495 4907 1787 4947 commune
1859 4908 1987 4948 vero
2021 4909 2122 4948 no.

569 4997 690 5033 nieu
740 4981 918 5034 unitas
966 4990 1033 5048 et.
1062 4982 1318 5037 identitas
1359 4984 1625 5048 essentne,
1663 4967 1764 5037 nec
1797 5001 1903 5038 non
1936 5001 2121 5054 aequa-

567 5076 688 5128 litas
747 5082 800 5128 et
861 5075 1303 5143 inseparabilitas
1368 5084 1423 5129 et
1481 5075 1825 5129 indistinctio
1870 5077 2124 5143 potentia:

569 5171 728 5221 trium
761 5181 1142 5236 personarum.
1185 5166 1248 5218 Et
1277 5167 1521 5236 quisquis
1563 5167 1635 5220 ita
1668 5168 1997 5238 baptizatur,
2049 5170 2122 5223 ita

569 5262 867 5329 baptismus
923 5273 1030 5311 non
1076 5257 1307 5310 iteratur
1357 5258 1547 5326 :quod
1600 5260 1644 5312 si
1710 5260 1896 5314 addito
1942 5260 2122 5329 aliquo

554 5354 650 5405 .vel
683 5351 860 5404 ablato
900 5350 1232 5418 baptizetur,
1293 5360 1420 5403 tunc
1469 5367 1564 5405 nec
1613 5353 1834 5416 dicitur,
1887 5369 1987 5408 nec
2041 5363 2125 5408 est

567 5444 892 5512 baptismus.
945 5442 1249 5511 Baptismus
1290 5443 1436 5494 enim
1484 5458 1547 5496 ex
1602 5445 1709 5497 Deo
1747 5447 1972 5515 proprie
2003 5458 2120 5514 est;

566 5533 1022 5604 quemadmodum
1058 5534 1275 5587 divinus
1318 5535 1477 5587 Pater
1505 5531 1931 5605 Chrysostomus
1965 5541 2125 5608 quin-

565 5626 874 5696 quagesitna
903 5625 957 5678 in
1000 5624 1306 5679 Matthzeum
1343 5628 1561 5680 hontilia
1592 5629 1745 5682 docet
1777 5649 1786 5682 :
1837 5629 1967 5683 Nam
2023 5632 2124 5684 mi-

566 5717 754 5779 ni5ter,
789 5717 984 5781 inquit,
1046 5722 1128 5772 est
1180 5717 1472 5781 sacerdos;
1513 5719 1653 5774 sicut
1686 5720 1830 5774 enim
1867 5735 1986 5776 cum
2029 5720 2121 5776 ba-

2229 4528 2333 4596 γάρ
2363 4530 2474 4578 ἐστι
2504 4530 2562 4578 τὸ
2591 4529 2728 4578 Εεῖον
2761 4528 3039 4597 βάπτισμα
3068 4529 3144 4592 είς
3166 4530 3224 4581 τὸ
3251 4529 3422 4599 ὄνομα
3453 4530 3668 4597 Πατρὸς
3695 4533 3783 4584 καὶ

2232 4621 2357 4673 Tim?)
2396 4622 2486 4672 καὶ
2521 4621 2674 4686 ἁγίου
2723 4619 3057 4689 Πνεύματος·
3090 4621 3183 4673 καὶ
3213 4623 3240 4673 6
3275 4620 3415 4674 οὕτω
3451 4621 3785 4691 βαπτιζόμε-

2228 4731 2311 4774 νος
2342 4713 2542 4773 τέλειός
2590 4713 2702 4763 ἐστι
2732 4712 3071 4781 Χριστιανός.
3115 4712 3274 4782 Δηλοί
3316 4713 3370 4765 δὲ
3418 4713 3508 4766 διὰ
3550 4713 3645 4783 μὲν
3692 4714 3781 4766 τοῦ

2229 4809 2442 4876 Πατρὸς
2469 4810 2560 4859 καὶ
2604 4805 2695 4858 τοῦ
2722 4806 2850 4858 Υἱοῦ
2886 4807 2978 4859 xui.
3011 4807 3103 4859 τοῦ
3144 4808 3296 4874 ἁγίου
3339 4808 3656 4876 Πνεύματος
3690 4808 3784 4869 τὰς

2225 4900 2372 4968 τρεῖς
2400 4898 2693 4967 θεαρχικὰς
2725 4898 3068 4960 ὑποστάσειςο
3100 4898 3188 4951 διὰ
3225 4898 3280 4950 δδ
3327 4897 3419 4974 τοῦ
3457 4899 3636 4951 κοινοῦ
3676 4891 3785 4953 ὀνό-

2228 5005 2398 5058 ματος
2418 4989 2478 5041 τὸ
2506 4989 2563 5041 ἓν
2590 4990 2688 5058 τῆς
2714 4989 2900 5052 οὐσίας
2925 4991 3020 5043 καὶ
3049 4990 3269 5055 ταυτὸν,
3303 4989 3397 5043 καὶ
3425 4990 3486 5043 τὸ
3517 4993 3574 5042 ὲν
3608 4990 3788 5059 τρισὶν

2227 5083 2588 5136 ὑποστάσεσιν
2618 5082 2732 5134 ἴσον
2763 5099 2821 5134 τε
2850 5083 2943 5136 καὶ
2971 5082 3273 5152 ἀχώριστον
3303 5082 3397 5135 καὶ
3425 5081 3804 5152 ὁμοδόγαμονὸ

2226 5174 2338 5228 Καὶ
2364 5173 2510 5239 ὅστις
2538 5175 2678 5228 οὕτω
2714 5174 3059 5244 βαπτίζεται,
3111 5174 3208 5227 οὐκ
3235 5174 3686 5237 ἀνασαπτίζεται.
3727 5174 3787 5226 Et

2225 5263 2280 5314 δὲ
2312 5264 2448 5333 μετὰ
2494 5263 2811 5334 προσθήκης
2854 5264 2886 5334 ἢ
2923 5264 3213 5332 ἐλλείψεως
3256 5265 3597 5333 βαπτίζεται,
3634 5264 3789 5317 τοῦτο

2225 5354 2285 5406 οὐ
2323 5354 2604 5423 βάπτισμα
2644 5339 3019 5422 λέγεταιο-ὕτε
3065 5356 3201 5409 ὲστί.
3247 5353 3319 5408 Τὸ
3352 5356 3463 5426 γὰρ
3506 5355 3789 5424 βάπτισμα

2227 5446 2429 5516 κυρίως
2482 5448 2577 5514 μὲν
2612 5448 2674 5499 ὲκ
2705 5447 2861 5501 Θεοῦ·
2892 5447 3031 5499 οὕτω
3061 5447 3168 5515 γὰρ
3204 5447 3297 5500 καὶ
3333 5451 3359 5500 6
3387 5446 3529 5509 θεῖος
3573 5447 3790 5516 Χρυσό·

2228 5552 2421 5603 στομο;
2448 5537 2503 5588 ἐν
2531 5535 2606 5605 τῷ
2636 5537 2772 5589 κατὰ
2803 5538 3082 5590 Ματθαῖον
3117 5539 3172 5590 ἐν
3196 5540 3261 5608 τῇ
3292 5539 3632 5607 πεντηκοστῇ
3669 5537 3790 5607 ὀμι-

2227 5629 2314 5700 λίᾳ
2359 5631 2541 5698 φησιν·
2588 5629 2900 5698 Ὑπηρέτης
2949 5631 3054 5698 γάρ
3090 5631 3234 5682 ἐστιν
3277 5632 3302 5681 6
3356 5628 3552 5696 ἱερεύς·
3602 5626 3790 5695 ὥσπερ

2227 5723 2336 5784 γὰρ
2374 5724 2502 5776 ὅταν
2554 5721 2810 5785 θαπτίζη,
2857 5722 2952 5774 οὐκ
2997 5721 3157 5786 αὑτός
3202 5737 3258 5773 σε
3311 5719 3588 5785 βαπτίζει,
3620 5717 3790 5772 άλλ¹ὀ
