3972 6326
131 238 217 307 137

1256 276 1272 283 -
1347 222 1650 314 coN'r-RA
1703 248 2131 315 EPI’IESIUM.

3282 243 3388 318 138

125 360 415 442 Bcég'ictw
450 364 480 416 6
516 364 766 435 κατέχων
807 382 899 418 σου
931 366 1029 437 τὴν
1065 369 1309 439 κεφαλὴν
1342 342 1561 443 ἀορᾶτῳ
1600 372 1685 426 δυ·

1800 372 1989 440 ptizat,
2032 388 2143 427 non
2171 382 2221 427 te
2246 372 2335 427 ille
2370 371 2612 441 baptizat
2635 411 2650 437 ,
2676 372 2771 427 sed
2805 372 2949 427 Deus
2978 381 3086 437 εει,
3108 373 3200 442 qui
3230 385 3388 429 tuum

125 456 288 523 νάμει,
334 456 427 509 καὶ
476 456 607 510 οὔτε
664 456 917 525 ἄγγελος,
958 458 1085 513 οὔτε
1138 461 1504 533 ἀρχάγγελος,
1561 462 1688 519 οὔτε

125 546 266 610 ἄλλος
287 563 364 611 τις
392 547 625 602 δύναται
654 551 975 619 προσελθεῖν
1006 555 1099 607 καὶ
1125 554 1389 623 ἅψασθαι.
1419 556 1563 611 οὕτω
1591 558 1690 612 καὶ

125 638 226 693 νῦν
259 641 383 693 ὅταν
415 639 530 709 γὰρ
560 643 589 694 6
631 643 761 705 Θεὸς
795 643 1090 716 ἁναγεννᾷ,
1123 638 1292 699 αὑτοῦ
1335 649 1501 716 μόνου
1537 648 1690 703 ἐστὶν

123 735 150 802 ἡ
176 732 364 802 δωρεά.
407 731 566 787 Ἐπεὶ
592 735 685 788 οὖν
714 737 875 800 αὑτός
898 738 1046 791 ἐστιν
1074 740 1103 792 6
1130 739 1409 809 βαπτίζων
1431 743 1564 806 Θεὸς
1593 746 1689 798 καὶ

124 827 350 895 κατέχων
381 824 482 896 τὴν
509 828 754 900 κεφαλὴν
779 830 874 882 τοῦ
902 830 1326 903 βαπτιζόμενον,
1358 833 1433 897 ὥς
1462 853 1625 906 φησιν
1659 837 1688 889 6

121 920 281 987 ἅγιος,
310 919 429 983 πῶς
456 920 625 984 αὐτὸς
663 924 886 989 φάσκει,
913 924 996 980 ὅτι
1025 925 1119 979 δύο
1160 925 1515 999 βαπτίσματά
1544 929 1649 982 είσι
1674 947 1689 995 ;

122 1012 276 1064 Πόθεν
305 1012 468 1067 τοῦτο
496 1008 677 1067 λαϐὼν
701 1015 839 1085 ἔχει,
867 1018 995 1081 τοὺς
1029 1020 1108 1082 είς
1136 1019 1313 1090 ὄνομα
1345 1021 1562 1091 Πατρδς
1594 1022 1690 1075 καὶ

120 1105 234 1159 Υίοῦ
272 1108 366 1159 καὶ
409 1107 573 1175 ἁγίου
605 1106 925 1184 Πνεύματος
954 1112 1394 1185 βαπτιζομένους
1430 1117 1504 1186 μὴ
1545 1110 1688 1169 εἶναι

120 1198 338 1263 τελείους
370 1202 777 1271 Χριστιανούςς
810 1194 812 1197 ’

188 1289 303 1344 Ὀτι
338 1293 438 1361 μὲν
473 1295 772 1362 ἀναγκαῖόν
808 1297 927 1350 ἑστι
961 1298 1059 1353 καὶ
1091 1299 1154 1354 τὸ
1185 1300 1275 1353 διὰ
1305 1300 1476 1373 τριῶν
1512 1318 1688 1356 κατα·

120 1384 325 1452 δύσεων,
356 1388 617 1458 φανερόν*
668 1388 812 1444 οὕτω
855 1393 966 1461 γὰρ
1007 1390 1269 1448 ὐπδτὼν
1308 1395 1479 1465 ἁγίων
1514 1414 1685 1467 παρε-

118 1476 252 1549 δόθη,
274 1478 347 1542 ὠς
373 1480 801 1556 τῆν’τριήμερον
826 1484 921 1538 τοῦ
956 1486 1167 1557 Κυρίου
1192 1487 1369 1558 ταφὴν
1394 1473 1703 1551 είκονίζονν

118 1570 197 1623 καὶ
219 1570 384 1634 οὕτως
416 1574 541 1626 ἐστὶ
580 1576 1039 1647 παραδεδομένον,
1075 1578 1175 1632 καὶ
1206 1581 1275 1632 τὰ
1310 1580 1543 1633 τακτικὰ
1574 1580 1685 1632 τῶν

118 1664 341 1718 Λατίνων
367 1666 513 1720 οὕτω
543 1666 789 1734 λέγουσι.
818 1669 892 1722 Τὸ
925 1671 1227 1739 ἀναγκαῖον
1276 1671 1371 1726 οὖν
1410 1674 1503 1727 καὶ
1534 1674 1686 1726 ἀπαο

1797 475 1966 534 caput
2020 465 2286 522 invisibili
2329 466 2575 537 potentia
2625 473 2807 531 tenet;
2868 474 2925 519 et
2978 480 3082 520 nec
3130 466 3389 537 angelus.

1795 570 1900 609 nec
1932 557 2320 627 archangelus,
2355 574 2536 628 neque
2556 558 2855 629 quisquam
2900 557 3045 613 alius
3084 566 3266 627 potest
3298 573 3391 613 ac-

1794 648 1996 703 cedere
2022 658 2077 702 et
2109 658 2359 720 tangere,
2404 652 2480 705 ita
2510 662 2566 706 ct
2591 668 2765 707 nunc.
2803 651 3043 718 Quando
3064 652 3213 707 enim
3247 652 3394 707 Dens

1794 751 2105 811 regenerat,
2146 741 2319 810 ipsius
2344 751 2432 797 est
2463 744 2669 799 donum
2697 744 2893 798 solius.
2928 742 3069 797 Cum
3109 742 3298 813 igitur,
3329 750 3393 796 ut

1795 844 2023 887 sanctus
2065 832 2230 888 Pater
2266 835 2465 899 docet,
2502 837 2618 905 ipse
2668 836 2808 891 Dens
2847 836 2921 892 sit
2970 835 3065 905 qui
3111 836 3384 905 baptizat,

1798 934 2062 997 tenetque
2117 928 2441 999 baptizandi
2471 930 2712 986 hominis
2754 943 2951 1000 caput,
2978 929 3260 1000 quomodo
3285 929 3390 984 iste

1794 1022 1998 1072 asserit
2029 1020 2168 1077 duos
2199 1037 2325 1077 esse
2384 1021 2733 1093 baptismos?
2785 1020 2941 1078 Unde
2996 1038 3128 1079 vero
3191 1021 3388 1083 sumit,

1797 1109 2078 1177 perfectos
2112 1130 2222 1168 non
2252 1130 2375 1171 esse
2404 1114 2775 1181 Christianos,
2808 1119 2901 1184 qui
2935 1116 2989 1169 in
3027 1116 3249 1171 nomine
3287 1114 3390 1169 Pa.

1794 1201 1895 1255 tris
1917 1210 1972 1256 et
2004 1201 2127 1257 Filii
2161 1215 2217 1259 et
2246 1207 2492 1276 Spiritus
2521 1207 2701 1261 sancti
2744 1206 3012 1277 baptizati
3047 1205 3215 1261 sunt?

1869 1294 2007 1349 Esse
2046 1311 2211 1363 porro
2262 1300 2643 1352 necessariam
2693 1299 2897 1353 trinam
2946 1297 3385 1381 immersionem,

1794 1387 1871 1457 (3)
1901 1397 2089 1458 patet;
2118 1405 2241 1443 nam
2275 1403 2331 1444 et
2369 1406 2401 1443 ιι
2427 1390 2638 1445 sanctis
2668 1390 2774 1446 hoc
2800 1390 3066 1446 traditum
3094 1397 3199 1451 est.
3229 1403 3390 1444 nem-

1794 1496 1861 1551 pe
1884 1484 1952 1536 ad
1981 1482 2401 1552 significandam
2423 1484 2741 1540 triduanam
2774 1484 2988 1538 Domini
3014 1483 3381 1554 sepulturam.

1790 1574 1867 1629 Ita
1920 1589 2057 1630 sane
2088 1576 2357 1631 traditum
2399 1587 2527 1641 est,
2573 1588 2627 1632 et
2677 1578 2897 1632 ritualia
2933 1578 3255 1631 Latinorum
3307 1576 3384 1630 ita

1791 1666 2209 1727 observandum
2251 1669 2481 1723 docent.
2540 1668 2698 1734 Quod
2758 1671 2927 1738 igitur
2994 1670 3378 1725 necessarium

120 1758 355 1828 ραίτητόν
383 1760 540 1813 ἐστιν
565 1761 599 1830 ἡ
630 1763 886 1833 ὰποταγὴ
920 1762 1016 1834 τοῦ
1044 1734 1267 1819 έατανᾶ
1295 1765 1393 1819 καὶ
1416 1767 1512 1837 τῆς
1544 1784 1685 1838 πομ-

1795 1769 1879 1811 est
1908 1762 1964 1812 et
2000 1760 2148 1814 nulla
2179 1763 2396 1816 ratione
2436 1764 2833 1828 omittendum,
2865 1757 3279 1819 abreﬁuntiatio
3300 1774 3386 1817 est

118 1849 213 1919 πῆς
244 1850 407 1904 αὑτοῦ
443 1854 541 1906 καὶ
569 1853 667 1922 τῆς
708 1854 964 1925 λατρείας
1001 1858 1099 1912 καὶ
1129 1857 1240 1911 τῶν
1267 1858 1449 1929 ἔργων
1492 1861 1685 1927 αὐτοῦ,

116 1945 199 1996 καὶ
234 1945 474 2016 συνταγὴ
524 1948 607 2009 εἰς
651 1949 745 2000 τὸν
788 1949 1048 2018 Χριστὸν,
1082 1951 1178 2003 καὶ
1213 1954 1245 2021 ἡ
1281 1952 1545 2023 ὁμολογία
1586 1955 1687 2024 τῆς

117 2034 354 2100 πίστεως,
389 2039 485 2090 καὶ
516 2040 552 2108 ἠ
584 2039 702 2109 μετ’
737 2041 902 2112 εὐχῆς
948 2041 1043 2096 τοῦ
1089 2045 1274 2099 ἐλαίου
1302 2047 1507 2116 χρίσις,
1540 2048 1687 2118 ἅπερ

116 2125 197 2178 καὶ
227 2126 448 2181 Λατῖνοι
482 2127 736 2182 ποιοῦσιν
764 2131 1184 2203 ἀπαραιτήτως.
1221 2133 1365 2188 Ἀλλ’
1385 2134 1494 2189 οὐδ’
1522 2137 1687 2207 ἡμεῖς

118 2218 437 2289 καταδύομεν
465 2220 536 2274 τὰ
567 2223 738 2293 νήπια
772 2224 967 2294 μέχρις
992 2227 1121 2292 ὅλης
1157 2231 1425 2297 κορυφῆς,
1453 2228 1589 2281 διότι
1621 2230 1685 2281 ού

115 2309 375 2379 δυνάμεθα
403 2313 806 2382 παραγγέλλειν
829 2315 1017 2381 αὐτοῖς
1038 2318 1330 2387 φυλάττειν
1348 2319 1447 2391 τὴν
1469 2323 1688 2373 εἰσπνο-

116 2401 172 2471 ὴν
199 2403 292 2457 καὶ
314 2403 551 2475 ὲκπνοὴν
582 2405 685 2474 τῆς
717 2406 883 2477 ῥινὸς,
910 2408 1000 2463 ἵνα
1028 2410 1236 2480 ταύτης
1268 2411 1685 2487 φυλαττομένης

119 2495 200 2546 καὶ
227 2496 257 2564 ἠ
289 2495 356 2548 δι’
380 2494 541 2551 ὢτων
561 2500 659 2550 τοῦ
695 2497 843 2568 ἱεροῦ
869 2499 1059 2565 ὓδατος
1089 2504 1293 2568 εἴσοδος
1319 2505 1681 2578 φυλάττηται’

118 2586 220 2639 ἀλλ’
258 2589 377 2643 οὐδὲ
406 2591 469 2643 τὸ
510 2591 689 2658 στόμα
730 2590 823 2644 τοῦ
881 2595 1081 2664 νηπίου
1132 2597 1335 2652 κλείειν
1379 2599 1680 2670 δυνάμεθα.

125 2679 629 2752 ’Δλλῗὲμϐἁλλομεν
672 2685 813 2739 αὐτὰ
867 2686 948 2750 είς
993 2688 1094 2759 τὴν
1142 2689 1557 2761 κολυμϐήθραν.
1607 2692 1683 2757 ὡς

117 2772 243 2827 πάνυ
286 2775 585 2844 ἀναγκαῖον
618 2776 716 2830 καὶ
764 2779 1204 2852 παραδεδομένον
1250 2783 1416 2837 οἱονεὶ
1446 2783 1547 2855 τῆς
1587 2803 1683 2839 κο-

116 2861 421 2935 λυμὸήθρας
465 2867 688 2936 μήτραν
733 2866 1131 2940 είκονιζούσης,
1169 2872 1264 2925 καὶ
1306 2874 1408 2944 τὴν
1446 2874 1684 2944 ἀναγίν-

115 2972 252 3025 νησιν
291 2958 380 3010 διὰ
421 2957 620 3013 τούτου
666 2957 956 3030 δηλούσης.
993 2963 1104 3016 Καὶ
1134 2961 1222 3017 ἵνα
1259 2964 1334 3035 μὴ
1375 2967 1407 3033 ή
1445 2969 1681 3041 κεφαλὴ,

116 3042 229 3099 ἔνθα
266 3050 298 3117 ή
329 3046 439 3101 τῶν
460 3136 463 3143 Ι
488 3048 805 3120 αἰσθήσεων
861 3050 1095 3154 ξυνωρὶς
1130 3054 1226 3106 καί⁵
1273 3054 1333 3107 τὸ
1365 3055 1464 3126 τῆς
1499 3056 1682 3129 ψυχῆς
1709 3099 1752 3155 c

114 3137 300 3209 ὄχημα,
344 3136 581 3212 ἄμοιρος
634 3142 861 3214 γένηται
920 3142 1015 3198 τοῦ
1069 3144 1215 3201 θείου
1274 3148 1678 3219 βαπτίσματος,

116 3230 570 3298 ὖποκοιλαίνοντες
598 3234 698 3306 τὴν
731 3239 911 3307 χεῖρα,
937 3237 1036 3291 καὶ
1060 3237 1267 3310 ταύτην
1296 3242 1487 3295 έκ’τοῦ
1521 3244 1680 3313 ἁγίου

116 3321 285 3387 ὓδατος
328 3327 737 3396 ἐμπλήσαντες,
792 3318 1090 3400 δπιχέομεν
1140 3333 1329 3387 ἐπάνω
1376 3334 1568 3405 αὐτῆς,
1621 3335 1683 3388 τὸ

116 3416 242 3470 θεῖον
269 3420 647 3489 ἐκφωνοῦντες
680 3421 874 3492 ὄνομα,
910 3425 1004 3477 καὶ
1035 3423 1281 3495 ἑκάστης
1322 3427 1681 3492 ὑποστάσεως

121 3506 315 3579 ἰδίωμα.
340 3511 453 3565 Καὶ
474 3513 504 3564 6
523 3510 678 3581 ἅγιος
702 3513 761 3566 δὲ
797 3514 1158 3588 Ἀπολλώνιος
1179 3517 1496 3582 ὀνειδισθεὶς
1529 3521 1681 3590 παρὰ

118 3602 198 3655 τοῦ
222 3604 506 3675 τυράννου,
539 3606 619 3666 ὡς
648 3607 982 3672 deanam;
1012 3609 1095 3680 εἴη
1127 3612 1221 3663 καὶ
1266 3611 1367 3663 οὐκ
1394 3612 1524 3665 ἐστι·
1545 3611 1588 3666 Χ
1600 3630 1679 3685 ρι-

121 3698 338 3760 στιανὸς,
372 3698 506 3761 στὰς
549 3701 630 3761 είς
662 3702 998 3770 προσευχὴν,
1037 3703 1065 3750 6
1095 3702 1228 3766 Θεὸς
1263 3704 1436 3759 θέλων
1469 3706 1682 3777 πληρο-

120 3789 330 3858 φορῆσαι
358 3791 546 3855 αὐτὸν,
578 3791 678 3861 τὴν
717 3791 904 3862 δέησιν
937 3791 1104 3845 αὑτοῦ
1136 3795 1197 3846 οὐ
1230 3795 1512 3865 παρεῖδεν,
1543 3798 1680 3852 ἀλλὰ

118 3881 323 3951 νεφέλην
363 3882 591 3952 πέμψας
635 3883 824 3952 δρόσον
855 3887 1116 3954 κατέχεεν
1164 3885 1255 3939 ἐπὶ
1288 3887 1390 3957 τὴν
1435 3890 1681 3963 κεφαλὴν

118 3973 281 4029 αὐτοῦ.
301 3975 361 4028 Ei
387 3974 482 4029 οὖν
506 3977 567 4027 τὸ
593 3973 854 4046 χεόμενον
874 3978 970 4030 ἐπὶ
1000 3966 1243 4050 κεφαλῆς
1266 3981 1339 4032 οὑν
1361 3980 1669 4052 βάπτισμα,

117 4066 199 4118 οὐκ
228 4066 289 4119 ἂν
328 4066 504 4130 οὔτως
536 4068 783 4137 γέγονεν,
822 4067 937 4121 ἀλλ’
969 4069 1143 4139 ἑτέρῳ
1183 4073 1391 4143 τρόπῳ.
1432 4073 1595 4128 ’Λλλὰ
1621 4077 1673 4130 τί

118 4159 405 4231 χρησλὲγειν
431 4163 608 4217 πολλὰ
643 4164 773 4236 περὶ
812 4164 1040 4229 τούτου;
1079 4166 1189 4218 Καὶ
1234 4166 1389 4229 οὗτος
1422 4170 1449 4222 6
1490 4171 1675 4240 τίμιος

120 4256 236 4324 ἀνὴρ
255 4255 309 4308 έν
339 4253 450 4311 οῐδι
478 4257 541 4309 τὸ
564 4256 854 4327 βάπτισμα
877 4258 939 4311 τό
966 4275 1025 4311 τε
1055 4260 1325 4331 ἡμέτερον
1357 4263 1449 4317 καὶ
1472 4267 1531 4318 τδ
1562 4267 1672 4321 τῶν

118 4346 353 4418 Λατίνων,
384 4351 565 4404 καὶού
595 4350 711 4404 δύο⁹
739 4352 831 4404 καὶ
870 4352 979 4421 γὰρ
1006 4355 1273 4425 τρόφιμος
1306 4354 1382 4410 ὣν
1412 4358 1513 4428 τῆς
1548 4360 1669 4413 Ἐκέ

1790 1848 2029 1913 Satame,
2072 1861 2128 1907 et
2160 1868 2488 1924 pomparum
2531 1864 2588 1910 et
2615 1855 2800 1911 cultus
2844 1866 2901 1912 et
2948 1870 3177 1926 operum
3220 1855 3383 1927 ejus;

1792 1958 1894 1998 nec
1928 1960 2038 1999 non
2070 1947 2392 2015 promissio,
2442 1963 2567 2018 qua:
2600 1947 2829 2005 Christo
2868 1950 2951 2013 lit,
2986 1958 3042 2004 ct
3093 1948 3218 2005 ﬁdei
3248 1964 3384 2019 pro-

1793 2022 1983 2102 fessio,
2018 2038 2241 2109 oleique
2277 2055 2405 2095 cum
2429 2041 2687 2097 oratione
2732 2043 2921 2099 unctio
2964 2060 2980 2098 :
3013 2058 3140 2113 qua:
3165 2058 3195 2097 a
3231 2041 3385 2097 Lati-

1790 2127 1877 2183 nis
1927 2128 2096 2182 etiam
2155 2131 2960 2188 inviolabiliterobservantur.
3023 2133 3131 2189 Sed
3184 2144 3240 2188 et
3282 2149 3387 2189 nos

1790 2221 2219 2292 haudquaquam
2287 2225 2667 2295 immergimus
2746 2225 2990 2282 infantes
3069 2241 3245 2297 usque
3313 2232 3383 2281 ad

1789 2325 2071 2367 summum
2113 2315 2376 2369 verticem
2408 2333 2423 2379 ;
2458 2331 2561 2371 nec
2593 2316 2739 2371 enim
2779 2331 3073 2387 possumus
3106 2318 3213 2371 illis
3246 2333 3385 2389 pra:—

1789 2404 1997 2475 cipere,
2035 2416 2094 2460 ut
2131 2409 2555 2478 respirationem
2589 2422 2644 2466 et
2686 2411 3122 2483 exspirationem
3158 2428 3253 2482 per
3285 2428 3384 2466 na.

1790 2512 1879 2559 res
1913 2498 2247 2567 cobibcant;
2292 2518 2360 2558 ne
2389 2504 2556 2558 etiam
2587 2518 2685 2573 per
2726 2520 2893 2562 aures
2952 2521 3109 2562 sacra
3139 2515 3386 2577 permeet

1786 2605 1970 2661 aqua;
2004 2594 2100 2649 sed
2136 2610 2315 2667 neque
2345 2612 2408 2651 os
2466 2596 2699 2654 infantis
2752 2598 3016 2655 obturare
3060 2616 3381 2671 possumus.

1790 2683 1988 2741 Verum
2041 2703 2139 2743 eos
2175 2688 2232 2742 in
2270 2704 2493 2745 sacrum
2540 2691 2896 2747 immittimus
2942 2691 3184 2760 fontem,
3217 2705 3278 2750 ut
3315 2708 3385 2752 ne

1787 2777 1919 2847 quid
1956 2780 2111 2834 valde
2138 2783 2515 2853 necessarium
2544 2799 2611 2839 ex
2644 2785 2946 2842 traditione
2998 2785 3386 2857 praetermitta—

1788 2884 1933 2938 mus,
1962 2872 2118 2940 quasi
2161 2873 2301 2927 uteri
2352 2875 2652 2945 imaginem
2704 2876 2981 2933 referente
3036 2879 3279 2949 lavacro,
3313 2894 3385 2959 ct

1788 2963 2262 3034 regenerationem
2302 2981 2400 3035 per
2435 2970 2539 3021 hoc
2573 2967 2875 3026 lndicante.
2913 2971 2979 3027 Et
3006 2988 3075 3028 ne
3099 2984 3285 3045 caput,
3326 2976 3383 3031 in

1786 3071 1897 3127 quo
1927 3072 2011 3112 est
2051 3057 2210 3113 sedes
2242 3059 2493 3113 omnium
2528 3076 2794 3132 sensuum
2828 3074 2883 3119 et
2917 3066 3231 3122 vehiculum
3260 3071 3384 3124 ani-

1784 3166 1908 3217 mae,
1973 3153 2115 3207 sacri
2176 3152 2528 3223 baptismatis
2594 3155 2944 3228 fiatexpers.
3014 3175 3149 3215 cava
3207 3177 3375 3217 manu

1780 3260 1980 3315 aquam
2006 3261 2036 3300 e
2057 3261 2218 3301 sacro
2257 3246 2413 3304 fonte
2431 3248 2779 3317 haurientes,
2813 3252 2946 3309 illud
2974 3254 3383 3325 perfundimus,

1781 3337 2026 3391 divinum
2057 3339 2380 3395 invocantes
2422 3355 2649 3408 nomen,
2698 3351 2755 3398 et
2806 3348 3200 3414 proprietatem
3257 3352 3378 3406 sin-

1782 3430 2032 3497 gularum
2093 3431 2491 3501 hypostaseon.
2538 3434 2672 3489 Nam
2713 3420 2777 3491 let
2824 3447 3020 3494 sancto
3066 3442 3381 3512 Apollonio,

1780 3522 2202 3592 cumobjectum
2232 3525 2310 3578 illi
2339 3535 2491 3581 esset
2511 3543 2540 3580 a
2569 3537 2804 3599 tyranno
2827 3540 2884 3585 ut
2913 3535 3199 3602 probrum,
3230 3540 3381 3607 quod

1780 3614 2058 3685 baptismo
2093 3622 2202 3669 non
2241 3619 2488 3684 ablutus,
2532 3622 2764 3689 proinde
2795 3640 2904 3679 non
2935 3636 3083 3681 esset
3107 3628 3383 3685 Christia-

1780 3723 1927 3775 nus;
1980 3707 2122 3764 fusis
2174 3710 2243 3763 ab
2282 3726 2347 3767 co
2373 3714 2629 3782 precibus
2670 3715 2957 3771 satisfecit
2990 3716 3153 3785 Deus,
3189 3720 3386 3790 depre-

1781 3804 2056 3859 cationem
2081 3806 2198 3875 ejus
2224 3807 2463 3875 benigne
2488 3807 2722 3863 audiens
2748 3826 2763 3874 ;
2794 3810 3039 3865 demissa
3058 3814 3205 3867 enim
3232 3814 3383 3869 nube

1780 3906 1949 3969 caput
1978 3899 2102 3968 ejus
2125 3916 2252 3955 rore
2308 3902 2571 3969 perfudit.
2622 3901 2676 3955 Si
2732 3902 2901 3972 igitur
2933 3906 3239 3976 baptismns
3270 3926 3377 3963 non

1786 3992 2068 4062 perficitur
2090 3993 2414 4064 perfusione
2434 3997 2659 4064 capitis,
2692 4013 2802 4052 non
2834 4000 2929 4065 ita,
2958 4002 3057 4056 sed
3086 4003 3200 4058 alio
3220 4005 3383 4072 modo

1786 4098 1873 4141 res
1909 4097 2062 4157 gesta
2113 4097 2286 4144 esset.
2321 4087 2465 4153 Quid
2526 4091 2755 4145 multa?
2796 4091 2977 4147 Unum
3029 4107 3083 4150 et
3125 4099 3241 4166 ipse
3296 4102 3380 4154 vir

1779 4180 2034 4251 egregius
2070 4182 2227 4237 novit
2283 4181 2558 4253 baptisma
2614 4193 2868 4239 nostrum
2915 4195 2970 4242 et
3031 4188 3377 4259 Latinorum,

1792 4288 1902 4329 non
1951 4274 2083 4328 duo.
2120 4273 2257 4329 Cum
2287 4276 2435 4329 enim
2485 4278 2742 4331 alumnus
2786 4276 3046 4335 Ecclesiae
3103 4286 3197 4350 sit,
3241 4303 3382 4341 nuu-

1792 4380 1955 4436 quatn
1994 4368 2131 4422 vidit
2172 4365 2400 4423 Latinos
2443 4369 2641 4421 iterum
2676 4370 2946 4438 baptizari
2998 4388 3028 4427 a
3064 4377 3243 4442 nobis,
3288 4397 3380 4434 ve-

118 4440 318 4507 κλησίας
366 4444 628 4498 οὐδέποτε
690 4438 799 4497 εἶδε
850 4445 983 4516 παρ’
1031 4446 1190 4517 ήμῶν
1233 4449 1361 4513 τοὺς
1406 4452 1674 4520 Λατίνους

1790 4476 1906 4515 rum
1945 4463 2062 4517 inec
2096 4451 2187 4518 ille
2213 4462 2423 4531 profert
2448 4463 2681 4529 iratior;
2717 4479 2839 4533 quae
2870 4475 3055 4522 autem
3088 4486 3157 4525 ex
3183 4488 3379 4529 averso

119 4530 658 4618 ἀνασαπτιζομένους’
714 4539 865 4609 ὅμως
928 4539 1035 4593 ὑπὸ
1092 4540 1289 4609 ἀηδίας
1354 4546 1679 4617 κινούμενος

87 4624 264 4682 ’ταῦτα
304 4630 473 4699 λέγει,
520 4631 617 4684 καὶ
649 4632 710 4683 οὗ
751 4631 859 4701 χρὴ
904 4630 975 4685 τὰ
1024 4632 1130 4685 ὑπὸ
1168 4634 1360 4704 ἀηδίας
1407 4638 1679 4708 λεγόμενα

120 4720 594 4791 πολυπραγμονεῖν.
633 4721 799 4776 Ἀλλὰ
825 4724 921 4776 καὶ
951 4724 1027 4793 τῷ
1063 4724 1223 4795 μύρῳ
1252 4728 1378 4791 τοὺς
1419 4728 1679 4798 βαπτιζο-

122 4809 285 4876 μένους
311 4817 361 4868 οί
388 4816 613 4869 Λατῖνοι
645 4814 884 4884 χρίουσι,
913 4806 1007 4868 καὶ
1026 4814 1101 4877 ὡς
1126 4816 1287 4887 ἡμεῖς
1317 4816 1374 4869 ἓν
1404 4818 1513 4873 τῶν
1538 4822 1678 4876 ἑπτὰ

125 4900 412 4975 μυστηρίων
449 4908 550 4977 τῆς
588 4906 917 4976 Ἐκκλησίας
960 4909 1062 4977 τὴν
1108 4908 1333 4977 τελετὴν
1362 4910 1457 4964 τοῦ
1497 4912 1673 4982 μύρου

124 4992 337 5063 λέγουσι.
382 4999 618 5072 Χρίουσι
670 4999 728 5053 δὲ
774 5000 956 5066 τοῦτο,
1013 5002 1141 5054 ὅταν
1191 5002 1405 5067 τελείας
1450 5006 1675 5077 ἡλικίας

120 5088 458 5168 ἐπιλάϐωνται
492 5095 542 5146 οἱ
573 5092 875 5161 ἅνθρωποι,
909 5094 1072 5165 ἡνίκα
1098 5095 1191 5149 καὶ
1220 5097 1460 5152 ἀκοῦσαί
1484 5117 1536 5163 τι
1567 5118 1673 5171 μυο

122 5188 275 5238 στικὸν
304 5189 397 5242 καὶ
419 5186 825 5259 ἀποκρίνασθαι
843 5188 1070 5243 δυνατὸν
1097 5191 1240 5245 κατὰ
1270 5192 1360 5245 τὸν
1394 5193 1573 5263 μέγαν
1612 5196 1671 5249 ὲν

120 5274 333 5354 θιολογίᾳ
358 5283 395 5335 Γ
401 5282 681 5354 οηγόριον.

700 5430 717 5436 -
779 5378 968 5439 seex.
1439 5444 1446 5451 ,

174 5468 320 5525 Διττά
345 5471 402 5524 δὲ
429 5471 499 5525 τὰ
544 5470 645 5542 έθη
678 5471 855 5538 πάντα
900 5473 997 5526 καὶ
1030 5476 1168 5528 πᾶσι
1209 5470 1665 5558 παρηλλαγμένα,

268 5648 532 5730 boquitur
560 5654 629 5707 de
650 5653 994 5730 necessitate
1025 5635 1737 5730 quadam‘consuetudinis,

174 5718 241 5788 (6)
266 5719 411 5777 Orat.
435 5724 489 5779 in
514 5720 873 5796 baptismum.
1042 5718 1058 5728 '
1526 5773 1532 5779 .
1721 5718 1735 5768 ί

409 5820 678 5881 Paeon.
709 5819 838 5882 Gs.
867 5810 1041 5883 CLX.

1782 4555 1970 4609 animo
2036 4554 2487 4625 proficiscuntur,
2526 4573 2633 4612 non
2657 4575 2786 4617 sunt
2847 4563 3130 4617 curiosius
3168 4567 3380 4620 exami-

1783 4649 1985 4702 nanda.
2024 4646 2294 4705 Caeterum
2341 4650 2523 4706 Latini
2552 4650 2716 4708 etiam
2753 4656 3070 4727 baptizatos
3102 4661 3379 4729 inungunt

1780 4739 2209 4807 clirisniate;‘et
2261 4758 2417 4814 aeque
2472 4760 2536 4798 ac
2588 4763 2687 4804 nos
2764 4749 2999 4803 credunt
3056 4734 3374 4807 unctionem

1769 4827 2102 4891 'cltrismatis
2132 4853 2252 4894 esse
2283 4855 2453 4894 unum
2503 4841 2572 4895 de
2607 4853 2819 4912 septem
2874 4841 3138 4901 Ecclesiae
3185 4861 3375 4903 sacra-

1782 4929 2010 4981 mentis.
2039 4927 2319 4985 Adliibeut
2354 4947 2485 4987 vero
2511 4933 2667 4996 illud.
2696 4950 2820 4989 cum
2847 4938 3178 5005 provectiori
3213 4948 3378 4996 aetate

1783 5029 1915 5074 sunt
1945 5019 2200 5078 homines
2227 5042 2242 5091 ;
2280 5025 2503 5094 quando
2527 5064 2543 5090 ,
2574 5025 2733 5095 juxta
2767 5029 3032 5085 eximium
3086 5033 3375 5105 theologia:

1782 5114 2066 5170 doctorem
2100 5117 2428 5185 Gregorium
2462 5120 2561 5191 (4),
2598 5128 2653 5173 et
2696 5122 2987 5193 mysticum
3018 5127 3150 5196 quid
3178 5128 3395 5185 audire-

1755 5210 1835 5284 ,ει
1863 5208 2194 5275 respondere
2222 5224 2318 5279 per
2359 5220 2574 5267 aetatem
2606 5213 2752 5269 licet.

3346 5256 3387 5273 ’μ’

2456 5394 2698 5452 EPUES.

1854 5476 2111 5541 Instituta
2174 5502 2396 5559 quoque
2450 5505 2519 5544 ac
2593 5506 2777 5548 mores
2839 5495 2893 5548 in
2976 5496 3231 5557 omnibus
3287 5499 3371 5554 di¢

1776 5679 1888 5739 non.
1912 5674 2096 5722 autem
2125 5668 2402 5726 absoluta.
2429 5668 2565 5730 Vade
2599 5655 2761 5747 Greg.
2799 5678 2922 5733 libr.
2952 5697 2990 5744 ι,
3027 5695 3111 5750 ep-
3154 5681 3203 5736 ί.

2939 5841 2978 5901 ὃ
