  <div class='ocr_page' id='page_1' title='image "/cluster/home/n/w/nwhite01/storage/ocr_20150623/160/pst.000005714803/093.png"; bbox 0 0 3972 6326; ppageno 0'>
   <div class='ocr_carea' id='block_1_1' title="bbox 499 234 606 304">
    <p class='ocr_par' dir='ltr' id='par_1_1' title="bbox 499 234 606 304">
     <span class='ocr_line' id='line_1_1' title="bbox 499 234 606 304; baseline -0.037 -1"><span class='ocrx_word' id='word_1_1' title='bbox 499 234 606 304; x_wconf 80' lang='grc'><strong>151</strong></span> 
     </span>
    </p>
   </div>
   <div class='ocr_carea' id='block_1_2' title="bbox 1499 222 2927 290">
    <p class='ocr_par' dir='ltr' id='par_1_2' title="bbox 1499 222 2927 290">
     <span class='ocr_line' id='line_1_2' title="bbox 1499 222 2927 290; baseline -0.004 -2"><span class='ocrx_word' id='word_1_2' title='bbox 1499 228 1885 290; x_wconf 74' lang='lat' dir='ltr'><strong>GREGORII</strong></span> <span class='ocrx_word' id='word_1_3' title='bbox 1919 227 2223 289; x_wconf 74' lang='lat' dir='ltr'><strong>MAMM/E</strong></span> <span class='ocrx_word' id='word_1_4' title='bbox 2263 227 2374 287; x_wconf 71' lang='grc' dir='ltr'><strong>(ΖΡ.</strong></span> <span class='ocrx_word' id='word_1_5' title='bbox 2410 222 2927 286; x_wconf 69' lang='grc' dir='ltr'><strong>ΡΑΤΚΙΑΒΕΗᾹΞ</strong></span> 
     </span>
    </p>
   </div>
   <div class='ocr_carea' id='block_1_3' title="bbox 3667 219 3750 286">
    <p class='ocr_par' dir='ltr' id='par_1_3' title="bbox 3667 219 3750 286">
     <span class='ocr_line' id='line_1_3' title="bbox 3667 219 3750 286; baseline -0.072 1"><span class='ocrx_word' id='word_1_6' title='bbox 3667 219 3750 286; x_wconf 75' lang='grc'><strong>152</strong></span> 
     </span>
    </p>
   </div>
   <div class='ocr_carea' id='block_1_4' title="bbox 507 317 2098 418">
    <p class='ocr_par' dir='ltr' id='par_1_4' title="bbox 507 349 2081 418">
     <span class='ocr_line' id='line_1_4' title="bbox 507 349 2081 418; baseline -0.003 -12"><span class='ocrx_word' id='word_1_7' title='bbox 507 369 653 418; x_wconf 79' lang='lat' dir='ltr'><strong>esse,</strong></span> <span class='ocrx_word' id='word_1_8' title='bbox 706 351 811 407; x_wconf 83' lang='lat' dir='ltr'><strong>sed</strong></span> <span class='ocrx_word' id='word_1_9' title='bbox 867 351 1012 417; x_wconf 85' lang='lat' dir='ltr'><strong>diei;</strong></span> <span class='ocrx_word' id='word_1_10' title='bbox 1064 351 1208 405; x_wconf 82' lang='lat' dir='ltr'><strong>alias</strong></span> <span class='ocrx_word' id='word_1_11' title='bbox 1238 364 1387 414; x_wconf 87' lang='lat' dir='ltr'><strong>esse,</strong></span> <span class='ocrx_word' id='word_1_12' title='bbox 1424 349 1519 403; x_wconf 85' lang='lat' dir='ltr'><strong>sed</strong></span> <span class='ocrx_word' id='word_1_13' title='bbox 1571 363 1680 404; x_wconf 87' lang='lat' dir='ltr'><strong>non</strong></span> <span class='ocrx_word' id='word_1_14' title='bbox 1713 350 1858 413; x_wconf 86' lang='lat' dir='ltr'><strong>dici;</strong></span> <span class='ocrx_word' id='word_1_15' title='bbox 1887 354 2081 404; x_wconf 67' lang='lat' dir='ltr'><strong>rursus</strong></span> 
     </span>
    </p>
   </div>
   <div class='ocr_carea' id='block_1_5' title="bbox 2203 317 3752 418">
    <p class='ocr_par' dir='ltr' id='par_1_5' title="bbox 2203 317 3752 412">
     <span class='ocr_line' id='line_1_5' title="bbox 2203 317 3752 412; baseline -0.006 -11"><span class='ocrx_word' id='word_1_16' title='bbox 2203 347 2308 402; x_wconf 61' lang='lat' dir='ltr'><strong>I616</strong></span> <span class='ocrx_word' id='word_1_17' title='bbox 2342 349 2480 410; x_wconf 69' lang='grc' dir='ltr'>ἐστὶ,</span> <span class='ocrx_word' id='word_1_18' title='bbox 2503 344 2631 400; x_wconf 76' lang='grc' dir='ltr'>οὕτε</span> <span class='ocrx_word' id='word_1_19' title='bbox 2656 345 2899 412; x_wconf 78' lang='grc' dir='ltr'>λέγεται’</span> <span class='ocrx_word' id='word_1_20' title='bbox 2929 339 2998 394; x_wconf 80' lang='grc' dir='ltr'>τὰ</span> <span class='ocrx_word' id='word_1_21' title='bbox 3023 339 3078 393; x_wconf 75' lang='grc' dir='ltr'>δὲ</span> <span class='ocrx_word' id='word_1_22' title='bbox 3111 341 3302 411; x_wconf 70' lang='grc' dir='ltr'>ἄμφω,</span> <span class='ocrx_word' id='word_1_23' title='bbox 3322 339 3420 392; x_wconf 75' lang='grc' dir='ltr'><strong>καὶ</strong></span> <span class='ocrx_word' id='word_1_24' title='bbox 3439 317 3558 392; x_wconf 44' lang='grc' dir='ltr'>’ἔστι</span> <span class='ocrx_word' id='word_1_25' title='bbox 3579 340 3664 392; x_wconf 75' lang='grc' dir='ltr'><strong>καὶ</strong></span> <span class='ocrx_word' id='word_1_26' title='bbox 3683 340 3752 392; x_wconf 81' lang='grc' dir='ltr'>λί-</span> 
     </span>
    </p>
   </div>
   <div class='ocr_carea' id='block_1_6' title="bbox 457 440 2080 516">
    <p class='ocr_par' dir='ltr' id='par_1_6' title="bbox 457 440 2080 516">
     <span class='ocr_line' id='line_1_6' title="bbox 457 440 2080 516; baseline -0.004 -19"><span class='ocrx_word' id='word_1_27' title='bbox 457 487 465 492; x_wconf 94' lang='grc'>.</span> <span class='ocrx_word' id='word_1_28' title='bbox 501 446 716 514; x_wconf 73' lang='lat' dir='ltr'><strong>aliquas</strong></span> <span class='ocrx_word' id='word_1_29' title='bbox 736 459 836 499; x_wconf 86' lang='lat' dir='ltr'><strong>nec</strong></span> <span class='ocrx_word' id='word_1_30' title='bbox 868 458 1015 506; x_wconf 82' lang='lat' dir='ltr'><strong>esse,</strong></span> <span class='ocrx_word' id='word_1_31' title='bbox 1050 456 1151 497; x_wconf 91' lang='lat' dir='ltr'><strong>nec</strong></span> <span class='ocrx_word' id='word_1_32' title='bbox 1180 440 1289 495; x_wconf 91' lang='lat' dir='ltr'><strong>dici</strong></span> <span class='ocrx_word' id='word_1_33' title='bbox 1314 459 1328 506; x_wconf 89' lang='lat'><strong>;</strong></span> <span class='ocrx_word' id='word_1_34' title='bbox 1359 441 1576 510; x_wconf 85' lang='lat' dir='ltr'><strong>aliquas</strong></span> <span class='ocrx_word' id='word_1_35' title='bbox 1605 456 1736 495; x_wconf 85' lang='lat' dir='ltr'><strong>vero</strong></span> <span class='ocrx_word' id='word_1_36' title='bbox 1762 450 2080 516; x_wconf 70' lang='lat' dir='ltr'><strong>utrumque,</strong></span> 
     </span>
    </p>
   </div>
   <div class='ocr_carea' id='block_1_7' title="bbox 499 530 2082 610">
    <p class='ocr_par' dir='ltr' id='par_1_7' title="bbox 499 530 2082 610">
     <span class='ocr_line' id='line_1_7' title="bbox 499 530 2082 610; baseline -0.004 -19"><span class='ocrx_word' id='word_1_37' title='bbox 499 547 557 592; x_wconf 83' lang='lat' dir='ltr'><strong>et</strong></span> <span class='ocrx_word' id='word_1_38' title='bbox 583 552 706 591; x_wconf 87' lang='lat' dir='ltr'><strong>esse</strong></span> <span class='ocrx_word' id='word_1_39' title='bbox 732 544 785 588; x_wconf 89' lang='lat' dir='ltr'><strong>et</strong></span> <span class='ocrx_word' id='word_1_40' title='bbox 817 535 951 589; x_wconf 87' lang='lat' dir='ltr'><strong>dici.</strong></span> <span class='ocrx_word' id='word_1_41' title='bbox 1005 534 1162 610; x_wconf 37' lang='lat' dir='ltr'><strong>Sicut.</strong></span> <span class='ocrx_word' id='word_1_42' title='bbox 1198 533 1343 586; x_wconf 85' lang='lat' dir='ltr'><strong>enim</strong></span> <span class='ocrx_word' id='word_1_43' title='bbox 1383 532 1472 587; x_wconf 69' lang='lat' dir='ltr'><strong>llic</strong></span> <span class='ocrx_word' id='word_1_44' title='bbox 1527 534 1875 603; x_wconf 77' lang='lat' dir='ltr'><strong>apertissime</strong></span> <span class='ocrx_word' id='word_1_45' title='bbox 1902 530 2082 586; x_wconf 83' lang='lat' dir='ltr'><strong>decla-</strong></span> 
     </span>
    </p>
   </div>
   <div class='ocr_carea' id='block_1_8' title="bbox 498 625 2085 696">
    <p class='ocr_par' dir='ltr' id='par_1_8' title="bbox 498 625 2085 696">
     <span class='ocr_line' id='line_1_8' title="bbox 498 625 2085 696; baseline -0.004 -14"><span class='ocrx_word' id='word_1_46' title='bbox 498 629 646 683; x_wconf 80' lang='lat' dir='ltr'><strong>ravit</strong></span> <span class='ocrx_word' id='word_1_47' title='bbox 673 670 689 690; x_wconf 92' lang='lat'><strong>,</strong></span> <span class='ocrx_word' id='word_1_48' title='bbox 730 644 836 680; x_wconf 90' lang='lat' dir='ltr'><strong>non</strong></span> <span class='ocrx_word' id='word_1_49' title='bbox 871 627 976 681; x_wconf 89' lang='lat' dir='ltr'><strong>dici</strong></span> <span class='ocrx_word' id='word_1_50' title='bbox 1002 626 1664 696; x_wconf 81' lang='lat' dir='ltr'><strong>Cbristiparam‘propter</strong></span> <span class='ocrx_word' id='word_1_51' title='bbox 1689 625 1999 680; x_wconf 76' lang='lat' dir='ltr'><strong>Nestorium</strong></span> <span class='ocrx_word' id='word_1_52' title='bbox 2030 631 2085 676; x_wconf 89' lang='lat' dir='ltr'><strong>et</strong></span> 
     </span>
    </p>
   </div>
   <div class='ocr_carea' id='block_1_9' title="bbox 497 717 2087 788">
    <p class='ocr_par' dir='ltr' id='par_1_9' title="bbox 497 717 2087 788">
     <span class='ocr_line' id='line_1_9' title="bbox 497 717 2087 788; baseline 0.001 -18"><span class='ocrx_word' id='word_1_53' title='bbox 497 729 798 772; x_wconf 71' lang='lat' dir='ltr'><strong>sectatores</strong></span> <span class='ocrx_word' id='word_1_54' title='bbox 828 717 970 785; x_wconf 78' lang='lat' dir='ltr'><strong>ejus,</strong></span> <span class='ocrx_word' id='word_1_55' title='bbox 1029 732 1135 769; x_wconf 90' lang='lat' dir='ltr'><strong>non</strong></span> <span class='ocrx_word' id='word_1_56' title='bbox 1174 718 1321 786; x_wconf 89' lang='lat' dir='ltr'><strong>quod</strong></span> <span class='ocrx_word' id='word_1_57' title='bbox 1355 732 1416 769; x_wconf 89' lang='lat' dir='ltr'><strong>ea</strong></span> <span class='ocrx_word' id='word_1_58' title='bbox 1450 733 1558 770; x_wconf 84' lang='lat' dir='ltr'><strong>non</strong></span> <span class='ocrx_word' id='word_1_59' title='bbox 1595 717 1699 782; x_wconf 89' lang='lat' dir='ltr'><strong>sit;</strong></span> <span class='ocrx_word' id='word_1_60' title='bbox 1751 718 1824 770; x_wconf 90' lang='lat' dir='ltr'><strong>ita</strong></span> <span class='ocrx_word' id='word_1_61' title='bbox 1859 725 2087 788; x_wconf 91' lang='lat' dir='ltr'><strong>propter</strong></span> 
     </span>
    </p>
   </div>
   <div class='ocr_carea' id='block_1_10' title="bbox 496 807 2082 878">
    <p class='ocr_par' dir='ltr' id='par_1_10' title="bbox 496 807 2082 878">
     <span class='ocr_line' id='line_1_10' title="bbox 496 807 2082 878; baseline 0.001 -16"><span class='ocrx_word' id='word_1_62' title='bbox 496 809 825 862; x_wconf 74' lang='lat' dir='ltr'><strong>Buttmnium</strong></span> <span class='ocrx_word' id='word_1_63' title='bbox 847 819 1184 863; x_wconf 83' lang='lat' dir='ltr'><strong>asserentem</strong></span> <span class='ocrx_word' id='word_1_64' title='bbox 1214 825 1280 864; x_wconf 80' lang='lat' dir='ltr'><strong>ex</strong></span> <span class='ocrx_word' id='word_1_65' title='bbox 1314 811 1432 864; x_wconf 85' lang='lat' dir='ltr'><strong>solo</strong></span> <span class='ocrx_word' id='word_1_66' title='bbox 1460 807 1598 864; x_wconf 84' lang='lat' dir='ltr'><strong>Filio</strong></span> <span class='ocrx_word' id='word_1_67' title='bbox 1623 823 1744 864; x_wconf 89' lang='lat' dir='ltr'><strong>esse</strong></span> <span class='ocrx_word' id='word_1_68' title='bbox 1771 808 2037 878; x_wconf 86' lang='lat' dir='ltr'><strong>Spiritum</strong></span> <span class='ocrx_word' id='word_1_69' title='bbox 2068 827 2082 864; x_wconf 88' lang='lat'><strong>:</strong></span> 
     </span>
    </p>
   </div>
   <div class='ocr_carea' id='block_1_11' title="bbox 495 899 2084 970">
    <p class='ocr_par' dir='ltr' id='par_1_11' title="bbox 495 899 2084 970">
     <span class='ocr_line' id='line_1_11' title="bbox 495 899 2084 970; baseline 0.001 -16"><span class='ocrx_word' id='word_1_70' title='bbox 495 902 572 954; x_wconf 78' lang='lat' dir='ltr'><strong>Ex</strong></span> <span class='ocrx_word' id='word_1_71' title='bbox 615 899 774 964; x_wconf 87' lang='lat' dir='ltr'><strong>Filio,</strong></span> <span class='ocrx_word' id='word_1_72' title='bbox 811 901 1011 970; x_wconf 88' lang='lat' dir='ltr'><strong>inquit,</strong></span> <span class='ocrx_word' id='word_1_73' title='bbox 1064 899 1333 970; x_wconf 88' lang='lat' dir='ltr'><strong>Spiritum</strong></span> <span class='ocrx_word' id='word_1_74' title='bbox 1391 917 1502 956; x_wconf 89' lang='lat' dir='ltr'><strong>non</strong></span> <span class='ocrx_word' id='word_1_75' title='bbox 1528 902 1784 956; x_wconf 84' lang='lat' dir='ltr'><strong>dicimus.</strong></span> <span class='ocrx_word' id='word_1_76' title='bbox 1831 901 1889 956; x_wconf 91' lang='lat' dir='ltr'><strong>Si</strong></span> <span class='ocrx_word' id='word_1_77' title='bbox 1939 903 2084 956; x_wconf 87' lang='lat' dir='ltr'><strong>enim</strong></span> 
     </span>
    </p>
   </div>
   <div class='ocr_carea' id='block_1_12' title="bbox 493 991 2086 1064">
    <p class='ocr_par' dir='ltr' id='par_1_12' title="bbox 493 991 2086 1064">
     <span class='ocr_line' id='line_1_12' title="bbox 493 991 2086 1064; baseline 0.003 -20"><span class='ocrx_word' id='word_1_78' title='bbox 493 993 723 1046; x_wconf 79' lang='lat' dir='ltr'><strong>sentiret</strong></span> <span class='ocrx_word' id='word_1_79' title='bbox 757 993 973 1064; x_wconf 81' lang='lat' dir='ltr'><strong>illuma</strong></span> <span class='ocrx_word' id='word_1_80' title='bbox 1002 991 1142 1047; x_wconf 73' lang='lat' dir='ltr'><strong>Filio</strong></span> <span class='ocrx_word' id='word_1_81' title='bbox 1174 1009 1280 1047; x_wconf 89' lang='lat' dir='ltr'><strong>non</strong></span> <span class='ocrx_word' id='word_1_82' title='bbox 1315 1009 1461 1057; x_wconf 85' lang='lat' dir='ltr'><strong>esse,</strong></span> <span class='ocrx_word' id='word_1_83' title='bbox 1490 993 1564 1046; x_wconf 87' lang='lat' dir='ltr'><strong>ita</strong></span> <span class='ocrx_word' id='word_1_84' title='bbox 1596 995 1814 1049; x_wconf 87' lang='lat' dir='ltr'><strong>locutus</strong></span> <span class='ocrx_word' id='word_1_85' title='bbox 1841 1003 1992 1048; x_wconf 88' lang='lat' dir='ltr'><strong>esset</strong></span> <span class='ocrx_word' id='word_1_86' title='bbox 2019 995 2086 1048; x_wconf 89' lang='lat' dir='ltr'><strong>de</strong></span> 
     </span>
    </p>
   </div>
   <div class='ocr_carea' id='block_1_13' title="bbox 494 1083 2088 1157">
    <p class='ocr_par' dir='ltr' id='par_1_13' title="bbox 494 1083 2088 1157">
     <span class='ocr_line' id='line_1_13' title="bbox 494 1083 2088 1157; baseline 0.005 -21"><span class='ocrx_word' id='word_1_87' title='bbox 494 1084 621 1150; x_wconf 89' lang='lat' dir='ltr'><strong>boc,</strong></span> <span class='ocrx_word' id='word_1_88' title='bbox 646 1086 789 1138; x_wconf 86' lang='lat' dir='ltr'><strong>sicut</strong></span> <span class='ocrx_word' id='word_1_89' title='bbox 817 1083 894 1139; x_wconf 86' lang='lat' dir='ltr'><strong>ait</strong></span> <span class='ocrx_word' id='word_1_90' title='bbox 926 1085 994 1140; x_wconf 88' lang='lat' dir='ltr'><strong>de</strong></span> <span class='ocrx_word' id='word_1_91' title='bbox 1047 1086 1220 1151; x_wconf 76' lang='lat' dir='ltr'><strong>Filio;</strong></span> <span class='ocrx_word' id='word_1_92' title='bbox 1275 1087 1471 1140; x_wconf 85' lang='lat' dir='ltr'><strong>Filium</strong></span> <span class='ocrx_word' id='word_1_93' title='bbox 1525 1103 1654 1142; x_wconf 88' lang='lat' dir='ltr'><strong>vero</strong></span> <span class='ocrx_word' id='word_1_94' title='bbox 1711 1103 1813 1142; x_wconf 91' lang='lat' dir='ltr'><strong>nec</strong></span> <span class='ocrx_word' id='word_1_95' title='bbox 1847 1087 2088 1157; x_wconf 78' lang='lat' dir='ltr'><strong>Spiritus</strong></span> 
     </span>
    </p>
   </div>
   <div class='ocr_carea' id='block_1_14' title="bbox 492 1175 2088 1248">
    <p class='ocr_par' dir='ltr' id='par_1_14' title="bbox 492 1175 2088 1248">
     <span class='ocr_line' id='line_1_14' title="bbox 492 1175 2088 1248; baseline 0.004 -20"><span class='ocrx_word' id='word_1_96' title='bbox 492 1191 620 1231; x_wconf 86' lang='lat' dir='ltr'><strong>esse</strong></span> <span class='ocrx_word' id='word_1_97' title='bbox 650 1175 911 1240; x_wconf 80' lang='lat' dir='ltr'><strong>dicimus,</strong></span> <span class='ocrx_word' id='word_1_98' title='bbox 946 1193 1124 1248; x_wconf 90' lang='lat' dir='ltr'><strong>neque</strong></span> <span class='ocrx_word' id='word_1_99' title='bbox 1151 1178 1218 1232; x_wconf 88' lang='lat' dir='ltr'><strong>de</strong></span> <span class='ocrx_word' id='word_1_100' title='bbox 1249 1176 1492 1247; x_wconf 87' lang='lat' dir='ltr'><strong>Spiritu;</strong></span> <span class='ocrx_word' id='word_1_101' title='bbox 1528 1179 1993 1248; x_wconf 79' lang='lat' dir='ltr'><strong>quemadmodum</strong></span> <span class='ocrx_word' id='word_1_102' title='bbox 2030 1191 2088 1235; x_wconf 91' lang='lat' dir='ltr'><strong>et</strong></span> 
     </span>
    </p>
   </div>
   <div class='ocr_carea' id='block_1_15' title="bbox 493 1269 2090 1340">
    <p class='ocr_par' dir='ltr' id='par_1_15' title="bbox 493 1269 2090 1340">
     <span class='ocr_line' id='line_1_15' title="bbox 493 1269 2090 1340; baseline 0.004 -16"><span class='ocrx_word' id='word_1_103' title='bbox 493 1269 794 1339; x_wconf 80' lang='lat' dir='ltr'><strong>Gregorius</strong></span> <span class='ocrx_word' id='word_1_104' title='bbox 842 1269 1126 1340; x_wconf 76' lang='lat' dir='ltr'><strong>Nyssenus</strong></span> <span class='ocrx_word' id='word_1_105' title='bbox 1158 1272 1233 1323; x_wconf 84' lang='lat' dir='ltr'><strong>ait</strong></span> <span class='ocrx_word' id='word_1_106' title='bbox 1263 1289 1276 1324; x_wconf 89' lang='lat'><strong>:</strong></span> <span class='ocrx_word' id='word_1_107' title='bbox 1310 1270 1483 1324; x_wconf 84' lang='lat' dir='ltr'><strong>Filius</strong></span> <span class='ocrx_word' id='word_1_108' title='bbox 1522 1279 1706 1326; x_wconf 87' lang='lat' dir='ltr'><strong>autem</strong></span> <span class='ocrx_word' id='word_1_109' title='bbox 1738 1287 1864 1326; x_wconf 89' lang='lat' dir='ltr'><strong>cum</strong></span> <span class='ocrx_word' id='word_1_110' title='bbox 1891 1288 1955 1328; x_wconf 81' lang='lat' dir='ltr'><strong>ex</strong></span> <span class='ocrx_word' id='word_1_111' title='bbox 1981 1273 2090 1330; x_wconf 88' lang='lat' dir='ltr'><strong>Deo</strong></span> 
     </span>
    </p>
   </div>
   <div class='ocr_carea' id='block_1_16' title="bbox 493 1349 2088 1434">
    <p class='ocr_par' dir='ltr' id='par_1_16' title="bbox 493 1349 2088 1434">
     <span class='ocr_line' id='line_1_16' title="bbox 493 1349 2088 1434; baseline 0.004 -20"><span class='ocrx_word' id='word_1_112' title='bbox 493 1364 592 1427; x_wconf 85' lang='lat' dir='ltr'><strong>sit,</strong></span> <span class='ocrx_word' id='word_1_113' title='bbox 627 1377 729 1416; x_wconf 89' lang='lat' dir='ltr'><strong>nec</strong></span> <span class='ocrx_word' id='word_1_114' title='bbox 762 1370 870 1427; x_wconf 87' lang='lat' dir='ltr'><strong>est,</strong></span> <span class='ocrx_word' id='word_1_115' title='bbox 905 1349 1244 1417; x_wconf 83' lang='lat' dir='ltr'><strong>nec&#39;dicitur</strong></span> <span class='ocrx_word' id='word_1_116' title='bbox 1275 1362 1446 1417; x_wconf 83' lang='lat' dir='ltr'><strong>Filius</strong></span> <span class='ocrx_word' id='word_1_117' title='bbox 1469 1364 1748 1434; x_wconf 83' lang='lat' dir='ltr'><strong>Spiritus;</strong></span> <span class='ocrx_word' id='word_1_118' title='bbox 1804 1381 1906 1421; x_wconf 90' lang='lat' dir='ltr'><strong>nec</strong></span> <span class='ocrx_word' id='word_1_119' title='bbox 1939 1370 2088 1423; x_wconf 85' lang='lat' dir='ltr'><strong>rela-</strong></span> 
     </span>
    </p>
   </div>
   <div class='ocr_carea' id='block_1_17' title="bbox 491 1453 2092 1532">
    <p class='ocr_par' dir='ltr' id='par_1_17' title="bbox 491 1453 2092 1532">
     <span class='ocr_line' id='line_1_17' title="bbox 491 1453 2092 1532; baseline 0.007 -28"><span class='ocrx_word' id='word_1_120' title='bbox 491 1453 602 1504; x_wconf 82' lang='lat' dir='ltr'><strong>tiva</strong></span> <span class='ocrx_word' id='word_1_121' title='bbox 646 1453 761 1508; x_wconf 63' lang='lat' dir='ltr'><strong>bac</strong></span> <span class='ocrx_word' id='word_1_122' title='bbox 797 1456 1191 1525; x_wconf 82' lang='lat' dir='ltr'><strong>consequentia</strong></span> <span class='ocrx_word' id='word_1_123' title='bbox 1211 1457 1584 1511; x_wconf 84' lang='lat' dir='ltr'><strong>convertitur.</strong></span> <span class='ocrx_word' id='word_1_124' title='bbox 1613 1456 1923 1514; x_wconf 86' lang='lat' dir='ltr'><strong>Notandum</strong></span> <span class='ocrx_word' id='word_1_125' title='bbox 1952 1476 2092 1532; x_wconf 87' lang='lat' dir='ltr'><strong>quo-</strong></span> 
     </span>
    </p>
   </div>
   <div class='ocr_carea' id='block_1_18' title="bbox 491 1542 2092 1621">
    <p class='ocr_par' dir='ltr' id='par_1_18' title="bbox 491 1542 2092 1621">
     <span class='ocr_line' id='line_1_18' title="bbox 491 1542 2092 1621; baseline 0.008 -27"><span class='ocrx_word' id='word_1_126' title='bbox 491 1559 600 1610; x_wconf 86' lang='lat' dir='ltr'><strong>que</strong></span> <span class='ocrx_word' id='word_1_127' title='bbox 632 1542 765 1597; x_wconf 91' lang='lat' dir='ltr'><strong>illud</strong></span> <span class='ocrx_word' id='word_1_128' title='bbox 805 1542 1082 1610; x_wconf 88' lang='lat' dir='ltr'><strong>:Quando</strong></span> <span class='ocrx_word' id='word_1_129' title='bbox 1115 1546 1262 1601; x_wconf 87' lang='lat' dir='ltr'><strong>enim</strong></span> <span class='ocrx_word' id='word_1_130' title='bbox 1313 1547 1694 1603; x_wconf 86' lang='lat' dir='ltr'><strong>Damascenus</strong></span> <span class='ocrx_word' id='word_1_131' title='bbox 1744 1551 1963 1621; x_wconf 86' lang='lat' dir='ltr'><strong>inquit,</strong></span> <span class='ocrx_word' id='word_1_132' title='bbox 2009 1552 2092 1607; x_wconf 78' lang='grc' dir='ltr'>Εε</span> 
     </span>
    </p>
   </div>
   <div class='ocr_carea' id='block_1_19' title="bbox 494 1632 2084 1710">
    <p class='ocr_par' dir='ltr' id='par_1_19' title="bbox 494 1632 2084 1710">
     <span class='ocr_line' id='line_1_19' title="bbox 494 1632 2084 1710; baseline 0.008 -23"><span class='ocrx_word' id='word_1_133' title='bbox 494 1632 638 1692; x_wconf 77' lang='lat' dir='ltr'><strong>Fiiio</strong></span> <span class='ocrx_word' id='word_1_134' title='bbox 658 1649 767 1688; x_wconf 90' lang='lat' dir='ltr'><strong>non</strong></span> <span class='ocrx_word' id='word_1_135' title='bbox 794 1636 1053 1704; x_wconf 84' lang='lat' dir='ltr'><strong>dicimus,</strong></span> <span class='ocrx_word' id='word_1_136' title='bbox 1117 1654 1226 1693; x_wconf 89' lang='lat' dir='ltr'><strong>non</strong></span> <span class='ocrx_word' id='word_1_137' title='bbox 1255 1639 1401 1695; x_wconf 89' lang='lat' dir='ltr'><strong>sistit</strong></span> <span class='ocrx_word' id='word_1_138' title='bbox 1451 1640 1566 1694; x_wconf 88' lang='lat' dir='ltr'><strong>illic</strong></span> <span class='ocrx_word' id='word_1_139' title='bbox 1605 1656 1944 1710; x_wconf 79' lang='lat' dir='ltr'><strong>sermonem,</strong></span> <span class='ocrx_word' id='word_1_140' title='bbox 1989 1645 2084 1699; x_wconf 86' lang='lat' dir='ltr'><strong>sed</strong></span> 
     </span>
    </p>
   </div>
   <div class='ocr_carea' id='block_1_20' title="bbox 442 1708 2160 1803">
    <p class='ocr_par' dir='ltr' id='par_1_20' title="bbox 442 1708 2160 1803">
     <span class='ocr_line' id='line_1_20' title="bbox 442 1708 2160 1803; baseline 0.009 -25"><span class='ocrx_word' id='word_1_141' title='bbox 442 1737 448 1743; x_wconf 77' lang='lat'><strong>‘</strong></span> <span class='ocrx_word' id='word_1_142' title='bbox 492 1729 763 1782; x_wconf 82' lang='lat' dir='ltr'><strong>continuo</strong></span> <span class='ocrx_word' id='word_1_143' title='bbox 785 1728 974 1793; x_wconf 83' lang='lat' dir='ltr'><strong>infert,</strong></span> <span class='ocrx_word' id='word_1_144' title='bbox 1002 1728 1105 1786; x_wconf 86' lang='lat' dir='ltr'><strong>Per</strong></span> <span class='ocrx_word' id='word_1_145' title='bbox 1126 1730 1366 1798; x_wconf 84' lang='lat' dir='ltr'><strong>Filium;</strong></span> <span class='ocrx_word' id='word_1_146' title='bbox 1392 1749 1516 1788; x_wconf 88' lang='lat' dir='ltr'><strong>nam</strong></span> <span class='ocrx_word' id='word_1_147' title='bbox 1537 1732 1732 1789; x_wconf 86' lang='lat' dir='ltr'><strong>Rerum</strong></span> <span class='ocrx_word' id='word_1_148' title='bbox 1756 1737 2086 1803; x_wconf 83' lang='lat' dir='ltr'><strong>divinarum,</strong></span> <span class='ocrx_word' id='word_1_149' title='bbox 2122 1708 2160 1762; x_wconf 70' lang='grc' dir='ltr'><strong>Β</strong></span> 
     </span>
    </p>
   </div>
   <div class='ocr_carea' id='block_1_21' title="bbox 495 1818 2090 1898">
    <p class='ocr_par' dir='ltr' id='par_1_21' title="bbox 495 1818 2090 1898">
     <span class='ocr_line' id='line_1_21' title="bbox 495 1818 2090 1898; baseline 0.011 -30"><span class='ocrx_word' id='word_1_150' title='bbox 495 1833 619 1885; x_wconf 85' lang='lat' dir='ltr'><strong>uap.</strong></span> <span class='ocrx_word' id='word_1_151' title='bbox 685 1818 772 1884; x_wconf 71' lang='lat'><strong>13,</strong></span> <span class='ocrx_word' id='word_1_152' title='bbox 827 1819 1092 1889; x_wconf 73' lang='lat' dir='ltr'><strong>Spiritus,</strong></span> <span class='ocrx_word' id='word_1_153' title='bbox 1127 1826 1324 1894; x_wconf 88' lang='lat' dir='ltr'><strong>inquit,</strong></span> <span class='ocrx_word' id='word_1_154' title='bbox 1359 1838 1589 1882; x_wconf 85' lang='lat' dir='ltr'><strong>sanctus</strong></span> <span class='ocrx_word' id='word_1_155' title='bbox 1640 1830 1993 1898; x_wconf 79' lang='lat' dir='ltr'><strong>Spiritus-est</strong></span> <span class='ocrx_word' id='word_1_156' title='bbox 2023 1847 2090 1885; x_wconf 81' lang='lat' dir='ltr'><strong>ex</strong></span> 
     </span>
    </p>
   </div>
   <div class='ocr_carea' id='block_1_22' title="bbox 494 1904 2084 1992">
    <p class='ocr_par' dir='ltr' id='par_1_22' title="bbox 494 1904 2084 1992">
     <span class='ocr_line' id='line_1_22' title="bbox 494 1904 2084 1992; baseline 0.008 -30"><span class='ocrx_word' id='word_1_157' title='bbox 494 1904 658 1963; x_wconf 83' lang='lat' dir='ltr'><strong>Patre</strong></span> <span class='ocrx_word' id='word_1_158' title='bbox 699 1913 1027 1979; x_wconf 82' lang='lat' dir='ltr'><strong>procedens,</strong></span> <span class='ocrx_word' id='word_1_159' title='bbox 1085 1917 1235 1970; x_wconf 80' lang='lat' dir='ltr'><strong>nulla</strong></span> <span class='ocrx_word' id='word_1_160' title='bbox 1286 1918 1431 1973; x_wconf 86' lang='lat' dir='ltr'><strong>enim</strong></span> <span class='ocrx_word' id='word_1_161' title='bbox 1474 1920 1648 1975; x_wconf 89' lang='lat' dir='ltr'><strong>motio</strong></span> <span class='ocrx_word' id='word_1_162' title='bbox 1691 1920 1813 1976; x_wconf 81' lang='lat' dir='ltr'><strong>sine</strong></span> <span class='ocrx_word' id='word_1_163' title='bbox 1845 1921 2084 1992; x_wconf 80' lang='lat' dir='ltr'><strong>Spiritu;</strong></span> 
     </span>
    </p>
   </div>
   <div class='ocr_carea' id='block_1_23' title="bbox 478 1999 2091 2083">
    <p class='ocr_par' dir='ltr' id='par_1_23' title="bbox 478 1999 2091 2083">
     <span class='ocr_line' id='line_1_23' title="bbox 478 1999 2091 2083; baseline 0.012 -31"><span class='ocrx_word' id='word_1_164' title='bbox 478 1999 617 2072; x_wconf 72' lang='lat' dir='ltr'><strong>Filii</strong></span> <span class='ocrx_word' id='word_1_165' title='bbox 678 2017 894 2074; x_wconf 86' lang='lat' dir='ltr'><strong>quoque</strong></span> <span class='ocrx_word' id='word_1_166' title='bbox 931 2017 1016 2060; x_wconf 85' lang='lat' dir='ltr'><strong>est</strong></span> <span class='ocrx_word' id='word_1_167' title='bbox 1057 2005 1321 2077; x_wconf 80' lang='lat' dir='ltr'><strong>Spiritus,</strong></span> <span class='ocrx_word' id='word_1_168' title='bbox 1372 2027 1481 2066; x_wconf 91' lang='lat' dir='ltr'><strong>non</strong></span> <span class='ocrx_word' id='word_1_169' title='bbox 1527 2023 1585 2066; x_wconf 90' lang='lat' dir='ltr'><strong>ut</strong></span> <span class='ocrx_word' id='word_1_170' title='bbox 1619 2028 1688 2067; x_wconf 82' lang='lat' dir='ltr'><strong>ex</strong></span> <span class='ocrx_word' id='word_1_171' title='bbox 1729 2013 1874 2083; x_wconf 89' lang='lat' dir='ltr'><strong>ipso,</strong></span> <span class='ocrx_word' id='word_1_172' title='bbox 1905 2016 2000 2070; x_wconf 85' lang='lat' dir='ltr'><strong>sed</strong></span> <span class='ocrx_word' id='word_1_173' title='bbox 2029 2025 2091 2071; x_wconf 90' lang='lat' dir='ltr'><strong>ut</strong></span> 
     </span>
    </p>
   </div>
   <div class='ocr_carea' id='block_1_24' title="bbox 497 2096 2088 2179">
    <p class='ocr_par' dir='ltr' id='par_1_24' title="bbox 497 2096 2088 2179">
     <span class='ocr_line' id='line_1_24' title="bbox 497 2096 2088 2179; baseline 0.011 -33"><span class='ocrx_word' id='word_1_174' title='bbox 497 2107 595 2161; x_wconf 90' lang='lat' dir='ltr'><strong>per</strong></span> <span class='ocrx_word' id='word_1_175' title='bbox 619 2096 796 2164; x_wconf 87' lang='lat' dir='ltr'><strong>ipsum</strong></span> <span class='ocrx_word' id='word_1_176' title='bbox 837 2113 905 2152; x_wconf 79' lang='lat' dir='ltr'><strong>ex</strong></span> <span class='ocrx_word' id='word_1_177' title='bbox 937 2098 1098 2156; x_wconf 85' lang='lat' dir='ltr'><strong>Patre</strong></span> <span class='ocrx_word' id='word_1_178' title='bbox 1129 2102 1455 2171; x_wconf 88' lang='lat' dir='ltr'><strong>procedens.</strong></span> <span class='ocrx_word' id='word_1_179' title='bbox 1482 2105 1838 2176; x_wconf 88' lang='lat' dir='ltr'><strong>Perspectum</strong></span> <span class='ocrx_word' id='word_1_180' title='bbox 1884 2110 2088 2179; x_wconf 85' lang='lat' dir='ltr'><strong>quippe</strong></span> 
     </span>
    </p>
   </div>
   <div class='ocr_carea' id='block_1_25' title="bbox 496 2190 2094 2268">
    <p class='ocr_par' dir='ltr' id='par_1_25' title="bbox 496 2190 2094 2268">
     <span class='ocr_line' id='line_1_25' title="bbox 496 2190 2094 2268; baseline 0.009 -25"><span class='ocrx_word' id='word_1_181' title='bbox 496 2196 616 2243; x_wconf 88' lang='lat' dir='ltr'><strong>erat</strong></span> <span class='ocrx_word' id='word_1_182' title='bbox 647 2199 841 2244; x_wconf 87' lang='lat' dir='ltr'><strong>sancto</strong></span> <span class='ocrx_word' id='word_1_183' title='bbox 875 2190 1046 2259; x_wconf 87' lang='lat' dir='ltr'><strong>Patri,</strong></span> <span class='ocrx_word' id='word_1_184' title='bbox 1073 2195 1279 2267; x_wconf 86' lang='lat' dir='ltr'><strong>quippe</strong></span> <span class='ocrx_word' id='word_1_185' title='bbox 1301 2205 1361 2251; x_wconf 92' lang='lat' dir='ltr'><strong>ut</strong></span> <span class='ocrx_word' id='word_1_186' title='bbox 1393 2199 1569 2268; x_wconf 90' lang='lat' dir='ltr'><strong>perito</strong></span> <span class='ocrx_word' id='word_1_187' title='bbox 1616 2199 1921 2258; x_wconf 65' lang='lat' dir='ltr'><strong>Gt&#39;aacanici</strong></span> <span class='ocrx_word' id='word_1_188' title='bbox 1955 2202 2094 2258; x_wconf 80' lang='lat' dir='ltr'><strong>idio-</strong></span> 
     </span>
    </p>
   </div>
   <div class='ocr_carea' id='block_1_26' title="bbox 496 2280 2087 2363">
    <p class='ocr_par' dir='ltr' id='par_1_26' title="bbox 496 2280 2087 2363">
     <span class='ocr_line' id='line_1_26' title="bbox 496 2280 2087 2363; baseline 0.013 -29"><span class='ocrx_word' id='word_1_189' title='bbox 496 2280 666 2338; x_wconf 82' lang='lat' dir='ltr'><strong>tnatis</strong></span> <span class='ocrx_word' id='word_1_190' title='bbox 712 2297 780 2337; x_wconf 70' lang='lat' dir='ltr'><strong>es</strong></span> <span class='ocrx_word' id='word_1_191' title='bbox 841 2289 1288 2356; x_wconf 65' lang='lat' dir='ltr'><strong>prepositionem</strong></span> <span class='ocrx_word' id='word_1_192' title='bbox 1365 2292 1685 2361; x_wconf 89' lang='lat' dir='ltr'><strong>ubicunque</strong></span> <span class='ocrx_word' id='word_1_193' title='bbox 1749 2294 2087 2363; x_wconf 86' lang='lat' dir='ltr'><strong>apponitur.</strong></span> 
     </span>
    </p>
   </div>
   <div class='ocr_carea' id='block_1_27' title="bbox 499 2373 2086 2450">
    <p class='ocr_par' dir='ltr' id='par_1_27' title="bbox 499 2373 2086 2450">
     <span class='ocr_line' id='line_1_27' title="bbox 499 2373 2086 2450; baseline 0.01 -27"><span class='ocrx_word' id='word_1_194' title='bbox 499 2373 643 2440; x_wconf 78' lang='lat' dir='ltr'><strong>nihil-</strong></span> <span class='ocrx_word' id='word_1_195' title='bbox 669 2373 983 2445; x_wconf 76' lang='lat' dir='ltr'><strong>signiﬁcare</strong></span> <span class='ocrx_word' id='word_1_196' title='bbox 1009 2373 1297 2444; x_wconf 74' lang='lat' dir='ltr'><strong>anterius;</strong></span> <span class='ocrx_word' id='word_1_197' title='bbox 1328 2381 1423 2436; x_wconf 82' lang='lat' dir='ltr'><strong>sed</strong></span> <span class='ocrx_word' id='word_1_198' title='bbox 1461 2382 1710 2436; x_wconf 83' lang='lat' dir='ltr'><strong>indicare</strong></span> <span class='ocrx_word' id='word_1_199' title='bbox 1746 2383 1901 2450; x_wconf 88' lang='lat' dir='ltr'><strong>illud,</strong></span> <span class='ocrx_word' id='word_1_200' title='bbox 1936 2384 2086 2439; x_wconf 88' lang='lat' dir='ltr'><strong>unde</strong></span> 
     </span>
    </p>
   </div>
   <div class='ocr_carea' id='block_1_28' title="bbox 498 2464 2091 2544">
    <p class='ocr_par' dir='ltr' id='par_1_28' title="bbox 498 2464 2091 2544">
     <span class='ocr_line' id='line_1_28' title="bbox 498 2464 2091 2544; baseline 0.008 -28"><span class='ocrx_word' id='word_1_201' title='bbox 498 2464 671 2530; x_wconf 74' lang='lat' dir='ltr'><strong>prima</strong></span> <span class='ocrx_word' id='word_1_202' title='bbox 713 2466 892 2536; x_wconf 87' lang='lat' dir='ltr'><strong>origo,</strong></span> <span class='ocrx_word' id='word_1_203' title='bbox 925 2467 1111 2538; x_wconf 86' lang='lat' dir='ltr'><strong>ibique</strong></span> <span class='ocrx_word' id='word_1_204' title='bbox 1161 2473 1358 2527; x_wconf 85' lang='lat' dir='ltr'><strong>sistere</strong></span> <span class='ocrx_word' id='word_1_205' title='bbox 1382 2482 1621 2528; x_wconf 91' lang='lat' dir='ltr'><strong>mentem</strong></span> <span class='ocrx_word' id='word_1_206' title='bbox 1675 2475 2091 2544; x_wconf 86' lang='lat' dir='ltr'><strong>auditoris;per</strong></span> 
     </span>
    </p>
   </div>
   <div class='ocr_carea' id='block_1_29' title="bbox 495 2558 2088 2637">
    <p class='ocr_par' dir='ltr' id='par_1_29' title="bbox 495 2558 2088 2637">
     <span class='ocr_line' id='line_1_29' title="bbox 495 2558 2088 2637; baseline 0.011 -31"><span class='ocrx_word' id='word_1_207' title='bbox 495 2571 653 2622; x_wconf 83' lang='lat' dir='ltr'><strong>vero,</strong></span> <span class='ocrx_word' id='word_1_208' title='bbox 691 2558 781 2612; x_wconf 86' lang='lat' dir='ltr'><strong>ubi</strong></span> <span class='ocrx_word' id='word_1_209' title='bbox 840 2562 1088 2630; x_wconf 87' lang='lat' dir='ltr'><strong>ponitur,</strong></span> <span class='ocrx_word' id='word_1_210' title='bbox 1132 2563 1403 2620; x_wconf 85' lang='lat' dir='ltr'><strong>denotare</strong></span> <span class='ocrx_word' id='word_1_211' title='bbox 1455 2568 1687 2621; x_wconf 87' lang='lat' dir='ltr'><strong>omnino</strong></span> <span class='ocrx_word' id='word_1_212' title='bbox 1751 2569 2088 2637; x_wconf 87' lang='lat' dir='ltr'><strong>principium</strong></span> 
     </span>
    </p>
   </div>
   <div class='ocr_carea' id='block_1_30' title="bbox 502 2647 2090 2732">
    <p class='ocr_par' dir='ltr' id='par_1_30' title="bbox 502 2647 2090 2732">
     <span class='ocr_line' id='line_1_30' title="bbox 502 2647 2090 2732; baseline 0.009 -32"><span class='ocrx_word' id='word_1_213' title='bbox 502 2647 654 2704; x_wconf 76' lang='lat' dir='ltr'><strong>aliud</strong></span> <span class='ocrx_word' id='word_1_214' title='bbox 691 2652 963 2722; x_wconf 89' lang='lat' dir='ltr'><strong>originale</strong></span> <span class='ocrx_word' id='word_1_215' title='bbox 995 2661 1050 2708; x_wconf 88' lang='lat' dir='ltr'><strong>et</strong></span> <span class='ocrx_word' id='word_1_216' title='bbox 1083 2655 1439 2724; x_wconf 86' lang='lat' dir='ltr'><strong>primarium.</strong></span> <span class='ocrx_word' id='word_1_217' title='bbox 1472 2656 1588 2713; x_wconf 81' lang='lat' dir='ltr'><strong>Hac</strong></span> <span class='ocrx_word' id='word_1_218' title='bbox 1618 2659 1686 2714; x_wconf 90' lang='lat' dir='ltr'><strong>de</strong></span> <span class='ocrx_word' id='word_1_219' title='bbox 1719 2674 1889 2714; x_wconf 89' lang='lat' dir='ltr'><strong>causa</strong></span> <span class='ocrx_word' id='word_1_220' title='bbox 1926 2669 2090 2732; x_wconf 86' lang='lat' dir='ltr'><strong>negat</strong></span> 
     </span>
    </p>
   </div>
   <div class='ocr_carea' id='block_1_31' title="bbox 499 2742 2092 2815">
    <p class='ocr_par' dir='ltr' id='par_1_31' title="bbox 499 2742 2092 2815">
     <span class='ocr_line' id='line_1_31' title="bbox 499 2742 2092 2815; baseline 0.007 -19"><span class='ocrx_word' id='word_1_221' title='bbox 499 2756 629 2797; x_wconf 71' lang='lat' dir='ltr'><strong>esse</strong></span> <span class='ocrx_word' id='word_1_222' title='bbox 660 2742 978 2811; x_wconf 88' lang='lat' dir='ltr'><strong>dicendum,</strong></span> <span class='ocrx_word' id='word_1_223' title='bbox 1030 2745 1108 2799; x_wconf 81' lang='lat' dir='ltr'><strong>Ex</strong></span> <span class='ocrx_word' id='word_1_224' title='bbox 1162 2747 1338 2815; x_wconf 82' lang='lat' dir='ltr'><strong>Filio&#39;;</strong></span> <span class='ocrx_word' id='word_1_225' title='bbox 1395 2748 1501 2804; x_wconf 86' lang='lat' dir='ltr'><strong>Per</strong></span> <span class='ocrx_word' id='word_1_226' title='bbox 1561 2750 1764 2805; x_wconf 82' lang='lat' dir='ltr'><strong>Filium</strong></span> <span class='ocrx_word' id='word_1_227' title='bbox 1794 2748 1926 2805; x_wconf 84' lang='lat' dir='ltr'><strong>vero</strong></span> <span class='ocrx_word' id='word_1_228' title='bbox 1957 2767 2092 2807; x_wconf 84' lang='lat' dir='ltr'><strong>sane</strong></span> 
     </span>
    </p>
   </div>
   <div class='ocr_carea' id='block_1_32' title="bbox 497 2829 2089 2910">
    <p class='ocr_par' dir='ltr' id='par_1_32' title="bbox 497 2829 2089 2910">
     <span class='ocr_line' id='line_1_32' title="bbox 497 2829 2089 2910; baseline 0.009 -26"><span class='ocrx_word' id='word_1_229' title='bbox 497 2847 665 2899; x_wconf 87' lang='lat' dir='ltr'><strong>quam</strong></span> <span class='ocrx_word' id='word_1_230' title='bbox 696 2829 1042 2903; x_wconf 74' lang='lat' dir='ltr'><strong>cumprobat.</strong></span> <span class='ocrx_word' id='word_1_231' title='bbox 1097 2837 1173 2890; x_wconf 81' lang='lat' dir='ltr'><strong>Ex</strong></span> <span class='ocrx_word' id='word_1_232' title='bbox 1210 2838 1374 2905; x_wconf 82' lang='lat' dir='ltr'><strong>Filio,</strong></span> <span class='ocrx_word' id='word_1_233' title='bbox 1411 2841 1617 2910; x_wconf 86' lang='lat' dir='ltr'><strong>inquit,</strong></span> <span class='ocrx_word' id='word_1_234' title='bbox 1670 2857 1779 2896; x_wconf 92' lang='lat' dir='ltr'><strong>non</strong></span> <span class='ocrx_word' id='word_1_235' title='bbox 1821 2841 2089 2908; x_wconf 84' lang='lat' dir='ltr'><strong>dicimus;</strong></span> 
     </span>
    </p>
   </div>
   <div class='ocr_carea' id='block_1_33' title="bbox 499 2923 2093 3006">
    <p class='ocr_par' dir='ltr' id='par_1_33' title="bbox 499 2923 2093 3006">
     <span class='ocr_line' id='line_1_33' title="bbox 499 2923 2093 3006; baseline 0.009 -28"><span class='ocrx_word' id='word_1_236' title='bbox 499 2937 610 2978; x_wconf 89' lang='lat' dir='ltr'><strong>non</strong></span> <span class='ocrx_word' id='word_1_237' title='bbox 643 2923 812 2990; x_wconf 87' lang='lat' dir='ltr'><strong>dicit,</strong></span> <span class='ocrx_word' id='word_1_238' title='bbox 841 2924 906 2980; x_wconf 84' lang='lat' dir='ltr'><strong>Et</strong></span> <span class='ocrx_word' id='word_1_239' title='bbox 933 2942 996 2981; x_wconf 79' lang='lat' dir='ltr'><strong>ex</strong></span> <span class='ocrx_word' id='word_1_240' title='bbox 1036 2925 1175 2984; x_wconf 85' lang='lat' dir='ltr'><strong>Filio</strong></span> <span class='ocrx_word' id='word_1_241' title='bbox 1211 2947 1320 2984; x_wconf 91' lang='lat' dir='ltr'><strong>non</strong></span> <span class='ocrx_word' id='word_1_242' title='bbox 1357 2931 1620 2998; x_wconf 80' lang='lat' dir='ltr'><strong>dicimus,</strong></span> <span class='ocrx_word' id='word_1_243' title='bbox 1647 2935 1833 2989; x_wconf 88' lang='lat' dir='ltr'><strong>addita</strong></span> <span class='ocrx_word' id='word_1_244' title='bbox 1865 2936 2093 3006; x_wconf 88' lang='lat' dir='ltr'><strong>copula-</strong></span> 
     </span>
    </p>
   </div>
   <div class='ocr_carea' id='block_1_34' title="bbox 2191 428 3748 510">
    <p class='ocr_par' dir='ltr' id='par_1_34' title="bbox 2191 428 3748 510">
     <span class='ocr_line' id='line_1_34' title="bbox 2191 428 3748 510; baseline -0.008 -16"><span class='ocrx_word' id='word_1_245' title='bbox 2191 457 2354 510; x_wconf 84' lang='grc' dir='ltr'>γεται</span> <span class='ocrx_word' id='word_1_246' title='bbox 2381 455 2395 471; x_wconf 83' lang='lat'><strong><em>°</em></strong></span> <span class='ocrx_word' id='word_1_247' title='bbox 2429 437 2620 507; x_wconf 83' lang='grc' dir='ltr'>ὥσπερ</span> <span class='ocrx_word' id='word_1_248' title='bbox 2646 436 2757 504; x_wconf 82' lang='grc' dir='ltr'>γὰρ</span> <span class='ocrx_word' id='word_1_249' title='bbox 2790 432 3028 488; x_wconf 68' lang='grc' dir='ltr'>ἐνταῦθα</span> <span class='ocrx_word' id='word_1_250' title='bbox 3060 431 3378 500; x_wconf 77' lang='grc' dir='ltr'>σαφέστατα</span> <span class='ocrx_word' id='word_1_251' title='bbox 3401 428 3652 500; x_wconf 75' lang='grc' dir='ltr'>ἐδήλωσε,</span> <span class='ocrx_word' id='word_1_252' title='bbox 3675 429 3748 482; x_wconf 78' lang='grc' dir='ltr'><strong>διὰ</strong></span> 
     </span>
    </p>
   </div>
   <div class='ocr_carea' id='block_1_35' title="bbox 2187 521 3752 601">
    <p class='ocr_par' dir='ltr' id='par_1_35' title="bbox 2187 521 3752 601">
     <span class='ocr_line' id='line_1_35' title="bbox 2187 521 3752 601; baseline -0.009 -17"><span class='ocrx_word' id='word_1_253' title='bbox 2187 532 2276 584; x_wconf 72' lang='grc' dir='ltr'><strong>τὸν</strong></span> <span class='ocrx_word' id='word_1_254' title='bbox 2319 530 2616 601; x_wconf 82' lang='grc' dir='ltr'>Νεστόριον</span> <span class='ocrx_word' id='word_1_255' title='bbox 2648 527 2744 580; x_wconf 72' lang='grc' dir='ltr'><strong>καὶ</strong></span> <span class='ocrx_word' id='word_1_256' title='bbox 2775 525 2905 586; x_wconf 79' lang='grc' dir='ltr'>τοὺς</span> <span class='ocrx_word' id='word_1_257' title='bbox 2960 526 3082 578; x_wconf 82' lang='grc' dir='ltr'>κατ’</span> <span class='ocrx_word' id='word_1_258' title='bbox 3117 523 3278 576; x_wconf 78' lang='grc' dir='ltr'>αὑτὸν</span> <span class='ocrx_word' id='word_1_259' title='bbox 3312 523 3355 576; x_wconf 86' lang='grc' dir='ltr'>Χ</span> <span class='ocrx_word' id='word_1_260' title='bbox 3368 521 3668 592; x_wconf 78' lang='grc' dir='ltr'>ριστοτόκον</span> <span class='ocrx_word' id='word_1_261' title='bbox 3700 521 3752 572; x_wconf 74' lang='grc' dir='ltr'>οὗ</span> 
     </span>
    </p>
   </div>
   <div class='ocr_carea' id='block_1_36' title="bbox 2187 609 3757 692">
    <p class='ocr_par' dir='ltr' id='par_1_36' title="bbox 2187 609 3757 692">
     <span class='ocr_line' id='line_1_36' title="bbox 2187 609 3757 692; baseline -0.01 -17"><span class='ocrx_word' id='word_1_262' title='bbox 2187 624 2441 692; x_wconf 78' lang='grc' dir='ltr'>λέγομεν,</span> <span class='ocrx_word' id='word_1_263' title='bbox 2472 621 2534 674; x_wconf 81' lang='grc' dir='ltr'>οὐ</span> <span class='ocrx_word' id='word_1_264' title='bbox 2568 619 2660 673; x_wconf 71' lang='grc' dir='ltr'><strong>διὰ</strong></span> <span class='ocrx_word' id='word_1_265' title='bbox 2691 617 2752 670; x_wconf 80' lang='grc' dir='ltr'>τὸ</span> <span class='ocrx_word' id='word_1_266' title='bbox 2781 616 2857 687; x_wconf 86' lang='grc' dir='ltr'>μὴ</span> <span class='ocrx_word' id='word_1_267' title='bbox 2885 611 3061 668; x_wconf 80' lang='grc' dir='ltr'>εἶναι·</span> <span class='ocrx_word' id='word_1_268' title='bbox 3095 613 3241 667; x_wconf 82' lang='grc' dir='ltr'>οῦτω</span> <span class='ocrx_word' id='word_1_269' title='bbox 3271 615 3365 666; x_wconf 83' lang='grc' dir='ltr'>καὶ</span> <span class='ocrx_word' id='word_1_270' title='bbox 3390 611 3480 664; x_wconf 82' lang='grc' dir='ltr'><strong>διὰ</strong></span> <span class='ocrx_word' id='word_1_271' title='bbox 3505 611 3594 664; x_wconf 79' lang='grc' dir='ltr'>τὸν</span> <span class='ocrx_word' id='word_1_272' title='bbox 3616 609 3757 662; x_wconf 74' lang='grc' dir='ltr'>Εὐνό-</span> 
     </span>
    </p>
   </div>
   <div class='ocr_carea' id='block_1_37' title="bbox 2194 701 3757 788">
    <p class='ocr_par' dir='ltr' id='par_1_37' title="bbox 2194 701 3757 788">
     <span class='ocr_line' id='line_1_37' title="bbox 2194 701 3757 788; baseline -0.01 -19"><span class='ocrx_word' id='word_1_273' title='bbox 2194 734 2317 788; x_wconf 78' lang='grc' dir='ltr'>μιον</span> <span class='ocrx_word' id='word_1_274' title='bbox 2350 715 2600 781; x_wconf 82' lang='grc' dir='ltr'>λέγοντα,</span> <span class='ocrx_word' id='word_1_275' title='bbox 2631 712 2692 764; x_wconf 83' lang='grc' dir='ltr'>ὲκ</span> <span class='ocrx_word' id='word_1_276' title='bbox 2722 710 2886 778; x_wconf 82' lang='grc' dir='ltr'>μόνου</span> <span class='ocrx_word' id='word_1_277' title='bbox 2913 708 3006 760; x_wconf 78' lang='grc' dir='ltr'><strong>τοῦ</strong></span> <span class='ocrx_word' id='word_1_278' title='bbox 3035 705 3165 760; x_wconf 85' lang='grc' dir='ltr'>Υίοῦ</span> <span class='ocrx_word' id='word_1_279' title='bbox 3190 701 3333 758; x_wconf 75' lang='grc' dir='ltr'>εἶναι</span> <span class='ocrx_word' id='word_1_280' title='bbox 3356 704 3419 756; x_wconf 81' lang='grc' dir='ltr'>τὸ</span> <span class='ocrx_word' id='word_1_281' title='bbox 3449 701 3681 782; x_wconf 58' lang='grc' dir='ltr'>Πεδῦμα,</span> <span class='ocrx_word' id='word_1_282' title='bbox 3703 703 3757 754; x_wconf 76' lang='grc' dir='ltr'><strong>ὲκ</strong></span> 
     </span>
    </p>
   </div>
   <div class='ocr_carea' id='block_1_38' title="bbox 2189 795 3757 876">
    <p class='ocr_par' dir='ltr' id='par_1_38' title="bbox 2189 795 3757 876">
     <span class='ocr_line' id='line_1_38' title="bbox 2189 795 3757 876; baseline -0.01 -14"><span class='ocrx_word' id='word_1_283' title='bbox 2189 808 2285 863; x_wconf 78' lang='grc' dir='ltr'><strong>τοῦ</strong></span> <span class='ocrx_word' id='word_1_284' title='bbox 2321 807 2474 872; x_wconf 78' lang='grc' dir='ltr'>Υίοῦ,</span> <span class='ocrx_word' id='word_1_285' title='bbox 2500 805 2657 876; x_wconf 71' lang='grc' dir='ltr'>φησὶ,</span> <span class='ocrx_word' id='word_1_286' title='bbox 2689 803 2751 855; x_wconf 80' lang='grc' dir='ltr'>τὸ</span> <span class='ocrx_word' id='word_1_287' title='bbox 2777 800 3003 870; x_wconf 86' lang='grc' dir='ltr'>Πνεῦμα</span> <span class='ocrx_word' id='word_1_288' title='bbox 3037 800 3098 852; x_wconf 82' lang='grc' dir='ltr'>οὐ</span> <span class='ocrx_word' id='word_1_289' title='bbox 3124 799 3378 867; x_wconf 76' lang='grc' dir='ltr'>λέγομεν.</span> <span class='ocrx_word' id='word_1_290' title='bbox 3409 796 3472 850; x_wconf 85' lang='lat' dir='ltr'><strong>El</strong></span> <span class='ocrx_word' id='word_1_291' title='bbox 3503 799 3606 865; x_wconf 76' lang='grc' dir='ltr'>γὰρ</span> <span class='ocrx_word' id='word_1_292' title='bbox 3637 795 3757 865; x_wconf 68' lang='grc' dir='ltr'>ᾔδει,</span> 
     </span>
    </p>
   </div>
   <div class='ocr_carea' id='block_1_39' title="bbox 2203 884 3760 963">
    <p class='ocr_par' dir='ltr' id='par_1_39' title="bbox 2203 884 3760 963">
     <span class='ocr_line' id='line_1_39' title="bbox 2203 884 3760 963; baseline -0.01 -7"><span class='ocrx_word' id='word_1_293' title='bbox 2203 905 2288 957; x_wconf 83' lang='grc' dir='ltr'>ὅτι</span> <span class='ocrx_word' id='word_1_294' title='bbox 2336 900 2436 954; x_wconf 76' lang='grc' dir='ltr'><strong>οὐκ</strong></span> <span class='ocrx_word' id='word_1_295' title='bbox 2488 897 2636 951; x_wconf 76' lang='grc' dir='ltr'>ἔστιν</span> <span class='ocrx_word' id='word_1_296' title='bbox 2663 939 2677 963; x_wconf 91' lang='grc'><strong>,</strong></span> <span class='ocrx_word' id='word_1_297' title='bbox 2721 896 2907 963; x_wconf 75' lang='grc' dir='ltr'>ἔλεγεν</span> <span class='ocrx_word' id='word_1_298' title='bbox 2943 893 3012 948; x_wconf 77' lang='grc' dir='ltr'>ἂν</span> <span class='ocrx_word' id='word_1_299' title='bbox 3046 893 3142 946; x_wconf 73' lang='grc' dir='ltr'><strong>καὶ</strong></span> <span class='ocrx_word' id='word_1_300' title='bbox 3177 893 3306 961; x_wconf 77' lang='grc' dir='ltr'>περὶ</span> <span class='ocrx_word' id='word_1_301' title='bbox 3335 884 3550 952; x_wconf 71' lang='grc' dir='ltr'>τούτου,</span> <span class='ocrx_word' id='word_1_302' title='bbox 3593 889 3760 955; x_wconf 80' lang='grc' dir='ltr'>ὥσπερ</span> 
     </span>
    </p>
   </div>
   <div class='ocr_carea' id='block_1_40' title="bbox 2191 979 3760 1062">
    <p class='ocr_par' dir='ltr' id='par_1_40' title="bbox 2191 979 3760 1062">
     <span class='ocr_line' id='line_1_40' title="bbox 2191 979 3760 1062; baseline -0.009 -16"><span class='ocrx_word' id='word_1_303' title='bbox 2191 984 2339 1062; x_wconf 71' lang='grc' dir='ltr'>λέγει</span> <span class='ocrx_word' id='word_1_304' title='bbox 2390 993 2487 1044; x_wconf 73' lang='grc' dir='ltr'><strong>καὶ</strong></span> <span class='ocrx_word' id='word_1_305' title='bbox 2539 990 2673 1059; x_wconf 78' lang='grc' dir='ltr'>περὶ</span> <span class='ocrx_word' id='word_1_306' title='bbox 2735 987 2844 1042; x_wconf 79' lang='grc' dir='ltr'><strong>τοῦ</strong></span> <span class='ocrx_word' id='word_1_307' title='bbox 2881 985 3053 1049; x_wconf 84' lang='grc' dir='ltr'>Υίοῦ,</span> <span class='ocrx_word' id='word_1_308' title='bbox 3103 983 3198 1037; x_wconf 81' lang='grc' dir='ltr'>τὸν</span> <span class='ocrx_word' id='word_1_309' title='bbox 3239 984 3296 1036; x_wconf 66' lang='grc' dir='ltr'><strong>δὲ</strong></span> <span class='ocrx_word' id='word_1_310' title='bbox 3349 982 3480 1034; x_wconf 75' lang='grc' dir='ltr'>Υἱὸν</span> <span class='ocrx_word' id='word_1_311' title='bbox 3518 979 3636 1033; x_wconf 76' lang='grc' dir='ltr'>οὔτε</span> <span class='ocrx_word' id='word_1_312' title='bbox 3677 979 3760 1032; x_wconf 85' lang='grc' dir='ltr'><strong>τοῦ</strong></span> 
     </span>
    </p>
   </div>
   <div class='ocr_carea' id='block_1_41' title="bbox 2195 1075 3759 1155">
    <p class='ocr_par' dir='ltr' id='par_1_41' title="bbox 2195 1075 3759 1155">
     <span class='ocr_line' id='line_1_41' title="bbox 2195 1075 3759 1155; baseline -0.008 -17"><span class='ocrx_word' id='word_1_313' title='bbox 2195 1086 2520 1155; x_wconf 84' lang='grc' dir='ltr'>Πνεύματος</span> <span class='ocrx_word' id='word_1_314' title='bbox 2557 1083 2816 1150; x_wconf 62' lang='grc' dir='ltr'>λέγομεν,</span> <span class='ocrx_word' id='word_1_315' title='bbox 2860 1078 2986 1131; x_wconf 77' lang='grc' dir='ltr'>οὗτε</span> <span class='ocrx_word' id='word_1_316' title='bbox 3032 1078 3139 1150; x_wconf 86' lang='grc' dir='ltr'>μὴν</span> <span class='ocrx_word' id='word_1_317' title='bbox 3188 1079 3255 1130; x_wconf 77' lang='grc' dir='ltr'><strong>ὲκ</strong></span> <span class='ocrx_word' id='word_1_318' title='bbox 3283 1075 3376 1128; x_wconf 90' lang='grc' dir='ltr'><strong>τοῦ</strong></span> <span class='ocrx_word' id='word_1_319' title='bbox 3427 1075 3759 1141; x_wconf 73' lang='grc' dir='ltr'>Πνεύματε;⁸</span> 
     </span>
    </p>
   </div>
   <div class='ocr_carea' id='block_1_42' title="bbox 2195 1166 3762 1244">
    <p class='ocr_par' dir='ltr' id='par_1_42' title="bbox 2195 1166 3762 1244">
     <span class='ocr_line' id='line_1_42' title="bbox 2195 1166 3762 1244; baseline -0.011 -10"><span class='ocrx_word' id='word_1_320' title='bbox 2195 1181 2270 1244; x_wconf 82' lang='grc' dir='ltr'><strong>ὡς</strong></span> <span class='ocrx_word' id='word_1_321' title='bbox 2310 1180 2413 1241; x_wconf 41' lang='grc' dir='ltr'>καὶ,</span> <span class='ocrx_word' id='word_1_322' title='bbox 2459 1178 2486 1230; x_wconf 91' lang='lat'><strong>6</strong></span> <span class='ocrx_word' id='word_1_323' title='bbox 2539 1176 2761 1240; x_wconf 76' lang='grc' dir='ltr'>Νύσσης</span> <span class='ocrx_word' id='word_1_324' title='bbox 2793 1171 3102 1242; x_wconf 73' lang='grc' dir='ltr'>Γρηγόριός</span> <span class='ocrx_word' id='word_1_325' title='bbox 3144 1184 3332 1240; x_wconf 71' lang='grc' dir='ltr'>φησιν’</span> <span class='ocrx_word' id='word_1_326' title='bbox 3374 1167 3434 1220; x_wconf 85' lang='lat'><strong>&#39;0</strong></span> <span class='ocrx_word' id='word_1_327' title='bbox 3467 1167 3523 1220; x_wconf 79' lang='grc' dir='ltr'><strong>δὲ</strong></span> <span class='ocrx_word' id='word_1_328' title='bbox 3570 1166 3686 1227; x_wconf 81' lang='grc' dir='ltr'>Υἱὸς</span> <span class='ocrx_word' id='word_1_329' title='bbox 3709 1167 3762 1218; x_wconf 73' lang='lat' dir='ltr'><strong>lx</strong></span> 
     </span>
    </p>
   </div>
   <div class='ocr_carea' id='block_1_43' title="bbox 2191 1258 3763 1332">
    <p class='ocr_par' dir='ltr' id='par_1_43' title="bbox 2191 1258 3763 1332">
     <span class='ocr_line' id='line_1_43' title="bbox 2191 1258 3763 1332; baseline -0.011 -5"><span class='ocrx_word' id='word_1_330' title='bbox 2191 1273 2286 1327; x_wconf 84' lang='grc' dir='ltr'><strong>τοῦ</strong></span> <span class='ocrx_word' id='word_1_331' title='bbox 2323 1271 2460 1325; x_wconf 74' lang='grc' dir='ltr'>Θεοῦ</span> <span class='ocrx_word' id='word_1_332' title='bbox 2511 1269 2588 1322; x_wconf 80' lang='grc' dir='ltr'>ὢν</span> <span class='ocrx_word' id='word_1_333' title='bbox 2614 1309 2630 1332; x_wconf 94' lang='grc'><strong>,</strong></span> <span class='ocrx_word' id='word_1_334' title='bbox 2663 1269 2763 1321; x_wconf 83' lang='grc' dir='ltr'>οῦκ</span> <span class='ocrx_word' id='word_1_335' title='bbox 2799 1265 2916 1319; x_wconf 73' lang='grc' dir='ltr'>ἔστι</span> <span class='ocrx_word' id='word_1_336' title='bbox 2974 1265 3068 1317; x_wconf 66' lang='grc' dir='ltr'><strong>καὶ</strong></span> <span class='ocrx_word' id='word_1_337' title='bbox 3105 1263 3201 1317; x_wconf 78' lang='grc' dir='ltr'><strong>τοῦ</strong></span> <span class='ocrx_word' id='word_1_338' title='bbox 3256 1260 3575 1331; x_wconf 85' lang='grc' dir='ltr'>Πνεύματος</span> <span class='ocrx_word' id='word_1_339' title='bbox 3605 1301 3617 1318; x_wconf 84' lang='grc'><strong>.</strong></span> <span class='ocrx_word' id='word_1_340' title='bbox 3653 1258 3763 1311; x_wconf 81' lang='grc' dir='ltr'>οῦτε</span> 
     </span>
    </p>
   </div>
   <div class='ocr_carea' id='block_1_44' title="bbox 2193 1349 3764 1429">
    <p class='ocr_par' dir='ltr' id='par_1_44' title="bbox 2193 1349 3764 1429">
     <span class='ocr_line' id='line_1_44' title="bbox 2193 1349 3764 1429; baseline -0.011 -9"><span class='ocrx_word' id='word_1_341' title='bbox 2193 1367 2345 1421; x_wconf 74' lang='grc' dir='ltr'>ἐστὶν</span> <span class='ocrx_word' id='word_1_342' title='bbox 2403 1362 2530 1416; x_wconf 78' lang='grc' dir='ltr'>οὔτε</span> <span class='ocrx_word' id='word_1_343' title='bbox 2589 1362 2839 1429; x_wconf 79' lang='grc' dir='ltr'>λέγεται,</span> <span class='ocrx_word' id='word_1_344' title='bbox 2899 1358 3023 1412; x_wconf 68' lang='grc' dir='ltr'><strong>οὐδὲ</strong></span> <span class='ocrx_word' id='word_1_345' title='bbox 3066 1357 3424 1425; x_wconf 78' lang='grc' dir='ltr'><strong>ἀντιστρέφει</strong></span> <span class='ocrx_word' id='word_1_346' title='bbox 3465 1354 3499 1423; x_wconf 83' lang='grc' dir='ltr'><strong>ή</strong></span> <span class='ocrx_word' id='word_1_347' title='bbox 3556 1349 3764 1423; x_wconf 65' lang='grc' dir='ltr'>σχετικὴ</span> 
     </span>
    </p>
   </div>
   <div class='ocr_carea' id='block_1_45' title="bbox 2194 1445 3766 1527">
    <p class='ocr_par' dir='ltr' id='par_1_45' title="bbox 2194 1445 3766 1527">
     <span class='ocr_line' id='line_1_45' title="bbox 2194 1445 3766 1527; baseline -0.011 -15"><span class='ocrx_word' id='word_1_348' title='bbox 2194 1457 2488 1513; x_wconf 74' lang='grc' dir='ltr'><strong>ἀκολουθία</strong></span> <span class='ocrx_word' id='word_1_349' title='bbox 2524 1455 2690 1527; x_wconf 71' lang='grc' dir='ltr'>αὕτη.</span> <span class='ocrx_word' id='word_1_350' title='bbox 2743 1453 3063 1525; x_wconf 78' lang='grc' dir='ltr'>Σημείωσαι</span> <span class='ocrx_word' id='word_1_351' title='bbox 3116 1451 3213 1505; x_wconf 71' lang='grc' dir='ltr'><strong>καὶ</strong></span> <span class='ocrx_word' id='word_1_352' title='bbox 3247 1449 3457 1510; x_wconf 71' lang='grc' dir='ltr'>ἄλλως·</span> <span class='ocrx_word' id='word_1_353' title='bbox 3497 1447 3625 1499; x_wconf 82' lang='grc' dir='ltr'>ὅταν</span> <span class='ocrx_word' id='word_1_354' title='bbox 3669 1445 3766 1513; x_wconf 77' lang='grc' dir='ltr'><strong>γάρ</strong></span> 
     </span>
    </p>
   </div>
   <div class='ocr_carea' id='block_1_46' title="bbox 2196 1536 3764 1619">
    <p class='ocr_par' dir='ltr' id='par_1_46' title="bbox 2196 1536 3764 1619">
     <span class='ocr_line' id='line_1_46' title="bbox 2196 1536 3764 1619; baseline -0.008 -18"><span class='ocrx_word' id='word_1_355' title='bbox 2196 1566 2392 1619; x_wconf 81' lang='grc' dir='ltr'>φησιν,</span> <span class='ocrx_word' id='word_1_356' title='bbox 2435 1545 2652 1606; x_wconf 65' lang='grc' dir='ltr'>Ἔκτοῦ</span> <span class='ocrx_word' id='word_1_357' title='bbox 2694 1544 2828 1599; x_wconf 83' lang='grc' dir='ltr'>Υἱοῦ</span> <span class='ocrx_word' id='word_1_358' title='bbox 2879 1544 2941 1598; x_wconf 83' lang='grc' dir='ltr'>οὐ</span> <span class='ocrx_word' id='word_1_359' title='bbox 2983 1542 3242 1610; x_wconf 74' lang='grc' dir='ltr'>λέγομεν,</span> <span class='ocrx_word' id='word_1_360' title='bbox 3277 1540 3337 1592; x_wconf 79' lang='grc' dir='ltr'>οὐ</span> <span class='ocrx_word' id='word_1_361' title='bbox 3373 1540 3536 1608; x_wconf 81' lang='grc' dir='ltr'>μέχρι</span> <span class='ocrx_word' id='word_1_362' title='bbox 3589 1536 3764 1590; x_wconf 83' lang='grc' dir='ltr'>τούτου</span> 
     </span>
    </p>
   </div>
   <div class='ocr_carea' id='block_1_47' title="bbox 2176 1628 3767 1717">
    <p class='ocr_par' dir='ltr' id='par_1_47' title="bbox 2176 1628 3767 1717">
     <span class='ocr_line' id='line_1_47' title="bbox 2176 1628 3767 1717; baseline -0.009 -21"><span class='ocrx_word' id='word_1_363' title='bbox 2176 1645 2448 1717; x_wconf 63' lang='lat' dir='ltr'><strong>locarat,</strong></span> <span class='ocrx_word' id='word_1_364' title='bbox 2484 1641 2602 1694; x_wconf 78' lang='grc' dir='ltr'>ἀλλ’</span> <span class='ocrx_word' id='word_1_365' title='bbox 2628 1639 2790 1701; x_wconf 80' lang='grc' dir='ltr'>εὐθὺς</span> <span class='ocrx_word' id='word_1_366' title='bbox 2826 1638 3194 1705; x_wconf 76' lang='grc' dir='ltr'>συνημμένως</span> <span class='ocrx_word' id='word_1_367' title='bbox 3246 1632 3525 1701; x_wconf 74' lang='grc' dir='ltr'><strong>ἐπιφέρει,</strong></span> <span class='ocrx_word' id='word_1_368' title='bbox 3559 1631 3651 1682; x_wconf 78' lang='grc' dir='ltr'><strong>Διὰ</strong></span> <span class='ocrx_word' id='word_1_369' title='bbox 3682 1628 3767 1682; x_wconf 85' lang='grc' dir='ltr'><strong>τοῦ</strong></span> 
     </span>
    </p>
   </div>
   <div class='ocr_carea' id='block_1_48' title="bbox 2195 1722 3766 1804">
    <p class='ocr_par' dir='ltr' id='par_1_48' title="bbox 2195 1722 3766 1804">
     <span class='ocr_line' id='line_1_48' title="bbox 2195 1722 3766 1804; baseline -0.01 -15"><span class='ocrx_word' id='word_1_370' title='bbox 2195 1735 2332 1790; x_wconf 83' lang='grc' dir='ltr'>Υίοῦ</span> <span class='ocrx_word' id='word_1_371' title='bbox 2358 1753 2372 1766; x_wconf 77' lang='grc' dir='ltr'><strong>ο</strong></span> <span class='ocrx_word' id='word_1_372' title='bbox 2407 1736 2544 1804; x_wconf 74' lang='grc' dir='ltr'>Φησὶ</span> <span class='ocrx_word' id='word_1_373' title='bbox 2579 1733 2685 1800; x_wconf 83' lang='grc' dir='ltr'>γὰρ</span> <span class='ocrx_word' id='word_1_374' title='bbox 2717 1730 2813 1784; x_wconf 79' lang='grc' dir='ltr'><strong>καὶ</strong></span> <span class='ocrx_word' id='word_1_375' title='bbox 2840 1733 2895 1781; x_wconf 76' lang='grc' dir='ltr'>ἐν</span> <span class='ocrx_word' id='word_1_376' title='bbox 2923 1727 3002 1798; x_wconf 81' lang='grc' dir='ltr'><strong>τῷ</strong></span> <span class='ocrx_word' id='word_1_377' title='bbox 3032 1724 3100 1794; x_wconf 81' lang='grc' dir='ltr'>ιγ’</span> <span class='ocrx_word' id='word_1_378' title='bbox 3128 1724 3239 1779; x_wconf 87' lang='grc' dir='ltr'><strong>τῶν</strong></span> <span class='ocrx_word' id='word_1_379' title='bbox 3267 1722 3660 1793; x_wconf 78' lang='grc' dir='ltr'>Θεολογικῶν·</span> <span class='ocrx_word' id='word_1_380' title='bbox 3699 1723 3766 1775; x_wconf 76' lang='lat' dir='ltr'><strong><em>T6</em></strong></span> 
     </span>
    </p>
   </div>
   <div class='ocr_carea' id='block_1_49' title="bbox 2197 1814 3765 1900">
    <p class='ocr_par' dir='ltr' id='par_1_49' title="bbox 2197 1814 3765 1900">
     <span class='ocr_line' id='line_1_49' title="bbox 2197 1814 3765 1900; baseline -0.013 -16"><span class='ocrx_word' id='word_1_381' title='bbox 2197 1829 2422 1899; x_wconf 81' lang='grc' dir='ltr'><strong>Πνεῦμα</strong></span> <span class='ocrx_word' id='word_1_382' title='bbox 2455 1827 2515 1880; x_wconf 74' lang='grc' dir='ltr'><strong>τὸ</strong></span> <span class='ocrx_word' id='word_1_383' title='bbox 2546 1826 2717 1900; x_wconf 69' lang='grc' dir='ltr'>ἅγιον</span> <span class='ocrx_word' id='word_1_384' title='bbox 2743 1821 2967 1892; x_wconf 81' lang='grc' dir='ltr'><strong>Πνεῦμα</strong></span> <span class='ocrx_word' id='word_1_385' title='bbox 2996 1821 3061 1873; x_wconf 77' lang='grc' dir='ltr'><strong>ὲκ</strong></span> <span class='ocrx_word' id='word_1_386' title='bbox 3093 1817 3187 1872; x_wconf 89' lang='grc' dir='ltr'><strong>τοῦ</strong></span> <span class='ocrx_word' id='word_1_387' title='bbox 3235 1815 3452 1884; x_wconf 69' lang='grc' dir='ltr'>Πατρδς</span> <span class='ocrx_word' id='word_1_388' title='bbox 3485 1814 3765 1883; x_wconf 68' lang='grc' dir='ltr'>ἐκπορευόο</span> 
     </span>
    </p>
   </div>
   <div class='ocr_carea' id='block_1_50' title="bbox 2199 1905 3767 1994">
    <p class='ocr_par' dir='ltr' id='par_1_50' title="bbox 2199 1905 3767 1994">
     <span class='ocr_line' id='line_1_50' title="bbox 2199 1905 3767 1994; baseline -0.011 -17"><span class='ocrx_word' id='word_1_389' title='bbox 2199 1940 2383 1994; x_wconf 87' lang='grc' dir='ltr'>μενον,</span> <span class='ocrx_word' id='word_1_390' title='bbox 2419 1920 2651 1990; x_wconf 76' lang='grc' dir='ltr'><strong>οὐδεμία</strong></span> <span class='ocrx_word' id='word_1_391' title='bbox 2679 1917 2788 1987; x_wconf 80' lang='grc' dir='ltr'><strong>γὰρ</strong></span> <span class='ocrx_word' id='word_1_392' title='bbox 2822 1915 2966 1986; x_wconf 77' lang='grc' dir='ltr'>ὁρμὴ</span> <span class='ocrx_word' id='word_1_393' title='bbox 2993 1915 3122 1968; x_wconf 83' lang='grc' dir='ltr'>ἄνευ</span> <span class='ocrx_word' id='word_1_394' title='bbox 3156 1910 3500 1980; x_wconf 79' lang='grc' dir='ltr'>Πνεύματος·</span> <span class='ocrx_word' id='word_1_395' title='bbox 3532 1911 3621 1961; x_wconf 78' lang='grc' dir='ltr'>καὶ</span> <span class='ocrx_word' id='word_1_396' title='bbox 3644 1905 3767 1960; x_wconf 85' lang='grc' dir='ltr'>Υίοῦ</span> 
     </span>
    </p>
   </div>
   <div class='ocr_carea' id='block_1_51' title="bbox 2193 1998 3768 2084">
    <p class='ocr_par' dir='ltr' id='par_1_51' title="bbox 2193 1998 3768 2084">
     <span class='ocr_line' id='line_1_51' title="bbox 2193 1998 3768 2084; baseline -0.015 -12"><span class='ocrx_word' id='word_1_397' title='bbox 2193 2018 2249 2072; x_wconf 79' lang='grc' dir='ltr'><strong>δὲ</strong></span> <span class='ocrx_word' id='word_1_398' title='bbox 2273 2013 2524 2084; x_wconf 85' lang='grc' dir='ltr'>Πνεῦμα,</span> <span class='ocrx_word' id='word_1_399' title='bbox 2559 2012 2660 2082; x_wconf 75' lang='grc' dir='ltr'>οὐχ</span> <span class='ocrx_word' id='word_1_400' title='bbox 2691 2009 2766 2072; x_wconf 77' lang='grc' dir='ltr'><strong>ὡς</strong></span> <span class='ocrx_word' id='word_1_401' title='bbox 2801 2005 2862 2073; x_wconf 77' lang='grc' dir='ltr'>ἐξ</span> <span class='ocrx_word' id='word_1_402' title='bbox 2896 2004 3087 2069; x_wconf 85' lang='grc' dir='ltr'>αὐτοῦ,</span> <span class='ocrx_word' id='word_1_403' title='bbox 3123 2002 3239 2056; x_wconf 80' lang='grc' dir='ltr'>ἀλλ’</span> <span class='ocrx_word' id='word_1_404' title='bbox 3273 2002 3347 2063; x_wconf 84' lang='grc' dir='ltr'>ὡς</span> <span class='ocrx_word' id='word_1_405' title='bbox 3392 2000 3462 2054; x_wconf 84' lang='grc' dir='ltr'>δι’</span> <span class='ocrx_word' id='word_1_406' title='bbox 3516 1998 3679 2053; x_wconf 78' lang='grc' dir='ltr'>αὑτοῦ</span> <span class='ocrx_word' id='word_1_407' title='bbox 3711 1999 3768 2049; x_wconf 75' lang='grc' dir='ltr'><strong>ἐκ</strong></span> 
     </span>
    </p>
   </div>
   <div class='ocr_carea' id='block_1_52' title="bbox 2194 2092 3770 2175">
    <p class='ocr_par' dir='ltr' id='par_1_52' title="bbox 2194 2092 3770 2175">
     <span class='ocr_line' id='line_1_52' title="bbox 2194 2092 3770 2175; baseline -0.013 -13"><span class='ocrx_word' id='word_1_408' title='bbox 2194 2109 2291 2162; x_wconf 88' lang='grc' dir='ltr'><strong>τοῦ</strong></span> <span class='ocrx_word' id='word_1_409' title='bbox 2323 2106 2546 2175; x_wconf 83' lang='grc' dir='ltr'>Πατρὸς-</span> <span class='ocrx_word' id='word_1_410' title='bbox 2569 2101 3030 2172; x_wconf 69' lang='grc' dir='ltr'>ἐκπορευόμενον.</span> <span class='ocrx_word' id='word_1_411' title='bbox 3065 2092 3192 2149; x_wconf 83' lang='grc' dir='ltr'>Οῐδε</span> <span class='ocrx_word' id='word_1_412' title='bbox 3233 2095 3342 2163; x_wconf 85' lang='grc' dir='ltr'><strong>γὰρ</strong></span> <span class='ocrx_word' id='word_1_413' title='bbox 3383 2094 3412 2144; x_wconf 86' lang='lat'><strong>6</strong></span> <span class='ocrx_word' id='word_1_414' title='bbox 3439 2092 3594 2160; x_wconf 81' lang='grc' dir='ltr'>ἆγιος</span> <span class='ocrx_word' id='word_1_415' title='bbox 3618 2092 3770 2159; x_wconf 77' lang='grc' dir='ltr'>ἀκριο</span> 
     </span>
    </p>
   </div>
   <div class='ocr_carea' id='block_1_53' title="bbox 2197 2178 3771 2262">
    <p class='ocr_par' dir='ltr' id='par_1_53' title="bbox 2197 2178 3771 2262">
     <span class='ocr_line' id='line_1_53' title="bbox 2197 2178 3771 2262; baseline -0.015 -10"><span class='ocrx_word' id='word_1_416' title='bbox 2197 2199 2332 2262; x_wconf 79' lang='grc' dir='ltr'>ϐὡς,</span> <span class='ocrx_word' id='word_1_417' title='bbox 2386 2196 2460 2259; x_wconf 83' lang='grc' dir='ltr'>ὡς</span> <span class='ocrx_word' id='word_1_418' title='bbox 2517 2195 2845 2261; x_wconf 71' lang='grc' dir='ltr'>ἐπιστήμων</span> <span class='ocrx_word' id='word_1_419' title='bbox 2901 2188 3002 2257; x_wconf 83' lang='grc' dir='ltr'>τῆς</span> <span class='ocrx_word' id='word_1_420' title='bbox 3064 2185 3392 2255; x_wconf 78' lang='grc' dir='ltr'>Ἑλληνικῆς</span> <span class='ocrx_word' id='word_1_421' title='bbox 3452 2180 3662 2250; x_wconf 77' lang='grc' dir='ltr'><strong>σοφίας,</strong></span> <span class='ocrx_word' id='word_1_422' title='bbox 3703 2178 3771 2239; x_wconf 84' lang='grc' dir='ltr'><strong>ὡς</strong></span> 
     </span>
    </p>
   </div>
   <div class='ocr_carea' id='block_1_54' title="bbox 2194 2271 3768 2354">
    <p class='ocr_par' dir='ltr' id='par_1_54' title="bbox 2194 2271 3768 2354">
     <span class='ocr_line' id='line_1_54' title="bbox 2194 2271 3768 2354; baseline -0.015 -9"><span class='ocrx_word' id='word_1_423' title='bbox 2194 2293 2330 2345; x_wconf 83' lang='grc' dir='ltr'>ὅπου</span> <span class='ocrx_word' id='word_1_424' title='bbox 2357 2289 2423 2342; x_wconf 76' lang='grc' dir='ltr'>ἂν</span> <span class='ocrx_word' id='word_1_425' title='bbox 2458 2287 2670 2353; x_wconf 76' lang='grc' dir='ltr'><strong>τίθεται</strong></span> <span class='ocrx_word' id='word_1_426' title='bbox 2725 2286 2780 2354; x_wconf 78' lang='grc' dir='ltr'>ἡ,</span> <span class='ocrx_word' id='word_1_427' title='bbox 2823 2282 2917 2344; x_wconf 76' lang='grc' dir='ltr'><strong>ἐκ,</strong></span> <span class='ocrx_word' id='word_1_428' title='bbox 2980 2279 3262 2349; x_wconf 80' lang='grc' dir='ltr'>πρόθεσις,</span> <span class='ocrx_word' id='word_1_429' title='bbox 3294 2275 3571 2346; x_wconf 77' lang='grc' dir='ltr'>ἀνώτερόν</span> <span class='ocrx_word' id='word_1_430' title='bbox 3610 2290 3659 2325; x_wconf 90' lang='grc' dir='ltr'><strong>τι</strong></span> <span class='ocrx_word' id='word_1_431' title='bbox 3711 2271 3768 2323; x_wconf 79' lang='grc' dir='ltr'><strong>ού</strong></span> 
     </span>
    </p>
   </div>
   <div class='ocr_carea' id='block_1_55' title="bbox 2195 2366 3765 2455">
    <p class='ocr_par' dir='ltr' id='par_1_55' title="bbox 2195 2366 3765 2455">
     <span class='ocr_line' id='line_1_55' title="bbox 2195 2366 3765 2455; baseline -0.015 -17"><span class='ocrx_word' id='word_1_432' title='bbox 2195 2385 2373 2455; x_wconf 73' lang='grc' dir='ltr'>ζητεῖ,</span> <span class='ocrx_word' id='word_1_433' title='bbox 2409 2381 2526 2436; x_wconf 85' lang='grc' dir='ltr'>ἀλλ’</span> <span class='ocrx_word' id='word_1_434' title='bbox 2553 2378 2764 2433; x_wconf 74' lang='grc' dir='ltr'>ἐκεῖθεν</span> <span class='ocrx_word' id='word_1_435' title='bbox 2801 2377 2914 2447; x_wconf 74' lang='grc' dir='ltr'>ἔχει</span> <span class='ocrx_word' id='word_1_436' title='bbox 2956 2375 3056 2444; x_wconf 75' lang='grc' dir='ltr'>τὴν</span> <span class='ocrx_word' id='word_1_437' title='bbox 3092 2371 3320 2442; x_wconf 80' lang='grc' dir='ltr'>πρώτην</span> <span class='ocrx_word' id='word_1_438' title='bbox 3353 2367 3554 2440; x_wconf 69' lang='grc' dir='ltr'>ἀρχὴν,</span> <span class='ocrx_word' id='word_1_439' title='bbox 3588 2366 3765 2420; x_wconf 74' lang='grc' dir='ltr'><strong>κάκεῖ-</strong></span> 
     </span>
    </p>
   </div>
   <div class='ocr_carea' id='block_1_56' title="bbox 2196 2459 3770 2545">
    <p class='ocr_par' dir='ltr' id='par_1_56' title="bbox 2196 2459 3770 2545">
     <span class='ocr_line' id='line_1_56' title="bbox 2196 2459 3770 2545; baseline -0.015 -12"><span class='ocrx_word' id='word_1_440' title='bbox 2196 2497 2253 2533; x_wconf 88' lang='grc' dir='ltr'><strong>σε</strong></span> <span class='ocrx_word' id='word_1_441' title='bbox 2289 2479 2469 2545; x_wconf 82' lang='grc' dir='ltr'>ἵστησι</span> <span class='ocrx_word' id='word_1_442' title='bbox 2502 2473 2592 2527; x_wconf 80' lang='grc' dir='ltr'>τὸν</span> <span class='ocrx_word' id='word_1_443' title='bbox 2628 2471 2932 2542; x_wconf 77' lang='grc' dir='ltr'>ἀκροατήνο</span> <span class='ocrx_word' id='word_1_444' title='bbox 2983 2467 3127 2538; x_wconf 72' lang='grc' dir='ltr'><strong>ἡδὲ,</strong></span> <span class='ocrx_word' id='word_1_445' title='bbox 3179 2465 3298 2530; x_wconf 81' lang='grc' dir='ltr'>διὰ,</span> <span class='ocrx_word' id='word_1_446' title='bbox 3340 2462 3601 2531; x_wconf 75' lang='grc' dir='ltr'>πρόθεσις</span> <span class='ocrx_word' id='word_1_447' title='bbox 3647 2459 3770 2511; x_wconf 79' lang='grc' dir='ltr'>ὅπου</span> 
     </span>
    </p>
   </div>
   <div class='ocr_carea' id='block_1_57' title="bbox 2198 2557 3769 2632">
    <p class='ocr_par' dir='ltr' id='par_1_57' title="bbox 2198 2557 3769 2632">
     <span class='ocr_line' id='line_1_57' title="bbox 2198 2557 3769 2632; baseline -0.016 -6"><span class='ocrx_word' id='word_1_448' title='bbox 2198 2573 2263 2627; x_wconf 81' lang='grc' dir='ltr'>ἂν</span> <span class='ocrx_word' id='word_1_449' title='bbox 2294 2565 2601 2632; x_wconf 76' lang='grc' dir='ltr'>τίθεται,ὲξ</span> <span class='ocrx_word' id='word_1_450' title='bbox 2633 2565 2874 2624; x_wconf 70' lang='grc' dir='ltr'>ἅπαντος</span> <span class='ocrx_word' id='word_1_451' title='bbox 2908 2563 3105 2632; x_wconf 73' lang='grc' dir='ltr'>ἑτέραν</span> <span class='ocrx_word' id='word_1_452' title='bbox 3137 2558 3391 2627; x_wconf 67' lang='grc' dir='ltr'>ἐπιζητεῖ</span> <span class='ocrx_word' id='word_1_453' title='bbox 3419 2557 3517 2625; x_wconf 81' lang='grc' dir='ltr'>τὴν</span> <span class='ocrx_word' id='word_1_454' title='bbox 3547 2557 3769 2624; x_wconf 80' lang='grc' dir='ltr'>ἀρχοει-,</span> 
     </span>
    </p>
   </div>
   <div class='ocr_carea' id='block_1_58' title="bbox 2194 2643 3772 2732">
    <p class='ocr_par' dir='ltr' id='par_1_58' title="bbox 2194 2643 3772 2732">
     <span class='ocr_line' id='line_1_58' title="bbox 2194 2643 3772 2732; baseline -0.013 -15"><span class='ocrx_word' id='word_1_455' title='bbox 2194 2665 2259 2732; x_wconf 64' lang='grc' dir='ltr'><strong>δὴ</strong></span> <span class='ocrx_word' id='word_1_456' title='bbox 2291 2662 2391 2715; x_wconf 66' lang='grc' dir='ltr'><strong>καὶ</strong></span> <span class='ocrx_word' id='word_1_457' title='bbox 2417 2657 2931 2731; x_wconf 62' lang='grc' dir='ltr'>πῳκαταρήτικήν.</span> <span class='ocrx_word' id='word_1_458' title='bbox 2963 2654 3168 2708; x_wconf 79' lang='grc' dir='ltr'>Τούτου</span> <span class='ocrx_word' id='word_1_459' title='bbox 3198 2651 3292 2706; x_wconf 70' lang='grc' dir='ltr'>οὖν</span> <span class='ocrx_word' id='word_1_460' title='bbox 3317 2650 3483 2720; x_wconf 72' lang='grc' dir='ltr'>χάριν</span> <span class='ocrx_word' id='word_1_461' title='bbox 3517 2647 3575 2700; x_wconf 82' lang='grc' dir='ltr'><strong>τὸ</strong></span> <span class='ocrx_word' id='word_1_462' title='bbox 3599 2650 3660 2699; x_wconf 76' lang='grc' dir='ltr'><strong>ἐκ</strong></span> <span class='ocrx_word' id='word_1_463' title='bbox 3686 2643 3772 2698; x_wconf 80' lang='grc' dir='ltr'><strong>τοῦ</strong></span> 
     </span>
    </p>
   </div>
   <div class='ocr_carea' id='block_1_59' title="bbox 2197 2740 3770 2822">
    <p class='ocr_par' dir='ltr' id='par_1_59' title="bbox 2197 2740 3770 2822">
     <span class='ocr_line' id='line_1_59' title="bbox 2197 2740 3770 2822; baseline -0.01 -12"><span class='ocrx_word' id='word_1_464' title='bbox 2197 2756 2328 2810; x_wconf 84' lang='grc' dir='ltr'>Υίοῦ</span> <span class='ocrx_word' id='word_1_465' title='bbox 2380 2754 2738 2822; x_wconf 76' lang='grc' dir='ltr'>ἀπαρνεῖται,</span> <span class='ocrx_word' id='word_1_466' title='bbox 2773 2749 2833 2803; x_wconf 71' lang='grc' dir='ltr'>τὸ</span> <span class='ocrx_word' id='word_1_467' title='bbox 2854 2749 2910 2803; x_wconf 74' lang='grc' dir='ltr'><strong>δὶ</strong></span> <span class='ocrx_word' id='word_1_468' title='bbox 2945 2747 3013 2802; x_wconf 84' lang='grc' dir='ltr'><strong>δι’</strong></span> <span class='ocrx_word' id='word_1_469' title='bbox 3043 2748 3200 2812; x_wconf 81' lang='grc' dir='ltr'>Υῑοῦ,</span> <span class='ocrx_word' id='word_1_470' title='bbox 3233 2746 3330 2797; x_wconf 71' lang='grc' dir='ltr'><strong>καὶ</strong></span> <span class='ocrx_word' id='word_1_471' title='bbox 3367 2743 3511 2796; x_wconf 82' lang='grc' dir='ltr'>πάνυ</span> <span class='ocrx_word' id='word_1_472' title='bbox 3549 2740 3770 2794; x_wconf 82' lang='grc' dir='ltr'><strong>τίθεται.</strong></span> 
     </span>
    </p>
   </div>
   <div class='ocr_carea' id='block_1_60' title="bbox 2208 2833 3771 2912">
    <p class='ocr_par' dir='ltr' id='par_1_60' title="bbox 2208 2833 3771 2912">
     <span class='ocr_line' id='line_1_60' title="bbox 2208 2833 3771 2912; baseline -0.012 -9"><span class='ocrx_word' id='word_1_473' title='bbox 2208 2849 2302 2903; x_wconf 79' lang='grc' dir='ltr'>Ἐκ</span> <span class='ocrx_word' id='word_1_474' title='bbox 2329 2846 2422 2902; x_wconf 92' lang='grc' dir='ltr'><strong>τοῦ</strong></span> <span class='ocrx_word' id='word_1_475' title='bbox 2452 2845 2584 2900; x_wconf 88' lang='grc' dir='ltr'>Υίοῦ</span> <span class='ocrx_word' id='word_1_476' title='bbox 2615 2847 2676 2900; x_wconf 81' lang='grc' dir='ltr'>οὐ</span> <span class='ocrx_word' id='word_1_477' title='bbox 2710 2843 2972 2912; x_wconf 81' lang='grc' dir='ltr'>λέγομεν,</span> <span class='ocrx_word' id='word_1_478' title='bbox 3019 2839 3207 2912; x_wconf 76' lang='grc' dir='ltr'>φησίνο</span> <span class='ocrx_word' id='word_1_479' title='bbox 3239 2839 3301 2893; x_wconf 76' lang='grc' dir='ltr'><strong>ού</strong></span> <span class='ocrx_word' id='word_1_480' title='bbox 3330 2837 3439 2908; x_wconf 85' lang='grc' dir='ltr'>γὰρ</span> <span class='ocrx_word' id='word_1_481' title='bbox 3471 2835 3648 2902; x_wconf 72' lang='grc' dir='ltr'>λέγει,</span> <span class='ocrx_word' id='word_1_482' title='bbox 3675 2833 3771 2894; x_wconf 82' lang='grc' dir='ltr'>ὅτι,</span> 
     </span>
    </p>
   </div>
   <div class='ocr_carea' id='block_1_61' title="bbox 2196 2929 3775 3005">
    <p class='ocr_par' dir='ltr' id='par_1_61' title="bbox 2196 2929 3775 3005">
     <span class='ocr_line' id='line_1_61' title="bbox 2196 2929 3775 3005; baseline -0.012 -6"><span class='ocrx_word' id='word_1_483' title='bbox 2196 2944 2307 2998; x_wconf 75' lang='grc' dir='ltr'><strong>Καὶ</strong></span> <span class='ocrx_word' id='word_1_484' title='bbox 2343 2945 2408 2997; x_wconf 66' lang='grc' dir='ltr'><strong>ἐκ</strong></span> <span class='ocrx_word' id='word_1_485' title='bbox 2462 2941 2556 2996; x_wconf 88' lang='grc' dir='ltr'><strong>τοῦ</strong></span> <span class='ocrx_word' id='word_1_486' title='bbox 2583 2937 2717 2994; x_wconf 81' lang='grc' dir='ltr'>Υίοῦ</span> <span class='ocrx_word' id='word_1_487' title='bbox 2755 2938 2814 2991; x_wconf 86' lang='grc' dir='ltr'><strong>ού</strong></span> <span class='ocrx_word' id='word_1_488' title='bbox 2857 2936 3131 3005; x_wconf 83' lang='grc' dir='ltr'>λέγομεν,</span> <span class='ocrx_word' id='word_1_489' title='bbox 3168 2934 3310 3005; x_wconf 83' lang='grc' dir='ltr'>μετὰ</span> <span class='ocrx_word' id='word_1_490' title='bbox 3339 2929 3460 2995; x_wconf 85' lang='grc' dir='ltr'>τοῦ,</span> <span class='ocrx_word' id='word_1_491' title='bbox 3487 2929 3607 2994; x_wconf 76' lang='grc' dir='ltr'>καί,</span> <span class='ocrx_word' id='word_1_492' title='bbox 3647 2943 3775 2994; x_wconf 80' lang='grc' dir='ltr'>συμο</span> 
     </span>
    </p>
   </div>
   <div class='ocr_carea' id='block_1_62' title="bbox 500 3015 2098 3112">
    <p class='ocr_par' dir='ltr' id='par_1_62' title="bbox 500 3015 2087 3094">
     <span class='ocr_line' id='line_1_62' title="bbox 500 3015 2087 3094; baseline 0.011 -28"><span class='ocrx_word' id='word_1_493' title='bbox 500 3015 611 3073; x_wconf 75' lang='lat' dir='ltr'><strong>tiu</strong></span> <span class='ocrx_word' id='word_1_494' title='bbox 638 3018 1033 3086; x_wconf 80' lang='lat' dir='ltr'><strong>conjunctione</strong></span> <span class='ocrx_word' id='word_1_495' title='bbox 1066 3023 1248 3083; x_wconf 76' lang='lat' dir='ltr'><strong>et.scd</strong></span> <span class='ocrx_word' id='word_1_496' title='bbox 1269 3023 1347 3080; x_wconf 76' lang='lat' dir='ltr'><strong>Ex</strong></span> <span class='ocrx_word' id='word_1_497' title='bbox 1366 3024 1509 3082; x_wconf 82' lang='lat' dir='ltr'><strong>Filio</strong></span> <span class='ocrx_word' id='word_1_498' title='bbox 1533 3042 1640 3082; x_wconf 90' lang='lat' dir='ltr'><strong>non</strong></span> <span class='ocrx_word' id='word_1_499' title='bbox 1659 3027 1929 3094; x_wconf 86' lang='lat' dir='ltr'><strong>dicimus;</strong></span> <span class='ocrx_word' id='word_1_500' title='bbox 1962 3045 2087 3084; x_wconf 87' lang='lat' dir='ltr'><strong>nam</strong></span> 
     </span>
    </p>
   </div>
   <div class='ocr_carea' id='block_1_63' title="bbox 2203 3015 3773 3112">
    <p class='ocr_par' dir='ltr' id='par_1_63' title="bbox 2203 3018 3773 3098">
     <span class='ocr_line' id='line_1_63' title="bbox 2203 3018 3773 3098; baseline -0.013 -9"><span class='ocrx_word' id='word_1_501' title='bbox 2203 3031 2499 3089; x_wconf 80' lang='grc' dir='ltr'>πλεκτικοῦ</span> <span class='ocrx_word' id='word_1_502' title='bbox 2558 3030 2888 3098; x_wconf 79' lang='grc' dir='ltr'>συνδέσμου,</span> <span class='ocrx_word' id='word_1_503' title='bbox 2943 3025 3084 3091; x_wconf 80' lang='grc' dir='ltr'>ἀλλ’,</span> <span class='ocrx_word' id='word_1_504' title='bbox 3133 3025 3228 3079; x_wconf 80' lang='grc' dir='ltr'>Ἐκ</span> <span class='ocrx_word' id='word_1_505' title='bbox 3261 3021 3358 3077; x_wconf 80' lang='grc' dir='ltr'><strong>τοῦ</strong></span> <span class='ocrx_word' id='word_1_506' title='bbox 3385 3020 3564 3080; x_wconf 84' lang='grc' dir='ltr'>.Υίοῦ,</span> <span class='ocrx_word' id='word_1_507' title='bbox 3598 3018 3773 3090; x_wconf 60' lang='grc' dir='ltr'>φησιν,</span> 
     </span>
    </p>
   </div>
   <div class='ocr_carea' id='block_1_64' title="bbox 503 3108 2098 3189">
    <p class='ocr_par' dir='ltr' id='par_1_64' title="bbox 503 3108 2098 3189">
     <span class='ocr_line' id='line_1_64' title="bbox 503 3108 2098 3189; baseline 0.009 -27"><span class='ocrx_word' id='word_1_508' title='bbox 503 3108 822 3177; x_wconf 75' lang='lat' dir='ltr'><strong>coniunctio</strong></span> <span class='ocrx_word' id='word_1_509' title='bbox 864 3122 933 3176; x_wconf 85' lang='lat' dir='ltr'><strong>et,</strong></span> <span class='ocrx_word' id='word_1_510' title='bbox 968 3114 1127 3169; x_wconf 83' lang='lat' dir='ltr'><strong>sicuti</strong></span> <span class='ocrx_word' id='word_1_511' title='bbox 1165 3124 1223 3172; x_wconf 87' lang='lat' dir='ltr'><strong>et</strong></span> <span class='ocrx_word' id='word_1_512' title='bbox 1266 3133 1378 3185; x_wconf 84' lang='lat' dir='ltr'><strong>per,</strong></span> <span class='ocrx_word' id='word_1_513' title='bbox 1418 3120 1680 3189; x_wconf 86' lang='lat' dir='ltr'><strong>quiddam</strong></span> <span class='ocrx_word' id='word_1_514' title='bbox 1730 3123 1895 3176; x_wconf 89' lang='lat' dir='ltr'><strong>etiam</strong></span> <span class='ocrx_word' id='word_1_515' title='bbox 1944 3122 2098 3177; x_wconf 83' lang='lat' dir='ltr'><strong>aliud</strong></span> 
     </span>
    </p>
   </div>
   <div class='ocr_carea' id='block_1_65' title="bbox 503 3203 2097 3285">
    <p class='ocr_par' dir='ltr' id='par_1_65' title="bbox 503 3203 2097 3285">
     <span class='ocr_line' id='line_1_65' title="bbox 503 3203 2097 3285; baseline 0.013 -36"><span class='ocrx_word' id='word_1_516' title='bbox 503 3203 736 3269; x_wconf 72' lang='lat' dir='ltr'><strong>quaerit;</strong></span> <span class='ocrx_word' id='word_1_517' title='bbox 785 3205 1348 3279; x_wconf 79' lang='lat' dir='ltr'><strong>cunjunctionemque</strong></span> <span class='ocrx_word' id='word_1_518' title='bbox 1403 3212 1567 3265; x_wconf 88' lang='lat' dir='ltr'><strong>aliam</strong></span> <span class='ocrx_word' id='word_1_519' title='bbox 1613 3222 1687 3277; x_wconf 78' lang='lat' dir='ltr'><strong>et,</strong></span> <span class='ocrx_word' id='word_1_520' title='bbox 1747 3214 2097 3285; x_wconf 63' lang='lat' dir='ltr'><strong>pr&#39;eintelligi</strong></span> 
     </span>
    </p>
   </div>
   <div class='ocr_carea' id='block_1_66' title="bbox 505 3293 2099 3376">
    <p class='ocr_par' dir='ltr' id='par_1_66' title="bbox 505 3293 2099 3376">
     <span class='ocr_line' id='line_1_66' title="bbox 505 3293 2099 3376; baseline 0.009 -28"><span class='ocrx_word' id='word_1_521' title='bbox 505 3293 738 3351; x_wconf 80' lang='lat' dir='ltr'><strong>indicat.</strong></span> <span class='ocrx_word' id='word_1_522' title='bbox 779 3295 845 3356; x_wconf 82' lang='lat' dir='ltr'><strong>Et</strong></span> <span class='ocrx_word' id='word_1_523' title='bbox 879 3299 1025 3364; x_wconf 85' lang='lat' dir='ltr'><strong>vide,</strong></span> <span class='ocrx_word' id='word_1_524' title='bbox 1068 3310 1129 3355; x_wconf 91' lang='lat' dir='ltr'><strong>ut</strong></span> <span class='ocrx_word' id='word_1_525' title='bbox 1187 3304 1441 3374; x_wconf 84' lang='lat' dir='ltr'><strong>exemplo</strong></span> <span class='ocrx_word' id='word_1_526' title='bbox 1477 3306 1860 3376; x_wconf 85' lang='lat' dir='ltr'><strong>antiquiorum</strong></span> <span class='ocrx_word' id='word_1_527' title='bbox 1909 3309 2099 3363; x_wconf 79' lang='lat' dir='ltr'><strong>docto-</strong></span> 
     </span>
    </p>
   </div>
   <div class='ocr_carea' id='block_1_67' title="bbox 514 3392 2100 3470">
    <p class='ocr_par' dir='ltr' id='par_1_67' title="bbox 514 3392 2100 3470">
     <span class='ocr_line' id='line_1_67' title="bbox 514 3392 2100 3470; baseline 0.006 -25"><span class='ocrx_word' id='word_1_528' title='bbox 514 3403 634 3445; x_wconf 78' lang='lat' dir='ltr'><strong>tum</strong></span> <span class='ocrx_word' id='word_1_529' title='bbox 668 3399 722 3444; x_wconf 90' lang='lat' dir='ltr'><strong>et</strong></span> <span class='ocrx_word' id='word_1_530' title='bbox 759 3392 876 3461; x_wconf 89' lang='lat' dir='ltr'><strong>ipse</strong></span> <span class='ocrx_word' id='word_1_531' title='bbox 914 3392 1086 3459; x_wconf 86' lang='lat' dir='ltr'><strong>dicat,</strong></span> <span class='ocrx_word' id='word_1_532' title='bbox 1131 3394 1235 3450; x_wconf 85' lang='lat' dir='ltr'><strong>Per</strong></span> <span class='ocrx_word' id='word_1_533' title='bbox 1286 3394 1510 3452; x_wconf 84' lang='lat' dir='ltr'><strong>Filium.</strong></span> <span class='ocrx_word' id='word_1_534' title='bbox 1559 3399 1650 3452; x_wconf 79' lang='lat' dir='ltr'><strong>Ait</strong></span> <span class='ocrx_word' id='word_1_535' title='bbox 1701 3400 1847 3454; x_wconf 89' lang='lat' dir='ltr'><strong>enim</strong></span> <span class='ocrx_word' id='word_1_536' title='bbox 1883 3399 2100 3470; x_wconf 55' lang='lat' dir='ltr'><strong>:Spiriv</strong></span> 
     </span>
    </p>
   </div>
   <div class='ocr_carea' id='block_1_68' title="bbox 509 3488 2100 3550">
    <p class='ocr_par' dir='ltr' id='par_1_68' title="bbox 509 3488 2100 3550">
     <span class='ocr_line' id='line_1_68' title="bbox 509 3488 2100 3550; baseline 0.006 -13"><span class='ocrx_word' id='word_1_537' title='bbox 509 3491 601 3537; x_wconf 86' lang='lat' dir='ltr'><strong>tus</strong></span> <span class='ocrx_word' id='word_1_538' title='bbox 625 3496 855 3542; x_wconf 85' lang='lat' dir='ltr'><strong>sanctus</strong></span> <span class='ocrx_word' id='word_1_539' title='bbox 891 3488 1300 3544; x_wconf 76' lang='lat' dir='ltr'><strong>manifestativa</strong></span> <span class='ocrx_word' id='word_1_540' title='bbox 1329 3492 1415 3547; x_wconf 88' lang='lat' dir='ltr'><strong>vis</strong></span> <span class='ocrx_word' id='word_1_541' title='bbox 1451 3493 1686 3548; x_wconf 66' lang='lat' dir='ltr'><strong>occultat</strong></span> <span class='ocrx_word' id='word_1_542' title='bbox 1739 3493 1924 3550; x_wconf 85' lang='lat' dir='ltr'><strong>Patris</strong></span> <span class='ocrx_word' id='word_1_543' title='bbox 1959 3494 2100 3547; x_wconf 86' lang='lat' dir='ltr'><strong>divi-</strong></span> 
     </span>
    </p>
   </div>
   <div class='ocr_carea' id='block_1_69' title="bbox 517 3575 2103 3652">
    <p class='ocr_par' dir='ltr' id='par_1_69' title="bbox 517 3575 2103 3652">
     <span class='ocr_line' id='line_1_69' title="bbox 517 3575 2103 3652; baseline 0.005 -21"><span class='ocrx_word' id='word_1_544' title='bbox 517 3575 734 3645; x_wconf 84' lang='lat' dir='ltr'><strong>nitatis,</strong></span> <span class='ocrx_word' id='word_1_545' title='bbox 761 3581 1069 3647; x_wconf 86' lang='lat' dir='ltr'><strong>procedens</strong></span> <span class='ocrx_word' id='word_1_546' title='bbox 1091 3591 1260 3635; x_wconf 75' lang='lat' dir='ltr'><strong>estex</strong></span> <span class='ocrx_word' id='word_1_547' title='bbox 1285 3580 1450 3636; x_wconf 85' lang='lat' dir='ltr'><strong>Patre</strong></span> <span class='ocrx_word' id='word_1_548' title='bbox 1485 3598 1581 3652; x_wconf 87' lang='lat' dir='ltr'><strong>per</strong></span> <span class='ocrx_word' id='word_1_549' title='bbox 1600 3583 1823 3648; x_wconf 82' lang='lat' dir='ltr'><strong>Filium,</strong></span> <span class='ocrx_word' id='word_1_550' title='bbox 1863 3595 1923 3638; x_wconf 89' lang='lat' dir='ltr'><strong>ut</strong></span> <span class='ocrx_word' id='word_1_551' title='bbox 1951 3586 2103 3639; x_wconf 82' lang='lat' dir='ltr'><strong>novit</strong></span> 
     </span>
    </p>
   </div>
   <div class='ocr_carea' id='block_1_70' title="bbox 512 3669 2102 3746">
    <p class='ocr_par' dir='ltr' id='par_1_70' title="bbox 512 3669 2102 3746">
     <span class='ocr_line' id='line_1_70' title="bbox 512 3669 2102 3746; baseline 0.006 -24"><span class='ocrx_word' id='word_1_552' title='bbox 512 3669 654 3737; x_wconf 82' lang='lat' dir='ltr'><strong>ipse.</strong></span> <span class='ocrx_word' id='word_1_553' title='bbox 689 3669 948 3729; x_wconf 79' lang='lat' dir='ltr'><strong>Rursus:</strong></span> <span class='ocrx_word' id='word_1_554' title='bbox 983 3674 1108 3742; x_wconf 88' lang='lat' dir='ltr'><strong>Ipse</strong></span> <span class='ocrx_word' id='word_1_555' title='bbox 1146 3673 1339 3743; x_wconf 80' lang='lat' dir='ltr'><strong>igitur,</strong></span> <span class='ocrx_word' id='word_1_556' title='bbox 1375 3691 1571 3746; x_wconf 87' lang='lat' dir='ltr'><strong>nempe</strong></span> <span class='ocrx_word' id='word_1_557' title='bbox 1604 3677 1789 3743; x_wconf 84' lang='lat' dir='ltr'><strong>Pater,</strong></span> <span class='ocrx_word' id='word_1_558' title='bbox 1814 3687 1900 3732; x_wconf 90' lang='lat' dir='ltr'><strong>est</strong></span> <span class='ocrx_word' id='word_1_559' title='bbox 1923 3693 2102 3746; x_wconf 88' lang='lat' dir='ltr'><strong>mens,</strong></span> 
     </span>
    </p>
   </div>
   <div class='ocr_carea' id='block_1_71' title="bbox 505 3754 2108 3838">
    <p class='ocr_par' dir='ltr' id='par_1_71' title="bbox 505 3754 2108 3838">
     <span class='ocr_line' id='line_1_71' title="bbox 505 3754 2108 3838; baseline 0.007 -28"><span class='ocrx_word' id='word_1_560' title='bbox 505 3754 684 3815; x_wconf 75' lang='lat' dir='ltr'><strong>‘Verbi</strong></span> <span class='ocrx_word' id='word_1_561' title='bbox 705 3761 957 3833; x_wconf 84' lang='lat' dir='ltr'><strong>abyssus,</strong></span> <span class='ocrx_word' id='word_1_562' title='bbox 991 3762 1154 3819; x_wconf 87' lang='lat' dir='ltr'><strong>Ver-bi</strong></span> <span class='ocrx_word' id='word_1_563' title='bbox 1175 3766 1409 3832; x_wconf 70' lang='lat' dir='ltr'><strong>genitor,</strong></span> <span class='ocrx_word' id='word_1_564' title='bbox 1440 3780 1648 3836; x_wconf 87' lang='lat' dir='ltr'><strong>perque</strong></span> <span class='ocrx_word' id='word_1_565' title='bbox 1669 3765 1907 3832; x_wconf 78' lang='lat' dir='ltr'><strong>Verbum</strong></span> <span class='ocrx_word' id='word_1_566' title='bbox 1931 3765 2108 3838; x_wconf 89' lang='lat' dir='ltr'><strong>Spiri-</strong></span> 
     </span>
    </p>
   </div>
   <div class='ocr_carea' id='block_1_72' title="bbox 516 3852 2104 3928">
    <p class='ocr_par' dir='ltr' id='par_1_72' title="bbox 516 3852 2104 3928">
     <span class='ocr_line' id='line_1_72' title="bbox 516 3852 2104 3928; baseline 0.009 -27"><span class='ocrx_word' id='word_1_567' title='bbox 516 3860 612 3905; x_wconf 84' lang='lat' dir='ltr'><strong>tus</strong></span> <span class='ocrx_word' id='word_1_568' title='bbox 679 3852 1078 3909; x_wconf 83' lang='lat' dir='ltr'><strong>manifestativi</strong></span> <span class='ocrx_word' id='word_1_569' title='bbox 1138 3856 1464 3925; x_wconf 89' lang='lat' dir='ltr'><strong>productor.</strong></span> <span class='ocrx_word' id='word_1_570' title='bbox 1539 3855 1730 3927; x_wconf 85' lang='lat' dir='ltr'><strong>Itaque</strong></span> <span class='ocrx_word' id='word_1_571' title='bbox 1785 3862 1878 3928; x_wconf 91' lang='lat' dir='ltr'><strong>qui</strong></span> <span class='ocrx_word' id='word_1_572' title='bbox 1908 3860 2104 3916; x_wconf 89' lang='lat' dir='ltr'><strong>dicunt</strong></span> 
     </span>
    </p>
   </div>
   <div class='ocr_carea' id='block_1_73' title="bbox 514 3943 2104 4021">
    <p class='ocr_par' dir='ltr' id='par_1_73' title="bbox 514 3943 2104 4021">
     <span class='ocr_line' id='line_1_73' title="bbox 514 3943 2104 4021; baseline 0.01 -28"><span class='ocrx_word' id='word_1_573' title='bbox 514 3943 958 4013; x_wconf 66' lang='lat' dir='ltr'><strong>praepositionem</strong></span> <span class='ocrx_word' id='word_1_574' title='bbox 1015 3961 1108 4014; x_wconf 78' lang='lat' dir='ltr'><strong>per</strong></span> <span class='ocrx_word' id='word_1_575' title='bbox 1161 3950 1305 4002; x_wconf 88' lang='lat' dir='ltr'><strong>sumi</strong></span> <span class='ocrx_word' id='word_1_576' title='bbox 1356 3948 1480 4004; x_wconf 88' lang='lat' dir='ltr'><strong>loco</strong></span> <span class='ocrx_word' id='word_1_577' title='bbox 1511 3951 1924 4020; x_wconf 76' lang='lat' dir='ltr'><strong>praepositionis</strong></span> <span class='ocrx_word' id='word_1_578' title='bbox 1964 3970 2104 4021; x_wconf 80' lang='lat' dir='ltr'><strong>cum,</strong></span> 
     </span>
    </p>
   </div>
   <div class='ocr_carea' id='block_1_74' title="bbox 518 4034 2104 4114">
    <p class='ocr_par' dir='ltr' id='par_1_74' title="bbox 518 4034 2104 4114">
     <span class='ocr_line' id='line_1_74' title="bbox 518 4034 2104 4114; baseline 0.008 -26"><span class='ocrx_word' id='word_1_579' title='bbox 518 4034 827 4106; x_wconf 84' lang='lat' dir='ltr'><strong>intelligant</strong></span> <span class='ocrx_word' id='word_1_580' title='bbox 867 4045 921 4092; x_wconf 87' lang='lat' dir='ltr'><strong>et</strong></span> <span class='ocrx_word' id='word_1_581' title='bbox 979 4036 1256 4094; x_wconf 86' lang='lat' dir='ltr'><strong>fateantur</strong></span> <span class='ocrx_word' id='word_1_582' title='bbox 1296 4040 1401 4096; x_wconf 85' lang='lat' dir='ltr'><strong>hoc</strong></span> <span class='ocrx_word' id='word_1_583' title='bbox 1435 4042 1559 4098; x_wconf 92' lang='lat' dir='ltr'><strong>loco</strong></span> <span class='ocrx_word' id='word_1_584' title='bbox 1598 4043 1789 4110; x_wconf 84' lang='lat' dir='ltr'><strong>etiam,</strong></span> <span class='ocrx_word' id='word_1_585' title='bbox 1840 4057 2104 4114; x_wconf 83' lang='lat' dir='ltr'><strong>mentem,</strong></span> 
     </span>
    </p>
   </div>
   <div class='ocr_carea' id='block_1_75' title="bbox 517 4127 2109 4204">
    <p class='ocr_par' dir='ltr' id='par_1_75' title="bbox 517 4127 2109 4204">
     <span class='ocr_line' id='line_1_75' title="bbox 517 4127 2109 4204; baseline 0.008 -25"><span class='ocrx_word' id='word_1_586' title='bbox 517 4127 684 4182; x_wconf 78' lang='lat' dir='ltr'><strong>Verbi</strong></span> <span class='ocrx_word' id='word_1_587' title='bbox 723 4129 1008 4200; x_wconf 83' lang='lat' dir='ltr'><strong>abyssum,</strong></span> <span class='ocrx_word' id='word_1_588' title='bbox 1057 4129 1224 4187; x_wconf 83' lang='lat' dir='ltr'><strong>Verbi</strong></span> <span class='ocrx_word' id='word_1_589' title='bbox 1283 4135 1588 4204; x_wconf 85' lang='lat' dir='ltr'><strong>genitorem</strong></span> <span class='ocrx_word' id='word_1_590' title='bbox 1627 4149 1736 4191; x_wconf 88' lang='lat' dir='ltr'><strong>una</strong></span> <span class='ocrx_word' id='word_1_591' title='bbox 1772 4151 1900 4192; x_wconf 88' lang='lat' dir='ltr'><strong>cum</strong></span> <span class='ocrx_word' id='word_1_592' title='bbox 1928 4136 2109 4194; x_wconf 81' lang='lat' dir='ltr'><strong>Verbo</strong></span> 
     </span>
    </p>
   </div>
   <div class='ocr_carea' id='block_1_76' title="bbox 519 4219 2111 4302">
    <p class='ocr_par' dir='ltr' id='par_1_76' title="bbox 519 4219 2111 4302">
     <span class='ocr_line' id='line_1_76' title="bbox 519 4219 2111 4302; baseline 0.009 -31"><span class='ocrx_word' id='word_1_593' title='bbox 519 4219 823 4288; x_wconf 84' lang='lat' dir='ltr'><strong>producere</strong></span> <span class='ocrx_word' id='word_1_594' title='bbox 855 4220 1147 4291; x_wconf 85' lang='lat' dir='ltr'><strong>Spiritum.</strong></span> <span class='ocrx_word' id='word_1_595' title='bbox 1182 4223 1406 4292; x_wconf 83' lang='lat' dir='ltr'><strong>Verum,</strong></span> <span class='ocrx_word' id='word_1_596' title='bbox 1441 4237 1499 4280; x_wconf 86' lang='lat' dir='ltr'><strong>ut</strong></span> <span class='ocrx_word' id='word_1_597' title='bbox 1525 4237 1679 4297; x_wconf 92' lang='lat' dir='ltr'><strong>puto,</strong></span> <span class='ocrx_word' id='word_1_598' title='bbox 1710 4244 1824 4302; x_wconf 87' lang='lat' dir='ltr'><strong>_non</strong></span> <span class='ocrx_word' id='word_1_599' title='bbox 1856 4227 2111 4285; x_wconf 83' lang='lat' dir='ltr'><strong>fatebun-</strong></span> 
     </span>
    </p>
   </div>
   <div class='ocr_carea' id='block_1_77' title="bbox 517 4313 2110 4389">
    <p class='ocr_par' dir='ltr' id='par_1_77' title="bbox 517 4313 2110 4389">
     <span class='ocr_line' id='line_1_77' title="bbox 517 4313 2110 4389; baseline 0.008 -24"><span class='ocrx_word' id='word_1_600' title='bbox 517 4323 634 4366; x_wconf 88' lang='lat' dir='ltr'><strong>tur.</strong></span> <span class='ocrx_word' id='word_1_601' title='bbox 676 4313 857 4383; x_wconf 70' lang='lat' dir='ltr'><strong>Atque</strong></span> <span class='ocrx_word' id='word_1_602' title='bbox 916 4315 1045 4370; x_wconf 91' lang='lat' dir='ltr'><strong>binc</strong></span> <span class='ocrx_word' id='word_1_603' title='bbox 1099 4317 1252 4372; x_wconf 72' lang='lat' dir='ltr'><strong>falsae</strong></span> <span class='ocrx_word' id='word_1_604' title='bbox 1280 4321 1651 4389; x_wconf 81' lang='lat' dir='ltr'><strong>expositionis</strong></span> <span class='ocrx_word' id='word_1_605' title='bbox 1699 4321 1979 4377; x_wconf 89' lang='lat' dir='ltr'><strong>inventum</strong></span> <span class='ocrx_word' id='word_1_606' title='bbox 2025 4339 2110 4378; x_wconf 57' lang='lat' dir='ltr'><strong>re~</strong></span> 
     </span>
    </p>
   </div>
   <div class='ocr_carea' id='block_1_78' title="bbox 2201 3113 3774 3194">
    <p class='ocr_par' dir='ltr' id='par_1_78' title="bbox 2201 3113 3774 3194">
     <span class='ocr_line' id='line_1_78' title="bbox 2201 3113 3774 3194; baseline -0.012 -14"><span class='ocrx_word' id='word_1_607' title='bbox 2201 3129 2261 3180; x_wconf 82' lang='grc' dir='ltr'>οὐ</span> <span class='ocrx_word' id='word_1_608' title='bbox 2313 3126 2565 3194; x_wconf 80' lang='grc' dir='ltr'>λέγομεν.</span> <span class='ocrx_word' id='word_1_609' title='bbox 2609 3123 2669 3176; x_wconf 88' lang='lat'><strong>&#39;0</strong></span> <span class='ocrx_word' id='word_1_610' title='bbox 2726 3117 3018 3191; x_wconf 71' lang='grc' dir='ltr'>γὰρ,’καῑ,</span> <span class='ocrx_word' id='word_1_611' title='bbox 3068 3117 3368 3186; x_wconf 79' lang='grc' dir='ltr'>σύνδεσμος</span> <span class='ocrx_word' id='word_1_612' title='bbox 3423 3114 3520 3168; x_wconf 72' lang='grc' dir='ltr'><strong>καὶ</strong></span> <span class='ocrx_word' id='word_1_613' title='bbox 3553 3113 3681 3166; x_wconf 74' lang='grc' dir='ltr'>ἄλλο</span> <span class='ocrx_word' id='word_1_614' title='bbox 3726 3128 3774 3163; x_wconf 83' lang='grc' dir='ltr'><strong>τι</strong></span> 
     </span>
    </p>
   </div>
   <div class='ocr_carea' id='block_1_79' title="bbox 2201 3207 3775 3290">
    <p class='ocr_par' dir='ltr' id='par_1_79' title="bbox 2201 3207 3775 3290">
     <span class='ocr_line' id='line_1_79' title="bbox 2201 3207 3775 3290; baseline -0.011 -16"><span class='ocrx_word' id='word_1_615' title='bbox 2201 3221 2374 3290; x_wconf 77' lang='grc' dir='ltr'>ζητεῖ,</span> <span class='ocrx_word' id='word_1_616' title='bbox 2427 3218 2619 3285; x_wconf 80' lang='grc' dir='ltr'>ὥσπερ</span> <span class='ocrx_word' id='word_1_617' title='bbox 2654 3216 2752 3268; x_wconf 72' lang='grc' dir='ltr'><strong>καὶ</strong></span> <span class='ocrx_word' id='word_1_618' title='bbox 2795 3217 2848 3284; x_wconf 80' lang='grc' dir='ltr'><strong>ὴ.</strong></span> <span class='ocrx_word' id='word_1_619' title='bbox 2880 3211 3000 3278; x_wconf 84' lang='grc' dir='ltr'>διὰ,</span> <span class='ocrx_word' id='word_1_620' title='bbox 3052 3210 3338 3282; x_wconf 82' lang='grc' dir='ltr'>πρόθεσις,</span> <span class='ocrx_word' id='word_1_621' title='bbox 3390 3207 3491 3261; x_wconf 73' lang='grc' dir='ltr'><strong>καὶ</strong></span> <span class='ocrx_word' id='word_1_622' title='bbox 3544 3222 3775 3277; x_wconf 80' lang='grc' dir='ltr'>προεπιο</span> 
     </span>
    </p>
   </div>
   <div class='ocr_carea' id='block_1_80' title="bbox 2201 3296 3778 3383">
    <p class='ocr_par' dir='ltr' id='par_1_80' title="bbox 2201 3296 3778 3383">
     <span class='ocr_line' id='line_1_80' title="bbox 2201 3296 3778 3383; baseline -0.012 -15"><span class='ocrx_word' id='word_1_623' title='bbox 2201 3313 2496 3383; x_wconf 85' lang='grc' dir='ltr'>νοούμενον</span> <span class='ocrx_word' id='word_1_624' title='bbox 2548 3309 2662 3381; x_wconf 68' lang='grc' dir='ltr'>ἔχει</span> <span class='ocrx_word' id='word_1_625' title='bbox 2713 3308 2826 3370; x_wconf 77' lang='grc' dir='ltr'>τὸν,</span> <span class='ocrx_word' id='word_1_626' title='bbox 2884 3305 3007 3371; x_wconf 75' lang='grc' dir='ltr'>καὶ,</span> <span class='ocrx_word' id='word_1_627' title='bbox 3065 3303 3385 3371; x_wconf 85' lang='grc' dir='ltr'>σύνδεσμον.</span> <span class='ocrx_word' id='word_1_628' title='bbox 3430 3300 3577 3370; x_wconf 88' lang='grc' dir='ltr'>Ὅρα</span> <span class='ocrx_word' id='word_1_629' title='bbox 3622 3297 3678 3351; x_wconf 73' lang='grc' dir='ltr'><strong>δὲ</strong></span> <span class='ocrx_word' id='word_1_630' title='bbox 3723 3296 3778 3350; x_wconf 71' lang='grc' dir='ltr'><strong>τὸ</strong></span> 
     </span>
    </p>
   </div>
   <div class='ocr_carea' id='block_1_81' title="bbox 2201 3387 3778 3470">
    <p class='ocr_par' dir='ltr' id='par_1_81' title="bbox 2201 3387 3778 3470">
     <span class='ocr_line' id='line_1_81' title="bbox 2201 3387 3778 3470; baseline -0.012 -11"><span class='ocrx_word' id='word_1_631' title='bbox 2201 3406 2302 3459; x_wconf 80' lang='grc' dir='ltr'><strong>Διὰ</strong></span> <span class='ocrx_word' id='word_1_632' title='bbox 2332 3404 2424 3459; x_wconf 77' lang='grc' dir='ltr'><strong>τοῦ</strong></span> <span class='ocrx_word' id='word_1_633' title='bbox 2457 3403 2607 3468; x_wconf 88' lang='grc' dir='ltr'>Υίοῦ,</span> <span class='ocrx_word' id='word_1_634' title='bbox 2646 3402 2794 3464; x_wconf 82' lang='grc' dir='ltr'>ὅπως</span> <span class='ocrx_word' id='word_1_635' title='bbox 2825 3399 3094 3470; x_wconf 74' lang='grc' dir='ltr'>ἑπόμενος</span> <span class='ocrx_word' id='word_1_636' title='bbox 3128 3398 3240 3458; x_wconf 72' lang='grc' dir='ltr'>τοῖς</span> <span class='ocrx_word' id='word_1_637' title='bbox 3288 3394 3500 3456; x_wconf 75' lang='grc' dir='ltr'>λοιποῖς</span> <span class='ocrx_word' id='word_1_638' title='bbox 3549 3390 3655 3462; x_wconf 79' lang='grc' dir='ltr'><strong>πρὸ</strong></span> <span class='ocrx_word' id='word_1_639' title='bbox 3689 3387 3778 3442; x_wconf 65' lang='grc' dir='ltr'>αὖε</span> 
     </span>
    </p>
   </div>
   <div class='ocr_carea' id='block_1_82' title="bbox 2202 3483 3776 3567">
    <p class='ocr_par' dir='ltr' id='par_1_82' title="bbox 2202 3483 3776 3567">
     <span class='ocr_line' id='line_1_82' title="bbox 2202 3483 3776 3567; baseline -0.013 -13"><span class='ocrx_word' id='word_1_640' title='bbox 2202 3500 2296 3554; x_wconf 85' lang='grc' dir='ltr'><strong>τοῦ</strong></span> <span class='ocrx_word' id='word_1_641' title='bbox 2323 3498 2499 3567; x_wconf 79' lang='grc' dir='ltr'>ἁγίοις</span> <span class='ocrx_word' id='word_1_642' title='bbox 2532 3495 2681 3564; x_wconf 85' lang='grc' dir='ltr'>λέγει</span> <span class='ocrx_word' id='word_1_643' title='bbox 2711 3509 2726 3523; x_wconf 84' lang='lat'><strong><em>°</em></strong></span> <span class='ocrx_word' id='word_1_644' title='bbox 2763 3494 2900 3564; x_wconf 77' lang='grc' dir='ltr'>φησὶ</span> <span class='ocrx_word' id='word_1_645' title='bbox 2946 3491 3057 3561; x_wconf 80' lang='grc' dir='ltr'>γάρ</span> <span class='ocrx_word' id='word_1_646' title='bbox 3080 3505 3097 3523; x_wconf 79' lang='lat'><strong><em>°</em></strong></span> <span class='ocrx_word' id='word_1_647' title='bbox 3155 3489 3216 3542; x_wconf 76' lang='grc' dir='ltr'>τὸ</span> <span class='ocrx_word' id='word_1_648' title='bbox 3254 3485 3482 3556; x_wconf 79' lang='grc' dir='ltr'>Πνεῦμα</span> <span class='ocrx_word' id='word_1_649' title='bbox 3513 3484 3575 3537; x_wconf 80' lang='grc' dir='ltr'><strong>τὺ</strong></span> <span class='ocrx_word' id='word_1_650' title='bbox 3609 3483 3776 3551; x_wconf 76' lang='grc' dir='ltr'>ἆγιον.</span> 
     </span>
    </p>
   </div>
   <div class='ocr_carea' id='block_1_83' title="bbox 2203 3577 3780 3664">
    <p class='ocr_par' dir='ltr' id='par_1_83' title="bbox 2203 3577 3780 3664">
     <span class='ocr_line' id='line_1_83' title="bbox 2203 3577 3780 3664; baseline -0.013 -16"><span class='ocrx_word' id='word_1_651' title='bbox 2203 3597 2236 3664; x_wconf 81' lang='grc' dir='ltr'><strong>ἡ</strong></span> <span class='ocrx_word' id='word_1_652' title='bbox 2277 3589 2653 3662; x_wconf 78' lang='grc' dir='ltr'>ὲκφαντορικὴ</span> <span class='ocrx_word' id='word_1_653' title='bbox 2700 3587 2796 3641; x_wconf 90' lang='grc' dir='ltr'><strong>τοῦ</strong></span> <span class='ocrx_word' id='word_1_654' title='bbox 2835 3585 3071 3656; x_wconf 83' lang='grc' dir='ltr'>κρυφίου</span> <span class='ocrx_word' id='word_1_655' title='bbox 3107 3583 3209 3651; x_wconf 79' lang='grc' dir='ltr'>τῆς</span> <span class='ocrx_word' id='word_1_656' title='bbox 3253 3580 3512 3648; x_wconf 73' lang='grc' dir='ltr'>θεότητος</span> <span class='ocrx_word' id='word_1_657' title='bbox 3555 3577 3780 3643; x_wconf 80' lang='grc' dir='ltr'>δύναμις</span> 
     </span>
    </p>
   </div>
   <div class='ocr_carea' id='block_1_84' title="bbox 2202 3669 3774 3753">
    <p class='ocr_par' dir='ltr' id='par_1_84' title="bbox 2202 3669 3774 3753">
     <span class='ocr_line' id='line_1_84' title="bbox 2202 3669 3774 3753; baseline -0.013 -13"><span class='ocrx_word' id='word_1_658' title='bbox 2202 3671 2299 3741; x_wconf 81' lang='grc' dir='ltr'><strong>τοῦ</strong></span> <span class='ocrx_word' id='word_1_659' title='bbox 2324 3685 2562 3753; x_wconf 78' lang='grc' dir='ltr'>Πατρδς.</span> <span class='ocrx_word' id='word_1_660' title='bbox 2595 3683 2660 3735; x_wconf 67' lang='grc' dir='ltr'>εκ</span> <span class='ocrx_word' id='word_1_661' title='bbox 2690 3679 2905 3750; x_wconf 88' lang='grc' dir='ltr'>Πατρός</span> <span class='ocrx_word' id='word_1_662' title='bbox 2932 3674 3150 3730; x_wconf 77' lang='grc' dir='ltr'>ἑστι·δι’</span> <span class='ocrx_word' id='word_1_663' title='bbox 3183 3673 3314 3727; x_wconf 81' lang='grc' dir='ltr'>Υίοῦ</span> <span class='ocrx_word' id='word_1_664' title='bbox 3343 3669 3774 3740; x_wconf 62' lang='grc' dir='ltr'>ἐκπορευομένη,</span> 
     </span>
    </p>
   </div>
   <div class='ocr_carea' id='block_1_85' title="bbox 2206 3759 3780 3841">
    <p class='ocr_par' dir='ltr' id='par_1_85' title="bbox 2206 3759 3780 3841">
     <span class='ocr_line' id='line_1_85' title="bbox 2206 3759 3780 3841; baseline -0.013 -9"><span class='ocrx_word' id='word_1_665' title='bbox 2206 3779 2283 3841; x_wconf 78' lang='grc' dir='ltr'><strong>ὡς</strong></span> <span class='ocrx_word' id='word_1_666' title='bbox 2326 3771 2457 3831; x_wconf 82' lang='grc' dir='ltr'>οἶδε.</span> <span class='ocrx_word' id='word_1_667' title='bbox 2510 3775 2623 3830; x_wconf 78' lang='grc' dir='ltr'><strong>Καὶ</strong></span> <span class='ocrx_word' id='word_1_668' title='bbox 2655 3773 2840 3826; x_wconf 81' lang='grc' dir='ltr'>πάλιν·</span> <span class='ocrx_word' id='word_1_669' title='bbox 2876 3769 3052 3832; x_wconf 79' lang='grc' dir='ltr'>Αὐτὸς</span> <span class='ocrx_word' id='word_1_670' title='bbox 3084 3767 3181 3838; x_wconf 85' lang='grc' dir='ltr'>μέν</span> <span class='ocrx_word' id='word_1_671' title='bbox 3205 3768 3328 3821; x_wconf 66' lang='grc' dir='ltr'>ἐστι</span> <span class='ocrx_word' id='word_1_672' title='bbox 3359 3764 3510 3827; x_wconf 88' lang='grc' dir='ltr'>νοῦς,</span> <span class='ocrx_word' id='word_1_673' title='bbox 3539 3764 3567 3814; x_wconf 93' lang='lat'><strong>6</strong></span> <span class='ocrx_word' id='word_1_674' title='bbox 3600 3759 3780 3827; x_wconf 78' lang='grc' dir='ltr'>Πατὴρ</span> 
     </span>
    </p>
   </div>
   <div class='ocr_carea' id='block_1_86' title="bbox 2207 3848 3782 3939">
    <p class='ocr_par' dir='ltr' id='par_1_86' title="bbox 2207 3848 3782 3939">
     <span class='ocr_line' id='line_1_86' title="bbox 2207 3848 3782 3939; baseline -0.014 -14"><span class='ocrx_word' id='word_1_675' title='bbox 2207 3872 2394 3939; x_wconf 83' lang='grc' dir='ltr'>δῆλον,</span> <span class='ocrx_word' id='word_1_676' title='bbox 2435 3869 2613 3935; x_wconf 86' lang='grc' dir='ltr'>Λόγου</span> <span class='ocrx_word' id='word_1_677' title='bbox 2667 3864 2933 3927; x_wconf 75' lang='grc' dir='ltr'>όιΰυσσος,</span> <span class='ocrx_word' id='word_1_678' title='bbox 2973 3861 3151 3929; x_wconf 83' lang='grc' dir='ltr'>Λόγου</span> <span class='ocrx_word' id='word_1_679' title='bbox 3203 3857 3512 3928; x_wconf 81' lang='grc' dir='ltr'>γεννήτωρ,</span> <span class='ocrx_word' id='word_1_680' title='bbox 3565 3856 3660 3907; x_wconf 77' lang='grc' dir='ltr'><strong>καὶ</strong></span> <span class='ocrx_word' id='word_1_681' title='bbox 3703 3848 3782 3904; x_wconf 78' lang='grc' dir='ltr'><strong>διὰ</strong></span> 
     </span>
    </p>
   </div>
   <div class='ocr_carea' id='block_1_87' title="bbox 2207 3942 3785 4032">
    <p class='ocr_par' dir='ltr' id='par_1_87' title="bbox 2207 3942 3785 4032">
     <span class='ocr_line' id='line_1_87' title="bbox 2207 3942 3785 4032; baseline -0.015 -14"><span class='ocrx_word' id='word_1_682' title='bbox 2207 3966 2384 4031; x_wconf 82' lang='grc' dir='ltr'>Λόγου</span> <span class='ocrx_word' id='word_1_683' title='bbox 2412 3959 2716 4032; x_wconf 73' lang='grc' dir='ltr'>προϐολεὺς</span> <span class='ocrx_word' id='word_1_684' title='bbox 2749 3951 3156 4025; x_wconf 74' lang='grc' dir='ltr'>ἑκφαντορικοῦ</span> <span class='ocrx_word' id='word_1_685' title='bbox 3185 3949 3526 4020; x_wconf 69' lang='grc' dir='ltr'>Πνεῦματος.</span> <span class='ocrx_word' id='word_1_686' title='bbox 3567 3947 3632 4000; x_wconf 83' lang='lat' dir='ltr'><strong>Ol</strong></span> <span class='ocrx_word' id='word_1_687' title='bbox 3661 3942 3785 4013; x_wconf 82' lang='grc' dir='ltr'>γοῦν</span> 
     </span>
    </p>
   </div>
   <div class='ocr_carea' id='block_1_88' title="bbox 2207 4037 3782 4132">
    <p class='ocr_par' dir='ltr' id='par_1_88' title="bbox 2207 4037 3782 4132">
     <span class='ocr_line' id='line_1_88' title="bbox 2207 4037 3782 4132; baseline -0.014 -23"><span class='ocrx_word' id='word_1_688' title='bbox 2207 4053 2590 4132; x_wconf 37' lang='grc' dir='ltr'>λέγοντεςκότι</span> <span class='ocrx_word' id='word_1_689' title='bbox 2625 4052 2696 4120; x_wconf 75' lang='grc' dir='ltr'>ἡ,</span> <span class='ocrx_word' id='word_1_690' title='bbox 2740 4049 2838 4103; x_wconf 83' lang='grc' dir='ltr'><strong>διὰ</strong></span> <span class='ocrx_word' id='word_1_691' title='bbox 2873 4090 2887 4114; x_wconf 91' lang='grc'><strong>,</strong></span> <span class='ocrx_word' id='word_1_692' title='bbox 2923 4045 3184 4117; x_wconf 82' lang='grc' dir='ltr'>πρόθεσις</span> <span class='ocrx_word' id='word_1_693' title='bbox 3237 4043 3360 4096; x_wconf 55' lang='grc' dir='ltr'><strong>ἀντὶ⁸</strong></span> <span class='ocrx_word' id='word_1_694' title='bbox 3423 4041 3521 4109; x_wconf 79' lang='grc' dir='ltr'>τῆς</span> <span class='ocrx_word' id='word_1_695' title='bbox 3547 4079 3564 4104; x_wconf 88' lang='grc'><strong>,</strong></span> <span class='ocrx_word' id='word_1_696' title='bbox 3598 4037 3745 4107; x_wconf 76' lang='grc' dir='ltr'>μετὰ</span> <span class='ocrx_word' id='word_1_697' title='bbox 3767 4073 3782 4098; x_wconf 86' lang='grc'><strong>,</strong></span> 
     </span>
    </p>
   </div>
   <div class='ocr_carea' id='block_1_89' title="bbox 2212 4132 3786 4220">
    <p class='ocr_par' dir='ltr' id='par_1_89' title="bbox 2212 4132 3786 4220">
     <span class='ocr_line' id='line_1_89' title="bbox 2212 4132 3786 4220; baseline -0.018 -13"><span class='ocrx_word' id='word_1_698' title='bbox 2212 4151 2533 4220; x_wconf 75' lang='grc' dir='ltr'>προθέσεως</span> <span class='ocrx_word' id='word_1_699' title='bbox 2571 4147 2937 4217; x_wconf 72' lang='grc' dir='ltr'>λαμϐάνεται,</span> <span class='ocrx_word' id='word_1_700' title='bbox 2989 4141 3086 4195; x_wconf 71' lang='grc' dir='ltr'><strong>καὶ</strong></span> <span class='ocrx_word' id='word_1_701' title='bbox 3133 4140 3255 4210; x_wconf 84' lang='grc' dir='ltr'>τῆς,</span> <span class='ocrx_word' id='word_1_702' title='bbox 3317 4135 3462 4200; x_wconf 75' lang='grc' dir='ltr'>σὺν,</span> <span class='ocrx_word' id='word_1_703' title='bbox 3497 4132 3786 4187; x_wconf 87' lang='grc' dir='ltr'>νοείτωσαν</span> 
     </span>
    </p>
   </div>
   <div class='ocr_carea' id='block_1_90' title="bbox 2211 4222 3785 4310">
    <p class='ocr_par' dir='ltr' id='par_1_90' title="bbox 2211 4222 3785 4310">
     <span class='ocr_line' id='line_1_90' title="bbox 2211 4222 3785 4310; baseline -0.017 -12"><span class='ocrx_word' id='word_1_704' title='bbox 2211 4244 2310 4298; x_wconf 74' lang='grc' dir='ltr'><strong>καὶ</strong></span> <span class='ocrx_word' id='word_1_705' title='bbox 2364 4243 2678 4310; x_wconf 82' lang='grc' dir='ltr'>λεγέτωσαν</span> <span class='ocrx_word' id='word_1_706' title='bbox 2737 4239 2835 4291; x_wconf 75' lang='grc' dir='ltr'><strong>καὶ</strong></span> <span class='ocrx_word' id='word_1_707' title='bbox 2877 4232 3137 4299; x_wconf 70' lang='grc' dir='ltr'>ἐνταῦθα,</span> <span class='ocrx_word' id='word_1_708' title='bbox 3189 4232 3274 4284; x_wconf 84' lang='grc' dir='ltr'>ὅτι</span> <span class='ocrx_word' id='word_1_709' title='bbox 3318 4231 3347 4283; x_wconf 97' lang='lat'><strong>6</strong></span> <span class='ocrx_word' id='word_1_710' title='bbox 3378 4227 3505 4290; x_wconf 91' lang='grc' dir='ltr'>νοῦς</span> <span class='ocrx_word' id='word_1_711' title='bbox 3548 4225 3578 4278; x_wconf 87' lang='lat'><strong>6</strong></span> <span class='ocrx_word' id='word_1_712' title='bbox 3618 4222 3785 4291; x_wconf 76' lang='grc' dir='ltr'>Λόγου</span> 
     </span>
    </p>
   </div>
   <div class='ocr_carea' id='block_1_91' title="bbox 2213 4317 3785 4399">
    <p class='ocr_par' dir='ltr' id='par_1_91' title="bbox 2213 4317 3785 4399">
     <span class='ocr_line' id='line_1_91' title="bbox 2213 4317 3785 4399; baseline -0.017 -9"><span class='ocrx_word' id='word_1_713' title='bbox 2213 4339 2290 4390; x_wconf 83' lang='grc' dir='ltr'>ὢν</span> <span class='ocrx_word' id='word_1_714' title='bbox 2322 4335 2581 4399; x_wconf 78' lang='grc' dir='ltr'>ἄϐυσσος,</span> <span class='ocrx_word' id='word_1_715' title='bbox 2627 4332 2654 4383; x_wconf 91' lang='lat'><strong>6</strong></span> <span class='ocrx_word' id='word_1_716' title='bbox 2689 4331 2869 4399; x_wconf 80' lang='grc' dir='ltr'>Λόγου</span> <span class='ocrx_word' id='word_1_717' title='bbox 2927 4327 3213 4397; x_wconf 80' lang='grc' dir='ltr'>γεννήτωρ</span> <span class='ocrx_word' id='word_1_718' title='bbox 3264 4321 3407 4394; x_wconf 76' lang='grc' dir='ltr'>μετὰ</span> <span class='ocrx_word' id='word_1_719' title='bbox 3459 4318 3555 4374; x_wconf 89' lang='grc' dir='ltr'><strong>τοῦ</strong></span> <span class='ocrx_word' id='word_1_720' title='bbox 3620 4317 3785 4382; x_wconf 83' lang='grc' dir='ltr'>Λόγου</span> 
     </span>
    </p>
   </div>
   <div class='ocr_carea' id='block_1_92' title="bbox 519 4407 2098 4502">
    <p class='ocr_par' dir='ltr' id='par_1_92' title="bbox 519 4407 2098 4486">
     <span class='ocr_line' id='line_1_92' title="bbox 519 4407 2098 4486; baseline 0.006 -26"><span class='ocrx_word' id='word_1_721' title='bbox 519 4407 844 4476; x_wconf 78' lang='lat' dir='ltr'><strong>dargnotur.</strong></span> <span class='ocrx_word' id='word_1_722' title='bbox 875 4407 994 4463; x_wconf 86' lang='lat' dir='ltr'><strong>Non</strong></span> <span class='ocrx_word' id='word_1_723' title='bbox 1033 4412 1177 4464; x_wconf 86' lang='lat' dir='ltr'><strong>enim</strong></span> <span class='ocrx_word' id='word_1_724' title='bbox 1215 4412 1417 4466; x_wconf 81' lang='lat' dir='ltr'><strong>frustra</strong></span> <span class='ocrx_word' id='word_1_725' title='bbox 1455 4425 1706 4486; x_wconf 81' lang='lat' dir='ltr'><strong>sanctus.</strong></span> <span class='ocrx_word' id='word_1_726' title='bbox 1736 4415 1828 4469; x_wconf 88' lang='lat' dir='ltr'><strong>ubi</strong></span> <span class='ocrx_word' id='word_1_727' title='bbox 1855 4417 2098 4486; x_wconf 71' lang='lat' dir='ltr'><strong>negasset</strong></span> 
     </span>
    </p>
   </div>
   <div class='ocr_carea' id='block_1_93' title="bbox 2203 4407 3786 4502">
    <p class='ocr_par' dir='ltr' id='par_1_93' title="bbox 2218 4410 3786 4502">
     <span class='ocr_line' id='line_1_93' title="bbox 2218 4410 3786 4502; baseline -0.015 -19"><span class='ocrx_word' id='word_1_728' title='bbox 2218 4427 2611 4502; x_wconf 74' lang='grc' dir='ltr'>προϐάλλει’τὸ</span> <span class='ocrx_word' id='word_1_729' title='bbox 2652 4423 2879 4494; x_wconf 83' lang='grc' dir='ltr'>Πνεῦμα</span> <span class='ocrx_word' id='word_1_730' title='bbox 2904 4463 2918 4488; x_wconf 92' lang='grc'><strong>,</strong></span> <span class='ocrx_word' id='word_1_731' title='bbox 2964 4421 2998 4492; x_wconf 83' lang='grc' dir='ltr'>ἢ</span> <span class='ocrx_word' id='word_1_732' title='bbox 3035 4420 3132 4474; x_wconf 81' lang='grc' dir='ltr'>σὺν</span> <span class='ocrx_word' id='word_1_733' title='bbox 3170 4417 3247 4489; x_wconf 79' lang='grc' dir='ltr'>τῷ</span> <span class='ocrx_word' id='word_1_734' title='bbox 3281 4416 3443 4486; x_wconf 85' lang='grc' dir='ltr'>Λόγῳ</span> <span class='ocrx_word' id='word_1_735' title='bbox 3476 4410 3786 4483; x_wconf 74' lang='grc' dir='ltr'>προϐάλλει.</span> 
     </span>
    </p>
   </div>
   <div class='ocr_carea' id='block_1_94' title="bbox 520 4500 2108 4576">
    <p class='ocr_par' dir='ltr' id='par_1_94' title="bbox 520 4500 2108 4576">
     <span class='ocr_line' id='line_1_94' title="bbox 520 4500 2108 4576; baseline 0.006 -24"><span class='ocrx_word' id='word_1_736' title='bbox 520 4500 970 4570; x_wconf 67' lang='grc' dir='ltr'>μεεροεὶιίοηεηι</span> <span class='ocrx_word' id='word_1_737' title='bbox 1031 4518 1118 4566; x_wconf 73' lang='lat' dir='ltr'><strong>ex,</strong></span> <span class='ocrx_word' id='word_1_738' title='bbox 1155 4503 1340 4557; x_wconf 75' lang='lat' dir='ltr'><strong>intulit</strong></span> <span class='ocrx_word' id='word_1_739' title='bbox 1373 4521 1502 4572; x_wconf 79' lang='lat' dir='ltr'><strong>per;</strong></span> <span class='ocrx_word' id='word_1_740' title='bbox 1536 4505 1637 4561; x_wconf 87' lang='lat' dir='ltr'><strong>sed</strong></span> <span class='ocrx_word' id='word_1_741' title='bbox 1681 4507 1750 4562; x_wconf 89' lang='lat' dir='ltr'><strong>ob</strong></span> <span class='ocrx_word' id='word_1_742' title='bbox 1790 4509 2108 4576; x_wconf 65' lang='lat' dir='ltr'><strong>praedictam</strong></span> 
     </span>
    </p>
   </div>
   <div class='ocr_carea' id='block_1_95' title="bbox 520 4593 2112 4658">
    <p class='ocr_par' dir='ltr' id='par_1_95' title="bbox 520 4593 2112 4658">
     <span class='ocr_line' id='line_1_95' title="bbox 520 4593 2112 4658; baseline 0.008 -13"><span class='ocrx_word' id='word_1_743' title='bbox 520 4607 774 4658; x_wconf 73' lang='lat' dir='ltr'><strong>causam,</strong></span> <span class='ocrx_word' id='word_1_744' title='bbox 817 4595 883 4648; x_wconf 86' lang='lat' dir='ltr'><strong>ad</strong></span> <span class='ocrx_word' id='word_1_745' title='bbox 921 4593 1292 4652; x_wconf 85' lang='lat' dir='ltr'><strong>refellendum</strong></span> <span class='ocrx_word' id='word_1_746' title='bbox 1322 4599 1537 4653; x_wconf 83' lang='lat' dir='ltr'><strong>scilicet</strong></span> <span class='ocrx_word' id='word_1_747' title='bbox 1573 4599 1902 4655; x_wconf 87' lang='lat' dir='ltr'><strong>Eunomium</strong></span> <span class='ocrx_word' id='word_1_748' title='bbox 1943 4611 1998 4656; x_wconf 90' lang='lat' dir='ltr'><strong>et</strong></span> <span class='ocrx_word' id='word_1_749' title='bbox 2027 4617 2112 4658; x_wconf 88' lang='lat' dir='ltr'><strong>se-</strong></span> 
     </span>
    </p>
   </div>
   <div class='ocr_carea' id='block_1_96' title="bbox 523 4685 2110 4757">
    <p class='ocr_par' dir='ltr' id='par_1_96' title="bbox 523 4685 2110 4757">
     <span class='ocr_line' id='line_1_96' title="bbox 523 4685 2110 4757; baseline 0.006 -19"><span class='ocrx_word' id='word_1_750' title='bbox 523 4699 752 4754; x_wconf 83' lang='lat' dir='ltr'><strong>quaces.</strong></span> <span class='ocrx_word' id='word_1_751' title='bbox 791 4686 889 4755; x_wconf 89' lang='lat' dir='ltr'><strong>qui</strong></span> <span class='ocrx_word' id='word_1_752' title='bbox 942 4685 1208 4757; x_wconf 83' lang='lat' dir='ltr'><strong>Spiritum</strong></span> <span class='ocrx_word' id='word_1_753' title='bbox 1260 4705 1328 4745; x_wconf 80' lang='lat' dir='ltr'><strong>ex</strong></span> <span class='ocrx_word' id='word_1_754' title='bbox 1383 4692 1502 4745; x_wconf 88' lang='lat' dir='ltr'><strong>solo</strong></span> <span class='ocrx_word' id='word_1_755' title='bbox 1554 4691 1694 4746; x_wconf 85' lang='lat' dir='ltr'><strong>Filio</strong></span> <span class='ocrx_word' id='word_1_756' title='bbox 1747 4691 2110 4748; x_wconf 75' lang='lat' dir='ltr'><strong>afﬁrmabant.</strong></span> 
     </span>
    </p>
   </div>
   <div class='ocr_carea' id='block_1_97' title="bbox 525 4775 2111 4853">
    <p class='ocr_par' dir='ltr' id='par_1_97' title="bbox 525 4775 2111 4853">
     <span class='ocr_line' id='line_1_97' title="bbox 525 4775 2111 4853; baseline 0.005 -22"><span class='ocrx_word' id='word_1_757' title='bbox 525 4775 687 4832; x_wconf 78' lang='lat' dir='ltr'><strong>Novit</strong></span> <span class='ocrx_word' id='word_1_758' title='bbox 712 4778 859 4833; x_wconf 84' lang='lat' dir='ltr'><strong>enim</strong></span> <span class='ocrx_word' id='word_1_759' title='bbox 885 4780 1004 4848; x_wconf 88' lang='lat' dir='ltr'><strong>ipse</strong></span> <span class='ocrx_word' id='word_1_760' title='bbox 1043 4777 1313 4850; x_wconf 88' lang='lat' dir='ltr'><strong>Spiritum</strong></span> <span class='ocrx_word' id='word_1_761' title='bbox 1347 4795 1602 4838; x_wconf 89' lang='lat' dir='ltr'><strong>sanctum</strong></span> <span class='ocrx_word' id='word_1_762' title='bbox 1634 4785 2020 4853; x_wconf 87' lang='lat' dir='ltr'><strong>procedentem</strong></span> <span class='ocrx_word' id='word_1_763' title='bbox 2044 4800 2111 4839; x_wconf 78' lang='lat' dir='ltr'><strong>ex</strong></span> 
     </span>
    </p>
   </div>
   <div class='ocr_carea' id='block_1_98' title="bbox 523 4873 2116 4951">
    <p class='ocr_par' dir='ltr' id='par_1_98' title="bbox 523 4873 2116 4951">
     <span class='ocr_line' id='line_1_98' title="bbox 523 4873 2116 4951; baseline 0.006 -26"><span class='ocrx_word' id='word_1_764' title='bbox 523 4873 690 4927; x_wconf 81' lang='lat' dir='ltr'><strong>Patre</strong></span> <span class='ocrx_word' id='word_1_765' title='bbox 723 4889 820 4942; x_wconf 85' lang='lat' dir='ltr'><strong>per</strong></span> <span class='ocrx_word' id='word_1_766' title='bbox 851 4874 1088 4944; x_wconf 80' lang='lat' dir='ltr'><strong>Filium;</strong></span> <span class='ocrx_word' id='word_1_767' title='bbox 1119 4883 1287 4947; x_wconf 89' lang='lat' dir='ltr'><strong>atque</strong></span> <span class='ocrx_word' id='word_1_768' title='bbox 1318 4879 1391 4932; x_wconf 88' lang='lat' dir='ltr'><strong>ita</strong></span> <span class='ocrx_word' id='word_1_769' title='bbox 1418 4879 1486 4933; x_wconf 86' lang='lat' dir='ltr'><strong>de</strong></span> <span class='ocrx_word' id='word_1_770' title='bbox 1510 4894 1578 4934; x_wconf 88' lang='lat' dir='ltr'><strong>eo</strong></span> <span class='ocrx_word' id='word_1_771' title='bbox 1609 4880 1849 4947; x_wconf 85' lang='lat' dir='ltr'><strong>disserit,</strong></span> <span class='ocrx_word' id='word_1_772' title='bbox 1875 4891 1934 4935; x_wconf 88' lang='lat' dir='ltr'><strong>ut</strong></span> <span class='ocrx_word' id='word_1_773' title='bbox 1963 4890 2116 4951; x_wconf 86' lang='lat' dir='ltr'><strong>patet</strong></span> 
     </span>
    </p>
   </div>
   <div class='ocr_carea' id='block_1_99' title="bbox 525 4957 2108 5042">
    <p class='ocr_par' dir='ltr' id='par_1_99' title="bbox 525 4957 2108 5042">
     <span class='ocr_line' id='line_1_99' title="bbox 525 4957 2108 5042; baseline 0.004 -23"><span class='ocrx_word' id='word_1_774' title='bbox 525 4980 593 5019; x_wconf 77' lang='lat' dir='ltr'><strong>ex</strong></span> <span class='ocrx_word' id='word_1_775' title='bbox 635 4965 772 5022; x_wconf 84' lang='lat' dir='ltr'><strong>locis</strong></span> <span class='ocrx_word' id='word_1_776' title='bbox 795 4966 908 5035; x_wconf 80' lang='lat' dir='ltr'><strong>jam</strong></span> <span class='ocrx_word' id='word_1_777' title='bbox 942 4967 1150 5033; x_wconf 86' lang='lat' dir='ltr'><strong>citatis,</strong></span> <span class='ocrx_word' id='word_1_778' title='bbox 1202 4980 1256 5024; x_wconf 88' lang='lat' dir='ltr'><strong>et</strong></span> <span class='ocrx_word' id='word_1_779' title='bbox 1291 4986 1358 5024; x_wconf 80' lang='lat' dir='ltr'><strong>ex</strong></span> <span class='ocrx_word' id='word_1_780' title='bbox 1395 4970 1640 5042; x_wconf 76' lang='lat' dir='ltr'><strong>bymnis,</strong></span> <span class='ocrx_word' id='word_1_781' title='bbox 1674 4957 1818 5041; x_wconf 3' lang='lat' dir='ltr'><strong>quos,</strong></span> <span class='ocrx_word' id='word_1_782' title='bbox 1850 4973 1963 5040; x_wconf 86' lang='lat' dir='ltr'><strong>ipse</strong></span> <span class='ocrx_word' id='word_1_783' title='bbox 2000 4974 2108 5026; x_wconf 86' lang='lat' dir='ltr'><strong>Du-</strong></span> 
     </span>
    </p>
   </div>
   <div class='ocr_carea' id='block_1_100' title="bbox 527 5057 2113 5134">
    <p class='ocr_par' dir='ltr' id='par_1_100' title="bbox 527 5057 2113 5134">
     <span class='ocr_line' id='line_1_100' title="bbox 527 5057 2113 5134; baseline 0.006 -24"><span class='ocrx_word' id='word_1_784' title='bbox 527 5057 680 5113; x_wconf 85' lang='lat' dir='ltr'><strong>tnino</strong></span> <span class='ocrx_word' id='word_1_785' title='bbox 710 5059 895 5114; x_wconf 88' lang='lat' dir='ltr'><strong>canit:</strong></span> <span class='ocrx_word' id='word_1_786' title='bbox 920 5059 1250 5127; x_wconf 71' lang='lat' dir='ltr'><strong>Prottitium,</strong></span> <span class='ocrx_word' id='word_1_787' title='bbox 1276 5062 1476 5133; x_wconf 90' lang='lat' dir='ltr'><strong>inquit,</strong></span> <span class='ocrx_word' id='word_1_788' title='bbox 1508 5063 1710 5134; x_wconf 85' lang='lat' dir='ltr'><strong>largire</strong></span> <span class='ocrx_word' id='word_1_789' title='bbox 1744 5065 1904 5119; x_wconf 84' lang='lat' dir='ltr'><strong>nobis</strong></span> <span class='ocrx_word' id='word_1_790' title='bbox 1935 5065 2113 5134; x_wconf 79' lang='lat' dir='ltr'><strong>Spiri-</strong></span> 
     </span>
    </p>
   </div>
   <div class='ocr_carea' id='block_1_101' title="bbox 527 5153 2114 5228">
    <p class='ocr_par' dir='ltr' id='par_1_101' title="bbox 527 5153 2114 5228">
     <span class='ocr_line' id='line_1_101' title="bbox 527 5153 2114 5228; baseline 0.006 -26"><span class='ocrx_word' id='word_1_791' title='bbox 527 5159 645 5204; x_wconf 88' lang='lat' dir='ltr'><strong>tum</strong></span> <span class='ocrx_word' id='word_1_792' title='bbox 699 5166 871 5223; x_wconf 82' lang='lat' dir='ltr'><strong>aquo</strong></span> <span class='ocrx_word' id='word_1_793' title='bbox 927 5153 1149 5208; x_wconf 83' lang='lat' dir='ltr'><strong>bonitas</strong></span> <span class='ocrx_word' id='word_1_794' title='bbox 1197 5166 1441 5220; x_wconf 84' lang='lat' dir='ltr'><strong>emanat,</strong></span> <span class='ocrx_word' id='word_1_795' title='bbox 1480 5165 1534 5211; x_wconf 89' lang='lat' dir='ltr'><strong>et</strong></span> <span class='ocrx_word' id='word_1_796' title='bbox 1571 5172 1632 5212; x_wconf 78' lang='lat' dir='ltr'><strong>ex</strong></span> <span class='ocrx_word' id='word_1_797' title='bbox 1692 5157 1854 5214; x_wconf 85' lang='lat' dir='ltr'><strong>Patre</strong></span> <span class='ocrx_word' id='word_1_798' title='bbox 1907 5174 2007 5228; x_wconf 89' lang='lat' dir='ltr'><strong>per</strong></span> <span class='ocrx_word' id='word_1_799' title='bbox 2063 5167 2114 5213; x_wconf 84' lang='lat' dir='ltr'><strong>te</strong></span> 
     </span>
    </p>
   </div>
   <div class='ocr_carea' id='block_1_102' title="bbox 528 5245 2117 5319">
    <p class='ocr_par' dir='ltr' id='par_1_102' title="bbox 528 5245 2117 5319">
     <span class='ocr_line' id='line_1_102' title="bbox 528 5245 2117 5319; baseline 0.005 -23"><span class='ocrx_word' id='word_1_800' title='bbox 528 5245 973 5314; x_wconf 59' lang='lat' dir='ltr'><strong>procedentem,</strong></span> <span class='ocrx_word' id='word_1_801' title='bbox 1004 5248 1076 5300; x_wconf 90' lang='lat' dir='ltr'><strong>Ita</strong></span> <span class='ocrx_word' id='word_1_802' title='bbox 1123 5248 1287 5317; x_wconf 87' lang='lat' dir='ltr'><strong>plane</strong></span> <span class='ocrx_word' id='word_1_803' title='bbox 1319 5264 1420 5304; x_wconf 88' lang='lat' dir='ltr'><strong>nos</strong></span> <span class='ocrx_word' id='word_1_804' title='bbox 1474 5264 1695 5319; x_wconf 85' lang='lat' dir='ltr'><strong>qunque</strong></span> <span class='ocrx_word' id='word_1_805' title='bbox 1760 5250 1999 5305; x_wconf 90' lang='lat' dir='ltr'><strong>fatemur</strong></span> <span class='ocrx_word' id='word_1_806' title='bbox 2057 5261 2117 5305; x_wconf 89' lang='lat' dir='ltr'><strong>ut</strong></span> 
     </span>
    </p>
   </div>
   <div class='ocr_carea' id='block_1_103' title="bbox 530 5337 2113 5414">
    <p class='ocr_par' dir='ltr' id='par_1_103' title="bbox 530 5337 2113 5414">
     <span class='ocr_line' id='line_1_103' title="bbox 530 5337 2113 5414; baseline 0.006 -23"><span class='ocrx_word' id='word_1_807' title='bbox 530 5337 776 5407; x_wconf 84' lang='lat' dir='ltr'><strong>Spiritus</strong></span> <span class='ocrx_word' id='word_1_808' title='bbox 831 5355 897 5393; x_wconf 79' lang='lat' dir='ltr'><strong>ex</strong></span> <span class='ocrx_word' id='word_1_809' title='bbox 954 5341 1095 5396; x_wconf 87' lang='lat' dir='ltr'><strong>Filio</strong></span> <span class='ocrx_word' id='word_1_810' title='bbox 1159 5357 1512 5413; x_wconf 88' lang='lat' dir='ltr'><strong>nequaquam</strong></span> <span class='ocrx_word' id='word_1_811' title='bbox 1556 5344 1965 5414; x_wconf 89' lang='lat' dir='ltr'><strong>principaliter,</strong></span> <span class='ocrx_word' id='word_1_812' title='bbox 2019 5344 2113 5400; x_wconf 84' lang='lat' dir='ltr'><strong>scd</strong></span> 
     </span>
    </p>
   </div>
   <div class='ocr_carea' id='block_1_104' title="bbox 527 5432 2114 5514">
    <p class='ocr_par' dir='ltr' id='par_1_104' title="bbox 527 5432 2114 5514">
     <span class='ocr_line' id='line_1_104' title="bbox 527 5432 2114 5514; baseline 0.006 -30"><span class='ocrx_word' id='word_1_813' title='bbox 527 5432 693 5484; x_wconf 84' lang='lat' dir='ltr'><strong>etiam</strong></span> <span class='ocrx_word' id='word_1_814' title='bbox 721 5448 786 5485; x_wconf 82' lang='lat' dir='ltr'><strong>ex</strong></span> <span class='ocrx_word' id='word_1_815' title='bbox 824 5433 944 5501; x_wconf 82' lang='lat' dir='ltr'><strong>ipso</strong></span> <span class='ocrx_word' id='word_1_816' title='bbox 991 5435 1231 5490; x_wconf 89' lang='lat' dir='ltr'><strong>dicatur.</strong></span> <span class='ocrx_word' id='word_1_817' title='bbox 1273 5436 1583 5510; x_wconf 63' lang='lat' dir='ltr'><strong>fatendum</strong></span> <span class='ocrx_word' id='word_1_818' title='bbox 1620 5438 1824 5514; x_wconf 81' lang='lat' dir='ltr'><strong>quippe</strong></span> <span class='ocrx_word' id='word_1_819' title='bbox 1872 5447 1978 5506; x_wconf 88' lang='lat' dir='ltr'><strong>est,</strong></span> <span class='ocrx_word' id='word_1_820' title='bbox 2018 5455 2114 5507; x_wconf 81' lang='lat' dir='ltr'><strong>pa-</strong></span> 
     </span>
    </p>
   </div>
   <div class='ocr_carea' id='block_1_105' title="bbox 531 5524 2159 5602">
    <p class='ocr_par' dir='ltr' id='par_1_105' title="bbox 531 5524 2159 5602">
     <span class='ocr_line' id='line_1_105' title="bbox 531 5524 2159 5602; baseline 0.007 -27"><span class='ocrx_word' id='word_1_821' title='bbox 531 5530 747 5577; x_wconf 79' lang='lat' dir='ltr'><strong>lernam</strong></span> <span class='ocrx_word' id='word_1_822' title='bbox 774 5524 1115 5596; x_wconf 80' lang='lat' dir='ltr'><strong>bypostasim</strong></span> <span class='ocrx_word' id='word_1_823' title='bbox 1145 5545 1268 5584; x_wconf 86' lang='lat' dir='ltr'><strong>esse</strong></span> <span class='ocrx_word' id='word_1_824' title='bbox 1293 5531 1628 5602; x_wconf 84' lang='lat' dir='ltr'><strong>principium</strong></span> <span class='ocrx_word' id='word_1_825' title='bbox 1657 5543 1702 5586; x_wconf 91' lang='lat' dir='ltr'><strong>et</strong></span> <span class='ocrx_word' id='word_1_826' title='bbox 1739 5547 1962 5588; x_wconf 89' lang='lat' dir='ltr'><strong>causam</strong></span> <span class='ocrx_word' id='word_1_827' title='bbox 1989 5531 2112 5587; x_wconf 73' lang='lat' dir='ltr'><strong>Filii</strong></span> <span class='ocrx_word' id='word_1_828' title='bbox 2156 5591 2159 5598; x_wconf 59' lang='grc'><strong>,</strong></span> 
     </span>
    </p>
   </div>
   <div class='ocr_carea' id='block_1_106' title="bbox 434 5615 2113 5695">
    <p class='ocr_par' dir='ltr' id='par_1_106' title="bbox 434 5615 2113 5695">
     <span class='ocr_line' id='line_1_106' title="bbox 434 5615 2113 5695; baseline 0.007 -28"><span class='ocrx_word' id='word_1_829' title='bbox 434 5627 440 5637; x_wconf 95' lang='grc'><strong>·</strong></span> <span class='ocrx_word' id='word_1_830' title='bbox 527 5624 584 5668; x_wconf 72' lang='lat' dir='ltr'><strong>rt</strong></span> <span class='ocrx_word' id='word_1_831' title='bbox 614 5615 885 5685; x_wconf 79' lang='lat' dir='ltr'><strong>Spiritus;</strong></span> <span class='ocrx_word' id='word_1_832' title='bbox 933 5617 1136 5675; x_wconf 88' lang='lat' dir='ltr'><strong>Filium</strong></span> <span class='ocrx_word' id='word_1_833' title='bbox 1186 5637 1318 5678; x_wconf 79' lang='lat' dir='ltr'><strong>vero</strong></span> <span class='ocrx_word' id='word_1_834' title='bbox 1374 5625 1732 5693; x_wconf 86' lang='lat' dir='ltr'><strong>primordiale</strong></span> <span class='ocrx_word' id='word_1_835' title='bbox 1783 5626 2113 5695; x_wconf 80' lang='lat' dir='ltr'><strong>principium</strong></span> 
     </span>
    </p>
   </div>
   <div class='ocr_carea' id='block_1_107' title="bbox 530 5707 2111 5791">
    <p class='ocr_par' dir='ltr' id='par_1_107' title="bbox 530 5707 2111 5791">
     <span class='ocr_line' id='line_1_107' title="bbox 530 5707 2111 5791; baseline 0.001 -16"><span class='ocrx_word' id='word_1_836' title='bbox 530 5707 959 5791; x_wconf 64' lang='lat' dir='ltr'><strong>llilmlquaquam</strong></span> <span class='ocrx_word' id='word_1_837' title='bbox 1012 5712 1349 5788; x_wconf 75' lang='lat' dir='ltr'><strong>fatebimur,</strong></span> <span class='ocrx_word' id='word_1_838' title='bbox 1407 5732 1507 5775; x_wconf 88' lang='lat' dir='ltr'><strong>ncc</strong></span> <span class='ocrx_word' id='word_1_839' title='bbox 1566 5717 1817 5782; x_wconf 76' lang='lat' dir='ltr'><strong>dicemus</strong></span> <span class='ocrx_word' id='word_1_840' title='bbox 1846 5719 2111 5788; x_wconf 75' lang='lat' dir='ltr'><strong>Spiritum</strong></span> 
     </span>
    </p>
   </div>
   <div class='ocr_carea' id='block_1_108' title="bbox 2228 4507 3790 4589">
    <p class='ocr_par' dir='ltr' id='par_1_108' title="bbox 2228 4507 3790 4589">
     <span class='ocr_line' id='line_1_108' title="bbox 2228 4507 3790 4589; baseline -0.012 -12"><span class='ocrx_word' id='word_1_841' title='bbox 2228 4523 2371 4579; x_wconf 79' lang='grc' dir='ltr'>Ἀλλ’</span> <span class='ocrx_word' id='word_1_842' title='bbox 2411 4523 2472 4575; x_wconf 87' lang='grc' dir='ltr'>οὐ</span> <span class='ocrx_word' id='word_1_843' title='bbox 2499 4521 2851 4589; x_wconf 73' lang='grc' dir='ltr'>θελήσουσιν,</span> <span class='ocrx_word' id='word_1_844' title='bbox 2884 4516 2959 4581; x_wconf 79' lang='grc' dir='ltr'>ὡς</span> <span class='ocrx_word' id='word_1_845' title='bbox 2986 4510 3162 4584; x_wconf 76' lang='grc' dir='ltr'>οἶμαι·</span> <span class='ocrx_word' id='word_1_846' title='bbox 3192 4512 3288 4566; x_wconf 80' lang='grc' dir='ltr'><strong>καὶ</strong></span> <span class='ocrx_word' id='word_1_847' title='bbox 3329 4507 3585 4564; x_wconf 65' lang='grc' dir='ltr'>ιντεῦθεν</span> <span class='ocrx_word' id='word_1_848' title='bbox 3616 4508 3648 4574; x_wconf 79' lang='grc' dir='ltr'>ἡ</span> <span class='ocrx_word' id='word_1_849' title='bbox 3697 4519 3790 4572; x_wconf 84' lang='grc' dir='ltr'>μη-</span> 
     </span>
    </p>
   </div>
   <div class='ocr_carea' id='block_1_109' title="bbox 2217 4591 3788 4688">
    <p class='ocr_par' dir='ltr' id='par_1_109' title="bbox 2217 4591 3788 4688">
     <span class='ocr_line' id='line_1_109' title="bbox 2217 4591 3788 4688; baseline -0.015 -19"><span class='ocrx_word' id='word_1_850' title='bbox 2217 4614 2359 4688; x_wconf 73' lang='grc' dir='ltr'>χανὴ</span> <span class='ocrx_word' id='word_1_851' title='bbox 2386 4615 2488 4684; x_wconf 80' lang='grc' dir='ltr'>τῆς</span> <span class='ocrx_word' id='word_1_852' title='bbox 2520 4629 2592 4665; x_wconf 78' lang='grc' dir='ltr'><strong>πα</strong></span> <span class='ocrx_word' id='word_1_853' title='bbox 2605 4609 2956 4680; x_wconf 83' lang='grc' dir='ltr'>ρεξηγὴσεως</span> <span class='ocrx_word' id='word_1_854' title='bbox 2982 4603 3400 4673; x_wconf 71' lang='grc' dir='ltr'>ἐλεγχθήσεται.</span> <span class='ocrx_word' id='word_1_855' title='bbox 3440 4600 3518 4652; x_wconf 81' lang='grc' dir='ltr'><strong>Οὐ</strong></span> <span class='ocrx_word' id='word_1_856' title='bbox 3545 4596 3653 4667; x_wconf 82' lang='grc' dir='ltr'>γὰρ</span> <span class='ocrx_word' id='word_1_857' title='bbox 3685 4591 3788 4664; x_wconf 82' lang='grc' dir='ltr'><strong>μά·</strong></span> 
     </span>
    </p>
   </div>
   <div class='ocr_carea' id='block_1_110' title="bbox 2217 4689 3792 4779">
    <p class='ocr_par' dir='ltr' id='par_1_110' title="bbox 2217 4689 3792 4779">
     <span class='ocr_line' id='line_1_110' title="bbox 2217 4689 3792 4779; baseline -0.016 -17"><span class='ocrx_word' id='word_1_858' title='bbox 2217 4726 2319 4779; x_wconf 86' lang='grc' dir='ltr'><strong>την</strong></span> <span class='ocrx_word' id='word_1_859' title='bbox 2347 4710 2376 4760; x_wconf 86' lang='grc' dir='ltr'><strong>ὁ</strong></span> <span class='ocrx_word' id='word_1_860' title='bbox 2416 4705 2601 4773; x_wconf 70' lang='grc' dir='ltr'>ἃγιος,</span> <span class='ocrx_word' id='word_1_861' title='bbox 2646 4703 2776 4756; x_wconf 82' lang='grc' dir='ltr'>ὅταν</span> <span class='ocrx_word' id='word_1_862' title='bbox 2806 4700 2929 4770; x_wconf 83' lang='grc' dir='ltr'>τὴν,</span> <span class='ocrx_word' id='word_1_863' title='bbox 2963 4700 3054 4763; x_wconf 80' lang='grc' dir='ltr'><strong>ἐκ,</strong></span> <span class='ocrx_word' id='word_1_864' title='bbox 3090 4696 3354 4768; x_wconf 77' lang='grc' dir='ltr'>πρόθεσιν</span> <span class='ocrx_word' id='word_1_865' title='bbox 3387 4691 3644 4764; x_wconf 82' lang='grc' dir='ltr'>ἀρνῆται,</span> <span class='ocrx_word' id='word_1_866' title='bbox 3679 4689 3792 4779; x_wconf 68' lang='grc' dir='ltr'>ἕπον</span> 
     </span>
    </p>
   </div>
   <div class='ocr_carea' id='block_1_111' title="bbox 2222 4777 3793 4867">
    <p class='ocr_par' dir='ltr' id='par_1_111' title="bbox 2222 4777 3793 4867">
     <span class='ocr_line' id='line_1_111' title="bbox 2222 4777 3793 4867; baseline -0.014 -14"><span class='ocrx_word' id='word_1_867' title='bbox 2222 4777 2398 4866; x_wconf 71' lang='grc' dir='ltr'>μένως</span> <span class='ocrx_word' id='word_1_868' title='bbox 2433 4797 2556 4867; x_wconf 82' lang='grc' dir='ltr'>τὴν,</span> <span class='ocrx_word' id='word_1_869' title='bbox 2581 4792 2702 4859; x_wconf 74' lang='grc' dir='ltr'>διὰ,</span> <span class='ocrx_word' id='word_1_870' title='bbox 2737 4793 3026 4861; x_wconf 71' lang='grc' dir='ltr'>ἐπιφέρει,</span> <span class='ocrx_word' id='word_1_871' title='bbox 3061 4789 3200 4842; x_wconf 82' lang='grc' dir='ltr'>ἀλλὰ</span> <span class='ocrx_word' id='word_1_872' title='bbox 3222 4787 3312 4840; x_wconf 83' lang='grc' dir='ltr'><strong>διὰ</strong></span> <span class='ocrx_word' id='word_1_873' title='bbox 3335 4785 3435 4856; x_wconf 78' lang='grc' dir='ltr'>τὴν</span> <span class='ocrx_word' id='word_1_874' title='bbox 3467 4777 3793 4854; x_wconf 73' lang='grc' dir='ltr'>προειρημέο</span> 
     </span>
    </p>
   </div>
   <div class='ocr_carea' id='block_1_112' title="bbox 2219 4869 3791 4959">
    <p class='ocr_par' dir='ltr' id='par_1_112' title="bbox 2219 4869 3791 4959">
     <span class='ocr_line' id='line_1_112' title="bbox 2219 4869 3791 4959; baseline -0.015 -16"><span class='ocrx_word' id='word_1_875' title='bbox 2219 4907 2319 4959; x_wconf 86' lang='grc' dir='ltr'><strong>νην</strong></span> <span class='ocrx_word' id='word_1_876' title='bbox 2345 4883 2528 4943; x_wconf 77' lang='grc' dir='ltr'>αἰτίαν</span> <span class='ocrx_word' id='word_1_877' title='bbox 2575 4885 2798 4940; x_wconf 74' lang='grc' dir='ltr'>καὶτὸν</span> <span class='ocrx_word' id='word_1_878' title='bbox 2848 4883 3115 4950; x_wconf 85' lang='grc' dir='ltr'>Εὐνόμιον</span> <span class='ocrx_word' id='word_1_879' title='bbox 3169 4881 3266 4933; x_wconf 75' lang='grc' dir='ltr'><strong>καὶ</strong></span> <span class='ocrx_word' id='word_1_880' title='bbox 3319 4877 3447 4938; x_wconf 80' lang='grc' dir='ltr'>τοὺς</span> <span class='ocrx_word' id='word_1_881' title='bbox 3485 4871 3605 4926; x_wconf 79' lang='grc' dir='ltr'>κατ’</span> <span class='ocrx_word' id='word_1_882' title='bbox 3643 4869 3791 4925; x_wconf 74' lang='grc' dir='ltr'>αὑτὸν</span> 
     </span>
    </p>
   </div>
   <div class='ocr_carea' id='block_1_113' title="bbox 2221 4963 3788 5045">
    <p class='ocr_par' dir='ltr' id='par_1_113' title="bbox 2221 4963 3788 5045">
     <span class='ocr_line' id='line_1_113' title="bbox 2221 4963 3788 5045; baseline -0.014 -13"><span class='ocrx_word' id='word_1_883' title='bbox 2221 4979 2536 5041; x_wconf 80' lang='grc' dir='ltr'>ἀποσοὸῶν,</span> <span class='ocrx_word' id='word_1_884' title='bbox 2565 4979 2630 5030; x_wconf 78' lang='grc' dir='ltr'><strong>ὲκ</strong></span> <span class='ocrx_word' id='word_1_885' title='bbox 2669 4976 2835 5045; x_wconf 83' lang='grc' dir='ltr'>μόνου</span> <span class='ocrx_word' id='word_1_886' title='bbox 2874 4973 2971 5026; x_wconf 90' lang='grc' dir='ltr'><strong>τοῦ</strong></span> <span class='ocrx_word' id='word_1_887' title='bbox 3002 4970 3134 5024; x_wconf 79' lang='grc' dir='ltr'>Υίοῦ</span> <span class='ocrx_word' id='word_1_888' title='bbox 3159 4969 3222 5021; x_wconf 73' lang='grc' dir='ltr'>τὸ</span> <span class='ocrx_word' id='word_1_889' title='bbox 3257 4965 3490 5035; x_wconf 85' lang='grc' dir='ltr'>Πνεῦμα</span> <span class='ocrx_word' id='word_1_890' title='bbox 3520 4963 3788 5032; x_wconf 53' lang='grc' dir='ltr'>λέγοντας</span> 
     </span>
    </p>
   </div>
   <div class='ocr_carea' id='block_1_114' title="bbox 2219 5057 3791 5140">
    <p class='ocr_par' dir='ltr' id='par_1_114' title="bbox 2219 5057 3791 5140">
     <span class='ocr_line' id='line_1_114' title="bbox 2219 5057 3791 5140; baseline -0.014 -15"><span class='ocrx_word' id='word_1_891' title='bbox 2219 5070 2330 5125; x_wconf 80' lang='grc' dir='ltr'>οἶδε</span> <span class='ocrx_word' id='word_1_892' title='bbox 2376 5072 2485 5140; x_wconf 81' lang='grc' dir='ltr'>γὰρ</span> <span class='ocrx_word' id='word_1_893' title='bbox 2521 5068 2678 5132; x_wconf 80' lang='grc' dir='ltr'>οὗτος</span> <span class='ocrx_word' id='word_1_894' title='bbox 2733 5069 2798 5120; x_wconf 80' lang='grc' dir='ltr'><strong>ὲκ</strong></span> <span class='ocrx_word' id='word_1_895' title='bbox 2850 5066 3062 5137; x_wconf 61' lang='grc' dir='ltr'>Πατρός</span> <span class='ocrx_word' id='word_1_896' title='bbox 3091 5062 3159 5116; x_wconf 86' lang='grc' dir='ltr'><strong>δι’</strong></span> <span class='ocrx_word' id='word_1_897' title='bbox 3195 5060 3328 5114; x_wconf 76' lang='grc' dir='ltr'>Υίοῦ</span> <span class='ocrx_word' id='word_1_898' title='bbox 3367 5057 3791 5125; x_wconf 70' lang='grc' dir='ltr'>ὶκπορευόμενον</span> 
     </span>
    </p>
   </div>
   <div class='ocr_carea' id='block_1_115' title="bbox 2222 5143 3792 5230">
    <p class='ocr_par' dir='ltr' id='par_1_115' title="bbox 2222 5143 3792 5230">
     <span class='ocr_line' id='line_1_115' title="bbox 2222 5143 3792 5230; baseline -0.011 -13"><span class='ocrx_word' id='word_1_899' title='bbox 2222 5165 2286 5217; x_wconf 77' lang='grc' dir='ltr'><strong>τὺ</strong></span> <span class='ocrx_word' id='word_1_900' title='bbox 2319 5163 2550 5230; x_wconf 87' lang='grc' dir='ltr'>Πνεῦμα</span> <span class='ocrx_word' id='word_1_901' title='bbox 2578 5162 2640 5214; x_wconf 78' lang='grc' dir='ltr'>τὸ</span> <span class='ocrx_word' id='word_1_902' title='bbox 2667 5160 2846 5229; x_wconf 64' lang='grc' dir='ltr'>ἅγιονί</span> <span class='ocrx_word' id='word_1_903' title='bbox 2882 5161 2978 5212; x_wconf 73' lang='grc' dir='ltr'><strong>καὶ</strong></span> <span class='ocrx_word' id='word_1_904' title='bbox 3007 5155 3155 5215; x_wconf 72' lang='grc' dir='ltr'>οὕτω</span> <span class='ocrx_word' id='word_1_905' title='bbox 3195 5154 3458 5220; x_wconf 83' lang='grc' dir='ltr'>θεολογεῖ·</span> <span class='ocrx_word' id='word_1_906' title='bbox 3508 5149 3666 5218; x_wconf 79' lang='grc' dir='ltr'>δῆλον</span> <span class='ocrx_word' id='word_1_907' title='bbox 3696 5143 3792 5212; x_wconf 80' lang='grc' dir='ltr'>γὰρ</span> 
     </span>
    </p>
   </div>
   <div class='ocr_carea' id='block_1_116' title="bbox 2221 5236 3793 5321">
    <p class='ocr_par' dir='ltr' id='par_1_116' title="bbox 2221 5236 3793 5321">
     <span class='ocr_line' id='line_1_116' title="bbox 2221 5236 3793 5321; baseline -0.011 -15"><span class='ocrx_word' id='word_1_908' title='bbox 2221 5255 2286 5306; x_wconf 79' lang='grc' dir='ltr'>ἐκ</span> <span class='ocrx_word' id='word_1_909' title='bbox 2320 5253 2430 5306; x_wconf 86' lang='grc' dir='ltr'><strong>τῶν</strong></span> <span class='ocrx_word' id='word_1_910' title='bbox 2462 5251 2906 5321; x_wconf 72' lang='grc' dir='ltr'>προειρημένων,</span> <span class='ocrx_word' id='word_1_911' title='bbox 2940 5242 3044 5302; x_wconf 61' lang='grc' dir='ltr'>και</span> <span class='ocrx_word' id='word_1_912' title='bbox 3089 5250 3150 5300; x_wconf 71' lang='grc' dir='ltr'>ὲν</span> <span class='ocrx_word' id='word_1_913' title='bbox 3194 5239 3276 5309; x_wconf 76' lang='grc' dir='ltr'>οἷς</span> <span class='ocrx_word' id='word_1_914' title='bbox 3319 5243 3459 5311; x_wconf 77' lang='grc' dir='ltr'>πρὸς</span> <span class='ocrx_word' id='word_1_915' title='bbox 3506 5241 3708 5309; x_wconf 82' lang='grc' dir='ltr'>Κύριον</span> <span class='ocrx_word' id='word_1_916' title='bbox 3741 5236 3793 5288; x_wconf 67' lang='grc' dir='ltr'><strong>ιν</strong></span> 
     </span>
    </p>
   </div>
   <div class='ocr_carea' id='block_1_117' title="bbox 2225 5335 3793 5416">
    <p class='ocr_par' dir='ltr' id='par_1_117' title="bbox 2225 5335 3793 5416">
     <span class='ocr_line' id='line_1_117' title="bbox 2225 5335 3793 5416; baseline -0.012 -14"><span class='ocrx_word' id='word_1_917' title='bbox 2225 5347 2415 5416; x_wconf 77' lang='grc' dir='ltr'>ὕμνοις</span> <span class='ocrx_word' id='word_1_918' title='bbox 2443 5345 2637 5415; x_wconf 80' lang='grc' dir='ltr'>ψάλλει</span> <span class='ocrx_word' id='word_1_919' title='bbox 2668 5362 2680 5376; x_wconf 75' lang='grc'><strong><em>⁸</em></strong></span> <span class='ocrx_word' id='word_1_920' title='bbox 2714 5345 2908 5397; x_wconf 80' lang='grc' dir='ltr'>Ἵλεων</span> <span class='ocrx_word' id='word_1_921' title='bbox 2958 5344 3145 5410; x_wconf 82' lang='grc' dir='ltr'>νέμοις</span> <span class='ocrx_word' id='word_1_922' title='bbox 3190 5341 3324 5411; x_wconf 74' lang='grc' dir='ltr'>ἡμῖν</span> <span class='ocrx_word' id='word_1_923' title='bbox 3365 5335 3598 5403; x_wconf 82' lang='grc' dir='ltr'>Πνεῦμα</span> <span class='ocrx_word' id='word_1_924' title='bbox 3637 5347 3793 5404; x_wconf 82' lang='grc' dir='ltr'>μετα-</span> 
     </span>
    </p>
   </div>
   <div class='ocr_carea' id='block_1_118' title="bbox 2221 5424 3789 5507">
    <p class='ocr_par' dir='ltr' id='par_1_118' title="bbox 2221 5424 3789 5507">
     <span class='ocr_line' id='line_1_118' title="bbox 2221 5424 3789 5507; baseline -0.008 -14"><span class='ocrx_word' id='word_1_925' title='bbox 2221 5440 2435 5493; x_wconf 79' lang='grc' dir='ltr'>δοτικὸν</span> <span class='ocrx_word' id='word_1_926' title='bbox 2467 5438 2810 5507; x_wconf 82' lang='grc' dir='ltr'>ἁγαθότητος</span> <span class='ocrx_word' id='word_1_927' title='bbox 2835 5478 2851 5502; x_wconf 90' lang='grc'><strong>,</strong></span> <span class='ocrx_word' id='word_1_928' title='bbox 2893 5437 2958 5488; x_wconf 84' lang='grc' dir='ltr'><strong>ὲκ</strong></span> <span class='ocrx_word' id='word_1_929' title='bbox 2989 5434 3206 5505; x_wconf 83' lang='grc' dir='ltr'>Πατρδς</span> <span class='ocrx_word' id='word_1_930' title='bbox 3260 5431 3352 5485; x_wconf 76' lang='grc' dir='ltr'><strong>διὰ</strong></span> <span class='ocrx_word' id='word_1_931' title='bbox 3407 5429 3505 5484; x_wconf 89' lang='grc' dir='ltr'><strong>σοῦ</strong></span> <span class='ocrx_word' id='word_1_932' title='bbox 3537 5424 3789 5501; x_wconf 80' lang='grc' dir='ltr'>προερχό-</span> 
     </span>
    </p>
   </div>
   <div class='ocr_carea' id='block_1_119' title="bbox 2226 5516 3811 5608">
    <p class='ocr_par' dir='ltr' id='par_1_119' title="bbox 2226 5516 3811 5608">
     <span class='ocr_line' id='line_1_119' title="bbox 2226 5516 3811 5608; baseline -0.013 -21"><span class='ocrx_word' id='word_1_933' title='bbox 2226 5526 2614 5603; x_wconf 62' lang='grc' dir='ltr'>μενον.’οῦτω</span> <span class='ocrx_word' id='word_1_934' title='bbox 2672 5531 2770 5583; x_wconf 75' lang='grc' dir='ltr'><strong>καὶ</strong></span> <span class='ocrx_word' id='word_1_935' title='bbox 2818 5531 2981 5601; x_wconf 77' lang='grc' dir='ltr'>ἡμεῖς</span> <span class='ocrx_word' id='word_1_936' title='bbox 3017 5525 3422 5599; x_wconf 81' lang='grc' dir='ltr'>ὁμολογοῦμεν,</span> <span class='ocrx_word' id='word_1_937' title='bbox 3475 5523 3552 5588; x_wconf 81' lang='grc' dir='ltr'><strong>ὡς</strong></span> <span class='ocrx_word' id='word_1_938' title='bbox 3606 5522 3703 5575; x_wconf 81' lang='grc' dir='ltr'><strong>οὐκ</strong></span> <span class='ocrx_word' id='word_1_939' title='bbox 3731 5516 3811 5608; x_wconf 40' lang='grc' dir='ltr'>ἂν,</span> 
     </span>
    </p>
   </div>
   <div class='ocr_carea' id='block_1_120' title="bbox 2224 5607 3786 5695">
    <p class='ocr_par' dir='ltr' id='par_1_120' title="bbox 2224 5607 3786 5695">
     <span class='ocr_line' id='line_1_120' title="bbox 2224 5607 3786 5695; baseline -0.01 -16"><span class='ocrx_word' id='word_1_940' title='bbox 2224 5629 2289 5679; x_wconf 75' lang='grc' dir='ltr'><strong>ἐκ</strong></span> <span class='ocrx_word' id='word_1_941' title='bbox 2319 5625 2414 5678; x_wconf 90' lang='grc' dir='ltr'><strong>τοῦ</strong></span> <span class='ocrx_word' id='word_1_942' title='bbox 2446 5625 2580 5680; x_wconf 85' lang='grc' dir='ltr'>Υίοῦ</span> <span class='ocrx_word' id='word_1_943' title='bbox 2631 5623 3069 5695; x_wconf 84' lang='grc' dir='ltr'>προηγουμένως</span> <span class='ocrx_word' id='word_1_944' title='bbox 3104 5620 3324 5691; x_wconf 86' lang='grc' dir='ltr'>λεχθείη</span> <span class='ocrx_word' id='word_1_945' title='bbox 3351 5619 3416 5672; x_wconf 81' lang='grc' dir='ltr'>τὸ</span> <span class='ocrx_word' id='word_1_946' title='bbox 3458 5613 3686 5682; x_wconf 82' lang='grc' dir='ltr'>Πνεῦμα</span> <span class='ocrx_word' id='word_1_947' title='bbox 3733 5607 3786 5660; x_wconf 82' lang='grc' dir='ltr'><strong>τὺ</strong></span> 
     </span>
    </p>
   </div>
   <div class='ocr_carea' id='block_1_121' title="bbox 2226 5703 3785 5793">
    <p class='ocr_par' dir='ltr' id='par_1_121' title="bbox 2226 5703 3785 5793">
     <span class='ocr_line' id='line_1_121' title="bbox 2226 5703 3785 5793; baseline -0.008 -17"><span class='ocrx_word' id='word_1_948' title='bbox 2226 5721 2403 5793; x_wconf 75' lang='grc' dir='ltr'>ἅγιον,</span> <span class='ocrx_word' id='word_1_949' title='bbox 2439 5718 2700 5775; x_wconf 70' lang='grc' dir='ltr'>ἀλλὰκαὶ</span> <span class='ocrx_word' id='word_1_950' title='bbox 2762 5718 2826 5772; x_wconf 69' lang='grc' dir='ltr'><strong>ἐκ</strong></span> <span class='ocrx_word' id='word_1_951' title='bbox 2865 5715 2957 5772; x_wconf 82' lang='grc' dir='ltr'><strong>τοῦ</strong></span> <span class='ocrx_word' id='word_1_952' title='bbox 2998 5713 3165 5770; x_wconf 83' lang='grc' dir='ltr'>Υἱοῦ’</span> <span class='ocrx_word' id='word_1_953' title='bbox 3213 5712 3392 5785; x_wconf 77' lang='grc' dir='ltr'>χρεὼν</span> <span class='ocrx_word' id='word_1_954' title='bbox 3460 5710 3568 5782; x_wconf 74' lang='grc' dir='ltr'>γὰρ</span> <span class='ocrx_word' id='word_1_955' title='bbox 3614 5703 3785 5775; x_wconf 68' lang='grc' dir='ltr'>ὁμονο-</span> 
     </span>
    </p>
   </div>
  </div>
