3962 6328
136 219 230 281 sua
451 283 456 296 ,
927 224 930 226 τ
1223 215 1315 273 an
1367 213 1706 283 iuvetur

1812 213 1923 271 ’ΠΛ
1939 214 2128 273 PEZU
2145 214 2262 274 ΝΤ.

3265 209 3371 272 ΞῙΟ

140 337 354 403 κείμενα
382 337 434 384 ἐν
462 336 526 404 τῇ
565 325 779 402 Γραφῇ.
835 329 974 386 Ἀλλ’
1008 334 1065 387 αί
1102 333 1314 386 σύνοδοι
1346 334 1694 404 capessam,-

1812 334 1928 387 lum
1972 321 2346 402 Itypostasim;
2380 339 2456 387 .et
2503 305 2696 401 quinta
2727 330 2882 387 ‘duas
2925 329 3268 390 voluntates,
3323 336 3379 382 et

144 426 492 496 προσέθηκαν,
517 428 582 479 ἐκ
608 426 719 480 τῶν
753 426 916 479 θείων
953 424 1192 497 Γραφῶν
1223 425 1398 501 ταῦτα
1433 426 1690 493 συνάγου-

1803 442 1969 481 unum
2003 427 2308 493 volentem;
2339 436 2392 482 et
2415 435 2569 482 sexta
2592 427 2728 482 duas
2752 425 3105 496 Operatioucs
3133 431 3189 477 et
3212 437 3379 476 unum

145 534 246 582 cat,
272 517 441 586 ἁληθῆ
471 536 535 586 γε
568 519 718 572 ὂντα.
742 519 850 573 Καὶ
879 520 980 571 οὐκ
1004 517 1258 571 ἐντεῦθεν
1290 518 1486 588 ἑτέραν
1512 517 1697 570 πίστιν

1812 529 2116 589 )perantcm
2167 537 2181 574 :
2222 525 2343 588 qua:
2392 528 2574 591 tamen
2627 534 2907 590 nunquam
2963 517 3019 570 in
3091 515 3382 582 Scriptura

144 612 506 682 πεποιήκασιν,
540 612 617 675 ὡς
649 613 744 667 καὶ
779 611 1072 683 προλαϐὼν
1094 613 1123 666 6
1150 612 1293 675 θεῖος
1319 612 1574 680 Μάξιμος
1599 625 1700 666 σα-

145 704 363 772 φέστατα
392 703 685 774 ὶδήλωσεν,
714 702 884 757 είπὼν
912 719 926 736 ·
972 723 992 756 r
1021 705 1196 759 ’Πᾶσα
1220 693 1447 767 ’σύνοδος
1478 702 1699 772 όρθοδό-

147 795 243 860 ξων
285 795 377 848 καὶ
422 795 596 862 ἁγίων
625 794 837 866 ἀνδρῶν
876 796 976 848 οὐκ
1006 796 1168 850 ἄλλον
1199 794 1440 857 πίστεως
1464 795 1588 863 ὅρον
1613 795 1701 848 διὰ

146 889 234 955 τῆς
261 888 639 957 ὲπεισαγωγῆς
687 887 798 940 τῶν
850 887 1070 941 οἰκείων
1121 887 1385 958 ῥημάτων
1423 888 1702 949 παντελῶς

147 981 513 1052 ἐπεισήγαγον,
540 980 617 1045 ὡς
661 981 819 1050 ὑμεῖς
847 979 1241 1049 ἀποφαίνεσθε,
1270 995 1291 1031 ι
1323 980 1416 1033 καὶ
1449 979 1516 1033 τὰ
1551 978 1699 1047 ἑξῆς.

148 1077 246 1129 Kal
273 1076 304 1145 ἡ
337 1074 463 1141 ἁγία
492 1074 550 1128 δὲ
597 1072 952 1143 οίκουμενικὴ
990 1072 1195 1142 ἑϐδόμη
1245 1070 1465 1134 σύνοδος
1499 1073 1564 1124 ἐκ
1594 1071 1705 1124 Πα-

145 1167 258 1238 τρδς
275 1166 339 1221 δι’
359 1165 486 1219 Υίοῦ
517 1167 920 1237 ὶκπορεύεσθαι
945 1166 1006 1218 τὸ
1036 1162 1267 1236 Πνεῦμα
1287 1165 1349 1218 τὸ
1370 1163 1530 1232 ἅγιον
1557 1164 1705 1217 ἔθεο-

147 1258 347 1333 λργησε.
387 1257 499 1312 Καὶ
559 1258 671 1326 πρὸ
697 1258 903 1328 ταύτης
939 1257 1185 1311 πλεῖστοι
1218 1255 1328 1309 τῶν
1353 1257 1530 1324 ἁγίων
1560 1255 1706 1311 οὕτω

145 1367 202 1418 γε
251 1349 632 1421 ὲθιολόγησαν,
669 1349 768 1404 καί
793 1349 862 1414 ἐξ
886 1348 1076 1403 αὑτοῦ
1105 1347 1214 1404 τοῦ
1243 1347 1401 1411 Υίοῦ,
1421 1347 1520 1400 καὶ
1551 1344 1708 1398 lator

145 1441 318 1497 αὑτοῦ
360 1459 444 1508 τε,
500 1441 602 1497 καί
635 1440 707 1508 ἐξ
745 1440 961 1505 αὑτοῦ,
1011 1439 1088 1506 ὡς
1135 1441 1162 1494 ό
1196 1439 1470 1510 Κύριλλος
1501 1441 1564 1492 ὲν
1593 1439 1708 1500 τοῖς

156 1534 659 1604 Ἀναθεματισμοῖς
705 1535 734 1588 ό
767 1535 1079 1600 θεσπέσιος,
1109 1533 1202 1586 καὶ
1231 1533 1515 1593 Βασίλειος
1568 1530 1706 1600 πρὸς

145 1629 256 1691 τοὺς
281 1629 561 1698 λέγοντας,
598 1627 753 1684 Διατί
785 1630 860 1698 μὴ
897 1629 1025 1692 Υἱὸς
1057 1627 1152 1684 τοῦ
1182 1628 1315 1683 Υίοῦ
1345 1629 1406 1682 τὸ
1437 1627 1663 1703 Πνεῦμα
1693 1645 1706 1692 ;

145 1721 565 1791 ἀπολογούμενος
599 1737 615 1754 ⁸
655 1741 674 1775 ι
725 1722 799 1775 Οὐ
827 1721 916 1775 διὰ
967 1722 1029 1775 τὸ
1067 1722 1143 1791 μὴ
1173 1716 1316 1775 εἷναι
1363 1721 1428 1773 ἐκ
1475 1719 1611 1773 Θεοῦ
1641 1718 1708 1772 δι’

146 1812 286 1878 Υίοῦ,
329 1814 552 1884 ἔφησεν,
585 1814 700 1867 ἀλλ’
732 1814 818 1867 ἵνα
848 1817 881 1882 ἠ
917 1813 1093 1885 Τριὰς
1129 1812 1204 1884 μὴ
1253 1811 1539 1884 νομισθείη
1572 1811 1708 1878 πλῆ-

145 1906 226 1969 θος
268 1907 489 1978 ἄπειρον
531 1909 683 1972 υίοῦς
729 1906 789 1975 ἐξ
840 1907 996 1968 υίῶν,
1054 1907 1130 1971 ὡς
1184 1910 1280 1960 καὶ
1303 1907 1364 1958 ἐν
1395 1903 1708 1972 ἀνθρώποις

145 2000 272 2069 ἔχειν
296 1999 722 2054 ὕποπτευθεϊσα.
758 2017 777 2051 ι
808 1999 918 2053 Καὶ
948 1998 1056 2069 πρὸ
1075 1997 1268 2052 τούτου
1291 1997 1386 2051 τοῦ
1408 1994 1706 2065 κεφαλαίου

145 2092 294 2159 φησὶν
317 2092 343 2144 ὁ
373 2090 538 2153 αὐτὸς
569 2089 752 2159 ἅγιοςο
786 2109 802 2141 ι
846 2093 945 2142 Διὰ
993 2089 1150 2142 τοῦτο
1180 2089 1275 2142 καὶ
1303 2086 1441 2141 Θεοῦ
1481 2085 1582 2157 μὶν
1607 2086 1704 2139 Λό-

146 2183 457 2250 γοςόγίδς,
506 2184 662 2256 ῥῆμα
715 2181 771 2237 δὲ
824 2179 956 2236 Υἱοῦ
1011 2181 1072 2235 τὸ
1129 2179 1380 2248 Πνεῦμα·
1429 2195 1448 2232 t
1489 2178 1584 2231 καὶ
1637 2175 1708 2229 τὰ

145 2273 283 2346 cur.

1802 612 2098 667 inveneris.
2125 611 2232 667 Sed
2267 612 2461 684 synodi
2487 611 2828 667 conﬁdenter
2857 609 3181 678 colligentes
3204 623 3266 662 ea
3301 607 3382 661 uti

1804 721 1932 761 vera
1962 721 2025 761 ex
2060 707 2238 762 sacris
2255 703 2479 759 Litteris
2511 706 2860 768 addiderunt,
2889 717 3067 772 neque
3097 711 3383 773 propterea

1804 800 1962 873 ﬁdem
2007 800 2169 854 aliam
2210 813 2590 868 composuere,
2622 797 3086 869 quemadmodum
3134 796 3250 866 jam
3296 811 3389 848 su-

1805 893 2086 962 pradictus
2116 891 2276 947 divus
2305 890 2576 946 Maximus
2607 891 2958 962 apertissime
2995 890 3101 944 illis
3141 889 3390 943 declara-

1806 983 1878 1036 vit
1909 999 1922 1036 :
1961 1001 1976 1032 ι
2021 981 2214 1036 Omnis
2249 982 2493 1052 synodus
2529 991 2677 1036 recte
2704 982 3066 1041 sentientium
3097 989 3151 1033 et
3179 979 3390 1032 sancti-

1807 1083 1915 1130 tate
1966 1074 2259 1129 illustrium
2311 1074 2551 1128 virorum
2589 1089 2696 1128 non
2730 1072 2889 1128 aliam
2944 1071 3070 1127 ﬁdei
3108 1070 3389 1127 definitio-

1807 1182 1932 1223 nem
1983 1166 2328 1237 propriorum
2371 1166 2666 1221 verborum
2713 1166 2993 1220 additione
3033 1181 3258 1234 prorsus
3297 1180 3394 1218 su-

1809 1257 2144 1328 perinduxlt,
2171 1256 2335 1319 veluti
2371 1271 2465 1313 vos
2490 1257 2808 1322 decernitis,
2846 1276 2863 1307 ι
2917 1267 2968 1312 et
2998 1257 3225 1325 reliqua.
3252 1254 3388 1307 Tum

1808 1360 2072 1421 praeterea
2112 1360 2309 1406 saneta
2363 1353 2707 1406 mcumenica
2757 1350 2991 1421 septima
3034 1348 3279 1421 synodus
3326 1363 3392 1399 ex

1809 1442 1972 1500 Patre
2003 1457 2099 1512 per
2129 1441 2328 1498 Filium
2357 1442 2626 1513 Spiritum
2663 1454 2912 1498 sanctum
2947 1443 3242 1510 procedere
3279 1436 3391 1491 tra-

1756 1536 1763 1542 ’
1812 1536 1969 1601 didit,
1992 1545 2048 1590 et
2073 1544 2199 1590 ante
2223 1549 2342 1589 eam
2375 1545 2694 1590 sanctorum
2735 1534 2954 1604 plurimi
2999 1532 3212 1588 dicendi
3235 1530 3392 1582 illum

1815 1629 2037 1684 modum
2083 1615 2444 1698 usurparunt,
2476 1637 2532 1682 et
2569 1644 2635 1682 ex
2670 1631 2784 1697 ipso
2826 1625 2994 1688 Filio,
3033 1635 3085 1679 et
3121 1625 3397 1694 proprium

1814 1720 1982 1784 illius,
2010 1726 2064 1776 et
2103 1735 2169 1774 ea:
2210 1720 2305 1773 illo
2337 1729 2396 1774 ut
2423 1719 2645 1774 divinus
2692 1719 2929 1790 Cyrillus
2966 1718 3020 1772 in
3066 1703 3400 1770 Anatltema-

1813 1812 2018 1878 tismis,
2064 1822 2118 1868 et
2153 1812 2391 1868 Basilius
2440 1811 2551 1868 illis
2600 1811 2690 1881 qui
2722 1811 3023 1866 dicebant:
3068 1808 3249 1875 Quare
3291 1821 3396 1861 που

1812 1903 1982 1959 Filius
2009 1903 2133 1959 Filii
2159 1903 2815 1974 Spiritusirespondens,
2849 1904 3019 1958 dixit:
3059 1921 3081 1974 r
3112 1899 3228 1954 Non
3254 1899 3400 1969 quod

1813 2009 1925 2050 non
1961 2004 2112 2050 esset
2144 2011 2209 2050 ex
2248 1994 2356 2051 Deo
2397 2010 2495 2064 per
2531 1993 2751 2060 Filium,
2785 1995 2879 2048 sed
2917 2007 2985 2048 ne
3007 1991 3255 2046 Trinitas
3296 2005 3398 2043 nu-

1815 2101 1997 2160 merus
2030 2087 2352 2154 innumerus
2381 2096 2757 2158 reputarctur,
2793 2097 2840 2141 et
2888 2084 3029 2141 ﬁlios
3059 2099 3122 2139 ex
3161 2082 3309 2146 filiis,
3345 2088 3403 2134 ut

1815 2181 1956 2248 apud
1995 2180 2246 2234 homines
2275 2179 2391 2246 ﬁeri
2423 2181 2625 2244 suevit,
2657 2179 2884 2239 habere,
2921 2175 2977 2232 in
3021 2176 3393 2246 suspicionem

1704 2291 1708 2296 υ
1767 2283 1776 2290 ’
1819 2270 2047 2326 veniret.
2080 2290 2098 2323 ι
2124 2270 2190 2325 Et
2215 2278 2341 2326 ante
2371 2249 2502 2326 illud
2528 2277 2690 2341 caput
2721 2269 2864 2327 idem
2890 2278 3116 2337 sanctus
3145 2266 3398 2324 dicebat:

152 2391 171 2424 ι
202 2372 478 2442 Propterea
507 2381 565 2430 et
605 2372 701 2428 Dei
732 2372 951 2442 quidem
985 2369 1224 2427 Verbum
1253 2369 1450 2433 Filius,
1478 2366 1716 2423 Verbum
1760 2372 1942 2421 autem
1974 2365 2098 2422 Filii
2138 2363 2398 2436 Spiritus,
2438 2383 2456 2418 ι
2499 2375 2554 2421 et
2581 2380 2720 2438 quas
2758 2373 3086 2435 sequuntur.

208 2468 263 2525 δ’.
307 2469 668 2538 ξυνελθοῦσαι
702 2469 884 2526 τοίνυν
915 2472 1010 2524 καὶ
1038 2469 1071 2538 ἡ
1113 2465 1439 2535 Ἀνατολικὴ
1469 2462 1704 2532 Ἐκκλη-

148 2561 230 2618 σία
256 2563 345 2615 καὶ
370 2563 401 2630 ἡ
427 2561 656 2633 Δυτικῆ,
681 2563 778 2615 καὶ
811 2559 1201 2639 οἱκουμενικῆς
1224 2557 1444 2612 συνόδου
1479 2554 1707 2624 γενομέ-

145 2671 252 2725 νης,
275 2655 365 2707 καὶ
399 2652 650 2718 ἐξέτασιν
676 2653 999 2724 ποιήσασαι,
1048 2651 1123 2714 ὡς
1151 2649 1206 2703 τί
1239 2648 1308 2704 ἂν
1343 2646 1628 2719 βούλοιντο
1657 2643 1711 2698 οἱ·

145 2747 234 2815 τῆς
262 2745 607 2815 ’Δνατολικῆς
621 2742 951 2816 Ἑκκλησίας
983 2742 1320 2808 διδάσκαλοι,
1349 2741 1442 2794 καὶ
1471 2739 1572 2807 τῆς
1601 2740 1704 2790 Δυ-

145 2837 290 2908 τικῆς
326 2837 503 2907 λέγειν
548 2838 681 2908 περὶ
725 2838 826 2907 τῆς
870 2835 1256 2907 ὲκπορεύσεως
1294 2831 1392 2886 τοῦ
1431 2831 1704 2899 παναγίου

149 2928 484 3001 Πνεύματος·
517 2931 584 2984 Ei
614 2930 724 3001 ἄρα.
753 2930 818 2983 ὲκ
856 2929 1022 3000 μόνου
1043 2927 1138 2982 τοῦ
1167 2926 1381 2995 nam;
1409 2923 1710 2995 ἐκπορεύιη

1883 2462 1938 2518 4.
1980 2458 2161 2529 Quare
2190 2477 2314 2516 cum
2344 2462 2399 2531 in
2441 2477 2608 2516 unum
2640 2472 2695 2518 et
2720 2459 3014 2527 Orientalis
3041 2472 3095 2516 et
3133 2459 3402 2514 Occiden-

1815 2555 1943 2612 talis
1970 2554 2216 2611 Ecclesia
2249 2555 2666 2626 convenissent,
2696 2563 2751 2610 et
2779 2555 3123 2612 meumenico
3160 2555 3400 2609 concilio

1814 2649 2128 2712 celebrato,
2193 2647 2600 2704 examinassent
2683 2646 2812 2716 quid
2897 2646 3190 2702 Orientalis
3241 2657 3406 2715 atque

1816 2738 2185 2797 Occidentalis
2214 2739 2474 2796 Ecclesiae
2522 2740 2764 2812 magistri
2789 2738 2856 2796 de
2879 2739 3229 2811 processione
3278 2754 3408 2795 san-

1819 2833 2050 2891 ctissimi
2103 2829 2342 2904 Spiritus
2374 2833 2693 2892 statuissent
2725 2851 2737 2887 :
2769 2847 2898 2888 num
2950 2848 3016 2888 ev
3076 2833 3196 2888 solo
3242 2831 3405 2886 Patre

1818 2927 2139 2996 procederet
2177 2925 2418 2997 Spiritus
2447 2909 2697 2991 sanctus,
2731 2941 2800 2980 an
2831 2926 2992 2982 etiam
3025 2941 3092 2980 ex
3129 2908 3302 2991 Pilio,
3349 2934 3404 2980 et

146 3038 226 3074 ται
255 3000 312 3074 rb
339 3022 562 3092 Πνεῦμα
608 3000 672 3077 τδ
713 3021 948 3092 ἆγιον,ἧ
984 3020 1078 3075 καὶ
1107 3022 1171 3074 ὲκ
1199 3017 1294 3071 τοῦ
1337 3017 1494 3084 Υίοῦ,
1521 3015 1554 3088 ἢ
1590 3017 1706 3079 πῶς

1815 3014 2090 3086 quomodo
2126 3012 2258 3070 illud
2294 3015 2708 3086 intelligendum
2764 3015 2856 3082 sit,
2892 3031 2959 3087 ea:
2987 3015 3154 3072 Patre
3184 3032 3276 3083 pcr
3309 3000 3406 3069 ri.

145 3113 334 3182 ὀφείλει
365 3114 604 3169 νοεῖσθαι
640 3114 701 3168 τὸ
731 3117 794 3167 ἐκ
829 3111 1044 3182 Πατρὺς
1071 3111 1136 3164 δι’
1162 3108 1316 3164 Υίοῦ.
1358 3110 1468 3164 Καὶ
1499 3109 1548 3162 εί
1576 3124 1706 3161 συν-

147 3207 376 3279 εισφέρει
426 3210 454 3262 ό
490 3205 620 3272 Tib;
659 3209 742 3271 είς
794 3206 894 3275 τὴν
941 3205 1114 3261 ἀΐδιον
1148 3199 1375 3272 πρόοδον
1405 3200 1501 3255 τοῦ
1546 3199 1706 3269 ἁγίου

150 3299 537 3371 Πνεύματος,ἢ
577 3301 643 3353 ἐκ
684 3298 849 3368 μόνου
899 3297 996 3351 τοῦ
1047 3296 1264 3367 Πατρός
1312 3295 1485 3360 ἔστιν,
1517 3293 1708 3363 ὥσπερ

150 3392 231 3443 καὶ
260 3393 288 3444 ό
318 3393 444 3456 Υίὸς
473 3395 537 3444 ἐκ
591 3391 756 3458 μόνου
804 3388 901 3444 τοῦ
954 3388 1190 3465 Πατρδς,
1223 3387 1318 3438 καὶ
1353 3387 1402 3438 εί
1435 3384 1709 3463 λαμϐάνει

147 3484 321 3548 όΐίὸς
369 3484 477 3538 ἀπὸ
529 3482 627 3536 τοῦ
683 3483 1030 3549 Πνεύματος.
1084 3480 1276 3548 ὥσπερ
1326 3477 1600 3548 λαμϐάνει
1646 3479 1708 3530 τὸ

153 3576 356 3645 Πνεῦμα
395 3578 548 3649 παρὰ
588 3575 687 3630 τοῦ
736 3575 890 3629 Υίοῦ.
945 3574 1108 3628 Ἀλλὰ
1150 3571 1328 3627 ταῦτα
1365 3571 1464 3642 μὲν
1491 3573 1548 3624 ὲν
1586 3571 1709 3633 ταῖς

151 3667 373 3735 Γραφαῑς
401 3669 498 3738 οὐχ
539 3659 722 3737 εὖρον.
767 3667 840 3719 Τὸ
869 3665 926 3719 δὲ
961 3664 1188 3734 Πνεῦμα
1216 3665 1277 3718 τὸ
1307 3662 1464 3730 ἅγιον
1495 3661 1710 3732 λαμόἁο

152 3773 268 3828 νιιν,
296 3763 386 3815 καὶ
432 3759 493 3813 τὸ
544 3757 689 3816 εἶναι
721 3761 870 3831 ἔχειν
899 3758 969 3812 δι’
1011 3757 1171 3821 Υἱοῦ,
1220 3756 1396 3810 ταῦτα
1435 3754 1705 3823 πολλαχοῦ

151 3849 313 3924 εὗρον.
354 3854 671 3917 Ἀθανάσιος
697 3853 805 3926 γὰρ
840 3854 873 3922 ἡ
903 3852 1002 3921 τῆς
1030 3850 1289 3922 ἀληθείας
1321 3849 1522 3919 κρηπὶς
1553 3850 1610 3898 ἐν
1631 3846 1707 3915 τῷ

152 3948 275 4001 κατὰ
319 3948 611 4018 Ἀρειανῶν
637 3947 808 4016 τρίτῳ
843 3945 1035 4015 φησὶν,
1077 3963 1094 3995 ι
1143 3944 1326 3996 Πάντα
1357 3943 1457 3995 ὅσα
1492 3940 1606 4010 ἔχει
1648 3941 1707 3992 τὸ

155 4035 378 4107 Πνεῦμα,
399 4037 575 4090 ταῦτα
622 4035 776 4106 παρὰ
820 4033 916 4088 τοῦ
949 4035 1125 4102 Λόγου
1161 4035 1328 4104 ἔχειν.
1367 4051 1384 4084 t
1437 4033 1598 4085 Ἀλλὰ
1624 4033 1707 4093 τίς

157 4126 210 4179 ἄν
239 4129 362 4198 φαίη
395 4127 502 4182 τῶν
557 4124 616 4181 εὖ
673 4127 1039 4198 φρονούντων,
1066 4126 1141 4189 ὡς
1175 4125 1251 4197 μὴ
1283 4125 1489 4178 ἁπλοῦν
1529 4125 1706 4193 πάντη

155 4219 347 4284 παντως
372 4216 509 4273 εἶναι
533 4220 594 4272 τὸ
625 4219 851 4289 Πνεῦμα
874 4219 935 4272 τδ
959 4218 1140 4286 ἆγιον,
1165 4218 1260 4271 καὶ
1282 4217 1374 4270 ἐπὶ
1393 4216 1499 4269 τῶν
1518 4215 1708 4268 ἁπλῶν

155 4311 246 4360 πᾶν
272 4311 401 4380 ὅπερ
451 4309 746 4380 λαμόἀνειι,
771 4310 979 4363 τούτων
1010 4312 1118 4379 γὰρ
1159 4311 1253 4362 ἐπὶ
1288 4309 1396 4364 τῶν
1430 4308 1707 4361 συνθέτων

1817 3111 1970 3178 lium,
2025 3116 2115 3175 et,
2171 3123 2238 3163 an
2281 3106 2487 3179 aliquid
2530 3108 2778 3164 conferat
2841 3108 3015 3166 Filius
3069 3110 3122 3164 in
3188 3111 3403 3165 writer-

1816 3216 1942 3255 nam
1986 3198 2221 3268 Spiritus
2260 3199 2437 3255 sancti
2487 3200 2919 3270 processionem,
2953 3200 3039 3255 vel
3081 3215 3147 3254 an
3189 3215 3253 3256 ex
3285 3201 3405 3255 solo

1819 3293 1976 3349 Patre
2001 3300 2104 3357 est,
2142 3292 2307 3349 veluti
2346 3301 2400 3349 et
2429 3290 2599 3349 Filius
2624 3309 2689 3348 ex
2725 3294 2843 3350 solo
2871 3292 3031 3348 Patre
3062 3302 3184 3359 est,
3245 3305 3300 3349 ct
3332 3310 3400 3350 an

1819 3385 2017 3454 accipit
2071 3383 2243 3442 Filius
2299 3401 2328 3440 a
2376 3385 2584 3456 Spiritu
2616 3427 2631 3451 ,
2684 3386 3140 3457 quemadmodum
3202 3385 3406 3457 accipit

1819 3477 2054 3561 Spiritus
2079 3493 2108 3534 a
2133 3477 2314 3540 Filio;
2371 3487 2428 3534 at
2455 3479 2558 3534 ista
2589 3477 2809 3549 quidem
2844 3479 2898 3533 in
2920 3479 3219 3548 Scripturis
3255 3481 3402 3534 nulla

1819 3581 1976 3628 sunt:
2007 3580 2389 3628 verumtamen
2421 3573 2688 3643 Spiritum
2736 3581 2990 3629 sanctum
3031 3576 3302 3642 accipere,
3347 3585 3404 3628 et

1783 3672 1786 3673 ⁷
1818 3665 2092 3734 quodsit,
2123 3664 2334 3721 habere‘
2382 3680 2447 3720 ex
2484 3664 2644 3729 Filio,
2684 3668 2889 3736 passim
2927 3668 3206 3721 invenere.
3237 3666 3400 3721 Narn—

1817 3773 1924 3828 que
1975 3757 2317 3814 Athanasius
2364 3759 2614 3813 veritatis
2659 3757 3099 3826 fundamentum,
3150 3761 3404 3816 oratione

1819 3850 1976 3905 tertia
2012 3849 2280 3906 adversus
2305 3849 2541 3906 Arianos
2573 3850 2749 3916 dicit:
2788 3871 2807 3904 ι
2851 3851 3205 3921 Quaecunque
3242 3852 3404 3906 habet

1820 3943 2080 4013 Spiritus,
2112 3957 2184 3998 ex
2219 3939 2359 4008 Filio
2390 3944 2569 4000 habet.
2606 3937 2628 3996 't
2655 3944 2776 4001 Sed
2811 3947 2958 4016 quis,
2986 3946 3281 4009 dummodo
3312 3961 3399 3999 sa-

1818 4037 1917 4105 pit,
1944 4037 2173 4102 diceret,
2215 4033 2480 4106 Spiritum
2517 4045 2774 4092 sanctum
2809 4054 2916 4094 non
2948 4054 3068 4096 esse
3097 4054 3326 4108 prorsus
3344 4049 3399 4093 ct

1818 4125 2120 4193 per'omnia
2162 4124 2509 4194 simplicem;
2547 4135 2601 4180 at
2634 4144 2698 4182 ex
2752 4128 3100 4198 simplicibus
3135 4129 3399 4200 quidquid

1816 4217 2035 4289 accipit,
2068 4217 2214 4290 quod
2252 4219 2306 4273 in
2350 4221 2674 4290 compositis
2703 4221 2863 4274 aliter
2897 4221 3003 4286 sit,
3044 4229 3215 4274 totum
3249 4221 3395 4275 acci-

1815 4323 1946 4379 pere
1997 4309 2241 4364 dicitur?
2289 4311 2428 4364 Ante
2462 4312 2630 4365 etiam
2669 4313 2722 4365 in
2763 4312 2866 4366 hac
2913 4313 3100 4367 eadem
3148 4314 3400 4370 oratione

158 4403 362 4466 γίνεται,
390 4398 529 4456 ἀλλ’
561 4403 702 4471 ὅπερ
756 4403 825 4455 ἂν
865 4401 1092 4483 ⁸λέγοιτο
1144 4403 1536 4473 λαμϐάνεινιτδ
1587 4401 1706 4454 ὅλον

1812 4401 2050 4464 scribit:
2098 4421 2116 4453 ι
2161 4402 2346 4473 Neque
2379 4403 2524 4457 enim
2569 4403 2742 4459 Filius
2789 4405 3065 4476 particeps
3103 4415 3188 4461 est
3220 4405 3400 4477 Spirl-
3485 4413 3488 4415 “

155 4492 311 4560 mu;
345 4494 502 4552 Ἀλλὰ
521 4497 617 4552 καὶ
655 4497 754 4563 προ
784 4497 979 4555 τούτου
1014 4498 1070 4549 ὲν
1102 4497 1180 4567 τῷ
1212 4498 1363 4569 αὐτῷ
1394 4498 1540 4566 λόγῳ
1605 4511 1711 4563 φη·

158 4587 260 4638 σίν·
288 4606 305 4640 ι
348 4588 425 4644 Οὐ
458 4591 570 4660 γὰρ
600 4589 696 4642 καὶ
725 4587 754 4644 ό
788 4583 917 4652 Tib;
948 4590 1194 4660 μετέχων
1245 4592 1362 4643 ἐστὶ
1406 4588 1499 4644 τοῦ
1538 4589 1709 4651 "vati,-

159 4694 325 4745 ματος,
352 4681 436 4735 ἴνα
460 4681 550 4736 διὰ
590 4681 750 4735 τοῦτο
771 4681 868 4735 καὶ
912 4684 969 4735 ὲν
993 4682 1072 4752 τῷ
1105 4683 1283 4754 Πατρὶ
1312 4685 1560 4753 γένηται,
1586 4683 1708 4737 οὐδὲ

159 4768 427 4838 λαμϐάνων
453 4774 571 4827 ἐστὶ
606 4775 668 4827 τὸ
703 4773 950 4844 Πνεῦμα,
978 4775 1118 4829 ἀλλὰ
1150 4776 1352 4843 μᾶλλον
1382 4777 1442 4829 τὸ
1483 4776 1709 4847 Πνεῦμα

142 4862 288 4929 παρὰ
328 4863 420 4916 τοῦ
473 4864 652 4934 Λόγου
701 4865 991 4936 λαμϐάνει.
1045 4886 1062 4918 t
1099 4868 1201 4920 Διὰ
1235 4867 1394 4922 τοῦτο
1428 4869 1523 4921 καὶ
1557 4870 1709 4939 παρὰ

157 4954 249 5007 τῶν
273 4955 607 5014 διδασκάλων
637 4959 862 5030 ἀμέσως
895 4960 1117 5029 λέγεται
1147 4964 1175 5014 ό
1205 4960 1331 5025 Tib;
1371 4963 1436 5014 ὲκ
1470 4963 1564 5015 τοῦ
1599 4963 1708 5015 Πα-

159 5046 282 5114 τρδς,
310 5050 383 5115 ὡς
406 5054 540 5121 φησὶ
565 5050 829 5122 Κύριλλος
859 5055 917 5106 ὲν
944 5055 1056 5117 τοῖς
1088 5054 1448 5125 Θῃσαυροῖς·
1480 5075 1498 5106 ι
1540 5055 1709 5126 Γεννᾷ

157 5139 376 5213 ὁΠατὴρ
419 5145 511 5198 τὸν
543 5143 673 5198 Υίδν
716 5145 1123 5214 ἀμεσιτεύτως.
1165 5166 1184 5200 t
1220 5149 1330 5202 Kal
1363 5148 1526 5200 πάλιν
1556 5150 1583 5200 ό
1612 5149 1708 5200 αύ-

157 5231 231 5293 τδς
259 5234 332 5296 είς
365 5235 424 5289 τὸ
466 5227 632 5306 ῥητὸν
656 5237 740 5301 τὸ,
766 5238 970 5292 Πάντα
996 5238 1072 5291 δι’
1111 5239 1299 5294 αὑτοῦ
1325 5240 1588 5308 ἐγένετο,
1622 5240 1708 5291 λέ-

159 5337 304 5387 γειοσι
346 5330 595 5384 Συνείναι
621 5330 702 5400 τῷ
731 5330 848 5401 Υίῷ
877 5330 966 5386 τὸν
1017 5332 1239 5402 Πατέρα
1269 5331 1499 5403 νοοῦμεν
1527 5333 1613 5385 διὰ
1650 5334 1709 5385 τὸ

159 5413 555 5486 ἀπαράλλακτον
601 5423 708 5494 τῆς
762 5426 975 5492 οὐσίας,
1008 5428 1102 5480 καὶ
1143 5427 1203 5480 τὸ
1233 5427 1403 5496 ἄκρον
1433 5428 1706 5497 προσεχές

159 5520 207 5557 τι
233 5509 314 5562 καὶ
339 5513 542 5597 ἇμεσον
573 5515 765 5571 αὑτοῦ.
807 5535 826 5568 ι
865 5517 973 5574 Kal
1004 5520 1031 5572 ὁ
1059 5520 1285 5588 Νύσσης
1315 5520 1617 5590 Γρηῒόριος
1651 5521 1706 5572 ὲν

159 5597 224 5668 τῷ
252 5605 377 5674 πρδς
418 5608 702 5663 ’Δόλάὸιον
730 5611 875 5681 λόγῳ
906 5614 1126 5682 φάσκει,
1158 5634 1176 5666 ι
1225 5615 1300 5667 Τὸ
1331 5615 1431 5683 μὲν
1454 5617 1561 5685 γάρ
1591 5617 1704 5666 ἐστι

162 5701 412 5771 πίονισεχῶς
443 5705 506 5758 ἐκ
537 5700 631 5758 τοῦ
665 5706 901 5775 πρώτου.
954 5726 972 5759 ι
1011 5707 1119 5764 Καὶ
1152 5710 1390 5780 οὐδαμοῦ
1427 5709 1705 5779 φαίνονται

1814 4504 1924 4559 Ius,
1955 4503 2015 4548 ut
2042 4510 2137 4564 per
2185 4496 2334 4550 illum
2385 4496 2437 4549 in
2481 4495 2644 4551 Patre
2675 4499 2786 4563 liat,
2821 4513 2998 4567 neque
3028 4499 3229 4569 accipit
3273 4499 3398 4571 Spi-
3496 4528 3500 4534 -

1814 4588 2003 4653 ritum,
2032 4587 2128 4642 scd
2167 4589 2349 4658 potius
2382 4589 2620 4660 Spiritus
2651 4605 2680 4643 a
2715 4591 2892 4645 Verbo
2917 4591 3140 4661 accipit.
3186 4611 3204 4646 ι
3249 4593 3395 4655 Ideo:-

1812 4695 1919 4750 que
1952 4694 1980 4733 a
2011 4681 2329 4737 doctoribus
2353 4682 2668 4758 immediate
2692 4684 2897 4740 dicitur
2918 4683 3090 4745 Filius
3113 4704 3176 4742 ex
3213 4685 3396 4753 Patre,

1817 4784 1875 4828 ut
1923 4776 2093 4831 tradit
2132 4775 2372 4847 Cyrillus
2421 4776 2474 4831 in
2525 4777 2849 4837 Tltesaurt’s:
2884 4800 2902 4832 ι
2946 4781 3181 4837 Generat
3233 4784 3400 4847 Pater

1816 4866 2011 4921 Filium
2059 4869 2267 4939 absque
2325 4870 2439 4925 ullo
2483 4871 2682 4925 medio.
2736 4892 2753 4924 ο
2802 4870 3122 4944 Rursusque
3163 4875 3304 4930 idem
3340 4879 3391 4931 in

1815 4961 2170 5032 Expositione
2200 4962 2328 5018 dicti
2366 4982 2378 5018 :
2409 4948 2603 5020 Omnia
2626 4983 2716 5033 per
2749 4968 2919 5037 ipsum
2950 4968 3097 5038 facta
3127 4980 3272 5036 sunt,
3294 4973 3390 5033 ait,

1818 5075 1836 5112 r
1869 5056 2046 5110 Simul
2070 5074 2191 5114 esse
2221 5074 2344 5114 cum
2391 5058 2530 5116 Filio
2566 5059 2777 5115 Patrem
2844 5062 3201 5134 intelligimus
3268 5039 3395 5136 pro-

1813 5161 1934 5220 pter
1979 5151 2277 5207 csscntiam
2323 5167 2418 5220 per
2457 5154 2638 5208 omnia
2676 5153 2932 5217 similem,
2964 5155 3218 5226 illiusque
3244 5173 3396 5214 Siliu-

1813 5259 1958 5298 tnnm
2021 5244 2356 5310 continens,
2395 5254 2557 5314 atque
2601 5246 3000 5304 immediatum.
3053 5267 3071 5300 ι
3119 5239 3393 5321 bissenus

1813 5339 1939 5392 item
1963 5336 2281 5408 Gregorius,
2311 5341 2561 5395 oratione
2583 5339 2652 5393 ab
2679 5340 2965 5395 Ablabium
2992 5342 3202 5406 scribit,
3229 5361 3247 5394 ι
3279 5343 3393 5401 [loc

1810 5431 1956 5486 enim
1988 5439 2074 5485 est
2099 5432 2450 5488 continenter
2487 5450 2551 5488 ex
2590 5434 2786 5504 primo.
2824 5455 2841 5488 ι
2882 5434 3150 5505 Nulloquc
3185 5421 3238 5491 in
3271 5438 3392 5493 loco

1812 5523 1986 5577 sancti
2014 5521 2202 5578 Patres
2241 5524 2310 5578 ab
2349 5525 2467 5594 ipso
2489 5525 2781 5584 Servatore
2825 5541 3013 5583 nostro
3046 5531 3112 5582 ad
3142 5541 3389 5586 sanctam

1811 5616 2206 5672 wt-tttttenicam
2274 5619 2563 5688 septimam
2618 5622 2888 5691 synodum
2949 5637 3013 5675 cx
3058 5621 3175 5677 solo
3226 5622 3390 5677 Patre

1814 5709 2076 5780 Spiritum
2137 5722 2388 5792 sanctum
2457 5724 2851 5782 enunttarunt,
2929 5713 3390 5786 quemadmodum
