3962 6328
452 188 558 242 ’215

1385 195 1767 263 GliEGORH
1807 207 2102 266 MAMMJE
2131 210 2237 269 CP.
2281 203 2787 273 PiiTEilARCllrE

3617 204 3736 286 216

527 300 575 348 7.
611 299 989 358 Verumtamen
1031 325 1315 364 necessum
1349 329 1469 370 esse
1523 317 1704 382 rideo,
1734 330 1789 373 ut
1822 323 1873 376 id
1900 338 2031 391 quo-

2214 326 2274 391 ζ’.
2325 331 2463 381 Ἀλλ’
2493 333 2791 400 ἀναγκαῖόν
2837 335 2953 384 ἐστι
3003 336 3092 387 καὶ
3141 321 3342 404 μᾶλλον
3386 337 3590 401 δεῖξαι,
3642 339 3735 390 ὅτι

453 405 560 459 que
609 397 850 461 apertius
909 398 1376 470 demonswemus,
1425 424 1524 465 nos
1577 412 1757 466 divina
1829 424 2034 471 statuta

454 495 629 549 neque
685 489 1084 555 contempsisse
1134 508 1311 561 neque
1368 513 1470 564 pro
1503 500 1679 555 nihilo
1706 502 1952 569 duxisse,
1980 518 2037 560 ut

453 575 545 641 qui
576 584 848 630 terrarum
882 582 1069 635 orbein
1126 587 1442 642 universum
1496 594 1724 662 scriptis
1771 596 2039 653 adversus

455 679 556 716 nos
590 666 754 721 editis
799 671 1094 738 rcplevcre,
1131 674 1234 728 hac
1261 678 1478 734 ratione
1510 696 1616 737 nos
1657 683 2036 750 dilfamantes,

453 757 988 829 cmmniscentesque
1042 767 1226 818 omnia
1289 770 1548 838 sollicite,
1586 775 1653 827 ad
1698 774 1906 832 Christi
1939 780 2040 832 Ee-

451 845 678 901 clesiam
730 851 1103 913 dividendam.
1172 860 1302 914 licet
1365 863 1610 920 divinum
1665 883 1728 922 ac
1781 881 2033 926 sam-tuin

455 937 666 993 Patrem
733 945 1190 1016 Clirysostomum
1245 957 1296 1008 in
1373 960 1724 1029 espositioue
1781 961 2036 1030 Epistulae

455 1032 596 1084 beati
631 1031 783 1090 Pauli
826 1038 890 1090 ad
943 1040 1209 1106 Ephesios
1235 1047 1507 1102 dicentem
1549 1053 1774 1110 audiant
1811 1072 1826 1109 :
1861 1074 1879 1106 ι
1917 1057 2033 1117 Non

454 1125 633 1177 minus
667 1128 867 1181 malum
897 1146 1018 1186 esse
1048 1134 1350 1192 Ecclesium
1377 1138 1623 1198 dividere
1653 1162 1818 1214 quam
1843 1149 1894 1202 in
1919 1151 2032 1203 ha:-

455 1215 619 1270 rcsim
642 1220 878 1284 prolabi.
906 1244 923 1274 ι
973 1226 1037 1280 Et
1070 1229 1122 1281 in
1158 1224 1345 1285 eadem
1369 1235 1613 1303 Epistola
1644 1239 1903 1295 idennnet
1930 1243 2033 1296 alia

450 1307 686 1362 llomilia
745 1311 998 1372 fatetur:
1038 1337 1055 1369 ι
1114 1319 1259 1375 Nihil
1323 1332 1536 1379 tantmn
1603 1329 1771 1384 Deum
1828 1332 2030 1396 irritat,

449 1410 716 1465 quantum
756 1407 955 1462 divisio
987 1405 1263 1481 Ecclesiae,
1297 1426 1353 1470 et
1401 1421 1528 1474 licet
1565 1422 1851 1477 innumera
1892 1426 2033 1480 bona

448 1491 818 1563 eil‘eccrimus,
853 1517 952 1556 nos
998 1503 1092 1573 qui
1141 1507 1537 1576 plenitudinem
1575 1522 1632 1568 et
1656 1515 2032 1586 integritatem

448 1587 876 1645 ecclesiasticam
919 1596 1245 1667 scindimus,
1283 1617 1390 1656 non
1427 1605 1672 1662 minores
1703 1623 1898 1678 punias
1937 1613 2028 1663 da-

2140 418 2261 471 οὐδὲ
2295 420 2404 471 τῶν
2440 421 2602 474 θείων
2668 423 2808 490 ὅρων
2845 427 3336 496 κατεφρονήσαμεν
3385 428 3418 495 ἢ
3465 429 3735 496 παρείδο-

2142 527 2263 591 μεν,
2300 510 2376 574 ὠς
2417 514 2467 565 oi
2505 513 2604 583 τὴν
2645 518 2976 587 οἰκουμένην
3015 518 3241 579 ἃπασαν
3278 521 3400 574 καθ’
3428 522 3587 591 ἡμῶν
3627 524 3736 590 ὲμ-

2145 582 2449 670 πλήσαντες
2481 609 2713 674 γραφῶν
2735 650 2750 673 ,
2783 609 2928 662 οὕτω
2958 611 3344 681 περισύροντες
3366 655 3380 677 ,
3418 616 3508 665 καὶ
3541 615 3734 667 πάντα

2142 692 2277 760 πρδς
2306 694 2365 746 τὸ
2395 695 2626 767 διαιρεῖν
2654 700 2755 768 τὴν
2783 700 2878 753 τοῦ
2907 701 3149 771 Χριστοῦ
3183 703 3513 774 Ἐκκλησίαν
3546 707 3734 758 σπεύ-

2138 785 2342 847 δοντες,
2368 788 2521 854 φατι.
2555 793 2748 844 Καίτοι
2776 809 2838 858 γε
2865 793 2961 846 τοῦ
2994 793 3140 848 θείου
3171 797 3562 866 Χρυσοστομου
3623 799 3733 851 καὶ

2140 876 2288 943 ἱεροῦ
2341 878 2554 946 Πατρδις
2597 881 2888 947 ἀκούοντες
2931 887 2988 939 ἐν
3027 872 3093 958 τῇ
3142 888 3400 957 ἐξηγήσει
3437 891 3536 958 τῆς
3583 891 3736 956 πρὸς

2151 964 2772 1041 ἘςρεοίουςἘπιστ-ολῆς
2792 975 2886 1027 τοῦ
2923 979 3194 1045 μακαρίου
3232 980 3449 1031 Παύλου
3482 980 3734 1045 φάσκον.

2137 1067 2226 1114 τος
2251 1094 2264 1114 ι
2309 1075 2325 1106 ι
2368 1057 2474 1108 Τοῦ
2511 1060 2590 1120 είς
2625 1061 2841 1128 αἵρεσιν
2871 1064 3135 1133 ἐμπεσεῖν
3164 1068 3226 1120 τὸ
3257 1068 3354 1138 τὴν
3388 1070 3732 1138 Ἐκκλησίαν

2141 1149 2321 1216 σχίσαι
2364 1149 2516 1204 οὐδὲν
2556 1152 2783 1208 ἔλαττον
2824 1157 2995 1210 κακον
3034 1159 3297 1216 δείκνὺσι.
3344 1181 3361 1212 ι
3401 1162 3510 1214 Καὶ
3553 1166 3609 1214 ἑν
3653 1165 3729 1232 τῇ

2137 1240 2271 1310 αὐτῇ
2312 1242 2599 1316 Ἐπιστολῇ
2639 1249 2666 1300 ὁ
2702 1249 2862 1312 αὐτὸς
2927 1251 3081 1316 ἅγιος
3114 1254 3170 1314 ἐν
3229 1252 3363 1324 ἄλλῃ
3389 1253 3574 1323 ὁμιλίᾳ
3607 1270 3731 1323 φη-

2140 1335 2244 1401 σὶν,
2278 1354 2297 1385 ι
2333 1337 2500 1390 Οὐδὲν
2527 1339 2670 1395 οὑτω
2700 1343 2991 1410 παροξύνει
3016 1345 3170 1409 Θεὸν,
3199 1346 3272 1409 ὡς
3298 1346 3359 1396 τὸ
3391 1347 3732 1414 Ἐκκλησίαν

2135 1428 2498 1500 διαιρεθῆναι,
2553 1432 2656 1486 κᾶν
2709 1435 2879 1505 μυρία
2929 1431 3080 1506 ὦμεν
3130 1439 3499 1507 ἐργασάμενοι
3550 1439 3728 1499 καλὰ.

2137 1521 2244 1571 τῶν
2280 1523 2341 1573 τὸ
2377 1523 2540 1593 σῶμα
2577 1526 2744 1581 αὑτοῦ
2781 1529 3148 1598 διατεμόντων
3181 1533 3279 1584 οὐκ
3315 1531 3575 1584 ἐλάττονα
3608 1532 3727 1582 δὼ-

2142 1630 2308 1682 σομεν
2337 1615 2495 1684 δίκην
2518 1657 2532 1681 ,
2566 1620 2613 1672 οἱ
2645 1621 2707 1672 τὸ
2759 1621 3038 1691 πλήρωμα
3071 1623 3503 1693 κατατέμνοντες
3534 1622 3595 1674 τὸ
3627 1622 3730 1675 ἐκ-

450 1679 651 1744 bimus,
693 1699 856 1752 quam
909 1691 1000 1757 qui
1035 1706 1238 1762 corpus
1275 1694 1481 1752 Christi
1521 1701 1863 1771 discerpunt.
1920 1705 2031 1761 Iloe

2142 1708 2552 1776 κλησιαστικόν.
2586 1712 2795 1766 Ἐκεῖνο
2823 1717 2924 1783 μὲν
2949 1716 3059 1784 γὰρ
3086 1717 3176 1768 ἐπὶ
3204 1717 3384 1785 κέρδει
3412 1718 3507 1784 τῆς
3535 1718 3729 1768 οἰκου-

446 1771 593 1824 enim
625 1773 676 1826 in
712 1778 1001 1832 utilitatem
1052 1785 1218 1836 totius
1244 1787 1392 1840 orbis
1447 1797 1728 1856 peractum
1774 1805 1878 1857 est,
1909 1795 2034 1848 licet

451 1877 560 1915 non
599 1879 667 1918 eo
717 1869 925 1930 animo.
966 1873 1010 1926 si
1073 1877 1340 1944 reprobth
1373 1878 1500 1933 illos
1538 1885 1869 1952 respexeris,
1902 1887 2031 1940 illud

447 1969 576 2007 vero
609 1959 739 2011 nulli
775 1966 1063 2019 commodo
1089 1977 1190 2029 est.
1218 1970 1348 2038 quin
1376 1972 1485 2026 imo
1506 1976 1802 2030 maximam
1831 1994 2029 2034 noxam

451 2046 632 2102 affert.
675 2049 800 2107 lla'e
833 2059 961 2111 vero
997 2074 1106 2114 non
1149 2062 1213 2114 ad
1243 2065 1518 2133 principes
1539 2067 1826 2134 duntaxat,
1853 2072 1944 2125 sed
1966 2072 2031 2125 ad

451 2141 699 2198 subditos
754 2161 974 2218 quoque
1032 2152 1348 2207 edicuntur.
1397 2155 1492 2211 Vir
1555 2161 1777 2229 quidam
1809 2177 2032 2221 sanctus

449 2239 847 2308 pronuntiavit,
887 2246 1035 2313 quod
1090 2251 1367 2305 nonnullis
1403 2252 1690 2309 audaciam
1728 2271 1917 2326 sapere
1956 2260 2034 2313 vi-

358 2349 364 2363 ·
450 2345 573 2382 sum
605 2339 728 2399 est,
766 2344 822 2388 at
857 2340 1243 2405 pronuntiavit
1304 2352 1514 2399 tamen.
1573 2345 1713 2414 Quid
1746 2350 1881 2404 illud
1914 2351 2035 2406 est?

449 2419 636 2491 Neque
655 2423 914 2495 'inartyrii
955 2433 1226 2498 sanguine
1266 2435 1444 2489 simile
1479 2439 1692 2493 facinus
1725 2441 2032 2496 oblitterari

453 2528 634 2583 posse.
668 2515 839 2571 Dicito
861 2519 1006 2572 enim
1043 2522 1200 2588 mihi,
1237 2540 1443 2591 quaeso,
1487 2544 1648 2597 quam
1683 2533 1753 2584 ob
1809 2547 2032 2588 causam

449 2609 716 2675 martyrio
744 2620 794 2666 te
814 2612 995 2667 dedis.
1050 2615 1238 2672 Nonne
1267 2630 1492 2688 propter
1514 2623 1723 2680 Christi
1746 2618 1980 2696 'gloriam
2012 2629 2035 2682 ἲ

447 2702 570 2767 Quo
627 2705 812 2775 itaque
863 2708 1026 2763 modo
1051 2712 1358 2768 Ecclesiam
1407 2716 1764 2786 deprmdaris,
1805 2738 1903 2791 pro
1925 2740 2034 2793 qua

446 2795 701 2863 Christus
741 2813 894 2854 suam
927 2804 1159 2873 proiecit
1216 2807 1457 2863 animam
1492 2813 1514 2863 ?
1551 2832 1569 2863 ι
1621 2813 1687 2867 Et
1739 2816 2034 2888 Dionysius

446 2889 851 2960 Alexandrinus
905 2894 956 2945 in
993 2898 1237 2967 propriis
1273 2903 1586 2958 eanonibus
1627 2909 1699 2960 ait
1739 2930 1747 2963 :
1791 2929 1808 2960 ι
1850 2909 2034 2974 Quod-

449 2985 579 3037 libet
606 2975 952 3049 tolerandum
1003 3000 1140 3055 erat,
1178 3009 1245 3048 ue
1277 2995 1370 3048 Dei
1421 2996 1667 3053 Ecclesia
1759 3003 2034 3059 discinde-

455 3087 626 3140 retur,
672 3075 847 3147 neque
874 3083 1054 3136 minus
1078 3083 1377 3155 gloriosum
1415 3101 1534 3144 erat
1563 3092 1632 3145 ob
1679 3109 1786 3148 non
1824 3094 2033 3148 sacriﬁ-

445 3167 708 3236 candum,
739 3187 900 3239 quam
933 3175 1001 3228 ob
1030 3191 1135 3229 non
1165 3162 1517 3236 dividendam
1554 3166 1852 3241 Ecclesiam
1889 3204 2033 3245 uiar-

444 3261 682 3331 tyrium:
717 3280 802 3319 me
825 3276 1004 3320 autem
1050 3266 1259 3336 iudice,
1285 3284 1336 3326 et
1365 3276 1534 3328 mul;o
1565 3278 1850 3334 illustrius.
1886 3299 1905 3332 ι
1932 3280 2035 3337 Vc-

445 3371 589 3434 rum,
622 3357 772 3413 hisce
794 3366 1124 3430 postputatis
1150 3367 1543 3437 neglectisqui‘,
1569 3371 1867 3427 obturbaut
1897 3390 2035 3430 con-

448 3447 789 3521 funduntque
808 3463 860 3507 et
883 3455 933 3507 in
965 3456 1066 3520 his,
1099 3459 1220 3511 etin
1248 3460 1475 3528 reliquis
1542 3464 1662 3518 aliis
1718 3467 2034 3535 regionibus

444 3557 658 3597 OlllllCS.
701 3544 809 3613 Ego
849 3563 1014 3615 porro
1048 3565 1148 3618 pro
1171 3562 1322 3606 certo
1354 3556 1620 3609 confirmo
1645 3559 2035 3614 cxcefsissinue

445 3641 553 3697 tuae
593 3636 888 3704 maiestati,
924 3650 977 3694 et
1029 3648 1314 3699 veritatem
1350 3648 1525 3714 ipsam
1561 3659 1755 3714 testor,
1801 3667 1887 3705 me
1912 3669 2036 3722 pro-

446 3729 773 3799 pensissimo
833 3734 1020 3791 animo
1087 3753 1244 3804 esse,
1304 3741 1644 3810 minimeque
1680 3743 1966 3810 reluctari,
2003 3762 2033 3799 e

446 3821 583 3876 solio
615 3826 983 3892 patriarchico
1045 3830 1307 3886 dimoveri
1338 3851 1351 3886 :
1384 3850 1564 3904 neque
1595 3837 1741 3890 enim
1781 3854 2028 3908 unquam

447 3913 500 3968 iu
533 3929 766 3975 mentem
799 3934 974 3973 meam
1001 3934 1243 3986 venerat,
1278 3934 1584 3996 testemque
1608 3929 1815 3984 advoco
1837 3931 2030 3996 Deum,

442 4005 812 4070 patriarcham
871 4010 1553 4085 Constantinopolitanum
1614 4020 1827 4084 creari,
1897 4024 2032 4091 quin

443 4095 557 4150 into
600 4113 702 4155 nec
740 4110 870 4158 ante
930 4104 1147 4174 triginta
1181 4124 1355 4165 annos
1390 4112 1738 4182 episc0pum,
1778 4112 1874 4168 sed
1912 4124 2032 4168 tan-

441 4197 726 4252 tummodo
783 4198 836 4252 in
891 4201 1000 4255 vita
1058 4206 1360 4260 monastica
1419 4207 1723 4264 immorari.
1780 4210 2030 4266 Debituin

440 4301 572 4341 vero
596 4304 682 4344 tne
711 4305 1014 4361 prmgravat
1037 4295 1461 4367 iudeprecabile,
1487 4316 1595 4354 non
1616 4311 1829 4356 tantum
1854 4303 2033 4358 excel-

439 4381 674 4444 sissimm
703 4393 807 4439 tuac
840 4387 1138 4454 maiestati,
1165 4399 1218 4444 et
1249 4393 1444 4447 anima:
1474 4409 1667 4458 sacrae,
1696 4397 1790 4450 sed
1831 4406 1885 4450 et
1917 4397 2031 4452 sin-

442 4476 588 4541 gulis
655 4476 995 4545 hominibus,
1064 4493 1227 4550 prout
1287 4486 1431 4540 vires
1462 4497 1774 4555 suppetent,
1835 4490 2028 4544 istlmc

441 4565 740 4632 declarare,
774 4580 826 4623 et
868 4586 1011 4625 nunc
1043 4589 1106 4626 ex
1151 4583 1307 4640 parte
1334 4575 1558 4630 declare
1585 4619 1599 4642 ,
1635 4589 1691 4632 et
1729 4579 1874 4646 quod
1910 4597 2029 4634 rur-

2143 1800 2310 1864 μένης
2355 1802 2588 1869 ἐγίνετο,
2627 1806 2680 1857 εί
2726 1808 2821 1860 καὶ
2868 1807 2944 1878 μὴ
2989 1808 3096 1860 ἀπὸ
3138 1808 3378 1871 διανοίας
3417 1807 3676 1877 τοιαύτης
3707 1824 3725 1840 ο

2137 1892 2294 1943 τοῦτο
2326 1893 2382 1944 δὲ
2413 1895 2653 1965 οὐδαμοῦ
2681 1897 2741 1950 τὸ
2771 1899 3066 1975 χρήσιμον,
3095 1900 3231 1954 ἀλλὰ
3258 1900 3425 1970 πολλὴ
3455 1902 3488 1969 ὴ
3520 1897 3740 1970 βλάϐη.

2138 1981 2325 2038 Ταῦτά
2369 2004 2457 2054 μοι
2501 1989 2562 2040 οὗ
2609 1990 2745 2056 πρός
2788 1990 2916 2052 τοὺς
2959 1991 3226 2071 ἄρχοντας
3273 1993 3435 2061 μόνον
3479 1993 3729 2062 εἴρηται,

2139 2077 2276 2131 ἀλλὰ
2306 2080 2399 2131 καὶ
2431 2080 2568 2147 πρὸς
2596 2082 2720 2143 τοὺς
2751 2081 3112 2151 ἀρχομένους,
3144 2083 3311 2151 Ἀνὴρ
3341 2083 3398 2135 δέ
3428 2100 3509 2145 τις
3538 2083 3727 2149 ἅγιος,

2141 2171 2306 2238 φησὶν
2375 2166 2496 2223 εἶπέ
2526 2188 2578 2223 τι
2610 2172 2800 2226 δοκοῦν
2835 2164 3139 2245 τολμηρὸν,
3173 2175 3314 2246 πλὴν
3343 2175 3490 2245 ὅμως
3518 2175 3728 2243 ἐφθέγ-

2143 2261 2288 2326 ξατο.
2319 2265 2384 2316 Τί
2413 2265 2468 2316 δὲ
2495 2265 2654 2318 τοῦτό
2682 2269 2860 2330 ὲστιν;
2891 2269 3026 2321 Οὐδὲ
3059 2269 3365 2339 μαρτυρίου
3397 2263 3535 2336 αἷμα
3563 2269 3696 2339 δύνα
3716 2297 3731 2306 -

2139 2375 2228 2416 ται
2265 2358 2575 2425 ἐξαλείφειν
2601 2360 2699 2427 τὴν
2738 2359 3016 2430 ἁμαρτίαν
3050 2361 3280 2430 ταύτην.
3316 2362 3450 2413 Εἰπὲ
3481 2361 3590 2429 γάρ
3628 2378 3729 2435 μοι
3783 2366 3786 2370 ’

2137 2449 2284 2510 τίνος
2318 2448 2508 2505 ἕνεκεν
2545 2454 2874 2520 μαρτυρεῖς;
2907 2453 2979 2505 Οὑ
3016 2453 3104 2504 διὰ
3134 2454 3234 2521 τὴν
3265 2451 3424 2516 δόξαν
3457 2453 3552 2505 τοῦ
3589 2453 3730 2522 Χρι-
3803 2462 3810 2477 "

2144 2542 2312 2606 στοῦ;
2345 2533 2482 2604 Πῶς
2503 2531 2832 2612 Ἐκκλησίαν
2865 2543 3116 2617 πορθεῖς,
3149 2540 3386 2617 ὑπὲρῆς
3414 2545 3512 2616 τὴν
3541 2545 3729 2616 ψυχὴν

2142 2635 2430 2702 προήκατο
2472 2639 2500 2686 ὁ
2545 2636 2815 2703 Χριστός;
2869 2655 2888 2688 ι
2936 2637 3047 2690 Καὶ
3090 2638 3365 2702 Διονύσιος
3404 2640 3433 2691 ὁ
3472 2637 3727 2703 Ἀλεξαν-

2139 2722 2321 2792 δρείας
2357 2726 2413 2775 ἐν
2444 2727 2556 2788 τοῖς
2595 2726 2744 2788 ἰδίοις
2779 2726 2964 2779 κανόσι
3001 2731 3164 2798 φησίν
3191 2745 3203 2758 ’
3245 2747 3264 2779 ι
3300 2728 3446 2785 Ἔδει
3481 2725 3582 2797 μέν
3611 2728 3727 2813 γὰρ

2141 2816 2237 2868 καὶ
2279 2816 2388 2868 πᾶν
2427 2816 2607 2870 ὁτιοῦν
2649 2819 2842 2871 παθεῖν
2890 2821 3028 2889 ὑπὲρ
3067 2819 3161 2874 τοῦ
3205 2816 3281 2891 μὴ
3323 2818 3582 2890 διακόψαι
3622 2820 3730 2889 τὴν

2151 2911 2486 2981 Ἐκκλησίαν
2525 2911 2621 2963 τοῦ
2667 2913 2824 2966 Θεοῦ.
2868 2913 2978 2966 Καὶ
3015 2907 3082 2984 ἦν
3123 2915 3222 2966 οὑκ
3264 2912 3583 2983 ἀδοξότερον
3622 2913 3726 2979 τῆς

2063 3019 2104 3076 c
2140 3001 2326 3055 ἕνεκεν
2362 3003 2454 3055 τοῦ
2501 3003 2576 3073 μὴ
2631 3003 3094 3072 εἰδωλολατρῆσαι
3132 3001 3424 3071 γινομένης
3458 3002 3492 3070 ὴ
3533 2999 3726 3052 ἕνεκεν

2140 3091 2232 3144 τοῦ
2270 3091 2344 3162 μὴ
2378 3094 2560 3162 σχίσαι
2595 3094 2892 3162 μαρτυρία.
2927 3094 3065 3145 Κατ’
3087 3093 3186 3162 ἐμὲ
3217 3091 3274 3144 δὲ
3304 3088 3401 3144 καὶ
3433 3089 3659 3158 μείζων.
3701 3107 3723 3139 ι

2156 3185 2316 3236 Ἀλλὰ
2343 3185 2516 3238 ταῦτα
2548 3187 2627 3246 εἰς
2655 3179 2808 3238 οὐδὲν
2836 3187 3053 3252 θέμενοι
3079 3183 3382 3237 διακυκῶσι
3436 3182 3529 3234 καὶ
3561 3182 3728 3234 ἔκτα·
3751 3241 3754 3244 λ

2143 3279 2433 3347 ράττουσι,
2481 3281 2576 3332 καὶ
2618 3279 2744 3341 τοὺς
2793 3278 3029 3332 ἐνταῦθα
3073 3278 3168 3331 καὶ
3212 3277 3338 3339 τοὺς
3382 3273 3724 3342 ἁπανταχοῦ.

2154 3370 2299 3436 Ἐγὼ
2333 3371 2389 3423 δὲ
2425 3370 2758 3439 πληροφορῶ
2789 3372 2853 3440 τῇ
2894 3372 2958 3438 σῇ
2995 3368 3305 3437 ὑψηλοτάτη
3345 3366 3594 3436 βασιλείᾳ
3629 3364 3724 3417 ἐπὶ

2143 3465 2384 3532 μάρτυρι
2413 3467 2480 3534 τῇ
2513 3461 2762 3532 ἀληθείᾳ,
2794 3461 2852 3526 ἐξ
2881 3463 3010 3530 ὅλης
3039 3461 3140 3530 τῆς
3169 3461 3347 3531 ψυχῆς
3379 3459 3722 3528 ἀποδέχομαι

2141 3556 2374 3620 ἐξελθεῖν
2408 3557 2504 3608 τοῦ
2549 3556 2968 3628 πατριαρχείου.
3007 3556 3278 3610 Οὐδέποτε
3315 3555 3422 3624 γὰρ
3458 3553 3629 3620 ἀνέϐη
3663 3552 3724 3604 τὸ

2140 3649 2382 3703 τοιοῦτον
2418 3653 2508 3703 ἐπὶ
2550 3652 2791 3722 μάρτυρι
2823 3651 2900 3720 τῷ
2940 3649 3130 3718 Κύρίῳ
3161 3651 3240 3712 είς
3275 3649 3367 3701 τὸν
3401 3648 3535 3716 ὲμὸν
3570 3649 3722 3714 λογι-

2091 3746 2093 3748 ’
2144 3743 2314 3811 σμὸν,
2349 3744 2408 3794 τὸ
2447 3743 2706 3810 γενέσθαί
2753 3761 2819 3812 με
2863 3741 3164 3796 ἐπίσκοπον
3197 3741 3718 3796 Κωνσταντινουπό-

2140 3837 2295 3900 λεως,
2330 3837 2444 3890 ἀλλ’
2469 3837 2590 3889 οὐδὲ
2625 3838 2730 3907 πρὸ
2761 3837 3058 3906 τριάκοντα
3088 3837 3319 3905 χρόνων,
3353 3836 3443 3892 ἵνα
3473 3836 3722 3905 γένωμαι

2141 3929 2465 3997 ἀρχιερεὺς,
2499 3928 2614 3980 ἀλλ’
2643 3931 2701 3981 ἐν
2737 3929 2885 3998 μόνῳ
2919 3932 3179 4000 ἐμμένειν
3215 3931 3289 3997 τῷ
3321 3929 3428 3987 τῶν
3462 3929 3720 4000 μονοτρό-

2141 4035 2259 4071 πων
2297 4020 2557 4090 σχήματι.
2597 4020 2771 4088 Χρέος
2817 4020 2873 4072 δὲ
2921 4019 3030 4090 ἔχω
3073 4021 3452 4091 ἀπαραίτητον
3488 4020 3630 4073 κατὰ
3661 4019 3722 4072 τὸ

2139 4116 2258 4166 ἐνόν
2293 4131 2383 4183 μοι
2413 4113 2754 4183 διασαφῆσαι
2786 4115 2848 4166 οὑ
2883 4115 3046 4185 μόνον
3073 4116 3140 4183 τῇ
3175 4117 3240 4184 σῇ
3275 4113 3592 4185 ὑψηλοτάτη
3624 4115 3722 4185 βα·

2142 4207 2324 4277 σιλείᾳ,
2362 4208 2454 4260 καὶ
2501 4208 2624 4277 ἱερᾷ
2668 4206 2840 4278 ψυχῇ,
2888 4208 3026 4261 ἀλλὰ
3071 4208 3166 4260 καὶ
3213 4210 3376 4260 παντὶ
3419 4207 3716 4277 ἀνθρώπῳ.

2139 4299 2255 4351 Νῦν
2287 4294 2381 4351 οὑν
2415 4299 2522 4351 ἀπὸ
2561 4300 2760 4368 μέρους
2796 4298 3079 4366 διασαφεῖ),
3118 4301 3213 4352 καὶ
3245 4299 3456 4361 ὃπάλιν
3492 4294 3724 4364 ἐλλείπει

2142 4390 2219 4452 εἰς
2260 4390 2658 4459 ἱκανοποίησιν,
2701 4390 2793 4442 καὶ
2825 4389 3006 4456 τοῦτο,
3041 4393 3089 4445 εί
3126 4387 3255 4456 Θεὸς
3292 4391 3527 4456 κελεύει,
3564 4395 3655 4448 καὶ
3687 4396 3720 4464 ή

2143 4485 2210 4554 σὴ
2245 4485 2492 4554 βασιλεία
2525 4485 2641 4555 ἔχει
2672 4484 2904 4554 θέλημα,
2936 4485 3205 4555 βασιλέων
3234 4483 3446 4556 ἄριστε,
3475 4489 3722 4557 ἀποπλη-
3749 4535 3757 4550 ,

2142 4579 2411 4647 ρώσομεν.

441 4676 539 4721 Sus
591 4661 764 4718 deerit
815 4666 882 4722 ad
934 4665 1399 4739 complementum
1424 4709 1462 4738 ,ι
1495 4674 1628 4728 illud
1691 4691 1950 4746 quoque,
1984 4675 2030 4730 si
2074 4675 2216 4731 Deus
2245 4679 2480 4741 dederit,
2510 4689 2564 4733 et
2616 4672 2733 4732 tua'
2766 4681 3024 4750 maiestas
3061 4679 3381 4750 iniunxerit,
3430 4677 3720 4748 imperato-

440 4773 561 4815 rum
591 4765 821 4832 Optime,
850 4768 1136 4834 supplebo.

510 4856 566 4910 8.
625 4855 1008 4915 Necessarium
1070 4879 1233 4932 porro
1298 4868 1463 4922 ducto
1519 4869 1685 4925 altius
1737 4871 1896 4925 initio
1961 4872 2031 4925 de

439 4947 678 5006 decretis
727 4962 780 5006 et
830 4954 1250 5013 deliuitionibus
1281 4961 1427 5024 lidei,
1454 4972 1718 5029 quantum
1755 4979 1851 5031 per
1889 4974 2019 5018 tem-

440 5053 544 5108 pus
567 5039 807 5109 licuerit,
834 5041 886 5097 in
913 5051 1168 5116 pFJRSCllli
1195 5050 1626 5114 Commentario,
1654 5052 1719 5107 ad
1745 5055 2026 5109 veritatem

442 5144 906 5200 ntanifestandam
942 5148 1148 5216 aliquid
1187 5148 1238 5200 in
1289 5147 1530 5198 medium
1565 5146 1780 5200 alicrre.
1815 5147 2026 5201 Etenim

446 5241 492 5292 si
525 5239 699 5292 semel
751 5241 1026 5308 quisiiiam
1061 5241 1624 5295 exconnmniicationi
1653 5242 1917 5296 subactus
1964 5242 2031 5296 ab

442 5325 726 5396 episcopo,
762 5329 1002 5398 tympani
1051 5329 1223 5383 iustat‘
1280 5331 1622 5394 intumescit,
1662 5341 1719 5383 ut
1759 5332 1861 5384 hoc
1929 5348 2029 5383 no-

441 5429 558 5471 atro
599 5429 849 5486 tempore
874 5419 1134 5486 vidimus,
1171 5431 1222 5475 et
1255 5423 1508 5491 praesulis
1537 5423 1888 5478 absolutione
1912 5424 2030 5478 dis-

440 5497 695 5573 solvitur,
730 5522 781 5565 et
820 5512 871 5564 in
907 5512 1187 5580 pulverem
1221 5512 1448 5578 fatiscit,
1478 5515 1650 5569 multo
1701 5517 1876 5585 magis
1902 5533 2024 5570 cum

441 5607 615 5660 sancti
652 5602 842 5659 Patres
870 5605 922 5656 in
956 5607 1319 5659 uacumenicis
1372 5608 1596 5676 synodis
1643 5613 2024 5672 convenerint,

443 5697 498 5752 in
535 5696 753 5754 nomine
774 5697 981 5756 Christi
1023 5695 1336 5757 Serratotis
1367 5718 1465 5771 pro
1509 5703 1761 5771 veritate,
1782 5714 1835 5758 et
1864 5705 2024 5758 recti-.-

2211 4870 2283 4939 η’.
2323 4871 2463 4922 Ἀλλ’
2487 4871 2786 4938 ἀναγκαῖον
2817 4868 3059 4938 ἡγοῦμαι
3090 4867 3296 4923 ἄνωθέν
3326 4885 3384 4920 τε
3415 4869 3507 4920 καὶ
3539 4867 3599 4932 ἐξ
3624 4868 3694 4936 ἀρ

2141 4953 2242 5031 χῆς
2270 4965 2508 5016 ἐκθεῖναι
2534 4964 2596 5015 τὸ
2627 4963 2754 5033 περὶ
2781 4963 2888 5015 τῶν
2913 4964 3078 5032 ὅρων,
3105 4963 3338 5015 καθόσον
3363 4963 3602 5031 ἐγχωρεῖ
3626 4960 3717 5014 νῦν

2139 5058 2196 5108 ὲν
2221 5057 2297 5125 τῷ
2329 5059 2558 5126 παρόντι
2588 5057 2946 5126 ὑπομνήματι
2976 5060 3054 5120 είς
3086 5058 3324 5126 δήλωσιν
3349 5057 3625 5126 ἀληθείας.
3660 5057 3717 5108 ΕΞ

2140 5150 2247 5216 γὰρ
2276 5149 2461 5211 ἁπλῶς
2489 5149 2796 5217 ἀφορισμὸν
2823 5149 3122 5202 ἐπισκόπου
3150 5150 3444 5217 δεξάμενός
3469 5167 3552 5213 τις
3578 5167 3717 5216 τυμ-

2138 5241 2338 5301 πανίας
2369 5242 2562 5309 ὁρᾶται
2585 5280 2598 5304 ,
2634 5240 2708 5302 ὡς
2740 5242 2831 5292 καὶ
2863 5240 2958 5293 νῦν
2992 5242 3238 5309 εἴδομεν,
3272 5241 3366 5293 καὶ
3397 5244 3464 5309 τῇ
3500 5259 3714 5308 συγχω-

2137 5336 2291 5404 ρήσει
2338 5334 2432 5386 τοῦ
2460 5334 2763 5407 ἀρχιερέως
2787 5332 3082 5396 διαλύεται,
3112 5332 3292 5401 πολλῷ
3319 5333 3524 5401 μᾶλλον
3548 5335 3717 5398 ἁγίων

2137 5429 2394 5494 Ματέρων
2429 5428 2486 5479 ἐν
2522 5428 2932 5496 οίκουμενικαῖς
2977 5427 3216 5490 συνόδοις
3255 5427 3623 5480 συνελθόντων
3658 5431 3714 5480 ὲν

2134 5523 2361 5589 ὀνόματι
2407 5519 2501 5572 τοῦ
2547 5520 2800 5589 Σωτῆρος
2847 5517 3084 5585 Χριστοῦ
3131 5519 3271 5586 ὑπὲρ
3317 5519 3576 5586 ἀληθείας
3623 5517 3714 5571 καὶ

2143 5617 2246 5666 τῶν
2287 5614 2464 5682 ὀρθῶν
2498 5613 2821 5680 δογμάτων,
2862 5613 2954 5664 καί
2989 5612 3078 5664 τὸν
3115 5612 3350 5685 Χριστὸν
3386 5611 3620 5681 ἑχόντων
3661 5614 3714 5661 ἐν

2142 5709 2351 5769 iamsi;
2393 5705 2679 5770 λα).οὖ.τα,
2724 5704 2902 5768 καθὼς
2946 5706 3104 5769 αὑτός
3152 5708 3339 5774 φησιν,
3369 5704 3554 5758 "01w:
3597 5703 3714 5758 elui
