3962 6328
175 234 269 296 2.7

1273 241 1374 300 AD
1431 240 1509 301 1M
1527 241 1793 303 PERAT.
1845 242 2332 308 TRAPEZUNT.

3281 313 3288 322 ,
3335 253 3441 319 218

178 357 538 428 συνηψένοι
565 361 639 412 ἐν
666 359 742 425 τῷ
770 362 1010 429 ὀνόματι
1039 362 1229 416 αὐτοῦ
1251 365 1448 432 μέσον
1471 357 1623 439 εἶναι
1641 403 1654 424 ,
1682 363 1748 414 τὰ

1863 363 1984 435 ﬁdei
2017 364 2382 433 dogmatibus,
2413 364 2695 421 Christum
2742 367 2796 422 in
2858 367 3167 438 semetipsis
3205 369 3442 438 loquen-

180 455 299 522 παρ’
328 453 561 505 ἐκείνων
607 454 873 522 εἰρημένα
920 454 1173 508 τοσοῦτον
1221 456 1337 525 ἔχει
1384 457 1446 509 τὸ
1497 457 1746 527 ίσχυρδν,

179 543 310 600 ὥστε
344 540 552 613 μηδένα
587 546 724 615 πρὸς
752 545 924 599 ταῦτα
953 547 1318 601 ἀντιϐλέπειν.
1360 549 1522 604 Ἀλλὰ
1550 550 1610 602 τὸ
1641 550 1748 602 κὼ-
1767 538 1779 545 “

180 635 321 704 λυμα
368 635 473 704 τῆς
521 636 724 705 ἑτέρας
773 636 1013 700 πίστεως
1061 639 1172 691 ἀπὸ
1218 640 1328 692 τῶν
1375 639 1752 707 πανευφήμων

180 729 489 783 ἀποστόλων
533 729 708 783 ἐστίν.
746 730 901 783 Ἐπεὶ
945 729 1128 793 καθώς
1172 749 1305 801 φησι
1353 732 1587 795 Παῦλος,
1634 733 1753 787 Μία

181 819 397 885 πίστις,
429 815 519 886 είς
553 820 796 889 Κύριος.
835 821 990 875 Ἐπεὶ
1022 819 1117 877 οὖν
1151 825 1250 893 μία
1283 827 1484 888 πίστις,
1520 826 1553 894 ἡ
1587 825 1753 894 ἑτέρα

181 915 390 976 πάντως
423 915 672 969 ιναντία.
708 917 770 968 Et
804 919 916 986 γὰρ
950 918 1114 987 ἑτέρα
1136 957 1151 981 ,
1184 917 1244 970 οὐ
1286 917 1407 987 μία.
1429 916 1540 971 Ἦν
1575 918 1682 987 γὰρ
1715 917 1748 987 ἡ

181 1007 332 1073 αὐτὴ,
361 1008 457 1060 καὶ
483 1000 818 1078 οὐχὶῖτὲρα.
848 1009 911 1063 El
936 1009 993 1063 δὲ
1021 1011 1204 1080 ἑτέρα,
1232 1011 1328 1080 οἰχ
1353 1013 1385 1079 ἠ
1416 1012 1580 1080 αὐτή.
1608 1009 1754 1065 Παῦ-

182 1101 262 1163 λος
290 1102 348 1154 δὲ
376 1103 406 1154 6
441 1101 616 1168 μέγας
643 1102 943 1164 ἀπόστολος
964 1103 1255 1171 κηρύττει,
1289 1103 1361 1156 ΕΖ
1392 1120 1480 1168 τις
1508 1106 1753 1172 εὐαγγε-

181 1192 392 1252 λίζεται
426 1194 586 1249 ἄλλο
616 1195 755 1262 παρ’
778 1193 811 1248 δ
844 1195 1236 1263 παρελάϐετε,
1269 1195 1540 1264 ἀνάθεμα
1571 1195 1748 1250 ἐάτω.

186 1286 285 1339 Καὶ
307 1285 592 1350 Διονύσιος
613 1286 672 1340 δὲ
697 1287 726 1338 6
751 1286 946 1340 τούτου
976 1289 1238 1356 φοιτητὴς
1266 1288 1629 1355 ἀποφαίνεται
1656 1307 1752 1341 κα-

147 1378 328 1434 ⁹Θόλου
359 1379 573 1448 λέγων,
610 1398 632 1432 ι
667 1381 744 1435 Οὐ
773 1380 1074 1450 τολμητέον
1103 1381 1280 1434 εἰπεῖν
1313 1374 1462 1452 παρά
1495 1381 1563 1434 τὰ
1596 1383 1752 1436 θειω-

179 1475 276 1538 δῶς
303 1476 438 1545 ἡμίν
470 1478 599 1546 περὶ
622 1476 736 1529 τῶν
765 1477 929 1531 θείων
954 1475 1152 1542 λογίων
1180 1478 1600 1546 ὲκπεφασμένα,
1628 1476 1750 1532 οὔτε

179 1568 378 1635 εἰπεῖν,
404 1563 533 1622 οὔτε
563 1569 844 1638 ἐννοῆσαι.
881 1589 900 1622 ι
942 1571 1104 1624 Ἀλλὰ
1133 1573 1306 1624 πᾶσαι
1336 1574 1390 1624 αί
1422 1571 1628 1625 σύνοδοι
1660 1552 1770 1624 καὶ-

1860 469 1969 510 tem
2011 457 2319 521 habentes,
2379 468 2440 512 ut
2521 459 2638 529 ipse
2675 460 2853 514 dicit:
2912 459 3010 515 Ubi
3057 471 3179 515 sunt
3225 479 3440 534 tangre-

1854 551 2054 618 gatiin
2108 550 2316 629 nomine
2376 567 2532 616 meo,
2596 552 2650 603 in
2711 553 2881 606 medio
2967 570 3149 607 eorum
3207 571 3324 608 sum
3396 557 3436 617 ',

1851 657 1968 694 ean
2031 642 2266 696 decretis
2329 643 2445 696 suis
2500 643 2818 698 ﬁrmitatem
2898 645 3190 706 tribuunt,
3227 652 3285 697 nt
3334 661 3434 711 nc-

1856 734 1984 788 mini
2028 733 2107 790 fas
2142 737 2214 788 sit
2243 749 2308 787 ex
2350 734 2582 791 adverso
2651 737 2705 789 in
2773 751 2837 791 ea
2892 738 3165 806 aSpicere.
3237 737 3438 790 Prohi-

1854 828 1990 883 bitio
2016 828 2239 882 alterius
2267 828 2388 882 ﬁdei
2411 842 2440 881 a
2457 828 2872 897 gloriosissimis
2898 830 3029 898 ipsis
3048 828 3308 897 apostolis
3331 834 3439 894 est,

1857 920 2300 988 quandoquidem
2359 919 2563 975 Paulus
2614 920 2807 974 scribit
2852 939 2868 975 :
2917 919 3034 974 Una
3098 921 3253 990 ﬁdes,
3302 925 3436 974 unus

1863 1012 2120 1068 Dominus
2177 1014 2220 1066 ⁸.
2266 1012 2403 1066 Cum
2493 1014 2669 1083 igitur
2722 1029 2830 1067 una
2915 1015 3049 1068 ﬁdes
3113 1025 3241 1078 est,
3313 1029 3439 1066 mo-
3488 1074 3493 1080 η

1852 1104 1939 1158 dis
1994 1105 2255 1158 omnibus
2309 1105 2414 1158 alia
2474 1106 2750 1159 contraria
2808 1106 2886 1159 illi
2953 1106 3168 1180 ίιιονίιηι
3209 1121 3334 1160 nam
3389 1107 3434 1160 si

1855 1197 1960 1250 alia
1990 1205 2095 1262 est,
2125 1211 2232 1250 non
2261 1200 2449 1266 utique
2472 1183 2581 1252 tina
2613 1206 2715 1254 est.
2755 1199 2915 1254 Esset
2943 1200 3093 1254 enim
3120 1184 3310 1254 eadem
3338 1237 3354 1261 ,
3381 1207 3437 1252 et

1857 1305 1964 1344 non
1988 1288 2092 1342 alia
2122 1306 2137 1356 ;
2187 1289 2332 1360 quod
2361 1291 2404 1345 si
2435 1290 2541 1344 alia
2587 1303 2695 1357 e5t,
2729 1305 2835 1345 non
2867 1293 3058 1346 eadem
3089 1301 3194 1346 est.
3228 1290 3437 1344 Paulus

1857 1382 1982 1439 item
2044 1398 2274 1453 magnus
2340 1386 2625 1452 apostolus
2652 1385 2867 1440 intonat
2895 1401 2910 1439 :
2938 1383 2996 1439 Si
3025 1387 3143 1454 quis
3174 1385 3438 1454 evangeli-

1855 1487 1935 1531 τοι
1998 1478 2144 1533 aliud
2201 1490 2394 1547 prwter
2462 1481 2515 1534 ίιί
2572 1480 2714 1550 quod
2775 1458 3079 1550 accepistis,
3145 1479 3434 1533 anathema

1856 1571 1922 1624 sit
1956 1571 2000 1626 ³.
2031 1571 2096 1624 Et
2123 1571 2413 1642 Dionysius
2471 1573 2621 1627 illius
2661 1573 2967 1642 discipulus
3004 1571 3271 1634 decernit,
3319 1590 3338 1622 ι
3374 1572 3433 1626 ln

181 1662 328 1737 ἅγιαι
362 1648 461 1714 καὶ
498 1663 643 1732 ίεραὶ
674 1662 1002 1734 ὲξήπλωσαν
1038 1665 1129 1717 καὶ
1167 1664 1539 1733 διεσάφησαν,
1578 1664 1672 1717 καὶ
1704 1663 1753 1716 οί

1858 1664 2171 1720 universum
2205 1679 2314 1718 non
2365 1678 2489 1719 esse
2538 1666 2700 1736 nobis
2743 1665 3059 1719 audendum
3112 1671 3308 1736 praeter
3343 1677 3435 1724 ea,

183 1756 314 1827 ίεροὶ
360 1757 632 1828 Πατέρες,
675 1756 774 1811 καὶ
817 1757 1057 1826 οὐδαμοῦ
1100 1759 1287 1824 ἔδοξαν
1331 1760 1526 1828 ἑτέραν
1568 1759 1750 1811 πίστιν

181 1849 396 1920 ποιῆσαι
433 1850 525 1902 διὰ
559 1850 657 1919 τῆς
690 1851 1076 1920 διασαφήσεως
1117 1852 1209 1905 καὶ
1248 1851 1610 1917 ὲξαπλώσεως
1640 1852 1751 1904 τῶν

181 1943 335 2010 ἱερῶν
363 1941 586 2010 λογίων.
625 1942 770 1996 Ἀλλ’
797 1943 970 2012 ἴωμεν
993 1946 1085 1996 ἐπὶ
1109 1945 1209 2014 τὴν
1233 1946 1509 2009 ἀπόδειξιν
1536 1947 1752 2012 ἀποδει-

181 2034 427 2099 κνύντες,
463 2033 541 2099 ὡς
575 2034 638 2087 οὐ
673 2035 856 2100 καλῶς
893 2035 1164 2104 λεγόντων
1199 2037 1308 2092 τῶν
1350 2041 1764 2107 καινοφωνούν-,

178 2143 298 2191 των,
326 2126 410 2179 ὅτι
434 2126 564 2188 τοὺς
587 2129 747 2196 ὅρους
771 2128 1126 2198 παρείδομεν,
1153 2129 1422 2197 λεγόντων
1449 2131 1572 2184 καθ’
1594 2132 1750 2202 ἡμῶν

178 2221 386 2282 ἐκεῖνα,
425 2218 575 2288 ᾇπερ
609 2220 670 2271 οὐ
708 2220 870 2288 θέμις
903 2220 1112 2288 λέγειν.
1149 2207 1259 2275 ιιοὶι
1297 2223 1404 2291 γὰρ
1443 2223 1501 2276 τὸ
1536 2226 1750 2292 όμοού-

78 2343 89 2349 ο
179 2327 330 2377 σιον,
355 2310 450 2364 καὶ
473 2315 533 2363 τὸ
563 2311 704 2377 Θεὸς
731 2309 796 2365 τὸ
827 2313 1070 2382 Πνεῦμα
1095 2315 1159 2368 τὸ
1188 2315 1380 2382 ἅγιον,
1405 2318 1502 2370 καὶ
1526 2320 1587 2370 τὸ
1617 2321 1749 2372 Θεο-

179 2402 379 2469 τόκος,
420 2401 518 2456 καί
557 2402 672 2470 τὴν
710 2403 842 2458 καθ’
869 2406 1223 2461 ὑπόστασιν
1258 2408 1481 2462 ἕνωσιν
1520 2411 1569 2462 οἱ
1615 2411 1749 2464 θεῖοι

179 2492 461 2546 ἀπόστολοι
491 2495 592 2546 οὐκ
620 2491 797 2561 εἷπον,
832 2495 950 2548 ἀλλ’
975 2497 1084 2549 οὐδ’
1109 2499 1209 2552 ὃσα
1238 2501 1286 2552 οἱ
1318 2501 1461 2568 ἅγιοι
1490 2501 1747 2571 διεσάφη-

181 2600 273 2637 σαν
299 2600 312 2611 ⁸
347 2585 462 2638 ἀλλ’
484 2587 545 2639 οὐ
572 2586 860 2656 τολμηταὶ,
889 2587 1000 2642 οὐδ’
1024 2588 1130 2641 ὑπὸ
1156 2590 1218 2642 τὸ
1246 2592 1495 2659 ἀνάθεμα
1525 2594 1749 2663 ἐκρίθη-

181 2693 294 2729 σαν.
321 2678 434 2731 Καὶ
455 2676 614 2730 τοῦτο
644 2677 788 2746 μάλα
815 2679 994 2741 καλῶς
1021 2680 1317 2750 παρίστησι
1345 2684 1440 2734 καὶ
1469 2684 1500 2752 ἡ
1529 2683 1750 2747 σύνοδος

181 2769 211 2837 ή
244 2770 386 2822 κατὰ
421 2769 733 2823 ’Δκινδύνου
770 2771 1102 2841 συναχθεῖσα
1127 2812 1141 2839 ,
1179 2773 1560 2845 ἐγκαλουμένη
1598 2779 1749 2846 παρᾶ

180 2863 282 2916 τῶν
313 2865 713 2928 στασιαζόντων
734 2906 748 2928 ,
780 2866 962 2926 καθὼς
993 2867 1311 2937 περιέχεται
1346 2870 1404 2921 ὲν
1436 2867 1516 2940 ’τῷ
1549 2870 1748 2941 Τόμῳ,

182 2955 237 3009 οὐ
279 2958 312 3028 ἡ
344 2957 533 3027 νάρχή’
584 2976 602 3009 ι
651 2955 793 3012 Οὔτε
837 2958 979 3009 κατὰ
1019 2956 1117 3027 τὴν
1157 2959 1256 3026 τῆς
1288 2959 1613 3031 Ἐκκ).ησίας
1651 2963 1756 3018 τοῦ.
1788 2947 1806 2960 ⁴

1856 1771 1978 1827 qua:
2031 1755 2293 1811 divinitus
2344 1756 2411 1811 dc
2444 1755 2647 1811 divinis
2691 1757 2925 1826 eloquiis
2986 1756 3226 1810 revelata
3268 1762 3430 1816 sunt;

1855 1834 2063 1918 aliquid
2099 1850 2178 1905 vel
2227 1849 2472 1905 dictione
2527 1849 2807 1919 prosequi,
2871 1848 2957 1903 vel
3015 1853 3197 1901 mente
3247 1845 3435 1901 conci-

1854 1957 2003 2012 pere.
2045 1962 2066 1995 ι
2121 1943 2224 1998 Sed
2254 1944 2523 1997 universae
2575 1943 2770 2013 synodi
2813 1951 3208 2005 sacrosancuc,
3251 1946 3307 1994 et
3338 1937 3437 1992 Pa-

1854 2043 1967 2089 tres
2001 2049 2087 2089 res
2127 2033 2342 2089 divinas
2393 2034 2786 2095 extenderunt,
2824 2042 2878 2086 et
2940 2033 3323 2094 declararunt,
3378 2037 3433 2085 et

1855 2126 2216 2181 tamen‘nullo
2248 2126 2301 2180 in
2336 2127 2456 2181 loco
2490 2127 2725 2193 reputati
2777 2134 2928 2190 sunt,
2962 2134 3183 2194 propter
3211 2133 3435 2182 sancto,-

1853 2236 1974 2274 rum
2028 2220 2770 2289 eloquiarumextensionem
2831 2227 2886 2272 ct
2951 2216 3430 2280 declarationem,

1854 2313 2016 2365 aliam
2069 2311 2230 2366 ﬁdem
2285 2312 2688 2380 compOSuisse.
2746 2309 3110 2379 Properemus
3144 2307 3210 2362 ad
3252 2308 3429 2376 ipsam

1853 2405 2398 2469 demonstrationem,
2419 2418 2525 2472 qua
2554 2404 2726 2472 palam
2748 2402 3005 2457 omnibus
3025 2402 3136 2464 ﬁet,
3163 2415 3266 2455 non
3287 2408 3431 2453 recte

1854 2498 2028 2567 loqui,
2065 2499 2158 2567 qui
2211 2497 2449 2553 inaniter
2495 2495 2872 2571 vocrlerantur
2898 2537 2914 2559 ,
2957 2502 3294 2556 asserentes,
3330 2507 3430 2547 nos

1851 2592 2073 2664 decreta
2107 2591 2328 2645 Patrum
2355 2589 2774 2658 contempsisse,
2812 2588 3300 2654 obloqnunturqne
3333 2586 3429 2638 ad-

1851 2699 2046 2739 versus
2079 2699 2199 2748 nos,
2239 2699 2361 2754 quae
2393 2682 2548 2737 nefas
2580 2692 2662 2737 est
2685 2681 2890 2735 dicere.
2931 2680 3147 2734 Etenim
3189 2679 3431 2732 "omet.-

1852 2780 1988 2842 sion,
2015 2787 2065 2832 et
2100 2777 2267 2832 Deum
2327 2776 2588 2846 Spiritum
2646 2784 2912 2836 sanctum,
2941 2784 2989 2826 et
3052 2773 3353 2839 Deiparam,
3380 2788 3430 2824 et

1852 2871 2139 2928 secundum
2173 2869 2494 2939 (ig/postasim
2527 2869 2798 2932 unionem,
2827 2881 3029 2944 .nequc
3089 2865 3253 2918 divini
3285 2865 3433 2932 Apo-

1854 2962 2410 3024 stolicnuntiarunt,
2471 2975 2647 3029 neque
2703 2958 2893 3012 Patres
2951 2956 3285 3014 sanctissimi
3341 2972 3435 3025 p.r

182 3051 353 3104 κοινοῦ
378 3050 641 3118 πολεμίου
666 3052 880 3117 ἀγνοεῖν
901 3050 1111 3103 οὐδένα.
1147 3068 1164 3101 ι
1193 3051 1349 3104 Μετὰ
1377 3053 1548 3106 πολλά
1575 3071 1709 3123 φησι
1731 3073 1745 3086 ·

1857 3057 2037 3111 omnia
2095 3055 2472 3118 declararunt,
2533 3053 2630 3107 sed
2685 3065 2792 3104 non
2842 3060 3134 3120 propterea
3194 3048 3431 3104 audaces

189 3164 208 3196 ι
233 3146 381 3207 Τίνος
406 3145 596 3198 ἕνεκεν
623 3143 888 3215 βασιλέως
914 3145 1170 3206 εὐσεϐοῦς
1195 3145 1394 3209 ζῶντος
1423 3149 1551 3216 παρ’
1571 3138 1750 3201 αὐτῶν

182 3237 392 3290 τοιαῦτα
425 3238 564 3291 κατὰ
595 3236 694 3307 τῆς
729 3236 1020 3299 εὐσεϐείας
1054 3236 1323 3306 τολμᾶται
1352 3255 1364 3301 ;
1402 3239 1466 3291 Οἱ
1500 3238 1555 3291 δὲ
1592 3239 1749 3310 ᾐτια-

185 3347 336 3383 σαντο
369 3331 692 3401 προσθήκην
726 3328 850 3383 τινὰ
885 3330 942 3382 ὲν
973 3332 1038 3400 τῇ
1075 3329 1333 3401 ὁμολογίᾳ
1365 3331 1471 3382 τῶν
1504 3349 1750 3400 χειροτο-

186 3425 450 3495 νουμένων
474 3421 780 3494 ἀρχιερέων
804 3423 1183 3493 γεγενημένην
1209 3438 1222 3450 ·
1258 3440 1278 3474 ι
1308 3423 1403 3475 καὶ
1432 3423 1570 3492 μετά
1593 3440 1715 3475 τινα
1735 3438 1750 3453 σ

191 3537 208 3568 ι
247 3519 360 3572 Ἐπὶ
387 3517 597 3579 τούτοις
630 3518 663 3584 ἡ
694 3514 814 3568 θεία
847 3516 1089 3578 σύνοδος,
1124 3516 1260 3584 πρὸς
1292 3515 1358 3585 ἢν
1389 3516 1525 3582 φατὲ
1556 3515 1749 3584 δυσχε-

188 3609 410 3676 ραίνειν,
445 3607 579 3676 φησ).
603 3647 618 3671 ,
658 3605 1017 3675 προσθήκην,
1051 3605 1174 3674 ἥτις
1203 3605 1324 3657 οὐδὲ
1361 3605 1650 3674 προσθήκη
1682 3604 1747 3656 ἂν

185 3698 395 3764 δικαίως
427 3699 670 3753 καλεῖται
690 3738 704 3761 ,
736 3698 809 3760 ὡς
841 3696 1140 3762 ἀνάπτυξις
1171 3692 1434 3765 οὗσατῆς
1467 3697 1625 3762 ἁγίας
1654 3695 1746 3747 καὶ

186 3794 559 3864 οίκουμενικῆς
590 3792 756 3861 ἕκτης
792 3765 1034 3843 συνόδου.
1078 3810 1096 3842 ι
1140 3791 1298 3845 Οὐτω
1333 3791 1520 3859 σαφῶς
1556 3792 1746 3858 φαίνει

185 3903 272 3940 ται
303 3888 392 3940 καὶ
425 3887 575 3956 παρά
609 3885 826 3941 τούτων,
851 3884 962 3937 τῶν
995 3884 1256 3953 Πατέρων
1279 3925 1292 3948 ,
1328 3885 1412 3936 ὅτι
1447 3883 1747 3946 ἀνάπτυξις

186 3977 240 4029 οὐ
273 3975 560 4039 κωλύεται,
619 3975 742 4027 οὐδὲ
775 3971 1070 4044 σαφήνεια,
1100 3976 1176 4037 ὼς
1205 3977 1498 4042 νοουμένου
1529 3975 1622 4026 καὶ
1651 3973 1744 4026 τοῦ

190 4070 259 4141 μὴ
293 4069 605 4138 εἰρημένου.
645 4069 767 4131 Πῶς
810 4063 903 4122 οὖν
943 4068 1000 4121 ὲν
1040 4067 1234 4130 αἰτίοις
1280 4069 1580 4135 ποιήσομεν
1620 4067 1747 4129 τοὺς

187 4161 342 4213 ταυτὰ
368 4160 579 4222 τούτοις
609 4159 869 4227 λέγοντας
888 4201 904 4227 ,
936 4158 1012 4223 ὡς
1045 4159 1344 4231 σαφήνειαν
1378 4158 1474 4211 ml.
1505 4159 1752 4214 ἀνάπτυ-

191 4250 265 4314 ξιν
291 4253 646 4323 πεποιηκέναι
667 4270 681 4318 ;

1856 3148 2050 3214 fuisse,
2079 3147 2442 3203 etanathema
2475 3144 2781 3200 incurrisse
2805 3159 2900 3199 eos
2936 3142 3028 3214 qui
3054 3143 3429 3204 declararunt,

1857 3241 2228 3296 exisﬁmatum
2258 3248 2340 3294 est
2379 3255 2393 3292 :
2428 3237 2572 3307 quod
2605 3236 2890 3305 aptissime
2915 3234 3206 3288 conﬁrmat
3240 3231 3438 3286 adver-

1859 3350 1954 3389 sus
1982 3331 2325 3401 Acindynum
2349 3339 2538 3384 coacta
2565 3329 2826 3399 synodus,
2880 3327 2948 3380 ab
2975 3326 3061 3392 iis,
3092 3326 3184 3394 qui
3211 3323 3435 3378 seditio-

1859 3428 2023 3481 nibus
2046 3439 2263 3494 operam
2293 3423 2518 3485 dabant,
2541 3423 2592 3476 in
2628 3422 2834 3477 crimen
2862 3434 3081 3482 vocata,
3117 3425 3175 3471 ut
3199 3419 3430 3472 habetur

1861 3518 1914 3571 in
1953 3527 2121 3580 tonio,
2156 3514 2316 3590 cujus
2344 3510 2671 3582 principium
2705 3529 2719 3566 :
2764 3530 2781 3563 ι
2813 3511 2995 3579 Neque
3017 3509 3284 3562 adversus
3322 3506 3429 3560 Ec-

1856 3611 2074 3666 clcsiam
2103 3593 2414 3662 communis
2462 3605 2761 3660 adversarii
2790 3605 3043 3674 ignorare
3073 3603 3370 3656 neminem.
3409 3619 3427 3649 ι

1859 3703 2041 3782 Illultis
2077 3701 2375 3773 interjcctis
2423 3700 2645 3754 demum
2695 3698 2884 3753 subdit
2913 3715 2928 3754 :
2960 3716 2978 3749 ι
3004 3696 3122 3762 Qua
3157 3695 3225 3749 dc
3264 3708 3432 3748 causa

1856 3796 1950 3865 pio
2007 3794 2340 3862 imperatore
2385 3791 2929 3865 adhue-superstite
2980 3789 3182 3845 similia
3241 3797 3431 3841 contra

1855 3889 2110 3956 pietatem
2160 3885 2407 3940 audent?
2463 3884 2523 3938 Hi
2559 3900 2688 3939 vero
2723 3884 2996 3938 criminati
3028 3892 3159 3938 sunt
3203 3880 3435 3935 additio-

1856 3995 1978 4035 ncm
2021 3979 2312 4048 quamdam
2364 3978 2562 4032 factam
2603 3993 2726 4032 esse
2762 3979 2815 4032 in
2850 3975 3207 4032 confessione
3241 3990 3430 4030 eorum

1853 4072 2174 4142 praesulnm.
2233 4072 2326 4141 qui
2381 4071 2435 4124 in
2491 4071 2810 4138 dignitatem
2860 4078 3273 4140 promoventur.
3311 4085 3329 4118 ι
3371 4067 3433 4119 Et

1859 4170 1984 4235 post
2033 4177 2205 4232 pauca
2239 4177 2259 4215 :
2291 4180 2310 4212 ι
2369 4160 2444 4214 De
2473 4162 2558 4217 his
2597 4171 2784 4214 sancta
2839 4158 3113 4229 synodus,
3165 4159 3433 4211 adversus

1701 4295 1706 4300 .
1785 4230 1829 4287 Ῑ)
1859 4269 2019 4322 quam
2047 4254 2348 4322 iniquiores
2368 4252 2523 4317 estis,
2586 4252 2944 4317 additionem,
2979 4252 3134 4315 dicit,
3170 4266 3291 4319 qna:
3337 4265 3435 4303 nec

190 4350 364 4409 merito
391 4349 599 4406 additio
632 4348 811 4403 vocari
860 4347 1044 4412 debet.
1080 4356 1342 4418 tanquam
1391 4363 1515 4419 quae
1547 4348 1853 4403 declaratio
1881 4350 1953 4404 sit
2011 4359 2216 4405 sanctae
2280 4357 2333 4403 et
2365 4348 2720 4403 mcumcnicae
2761 4354 2931 4401 sextae
2996 4345 3211 4415 synodi.
3248 4362 3266 4395 ι
3341 4344 3434 4398 Sic

192 4442 456 4499 manifesto
528 4452 756 4514 apparet
810 4443 954 4510 apud
1017 4442 1118 4498 hos
1167 4458 1386 4513 quoque
1437 4441 1630 4497 Patres
1681 4457 1791 4496 non
1870 4441 2152 4511 prohiberi
2217 4439 2662 4509 expositionem,
2734 4453 2911 4507 neque
2956 4435 3428 4498 declarationem,
3505 4460 3507 4464 -

189 4557 325 4609 :eque
376 4558 437 4598 ac
489 4541 537 4598 si
579 4540 1106 4612 subintelligeretur,
1143 4544 1286 4609 quod
1349 4541 1531 4595 verbis
1564 4555 1884 4609 expressum
1924 4555 2031 4594 non
2064 4548 2167 4594 est.
2210 4538 2330 4606 Qua
2383 4537 2554 4607 igitur
2603 4536 2814 4592 ratione
2881 4535 2935 4589 in
3001 4535 3206 4589 crimen
3268 4546 3434 4584 voca-

193 4639 351 4693 bimus
379 4653 494 4704 eos,
529 4637 622 4706 qul
647 4635 836 4691 eadem
866 4648 1032 4707 atque
1061 4637 1147 4691 isti
1176 4637 1437 4702 fatentur,
1467 4646 1521 4691 rt
1549 4637 1970 4691 declarationem
2001 4643 2166 4705 atque
2193 4634 2588 4705 expositionem
2621 4630 2948 4700 apposuisse
2977 4643 3084 4682 non
3128 4625 3362 4696 negant?

252 4731 310 4786 θ’.
339 4733 455 4785 Ἔτι
480 4732 540 4785 δὲ
574 4732 761 4800 ἔλεγεν
800 4733 827 4784 6
864 4731 1115 4798 Ἐφέσου,
1147 4731 1224 4794 ὡς
1254 4732 1314 4784 τὸ
1336 4731 1563 4802 κώλυμα
1589 4727 1748 4784 τοῦτο

195 4825 328 4891 παρὰ
356 4824 452 4894 τῆς
493 4825 655 4893 ἁγίας
707 4823 801 4877 καὶ
857 4825 1247 4894 οίκουμενικῆς
1293 4825 1486 4894 τρίτης
1527 4812 1782 4876 συνόδου¹

193 4917 580 4987 νενομοθέτητυ.
607 4918 746 4987 Φησὶ
771 4916 904 4985 γὰρ,
951 4934 969 4967 ι
1009 4916 1145 4967 Κατ’
1169 4915 1360 4968 οὐδένα
1415 4916 1619 4986 τρόπον
1653 4932 1748 4966 σα-

194 5008 426 5062 λεύεσθαι
453 5011 607 5080 παρά
637 5026 799 5064 τινων
839 5009 1147 5078 ἀνεχόμεθα
1171 5011 1271 5081 τὴν
1310 5009 1627 5079 ὁρισθεῖσαν
1659 5010 1747 5060 πί-

88 5151 100 5171 ,
197 5117 317 5166 στιν,
344 5101 458 5172 ἦτοι
484 5103 547 5155 τὸ
573 5102 677 5172 τῆς
707 5102 946 5165 πίστεως
973 5101 1271 5171 Σύμϐολον,
1327 5101 1387 5156 τὸ
1429 5104 1580 5169 παρὰ
1642 5103 1752 5155 τῶν

181 5195 350 5261 Δἁγίων
385 5197 646 5269 Πατέρων
666 5196 829 5265 ἡμῶν
859 5194 968 5247 τῶν
1019 5196 1077 5246 ὲν
1124 5195 1332 5263 Nimia.
1381 5195 1750 5248 συνελθόντων

199 5289 320 5342 κατὰ
343 5289 585 5360 καιροὺς,
614 5287 740 5340 οὔτε
776 5287 885 5358 μὴν
910 5287 1281 5365 επιτρέπομεν
1316 5289 1608 5359 ἑαυτε-ἰς,ἢ
1639 5291 1752 5342 ἐτέ-

201 5395 315 5446 ροις,
343 5380 374 5449 ἧ
401 5378 545 5446 λέξιν
573 5377 805 5448 ἀμεῖψαι
833 5378 941 5430 τῶν
969 5379 1310 5447 ἐγκειμένων
1338 5381 1542 5443 ἐκεῖσε,
1565 5383 1596 5450 ἢ
1624 5383 1754 5450 μίαν

199 5470 312 5536 γοῦν
341 5471 653 5543 παρασῆναι
690 5470 984 5540 συλλαϐὴν,
1041 5471 1382 5541 μεμνημένοι
1439 5471 1534 5523 τοῦ
1569 5473 1752 5539 λέγον-

199 5581 294 5630 τος,
353 5583 371 5617 ι
407 5566 499 5635 Μὴ
527 5565 757 5636 μέταιρε
789 5563 918 5633 ὅρια
947 5562 1166 5630 αἰώνια,
1199 5563 1234 5617 ἃ
1273 5565 1463 5618 ἔθεντο
1498 5566 1546 5616 οἱ
1585 5565 1756 5618 Πατὲ-

285 5731 492 5793 ‘Mattlr.
529 5734 776 5836 “15,20.
855 5688 1266 5806 ’.E-plies.tv,v.
1361 5734 1380 5766 ³
1414 5731 1588 5789 Galat.
1617 5747 1654 5796 ι,
1687 5731 1739 5787 8.

1928 4731 1983 4786 9.
2049 4730 2318 4783 Prmterea
2359 4727 2578 4782 dicebat
2637 4717 2929 4794 Ephesius,
3003 4721 3428 4791 prohibitionem

1860 4819 1999 4872 hanc
2032 4833 2060 4870 a
2090 4826 2280 4872 sancta
2297 4823 2351 4870 ct
2381 4815 2717 4872 metuneniea
2766 4815 2928 4868 tertia
2961 4811 3170 4884 synodo
3190 4813 3434 4881 prcrscri-

1855 4925 1999 4984 ptam
2033 4913 2238 4977 fuisse;
2266 4926 2500 4976 namque
2528 4909 2715 4965 scribit
2745 4927 2757 4964 :
2795 4927 2813 4960 ι
2851 4906 3013 4962 Nullo
3042 4907 3201 4961 modo
3254 4922 3440 4960 move-

1856 5008 1900 5061 ri
1937 5008 2006 5060 ab
2040 5005 2314 5075 aliquibus
2354 5014 2695 5059 sustinemus
2744 5001 3020 5057 decretam
3082 4999 3266 5065 ﬁdem,
3321 5000 3436 5055 sive

1856 5098 1976 5153 ﬁdei
2019 5096 2334 5167 Symbolum
2369 5109 2398 5147 a
2423 5093 2631 5150 sanctis
2685 5092 2943 5148 Patribns
2995 5085 3200 5146 nostris
3237 5088 3434 5146 Nicaea:

1855 5192 2022 5247 certis
2062 5189 2398 5260 temporibus
2421 5185 2768 5259 congregatis
2799 5186 3167 5256 compositum
3210 5202 3224 5239 :
3258 5201 3436 5254 neque

1859 5285 2018 5339 nobis
2049 5282 2205 5352 ipsis,
2241 5281 2325 5335 vel
2361 5281 2486 5336 aliis
2537 5279 2928 5349 permittimus,
2985 5287 3080 5332 aut
3131 5295 3310 5332 rerum
3362 5279 3433 5332 ibi
3505 5270 3517 5285 ’

1856 5377 2151 5450 positarum
2190 5374 2486 5429 dictionem
2513 5372 2824 5436 immutare,
2860 5380 3134 5425 autunam
3167 5371 3432 5440 syllabam

1855 5467 2225 5540 praztergredi,
2262 5465 2496 5521 dicentis
2543 5479 2833 5531 memores,
2889 5479 2956 5517 ne
3011 5463 3238 5518 sustolle
3300 5464 3436 5518 ﬁnes

1856 5563 2243 5634 sempiternos,
2275 5575 2413 5631 quos
2448 5569 2682 5631 posuere
2716 5558 2903 5614 Patres
2944 5557 3045 5624 tui,
3075 5568 3129 5617 ct
3169 5573 3292 5628 quae
3344 5572 3432 5613 se-
