  <div class='ocr_page' id='page_1' title='image "/cluster/home/n/w/nwhite01/storage/ocr_20150623/160/pst.000005714803/129.png"; bbox 0 0 3962 6328; ppageno 0'>
   <div class='ocr_carea' id='block_1_1' title="bbox 458 223 2054 294">
    <p class='ocr_par' dir='ltr' id='par_1_1' title="bbox 458 223 2048 294">
     <span class='ocr_line' id='line_1_1' title="bbox 458 223 2048 294; baseline 0.006 -15"><span class='ocrx_word' id='word_1_1' title='bbox 458 227 563 294; x_wconf 63' lang='lat'><strong>223</strong></span> <span class='ocrx_word' id='word_1_2' title='bbox 1285 254 1292 265; x_wconf 69' lang='grc' dir='ltr'><strong>ι</strong></span> <span class='ocrx_word' id='word_1_3' title='bbox 1396 223 1787 286; x_wconf 80' lang='lat' dir='ltr'><strong>GllEGOlltl</strong></span> <span class='ocrx_word' id='word_1_4' title='bbox 1819 226 2048 287; x_wconf 75' lang='lat' dir='ltr'><strong>MAth</strong></span> 
     </span>
    </p>
   </div>
   <div class='ocr_carea' id='block_1_2' title="bbox 2157 223 3711 294">
    <p class='ocr_par' dir='ltr' id='par_1_2' title="bbox 2163 226 3711 290">
     <span class='ocr_line' id='line_1_2' title="bbox 2163 226 3711 290; baseline 0.002 -3"><span class='ocrx_word' id='word_1_5' title='bbox 2163 227 2274 288; x_wconf 68' lang='grc' dir='ltr'><strong>(ΣΡ.</strong></span> <span class='ocrx_word' id='word_1_6' title='bbox 2319 226 2837 290; x_wconf 68' lang='lat' dir='ltr'><strong>PATRIARCIM!</strong></span> <span class='ocrx_word' id='word_1_7' title='bbox 2973 242 2977 246; x_wconf 83' lang='grc'><em>’</em></span> <span class='ocrx_word' id='word_1_8' title='bbox 3607 227 3711 290; x_wconf 65' lang='grc'><strong>224</strong></span> 
     </span>
    </p>
   </div>
   <div class='ocr_carea' id='block_1_3' title="bbox 458 340 2054 420">
    <p class='ocr_par' dir='ltr' id='par_1_3' title="bbox 458 347 2047 405">
     <span class='ocr_line' id='line_1_3' title="bbox 458 347 2047 405; baseline -0.002 -2"><span class='ocrx_word' id='word_1_9' title='bbox 458 356 677 403; x_wconf 79' lang='lat' dir='ltr'><strong>centum</strong></span> <span class='ocrx_word' id='word_1_10' title='bbox 716 348 906 404; x_wconf 86' lang='lat' dir='ltr'><strong>decem</strong></span> <span class='ocrx_word' id='word_1_11' title='bbox 945 357 1000 404; x_wconf 91' lang='lat' dir='ltr'><strong>et</strong></span> <span class='ocrx_word' id='word_1_12' title='bbox 1033 355 1161 405; x_wconf 90' lang='lat' dir='ltr'><strong>octo</strong></span> <span class='ocrx_word' id='word_1_13' title='bbox 1203 347 1549 403; x_wconf 73' lang='lat' dir='ltr'><strong>Nicaanorum</strong></span> <span class='ocrx_word' id='word_1_14' title='bbox 1601 355 1915 402; x_wconf 80' lang='lat' dir='ltr'><strong>sanctorum</strong></span> <span class='ocrx_word' id='word_1_15' title='bbox 1978 355 2047 401; x_wconf 91' lang='lat' dir='ltr'><strong>et</strong></span> 
     </span>
    </p>
   </div>
   <div class='ocr_carea' id='block_1_4' title="bbox 2157 340 3714 420">
    <p class='ocr_par' dir='ltr' id='par_1_4' title="bbox 2157 340 3714 420">
     <span class='ocr_line' id='line_1_4' title="bbox 2157 340 3714 420; baseline -0.002 -18"><span class='ocrx_word' id='word_1_16' title='bbox 2157 340 2344 420; x_wconf 72' lang='lat' dir='ltr'><strong>ruvd&#39;o‘tp</strong></span> <span class='ocrx_word' id='word_1_17' title='bbox 2406 351 2866 420; x_wconf 77' lang='grc' dir='ltr'><strong>ἀπαραλλάκτως,</strong></span> <span class='ocrx_word' id='word_1_18' title='bbox 2911 351 3038 404; x_wconf 65' lang='grc' dir='ltr'><strong>κκαὶ</strong></span> <span class='ocrx_word' id='word_1_19' title='bbox 3089 352 3146 404; x_wconf 84' lang='grc' dir='ltr'><strong>έν</strong></span> <span class='ocrx_word' id='word_1_20' title='bbox 3197 350 3274 420; x_wconf 81' lang='grc' dir='ltr'>τῷ</span> <span class='ocrx_word' id='word_1_21' title='bbox 3330 348 3502 418; x_wconf 76' lang='grc' dir='ltr'>ὀγδόῳ</span> <span class='ocrx_word' id='word_1_22' title='bbox 3552 349 3714 418; x_wconf 84' lang='grc' dir='ltr'>Τόμῳ</span> 
     </span>
    </p>
   </div>
   <div class='ocr_carea' id='block_1_5' title="bbox 461 439 2054 511">
    <p class='ocr_par' dir='ltr' id='par_1_5' title="bbox 461 439 2041 502">
     <span class='ocr_line' id='line_1_5' title="bbox 461 439 2041 502; baseline -0.002 -5"><span class='ocrx_word' id='word_1_23' title='bbox 461 442 741 497; x_wconf 75' lang='lat' dir='ltr'><strong>beatorum</strong></span> <span class='ocrx_word' id='word_1_24' title='bbox 765 440 982 495; x_wconf 86' lang='lat' dir='ltr'><strong>Patrum</strong></span> <span class='ocrx_word' id='word_1_25' title='bbox 1001 458 1015 495; x_wconf 90' lang='lat'><strong>:</strong></span> <span class='ocrx_word' id='word_1_26' title='bbox 1034 442 1328 502; x_wconf 81' lang='lat' dir='ltr'><strong>Credimus</strong></span> <span class='ocrx_word' id='word_1_27' title='bbox 1350 441 1404 494; x_wconf 91' lang='lat' dir='ltr'><strong>in</strong></span> <span class='ocrx_word' id='word_1_28' title='bbox 1437 456 1605 495; x_wconf 90' lang='lat' dir='ltr'><strong>unum</strong></span> <span class='ocrx_word' id='word_1_29' title='bbox 1633 440 1800 494; x_wconf 87' lang='lat' dir='ltr'><strong>Deum</strong></span> <span class='ocrx_word' id='word_1_30' title='bbox 1825 439 2041 494; x_wconf 72' lang='lat' dir='ltr'><strong>Patrem</strong></span> 
     </span>
    </p>
   </div>
   <div class='ocr_carea' id='block_1_6' title="bbox 2157 439 3712 511">
    <p class='ocr_par' dir='ltr' id='par_1_6' title="bbox 2157 439 3712 511">
     <span class='ocr_line' id='line_1_6' title="bbox 2157 439 3712 511; baseline -0.001 -19"><span class='ocrx_word' id='word_1_31' title='bbox 2157 440 2240 504; x_wconf 78' lang='grc' dir='ltr'><strong>τῆς</strong></span> <span class='ocrx_word' id='word_1_32' title='bbox 2271 441 2430 509; x_wconf 82' lang='grc' dir='ltr'><strong>ἁγίας</strong></span> <span class='ocrx_word' id='word_1_33' title='bbox 2456 441 2622 510; x_wconf 73' lang='grc' dir='ltr'><strong>ἕκτης</strong></span> <span class='ocrx_word' id='word_1_34' title='bbox 2652 441 2875 496; x_wconf 79' lang='grc' dir='ltr'><strong>συνόδου</strong></span> <span class='ocrx_word' id='word_1_35' title='bbox 2911 442 2967 492; x_wconf 87' lang='grc' dir='ltr'>έν</span> <span class='ocrx_word' id='word_1_36' title='bbox 2985 442 3191 511; x_wconf 79' lang='grc' dir='ltr'>Πράξει</span> <span class='ocrx_word' id='word_1_37' title='bbox 3253 439 3712 507; x_wconf 75' lang='grc' dir='ltr'><strong>ἑπτακαιδεκάτῃ,</strong></span> 
     </span>
    </p>
   </div>
   <div class='ocr_carea' id='block_1_7' title="bbox 458 530 2054 603">
    <p class='ocr_par' dir='ltr' id='par_1_7' title="bbox 458 530 2042 598">
     <span class='ocr_line' id='line_1_7' title="bbox 458 530 2042 598; baseline 0.001 -16"><span class='ocrx_word' id='word_1_38' title='bbox 458 531 927 598; x_wconf 81' lang='lat' dir='ltr'><strong>omnipotentem:</strong></span> <span class='ocrx_word' id='word_1_39' title='bbox 972 549 990 582; x_wconf 73' lang='grc' dir='ltr'>ι</span> <span class='ocrx_word' id='word_1_40' title='bbox 1032 541 1202 586; x_wconf 90' lang='lat' dir='ltr'><strong>totum</strong></span> <span class='ocrx_word' id='word_1_41' title='bbox 1264 530 1570 594; x_wconf 72' lang='lat' dir='ltr'><strong>Nicaenum,</strong></span> <span class='ocrx_word' id='word_1_42' title='bbox 1600 530 1760 597; x_wconf 85' lang='lat' dir='ltr'><strong>cujus</strong></span> <span class='ocrx_word' id='word_1_43' title='bbox 1819 531 1875 583; x_wconf 89' lang='lat' dir='ltr'><strong>in</strong></span> <span class='ocrx_word' id='word_1_44' title='bbox 1936 530 2042 584; x_wconf 83' lang='lat' dir='ltr'><strong>line</strong></span> 
     </span>
    </p>
   </div>
   <div class='ocr_carea' id='block_1_8' title="bbox 2157 530 3704 603">
    <p class='ocr_par' dir='ltr' id='par_1_8' title="bbox 2157 530 3704 603">
     <span class='ocr_line' id='line_1_8' title="bbox 2157 530 3704 603; baseline -0.002 -20"><span class='ocrx_word' id='word_1_45' title='bbox 2157 532 2396 602; x_wconf 79' lang='grc' dir='ltr'><strong>εὑρήσεις</strong></span> <span class='ocrx_word' id='word_1_46' title='bbox 2422 530 2566 584; x_wconf 71' lang='grc' dir='ltr'><strong>οὕτω</strong></span> <span class='ocrx_word' id='word_1_47' title='bbox 2595 533 2662 584; x_wconf 80' lang='grc' dir='ltr'><strong>τὰ</strong></span> <span class='ocrx_word' id='word_1_48' title='bbox 2698 531 2948 598; x_wconf 76' lang='grc' dir='ltr'>σύμϐολα</span> <span class='ocrx_word' id='word_1_49' title='bbox 2988 532 3317 603; x_wconf 77' lang='grc' dir='ltr'>διῃρημένα.</span> <span class='ocrx_word' id='word_1_50' title='bbox 3372 531 3513 600; x_wconf 68' lang='grc' dir='ltr'><strong>Φησὶ</strong></span> <span class='ocrx_word' id='word_1_51' title='bbox 3573 530 3704 598; x_wconf 81' lang='grc' dir='ltr'>γάρ·</span> 
     </span>
    </p>
   </div>
   <div class='ocr_carea' id='block_1_9' title="bbox 459 603 2054 695">
    <p class='ocr_par' dir='ltr' id='par_1_9' title="bbox 459 603 2042 693">
     <span class='ocr_line' id='line_1_9' title="bbox 459 603 2042 693; baseline 0 -17"><span class='ocrx_word' id='word_1_52' title='bbox 459 621 756 677; x_wconf 73' lang='lat' dir='ltr'><strong>subditur:</strong></span> <span class='ocrx_word' id='word_1_53' title='bbox 803 642 822 676; x_wconf 73' lang='grc' dir='ltr'><strong>ι</strong></span> <span class='ocrx_word' id='word_1_54' title='bbox 857 622 1137 693; x_wconf 78' lang='lat' dir='ltr'><strong>Expositio</strong></span> <span class='ocrx_word' id='word_1_55' title='bbox 1187 603 1310 678; x_wconf 82' lang='lat' dir='ltr'><strong>ﬁdei</strong></span> <span class='ocrx_word' id='word_1_56' title='bbox 1362 631 1582 678; x_wconf 86' lang='lat' dir='ltr'><strong>centum</strong></span> <span class='ocrx_word' id='word_1_57' title='bbox 1643 623 2042 692; x_wconf 79' lang='lat' dir='ltr'><strong>quinquaginta</strong></span> 
     </span>
    </p>
   </div>
   <div class='ocr_carea' id='block_1_10' title="bbox 2157 603 3700 695">
    <p class='ocr_par' dir='ltr' id='par_1_10' title="bbox 2157 621 3700 695">
     <span class='ocr_line' id='line_1_10' title="bbox 2157 621 3700 695; baseline -0.003 -20"><span class='ocrx_word' id='word_1_58' title='bbox 2157 645 2164 675; x_wconf 78' lang='grc' dir='ltr'>ι</span> <span class='ocrx_word' id='word_1_59' title='bbox 2195 625 2450 688; x_wconf 84' lang='grc' dir='ltr'>Ἔκθεσις</span> <span class='ocrx_word' id='word_1_60' title='bbox 2474 625 2710 687; x_wconf 78' lang='grc' dir='ltr'>πίστεως</span> <span class='ocrx_word' id='word_1_61' title='bbox 2735 625 2846 685; x_wconf 81' lang='grc' dir='ltr'>τῶν</span> <span class='ocrx_word' id='word_1_62' title='bbox 2867 627 2925 677; x_wconf 77' lang='grc' dir='ltr'>ἒν</span> <span class='ocrx_word' id='word_1_63' title='bbox 2948 625 3156 695; x_wconf 65' lang='grc' dir='ltr'>Νικαία</span> <span class='ocrx_word' id='word_1_64' title='bbox 3215 630 3323 691; x_wconf 84' lang='grc' dir='ltr'><strong>τιη⁹</strong></span> <span class='ocrx_word' id='word_1_65' title='bbox 3377 623 3557 690; x_wconf 82' lang='grc' dir='ltr'>ἁγίων</span> <span class='ocrx_word' id='word_1_66' title='bbox 3606 621 3700 672; x_wconf 79' lang='grc' dir='ltr'><strong>καὶ</strong></span> 
     </span>
    </p>
   </div>
   <div class='ocr_carea' id='block_1_11' title="bbox 457 700 2054 793">
    <p class='ocr_par' dir='ltr' id='par_1_11' title="bbox 457 712 2042 784">
     <span class='ocr_line' id='line_1_11' title="bbox 457 712 2042 784; baseline 0.001 -20"><span class='ocrx_word' id='word_1_67' title='bbox 457 713 1192 784; x_wconf 82' lang='lat' dir='ltr'><strong>ConstantinOpolitanorum</strong></span> <span class='ocrx_word' id='word_1_68' title='bbox 1220 715 1502 771; x_wconf 84' lang='lat' dir='ltr'><strong>beatorum</strong></span> <span class='ocrx_word' id='word_1_69' title='bbox 1529 713 1812 768; x_wconf 60' lang='lat' dir='ltr'><strong>Patrum.»</strong></span> <span class='ocrx_word' id='word_1_70' title='bbox 1844 712 2042 768; x_wconf 83' lang='lat' dir='ltr'><strong>Vides-</strong></span> 
     </span>
    </p>
   </div>
   <div class='ocr_carea' id='block_1_12' title="bbox 2157 700 3718 793">
    <p class='ocr_par' dir='ltr' id='par_1_12' title="bbox 2157 700 3718 793">
     <span class='ocr_line' id='line_1_12' title="bbox 2157 700 3718 793; baseline -0.003 -25"><span class='ocrx_word' id='word_1_71' title='bbox 2157 717 2433 793; x_wconf 71' lang='grc' dir='ltr'>ιακαρίων</span> <span class='ocrx_word' id='word_1_72' title='bbox 2464 700 2748 787; x_wconf 66' lang='grc' dir='ltr'><strong>ΠατέρωΨ</strong></span> <span class='ocrx_word' id='word_1_73' title='bbox 2793 717 3240 786; x_wconf 75' lang='grc' dir='ltr'>Πιστεὺομενείς</span> <span class='ocrx_word' id='word_1_74' title='bbox 3278 715 3377 768; x_wconf 74' lang='grc' dir='ltr'><strong>ἕνα</strong></span> <span class='ocrx_word' id='word_1_75' title='bbox 3433 713 3569 767; x_wconf 80' lang='grc' dir='ltr'>Θεὸν</span> <span class='ocrx_word' id='word_1_76' title='bbox 3605 714 3718 766; x_wconf 76' lang='grc' dir='ltr'><strong>[ια.</strong></span> 
     </span>
    </p>
   </div>
   <div class='ocr_carea' id='block_1_13' title="bbox 460 798 2054 880">
    <p class='ocr_par' dir='ltr' id='par_1_13' title="bbox 460 805 2040 878">
     <span class='ocr_line' id='line_1_13' title="bbox 460 805 2040 878; baseline -0.003 -20"><span class='ocrx_word' id='word_1_77' title='bbox 460 821 529 860; x_wconf 88' lang='lat' dir='ltr'><strong>ne</strong></span> <span class='ocrx_word' id='word_1_78' title='bbox 565 807 858 872; x_wconf 87' lang='lat' dir='ltr'><strong>separatim</strong></span> <span class='ocrx_word' id='word_1_79' title='bbox 877 809 1280 878; x_wconf 88' lang='lat' dir='ltr'><strong>sejunctimque</strong></span> <span class='ocrx_word' id='word_1_80' title='bbox 1314 809 1427 862; x_wconf 56' lang='lat' dir='ltr'><strong>haec</strong></span> <span class='ocrx_word' id='word_1_81' title='bbox 1462 821 1619 861; x_wconf 84' lang='lat' dir='ltr'><strong>sacra</strong></span> <span class='ocrx_word' id='word_1_82' title='bbox 1666 805 1924 877; x_wconf 83' lang='lat' dir='ltr'><strong>Symbola</strong></span> <span class='ocrx_word' id='word_1_83' title='bbox 1954 805 2040 859; x_wconf 79' lang='lat' dir='ltr'><strong>di-</strong></span> 
     </span>
    </p>
   </div>
   <div class='ocr_carea' id='block_1_14' title="bbox 2157 798 3719 880">
    <p class='ocr_par' dir='ltr' id='par_1_14' title="bbox 2157 798 3719 880">
     <span class='ocr_line' id='line_1_14' title="bbox 2157 798 3719 880; baseline -0.005 -17"><span class='ocrx_word' id='word_1_84' title='bbox 2157 810 2280 878; x_wconf 80' lang='grc' dir='ltr'>τέρα</span> <span class='ocrx_word' id='word_1_85' title='bbox 2312 798 2732 880; x_wconf 76' lang='grc' dir='ltr'>παντοκράτορα</span> <span class='ocrx_word' id='word_1_86' title='bbox 2756 825 2771 840; x_wconf 79' lang='grc' dir='ltr'><strong>ο</strong></span> <span class='ocrx_word' id='word_1_87' title='bbox 2805 827 2824 861; x_wconf 74' lang='grc' dir='ltr'><strong>ι</strong></span> <span class='ocrx_word' id='word_1_88' title='bbox 2859 809 2919 861; x_wconf 83' lang='grc' dir='ltr'>τὸ</span> <span class='ocrx_word' id='word_1_89' title='bbox 2956 809 3076 860; x_wconf 82' lang='grc' dir='ltr'>ὅλον</span> <span class='ocrx_word' id='word_1_90' title='bbox 3106 808 3167 861; x_wconf 79' lang='grc' dir='ltr'>τὸ</span> <span class='ocrx_word' id='word_1_91' title='bbox 3219 807 3278 860; x_wconf 78' lang='grc' dir='ltr'>ὲν</span> <span class='ocrx_word' id='word_1_92' title='bbox 3338 805 3565 874; x_wconf 80' lang='grc' dir='ltr'>Νικαία,</span> <span class='ocrx_word' id='word_1_93' title='bbox 3627 804 3719 856; x_wconf 84' lang='grc' dir='ltr'><strong>καὶ</strong></span> 
     </span>
    </p>
   </div>
   <div class='ocr_carea' id='block_1_15' title="bbox 459 896 2054 972">
    <p class='ocr_par' dir='ltr' id='par_1_15' title="bbox 459 896 2043 969">
     <span class='ocr_line' id='line_1_15' title="bbox 459 896 2043 969; baseline -0.001 -16"><span class='ocrx_word' id='word_1_94' title='bbox 459 899 596 968; x_wconf 73' lang='lat' dir='ltr'><strong>geri,</strong></span> <span class='ocrx_word' id='word_1_95' title='bbox 617 907 671 953; x_wconf 89' lang='lat' dir='ltr'><strong>et</strong></span> <span class='ocrx_word' id='word_1_96' title='bbox 701 914 809 953; x_wconf 90' lang='lat' dir='ltr'><strong>non</strong></span> <span class='ocrx_word' id='word_1_97' title='bbox 833 910 891 954; x_wconf 91' lang='lat' dir='ltr'><strong>ut</strong></span> <span class='ocrx_word' id='word_1_98' title='bbox 926 900 1198 969; x_wconf 80' lang='lat' dir='ltr'><strong>Ephesius</strong></span> <span class='ocrx_word' id='word_1_99' title='bbox 1256 899 1643 962; x_wconf 82' lang='lat' dir='ltr'><strong>contendebat,</strong></span> <span class='ocrx_word' id='word_1_100' title='bbox 1674 917 1695 950; x_wconf 77' lang='grc' dir='ltr'>ι</span> <span class='ocrx_word' id='word_1_101' title='bbox 1731 896 1903 952; x_wconf 83' lang='lat' dir='ltr'><strong>Unam</strong></span> <span class='ocrx_word' id='word_1_102' title='bbox 1940 897 2043 952; x_wconf 90' lang='lat' dir='ltr'><strong>do-</strong></span> 
     </span>
    </p>
   </div>
   <div class='ocr_carea' id='block_1_16' title="bbox 2157 896 3722 972">
    <p class='ocr_par' dir='ltr' id='par_1_16' title="bbox 2157 897 3722 972">
     <span class='ocr_line' id='line_1_16' title="bbox 2157 897 3722 972; baseline -0.004 -18"><span class='ocrx_word' id='word_1_103' title='bbox 2157 902 2288 972; x_wconf 81' lang='grc' dir='ltr'><strong>μετὰ</strong></span> <span class='ocrx_word' id='word_1_104' title='bbox 2321 903 2384 955; x_wconf 74' lang='grc' dir='ltr'><strong>τὸ</strong></span> <span class='ocrx_word' id='word_1_105' title='bbox 2424 900 2579 964; x_wconf 79' lang='grc' dir='ltr'>τέλος</span> <span class='ocrx_word' id='word_1_106' title='bbox 2624 902 2819 955; x_wconf 87' lang='grc' dir='ltr'>τούτου</span> <span class='ocrx_word' id='word_1_107' title='bbox 2873 901 3064 971; x_wconf 72' lang='grc' dir='ltr'><strong>φησιν’</strong></span> <span class='ocrx_word' id='word_1_108' title='bbox 3122 918 3142 952; x_wconf 70' lang='grc' dir='ltr'>ι</span> <span class='ocrx_word' id='word_1_109' title='bbox 3170 899 3427 961; x_wconf 81' lang='grc' dir='ltr'>Ἐκθεσις</span> <span class='ocrx_word' id='word_1_110' title='bbox 3485 897 3722 958; x_wconf 87' lang='grc' dir='ltr'>πίστεως</span> 
     </span>
    </p>
   </div>
   <div class='ocr_carea' id='block_1_17' title="bbox 457 989 2054 1060">
    <p class='ocr_par' dir='ltr' id='par_1_17' title="bbox 457 989 2047 1056">
     <span class='ocr_line' id='line_1_17' title="bbox 457 989 2047 1056; baseline -0.003 -10"><span class='ocrx_word' id='word_1_111' title='bbox 457 993 692 1046; x_wconf 66' lang='lat' dir='ltr'><strong>(trinam</strong></span> <span class='ocrx_word' id='word_1_112' title='bbox 722 990 924 1048; x_wconf 75' lang='lat' dir='ltr'><strong>fecisse</strong></span> <span class='ocrx_word' id='word_1_113' title='bbox 955 990 1170 1056; x_wconf 87' lang='lat' dir='ltr'><strong>Patres,</strong></span> <span class='ocrx_word' id='word_1_114' title='bbox 1209 993 1262 1048; x_wconf 89' lang='lat' dir='ltr'><strong>in</strong></span> <span class='ocrx_word' id='word_1_115' title='bbox 1303 1008 1468 1045; x_wconf 89' lang='lat' dir='ltr'><strong>unum</strong></span> <span class='ocrx_word' id='word_1_116' title='bbox 1531 991 1643 1046; x_wconf 83' lang='lat' dir='ltr'><strong>illis</strong></span> <span class='ocrx_word' id='word_1_117' title='bbox 1677 991 1868 1054; x_wconf 86' lang='lat' dir='ltr'><strong>unitis,</strong></span> <span class='ocrx_word' id='word_1_118' title='bbox 1902 989 2047 1043; x_wconf 83' lang='lat' dir='ltr'><strong>sicut</strong></span> 
     </span>
    </p>
   </div>
   <div class='ocr_carea' id='block_1_18' title="bbox 2157 989 3760 1060">
    <p class='ocr_par' dir='ltr' id='par_1_18' title="bbox 2157 993 3760 1060">
     <span class='ocr_line' id='line_1_18' title="bbox 2157 993 3760 1060; baseline -0.005 -14"><span class='ocrx_word' id='word_1_119' title='bbox 2157 994 2254 1047; x_wconf 81' lang='grc' dir='ltr'><strong>τῶν</strong></span> <span class='ocrx_word' id='word_1_120' title='bbox 2297 995 2356 1046; x_wconf 83' lang='grc' dir='ltr'><strong>ὲν</strong></span> <span class='ocrx_word' id='word_1_121' title='bbox 2383 994 2961 1047; x_wconf 85' lang='grc' dir='ltr'>Κωνσταντινουπόλει</span> <span class='ocrx_word' id='word_1_122' title='bbox 2993 993 3190 1046; x_wconf 69' lang='grc' dir='ltr'>ἑκατὸν</span> <span class='ocrx_word' id='word_1_123' title='bbox 3221 993 3563 1060; x_wconf 86' lang='grc' dir='ltr'>πεντήκοντα</span> <span class='ocrx_word' id='word_1_124' title='bbox 3617 1004 3719 1056; x_wconf 85' lang='grc' dir='ltr'><strong>μα·</strong></span> <span class='ocrx_word' id='word_1_125' title='bbox 3753 1008 3760 1012; x_wconf 89' lang='grc'><strong>·</strong></span> 
     </span>
    </p>
   </div>
   <div class='ocr_carea' id='block_1_19' title="bbox 459 1078 2054 1155">
    <p class='ocr_par' dir='ltr' id='par_1_19' title="bbox 459 1081 2043 1152">
     <span class='ocr_line' id='line_1_19' title="bbox 459 1081 2043 1152; baseline -0.003 -14"><span class='ocrx_word' id='word_1_126' title='bbox 459 1099 640 1139; x_wconf 67' lang='lat' dir='ltr'><strong>rerum</strong></span> <span class='ocrx_word' id='word_1_127' title='bbox 660 1085 850 1139; x_wconf 90' lang='lat' dir='ltr'><strong>harum</strong></span> <span class='ocrx_word' id='word_1_128' title='bbox 884 1085 1074 1140; x_wconf 90' lang='lat' dir='ltr'><strong>insciis</strong></span> <span class='ocrx_word' id='word_1_129' title='bbox 1101 1085 1417 1141; x_wconf 75' lang='lat' dir='ltr'><strong>videbatur?</strong></span> <span class='ocrx_word' id='word_1_130' title='bbox 1438 1084 1499 1138; x_wconf 86' lang='lat' dir='ltr'><strong>Et</strong></span> <span class='ocrx_word' id='word_1_131' title='bbox 1521 1083 1743 1138; x_wconf 85' lang='lat' dir='ltr'><strong>divinus</strong></span> <span class='ocrx_word' id='word_1_132' title='bbox 1770 1081 2003 1152; x_wconf 87' lang='lat' dir='ltr'><strong>Cyrillns</strong></span> <span class='ocrx_word' id='word_1_133' title='bbox 2028 1096 2043 1134; x_wconf 88' lang='lat'><strong>:</strong></span> 
     </span>
    </p>
   </div>
   <div class='ocr_carea' id='block_1_20' title="bbox 2157 1078 3722 1155">
    <p class='ocr_par' dir='ltr' id='par_1_20' title="bbox 2157 1078 3722 1155">
     <span class='ocr_line' id='line_1_20' title="bbox 2157 1078 3722 1155; baseline -0.006 -18"><span class='ocrx_word' id='word_1_134' title='bbox 2157 1085 2355 1155; x_wconf 76' lang='grc' dir='ltr'>καρίων</span> <span class='ocrx_word' id='word_1_135' title='bbox 2385 1084 2671 1154; x_wconf 79' lang='grc' dir='ltr'><strong>Πατὲρων.</strong></span> <span class='ocrx_word' id='word_1_136' title='bbox 2708 1102 2726 1134; x_wconf 76' lang='grc' dir='ltr'><strong>ι</strong></span> <span class='ocrx_word' id='word_1_137' title='bbox 2779 1083 2947 1154; x_wconf 78' lang='grc' dir='ltr'>Ὀρᾷς</span> <span class='ocrx_word' id='word_1_138' title='bbox 2994 1083 3077 1136; x_wconf 83' lang='grc' dir='ltr'><strong>ὅτι</strong></span> <span class='ocrx_word' id='word_1_139' title='bbox 3109 1080 3212 1134; x_wconf 76' lang='grc' dir='ltr'><strong>ἀνὰ</strong></span> <span class='ocrx_word' id='word_1_140' title='bbox 3239 1081 3402 1149; x_wconf 83' lang='grc' dir='ltr'>μέρος</span> <span class='ocrx_word' id='word_1_141' title='bbox 3433 1078 3618 1148; x_wconf 75' lang='grc' dir='ltr'>ἔχουσι</span> <span class='ocrx_word' id='word_1_142' title='bbox 3653 1078 3722 1128; x_wconf 78' lang='grc' dir='ltr'><strong>τὰ</strong></span> 
     </span>
    </p>
   </div>
   <div class='ocr_carea' id='block_1_21' title="bbox 463 1168 2054 1249">
    <p class='ocr_par' dir='ltr' id='par_1_21' title="bbox 463 1173 2045 1249">
     <span class='ocr_line' id='line_1_21' title="bbox 463 1173 2045 1249; baseline -0.003 -19"><span class='ocrx_word' id='word_1_143' title='bbox 463 1195 484 1229; x_wconf 73' lang='grc' dir='ltr'>ι</span> <span class='ocrx_word' id='word_1_144' title='bbox 507 1176 623 1231; x_wconf 86' lang='lat' dir='ltr'><strong>Non</strong></span> <span class='ocrx_word' id='word_1_145' title='bbox 653 1178 1020 1249; x_wconf 84' lang='lat' dir='ltr'><strong>permittimus</strong></span> <span class='ocrx_word' id='word_1_146' title='bbox 1043 1194 1219 1248; x_wconf 87' lang='lat' dir='ltr'><strong>neque</strong></span> <span class='ocrx_word' id='word_1_147' title='bbox 1241 1178 1398 1232; x_wconf 87' lang='lat' dir='ltr'><strong>nobis</strong></span> <span class='ocrx_word' id='word_1_148' title='bbox 1414 1179 1566 1245; x_wconf 89' lang='lat' dir='ltr'><strong>ipsis,</strong></span> <span class='ocrx_word' id='word_1_149' title='bbox 1589 1190 1766 1244; x_wconf 90' lang='lat' dir='ltr'><strong>neque</strong></span> <span class='ocrx_word' id='word_1_150' title='bbox 1784 1173 1929 1236; x_wconf 90' lang='lat' dir='ltr'><strong>aliis,</strong></span> <span class='ocrx_word' id='word_1_151' title='bbox 1949 1181 2045 1225; x_wconf 84' lang='lat' dir='ltr'><strong>aut</strong></span> 
     </span>
    </p>
   </div>
   <div class='ocr_carea' id='block_1_22' title="bbox 2157 1168 3718 1249">
    <p class='ocr_par' dir='ltr' id='par_1_22' title="bbox 2157 1168 3718 1246">
     <span class='ocr_line' id='line_1_22' title="bbox 2157 1168 3718 1246; baseline -0.006 -16"><span class='ocrx_word' id='word_1_152' title='bbox 2157 1179 2272 1246; x_wconf 77' lang='grc' dir='ltr'>ἱερὰ</span> <span class='ocrx_word' id='word_1_153' title='bbox 2307 1175 2573 1245; x_wconf 84' lang='grc' dir='ltr'>συμϐολα,</span> <span class='ocrx_word' id='word_1_154' title='bbox 2601 1176 2695 1228; x_wconf 70' lang='grc' dir='ltr'>καὶ</span> <span class='ocrx_word' id='word_1_155' title='bbox 2724 1175 2824 1242; x_wconf 80' lang='grc' dir='ltr'><strong>οὐχ</strong></span> <span class='ocrx_word' id='word_1_156' title='bbox 2846 1174 2922 1236; x_wconf 81' lang='grc' dir='ltr'><strong>ὡς</strong></span> <span class='ocrx_word' id='word_1_157' title='bbox 2943 1175 2972 1226; x_wconf 99' lang='lat'><strong>6</strong></span> <span class='ocrx_word' id='word_1_158' title='bbox 3015 1172 3246 1242; x_wconf 83' lang='grc' dir='ltr'>Ἐφέσου</span> <span class='ocrx_word' id='word_1_159' title='bbox 3292 1172 3512 1240; x_wconf 75' lang='grc' dir='ltr'>ἔλεγεν,</span> <span class='ocrx_word' id='word_1_160' title='bbox 3546 1171 3630 1222; x_wconf 83' lang='grc' dir='ltr'>δτι</span> <span class='ocrx_word' id='word_1_161' title='bbox 3659 1168 3718 1220; x_wconf 85' lang='grc' dir='ltr'><strong>ἓν</strong></span> 
     </span>
    </p>
   </div>
   <div class='ocr_carea' id='block_1_23' title="bbox 458 1259 2054 1345">
    <p class='ocr_par' dir='ltr' id='par_1_23' title="bbox 458 1259 2046 1344">
     <span class='ocr_line' id='line_1_23' title="bbox 458 1259 2046 1344; baseline -0.003 -19"><span class='ocrx_word' id='word_1_162' title='bbox 458 1269 755 1328; x_wconf 86' lang='lat' dir='ltr'><strong>dictionem</strong></span> <span class='ocrx_word' id='word_1_163' title='bbox 782 1290 845 1329; x_wconf 76' lang='lat' dir='ltr'><strong>ex</strong></span> <span class='ocrx_word' id='word_1_164' title='bbox 867 1273 938 1328; x_wconf 86' lang='lat' dir='ltr'><strong>iis</strong></span> <span class='ocrx_word' id='word_1_165' title='bbox 983 1291 1106 1344; x_wconf 72' lang='lat' dir='ltr'><strong>quae</strong></span> <span class='ocrx_word' id='word_1_166' title='bbox 1134 1276 1186 1328; x_wconf 95' lang='lat' dir='ltr'><strong>in</strong></span> <span class='ocrx_word' id='word_1_167' title='bbox 1211 1288 1275 1328; x_wconf 87' lang='lat' dir='ltr'><strong>eo</strong></span> <span class='ocrx_word' id='word_1_168' title='bbox 1292 1259 1594 1338; x_wconf 76' lang='lat' dir='ltr'><strong>habentur,</strong></span> <span class='ocrx_word' id='word_1_169' title='bbox 1619 1273 1929 1331; x_wconf 84' lang='lat' dir='ltr'><strong>immutare,</strong></span> <span class='ocrx_word' id='word_1_170' title='bbox 1951 1275 2046 1331; x_wconf 85' lang='lat' dir='ltr'><strong>aut</strong></span> 
     </span>
    </p>
   </div>
   <div class='ocr_carea' id='block_1_24' title="bbox 2157 1259 3722 1345">
    <p class='ocr_par' dir='ltr' id='par_1_24' title="bbox 2157 1260 3722 1345">
     <span class='ocr_line' id='line_1_24' title="bbox 2157 1260 3722 1345; baseline -0.006 -27"><span class='ocrx_word' id='word_1_171' title='bbox 2157 1265 2396 1335; x_wconf 30' lang='grc' dir='ltr'>μάθημα,</span> <span class='ocrx_word' id='word_1_172' title='bbox 2436 1264 2705 1330; x_wconf 79' lang='grc' dir='ltr'>ἐποίησαν</span> <span class='ocrx_word' id='word_1_173' title='bbox 2751 1263 2801 1315; x_wconf 83' lang='grc' dir='ltr'><strong>οί</strong></span> <span class='ocrx_word' id='word_1_174' title='bbox 2858 1263 3127 1345; x_wconf 76' lang='grc' dir='ltr'>Πατέρες,</span> <span class='ocrx_word' id='word_1_175' title='bbox 3174 1260 3472 1322; x_wconf 80' lang='grc' dir='ltr'><strong>ἑνώσαντες</strong></span> <span class='ocrx_word' id='word_1_176' title='bbox 3522 1260 3722 1324; x_wconf 85' lang='grc' dir='ltr'><strong>ταῦτα,</strong></span> 
     </span>
    </p>
   </div>
   <div class='ocr_carea' id='block_1_25' title="bbox 458 1351 2054 1437">
    <p class='ocr_par' dir='ltr' id='par_1_25' title="bbox 458 1360 2040 1437">
     <span class='ocr_line' id='line_1_25' title="bbox 458 1360 2040 1437; baseline -0.003 -19"><span class='ocrx_word' id='word_1_177' title='bbox 458 1379 623 1418; x_wconf 88' lang='lat' dir='ltr'><strong>unam</strong></span> <span class='ocrx_word' id='word_1_178' title='bbox 646 1365 833 1420; x_wconf 80' lang='lat' dir='ltr'><strong>saltem</strong></span> <span class='ocrx_word' id='word_1_179' title='bbox 853 1365 1113 1437; x_wconf 84' lang='lat' dir='ltr'><strong>syllabam</strong></span> <span class='ocrx_word' id='word_1_180' title='bbox 1156 1372 1532 1436; x_wconf 66' lang='lat' dir='ltr'><strong>praevertere,»</strong></span> <span class='ocrx_word' id='word_1_181' title='bbox 1555 1365 1816 1419; x_wconf 82' lang='lat' dir='ltr'><strong>adversus</strong></span> <span class='ocrx_word' id='word_1_182' title='bbox 1832 1376 1928 1418; x_wconf 83' lang='lat' dir='ltr'><strong>eos</strong></span> <span class='ocrx_word' id='word_1_183' title='bbox 1946 1360 2040 1429; x_wconf 89' lang='lat' dir='ltr'><strong>qui</strong></span> 
     </span>
    </p>
   </div>
   <div class='ocr_carea' id='block_1_26' title="bbox 2157 1351 3724 1437">
    <p class='ocr_par' dir='ltr' id='par_1_26' title="bbox 2157 1351 3724 1426">
     <span class='ocr_line' id='line_1_26' title="bbox 2157 1351 3724 1426; baseline -0.003 -17"><span class='ocrx_word' id='word_1_184' title='bbox 2157 1358 2284 1426; x_wconf 72' lang='grc' dir='ltr'>ὅπερ</span> <span class='ocrx_word' id='word_1_185' title='bbox 2304 1357 2415 1417; x_wconf 85' lang='grc' dir='ltr'>τοῖς</span> <span class='ocrx_word' id='word_1_186' title='bbox 2440 1354 2727 1423; x_wconf 81' lang='grc' dir='ltr'><strong>ἀγνοοῦσιν</strong></span> <span class='ocrx_word' id='word_1_187' title='bbox 2755 1355 2950 1408; x_wconf 85' lang='grc' dir='ltr'>ἐδόκει.</span> <span class='ocrx_word' id='word_1_188' title='bbox 2979 1355 3088 1408; x_wconf 76' lang='grc' dir='ltr'><strong>Καὶ</strong></span> <span class='ocrx_word' id='word_1_189' title='bbox 3115 1356 3142 1407; x_wconf 89' lang='grc' dir='ltr'>ὁ</span> <span class='ocrx_word' id='word_1_190' title='bbox 3171 1355 3313 1416; x_wconf 81' lang='grc' dir='ltr'>θεῖος</span> <span class='ocrx_word' id='word_1_191' title='bbox 3349 1354 3407 1405; x_wconf 80' lang='grc' dir='ltr'>δὲ</span> <span class='ocrx_word' id='word_1_192' title='bbox 3457 1351 3724 1421; x_wconf 75' lang='grc' dir='ltr'>Κύριλλος</span> 
     </span>
    </p>
   </div>
   <div class='ocr_carea' id='block_1_27' title="bbox 459 1441 2054 1527">
    <p class='ocr_par' dir='ltr' id='par_1_27' title="bbox 459 1448 1964 1527">
     <span class='ocr_line' id='line_1_27' title="bbox 459 1448 1964 1527; baseline -0.001 -17"><span class='ocrx_word' id='word_1_193' title='bbox 459 1471 677 1526; x_wconf 84' lang='lat' dir='ltr'><strong>semper</strong></span> <span class='ocrx_word' id='word_1_194' title='bbox 701 1452 991 1513; x_wconf 79' lang='lat' dir='ltr'><strong>homousio</strong></span> <span class='ocrx_word' id='word_1_195' title='bbox 1026 1458 1475 1520; x_wconf 76' lang='lat' dir='ltr'><strong>adversabantur.</strong></span> <span class='ocrx_word' id='word_1_196' title='bbox 1503 1458 1802 1527; x_wconf 81' lang='lat' dir='ltr'><strong>eloquitur.</strong></span> <span class='ocrx_word' id='word_1_197' title='bbox 1960 1448 1964 1452; x_wconf 51' lang='grc'><strong>⁷</strong></span> 
     </span>
    </p>
   </div>
   <div class='ocr_carea' id='block_1_28' title="bbox 2157 1441 3725 1527">
    <p class='ocr_par' dir='ltr' id='par_1_28' title="bbox 2157 1441 3725 1522">
     <span class='ocr_line' id='line_1_28' title="bbox 2157 1441 3725 1522; baseline -0.006 -21"><span class='ocrx_word' id='word_1_198' title='bbox 2157 1448 2233 1512; x_wconf 81' lang='grc' dir='ltr'>τὸ,</span> <span class='ocrx_word' id='word_1_199' title='bbox 2280 1462 2300 1497; x_wconf 75' lang='grc' dir='ltr'><strong>ι</strong></span> <span class='ocrx_word' id='word_1_200' title='bbox 2330 1445 2447 1500; x_wconf 83' lang='grc' dir='ltr'><strong>Οὐκ</strong></span> <span class='ocrx_word' id='word_1_201' title='bbox 2482 1445 2853 1515; x_wconf 74' lang='grc' dir='ltr'><strong>ἐπιτρέπομεν</strong></span> <span class='ocrx_word' id='word_1_202' title='bbox 2894 1445 3148 1510; x_wconf 58' lang='grc' dir='ltr'>ἑαυτοῖς,</span> <span class='ocrx_word' id='word_1_203' title='bbox 3200 1445 3235 1516; x_wconf 68' lang='grc' dir='ltr'>ἢ</span> <span class='ocrx_word' id='word_1_204' title='bbox 3278 1443 3510 1522; x_wconf 75' lang='grc' dir='ltr'>ἑτέροις,</span> <span class='ocrx_word' id='word_1_205' title='bbox 3569 1441 3603 1508; x_wconf 78' lang='grc' dir='ltr'>ἢ</span> <span class='ocrx_word' id='word_1_206' title='bbox 3638 1442 3725 1493; x_wconf 81' lang='grc' dir='ltr'>λέ-</span> 
     </span>
    </p>
   </div>
   <div class='ocr_carea' id='block_1_29' title="bbox 460 1535 3726 1625">
    <p class='ocr_par' dir='ltr' id='par_1_29' title="bbox 460 1535 3726 1625">
     <span class='ocr_line' id='line_1_29' title="bbox 460 1535 3726 1625; baseline -0.005 -22"><span class='ocrx_word' id='word_1_207' title='bbox 460 1553 542 1616; x_wconf 79' lang='grc' dir='ltr'><strong>ξιν</strong></span> <span class='ocrx_word' id='word_1_208' title='bbox 572 1553 804 1624; x_wconf 79' lang='grc' dir='ltr'>ἀμεῖψαι</span> <span class='ocrx_word' id='word_1_209' title='bbox 834 1553 1318 1621; x_wconf 83' lang='grc' dir='ltr'>τῶν“έγκειμένων</span> <span class='ocrx_word' id='word_1_210' title='bbox 1367 1554 1573 1617; x_wconf 75' lang='grc' dir='ltr'>ἐκεῖσε,</span> <span class='ocrx_word' id='word_1_211' title='bbox 1638 1535 1686 1621; x_wconf 73' lang='grc' dir='ltr'>ἢ</span> <span class='ocrx_word' id='word_1_212' title='bbox 1713 1550 1853 1625; x_wconf 25' lang='grc' dir='ltr'>μίαν*</span> <span class='ocrx_word' id='word_1_213' title='bbox 1895 1545 2029 1614; x_wconf 82' lang='grc' dir='ltr'>γοῦν</span> <span class='ocrx_word' id='word_1_214' title='bbox 2064 1541 2389 1612; x_wconf 77' lang='grc' dir='ltr'>παραϐῆναι</span> <span class='ocrx_word' id='word_1_215' title='bbox 2418 1539 2720 1609; x_wconf 72' lang='grc' dir='ltr'>συλλαϐὴν,</span> <span class='ocrx_word' id='word_1_216' title='bbox 2755 1558 2772 1590; x_wconf 72' lang='grc' dir='ltr'><strong>ι</strong></span> <span class='ocrx_word' id='word_1_217' title='bbox 2840 1539 2979 1609; x_wconf 78' lang='grc' dir='ltr'><strong>πρὸς</strong></span> <span class='ocrx_word' id='word_1_218' title='bbox 3046 1540 3172 1602; x_wconf 82' lang='grc' dir='ltr'>τοὺς</span> <span class='ocrx_word' id='word_1_219' title='bbox 3237 1538 3575 1610; x_wconf 74' lang='grc' dir='ltr'>μαχομένους</span> <span class='ocrx_word' id='word_1_220' title='bbox 3640 1537 3726 1591; x_wconf 75' lang='grc' dir='ltr'><strong>ἀεὶ</strong></span> 
     </span>
    </p>
   </div>
   <div class='ocr_carea' id='block_1_30' title="bbox 457 1644 3662 1735">
    <p class='ocr_par' dir='ltr' id='par_1_30' title="bbox 457 1644 3662 1735">
     <span class='ocr_line' id='line_1_30' title="bbox 457 1644 3662 1735; baseline 0.01 -37"><span class='ocrx_word' id='word_1_221' title='bbox 457 1645 535 1715; x_wconf 78' lang='grc' dir='ltr'>τῷ</span> <span class='ocrx_word' id='word_1_222' title='bbox 563 1644 1014 1716; x_wconf 74' lang='grc' dir='ltr'>όμοουσίῳτοῦτό</span> <span class='ocrx_word' id='word_1_223' title='bbox 1043 1663 1232 1715; x_wconf 77' lang='grc' dir='ltr'><strong>φησιν.</strong></span> <span class='ocrx_word' id='word_1_224' title='bbox 2377 1725 2403 1735; x_wconf 45' lang='grc' dir='ltr'><strong>Δ</strong></span> <span class='ocrx_word' id='word_1_225' title='bbox 2503 1725 2544 1735; x_wconf 49' lang='grc' dir='ltr'><strong>μ</strong></span> <span class='ocrx_word' id='word_1_226' title='bbox 2621 1725 2643 1735; x_wconf 92' lang='lat'><em>_</em></span> <span class='ocrx_word' id='word_1_227' title='bbox 2812 1725 2835 1735; x_wconf 91' lang='lat'>_</span> <span class='ocrx_word' id='word_1_228' title='bbox 2995 1723 3009 1735; x_wconf 68' lang='grc'><em>,</em></span> <span class='ocrx_word' id='word_1_229' title='bbox 3208 1724 3220 1735; x_wconf 83' lang='lat'><em>_</em></span> <span class='ocrx_word' id='word_1_230' title='bbox 3366 1721 3394 1732; x_wconf 81' lang='grc'><strong>,</strong></span> <span class='ocrx_word' id='word_1_231' title='bbox 3447 1724 3460 1735; x_wconf 87' lang='grc'><strong>,</strong></span> <span class='ocrx_word' id='word_1_232' title='bbox 3650 1719 3662 1735; x_wconf 91' lang='grc'><strong><em>.</em></strong></span> 
     </span>
    </p>
   </div>
   <div class='ocr_carea' id='block_1_31' title="bbox 532 1723 2054 1823">
    <p class='ocr_par' dir='ltr' id='par_1_31' title="bbox 532 1738 2032 1811">
     <span class='ocr_line' id='line_1_31' title="bbox 532 1738 2032 1811; baseline -0.003 -17"><span class='ocrx_word' id='word_1_233' title='bbox 532 1739 621 1794; x_wconf 76' lang='lat' dir='ltr'><strong>l2.</strong></span> <span class='ocrx_word' id='word_1_234' title='bbox 655 1739 722 1792; x_wconf 84' lang='lat' dir='ltr'><strong>Et</strong></span> <span class='ocrx_word' id='word_1_235' title='bbox 754 1757 865 1794; x_wconf 86' lang='lat' dir='ltr'><strong>rem</strong></span> <span class='ocrx_word' id='word_1_236' title='bbox 891 1741 965 1796; x_wconf 89' lang='lat' dir='ltr'><strong>ita</strong></span> <span class='ocrx_word' id='word_1_237' title='bbox 1003 1756 1064 1798; x_wconf 84' lang='lat' dir='ltr'><strong>se</strong></span> <span class='ocrx_word' id='word_1_238' title='bbox 1129 1743 1351 1805; x_wconf 85' lang='lat' dir='ltr'><strong>habere.</strong></span> <span class='ocrx_word' id='word_1_239' title='bbox 1415 1749 1580 1811; x_wconf 87' lang='lat' dir='ltr'><strong>atque</strong></span> <span class='ocrx_word' id='word_1_240' title='bbox 1644 1739 1714 1794; x_wconf 89' lang='lat' dir='ltr'><strong>de</strong></span> <span class='ocrx_word' id='word_1_241' title='bbox 1745 1738 2032 1794; x_wconf 87' lang='lat' dir='ltr'><strong>hnmousio</strong></span> 
     </span>
    </p>
   </div>
   <div class='ocr_carea' id='block_1_32' title="bbox 2157 1723 3725 1823">
    <p class='ocr_par' dir='ltr' id='par_1_32' title="bbox 2214 1723 3725 1797">
     <span class='ocr_line' id='line_1_32' title="bbox 2214 1723 3725 1797; baseline -0.006 -18"><span class='ocrx_word' id='word_1_242' title='bbox 2214 1727 2305 1797; x_wconf 85' lang='grc' dir='ltr'><strong>ιβ’.</strong></span> <span class='ocrx_word' id='word_1_243' title='bbox 2341 1725 2467 1781; x_wconf 77' lang='grc' dir='ltr'><strong>Ὀτι</strong></span> <span class='ocrx_word' id='word_1_244' title='bbox 2498 1725 2554 1779; x_wconf 79' lang='grc' dir='ltr'>δὲ</span> <span class='ocrx_word' id='word_1_245' title='bbox 2587 1725 2762 1788; x_wconf 73' lang='grc' dir='ltr'>οὕτως</span> <span class='ocrx_word' id='word_1_246' title='bbox 2811 1725 2946 1795; x_wconf 74' lang='grc' dir='ltr'>ἔχει,</span> <span class='ocrx_word' id='word_1_247' title='bbox 2979 1723 3056 1787; x_wconf 81' lang='grc' dir='ltr'><strong>ὡς</strong></span> <span class='ocrx_word' id='word_1_248' title='bbox 3101 1724 3231 1794; x_wconf 73' lang='grc' dir='ltr'>περὶ</span> <span class='ocrx_word' id='word_1_249' title='bbox 3299 1723 3394 1775; x_wconf 80' lang='grc' dir='ltr'>τοῦ</span> <span class='ocrx_word' id='word_1_250' title='bbox 3438 1723 3725 1792; x_wconf 76' lang='grc' dir='ltr'>ὁμοουσίου</span> 
     </span>
    </p>
   </div>
   <div class='ocr_carea' id='block_1_33' title="bbox 459 1815 2054 1902">
    <p class='ocr_par' dir='ltr' id='par_1_33' title="bbox 459 1831 2042 1902">
     <span class='ocr_line' id='line_1_33' title="bbox 459 1831 2042 1902; baseline -0.002 -15"><span class='ocrx_word' id='word_1_251' title='bbox 459 1846 768 1887; x_wconf 85' lang='lat' dir='ltr'><strong>sermonem</strong></span> <span class='ocrx_word' id='word_1_252' title='bbox 799 1838 922 1888; x_wconf 78' lang='lat' dir='ltr'><strong>esse</strong></span> <span class='ocrx_word' id='word_1_253' title='bbox 951 1841 1004 1888; x_wconf 91' lang='lat' dir='ltr'><strong>et</strong></span> <span class='ocrx_word' id='word_1_254' title='bbox 1026 1833 1117 1886; x_wconf 87' lang='lat' dir='ltr'><strong>alii</strong></span> <span class='ocrx_word' id='word_1_255' title='bbox 1169 1832 1390 1902; x_wconf 86' lang='lat' dir='ltr'><strong>quidem</strong></span> <span class='ocrx_word' id='word_1_256' title='bbox 1446 1831 1835 1901; x_wconf 84' lang='lat' dir='ltr'><strong>quamplurimi</strong></span> <span class='ocrx_word' id='word_1_257' title='bbox 1890 1846 2042 1884; x_wconf 88' lang='lat' dir='ltr'><strong>asse-</strong></span> 
     </span>
    </p>
   </div>
   <div class='ocr_carea' id='block_1_34' title="bbox 2157 1815 3723 1902">
    <p class='ocr_par' dir='ltr' id='par_1_34' title="bbox 2157 1815 3723 1893">
     <span class='ocr_line' id='line_1_34' title="bbox 2157 1815 3723 1893; baseline -0.006 -20"><span class='ocrx_word' id='word_1_258' title='bbox 2157 1821 2315 1888; x_wconf 64' lang='lat' dir='ltr'><strong>\éYEt,</strong></span> <span class='ocrx_word' id='word_1_259' title='bbox 2361 1821 2456 1874; x_wconf 71' lang='grc' dir='ltr'><strong>καὶ</strong></span> <span class='ocrx_word' id='word_1_260' title='bbox 2504 1818 2653 1893; x_wconf 74' lang='grc' dir='ltr'>ἄλλοι</span> <span class='ocrx_word' id='word_1_261' title='bbox 2713 1820 2813 1887; x_wconf 79' lang='grc' dir='ltr'><strong>μὲν</strong></span> <span class='ocrx_word' id='word_1_262' title='bbox 2881 1817 3070 1870; x_wconf 70' lang='grc' dir='ltr'>πολλοὶ</span> <span class='ocrx_word' id='word_1_263' title='bbox 3126 1815 3285 1870; x_wconf 82' lang='grc' dir='ltr'>τοῦτο</span> <span class='ocrx_word' id='word_1_264' title='bbox 3343 1815 3723 1881; x_wconf 59' lang='grc' dir='ltr'>διασαφοῦσιν</span> 
     </span>
    </p>
   </div>
   <div class='ocr_carea' id='block_1_35' title="bbox 462 1906 2054 1994">
    <p class='ocr_par' dir='ltr' id='par_1_35' title="bbox 462 1923 2040 1994">
     <span class='ocr_line' id='line_1_35' title="bbox 462 1923 2040 1994; baseline 0.001 -19"><span class='ocrx_word' id='word_1_265' title='bbox 462 1931 655 1980; x_wconf 84' lang='lat' dir='ltr'><strong>verant</strong></span> <span class='ocrx_word' id='word_1_266' title='bbox 686 1943 701 1990; x_wconf 88' lang='lat'><strong>;</strong></span> <span class='ocrx_word' id='word_1_267' title='bbox 733 1925 827 1979; x_wconf 81' lang='lat' dir='ltr'><strong>sed</strong></span> <span class='ocrx_word' id='word_1_268' title='bbox 857 1927 922 1978; x_wconf 86' lang='lat' dir='ltr'><strong>ad</strong></span> <span class='ocrx_word' id='word_1_269' title='bbox 957 1926 1007 1979; x_wconf 87' lang='lat' dir='ltr'><strong>id</strong></span> <span class='ocrx_word' id='word_1_270' title='bbox 1034 1926 1402 1979; x_wconf 85' lang='lat' dir='ltr'><strong>roboralnlum</strong></span> <span class='ocrx_word' id='word_1_271' title='bbox 1433 1926 1570 1978; x_wconf 84' lang='lat' dir='ltr'><strong>satis</strong></span> <span class='ocrx_word' id='word_1_272' title='bbox 1603 1940 1874 1994; x_wconf 80' lang='lat' dir='ltr'><strong>superque</strong></span> <span class='ocrx_word' id='word_1_273' title='bbox 1905 1923 2040 1977; x_wconf 87' lang='lat' dir='ltr'><strong>mihi</strong></span> 
     </span>
    </p>
   </div>
   <div class='ocr_carea' id='block_1_36' title="bbox 2157 1906 3727 1994">
    <p class='ocr_par' dir='ltr' id='par_1_36' title="bbox 2157 1906 3727 1994">
     <span class='ocr_line' id='line_1_36' title="bbox 2157 1906 3727 1994; baseline -0.01 -27"><span class='ocrx_word' id='word_1_274' title='bbox 2157 1914 2260 1967; x_wconf 73' lang='grc' dir='ltr'><strong>5ιλλ⁵</strong></span> <span class='ocrx_word' id='word_1_275' title='bbox 2297 1914 2459 1986; x_wconf 78' lang='grc' dir='ltr'>ἀρκεῖ</span> <span class='ocrx_word' id='word_1_276' title='bbox 2491 1931 2590 1994; x_wconf 70' lang='grc' dir='ltr'>μοι</span> <span class='ocrx_word' id='word_1_277' title='bbox 2605 1912 2686 1975; x_wconf 82' lang='grc' dir='ltr'><strong>είς</strong></span> <span class='ocrx_word' id='word_1_278' title='bbox 2715 1910 2815 1982; x_wconf 82' lang='grc' dir='ltr'>τὴν</span> <span class='ocrx_word' id='word_1_279' title='bbox 2851 1909 3046 1963; x_wconf 81' lang='grc' dir='ltr'>τούτου</span> <span class='ocrx_word' id='word_1_280' title='bbox 3120 1909 3415 1979; x_wconf 78' lang='grc' dir='ltr'>βεϐαίωσιν</span> <span class='ocrx_word' id='word_1_281' title='bbox 3447 1906 3727 1967; x_wconf 79' lang='grc' dir='ltr'>Βασίλειος</span> 
     </span>
    </p>
   </div>
   <div class='ocr_carea' id='block_1_37' title="bbox 462 2015 2043 2079">
    <p class='ocr_par' dir='ltr' id='par_1_37' title="bbox 462 2015 2043 2079">
     <span class='ocr_line' id='line_1_37' title="bbox 462 2015 2043 2079; baseline 0.001 -12"><span class='ocrx_word' id='word_1_282' title='bbox 462 2015 664 2071; x_wconf 81' lang='lat' dir='ltr'><strong>fuerint</strong></span> <span class='ocrx_word' id='word_1_283' title='bbox 701 2025 755 2070; x_wconf 91' lang='lat' dir='ltr'><strong>et</strong></span> <span class='ocrx_word' id='word_1_284' title='bbox 782 2016 1014 2071; x_wconf 81' lang='lat' dir='ltr'><strong>Basilius</strong></span> <span class='ocrx_word' id='word_1_285' title='bbox 1044 2027 1097 2071; x_wconf 90' lang='lat' dir='ltr'><strong>et</strong></span> <span class='ocrx_word' id='word_1_286' title='bbox 1131 2015 1421 2079; x_wconf 75' lang='lat' dir='ltr'><strong>Maximus,</strong></span> <span class='ocrx_word' id='word_1_287' title='bbox 1471 2017 1729 2072; x_wconf 69' lang='lat' dir='ltr'><strong>Ecclesia:</strong></span> <span class='ocrx_word' id='word_1_288' title='bbox 1758 2016 1962 2070; x_wconf 86' lang='lat' dir='ltr'><strong>lumina</strong></span> <span class='ocrx_word' id='word_1_289' title='bbox 1989 2023 2043 2069; x_wconf 88' lang='lat' dir='ltr'><strong>et</strong></span> 
     </span>
    </p>
   </div>
   <div class='ocr_carea' id='block_1_38' title="bbox 460 2107 2041 2176">
    <p class='ocr_par' dir='ltr' id='par_1_38' title="bbox 460 2107 2041 2176">
     <span class='ocr_line' id='line_1_38' title="bbox 460 2107 2041 2176; baseline -0.001 -16"><span class='ocrx_word' id='word_1_290' title='bbox 460 2108 736 2161; x_wconf 82' lang='lat' dir='ltr'><strong>doctores.</strong></span> <span class='ocrx_word' id='word_1_291' title='bbox 797 2107 892 2161; x_wconf 88' lang='lat' dir='ltr'><strong>Ille</strong></span> <span class='ocrx_word' id='word_1_292' title='bbox 960 2108 1129 2172; x_wconf 89' lang='lat' dir='ltr'><strong>enim,</strong></span> <span class='ocrx_word' id='word_1_293' title='bbox 1158 2107 1224 2162; x_wconf 89' lang='lat' dir='ltr'><strong>ad</strong></span> <span class='ocrx_word' id='word_1_294' title='bbox 1284 2107 1661 2176; x_wconf 87' lang='lat' dir='ltr'><strong>Patrophilum</strong></span> <span class='ocrx_word' id='word_1_295' title='bbox 1723 2108 2041 2176; x_wconf 87' lang='lat' dir='ltr'><strong>episcopum</strong></span> 
     </span>
    </p>
   </div>
   <div class='ocr_carea' id='block_1_39' title="bbox 461 2192 2042 2268">
    <p class='ocr_par' dir='ltr' id='par_1_39' title="bbox 461 2192 2042 2268">
     <span class='ocr_line' id='line_1_39' title="bbox 461 2192 2042 2268; baseline 0.003 -21"><span class='ocrx_word' id='word_1_296' title='bbox 461 2192 736 2264; x_wconf 84' lang='lat' dir='ltr'><strong>epistola,</strong></span> <span class='ocrx_word' id='word_1_297' title='bbox 803 2194 960 2264; x_wconf 89' lang='lat' dir='ltr'><strong>cujus</strong></span> <span class='ocrx_word' id='word_1_298' title='bbox 1017 2196 1341 2266; x_wconf 88' lang='lat' dir='ltr'><strong>principium</strong></span> <span class='ocrx_word' id='word_1_299' title='bbox 1377 2237 1394 2264; x_wconf 93' lang='lat'><strong>,</strong></span> <span class='ocrx_word' id='word_1_300' title='bbox 1459 2195 1582 2268; x_wconf 78' lang='lat' dir='ltr'><strong>Legi</strong></span> <span class='ocrx_word' id='word_1_301' title='bbox 1635 2197 1841 2252; x_wconf 88' lang='lat' dir='ltr'><strong>litteras</strong></span> <span class='ocrx_word' id='word_1_302' title='bbox 1897 2205 2042 2260; x_wconf 87' lang='lat' dir='ltr'><strong>tuas,</strong></span> 
     </span>
    </p>
   </div>
   <div class='ocr_carea' id='block_1_40' title="bbox 466 2284 2046 2363">
    <p class='ocr_par' dir='ltr' id='par_1_40' title="bbox 466 2284 2046 2363">
     <span class='ocr_line' id='line_1_40' title="bbox 466 2284 2046 2363; baseline 0.003 -28"><span class='ocrx_word' id='word_1_303' title='bbox 466 2294 589 2350; x_wconf 84' lang='lat' dir='ltr'><strong>post</strong></span> <span class='ocrx_word' id='word_1_304' title='bbox 625 2284 795 2339; x_wconf 86' lang='lat' dir='ltr'><strong>multa</strong></span> <span class='ocrx_word' id='word_1_305' title='bbox 828 2304 841 2338; x_wconf 86' lang='lat'><strong>:</strong></span> <span class='ocrx_word' id='word_1_306' title='bbox 877 2305 896 2337; x_wconf 81' lang='grc' dir='ltr'><strong>ι</strong></span> <span class='ocrx_word' id='word_1_307' title='bbox 941 2286 1009 2340; x_wconf 70' lang='lat' dir='ltr'><strong>[Et</strong></span> <span class='ocrx_word' id='word_1_308' title='bbox 1037 2288 1160 2354; x_wconf 75' lang='lat' dir='ltr'><strong>quae</strong></span> <span class='ocrx_word' id='word_1_309' title='bbox 1191 2288 1398 2341; x_wconf 85' lang='lat' dir='ltr'><strong>interea</strong></span> <span class='ocrx_word' id='word_1_310' title='bbox 1433 2289 1693 2363; x_wconf 86' lang='lat' dir='ltr'><strong>temporis</strong></span> <span class='ocrx_word' id='word_1_311' title='bbox 1733 2297 1880 2358; x_wconf 83' lang='lat' dir='ltr'><strong>gesta</strong></span> <span class='ocrx_word' id='word_1_312' title='bbox 1917 2293 2046 2343; x_wconf 87' lang='lat' dir='ltr'><strong>sunt</strong></span> 
     </span>
    </p>
   </div>
   <div class='ocr_carea' id='block_1_41' title="bbox 465 2372 2049 2461">
    <p class='ocr_par' dir='ltr' id='par_1_41' title="bbox 465 2372 2049 2461">
     <span class='ocr_line' id='line_1_41' title="bbox 465 2372 2049 2461; baseline 0.004 -33"><span class='ocrx_word' id='word_1_313' title='bbox 465 2377 535 2428; x_wconf 88' lang='lat' dir='ltr'><strong>ab</strong></span> <span class='ocrx_word' id='word_1_314' title='bbox 563 2376 691 2436; x_wconf 88' lang='lat' dir='ltr'><strong>illis,</strong></span> <span class='ocrx_word' id='word_1_315' title='bbox 725 2378 999 2440; x_wconf 84' lang='lat' dir='ltr'><strong>omittam,</strong></span> <span class='ocrx_word' id='word_1_316' title='bbox 1041 2380 1256 2448; x_wconf 88' lang='lat' dir='ltr'><strong>quoties</strong></span> <span class='ocrx_word' id='word_1_317' title='bbox 1291 2379 1450 2444; x_wconf 76' lang='lat' dir='ltr'><strong>ﬁdem</strong></span> <span class='ocrx_word' id='word_1_318' title='bbox 1500 2372 1820 2450; x_wconf 81' lang='lat' dir='ltr'><strong>exponendo</strong></span> <span class='ocrx_word' id='word_1_319' title='bbox 1879 2395 2049 2461; x_wconf 53' lang='lat' dir='ltr'><strong>nova-</strong></span> 
     </span>
    </p>
   </div>
   <div class='ocr_carea' id='block_1_42' title="bbox 467 2469 2046 2538">
    <p class='ocr_par' dir='ltr' id='par_1_42' title="bbox 467 2469 2046 2538">
     <span class='ocr_line' id='line_1_42' title="bbox 467 2469 2046 2538; baseline 0.003 -18"><span class='ocrx_word' id='word_1_320' title='bbox 467 2469 635 2521; x_wconf 88' lang='lat' dir='ltr'><strong>runt?</strong></span> <span class='ocrx_word' id='word_1_321' title='bbox 678 2471 909 2537; x_wconf 77' lang='lat' dir='ltr'><strong>Ancyrae</strong></span> <span class='ocrx_word' id='word_1_322' title='bbox 964 2470 1236 2525; x_wconf 77' lang='lat' dir='ltr'><strong>dederunt</strong></span> <span class='ocrx_word' id='word_1_323' title='bbox 1291 2472 1477 2534; x_wconf 88' lang='lat' dir='ltr'><strong>aliam,</strong></span> <span class='ocrx_word' id='word_1_324' title='bbox 1539 2471 1805 2526; x_wconf 72' lang='lat' dir='ltr'><strong>Seleuciae</strong></span> <span class='ocrx_word' id='word_1_325' title='bbox 1861 2473 2046 2538; x_wconf 86' lang='lat' dir='ltr'><strong>aliam,</strong></span> 
     </span>
    </p>
   </div>
   <div class='ocr_carea' id='block_1_43' title="bbox 465 2557 2046 2632">
    <p class='ocr_par' dir='ltr' id='par_1_43' title="bbox 465 2557 2046 2632">
     <span class='ocr_line' id='line_1_43' title="bbox 465 2557 2046 2632; baseline 0.004 -20"><span class='ocrx_word' id='word_1_326' title='bbox 465 2557 625 2614; x_wconf 85' lang='lat' dir='ltr'><strong>aliam</strong></span> <span class='ocrx_word' id='word_1_327' title='bbox 666 2558 1138 2631; x_wconf 77' lang='lat' dir='ltr'><strong>Constantinopoli</strong></span> <span class='ocrx_word' id='word_1_328' title='bbox 1175 2561 1507 2632; x_wconf 77' lang='lat' dir='ltr'><strong>divulgatam</strong></span> <span class='ocrx_word' id='word_1_329' title='bbox 1549 2562 1697 2617; x_wconf 86' lang='lat' dir='ltr'><strong>illam</strong></span> <span class='ocrx_word' id='word_1_330' title='bbox 1725 2603 1741 2627; x_wconf 88' lang='lat'><strong>,</strong></span> <span class='ocrx_word' id='word_1_331' title='bbox 1775 2572 1830 2617; x_wconf 77' lang='lat' dir='ltr'><strong>et</strong></span> <span class='ocrx_word' id='word_1_332' title='bbox 1884 2565 2046 2618; x_wconf 90' lang='lat' dir='ltr'><strong>aliam</strong></span> 
     </span>
    </p>
   </div>
   <div class='ocr_carea' id='block_1_44' title="bbox 466 2647 2049 2723">
    <p class='ocr_par' dir='ltr' id='par_1_44' title="bbox 466 2647 2049 2723">
     <span class='ocr_line' id='line_1_44' title="bbox 466 2647 2049 2723; baseline 0.001 -17"><span class='ocrx_word' id='word_1_333' title='bbox 466 2650 756 2720; x_wconf 88' lang='lat' dir='ltr'><strong>Lampsaci</strong></span> <span class='ocrx_word' id='word_1_334' title='bbox 791 2668 806 2714; x_wconf 88' lang='lat'><strong>;</strong></span> <span class='ocrx_word' id='word_1_335' title='bbox 852 2662 1038 2722; x_wconf 90' lang='lat' dir='ltr'><strong>postea</strong></span> <span class='ocrx_word' id='word_1_336' title='bbox 1071 2663 1126 2706; x_wconf 90' lang='lat' dir='ltr'><strong>et</strong></span> <span class='ocrx_word' id='word_1_337' title='bbox 1155 2669 1316 2723; x_wconf 86' lang='lat' dir='ltr'><strong>quam</strong></span> <span class='ocrx_word' id='word_1_338' title='bbox 1338 2647 1641 2715; x_wconf 79' lang='lat' dir='ltr'><strong>dederunt</strong></span> <span class='ocrx_word' id='word_1_339' title='bbox 1663 2653 1807 2716; x_wconf 79' lang='lat' dir='ltr'><strong>Nieae</strong></span> <span class='ocrx_word' id='word_1_340' title='bbox 1873 2653 2049 2708; x_wconf 82' lang='lat' dir='ltr'><strong>Thra-</strong></span> 
     </span>
    </p>
   </div>
   <div class='ocr_carea' id='block_1_45' title="bbox 463 2741 2048 2818">
    <p class='ocr_par' dir='ltr' id='par_1_45' title="bbox 463 2741 2048 2818">
     <span class='ocr_line' id='line_1_45' title="bbox 463 2741 2048 2818; baseline 0.002 -22"><span class='ocrx_word' id='word_1_341' title='bbox 463 2741 674 2807; x_wconf 67' lang='lat' dir='ltr'><strong>cia&#39;,-et</strong></span> <span class='ocrx_word' id='word_1_342' title='bbox 700 2741 813 2811; x_wconf 87' lang='lat' dir='ltr'><strong>jam</strong></span> <span class='ocrx_word' id='word_1_343' title='bbox 847 2759 994 2798; x_wconf 89' lang='lat' dir='ltr'><strong>nunc</strong></span> <span class='ocrx_word' id='word_1_344' title='bbox 1015 2759 1204 2799; x_wconf 86' lang='lat' dir='ltr'><strong>rursus</strong></span> <span class='ocrx_word' id='word_1_345' title='bbox 1228 2745 1390 2798; x_wconf 85' lang='lat' dir='ltr'><strong>aliam</strong></span> <span class='ocrx_word' id='word_1_346' title='bbox 1419 2745 1627 2818; x_wconf 85' lang='lat' dir='ltr'><strong>Cyzici,</strong></span> <span class='ocrx_word' id='word_1_347' title='bbox 1655 2746 1723 2801; x_wconf 88' lang='lat' dir='ltr'><strong>de</strong></span> <span class='ocrx_word' id='word_1_348' title='bbox 1756 2760 1862 2812; x_wconf 87' lang='lat' dir='ltr'><strong>qua</strong></span> <span class='ocrx_word' id='word_1_349' title='bbox 1891 2756 1950 2802; x_wconf 88' lang='lat' dir='ltr'><strong>et</strong></span> <span class='ocrx_word' id='word_1_350' title='bbox 2003 2746 2048 2801; x_wconf 85' lang='lat' dir='ltr'><strong>si</strong></span> 
     </span>
    </p>
   </div>
   <div class='ocr_carea' id='block_1_46' title="bbox 467 2832 2051 2908">
    <p class='ocr_par' dir='ltr' id='par_1_46' title="bbox 467 2832 2051 2908">
     <span class='ocr_line' id='line_1_46' title="bbox 467 2832 2051 2908; baseline 0.004 -22"><span class='ocrx_word' id='word_1_351' title='bbox 467 2832 678 2903; x_wconf 84' lang='lat' dir='ltr'><strong>reliqua</strong></span> <span class='ocrx_word' id='word_1_352' title='bbox 730 2834 943 2905; x_wconf 79' lang='lat' dir='ltr'><strong>ignoro,</strong></span> <span class='ocrx_word' id='word_1_353' title='bbox 1005 2836 1109 2890; x_wconf 89' lang='lat' dir='ltr'><strong>hoc</strong></span> <span class='ocrx_word' id='word_1_354' title='bbox 1171 2844 1353 2892; x_wconf 88' lang='lat' dir='ltr'><strong>tamen</strong></span> <span class='ocrx_word' id='word_1_355' title='bbox 1413 2837 1602 2903; x_wconf 89' lang='lat' dir='ltr'><strong>audio,</strong></span> <span class='ocrx_word' id='word_1_356' title='bbox 1632 2838 1776 2908; x_wconf 86' lang='lat' dir='ltr'><strong>quod</strong></span> <span class='ocrx_word' id='word_1_357' title='bbox 1828 2838 2051 2894; x_wconf 87' lang='lat' dir='ltr'><strong>silentio</strong></span> 
     </span>
    </p>
   </div>
   <div class='ocr_carea' id='block_1_47' title="bbox 467 2925 2052 2996">
    <p class='ocr_par' dir='ltr' id='par_1_47' title="bbox 467 2925 2052 2996">
     <span class='ocr_line' id='line_1_47' title="bbox 467 2925 2052 2996; baseline 0.006 -22"><span class='ocrx_word' id='word_1_358' title='bbox 467 2925 674 2979; x_wconf 73' lang='lat' dir='ltr'><strong>ninissa</strong></span> <span class='ocrx_word' id='word_1_359' title='bbox 722 2927 1205 2985; x_wconf 85' lang='lat' dir='ltr'><strong>consubstantialis</strong></span> <span class='ocrx_word' id='word_1_360' title='bbox 1261 2929 1660 2996; x_wconf 76' lang='lat' dir='ltr'><strong>confesssione,</strong></span> <span class='ocrx_word' id='word_1_361' title='bbox 1692 2930 1754 2983; x_wconf 81' lang='grc' dir='ltr'><strong>τὸ</strong></span> <span class='ocrx_word' id='word_1_362' title='bbox 1811 2931 1932 2984; x_wconf 83' lang='grc' dir='ltr'>κατ’</span> <span class='ocrx_word' id='word_1_363' title='bbox 1958 2930 2052 2983; x_wconf 80' lang='grc' dir='ltr'><strong>οὗ-</strong></span> 
     </span>
    </p>
   </div>
   <div class='ocr_carea' id='block_1_48' title="bbox 469 3005 2050 3091">
    <p class='ocr_par' dir='ltr' id='par_1_48' title="bbox 469 3005 2050 3091">
     <span class='ocr_line' id='line_1_48' title="bbox 469 3005 2050 3091; baseline 0.006 -25"><span class='ocrx_word' id='word_1_364' title='bbox 469 3009 594 3067; x_wconf 67' lang='lat' dir='ltr'><strong>dictv</strong></span> <span class='ocrx_word' id='word_1_365' title='bbox 624 3015 834 3085; x_wconf 82' lang='grc' dir='ltr'>ὅμοιον,</span> <span class='ocrx_word' id='word_1_366' title='bbox 893 3017 1195 3072; x_wconf 88' lang='lat' dir='ltr'><strong>secundum</strong></span> <span class='ocrx_word' id='word_1_367' title='bbox 1252 3019 1548 3075; x_wconf 85' lang='lat' dir='ltr'><strong>essentiam</strong></span> <span class='ocrx_word' id='word_1_368' title='bbox 1616 3005 1811 3091; x_wconf 85' lang='lat' dir='ltr'><strong>nempe</strong></span> <span class='ocrx_word' id='word_1_369' title='bbox 1850 3021 2050 3088; x_wconf 88' lang='lat' dir='ltr'><strong>simile,</strong></span> 
     </span>
    </p>
   </div>
   <div class='ocr_carea' id='block_1_49' title="bbox 465 3088 2123 3182">
    <p class='ocr_par' dir='ltr' id='par_1_49' title="bbox 465 3088 2123 3182">
     <span class='ocr_line' id='line_1_49' title="bbox 465 3088 2123 3182; baseline 0.007 -22"><span class='ocrx_word' id='word_1_370' title='bbox 465 3107 580 3179; x_wconf 88' lang='lat' dir='ltr'><strong>jam</strong></span> <span class='ocrx_word' id='word_1_371' title='bbox 606 3107 1018 3165; x_wconf 80' lang='lat' dir='ltr'><strong>circumferunt.</strong></span> <span class='ocrx_word' id='word_1_372' title='bbox 1064 3129 1083 3161; x_wconf 73' lang='grc' dir='ltr'><strong>ι</strong></span> <span class='ocrx_word' id='word_1_373' title='bbox 1138 3110 1366 3168; x_wconf 80' lang='lat' dir='ltr'><strong>Divinus</strong></span> <span class='ocrx_word' id='word_1_374' title='bbox 1397 3127 1615 3182; x_wconf 88' lang='lat' dir='ltr'><strong>quoque</strong></span> <span class='ocrx_word' id='word_1_375' title='bbox 1654 3088 2050 3170; x_wconf 56' lang='lat' dir='ltr'><strong>llasimusbec</strong></span> <span class='ocrx_word' id='word_1_376' title='bbox 2078 3088 2123 3146; x_wconf 62' lang='grc' dir='ltr'><strong>δ</strong></span> 
     </span>
    </p>
   </div>
   <div class='ocr_carea' id='block_1_50' title="bbox 471 3201 2052 3278">
    <p class='ocr_par' dir='ltr' id='par_1_50' title="bbox 471 3201 2052 3278">
     <span class='ocr_line' id='line_1_50' title="bbox 471 3201 2052 3278; baseline 0.007 -24"><span class='ocrx_word' id='word_1_377' title='bbox 471 3201 678 3273; x_wconf 84' lang='lat' dir='ltr'><strong>habet:</strong></span> <span class='ocrx_word' id='word_1_378' title='bbox 719 3220 738 3254; x_wconf 76' lang='grc' dir='ltr'><strong>ι</strong></span> <span class='ocrx_word' id='word_1_379' title='bbox 782 3203 838 3259; x_wconf 86' lang='lat' dir='ltr'><strong>Si</strong></span> <span class='ocrx_word' id='word_1_380' title='bbox 877 3204 1052 3259; x_wconf 80' lang='lat' dir='ltr'><strong>laetas</strong></span> <span class='ocrx_word' id='word_1_381' title='bbox 1077 3203 1321 3277; x_wconf 86' lang='lat' dir='ltr'><strong>synodos</strong></span> <span class='ocrx_word' id='word_1_382' title='bbox 1346 3206 1741 3278; x_wconf 88' lang='lat' dir='ltr'><strong>imperatorum</strong></span> <span class='ocrx_word' id='word_1_383' title='bbox 1790 3209 2052 3265; x_wconf 81' lang='lat' dir='ltr'><strong>mandata</strong></span> 
     </span>
    </p>
   </div>
   <div class='ocr_carea' id='block_1_51' title="bbox 470 3292 2053 3379">
    <p class='ocr_par' dir='ltr' id='par_1_51' title="bbox 470 3292 2053 3379">
     <span class='ocr_line' id='line_1_51' title="bbox 470 3292 2053 3379; baseline 0.007 -31"><span class='ocrx_word' id='word_1_384' title='bbox 470 3292 804 3351; x_wconf 76' lang='lat' dir='ltr'><strong>conﬁrmant</strong></span> <span class='ocrx_word' id='word_1_385' title='bbox 849 3303 904 3350; x_wconf 91' lang='lat' dir='ltr'><strong>et</strong></span> <span class='ocrx_word' id='word_1_386' title='bbox 957 3313 1066 3351; x_wconf 90' lang='lat' dir='ltr'><strong>non</strong></span> <span class='ocrx_word' id='word_1_387' title='bbox 1101 3297 1188 3367; x_wconf 90' lang='lat' dir='ltr'><strong>pia</strong></span> <span class='ocrx_word' id='word_1_388' title='bbox 1237 3299 1392 3379; x_wconf 77' lang='lat' dir='ltr'><strong>lldes,</strong></span> <span class='ocrx_word' id='word_1_389' title='bbox 1453 3303 1813 3372; x_wconf 85' lang='lat' dir='ltr'><strong>aeceptabunt</strong></span> <span class='ocrx_word' id='word_1_390' title='bbox 1842 3303 2053 3377; x_wconf 82' lang='lat' dir='ltr'><strong>utique</strong></span> 
     </span>
    </p>
   </div>
   <div class='ocr_carea' id='block_1_52' title="bbox 349 3386 2053 3465">
    <p class='ocr_par' dir='ltr' id='par_1_52' title="bbox 349 3386 2053 3465">
     <span class='ocr_line' id='line_1_52' title="bbox 349 3386 2053 3465; baseline 0.008 -27"><span class='ocrx_word' id='word_1_391' title='bbox 349 3407 369 3423; x_wconf 67' lang='grc' dir='ltr'>ν</span> <span class='ocrx_word' id='word_1_392' title='bbox 471 3386 740 3441; x_wconf 85' lang='lat' dir='ltr'><strong>adversus</strong></span> <span class='ocrx_word' id='word_1_393' title='bbox 808 3386 1136 3443; x_wconf 84' lang='lat' dir='ltr'><strong>homousion</strong></span> <span class='ocrx_word' id='word_1_394' title='bbox 1191 3391 1497 3448; x_wconf 86' lang='lat' dir='ltr'><strong>celebratas</strong></span> <span class='ocrx_word' id='word_1_395' title='bbox 1541 3394 1803 3464; x_wconf 86' lang='lat' dir='ltr'><strong>synodos,</strong></span> <span class='ocrx_word' id='word_1_396' title='bbox 1836 3397 2053 3465; x_wconf 86' lang='lat' dir='ltr'><strong>quando</strong></span> 
     </span>
    </p>
   </div>
   <div class='ocr_carea' id='block_1_53' title="bbox 468 3478 2050 3554">
    <p class='ocr_par' dir='ltr' id='par_1_53' title="bbox 468 3478 2050 3554">
     <span class='ocr_line' id='line_1_53' title="bbox 468 3478 2050 3554; baseline 0.009 -23"><span class='ocrx_word' id='word_1_397' title='bbox 468 3479 578 3546; x_wconf 86' lang='lat' dir='ltr'><strong>jam</strong></span> <span class='ocrx_word' id='word_1_398' title='bbox 616 3478 720 3533; x_wconf 77' lang='lat' dir='ltr'><strong>illa:</strong></span> <span class='ocrx_word' id='word_1_399' title='bbox 770 3479 1025 3550; x_wconf 87' lang='lat' dir='ltr'><strong>jussibus</strong></span> <span class='ocrx_word' id='word_1_400' title='bbox 1099 3483 1502 3554; x_wconf 88' lang='lat' dir='ltr'><strong>imperatorum</strong></span> <span class='ocrx_word' id='word_1_401' title='bbox 1559 3488 1849 3543; x_wconf 76' lang='lat' dir='ltr'><strong>celebrata:</strong></span> <span class='ocrx_word' id='word_1_402' title='bbox 1902 3498 2050 3554; x_wconf 87' lang='lat' dir='ltr'><strong>sunt,</strong></span> 
     </span>
    </p>
   </div>
   <div class='ocr_carea' id='block_1_54' title="bbox 371 3569 2051 3646">
    <p class='ocr_par' dir='ltr' id='par_1_54' title="bbox 371 3569 2051 3646">
     <span class='ocr_line' id='line_1_54' title="bbox 371 3569 2051 3646; baseline 0.008 -22"><span class='ocrx_word' id='word_1_403' title='bbox 371 3569 375 3572; x_wconf 30' lang='grc' dir='ltr'>λ</span> <span class='ocrx_word' id='word_1_404' title='bbox 474 3587 668 3641; x_wconf 84' lang='lat' dir='ltr'><strong>nempe</strong></span> <span class='ocrx_word' id='word_1_405' title='bbox 696 3573 925 3642; x_wconf 87' lang='lat' dir='ltr'><strong>primam</strong></span> <span class='ocrx_word' id='word_1_406' title='bbox 948 3573 1101 3646; x_wconf 85' lang='lat' dir='ltr'><strong>Tyri,</strong></span> <span class='ocrx_word' id='word_1_407' title='bbox 1133 3579 1432 3633; x_wconf 89' lang='lat' dir='ltr'><strong>secundam</strong></span> <span class='ocrx_word' id='word_1_408' title='bbox 1461 3581 1787 3645; x_wconf 68' lang='lat' dir='ltr'><strong>Antiochiae,</strong></span> <span class='ocrx_word' id='word_1_409' title='bbox 1833 3583 2051 3638; x_wconf 88' lang='lat' dir='ltr'><strong>tertiam</strong></span> 
     </span>
    </p>
   </div>
   <div class='ocr_carea' id='block_1_55' title="bbox 475 3663 2051 3742">
    <p class='ocr_par' dir='ltr' id='par_1_55' title="bbox 475 3663 2051 3742">
     <span class='ocr_line' id='line_1_55' title="bbox 475 3663 2051 3742; baseline 0.007 -23"><span class='ocrx_word' id='word_1_410' title='bbox 475 3664 754 3733; x_wconf 67' lang='lat' dir='ltr'><strong>Seleuciae,</strong></span> <span class='ocrx_word' id='word_1_411' title='bbox 791 3675 1043 3737; x_wconf 73' lang='lat' dir='ltr'><strong>quartam</strong></span> <span class='ocrx_word' id='word_1_412' title='bbox 1113 3668 1357 3742; x_wconf 85' lang='lat' dir='ltr'><strong>Byzantii</strong></span> <span class='ocrx_word' id='word_1_413' title='bbox 1410 3673 1509 3726; x_wconf 89' lang='lat' dir='ltr'><strong>sub</strong></span> <span class='ocrx_word' id='word_1_414' title='bbox 1555 3663 1770 3729; x_wconf 79' lang='lat' dir='ltr'><strong>Adoxio</strong></span> <span class='ocrx_word' id='word_1_415' title='bbox 1827 3675 2051 3740; x_wconf 88' lang='lat' dir='ltr'><strong>Ariano,</strong></span> 
     </span>
    </p>
   </div>
   <div class='ocr_carea' id='block_1_56' title="bbox 474 3758 2057 3839">
    <p class='ocr_par' dir='ltr' id='par_1_56' title="bbox 474 3758 2057 3839">
     <span class='ocr_line' id='line_1_56' title="bbox 474 3758 2057 3839; baseline 0.008 -30"><span class='ocrx_word' id='word_1_416' title='bbox 474 3758 723 3827; x_wconf 80' lang='lat' dir='ltr'><strong>quintam</strong></span> <span class='ocrx_word' id='word_1_417' title='bbox 750 3758 896 3816; x_wconf 68' lang='lat' dir='ltr'><strong>Nicaa</strong></span> <span class='ocrx_word' id='word_1_418' title='bbox 920 3760 974 3815; x_wconf 84' lang='lat' dir='ltr'><strong>in</strong></span> <span class='ocrx_word' id='word_1_419' title='bbox 996 3761 1249 3830; x_wconf 84' lang='lat' dir='ltr'><strong>Thracia,</strong></span> <span class='ocrx_word' id='word_1_420' title='bbox 1281 3775 1489 3820; x_wconf 77' lang='lat' dir='ltr'><strong>sextam</strong></span> <span class='ocrx_word' id='word_1_421' title='bbox 1520 3764 1706 3821; x_wconf 87' lang='lat' dir='ltr'><strong>Sirmii</strong></span> <span class='ocrx_word' id='word_1_422' title='bbox 1739 3783 1752 3820; x_wconf 92' lang='lat'><strong>:</strong></span> <span class='ocrx_word' id='word_1_423' title='bbox 1783 3774 1836 3823; x_wconf 88' lang='lat' dir='ltr'><strong>et</strong></span> <span class='ocrx_word' id='word_1_424' title='bbox 1860 3779 2057 3839; x_wconf 66' lang='lat' dir='ltr'><strong>praeter</strong></span> 
     </span>
    </p>
   </div>
   <div class='ocr_carea' id='block_1_57' title="bbox 478 3849 2053 3927">
    <p class='ocr_par' dir='ltr' id='par_1_57' title="bbox 478 3849 2053 3927">
     <span class='ocr_line' id='line_1_57' title="bbox 478 3849 2053 3927; baseline 0.008 -25"><span class='ocrx_word' id='word_1_425' title='bbox 478 3853 575 3905; x_wconf 87' lang='lat' dir='ltr'><strong>has</strong></span> <span class='ocrx_word' id='word_1_426' title='bbox 598 3849 802 3906; x_wconf 81' lang='lat' dir='ltr'><strong>inultos</strong></span> <span class='ocrx_word' id='word_1_427' title='bbox 827 3861 1146 3921; x_wconf 80' lang='lat' dir='ltr'><strong>postannos</strong></span> <span class='ocrx_word' id='word_1_428' title='bbox 1168 3855 1457 3924; x_wconf 87' lang='lat' dir='ltr'><strong>septimam</strong></span> <span class='ocrx_word' id='word_1_429' title='bbox 1502 3855 1705 3927; x_wconf 86' lang='lat' dir='ltr'><strong>Ephesi</strong></span> <span class='ocrx_word' id='word_1_430' title='bbox 1751 3859 2053 3914; x_wconf 88' lang='lat' dir='ltr'><strong>secundum</strong></span> 
     </span>
    </p>
   </div>
   <div class='ocr_carea' id='block_1_58' title="bbox 402 3941 2053 4020">
    <p class='ocr_par' dir='ltr' id='par_1_58' title="bbox 402 3941 2053 4020">
     <span class='ocr_line' id='line_1_58' title="bbox 402 3941 2053 4020; baseline 0.007 -27"><span class='ocrx_word' id='word_1_431' title='bbox 402 3965 410 3970; x_wconf 90' lang='lat'><strong><em>-</em></strong></span> <span class='ocrx_word' id='word_1_432' title='bbox 473 3944 850 4004; x_wconf 84' lang='lat' dir='ltr'><strong>coactam,cui</strong></span> <span class='ocrx_word' id='word_1_433' title='bbox 886 3941 1180 4020; x_wconf 80' lang='lat' dir='ltr'><strong>Dioscorus</strong></span> <span class='ocrx_word' id='word_1_434' title='bbox 1205 3954 1455 4014; x_wconf 69' lang='lat' dir='ltr'><strong>praeerat.</strong></span> <span class='ocrx_word' id='word_1_435' title='bbox 1508 3967 1526 4000; x_wconf 67' lang='grc' dir='ltr'>ι</span> <span class='ocrx_word' id='word_1_436' title='bbox 1565 3948 1777 4016; x_wconf 85' lang='lat' dir='ltr'><strong>Quibus</strong></span> <span class='ocrx_word' id='word_1_437' title='bbox 1801 3960 2053 4020; x_wconf 87' lang='lat' dir='ltr'><strong>apertum</strong></span> 
     </span>
    </p>
   </div>
   <div class='ocr_carea' id='block_1_59' title="bbox 476 4035 2054 4112">
    <p class='ocr_par' dir='ltr' id='par_1_59' title="bbox 476 4035 2054 4112">
     <span class='ocr_line' id='line_1_59' title="bbox 476 4035 2054 4112; baseline 0.01 -29"><span class='ocrx_word' id='word_1_438' title='bbox 476 4041 724 4086; x_wconf 84' lang='lat' dir='ltr'><strong>remanet</strong></span> <span class='ocrx_word' id='word_1_439' title='bbox 779 4035 1054 4091; x_wconf 80' lang='lat' dir='ltr'><strong>ltomousii</strong></span> <span class='ocrx_word' id='word_1_440' title='bbox 1089 4037 1261 4108; x_wconf 71' lang='lat' dir='ltr'><strong>gratia</strong></span> <span class='ocrx_word' id='word_1_441' title='bbox 1301 4055 1610 4097; x_wconf 88' lang='lat' dir='ltr'><strong>sermonem</strong></span> <span class='ocrx_word' id='word_1_442' title='bbox 1660 4043 1733 4097; x_wconf 88' lang='lat' dir='ltr'><strong>ita</strong></span> <span class='ocrx_word' id='word_1_443' title='bbox 1787 4044 2054 4112; x_wconf 77' lang='lat' dir='ltr'><strong>digestum</strong></span> 
     </span>
    </p>
   </div>
   <div class='ocr_carea' id='block_1_60' title="bbox 477 4121 2056 4196">
    <p class='ocr_par' dir='ltr' id='par_1_60' title="bbox 477 4121 2056 4196">
     <span class='ocr_line' id='line_1_60' title="bbox 477 4121 2056 4196; baseline 0.011 -22"><span class='ocrx_word' id='word_1_444' title='bbox 477 4122 669 4186; x_wconf 75' lang='lat' dir='ltr'><strong>fuisse.</strong></span> <span class='ocrx_word' id='word_1_445' title='bbox 698 4121 1105 4196; x_wconf 75' lang='lat' dir='ltr'><strong>Propt’ereaque</strong></span> <span class='ocrx_word' id='word_1_446' title='bbox 1162 4138 1217 4185; x_wconf 89' lang='lat' dir='ltr'><strong>et</strong></span> <span class='ocrx_word' id='word_1_447' title='bbox 1266 4131 1603 4189; x_wconf 87' lang='lat' dir='ltr'><strong>Athanasius</strong></span> <span class='ocrx_word' id='word_1_448' title='bbox 1637 4143 1690 4196; x_wconf 87' lang='lat' dir='ltr'><strong>et</strong></span> <span class='ocrx_word' id='word_1_449' title='bbox 1723 4132 1956 4191; x_wconf 77' lang='lat' dir='ltr'><strong>Basilius</strong></span> <span class='ocrx_word' id='word_1_450' title='bbox 2002 4145 2056 4192; x_wconf 88' lang='lat' dir='ltr'><strong>et</strong></span> 
     </span>
    </p>
   </div>
   <div class='ocr_carea' id='block_1_61' title="bbox 357 4214 2057 4306">
    <p class='ocr_par' dir='ltr' id='par_1_61' title="bbox 357 4214 2057 4306">
     <span class='ocr_line' id='line_1_61' title="bbox 357 4214 2057 4306; baseline 0.011 -39"><span class='ocrx_word' id='word_1_451' title='bbox 357 4229 367 4237; x_wconf 94' lang='grc'><strong>·</strong></span> <span class='ocrx_word' id='word_1_452' title='bbox 475 4214 734 4286; x_wconf 86' lang='lat' dir='ltr'><strong>Cyrillus,</strong></span> <span class='ocrx_word' id='word_1_453' title='bbox 824 4216 1084 4275; x_wconf 82' lang='lat' dir='ltr'><strong>Ecclesiae</strong></span> <span class='ocrx_word' id='word_1_454' title='bbox 1148 4222 1462 4306; x_wconf 82' lang='lat' dir='ltr'><strong>ﬁrmissima</strong></span> <span class='ocrx_word' id='word_1_455' title='bbox 1528 4226 1911 4296; x_wconf 80' lang='lat' dir='ltr'><strong>fundamenta,</strong></span> <span class='ocrx_word' id='word_1_456' title='bbox 1954 4229 2057 4286; x_wconf 87' lang='lat' dir='ltr'><strong>hoc</strong></span> 
     </span>
    </p>
   </div>
   <div class='ocr_carea' id='block_1_62' title="bbox 477 4310 2055 4390">
    <p class='ocr_par' dir='ltr' id='par_1_62' title="bbox 477 4310 2055 4390">
     <span class='ocr_line' id='line_1_62' title="bbox 477 4310 2055 4390; baseline 0.013 -34"><span class='ocrx_word' id='word_1_457' title='bbox 477 4310 697 4378; x_wconf 85' lang='lat' dir='ltr'><strong>proprie</strong></span> <span class='ocrx_word' id='word_1_458' title='bbox 729 4310 940 4381; x_wconf 85' lang='lat' dir='ltr'><strong>abipsa</strong></span> <span class='ocrx_word' id='word_1_459' title='bbox 970 4314 1146 4382; x_wconf 90' lang='lat' dir='ltr'><strong>prima</strong></span> <span class='ocrx_word' id='word_1_460' title='bbox 1189 4328 1379 4372; x_wconf 85' lang='lat' dir='ltr'><strong>sancta</strong></span> <span class='ocrx_word' id='word_1_461' title='bbox 1441 4322 1654 4390; x_wconf 89' lang='lat' dir='ltr'><strong>synodo</strong></span> <span class='ocrx_word' id='word_1_462' title='bbox 1699 4319 2055 4388; x_wconf 84' lang='lat' dir='ltr'><strong>conﬁtentur,</strong></span> 
     </span>
    </p>
   </div>
   <div class='ocr_carea' id='block_1_63' title="bbox 2146 1989 3727 2076">
    <p class='ocr_par' dir='ltr' id='par_1_63' title="bbox 2146 1989 3727 2076">
     <span class='ocr_line' id='line_1_63' title="bbox 2146 1989 3727 2076; baseline -0.007 -15"><span class='ocrx_word' id='word_1_463' title='bbox 2146 2007 2239 2060; x_wconf 71' lang='grc' dir='ltr'><strong>καὶ</strong></span> <span class='ocrx_word' id='word_1_464' title='bbox 2275 2004 2547 2076; x_wconf 75' lang='grc' dir='ltr'>Μάξιμος,</span> <span class='ocrx_word' id='word_1_465' title='bbox 2571 1989 2622 2056; x_wconf 68' lang='grc' dir='ltr'>δι</span> <span class='ocrx_word' id='word_1_466' title='bbox 2646 2007 2745 2072; x_wconf 79' lang='grc' dir='ltr'>τῆς</span> <span class='ocrx_word' id='word_1_467' title='bbox 2787 2003 3119 2072; x_wconf 85' lang='grc' dir='ltr'>Ἐκκλησίας</span> <span class='ocrx_word' id='word_1_468' title='bbox 3170 2002 3460 2070; x_wconf 74' lang='grc' dir='ltr'><strong>φωστῆρες</strong></span> <span class='ocrx_word' id='word_1_469' title='bbox 3515 2000 3612 2052; x_wconf 80' lang='grc' dir='ltr'>καὶ</span> <span class='ocrx_word' id='word_1_470' title='bbox 3648 1998 3727 2050; x_wconf 87' lang='grc' dir='ltr'><strong>δι-</strong></span> 
     </span>
    </p>
   </div>
   <div class='ocr_carea' id='block_1_64' title="bbox 2144 2091 3728 2166">
    <p class='ocr_par' dir='ltr' id='par_1_64' title="bbox 2144 2091 3728 2166">
     <span class='ocr_line' id='line_1_64' title="bbox 2144 2091 3728 2166; baseline -0.008 -14"><span class='ocrx_word' id='word_1_471' title='bbox 2144 2098 2422 2153; x_wconf 71' lang='grc' dir='ltr'>δάσκαλοι.</span> <span class='ocrx_word' id='word_1_472' title='bbox 2471 2097 2531 2149; x_wconf 86' lang='grc'><strong>’0</strong></span> <span class='ocrx_word' id='word_1_473' title='bbox 2562 2096 2659 2166; x_wconf 80' lang='grc' dir='ltr'>μὲν</span> <span class='ocrx_word' id='word_1_474' title='bbox 2690 2096 2800 2165; x_wconf 76' lang='grc' dir='ltr'><strong>γὰρ</strong></span> <span class='ocrx_word' id='word_1_475' title='bbox 2825 2097 2882 2147; x_wconf 83' lang='grc' dir='ltr'>έν</span> <span class='ocrx_word' id='word_1_476' title='bbox 2911 2097 2975 2164; x_wconf 75' lang='grc' dir='ltr'><strong>τῇ</strong></span> <span class='ocrx_word' id='word_1_477' title='bbox 3036 2096 3177 2164; x_wconf 76' lang='grc' dir='ltr'>πρὸς</span> <span class='ocrx_word' id='word_1_478' title='bbox 3235 2093 3574 2162; x_wconf 83' lang='grc' dir='ltr'>Πατρόφιλον</span> <span class='ocrx_word' id='word_1_479' title='bbox 3634 2091 3728 2144; x_wconf 79' lang='grc' dir='ltr'><strong>τὸν</strong></span> 
     </span>
    </p>
   </div>
   <div class='ocr_carea' id='block_1_65' title="bbox 2146 2182 3731 2259">
    <p class='ocr_par' dir='ltr' id='par_1_65' title="bbox 2146 2182 3731 2259">
     <span class='ocr_line' id='line_1_65' title="bbox 2146 2182 3731 2259; baseline -0.004 -16"><span class='ocrx_word' id='word_1_480' title='bbox 2146 2191 2446 2243; x_wconf 73' lang='grc' dir='ltr'>ἐπίσκοπον</span> <span class='ocrx_word' id='word_1_481' title='bbox 2497 2187 2756 2259; x_wconf 73' lang='grc' dir='ltr'>ἐπιστολῇ</span> <span class='ocrx_word' id='word_1_482' title='bbox 2829 2185 3018 2252; x_wconf 81' lang='grc' dir='ltr'>αὐτοῦ,</span> <span class='ocrx_word' id='word_1_483' title='bbox 3073 2182 3139 2258; x_wconf 77' lang='grc' dir='ltr'><strong>ἧς</strong></span> <span class='ocrx_word' id='word_1_484' title='bbox 3207 2187 3241 2254; x_wconf 81' lang='grc' dir='ltr'>ἡ</span> <span class='ocrx_word' id='word_1_485' title='bbox 3309 2186 3472 2256; x_wconf 80' lang='grc' dir='ltr'>ἀρχὴ,</span> <span class='ocrx_word' id='word_1_486' title='bbox 3517 2184 3731 2237; x_wconf 84' lang='grc' dir='ltr'>Ἐνέτυ-</span> 
     </span>
    </p>
   </div>
   <div class='ocr_carea' id='block_1_66' title="bbox 2148 2277 3732 2356">
    <p class='ocr_par' dir='ltr' id='par_1_66' title="bbox 2148 2277 3732 2356">
     <span class='ocr_line' id='line_1_66' title="bbox 2148 2277 3732 2356; baseline -0.004 -18"><span class='ocrx_word' id='word_1_487' title='bbox 2148 2285 2240 2356; x_wconf 88' lang='grc' dir='ltr'><strong>χόν</strong></span> <span class='ocrx_word' id='word_1_488' title='bbox 2289 2300 2385 2338; x_wconf 88' lang='grc' dir='ltr'><strong>σου</strong></span> <span class='ocrx_word' id='word_1_489' title='bbox 2427 2284 2539 2344; x_wconf 80' lang='grc' dir='ltr'>τοῖς</span> <span class='ocrx_word' id='word_1_490' title='bbox 2570 2282 2885 2352; x_wconf 81' lang='grc' dir='ltr'>γράμμασι,</span> <span class='ocrx_word' id='word_1_491' title='bbox 2929 2284 3066 2350; x_wconf 84' lang='grc' dir='ltr'>μετὰ</span> <span class='ocrx_word' id='word_1_492' title='bbox 3114 2280 3285 2334; x_wconf 85' lang='grc' dir='ltr'>πολλά</span> <span class='ocrx_word' id='word_1_493' title='bbox 3320 2295 3520 2348; x_wconf 84' lang='grc' dir='ltr'>φησιν·</span> <span class='ocrx_word' id='word_1_494' title='bbox 3571 2277 3732 2331; x_wconf 78' lang='grc' dir='ltr'><strong>«Ἵνα</strong></span> 
     </span>
    </p>
   </div>
   <div class='ocr_carea' id='block_1_67' title="bbox 2148 2371 3724 2446">
    <p class='ocr_par' dir='ltr' id='par_1_67' title="bbox 2148 2371 3724 2446">
     <span class='ocr_line' id='line_1_67' title="bbox 2148 2371 3724 2446; baseline -0.004 -18"><span class='ocrx_word' id='word_1_495' title='bbox 2148 2379 2218 2430; x_wconf 78' lang='grc' dir='ltr'><strong>τὰ</strong></span> <span class='ocrx_word' id='word_1_496' title='bbox 2266 2378 2326 2432; x_wconf 75' lang='grc' dir='ltr'><strong>ὲν</strong></span> <span class='ocrx_word' id='word_1_497' title='bbox 2360 2376 2513 2446; x_wconf 82' lang='grc' dir='ltr'>μέσῳ</span> <span class='ocrx_word' id='word_1_498' title='bbox 2568 2373 2915 2443; x_wconf 80' lang='grc' dir='ltr'><strong>παραλείπω,</strong></span> <span class='ocrx_word' id='word_1_499' title='bbox 2977 2375 3114 2435; x_wconf 84' lang='grc' dir='ltr'><strong>ὅσας</strong></span> <span class='ocrx_word' id='word_1_500' title='bbox 3171 2371 3417 2438; x_wconf 74' lang='grc' dir='ltr'>ἐξέθεντο</span> <span class='ocrx_word' id='word_1_501' title='bbox 3464 2372 3724 2434; x_wconf 86' lang='grc' dir='ltr'>πίστεις;</span> 
     </span>
    </p>
   </div>
   <div class='ocr_carea' id='block_1_68' title="bbox 2151 2461 3731 2537">
    <p class='ocr_par' dir='ltr' id='par_1_68' title="bbox 2151 2461 3731 2537">
     <span class='ocr_line' id='line_1_68' title="bbox 2151 2461 3731 2537; baseline -0.008 -13"><span class='ocrx_word' id='word_1_502' title='bbox 2151 2470 2240 2524; x_wconf 70' lang='grc' dir='ltr'><strong>ἐπ’</strong></span> <span class='ocrx_word' id='word_1_503' title='bbox 2281 2471 2566 2537; x_wconf 82' lang='grc' dir='ltr'><strong>Ἀγκύρας</strong></span> <span class='ocrx_word' id='word_1_504' title='bbox 2593 2465 2998 2537; x_wconf 79' lang='grc' dir='ltr'>ἄλλην,έτέραν</span> <span class='ocrx_word' id='word_1_505' title='bbox 3041 2467 3098 2516; x_wconf 72' lang='grc' dir='ltr'><strong>ὲν</strong></span> <span class='ocrx_word' id='word_1_506' title='bbox 3145 2461 3731 2518; x_wconf 80' lang='grc' dir='ltr'>Κωνσταντινουπόλει</span> 
     </span>
    </p>
   </div>
   <div class='ocr_carea' id='block_1_69' title="bbox 2150 2553 3733 2631">
    <p class='ocr_par' dir='ltr' id='par_1_69' title="bbox 2150 2553 3733 2631">
     <span class='ocr_line' id='line_1_69' title="bbox 2150 2553 3733 2631; baseline -0.006 -16"><span class='ocrx_word' id='word_1_507' title='bbox 2150 2561 2251 2631; x_wconf 80' lang='grc' dir='ltr'><strong>τὴν</strong></span> <span class='ocrx_word' id='word_1_508' title='bbox 2301 2560 2771 2630; x_wconf 84' lang='grc' dir='ltr'>πολυθρύλλητον,</span> <span class='ocrx_word' id='word_1_509' title='bbox 2836 2559 2894 2609; x_wconf 83' lang='grc' dir='ltr'>έν</span> <span class='ocrx_word' id='word_1_510' title='bbox 2951 2556 3239 2625; x_wconf 79' lang='grc' dir='ltr'><strong>Λαμψάκῳ</strong></span> <span class='ocrx_word' id='word_1_511' title='bbox 3308 2554 3524 2622; x_wconf 78' lang='grc' dir='ltr'><strong>ἑτέραν,</strong></span> <span class='ocrx_word' id='word_1_512' title='bbox 3588 2553 3733 2622; x_wconf 83' lang='grc' dir='ltr'>μετὰ</span> 
     </span>
    </p>
   </div>
   <div class='ocr_carea' id='block_1_70' title="bbox 2151 2640 3733 2723">
    <p class='ocr_par' dir='ltr' id='par_1_70' title="bbox 2151 2640 3733 2723">
     <span class='ocr_line' id='line_1_70' title="bbox 2151 2640 3733 2723; baseline -0.005 -17"><span class='ocrx_word' id='word_1_513' title='bbox 2151 2652 2324 2708; x_wconf 81' lang='grc' dir='ltr'><strong>ταῦτα</strong></span> <span class='ocrx_word' id='word_1_514' title='bbox 2349 2654 2447 2723; x_wconf 81' lang='grc' dir='ltr'><strong>τὴν</strong></span> <span class='ocrx_word' id='word_1_515' title='bbox 2470 2653 2527 2705; x_wconf 78' lang='grc' dir='ltr'><strong>ὲν</strong></span> <span class='ocrx_word' id='word_1_516' title='bbox 2557 2640 2826 2722; x_wconf 75' lang='grc' dir='ltr'>Νίκῃτῆς</span> <span class='ocrx_word' id='word_1_517' title='bbox 2856 2649 3104 2721; x_wconf 80' lang='grc' dir='ltr'><strong>Θρᾴκης,</strong></span> <span class='ocrx_word' id='word_1_518' title='bbox 3160 2647 3256 2700; x_wconf 80' lang='grc' dir='ltr'><strong>νῦν</strong></span> <span class='ocrx_word' id='word_1_519' title='bbox 3300 2647 3468 2701; x_wconf 78' lang='grc' dir='ltr'><strong>πάλιν</strong></span> <span class='ocrx_word' id='word_1_520' title='bbox 3521 2645 3624 2715; x_wconf 80' lang='grc' dir='ltr'><strong>τὴν</strong></span> <span class='ocrx_word' id='word_1_521' title='bbox 3675 2647 3733 2698; x_wconf 81' lang='grc' dir='ltr'><strong>έν</strong></span> 
     </span>
    </p>
   </div>
   <div class='ocr_carea' id='block_1_71' title="bbox 2153 2737 3733 2818">
    <p class='ocr_par' dir='ltr' id='par_1_71' title="bbox 2153 2737 3733 2818">
     <span class='ocr_line' id='line_1_71' title="bbox 2153 2737 3733 2818; baseline -0.006 -16"><span class='ocrx_word' id='word_1_522' title='bbox 2153 2748 2423 2818; x_wconf 75' lang='grc' dir='ltr'><strong>Κυζίκῳ,⁴</strong></span> <span class='ocrx_word' id='word_1_523' title='bbox 2464 2742 2531 2818; x_wconf 80' lang='grc' dir='ltr'><strong>ἦς</strong></span> <span class='ocrx_word' id='word_1_524' title='bbox 2564 2746 2736 2802; x_wconf 69' lang='grc' dir='ltr'>τᾶλλα</span> <span class='ocrx_word' id='word_1_525' title='bbox 2799 2744 2898 2817; x_wconf 78' lang='grc' dir='ltr'><strong>μὲν</strong></span> <span class='ocrx_word' id='word_1_526' title='bbox 2941 2743 3043 2798; x_wconf 82' lang='grc' dir='ltr'>οὒκ</span> <span class='ocrx_word' id='word_1_527' title='bbox 3101 2741 3424 2811; x_wconf 78' lang='grc' dir='ltr'>ἐπίσταμαι,</span> <span class='ocrx_word' id='word_1_528' title='bbox 3469 2737 3634 2794; x_wconf 79' lang='grc' dir='ltr'>τοῦτο</span> <span class='ocrx_word' id='word_1_529' title='bbox 3675 2737 3733 2791; x_wconf 68' lang='grc' dir='ltr'>δὲ</span> 
     </span>
    </p>
   </div>
   <div class='ocr_carea' id='block_1_72' title="bbox 2154 2831 3734 2909">
    <p class='ocr_par' dir='ltr' id='par_1_72' title="bbox 2154 2831 3734 2909">
     <span class='ocr_line' id='line_1_72' title="bbox 2154 2831 3734 2909; baseline -0.007 -14"><span class='ocrx_word' id='word_1_530' title='bbox 2154 2841 2366 2907; x_wconf 83' lang='grc' dir='ltr'><strong>ἀκούω,</strong></span> <span class='ocrx_word' id='word_1_531' title='bbox 2397 2841 2482 2893; x_wconf 83' lang='grc' dir='ltr'><strong>ὅτι</strong></span> <span class='ocrx_word' id='word_1_532' title='bbox 2521 2839 2584 2893; x_wconf 81' lang='grc' dir='ltr'>τὸ</span> <span class='ocrx_word' id='word_1_533' title='bbox 2615 2835 2908 2909; x_wconf 79' lang='grc' dir='ltr'>ὁμοοῦσιον</span> <span class='ocrx_word' id='word_1_534' title='bbox 2961 2834 3460 2902; x_wconf 79' lang='grc' dir='ltr'>κατασιγάσαντες,</span> <span class='ocrx_word' id='word_1_535' title='bbox 3514 2833 3574 2886; x_wconf 87' lang='grc' dir='ltr'><strong>τδ</strong></span> <span class='ocrx_word' id='word_1_536' title='bbox 3606 2831 3734 2886; x_wconf 86' lang='grc' dir='ltr'>κατ’</span> 
     </span>
    </p>
   </div>
   <div class='ocr_carea' id='block_1_73' title="bbox 2155 2924 3736 2998">
    <p class='ocr_par' dir='ltr' id='par_1_73' title="bbox 2155 2924 3736 2998">
     <span class='ocr_line' id='line_1_73' title="bbox 2155 2924 3736 2998; baseline -0.006 -13"><span class='ocrx_word' id='word_1_537' title='bbox 2155 2931 2346 2985; x_wconf 84' lang='grc' dir='ltr'>οὐσίαν</span> <span class='ocrx_word' id='word_1_538' title='bbox 2368 2931 2554 2998; x_wconf 83' lang='grc' dir='ltr'>ὅμοιον</span> <span class='ocrx_word' id='word_1_539' title='bbox 2586 2929 2962 2998; x_wconf 70' lang='grc' dir='ltr'>ἐπιφέρουσιν.</span> <span class='ocrx_word' id='word_1_540' title='bbox 3009 2946 3028 2979; x_wconf 71' lang='grc' dir='ltr'>ι</span> <span class='ocrx_word' id='word_1_541' title='bbox 3074 2928 3137 2980; x_wconf 92' lang='lat' dir='ltr'><strong>&#39;O</strong></span> <span class='ocrx_word' id='word_1_542' title='bbox 3160 2926 3216 2980; x_wconf 78' lang='grc' dir='ltr'>δὲ</span> <span class='ocrx_word' id='word_1_543' title='bbox 3273 2925 3423 2990; x_wconf 81' lang='grc' dir='ltr'>θεῖος</span> <span class='ocrx_word' id='word_1_544' title='bbox 3485 2924 3736 2987; x_wconf 66' lang='grc' dir='ltr'>Μάξιμος</span> 
     </span>
    </p>
   </div>
   <div class='ocr_carea' id='block_1_74' title="bbox 2154 3015 3737 3092">
    <p class='ocr_par' dir='ltr' id='par_1_74' title="bbox 2154 3015 3737 3092">
     <span class='ocr_line' id='line_1_74' title="bbox 2154 3015 3737 3092; baseline -0.004 -18"><span class='ocrx_word' id='word_1_545' title='bbox 2154 3023 2280 3078; x_wconf 75' lang='grc' dir='ltr'>τάδε</span> <span class='ocrx_word' id='word_1_546' title='bbox 2303 3022 2490 3092; x_wconf 84' lang='grc' dir='ltr'>φησίν·</span> <span class='ocrx_word' id='word_1_547' title='bbox 2517 3021 2612 3076; x_wconf 69' lang='lat' dir='ltr'><strong>(Ei</strong></span> <span class='ocrx_word' id='word_1_548' title='bbox 2631 3021 2728 3084; x_wconf 84' lang='grc' dir='ltr'><strong>τὰς</strong></span> <span class='ocrx_word' id='word_1_549' title='bbox 2747 3020 3045 3089; x_wconf 80' lang='grc' dir='ltr'><strong>γενομένας</strong></span> <span class='ocrx_word' id='word_1_550' title='bbox 3066 3019 3319 3080; x_wconf 82' lang='grc' dir='ltr'>συνόδους</span> <span class='ocrx_word' id='word_1_551' title='bbox 3357 3019 3412 3070; x_wconf 80' lang='grc' dir='ltr'><strong>αἱ</strong></span> <span class='ocrx_word' id='word_1_552' title='bbox 3453 3015 3737 3076; x_wconf 74' lang='grc' dir='ltr'>κελεύσεις</span> 
     </span>
    </p>
   </div>
   <div class='ocr_carea' id='block_1_75' title="bbox 2152 3107 3738 3187">
    <p class='ocr_par' dir='ltr' id='par_1_75' title="bbox 2152 3107 3738 3187">
     <span class='ocr_line' id='line_1_75' title="bbox 2152 3107 3738 3187; baseline -0.004 -19"><span class='ocrx_word' id='word_1_553' title='bbox 2152 3117 2262 3170; x_wconf 81' lang='grc' dir='ltr'><strong>τῶν</strong></span> <span class='ocrx_word' id='word_1_554' title='bbox 2283 3115 2553 3187; x_wconf 82' lang='grc' dir='ltr'>βασιλέων</span> <span class='ocrx_word' id='word_1_555' title='bbox 2597 3113 2883 3184; x_wconf 85' lang='grc' dir='ltr'>κυροῦσιν,</span> <span class='ocrx_word' id='word_1_556' title='bbox 2906 3111 3026 3164; x_wconf 81' lang='grc' dir='ltr'>ἀλλ’</span> <span class='ocrx_word' id='word_1_557' title='bbox 3042 3109 3411 3180; x_wconf 67' lang='grc' dir='ltr'>οὑχὶίεὗσεϐὴς</span> <span class='ocrx_word' id='word_1_558' title='bbox 3429 3109 3635 3172; x_wconf 87' lang='grc' dir='ltr'>πίστις,</span> <span class='ocrx_word' id='word_1_559' title='bbox 3653 3107 3738 3164; x_wconf 81' lang='grc' dir='ltr'>δέ·</span> 
     </span>
    </p>
   </div>
   <div class='ocr_carea' id='block_1_76' title="bbox 2155 3201 3735 3273">
    <p class='ocr_par' dir='ltr' id='par_1_76' title="bbox 2155 3201 3735 3273">
     <span class='ocr_line' id='line_1_76' title="bbox 2155 3201 3735 3273; baseline -0.005 -12"><span class='ocrx_word' id='word_1_560' title='bbox 2155 3205 2405 3273; x_wconf 71' lang='grc' dir='ltr'>ξαιντ’ἃν</span> <span class='ocrx_word' id='word_1_561' title='bbox 2422 3204 2680 3271; x_wconf 82' lang='grc' dir='ltr'><strong>τὰς’κατὰ</strong></span> <span class='ocrx_word' id='word_1_562' title='bbox 2695 3204 2790 3259; x_wconf 78' lang='grc' dir='ltr'>τοῦ</span> <span class='ocrx_word' id='word_1_563' title='bbox 2805 3203 3094 3273; x_wconf 86' lang='grc' dir='ltr'>ὁμοουσίου</span> <span class='ocrx_word' id='word_1_564' title='bbox 3112 3202 3411 3273; x_wconf 80' lang='grc' dir='ltr'>γενομένας</span> <span class='ocrx_word' id='word_1_565' title='bbox 3456 3201 3735 3265; x_wconf 84' lang='grc' dir='ltr'>συνόδους,</span> 
     </span>
    </p>
   </div>
   <div class='ocr_carea' id='block_1_77' title="bbox 2154 3290 3729 3368">
    <p class='ocr_par' dir='ltr' id='par_1_77' title="bbox 2154 3290 3729 3368">
     <span class='ocr_line' id='line_1_77' title="bbox 2154 3290 3729 3368; baseline -0.006 -16"><span class='ocrx_word' id='word_1_566' title='bbox 2154 3294 2342 3368; x_wconf 72' lang='grc' dir='ltr'>ἐπειδὴ</span> <span class='ocrx_word' id='word_1_567' title='bbox 2355 3297 2688 3367; x_wconf 85' lang='grc' dir='ltr'>κελεύσμασι</span> <span class='ocrx_word' id='word_1_568' title='bbox 2708 3295 2971 3366; x_wconf 82' lang='grc' dir='ltr'>βασιλέων</span> <span class='ocrx_word' id='word_1_569' title='bbox 2989 3295 3270 3364; x_wconf 77' lang='grc' dir='ltr'>γεγόνασιο</span> <span class='ocrx_word' id='word_1_570' title='bbox 3293 3310 3368 3362; x_wconf 84' lang='grc' dir='ltr'><strong>φη</strong></span> <span class='ocrx_word' id='word_1_571' title='bbox 3378 3295 3438 3359; x_wconf 88' lang='grc' dir='ltr'>μί</span> <span class='ocrx_word' id='word_1_572' title='bbox 3457 3291 3524 3362; x_wconf 84' lang='grc' dir='ltr'>δὴ</span> <span class='ocrx_word' id='word_1_573' title='bbox 3549 3290 3648 3362; x_wconf 78' lang='grc' dir='ltr'><strong>τὴν</strong></span> <span class='ocrx_word' id='word_1_574' title='bbox 3669 3292 3729 3343; x_wconf 77' lang='grc' dir='ltr'>έν</span> 
     </span>
    </p>
   </div>
   <div class='ocr_carea' id='block_1_78' title="bbox 2155 3381 3737 3462">
    <p class='ocr_par' dir='ltr' id='par_1_78' title="bbox 2155 3381 3737 3462">
     <span class='ocr_line' id='line_1_78' title="bbox 2155 3381 3737 3462; baseline -0.006 -16"><span class='ocrx_word' id='word_1_575' title='bbox 2155 3392 2317 3462; x_wconf 81' lang='grc' dir='ltr'><strong>Τύρῳ</strong></span> <span class='ocrx_word' id='word_1_576' title='bbox 2343 3389 2591 3461; x_wconf 87' lang='grc' dir='ltr'>πρώτην,</span> <span class='ocrx_word' id='word_1_577' title='bbox 2612 3389 2873 3459; x_wconf 82' lang='grc' dir='ltr'>δευτέραν</span> <span class='ocrx_word' id='word_1_578' title='bbox 2892 3389 2988 3458; x_wconf 86' lang='grc' dir='ltr'>τὴν</span> <span class='ocrx_word' id='word_1_579' title='bbox 3022 3390 3080 3441; x_wconf 74' lang='grc' dir='ltr'><strong>ὲν</strong></span> <span class='ocrx_word' id='word_1_580' title='bbox 3096 3382 3623 3458; x_wconf 78' lang='grc' dir='ltr'>Ἀντιοχείᾳ,τρίτην</span> <span class='ocrx_word' id='word_1_581' title='bbox 3635 3381 3737 3448; x_wconf 73' lang='grc' dir='ltr'><strong>τὴν</strong></span> 
     </span>
    </p>
   </div>
   <div class='ocr_carea' id='block_1_79' title="bbox 2156 3474 3737 3554">
    <p class='ocr_par' dir='ltr' id='par_1_79' title="bbox 2156 3474 3737 3554">
     <span class='ocr_line' id='line_1_79' title="bbox 2156 3474 3737 3554; baseline -0.007 -16"><span class='ocrx_word' id='word_1_582' title='bbox 2156 3487 2214 3538; x_wconf 79' lang='grc' dir='ltr'><strong>ὲν</strong></span> <span class='ocrx_word' id='word_1_583' title='bbox 2239 3483 2557 3554; x_wconf 76' lang='grc' dir='ltr'>Σελευκείᾳ,</span> <span class='ocrx_word' id='word_1_584' title='bbox 2601 3482 2876 3552; x_wconf 85' lang='grc' dir='ltr'><strong>τετάρτην</strong></span> <span class='ocrx_word' id='word_1_585' title='bbox 2921 3481 3020 3549; x_wconf 80' lang='grc' dir='ltr'>τὴν</span> <span class='ocrx_word' id='word_1_586' title='bbox 3063 3482 3120 3533; x_wconf 80' lang='grc' dir='ltr'><strong>ὲν</strong></span> <span class='ocrx_word' id='word_1_587' title='bbox 3156 3474 3737 3536; x_wconf 63' lang='grc' dir='ltr'>Κωνσταντινουπόλὲι</span> 
     </span>
    </p>
   </div>
   <div class='ocr_carea' id='block_1_80' title="bbox 2157 3571 3734 3648">
    <p class='ocr_par' dir='ltr' id='par_1_80' title="bbox 2157 3571 3734 3648">
     <span class='ocr_line' id='line_1_80' title="bbox 2157 3571 3734 3648; baseline -0.005 -14"><span class='ocrx_word' id='word_1_588' title='bbox 2157 3582 2247 3634; x_wconf 71' lang='grc' dir='ltr'><strong>ἐπὶ</strong></span> <span class='ocrx_word' id='word_1_589' title='bbox 2277 3579 2511 3644; x_wconf 78' lang='grc' dir='ltr'>Ἀδοξίου</span> <span class='ocrx_word' id='word_1_590' title='bbox 2538 3578 2633 3632; x_wconf 78' lang='grc' dir='ltr'>τοῦ</span> <span class='ocrx_word' id='word_1_591' title='bbox 2660 3577 2964 3647; x_wconf 80' lang='grc' dir='ltr'>Ἀρειανοῦ,</span> <span class='ocrx_word' id='word_1_592' title='bbox 2984 3571 3244 3648; x_wconf 76' lang='grc' dir='ltr'><strong>πέμπτην</strong></span> <span class='ocrx_word' id='word_1_593' title='bbox 3274 3576 3372 3646; x_wconf 84' lang='grc' dir='ltr'><strong>τὴν</strong></span> <span class='ocrx_word' id='word_1_594' title='bbox 3389 3571 3611 3646; x_wconf 63' lang='grc' dir='ltr'>ὲνίΝίκῃ</span> <span class='ocrx_word' id='word_1_595' title='bbox 3630 3574 3734 3643; x_wconf 84' lang='grc' dir='ltr'><strong>τῆς</strong></span> 
     </span>
    </p>
   </div>
   <div class='ocr_carea' id='block_1_81' title="bbox 2157 3665 3734 3745">
    <p class='ocr_par' dir='ltr' id='par_1_81' title="bbox 2157 3665 3734 3745">
     <span class='ocr_line' id='line_1_81' title="bbox 2157 3665 3734 3745; baseline -0.005 -20"><span class='ocrx_word' id='word_1_596' title='bbox 2157 3665 2403 3745; x_wconf 70' lang='grc' dir='ltr'><strong>Θρᾴκης,</strong></span> <span class='ocrx_word' id='word_1_597' title='bbox 2435 3672 2604 3740; x_wconf 87' lang='grc' dir='ltr'>’έκτην</span> <span class='ocrx_word' id='word_1_598' title='bbox 2639 3670 2738 3740; x_wconf 81' lang='grc' dir='ltr'><strong>τὴν</strong></span> <span class='ocrx_word' id='word_1_599' title='bbox 2793 3670 2852 3729; x_wconf 69' lang='grc' dir='ltr'><strong>ἐν</strong></span> <span class='ocrx_word' id='word_1_600' title='bbox 2883 3669 2958 3738; x_wconf 87' lang='grc' dir='ltr'><strong>τῷ</strong></span> <span class='ocrx_word' id='word_1_601' title='bbox 2985 3669 3218 3739; x_wconf 81' lang='grc' dir='ltr'>Σιρμιίῳ,</span> <span class='ocrx_word' id='word_1_602' title='bbox 3270 3669 3364 3722; x_wconf 79' lang='grc' dir='ltr'><strong>καὶ</strong></span> <span class='ocrx_word' id='word_1_603' title='bbox 3417 3666 3555 3736; x_wconf 77' lang='grc' dir='ltr'>μετὰ</span> <span class='ocrx_word' id='word_1_604' title='bbox 3606 3667 3734 3718; x_wconf 80' lang='grc' dir='ltr'>ταύ-</span> 
     </span>
    </p>
   </div>
   <div class='ocr_carea' id='block_1_82' title="bbox 2157 3756 3738 3840">
    <p class='ocr_par' dir='ltr' id='par_1_82' title="bbox 2157 3756 3738 3840">
     <span class='ocr_line' id='line_1_82' title="bbox 2157 3756 3738 3840; baseline -0.004 -24"><span class='ocrx_word' id='word_1_605' title='bbox 2157 3781 2257 3827; x_wconf 87' lang='grc' dir='ltr'>τας</span> <span class='ocrx_word' id='word_1_606' title='bbox 2287 3763 2508 3825; x_wconf 80' lang='grc' dir='ltr'>πολλοῖς</span> <span class='ocrx_word' id='word_1_607' title='bbox 2544 3762 2774 3833; x_wconf 74' lang='grc' dir='ltr'>ῠστερον</span> <span class='ocrx_word' id='word_1_608' title='bbox 2801 3762 3050 3840; x_wconf 62' lang='grc' dir='ltr'>χρόνοις,</span> <span class='ocrx_word' id='word_1_609' title='bbox 3072 3760 3312 3831; x_wconf 77' lang='grc' dir='ltr'>ἑϐδόμην</span> <span class='ocrx_word' id='word_1_610' title='bbox 3337 3761 3436 3830; x_wconf 82' lang='grc' dir='ltr'><strong>τὴν</strong></span> <span class='ocrx_word' id='word_1_611' title='bbox 3475 3760 3532 3811; x_wconf 77' lang='grc' dir='ltr'>ἐν</span> <span class='ocrx_word' id='word_1_612' title='bbox 3575 3756 3738 3824; x_wconf 78' lang='grc' dir='ltr'>Ἐφέ-</span> 
     </span>
    </p>
   </div>
   <div class='ocr_carea' id='block_1_83' title="bbox 2162 3849 2829 3926">
    <p class='ocr_par' dir='ltr' id='par_1_83' title="bbox 2162 3849 2829 3926">
     <span class='ocr_line' id='line_1_83' title="bbox 2162 3849 2829 3926; baseline 0.01 -19"><span class='ocrx_word' id='word_1_613' title='bbox 2162 3873 2242 3926; x_wconf 88' lang='grc' dir='ltr'>σῳ</span> <span class='ocrx_word' id='word_1_614' title='bbox 2303 3856 2368 3909; x_wconf 83' lang='grc' dir='ltr'><strong>τδ</strong></span> <span class='ocrx_word' id='word_1_615' title='bbox 2428 3854 2708 3925; x_wconf 81' lang='grc' dir='ltr'>δεύτερον,</span> <span class='ocrx_word' id='word_1_616' title='bbox 2760 3849 2829 3923; x_wconf 85' lang='grc' dir='ltr'><strong>ἦς</strong></span> 
     </span>
    </p>
   </div>
   <div class='ocr_carea' id='block_1_84' title="bbox 2160 3942 3735 4015">
    <p class='ocr_par' dir='ltr' id='par_1_84' title="bbox 2160 3942 3735 4015">
     <span class='ocr_line' id='line_1_84' title="bbox 2160 3942 3735 4015; baseline -0.001 -16"><span class='ocrx_word' id='word_1_617' title='bbox 2160 3946 2396 4015; x_wconf 84' lang='grc' dir='ltr'>φανερόν</span> <span class='ocrx_word' id='word_1_618' title='bbox 2445 3947 2618 4008; x_wconf 75' lang='grc' dir='ltr'>ἐστιν,</span> <span class='ocrx_word' id='word_1_619' title='bbox 2647 3946 2728 3998; x_wconf 83' lang='grc' dir='ltr'>ὅτι</span> <span class='ocrx_word' id='word_1_620' title='bbox 2787 3943 2882 3998; x_wconf 81' lang='grc' dir='ltr'><strong>τοῦ</strong></span> <span class='ocrx_word' id='word_1_621' title='bbox 2931 3945 3224 4014; x_wconf 84' lang='grc' dir='ltr'>δμοουσίου</span> <span class='ocrx_word' id='word_1_622' title='bbox 3272 3946 3435 4014; x_wconf 80' lang='grc' dir='ltr'><strong>χάριν</strong></span> <span class='ocrx_word' id='word_1_623' title='bbox 3480 3946 3508 3997; x_wconf 91' lang='lat'><strong>6</strong></span> <span class='ocrx_word' id='word_1_624' title='bbox 3553 3942 3735 4012; x_wconf 80' lang='grc' dir='ltr'>λόγος.</span> 
     </span>
    </p>
   </div>
   <div class='ocr_carea' id='block_1_85' title="bbox 2161 4036 3739 4109">
    <p class='ocr_par' dir='ltr' id='par_1_85' title="bbox 2161 4036 3739 4109">
     <span class='ocr_line' id='line_1_85' title="bbox 2161 4036 3739 4109; baseline -0.003 -17"><span class='ocrx_word' id='word_1_625' title='bbox 2161 4042 2260 4092; x_wconf 86' lang='grc' dir='ltr'><strong>Διὰ</strong></span> <span class='ocrx_word' id='word_1_626' title='bbox 2311 4037 2472 4091; x_wconf 73' lang='grc' dir='ltr'>τοῦτο</span> <span class='ocrx_word' id='word_1_627' title='bbox 2499 4036 2964 4108; x_wconf 74' lang='grc' dir='ltr'><strong>καὶἋθανάσιος,</strong></span> <span class='ocrx_word' id='word_1_628' title='bbox 2999 4039 3098 4090; x_wconf 78' lang='grc' dir='ltr'><strong>καὶ</strong></span> <span class='ocrx_word' id='word_1_629' title='bbox 3123 4039 3434 4109; x_wconf 73' lang='grc' dir='ltr'>βασίλειος,</span> <span class='ocrx_word' id='word_1_630' title='bbox 3491 4037 3586 4090; x_wconf 80' lang='grc' dir='ltr'><strong>καὶ</strong></span> <span class='ocrx_word' id='word_1_631' title='bbox 3624 4036 3739 4088; x_wconf 78' lang='grc' dir='ltr'><strong>Κύ-</strong></span> 
     </span>
    </p>
   </div>
   <div class='ocr_carea' id='block_1_86' title="bbox 2164 4111 3737 4201">
    <p class='ocr_par' dir='ltr' id='par_1_86' title="bbox 2164 4111 3737 4201">
     <span class='ocr_line' id='line_1_86' title="bbox 2164 4111 3737 4201; baseline -0.002 -20"><span class='ocrx_word' id='word_1_632' title='bbox 2164 4129 2364 4201; x_wconf 84' lang='grc' dir='ltr'>ριλλος,</span> <span class='ocrx_word' id='word_1_633' title='bbox 2401 4131 2450 4184; x_wconf 83' lang='grc' dir='ltr'><strong>οί</strong></span> <span class='ocrx_word' id='word_1_634' title='bbox 2477 4131 2578 4198; x_wconf 84' lang='grc' dir='ltr'><strong>τῆς</strong></span> <span class='ocrx_word' id='word_1_635' title='bbox 2647 4128 2982 4196; x_wconf 85' lang='grc' dir='ltr'>Ἐκκλησίας</span> <span class='ocrx_word' id='word_1_636' title='bbox 3041 4111 3308 4200; x_wconf 60' lang='grc' dir='ltr'><strong>ἀῤῥαγὶῖς</strong></span> <span class='ocrx_word' id='word_1_637' title='bbox 3356 4128 3626 4198; x_wconf 84' lang='grc' dir='ltr'>θεμέλιοι,</span> <span class='ocrx_word' id='word_1_638' title='bbox 3657 4153 3663 4159; x_wconf 89' lang='grc'><strong>·</strong></span> <span class='ocrx_word' id='word_1_639' title='bbox 3689 4128 3737 4179; x_wconf 79' lang='grc' dir='ltr'>οἱ</span> 
     </span>
    </p>
   </div>
   <div class='ocr_carea' id='block_1_87' title="bbox 2159 4214 3737 4292">
    <p class='ocr_par' dir='ltr' id='par_1_87' title="bbox 2159 4214 3737 4292">
     <span class='ocr_line' id='line_1_87' title="bbox 2159 4214 3737 4292; baseline -0.003 -17"><span class='ocrx_word' id='word_1_640' title='bbox 2159 4223 2317 4281; x_wconf 84' lang='grc' dir='ltr'>τοῦτο</span> <span class='ocrx_word' id='word_1_641' title='bbox 2346 4214 2552 4290; x_wconf 75' lang='grc' dir='ltr'>κυρίως</span> <span class='ocrx_word' id='word_1_642' title='bbox 2586 4216 2980 4292; x_wconf 79' lang='grc' dir='ltr'>ὁμολογοῦντες</span> <span class='ocrx_word' id='word_1_643' title='bbox 3009 4221 3118 4275; x_wconf 73' lang='grc' dir='ltr'><strong>ἀπὸ</strong></span> <span class='ocrx_word' id='word_1_644' title='bbox 3172 4221 3274 4291; x_wconf 79' lang='grc' dir='ltr'>τῆς</span> <span class='ocrx_word' id='word_1_645' title='bbox 3320 4221 3544 4291; x_wconf 84' lang='grc' dir='ltr'><strong>πρώτης</strong></span> <span class='ocrx_word' id='word_1_646' title='bbox 3573 4219 3737 4288; x_wconf 82' lang='grc' dir='ltr'>ἁγίας</span> 
     </span>
    </p>
   </div>
   <div class='ocr_carea' id='block_1_88' title="bbox 2163 4306 3734 4383">
    <p class='ocr_par' dir='ltr' id='par_1_88' title="bbox 2163 4306 3734 4383">
     <span class='ocr_line' id='line_1_88' title="bbox 2163 4306 3734 4383; baseline -0.004 -13"><span class='ocrx_word' id='word_1_647' title='bbox 2163 4315 2405 4379; x_wconf 85' lang='grc' dir='ltr'>συνόδου,</span> <span class='ocrx_word' id='word_1_648' title='bbox 2446 4316 2476 4369; x_wconf 91' lang='lat'><strong>6</strong></span> <span class='ocrx_word' id='word_1_649' title='bbox 2509 4311 2608 4383; x_wconf 75' lang='grc' dir='ltr'>μὲν</span> <span class='ocrx_word' id='word_1_650' title='bbox 2640 4313 2736 4368; x_wconf 71' lang='grc' dir='ltr'>καὶ</span> <span class='ocrx_word' id='word_1_651' title='bbox 2791 4314 3027 4380; x_wconf 76' lang='grc' dir='ltr'>συνθεὶς,</span> <span class='ocrx_word' id='word_1_652' title='bbox 3059 4306 3107 4368; x_wconf 89' lang='grc' dir='ltr'><strong>οί</strong></span> <span class='ocrx_word' id='word_1_653' title='bbox 3130 4313 3187 4368; x_wconf 74' lang='grc' dir='ltr'>δὲ</span> <span class='ocrx_word' id='word_1_654' title='bbox 3219 4315 3316 4370; x_wconf 72' lang='grc' dir='ltr'>καὶ</span> <span class='ocrx_word' id='word_1_655' title='bbox 3338 4313 3734 4382; x_wconf 81' lang='grc' dir='ltr'>διαδεξάμενοι.</span> 
     </span>
    </p>
   </div>
   <div class='ocr_carea' id='block_1_89' title="bbox 479 4397 2054 4485">
    <p class='ocr_par' dir='ltr' id='par_1_89' title="bbox 479 4398 2054 4484">
     <span class='ocr_line' id='line_1_89' title="bbox 479 4398 2054 4484; baseline 0.01 -30"><span class='ocrx_word' id='word_1_656' title='bbox 479 4398 844 4470; x_wconf 60' lang='lat' dir='ltr'><strong>hic—quidem:</strong></span> <span class='ocrx_word' id='word_1_657' title='bbox 874 4404 1020 4472; x_wconf 90' lang='lat' dir='ltr'><strong>quod</strong></span> <span class='ocrx_word' id='word_1_658' title='bbox 1055 4413 1111 4460; x_wconf 89' lang='lat' dir='ltr'><strong>et</strong></span> <span class='ocrx_word' id='word_1_659' title='bbox 1137 4421 1430 4463; x_wconf 85' lang='lat' dir='ltr'><strong>assensum</strong></span> <span class='ocrx_word' id='word_1_660' title='bbox 1457 4411 1775 4478; x_wconf 66' lang='lat' dir='ltr'><strong>praebuerit,</strong></span> <span class='ocrx_word' id='word_1_661' title='bbox 1802 4412 1879 4468; x_wconf 91' lang='lat' dir='ltr'><strong>illi</strong></span> <span class='ocrx_word' id='word_1_662' title='bbox 1908 4415 2054 4484; x_wconf 92' lang='lat' dir='ltr'><strong>quod</strong></span> 
     </span>
    </p>
   </div>
   <div class='ocr_carea' id='block_1_90' title="bbox 2157 4397 3736 4485">
    <p class='ocr_par' dir='ltr' id='par_1_90' title="bbox 2173 4397 3736 4479">
     <span class='ocr_line' id='line_1_90' title="bbox 2173 4397 3736 4479; baseline -0.004 -16"><span class='ocrx_word' id='word_1_663' title='bbox 2173 4402 2233 4463; x_wconf 76' lang='grc' dir='ltr'>Ὀ</span> <span class='ocrx_word' id='word_1_664' title='bbox 2266 4409 2365 4479; x_wconf 78' lang='grc' dir='ltr'><strong>μὲν</strong></span> <span class='ocrx_word' id='word_1_665' title='bbox 2400 4407 2544 4471; x_wconf 86' lang='grc' dir='ltr'>θεῖος</span> <span class='ocrx_word' id='word_1_666' title='bbox 2582 4397 2863 4471; x_wconf 81' lang='grc' dir='ltr'>Βασίλειός</span> <span class='ocrx_word' id='word_1_667' title='bbox 2895 4420 3053 4476; x_wconf 76' lang='grc' dir='ltr'>φησιο</span> <span class='ocrx_word' id='word_1_668' title='bbox 3108 4425 3127 4459; x_wconf 80' lang='grc' dir='ltr'><strong>ι</strong></span> <span class='ocrx_word' id='word_1_669' title='bbox 3165 4406 3358 4459; x_wconf 78' lang='grc' dir='ltr'>Πίστιν</span> <span class='ocrx_word' id='word_1_670' title='bbox 3396 4407 3562 4476; x_wconf 80' lang='grc' dir='ltr'>ἡμεῖς</span> <span class='ocrx_word' id='word_1_671' title='bbox 3612 4403 3736 4458; x_wconf 73' lang='grc' dir='ltr'>οὔτε</span> 
     </span>
    </p>
   </div>
   <div class='ocr_carea' id='block_1_91' title="bbox 477 4493 2056 4562">
    <p class='ocr_par' dir='ltr' id='par_1_91' title="bbox 477 4493 2056 4562">
     <span class='ocr_line' id='line_1_91' title="bbox 477 4493 2056 4562; baseline 0.009 -17"><span class='ocrx_word' id='word_1_672' title='bbox 477 4493 813 4562; x_wconf 75' lang='lat' dir='ltr'><strong>exceperint.</strong></span> <span class='ocrx_word' id='word_1_673' title='bbox 850 4494 1020 4552; x_wconf 88' lang='lat' dir='ltr'><strong>Divus</strong></span> <span class='ocrx_word' id='word_1_674' title='bbox 1075 4508 1255 4554; x_wconf 88' lang='lat' dir='ltr'><strong>autem</strong></span> <span class='ocrx_word' id='word_1_675' title='bbox 1317 4498 1552 4557; x_wconf 88' lang='lat' dir='ltr'><strong>Basilius</strong></span> <span class='ocrx_word' id='word_1_676' title='bbox 1597 4503 1766 4558; x_wconf 90' lang='lat' dir='ltr'><strong>dicit:</strong></span> <span class='ocrx_word' id='word_1_677' title='bbox 1813 4523 1832 4556; x_wconf 80' lang='grc' dir='ltr'>ι</span> <span class='ocrx_word' id='word_1_678' title='bbox 1871 4493 2056 4561; x_wconf 75' lang='lat' dir='ltr'><strong>Fidem</strong></span> 
     </span>
    </p>
   </div>
   <div class='ocr_carea' id='block_1_92' title="bbox 482 4589 2061 4667">
    <p class='ocr_par' dir='ltr' id='par_1_92' title="bbox 482 4589 2061 4667">
     <span class='ocr_line' id='line_1_92' title="bbox 482 4589 2061 4667; baseline 0.009 -31"><span class='ocrx_word' id='word_1_679' title='bbox 482 4599 581 4639; x_wconf 86' lang='lat' dir='ltr'><strong>nos</strong></span> <span class='ocrx_word' id='word_1_680' title='bbox 602 4600 778 4655; x_wconf 85' lang='lat' dir='ltr'><strong>neque</strong></span> <span class='ocrx_word' id='word_1_681' title='bbox 802 4589 1166 4644; x_wconf 76' lang='lat' dir='ltr'><strong>recentiorem</strong></span> <span class='ocrx_word' id='word_1_682' title='bbox 1197 4591 1268 4647; x_wconf 86' lang='lat' dir='ltr'><strong>ab</strong></span> <span class='ocrx_word' id='word_1_683' title='bbox 1322 4593 1446 4648; x_wconf 90' lang='lat' dir='ltr'><strong>aliis</strong></span> <span class='ocrx_word' id='word_1_684' title='bbox 1498 4595 1870 4667; x_wconf 87' lang='lat' dir='ltr'><strong>conscriptam</strong></span> <span class='ocrx_word' id='word_1_685' title='bbox 1915 4596 2061 4653; x_wconf 88' lang='lat' dir='ltr'><strong>acci-</strong></span> 
     </span>
    </p>
   </div>
   <div class='ocr_carea' id='block_1_93' title="bbox 481 4674 2062 4751">
    <p class='ocr_par' dir='ltr' id='par_1_93' title="bbox 481 4674 2062 4751">
     <span class='ocr_line' id='line_1_93' title="bbox 481 4674 2062 4751; baseline 0.013 -27"><span class='ocrx_word' id='word_1_686' title='bbox 481 4674 687 4743; x_wconf 80' lang='lat' dir='ltr'><strong>pimus,</strong></span> <span class='ocrx_word' id='word_1_687' title='bbox 714 4694 892 4750; x_wconf 90' lang='lat' dir='ltr'><strong>neque</strong></span> <span class='ocrx_word' id='word_1_688' title='bbox 942 4681 1044 4751; x_wconf 88' lang='lat' dir='ltr'><strong>ipsi</strong></span> <span class='ocrx_word' id='word_1_689' title='bbox 1079 4691 1282 4738; x_wconf 62' lang='lat' dir='ltr'><strong>nostra?</strong></span> <span class='ocrx_word' id='word_1_690' title='bbox 1337 4685 1538 4741; x_wconf 90' lang='lat' dir='ltr'><strong>mentis</strong></span> <span class='ocrx_word' id='word_1_691' title='bbox 1584 4684 1750 4741; x_wconf 80' lang='lat' dir='ltr'><strong>foetus</strong></span> <span class='ocrx_word' id='word_1_692' title='bbox 1803 4687 1929 4742; x_wconf 81' lang='lat' dir='ltr'><strong>aliis</strong></span> <span class='ocrx_word' id='word_1_693' title='bbox 1963 4688 2062 4743; x_wconf 85' lang='lat' dir='ltr'><strong>ob-</strong></span> 
     </span>
    </p>
   </div>
   <div class='ocr_carea' id='block_1_94' title="bbox 483 4756 2061 4848">
    <p class='ocr_par' dir='ltr' id='par_1_94' title="bbox 483 4756 2061 4848">
     <span class='ocr_line' id='line_1_94' title="bbox 483 4756 2061 4848; baseline 0.008 -25"><span class='ocrx_word' id='word_1_694' title='bbox 483 4768 703 4826; x_wconf 88' lang='lat' dir='ltr'><strong>trudere</strong></span> <span class='ocrx_word' id='word_1_695' title='bbox 754 4771 1059 4841; x_wconf 85' lang='lat' dir='ltr'><strong>audemus,</strong></span> <span class='ocrx_word' id='word_1_696' title='bbox 1115 4789 1185 4829; x_wconf 89' lang='lat' dir='ltr'><strong>ne</strong></span> <span class='ocrx_word' id='word_1_697' title='bbox 1244 4756 1478 4829; x_wconf 78' lang='lat' dir='ltr'><strong>humana</strong></span> <span class='ocrx_word' id='word_1_698' title='bbox 1538 4776 1805 4834; x_wconf 76' lang='lat' dir='ltr'><strong>faciamus</strong></span> <span class='ocrx_word' id='word_1_699' title='bbox 1847 4780 2061 4848; x_wconf 87' lang='lat' dir='ltr'><strong>pietatis</strong></span> 
     </span>
    </p>
   </div>
   <div class='ocr_carea' id='block_1_95' title="bbox 483 4862 2063 4940">
    <p class='ocr_par' dir='ltr' id='par_1_95' title="bbox 483 4862 2063 4940">
     <span class='ocr_line' id='line_1_95' title="bbox 483 4862 2063 4940; baseline 0.006 -25"><span class='ocrx_word' id='word_1_700' title='bbox 483 4862 706 4929; x_wconf 60' lang='lat' dir='ltr'><strong>verba,»</strong></span> <span class='ocrx_word' id='word_1_701' title='bbox 751 4871 860 4920; x_wconf 86' lang='lat' dir='ltr'><strong>etc.</strong></span> <span class='ocrx_word' id='word_1_702' title='bbox 896 4864 1137 4919; x_wconf 89' lang='lat' dir='ltr'><strong>Sanctus</strong></span> <span class='ocrx_word' id='word_1_703' title='bbox 1187 4866 1567 4923; x_wconf 86' lang='lat' dir='ltr'><strong>Athanasius:</strong></span> <span class='ocrx_word' id='word_1_704' title='bbox 1609 4886 1627 4920; x_wconf 79' lang='grc' dir='ltr'>ι</span> <span class='ocrx_word' id='word_1_705' title='bbox 1665 4867 1809 4924; x_wconf 77' lang='lat' dir='ltr'><strong>Nihil</strong></span> <span class='ocrx_word' id='word_1_706' title='bbox 1866 4879 2063 4940; x_wconf 65' lang='lat' dir='ltr'><strong>prmter</strong></span> 
     </span>
    </p>
   </div>
   <div class='ocr_carea' id='block_1_96' title="bbox 480 4951 2064 5029">
    <p class='ocr_par' dir='ltr' id='par_1_96' title="bbox 480 4951 2064 5029">
     <span class='ocr_line' id='line_1_96' title="bbox 480 4951 2064 5029; baseline 0.006 -21"><span class='ocrx_word' id='word_1_707' title='bbox 480 4968 572 5018; x_wconf 86' lang='lat' dir='ltr'><strong>ea,</strong></span> <span class='ocrx_word' id='word_1_708' title='bbox 605 4968 728 5022; x_wconf 72' lang='lat' dir='ltr'><strong>qua:</strong></span> <span class='ocrx_word' id='word_1_709' title='bbox 765 4953 960 5012; x_wconf 57' lang='lat' dir='ltr'><strong>Nicena</strong></span> <span class='ocrx_word' id='word_1_710' title='bbox 1000 4956 1218 5013; x_wconf 81' lang='lat' dir='ltr'><strong>decreta</strong></span> <span class='ocrx_word' id='word_1_711' title='bbox 1243 4951 1395 5025; x_wconf 75' lang='lat' dir='ltr'><strong>sunt,</strong></span> <span class='ocrx_word' id='word_1_712' title='bbox 1457 4975 1728 5029; x_wconf 84' lang='lat' dir='ltr'><strong>promere.</strong></span> <span class='ocrx_word' id='word_1_713' title='bbox 1776 4960 1841 5015; x_wconf 83' lang='lat' dir='ltr'><strong>Et</strong></span> <span class='ocrx_word' id='word_1_714' title='bbox 1877 4961 2064 5017; x_wconf 85' lang='lat' dir='ltr'><strong>Sardi-</strong></span> 
     </span>
    </p>
   </div>
   <div class='ocr_carea' id='block_1_97' title="bbox 483 5047 2062 5121">
    <p class='ocr_par' dir='ltr' id='par_1_97' title="bbox 483 5047 2062 5121">
     <span class='ocr_line' id='line_1_97' title="bbox 483 5047 2062 5121; baseline 0.007 -24"><span class='ocrx_word' id='word_1_715' title='bbox 483 5057 706 5100; x_wconf 84' lang='lat' dir='ltr'><strong>censem</strong></span> <span class='ocrx_word' id='word_1_716' title='bbox 741 5047 1037 5117; x_wconf 85' lang='lat' dir='ltr'><strong>synodum,</strong></span> <span class='ocrx_word' id='word_1_717' title='bbox 1082 5063 1226 5119; x_wconf 69' lang='lat' dir='ltr'><strong>aegre</strong></span> <span class='ocrx_word' id='word_1_718' title='bbox 1287 5050 1500 5114; x_wconf 83' lang='lat' dir='ltr'><strong>tulisse,</strong></span> <span class='ocrx_word' id='word_1_719' title='bbox 1536 5049 1937 5121; x_wconf 86' lang='lat' dir='ltr'><strong>ordinasscque</strong></span> <span class='ocrx_word' id='word_1_720' title='bbox 1994 5068 2062 5108; x_wconf 91' lang='lat' dir='ltr'><strong>ne</strong></span> 
     </span>
    </p>
   </div>
   <div class='ocr_carea' id='block_1_98' title="bbox 483 5136 2064 5214">
    <p class='ocr_par' dir='ltr' id='par_1_98' title="bbox 483 5136 2064 5214">
     <span class='ocr_line' id='line_1_98' title="bbox 483 5136 2064 5214; baseline 0.007 -25"><span class='ocrx_word' id='word_1_721' title='bbox 483 5136 614 5202; x_wconf 87' lang='lat' dir='ltr'><strong>quid</strong></span> <span class='ocrx_word' id='word_1_722' title='bbox 645 5136 698 5189; x_wconf 75' lang='lat' dir='ltr'><strong>in</strong></span> <span class='ocrx_word' id='word_1_723' title='bbox 723 5150 1002 5206; x_wconf 88' lang='lat' dir='ltr'><strong>posterum</strong></span> <span class='ocrx_word' id='word_1_724' title='bbox 1036 5142 1103 5196; x_wconf 90' lang='lat' dir='ltr'><strong>de</strong></span> <span class='ocrx_word' id='word_1_725' title='bbox 1139 5141 1244 5195; x_wconf 89' lang='lat' dir='ltr'><strong>lide</strong></span> <span class='ocrx_word' id='word_1_726' title='bbox 1289 5142 1648 5206; x_wconf 80' lang='lat' dir='ltr'><strong>scriberetur,</strong></span> <span class='ocrx_word' id='word_1_727' title='bbox 1698 5144 1792 5198; x_wconf 90' lang='lat' dir='ltr'><strong>sed</strong></span> <span class='ocrx_word' id='word_1_728' title='bbox 1843 5146 2064 5214; x_wconf 88' lang='lat' dir='ltr'><strong>acquie-</strong></span> 
     </span>
    </p>
   </div>
   <div class='ocr_carea' id='block_1_99' title="bbox 485 5228 2063 5305">
    <p class='ocr_par' dir='ltr' id='par_1_99' title="bbox 485 5228 2063 5305">
     <span class='ocr_line' id='line_1_99' title="bbox 485 5228 2063 5305; baseline 0.007 -25"><span class='ocrx_word' id='word_1_729' title='bbox 485 5237 704 5280; x_wconf 87' lang='lat' dir='ltr'><strong>scerent</strong></span> <span class='ocrx_word' id='word_1_730' title='bbox 728 5228 849 5284; x_wconf 88' lang='lat' dir='ltr'><strong>ﬁdei</strong></span> <span class='ocrx_word' id='word_1_731' title='bbox 877 5244 907 5283; x_wconf 87' lang='lat' dir='ltr'><strong>a</strong></span> <span class='ocrx_word' id='word_1_732' title='bbox 935 5229 1193 5288; x_wconf 87' lang='lat' dir='ltr'><strong>Patribus</strong></span> <span class='ocrx_word' id='word_1_733' title='bbox 1225 5230 1421 5301; x_wconf 60' lang='lat' dir='ltr'><strong>Nicaea}</strong></span> <span class='ocrx_word' id='word_1_734' title='bbox 1459 5231 1694 5299; x_wconf 61' lang='lat' dir='ltr'><strong>traditae,</strong></span> <span class='ocrx_word' id='word_1_735' title='bbox 1736 5235 1882 5305; x_wconf 88' lang='lat' dir='ltr'><strong>quod</strong></span> <span class='ocrx_word' id='word_1_736' title='bbox 1915 5237 1964 5289; x_wconf 91' lang='lat' dir='ltr'><strong>iu</strong></span> <span class='ocrx_word' id='word_1_737' title='bbox 2002 5249 2063 5291; x_wconf 88' lang='lat' dir='ltr'><strong>ea</strong></span> 
     </span>
    </p>
   </div>
   <div class='ocr_carea' id='block_1_100' title="bbox 485 5317 2060 5400">
    <p class='ocr_par' dir='ltr' id='par_1_100' title="bbox 485 5317 2060 5400">
     <span class='ocr_line' id='line_1_100' title="bbox 485 5317 2060 5400; baseline 0.007 -28"><span class='ocrx_word' id='word_1_738' title='bbox 485 5319 622 5375; x_wconf 88' lang='lat' dir='ltr'><strong>nihil</strong></span> <span class='ocrx_word' id='word_1_739' title='bbox 644 5319 923 5386; x_wconf 87' lang='lat' dir='ltr'><strong>deﬁceret,</strong></span> <span class='ocrx_word' id='word_1_740' title='bbox 958 5323 1052 5378; x_wconf 89' lang='lat' dir='ltr'><strong>sed</strong></span> <span class='ocrx_word' id='word_1_741' title='bbox 1079 5325 1238 5395; x_wconf 90' lang='lat' dir='ltr'><strong>plena</strong></span> <span class='ocrx_word' id='word_1_742' title='bbox 1270 5317 1416 5381; x_wconf 83' lang='lat' dir='ltr'><strong>esset</strong></span> <span class='ocrx_word' id='word_1_743' title='bbox 1439 5327 1678 5395; x_wconf 88' lang='lat' dir='ltr'><strong>pietatis.</strong></span> <span class='ocrx_word' id='word_1_744' title='bbox 1721 5347 1739 5379; x_wconf 75' lang='grc' dir='ltr'>ι</span> <span class='ocrx_word' id='word_1_745' title='bbox 1771 5329 2007 5400; x_wconf 81' lang='lat' dir='ltr'><strong>Cyrillus</strong></span> <span class='ocrx_word' id='word_1_746' title='bbox 2045 5347 2060 5383; x_wconf 90' lang='lat'><strong>:</strong></span> 
     </span>
    </p>
   </div>
   <div class='ocr_carea' id='block_1_101' title="bbox 490 5408 2065 5487">
    <p class='ocr_par' dir='ltr' id='par_1_101' title="bbox 490 5408 2065 5487">
     <span class='ocr_line' id='line_1_101' title="bbox 490 5408 2065 5487; baseline 0.008 -26"><span class='ocrx_word' id='word_1_747' title='bbox 490 5427 510 5461; x_wconf 80' lang='grc' dir='ltr'><strong>ι</strong></span> <span class='ocrx_word' id='word_1_748' title='bbox 562 5408 681 5465; x_wconf 81' lang='lat' dir='ltr'><strong>Non</strong></span> <span class='ocrx_word' id='word_1_749' title='bbox 724 5414 1092 5482; x_wconf 88' lang='lat' dir='ltr'><strong>permittimus</strong></span> <span class='ocrx_word' id='word_1_750' title='bbox 1150 5415 1586 5487; x_wconf 86' lang='lat' dir='ltr'><strong>nobismetipsis,</strong></span> <span class='ocrx_word' id='word_1_751' title='bbox 1641 5429 1736 5473; x_wconf 90' lang='lat' dir='ltr'><strong>aut</strong></span> <span class='ocrx_word' id='word_1_752' title='bbox 1781 5420 1924 5482; x_wconf 88' lang='lat' dir='ltr'><strong>aliis,</strong></span> <span class='ocrx_word' id='word_1_753' title='bbox 1974 5433 2065 5474; x_wconf 83' lang='lat' dir='ltr'><strong>aut</strong></span> 
     </span>
    </p>
   </div>
   <div class='ocr_carea' id='block_1_102' title="bbox 487 5503 2061 5576">
    <p class='ocr_par' dir='ltr' id='par_1_102' title="bbox 487 5503 2061 5576">
     <span class='ocr_line' id='line_1_102' title="bbox 487 5503 2061 5576; baseline 0.008 -21"><span class='ocrx_word' id='word_1_754' title='bbox 487 5503 782 5560; x_wconf 77' lang='lat' dir='ltr'><strong>dictionem</strong></span> <span class='ocrx_word' id='word_1_755' title='bbox 820 5522 884 5560; x_wconf 83' lang='lat' dir='ltr'><strong>ex</strong></span> <span class='ocrx_word' id='word_1_756' title='bbox 929 5507 995 5560; x_wconf 89' lang='lat' dir='ltr'><strong>iis</strong></span> <span class='ocrx_word' id='word_1_757' title='bbox 1023 5523 1143 5576; x_wconf 66' lang='lat' dir='ltr'><strong>quae</strong></span> <span class='ocrx_word' id='word_1_758' title='bbox 1173 5507 1246 5562; x_wconf 78' lang='lat' dir='ltr'><strong>ibi</strong></span> <span class='ocrx_word' id='word_1_759' title='bbox 1296 5521 1446 5576; x_wconf 90' lang='lat' dir='ltr'><strong>sunt,</strong></span> <span class='ocrx_word' id='word_1_760' title='bbox 1471 5511 1782 5576; x_wconf 84' lang='lat' dir='ltr'><strong>immutare,</strong></span> <span class='ocrx_word' id='word_1_761' title='bbox 1841 5521 1936 5566; x_wconf 82' lang='lat' dir='ltr'><strong>aut</strong></span> <span class='ocrx_word' id='word_1_762' title='bbox 1981 5516 2061 5567; x_wconf 83' lang='lat' dir='ltr'><strong>vel</strong></span> 
     </span>
    </p>
   </div>
   <div class='ocr_carea' id='block_1_103' title="bbox 407 5598 2066 5675">
    <p class='ocr_par' dir='ltr' id='par_1_103' title="bbox 407 5598 2066 5675">
     <span class='ocr_line' id='line_1_103' title="bbox 407 5598 2066 5675; baseline 0.007 -26"><span class='ocrx_word' id='word_1_763' title='bbox 407 5621 417 5628; x_wconf 87' lang='lat'><strong>-</strong></span> <span class='ocrx_word' id='word_1_764' title='bbox 489 5611 654 5652; x_wconf 77' lang='lat' dir='ltr'><strong>uuam</strong></span> <span class='ocrx_word' id='word_1_765' title='bbox 679 5598 942 5666; x_wconf 85' lang='lat' dir='ltr'><strong>syllabam</strong></span> <span class='ocrx_word' id='word_1_766' title='bbox 977 5608 1324 5670; x_wconf 72' lang='lat' dir='ltr'><strong>praevertere.</strong></span> <span class='ocrx_word' id='word_1_767' title='bbox 1364 5620 1381 5653; x_wconf 84' lang='grc'>›</span> <span class='ocrx_word' id='word_1_768' title='bbox 1418 5601 1593 5667; x_wconf 86' lang='lat' dir='ltr'><strong>Adde,</strong></span> <span class='ocrx_word' id='word_1_769' title='bbox 1629 5604 1720 5673; x_wconf 88' lang='lat' dir='ltr'><strong>qui</strong></span> <span class='ocrx_word' id='word_1_770' title='bbox 1746 5604 1797 5658; x_wconf 91' lang='lat' dir='ltr'><strong>iu</strong></span> <span class='ocrx_word' id='word_1_771' title='bbox 1831 5603 2066 5675; x_wconf 67' lang='lat' dir='ltr'><strong>ngypto</strong></span> 
     </span>
    </p>
   </div>
   <div class='ocr_carea' id='block_1_104' title="bbox 485 5689 2061 5767">
    <p class='ocr_par' dir='ltr' id='par_1_104' title="bbox 485 5689 2061 5767">
     <span class='ocr_line' id='line_1_104' title="bbox 485 5689 2061 5767; baseline 0.006 -24"><span class='ocrx_word' id='word_1_772' title='bbox 485 5701 543 5745; x_wconf 80' lang='lat' dir='ltr'><strong>ct</strong></span> <span class='ocrx_word' id='word_1_773' title='bbox 573 5691 625 5746; x_wconf 86' lang='lat' dir='ltr'><strong>in</strong></span> <span class='ocrx_word' id='word_1_774' title='bbox 656 5689 824 5762; x_wconf 85' lang='lat' dir='ltr'><strong>Libya</strong></span> <span class='ocrx_word' id='word_1_775' title='bbox 851 5703 1031 5762; x_wconf 79' lang='lat' dir='ltr'><strong>erant,</strong></span> <span class='ocrx_word' id='word_1_776' title='bbox 1063 5696 1356 5763; x_wconf 76' lang='lat' dir='ltr'><strong>nonaginta</strong></span> <span class='ocrx_word' id='word_1_777' title='bbox 1392 5697 1776 5767; x_wconf 76' lang='lat' dir='ltr'><strong>episcoporum</strong></span> <span class='ocrx_word' id='word_1_778' title='bbox 1811 5696 1860 5752; x_wconf 74' lang='lat' dir='ltr'><strong>et</strong></span> <span class='ocrx_word' id='word_1_779' title='bbox 1921 5699 2061 5753; x_wconf 78' lang='lat' dir='ltr'><strong>beati</strong></span> 
     </span>
    </p>
   </div>
   <div class='ocr_carea' id='block_1_105' title="bbox 2161 4495 3740 4574">
    <p class='ocr_par' dir='ltr' id='par_1_105' title="bbox 2161 4495 3740 4574">
     <span class='ocr_line' id='line_1_105' title="bbox 2161 4495 3740 4574; baseline -0.004 -20"><span class='ocrx_word' id='word_1_780' title='bbox 2161 4500 2291 4571; x_wconf 75' lang='grc' dir='ltr'>παρ’</span> <span class='ocrx_word' id='word_1_781' title='bbox 2329 4499 2490 4556; x_wconf 78' lang='grc' dir='ltr'>ἄλλου</span> <span class='ocrx_word' id='word_1_782' title='bbox 2515 4497 2881 4574; x_wconf 76' lang='grc' dir='ltr'>γραφομένην</span> <span class='ocrx_word' id='word_1_783' title='bbox 2917 4499 3052 4568; x_wconf 77' lang='grc' dir='ltr'>ἡμῖν</span> <span class='ocrx_word' id='word_1_784' title='bbox 3111 4497 3388 4566; x_wconf 83' lang='grc' dir='ltr'>νεωτέραν</span> <span class='ocrx_word' id='word_1_785' title='bbox 3430 4495 3740 4567; x_wconf 81' lang='grc' dir='ltr'>παραδεχό-</span> 
     </span>
    </p>
   </div>
   <div class='ocr_carea' id='block_1_106' title="bbox 2162 4588 3740 4665">
    <p class='ocr_par' dir='ltr' id='par_1_106' title="bbox 2162 4588 3740 4665">
     <span class='ocr_line' id='line_1_106' title="bbox 2162 4588 3740 4665; baseline -0.005 -19"><span class='ocrx_word' id='word_1_786' title='bbox 2162 4593 2327 4665; x_wconf 86' lang='grc' dir='ltr'>μεθα,</span> <span class='ocrx_word' id='word_1_787' title='bbox 2351 4590 2477 4643; x_wconf 75' lang='grc' dir='ltr'>οὗτε</span> <span class='ocrx_word' id='word_1_788' title='bbox 2498 4591 2657 4661; x_wconf 24' lang='grc' dir='ltr'>,αὐτοὶ</span> <span class='ocrx_word' id='word_1_789' title='bbox 2683 4589 2751 4643; x_wconf 83' lang='grc' dir='ltr'><strong>τὰ</strong></span> <span class='ocrx_word' id='word_1_790' title='bbox 2778 4590 2880 4658; x_wconf 82' lang='grc' dir='ltr'><strong>τῆς</strong></span> <span class='ocrx_word' id='word_1_791' title='bbox 2933 4590 3211 4660; x_wconf 81' lang='grc' dir='ltr'>ἡμετέρας</span> <span class='ocrx_word' id='word_1_792' title='bbox 3264 4588 3500 4651; x_wconf 90' lang='grc' dir='ltr'>διανοίας</span> <span class='ocrx_word' id='word_1_793' title='bbox 3542 4591 3740 4656; x_wconf 84' lang='grc' dir='ltr'>γεννή-</span> 
     </span>
    </p>
   </div>
   <div class='ocr_carea' id='block_1_107' title="bbox 2167 4676 3740 4754">
    <p class='ocr_par' dir='ltr' id='par_1_107' title="bbox 2167 4676 3740 4754">
     <span class='ocr_line' id='line_1_107' title="bbox 2167 4676 3740 4754; baseline -0.006 -17"><span class='ocrx_word' id='word_1_794' title='bbox 2167 4701 2317 4754; x_wconf 88' lang='grc' dir='ltr'>ματα</span> <span class='ocrx_word' id='word_1_795' title='bbox 2351 4676 2709 4751; x_wconf 83' lang='grc' dir='ltr'>παραδιδόναι</span> <span class='ocrx_word' id='word_1_796' title='bbox 2771 4680 3089 4751; x_wconf 82' lang='grc' dir='ltr'>τολμῶμεν,</span> <span class='ocrx_word' id='word_1_797' title='bbox 3132 4680 3221 4734; x_wconf 80' lang='grc' dir='ltr'><strong>ἵνα</strong></span> <span class='ocrx_word' id='word_1_798' title='bbox 3280 4680 3356 4750; x_wconf 78' lang='grc' dir='ltr'>μὴ</span> <span class='ocrx_word' id='word_1_799' title='bbox 3417 4677 3740 4749; x_wconf 80' lang='grc' dir='ltr'>ἀνθρώπινα</span> 
     </span>
    </p>
   </div>
   <div class='ocr_carea' id='block_1_108' title="bbox 2162 4771 3740 4846">
    <p class='ocr_par' dir='ltr' id='par_1_108' title="bbox 2162 4771 3740 4846">
     <span class='ocr_line' id='line_1_108' title="bbox 2162 4771 3740 4846; baseline -0.003 -17"><span class='ocrx_word' id='word_1_800' title='bbox 2162 4779 2483 4846; x_wconf 78' lang='grc' dir='ltr'>ποιήσωμεν</span> <span class='ocrx_word' id='word_1_801' title='bbox 2511 4777 2594 4830; x_wconf 80' lang='grc' dir='ltr'><strong>-τὰ</strong></span> <span class='ocrx_word' id='word_1_802' title='bbox 2649 4774 2751 4845; x_wconf 78' lang='grc' dir='ltr'><strong>τῆς</strong></span> <span class='ocrx_word' id='word_1_803' title='bbox 2812 4773 3096 4837; x_wconf 81' lang='grc' dir='ltr'>εὐσεϐείας</span> <span class='ocrx_word' id='word_1_804' title='bbox 3149 4773 3398 4843; x_wconf 78' lang='grc' dir='ltr'><strong>ῥήματα·</strong></span> <span class='ocrx_word' id='word_1_805' title='bbox 3463 4789 3482 4824; x_wconf 76' lang='grc' dir='ltr'>ι</span> <span class='ocrx_word' id='word_1_806' title='bbox 3518 4771 3615 4824; x_wconf 74' lang='grc' dir='ltr'>καὶ</span> <span class='ocrx_word' id='word_1_807' title='bbox 3671 4771 3740 4824; x_wconf 80' lang='grc' dir='ltr'><strong>τὰ.</strong></span> 
     </span>
    </p>
   </div>
   <div class='ocr_carea' id='block_1_109' title="bbox 2165 4862 3740 4937">
    <p class='ocr_par' dir='ltr' id='par_1_109' title="bbox 2165 4862 3740 4937">
     <span class='ocr_line' id='line_1_109' title="bbox 2165 4862 3740 4937; baseline -0.008 -12"><span class='ocrx_word' id='word_1_808' title='bbox 2165 4869 2314 4937; x_wconf 70' lang='grc' dir='ltr'><strong>ἑξῆς.</strong></span> <span class='ocrx_word' id='word_1_809' title='bbox 2352 4869 2414 4922; x_wconf 88' lang='grc' dir='ltr'><strong>Ὀ</strong></span> <span class='ocrx_word' id='word_1_810' title='bbox 2439 4868 2497 4921; x_wconf 74' lang='grc' dir='ltr'>δὲ</span> <span class='ocrx_word' id='word_1_811' title='bbox 2526 4867 2681 4933; x_wconf 71' lang='grc' dir='ltr'>ἅγιος</span> <span class='ocrx_word' id='word_1_812' title='bbox 2709 4866 3050 4932; x_wconf 74' lang='lat' dir='ltr'><strong>&#39;ADava&#39;tato;,</strong></span> <span class='ocrx_word' id='word_1_813' title='bbox 3084 4865 3298 4932; x_wconf 75' lang='grc' dir='ltr'><strong>«Μηδὲν</strong></span> <span class='ocrx_word' id='word_1_814' title='bbox 3329 4864 3492 4917; x_wconf 81' lang='grc' dir='ltr'>πλέον</span> <span class='ocrx_word' id='word_1_815' title='bbox 3541 4862 3653 4916; x_wconf 86' lang='grc' dir='ltr'>τῶν</span> <span class='ocrx_word' id='word_1_816' title='bbox 3683 4863 3740 4913; x_wconf 84' lang='grc' dir='ltr'>έν</span> 
     </span>
    </p>
   </div>
   <div class='ocr_carea' id='block_1_110' title="bbox 2161 4954 3741 5032">
    <p class='ocr_par' dir='ltr' id='par_1_110' title="bbox 2161 4954 3741 5032">
     <span class='ocr_line' id='line_1_110' title="bbox 2161 4954 3741 5032; baseline -0.006 -18"><span class='ocrx_word' id='word_1_817' title='bbox 2161 4960 2371 5029; x_wconf 75' lang='grc' dir='ltr'>Νικαίᾳ</span> <span class='ocrx_word' id='word_1_818' title='bbox 2413 4957 2840 5029; x_wconf 79' lang='grc' dir='ltr'>προϐάλλεσθαι,</span> <span class='ocrx_word' id='word_1_819' title='bbox 2883 4957 3100 5032; x_wconf 15' lang='grc' dir='ltr'><strong>καὶηὸτι</strong></span> <span class='ocrx_word' id='word_1_820' title='bbox 3140 4958 3174 5025; x_wconf 78' lang='grc' dir='ltr'>ἡ</span> <span class='ocrx_word' id='word_1_821' title='bbox 3213 4956 3272 5008; x_wconf 72' lang='grc' dir='ltr'><strong>ἒν</strong></span> <span class='ocrx_word' id='word_1_822' title='bbox 3291 4955 3529 5026; x_wconf 82' lang='grc' dir='ltr'>Σαρδικῇ</span> <span class='ocrx_word' id='word_1_823' title='bbox 3569 4954 3741 5024; x_wconf 75' lang='grc' dir='ltr'>ἠγαν-</span> 
     </span>
    </p>
   </div>
   <div class='ocr_carea' id='block_1_111' title="bbox 2163 5046 3739 5122">
    <p class='ocr_par' dir='ltr' id='par_1_111' title="bbox 2163 5046 3739 5122">
     <span class='ocr_line' id='line_1_111' title="bbox 2163 5046 3739 5122; baseline -0.006 -16"><span class='ocrx_word' id='word_1_824' title='bbox 2163 5053 2391 5122; x_wconf 82' lang='grc' dir='ltr'>ἀκτησε,</span> <span class='ocrx_word' id='word_1_825' title='bbox 2421 5053 2516 5106; x_wconf 81' lang='grc' dir='ltr'><strong>καὶ</strong></span> <span class='ocrx_word' id='word_1_826' title='bbox 2580 5050 2779 5120; x_wconf 84' lang='grc' dir='ltr'>ὥρισεν</span> <span class='ocrx_word' id='word_1_827' title='bbox 2819 5049 2903 5103; x_wconf 86' lang='grc' dir='ltr'>ὅτι</span> <span class='ocrx_word' id='word_1_828' title='bbox 2943 5049 3110 5119; x_wconf 79' lang='grc' dir='ltr'>μηδὲν</span> <span class='ocrx_word' id='word_1_829' title='bbox 3168 5046 3250 5100; x_wconf 78' lang='grc' dir='ltr'>ἔτι</span> <span class='ocrx_word' id='word_1_830' title='bbox 3318 5047 3450 5117; x_wconf 78' lang='grc' dir='ltr'><strong>περὶ</strong></span> <span class='ocrx_word' id='word_1_831' title='bbox 3505 5046 3739 5107; x_wconf 77' lang='grc' dir='ltr'>πίστεως</span> 
     </span>
    </p>
   </div>
   <div class='ocr_carea' id='block_1_112' title="bbox 2163 5133 3743 5216">
    <p class='ocr_par' dir='ltr' id='par_1_112' title="bbox 2163 5133 3743 5216">
     <span class='ocr_line' id='line_1_112' title="bbox 2163 5133 3743 5216; baseline -0.006 -17"><span class='ocrx_word' id='word_1_832' title='bbox 2163 5145 2498 5216; x_wconf 74' lang='grc' dir='ltr'>γράφεσθαι,</span> <span class='ocrx_word' id='word_1_833' title='bbox 2527 5144 2644 5197; x_wconf 74' lang='grc' dir='ltr'>ἀλλ’</span> <span class='ocrx_word' id='word_1_834' title='bbox 2674 5141 2964 5214; x_wconf 84' lang='grc' dir='ltr'>ἀρκεῖσθαι</span> <span class='ocrx_word' id='word_1_835' title='bbox 2987 5144 3052 5211; x_wconf 82' lang='grc' dir='ltr'><strong>τῇ</strong></span> <span class='ocrx_word' id='word_1_836' title='bbox 3078 5143 3135 5194; x_wconf 84' lang='grc' dir='ltr'>έν</span> <span class='ocrx_word' id='word_1_837' title='bbox 3179 5139 3388 5212; x_wconf 77' lang='grc' dir='ltr'>Νικαίᾳ</span> <span class='ocrx_word' id='word_1_838' title='bbox 3424 5139 3592 5215; x_wconf 38' lang='grc' dir='ltr'><strong>,παρὰ</strong></span> <span class='ocrx_word' id='word_1_839' title='bbox 3633 5133 3743 5192; x_wconf 68' lang='grc' dir='ltr'><strong>τῶν</strong></span> 
     </span>
    </p>
   </div>
   <div class='ocr_carea' id='block_1_113' title="bbox 2167 5230 3740 5306">
    <p class='ocr_par' dir='ltr' id='par_1_113' title="bbox 2167 5230 3740 5306">
     <span class='ocr_line' id='line_1_113' title="bbox 2167 5230 3740 5306; baseline -0.006 -16"><span class='ocrx_word' id='word_1_840' title='bbox 2167 5237 2430 5303; x_wconf 85' lang='grc' dir='ltr'><strong>Πατέρων</strong></span> <span class='ocrx_word' id='word_1_841' title='bbox 2462 5233 2870 5306; x_wconf 77' lang='grc' dir='ltr'>ὁμολογηθείσῃ</span> <span class='ocrx_word' id='word_1_842' title='bbox 2902 5232 3104 5295; x_wconf 87' lang='grc' dir='ltr'>πίστει,</span> <span class='ocrx_word' id='word_1_843' title='bbox 3154 5232 3243 5287; x_wconf 86' lang='grc' dir='ltr'><strong>διὰ</strong></span> <span class='ocrx_word' id='word_1_844' title='bbox 3271 5233 3335 5285; x_wconf 77' lang='grc' dir='ltr'>τὸ</span> <span class='ocrx_word' id='word_1_845' title='bbox 3398 5231 3568 5302; x_wconf 82' lang='grc' dir='ltr'>μηδὲν</span> <span class='ocrx_word' id='word_1_846' title='bbox 3602 5230 3740 5297; x_wconf 81' lang='grc' dir='ltr'><strong>αὐτῇ</strong></span> 
     </span>
    </p>
   </div>
   <div class='ocr_carea' id='block_1_114' title="bbox 2166 5320 3745 5396">
    <p class='ocr_par' dir='ltr' id='par_1_114' title="bbox 2166 5320 3745 5396">
     <span class='ocr_line' id='line_1_114' title="bbox 2166 5320 3745 5396; baseline -0.004 -13"><span class='ocrx_word' id='word_1_847' title='bbox 2166 5330 2460 5394; x_wconf 65' lang='grc' dir='ltr'>ἐλλείπειν,</span> <span class='ocrx_word' id='word_1_848' title='bbox 2506 5327 2644 5380; x_wconf 77' lang='grc' dir='ltr'><strong>ἀλλὰ</strong></span> <span class='ocrx_word' id='word_1_849' title='bbox 2707 5328 2892 5396; x_wconf 81' lang='grc' dir='ltr'><strong>πλήρη</strong></span> <span class='ocrx_word' id='word_1_850' title='bbox 2949 5326 3230 5389; x_wconf 78' lang='grc' dir='ltr'>εὐσεϐείας</span> <span class='ocrx_word' id='word_1_851' title='bbox 3292 5320 3491 5379; x_wconf 56' lang='lat' dir='ltr'><strong>sivetu</strong></span> <span class='ocrx_word' id='word_1_852' title='bbox 3549 5325 3664 5380; x_wconf 73' lang='grc' dir='ltr'><strong>Καὶ</strong></span> <span class='ocrx_word' id='word_1_853' title='bbox 3716 5324 3745 5376; x_wconf 88' lang='lat'><strong>6</strong></span> 
     </span>
    </p>
   </div>
   <div class='ocr_carea' id='block_1_115' title="bbox 2168 5406 3742 5491">
    <p class='ocr_par' dir='ltr' id='par_1_115' title="bbox 2168 5406 3742 5491">
     <span class='ocr_line' id='line_1_115' title="bbox 2168 5406 3742 5491; baseline -0.004 -16"><span class='ocrx_word' id='word_1_854' title='bbox 2168 5420 2437 5491; x_wconf 82' lang='grc' dir='ltr'>Κύριλλος</span> <span class='ocrx_word' id='word_1_855' title='bbox 2460 5419 2517 5471; x_wconf 88' lang='grc' dir='ltr'><strong>δέ</strong></span> <span class='ocrx_word' id='word_1_856' title='bbox 2546 5406 2735 5488; x_wconf 62' lang='grc' dir='ltr'>φησινέ</span> <span class='ocrx_word' id='word_1_857' title='bbox 2799 5437 2820 5472; x_wconf 79' lang='grc' dir='ltr'>ι</span> <span class='ocrx_word' id='word_1_858' title='bbox 2856 5421 2970 5472; x_wconf 85' lang='grc' dir='ltr'><strong>Οὐκ</strong></span> <span class='ocrx_word' id='word_1_859' title='bbox 3004 5418 3383 5488; x_wconf 68' lang='grc' dir='ltr'>ἐπιτρέπομεν</span> <span class='ocrx_word' id='word_1_860' title='bbox 3445 5419 3664 5481; x_wconf 71' lang='grc' dir='ltr'>ἑαυτοῖς</span> <span class='ocrx_word' id='word_1_861' title='bbox 3708 5416 3742 5486; x_wconf 74' lang='grc' dir='ltr'>ἢ</span> 
     </span>
    </p>
   </div>
   <div class='ocr_carea' id='block_1_116' title="bbox 2168 5502 3743 5585">
    <p class='ocr_par' dir='ltr' id='par_1_116' title="bbox 2168 5502 3743 5585">
     <span class='ocr_line' id='line_1_116' title="bbox 2168 5502 3743 5585; baseline -0.002 -19"><span class='ocrx_word' id='word_1_862' title='bbox 2168 5515 2399 5584; x_wconf 76' lang='grc' dir='ltr'>ἑτέροις,</span> <span class='ocrx_word' id='word_1_863' title='bbox 2433 5517 2466 5585; x_wconf 76' lang='grc' dir='ltr'><strong>ἢ</strong></span> <span class='ocrx_word' id='word_1_864' title='bbox 2501 5516 2645 5580; x_wconf 80' lang='grc' dir='ltr'>λέξιν</span> <span class='ocrx_word' id='word_1_865' title='bbox 2677 5502 2909 5584; x_wconf 73' lang='grc' dir='ltr'>ἀμεῖψαι</span> <span class='ocrx_word' id='word_1_866' title='bbox 2933 5515 3043 5568; x_wconf 85' lang='grc' dir='ltr'><strong>τῶν</strong></span> <span class='ocrx_word' id='word_1_867' title='bbox 3094 5515 3437 5583; x_wconf 77' lang='grc' dir='ltr'>ἐγκειμένων</span> <span class='ocrx_word' id='word_1_868' title='bbox 3478 5513 3682 5573; x_wconf 76' lang='grc' dir='ltr'>ἐκεῖσε,</span> <span class='ocrx_word' id='word_1_869' title='bbox 3712 5509 3743 5577; x_wconf 81' lang='grc' dir='ltr'>ἢ</span> 
     </span>
    </p>
   </div>
   <div class='ocr_carea' id='block_1_117' title="bbox 2172 5601 3744 5678">
    <p class='ocr_par' dir='ltr' id='par_1_117' title="bbox 2172 5601 3744 5678">
     <span class='ocr_line' id='line_1_117' title="bbox 2172 5601 3744 5678; baseline -0.003 -20"><span class='ocrx_word' id='word_1_870' title='bbox 2172 5607 2300 5676; x_wconf 86' lang='grc' dir='ltr'>μίαν</span> <span class='ocrx_word' id='word_1_871' title='bbox 2331 5606 2462 5673; x_wconf 80' lang='grc' dir='ltr'>γοῦν</span> <span class='ocrx_word' id='word_1_872' title='bbox 2518 5609 2836 5678; x_wconf 80' lang='grc' dir='ltr'>παραϐῆναι</span> <span class='ocrx_word' id='word_1_873' title='bbox 2893 5606 3190 5675; x_wconf 79' lang='grc' dir='ltr'>συλλαϐήν.</span> <span class='ocrx_word' id='word_1_874' title='bbox 3224 5624 3241 5656; x_wconf 74' lang='grc' dir='ltr'><strong>ι</strong></span> <span class='ocrx_word' id='word_1_875' title='bbox 3303 5605 3422 5658; x_wconf 85' lang='grc' dir='ltr'><strong>Ἔτι</strong></span> <span class='ocrx_word' id='word_1_876' title='bbox 3466 5602 3577 5654; x_wconf 88' lang='grc' dir='ltr'><strong>τῶν</strong></span> <span class='ocrx_word' id='word_1_877' title='bbox 3625 5601 3744 5658; x_wconf 76' lang='grc' dir='ltr'><strong>κατ’</strong></span> 
     </span>
    </p>
   </div>
   <div class='ocr_carea' id='block_1_118' title="bbox 2172 5694 3860 5778">
    <p class='ocr_par' dir='ltr' id='par_1_118' title="bbox 2172 5694 3860 5778">
     <span class='ocr_line' id='line_1_118' title="bbox 2172 5694 3860 5778; baseline -0.004 -26"><span class='ocrx_word' id='word_1_878' title='bbox 2172 5698 2446 5767; x_wconf 77' lang='grc' dir='ltr'>Αἴγυπτον</span> <span class='ocrx_word' id='word_1_879' title='bbox 2473 5702 2563 5754; x_wconf 80' lang='grc' dir='ltr'>καὶ</span> <span class='ocrx_word' id='word_1_880' title='bbox 2599 5699 2809 5778; x_wconf 75' lang='grc' dir='ltr'>Λιϐύην</span> <span class='ocrx_word' id='word_1_881' title='bbox 2867 5696 3184 5754; x_wconf 70' lang='grc' dir='ltr'>ἐπισκόπων</span> <span class='ocrx_word' id='word_1_882' title='bbox 3241 5699 3596 5766; x_wconf 75' lang='grc' dir='ltr'>ἐνενήκοντα,</span> <span class='ocrx_word' id='word_1_883' title='bbox 3651 5694 3746 5749; x_wconf 68' lang='grc' dir='ltr'>καὶ</span> <span class='ocrx_word' id='word_1_884' title='bbox 3856 5724 3860 5728; x_wconf 58' lang='grc' dir='ltr'><strong>π</strong></span> 
     </span>
    </p>
   </div>
   <div class='ocr_carea' id='block_1_119' title="bbox 2907 3849 3856 3922">
    <p class='ocr_par' dir='ltr' id='par_1_119' title="bbox 2907 3849 3856 3922">
     <span class='ocr_line' id='line_1_119' title="bbox 2907 3849 3856 3922; baseline -0.003 -17"><span class='ocrx_word' id='word_1_885' title='bbox 2907 3851 3103 3922; x_wconf 76' lang='grc' dir='ltr'>ἐξῆρχε</span> <span class='ocrx_word' id='word_1_886' title='bbox 3153 3854 3511 3921; x_wconf 79' lang='grc' dir='ltr'>Διόσκορος.»</span> <span class='ocrx_word' id='word_1_887' title='bbox 3573 3849 3743 3913; x_wconf 76' lang='grc' dir='ltr'>’Ὅθεν</span> <span class='ocrx_word' id='word_1_888' title='bbox 3850 3894 3856 3902; x_wconf 92' lang='grc'>.</span> 
     </span>
    </p>
   </div>
  </div>
