3962 6328
177 330 273 394 247

1288 322 1325 377 A
1341 321 1385 379 D
1434 318 1784 378 IMPERA'I‘.
1829 315 2312 374 TltAi’EZUNT.

3315 321 3419 382 235‘

182 446 430 513 ιιατέρες
454 442 513 495 οὐ
549 440 934 509 συνεχώρησαν
977 436 1067 489 διὰ
1114 435 1224 487 τῶν
1285 434 1501 485 οἰκείων
1555 432 1737 500 (ριιυνῶπΙ

1851 446 1904 484 et
1931 432 2282 500 Eutychetem
2304 429 2639 483 confundere
2672 437 2968 483 lcntantem
2989 434 3281 486 venerandi
3324 437 3421 488 ι’..-

180 538 269 593 καὶ
335 536 647 605 δογμάτων.
709 529 863 584 Οὕτω
917 528 974 581 δὲ
1023 527 1118 582 καὶ
1151 526 1240 578 τὸν
1300 526 1399 593 τῆς
1443 525 1752 591 οἰκονομίας

178 629 485 697 Νεστόριον
549 625 783 694 διαιρεῖν
820 619 1211 692 μηχανώμενον
1263 618 1291 669 ὁ
1335 618 1603 686 μακάριος
1646 616 1747 668 οὐκ

177 721 330 773 εἴασε
366 716 679 787 Κύριλλοςο
716 714 902 783 ὥσπερ
949 708 1044 765 οὖν
1091 712 1185 765 καὶ
1236 709 1479 777 Εὖτυχέα
1528 710 1748 776 συγχεῖν

181 812 524 881 ἐθελήσαντα
596 806 931 860 διεκώλυσαν
992 805 1041 856 οί
1116 805 1172 854 ὲν
1221 800 1527 869 Χαλκηδόνι
1575 800 1746 867 τίμιοι

182 902 453 971 Πατέρες.
491 898 616 961 Πῶς
640 894 736 949 οὖν
792 896 933 965 ὑπὲρ
993 893 1089 946 τοῦ
1122 892 1330 961 ἀγαθοῦ
1367 893 1464 944 σὺν
1509 890 1746 952 ἐκείναις

180 993 320 1061 φημὶ
375 993 500 1053 ταῖς
552 988 794 1050 συνόδοις
856 988 950 1041 καὶ
982 986 1188 1053 ταύτην
1242 985 1343 1039 οὐκ
1391 984 1743 1053 ἀποδέχεσθε,

178 1083 259 1135 διὰ
289 1082 355 1133 τὸ
376 1080 510 1134 αὐτὸ
540 1082 635 1133 καὶ
670 1080 783 1131 ἴσον
811 1078 1009 1142 καλόν;
1048 1077 1116 1129 Ἦ
1165 1072 1369 1146 ταύτην
1407 1074 1482 1137 ὡς
1514 1075 1741 1140 μισόπα-

179 1174 255 1226 λοι
297 1166 763 1239 διαλοιδοροῦντες
822 1168 1316 1235 συνδιαλοιδορεῖτε
1377 1165 1660 1231 κάκείνας,
1714 1165 1742 1217 ὂ

178 1261 236 1327 δὴ
265 1261 511 1329 μάλιστα
561 1259 841 1320 ποιοῦντες
885 1260 998 1320 τοῖς
1048 1259 1391 1327 πράγμασιν,
1425 1255 1742 1309 εὐλαϐεῖσθε

182 1354 291 1414 τοῖς
355 1353 621 1421 ῥήμασιν,
682 1350 752 1402 ἶν’
812 1348 1096 1411 εύσεσείας
1165 1348 1483 1416 πλάσμασιν
1532 1347 1745 1410 ὲκείνας

178 1441 342 1509 δῆθεν
372 1444 519 1495 κατά
575 1441 776 1510 ταύτης
832 1439 1223 1508 σεμνύναντες,
1281 1439 1369 1493 διὰ
1415 1441 1617 1509 ταύτης
1648 1442 1746 1493 κά-

179 1534 365 1594 κείνας
410 1532 745 1602 λυμήνησθε,
799 1532 861 1585 τὸ
908 1531 1022 1585 ίσον
1070 1532 1260 1594 αὑταῖς
1310 1531 1397 1585 διὰ
1462 1531 1561 1601 τὴν
1620 1532 1743 1600 ίσην

1857 537 1966 581 tres
1983 526 2455 579 Chalcedonenses
2480 516 2899 593 impediverunt.
2924 528 3103 590 Quare
3126 528 3293 594 igitur
3316 544 3417 580 una
3491 524 3495 527 λ

1852 634 1975 673 cum
2007 620 2115 671 illis
2169 619 2392 687 synodis
2430 619 2569 671 hanc
2626 633 2847 688 quoque
2908 628 3126 687 propter
3170 618 3309 671 idem
3367 633 3421 669 ιιι

1851 727 1948 781 par
1987 712 2183 765 bonum
2219 726 2325 765 non
2355 710 2747 780 amplectimini
2777 712 2929 765 ?Ant
2955 711 3095 764 hanc
3134 712 3297 764 veluti
3333 729 3416 764 rc-

1852 818 1973 857 rum
2021 803 2380 857 honestarum
2440 817 2628 858 osores
2695 803 2997 871 opprobrio
3059 804 3417 870 excipientes,

1848 894 2140 964 opprobrio
2175 896 2303 963 item
2328 904 2383 948 et
2411 894 2531 947 illas
2564 896 2837 963 excipitis,
2866 895 3010 964 quod
3071 895 3415 964 pOliSSillltltti

1850 1000 1971 1039 cum
2001 1002 2164 1056 opere
2217 986 2513 1056 prmstetis,
2552 987 2729 1041 verbis
2776 986 2827 1041 id
2876 987 3154 1041 adversari
3191 988 3417 1057 ﬁngitis,

1851 1086 1910 1128 ut
1962 1075 2178 1146 pietatis
2227 1076 2540 1129 tictionibus
2604 1075 2722 1130 illas
2774 1075 3036 1129 adversus
3086 1076 3224 1129 hanc
3265 1091 3417 1128 coms

1852 1166 2168 1219 mendantes
2205 1174 2364 1232 atque
2394 1164 2739 1224 extollentes.
2770 1179 2862 1229 per
2894 1164 3033 1217 hanc
3056 1174 3107 1218 et
3140 1164 3245 1218 illis
3271 1166 3416 1217 labe-

1851 1254 2087 1315 !aetatis,
2121 1254 2328 1322 aequale
2352 1254 2459 1307 illis
2494 1262 2710 1323 propter
2731 1254 2935 1322 aequale
2968 1253 3176 1307 facinus
3205 1255 3412 1307 crimen

1850 1347 2321 1416 appingatis.Qnis
2354 1348 2534 1414 itaque
2569 1353 2772 1399 tantam
2799 1346 2961 1398 vestri
2991 1345 3254 1398 adversus
3298 1346 3413 1414 pix:-

1850 1447 2015 1493 tatem
2049 1439 2274 1508 piosque
2313 1438 2458 1491 viros
2490 1437 2852 1506 arrogantiam
2913 1438 3245 1492 sustinebit?
3284 1457 3302 1489 ι
3360 1449 3415 1493 et

1851 1546 1970 1599 qua:
2005 1540 2327 1599 sequuntur.

179 1627 377 1697 πρᾶξιν
410 1627 760 1695 ἐπιφέροντες
786 1624 1058 1692 ἔγκλημα.
1081 1625 1178 1687 Τίς
1219 1623 1311 1677 οὖν
1350 1622 1507 1693 ἡμῶν
1530 1623 1628 1692 τὴν
1660 1621 1929 1693 τοσαύτην
1998 1621 2210 1675 ὖττοίσει
2273 1622 2412 1676 κατά
2468 1623 2565 1692 τῆς
2612 1622 2894 1685 εὐσεόείας
2942 1624 3035 1676 καὶ
3105 1624 3214 1674 τῶν
3265 1625 3414 1678 εὐσε-

180 1720 420 1772 ίέούντων
452 1717 776 1781 αὐθάδειανς
812 1736 831 1769 ι
870 1718 964 1770 καὶ
988 1717 1055 1770 τὰ
1081 1716 1227 1787 ἑξῆς.

247 1810 336 1874 ιζ’.
364 1811 488 1865 Ὀτι
518 1812 572 1864 δὲ
599 1812 631 1878 ἡ
679 1810 809 1877 ἁγία
858 1812 953 1863 καὶ
991 1785 1345 1879 οίκουμενικὴ
1393 1810 1555 1877 τρίτη
1595 1810 1724 1862 σύν·
1758 1785 1810 1872 ’Β

179 1901 294 1961 οδος
338 1901 431 1953 διὰ
458 1900 553 1953 τοῦ
588 1900 733 1953 θείου
769 1900 1033 1968 Κυρίλλου
1081 1901 1180 1969 τὴν
1214 1900 1461 1953 ἐναντίαν
1487 1900 1725 1968 ἀποτρέ-

182 2008 294 2055 πει,
324 1990 440 2043 ἀλλ’
471 1990 535 2043 οὐ
577 1989 676 2059 τὴν
704 1987 1006 2058 όρθόδοξον,
1045 1988 1181 2042 ἀλλά
1238 1991 1335 2042 καὶ
1372 1990 1572 2059 μᾶλλον
1603 2007 1735 2060 προ-

180 2082 369 2152 τρέπει
414 2080 643 2150 ταύτην,
687 2082 783 2132 καὶ
840 2081 1039 2148 ἑτέραν
1093 2079 1297 2150 κυρίως
1349 2082 1449 2151 τὴν
1490 2082 1737 2135 ἐναντίαν

182 2175 483 2227 ἀποκαλεῖ·
516 2176 583 2241 τῇ
631 2172 689 2225 δὲ
728 2171 921 2242 ἀληθεῖ
952 2174 1044 2225 καὶ
1077 2172 1387 2241 προσίεται,
1424 2172 1518 2225 καὶ
1549 2172 1736 2243 βδελυ-

185 2268 305 2336 ροὺς
353 2264 625 2318 ἀποκαλεῖ
666 2265 795 2326 τοὺς
844 2264 1274 2333 ἀποσειομένους
1302 2262 1532 2333 ταύτην,
1564 2265 1735 2332 αὐτῆς

181 2358 272 2427 τῆς
306 2356 471 2423 ἁγίας
521 2355 742 2408 συνόδου
776 2356 914 2426 πρὸς
956 2354 1214 2407 Ἀκάκιον
1265 2354 1529 2424 λεγούσης
1574 2355 1737 2407 ἀκού-

184 2467 384 2518 σωμεν.
415 2448 560 2519 Φησὶ
587 2448 696 2517 γὰρ
751 2450 811 2500 ὲν
862 2447 1057 2518 ταύτῃ⁸
1100 2464 1119 2499 ι
1156 2448 1230 2499 Οὐ
1259 2446 1495 2510 πίστεως
1524 2447 1737 2500 ἔκθεσιν

182 2542 433 2611 ἐξῄτηντο
466 2540 599 2610 παρ’
634 2539 794 2609 ἡμῶν
821 2557 988 2602 τινες,
1022 2541 1053 2605 ἢ
1088 2536 1219 2605 γοῦν
1253 2538 1737 2610 καινοτομηθεῖσαν

184 2634 306 2702 παρ’
336 2628 543 2701 ἐτέρων
590 2630 1017 2699 κατεδεξάμεθα.
1062 2631 1302 2701 Ἀπόχρη
1361 2631 1470 2702 γὰρ
1520 2632 1651 2700 ἡμῖν
1700 2634 1732 2700 ὴ

185 2728 533 2787 θεόπνευστος
591 2724 820 2795 Γραφὴ,
877 2724 1119 2779 καὶτῶν
1176 2725 1350 2793 ἁγίων
1400 2726 1735 2796 Πατέρωνηὴ

187 2817 359 2885 νῆψις,
398 2817 583 2869 καὶτὸ
618 2816 725 2886 πρὸ
777 2816 886 2869 πᾶν
920 2816 1099 2869 ὁτιοῦν
1129 2818 1357 2885 ἐχόντων
1387 2817 1561 2887 ὀρθῶς
1586 2820 1735 2870 ἐκτε-

185 2908 534 2975 τορνιυμένον
587 2908 687 2972 τῆς
719 2907 952 2969 πίστεως
986 2906 1283 2975 Σύμϐολον.
1320 2907 1473 2961 Ἐπεὶ
1507 2908 1565 2960 δὲ
1591 2903 1730 2978 ἦσαν

185 3001 232 3051 οἱ
263 3002 395 3052 κατὰ
422 3002 523 3068 τὴν
560 2999 828 3067 ἀνατολὴν
860 2998 1147 3052 ὁσιώτατοι
1177 3001 1470 3053 ἐπίσκοποι
1491 3000 1736 3070 διχονοήυ

133 3110 138 3115 ·
188 3107 372 3151 σαντες
409 3089 551 3158 πρὸς
589 3089 735 3157 ἡμᾶς
787 3088 929 3141 κατά
980 3088 1078 3158 τὴν
1118 3090 1403 3158 Ἐφεσίων,
1449 3092 1545 3145 καὶ
1579 3092 1737 3159 γεγό-

188 3180 303 3232 νασί
335 3199 448 3243 πως
482 3182 540 3232 ὲν
568 3180 773 3249 ὑποψίᾳ
801 3180 895 3233 τοῦ
948 3181 1042 3233 καὶ
1090 3181 1357 3235 ἐναλῶναι
1386 3181 1597 3250 βρόχοις
1626 3182 1735 3234 τῶν
1760 3156 1806 3219 C

188 3270 277 3323 τοῦ
307 3272 598 3340 Νεστορίου
629 3273 977 3340 δυσφημιῶν,
1009 3272 1181 3344 ταύτῃ
1209 3290 1296 3325 τοι
1328 3273 1424 3326 καὶ
1463 3275 1608 3342 μάλα
1640 3275 1738 3341 ἐμ-

190 3362 392 3429 φρόνως
447 3363 886 3426 ἀπαλλάττοντες
940 3363 1167 3426 ἑαυτοὺς
1221 3364 1316 3433 τῆς
1378 3365 1470 3416 ἐπὶ
1528 3364 1737 3428 τούτοις

189 3453 375 3515 αίτίας,
426 3456 519 3507 καὶ
569 3456 695 3517 τοὺς
738 3454 838 3521 τῆς
894 3456 1197 3525 ἀμωμήτου
1234 3455 1466 3517 πίστεως
1500 3457 1734 3524 ἐραστὰς

191 3543 545 3612 πληροφορεῖν
574 3545 1075 3609 σπουδάζοντες,ὂτι
1099 3546 1194 3614 τῆς
1214 3546 1422 3598 ἐκείνου
1454 3546 1735 3616 βδελυρῗας

191 3636 423 3703 ἀμοιρεῖν
470 3636 771 3703 ἐγνώκασι,
855 3638 1177 3707 πεποίηνται
1230 3636 1327 3707 τὴν
1400 3638 1717 3704 ἀπολογίαν.

195 3724 297 3775 Καὶ
338 3725 393 3775 τὸ
433 3724 627 3794 χρῆμά
672 3726 792 3777 ἐστι
838 3725 1012 3793 ψόγου
1053 3742 1113 3778 τε
1169 3728 1367 3788 παντὸς
1416 3729 1506 3779 καὶ
1536 3727 1730 3795 μώμου

196 3814 416 3881 μακράν.
450 3816 597 3883 Ἀρα
629 3816 677 3867 εί
714 3817 809 3869 καὶ
836 3815 1127 3886 Νεστόριος
1167 3816 1287 3887 κατ’
1310 3819 1485 3869 ἐκεῖνο
1513 3814 1733 3885 καιροῦ,

96 3898 100 3903 ’
190 3900 302 3952 καθ’
330 3903 385 3954 ὃν
420 3903 552 3955 αὐτὸ
596 3905 939 3973 προετείνετο
992 3907 1143 3974 παρὰ
1204 3906 1421 3965 πάντων
1450 3907 1627 3976 ἡμῶν,
1675 3905 1735 3956 τὸ

193 3993 380 4061 χρῆναι
407 3995 896 4065 καταψηφίσασθαι
926 3998 1034 4051 τῶν
1064 3999 1261 4053 ἑαυτοῦ
1297 4000 1602 4070 δογμάτων,
1640 3998 1735 4051 καὶ

194 4086 494 4140 ἀνθελέσθαι
526 4089 626 4156 τὴν
669 4087 948 4156 ἀλήθειαν,
997 4088 1275 4159 ἔγγραφον
1307 4092 1604 4159 ἐποιήσατο
1634 4089 1731 4160 τὴν

193 4180 278 4231 ἐπὶ
308 4181 510 4243 τούτοις
557 4180 869 4249 ὁμολογίαν·
919 4183 1009 4233 καὶ
1043 4183 1207 4234 αὑτὸν
1252 4183 1319 4234 ἂν
1375 4184 1459 4243 τίς
1500 4183 1601 4252 ἔφη
1640 4176 1739 4235 πίέ

196 4286 351 4335 στεως
396 4274 527 4342 ἡμῖν
586 4273 988 4343 καινοτομῆται
1055 4274 1369 4345 Σύμΰολον;
1430 4277 1495 4328 Τί
1548 4276 1730 4328 τοίνυν

191 4362 628 4434 διαλοιδοροῢντες
664 4365 844 4434 μάτην
890 4365 1106 4419 ἔκθεσιν
1164 4366 1438 4436 Συμϐόλου
1491 4368 1590 4421 καὶ
1640 4367 1732 4421 νῦν

192 4455 530 4523 ὀνομάζοντες
563 4457 665 4527 τὴν
706 4457 928 4512 σύνεσιν
960 4458 1068 4511 τῶν
1124 4460 1268 4512 κατά
1318 4460 1424 4530 τὴν
1475 4461 1731 4528 Φοινίκην

196 4546 602 4602 θεοσεσεστάτων
628 4550 972 4613 ἐπισκόπων,
1005 4550 1072 4620 ἢν
1112 4551 1408 4619 πεποίηται
1441 4551 1729 4621 χρησίμως

192 4654 248 4689 τε
291 4639 377 4691 καὶ
408 4640 742 4707 ἀναγκαίως,
773 4638 1210 4711 ἀπολογούμεναί
1243 4658 1303 4693 τε
1347 4640 1734 4709 καϊθεραπεύ-

194 4744 332 4791 οντες
362 4731 478 4792 τοὺς
504 4728 818 4800 οἰηθέντας,
848 4730 932 4781 ὅτι
975 4731 1094 4793 ταῖς
1151 4728 1449 4796 Νιστορίου
1491 4746 1731 4783 κατακο-

194 4819 427 4875 λουθοῦσι
455 4819 886 4890 καινοφωνίαιςς
930 4818 998 4873 Ἥ
1050 4822 1148 4890 μὶν
1196 4817 1289 4873 οὖν
1325 4822 1456 4886 ἁγία
1514 4821 1731 4884 σύνοδος

196 4913 283 4964 καὶ
307 4913 651 4982 οίκουμενικὴ
674 4915 708 4984 ἡ
738 4912 882 4967 κατά
904 4929 967 4981 γε
986 4911 1083 4983 τὴν
1111 4913 1220 4965 τῶν
1256 4911 1521 4981 Ἐφεσίων
1549 4930 1729 4966 συνει-

194 4998 413 5073 λεγμένη
448 5003 854 5074 πῳεπενὸησεν
883 5002 1341 5076 ἀναγκαίωςῆτοῦν
1359 5003 1434 5074 μὴ
1466 5004 1576 5056 δεῖν
1608 5006 1729 5066 ταῖς

205 5091 531 5163 Ἐκκλησίαις
558 5093 656 5148 τοῦ
681 5092 817 5148 Θεοῦ
852 5094 1092 5157 πίστεως
1142 5094 1359 5148 ἔκθεσιν
1402 5096 1597 5167 ἑτέραν
1620 5099 1731 5149 ιίσ-

196 5182 450 5249 κρίνεσθαι
496 5186 648 5255 παρά
679 5201 744 5253 γε
778 5180 1090 5255 τὴννοῦσαν,
1127 5185 1196 5257 ἢν
1238 5187 1292 5239 οἱ
1341 5188 1730 5258 τρισμακάριοι

196 5270 413 5345 Πατέρες
450 5274 508 5327 ὲν
556 5274 1037 5345 ἀγίῳ-Πνεύματι
1095 5264 1382 5338 λαλοῦντες
1434 5277 1724 5346 ὡρίσαντο.

194 5361 260 5415 Οῐ
290 5380 348 5431 γι
378 5366 479 5435 μὴν
509 5360 657 5435 ἅπαξ
686 5367 794 5442 οὐκ
820 5368 1023 5431 εἰδότες
1064 5363 1160 5422 τοῦ
1193 5368 1268 5439 μὴ
1311 5367 1484 5439 ὀρθῶς
1512 5369 1728 5423 ἑλέσθαι

194 5460 392 5522 φρονεῖν
416 5498 429 5523 ,
478 5462 619 5530 μήτε
681 5462 788 5531 μὴν
818 5462 930 5524 τοῖς
974 5461 1354 5524 ἀποστολικοῖς
1389 5478 1451 5514 τε
1486 5462 1581 5515 καὶ
1628 5462 1725 5515 εὐ-

194 5550 475 5615 ατγιλικοῖς
493 5552 720 5607 ἕπεσθαι
744 5552 1027 5622 δόγμασιν,
1061 5549 1172 5621 ἆρα
1208 5553 1518 5615 σιωπῶντες
1547 5552 1725 5624 ἀπηλ-

199 5638 433 5706 λάγησαν
469 5648 530 5720 ἂν
551 5648 645 5712 τῆς
678 5646 772 5698 ἐπὶ
823 5647 993 5712 τούτῳ
1026 5646 1415 5710 δ.δασκαλίας;
1455 5647 1488 5715 ἢ
1526 5646 1725 5712 μᾶλλον

192 5729 613 5806 ἀπολογούμενοι,
658 5740 751 5790 χι).
804 5738 899 5807 τῆς
949 5738 1174 5809 ἐνούσης
1214 5739 1397 5802 αὐτοῖς
1434 5738 1590 5806 δόξης
1627 5738 1724 5807 τὴν

1914 1809 1998 1862 17.
2028 1807 2282 1877 Sanctam
2336 1815 2594 1876 prmterea
2630 1816 2685 1862 et
2731 1808 3128 1863 meumcnieam
3189 1809 3404 1861 tertiam

1844 1903 2108 1972 synodum
2140 1902 2250 1955 divi
2293 1901 2478 1971 Cyrilli
2543 1901 2741 1965 verbis,
2819 1901 3144 1955 contrariam
3212 1900 3407 1952 abhor-

1846 2007 1983 2051 rere.
2020 2006 2128 2044 non
2160 1991 2543 2053 orthodoxam,
2603 2006 2765 2058 quam
2824 1991 3003 2059 potius
3036 1991 3293 2053 inculcat,
3354 2002 3408 2044 et

1842 2083 2001 2137 aliam
2032 2082 2247 2151 proprie
2274 2083 2605 2136 contrariam
2640 2091 2949 2149 nuncupat:
2989 2098 3169 2136 veram
3200 2084 3405 2149 ample-

1844 2174 1940 2239 cti,
1978 2183 2031 2228 et
2073 2187 2192 2227 eam
2256 2173 2628 2242 repudiautes,
2689 2174 3054 2227 exsecrandos
3109 2174 3401 2241 appellare,

1842 2267 1910 2322 ab
1931 2266 2116 2320 eadem
2147 2266 2263 2332 ipsa
2295 2266 2501 2336 synodo
2563 2263 2797 2334 Epistola
2829 2266 2895 2318 ad
2934 2266 3215 2330 Acacium,
3285 2266 3398 2321 haec

1843 2358 2029 2411 eadem
2071 2357 2405 2420 insinuante,
2428 2356 2730 2410 audiamus.
2766 2356 2854 2409 Ait
2894 2372 3129 2426 namque
3189 2359 3244 2412 in
3296 2373 3398 2412 ea:

1806 2500 1809 2511 ,
1849 2468 1867 2502 ι
1898 2450 2007 2503 Nus
2032 2463 2203 2517 neque
2226 2462 2416 2511 novam
2442 2446 2562 2500 tidei
2589 2446 2979 2515 expositionem
3002 2451 3069 2503 ab
3099 2450 3204 2502 ullo
3223 2452 3405 2519 exegi-

1844 2554 1987 2605 mus,
2042 2553 2214 2605 neque
2244 2537 2311 2592 ab
2336 2537 2457 2593 aliis
2484 2537 2793 2592 innovatam
2833 2538 3176 2597 admisimus.
3239 2540 3398 2595 Sulli-

1842 2631 1915 2686 cit
1939 2631 2079 2684 enim
2109 2631 2265 2685 nobis
2295 2646 2324 2683 a
2349 2629 2457 2685 Deo
2506 2630 2764 2699 inspirata
2812 2630 3113 2702 Scriptura,
3183 2649 3402 2689 saneto-

1842 2734 2071 2788 rumque
2100 2714 2320 2773 Patrum
2367 2720 2680 2789 prudentia,
2711 2731 2764 2775 et
2792 2734 2916 2776 ante
2948 2726 3127 2777 omnia
3174 2724 3403 2795 Syinbo.

1843 2811 1951 2864 lum
1992 2811 2113 2865 ﬁdei
2148 2810 2216 2864 ad
2273 2812 2457 2865 omnia
2510 2823 2652 2865 recta
2709 2813 2956 2882 dogmata
3012 2825 3135 2883 apte
3191 2819 3401 2886 riteque

1840 2902 2241 2957 concinnatum.
2309 2904 2448 2975 Quia
2514 2920 2642 2959 vero
2704 2908 3033 2961 sanctissimi
3094 2900 3398 2966 Orientales

1839 2993 2098 3063 episcopi,
2123 3010 2243 3048 cum
2283 2994 2477 3064 Ephesi
2508 3006 2711 3059 essent,
2742 3012 2771 3051 a
2799 2999 2954 3052 nobis
2984 3001 3396 3069 dissentiebant,

1839 3101 2008 3155 eaque
2036 3085 2102 3140 de
2128 3100 2312 3148 causa,
2362 3088 2521 3155 quasi
2554 3088 3011 3158 blasphemiarum
3039 3090 3271 3148 Nestorii
3316 3096 3398 3149 la.

1840 3179 1993 3247 queis
2025 3178 2261 3232 irretitos
2293 3179 2487 3242 teneri,
2522 3181 2761 3248 susliicio
2792 3193 2930 3249 erat,
2963 3193 3019 3235 ut
3050 3200 3113 3237 eo
3147 3186 3397 3250 crimine,

1844 3270 1915 3321 uti
1944 3284 2035 3333 par
2062 3278 2197 3332 erat,
2225 3285 2384 3337 quam
2420 3270 2843 3338 prudentissime
2872 3290 2929 3326 se
2956 3274 3270 3339 liberarent,
3314 3279 3398 3330 in-

1838 3362 2180 3430 culpataeque
2232 3361 2355 3415 fidei
2389 3365 2728 3419 amatoribus
2758 3379 2850 3433 per
2879 3369 3059 3419 omnia
3109 3369 3398 3424 satisface-

1842 3460 2077 3516 rent,ac
2124 3450 2459 3507 Nestorianae
2512 3455 2807 3523 impietatis
2865 3473 2922 3510 se
2969 3468 3219 3528 expertes
3276 3479 3399 3517 esse

1838 3545 2206 3605 ostenderent,
2248 3545 2544 3613 apologiam
2611 3561 3056 3615 composuerunt,
3085 3564 3137 3603 et
3183 3552 3234 3605 id
3273 3556 3394 3623 qui-

1838 3637 1957 3691 dem
2010 3637 2296 3690 admodum
2342 3639 2650 3705 prudenter,
2707 3652 2915 3695 tantum
2963 3647 3138 3708 abest,
3183 3656 3241 3699 ut
3295 3651 3397 3701 hoe

1840 3730 2063 3782 istm-uin
2098 3730 2298 3783 factum
2338 3731 2519 3800 aliqua
2548 3736 2769 3788 omnino
2800 3745 2924 3789 nota
2959 3748 3051 3792 aut
3102 3743 3395 3808 reprehen-

1838 3823 1992 3877 sione
2023 3823 2242 3891 dignum
2272 3822 2540 3879 videatur.
2562 3824 2700 3891 Quid
2729 3828 2869 3881 enim
2898 3829 2944 3882 si
2975 3829 3092 3898 ipse
3116 3831 3394 3889 Nestorius

1837 3926 1901 3966 eo
1934 3923 2192 3980 tempore,
2228 3928 2335 3980 quo
2363 3929 2391 3965 a
2422 3914 2579 3968 nobis
2622 3916 2878 3972 omnibus
2931 3920 3005 3975 illi
3056 3928 3395 3992 prOponeba-

1838 4010 1943 4064 tur,
1974 4009 2031 4054 ut
2060 4016 2158 4055 sua
2193 4002 2304 4071 ipse
2376 4004 2622 4073 dogmata
2655 4009 3039 4067 condemnaret
3084 4018 3391 4070 veritatem-

1835 4106 1940 4160 que
1968 4089 2407 4158 amplecteretur,
2431 4095 2686 4163 scriptam
2718 4098 2784 4151 iis
2811 4099 2876 4154 de
2901 4103 3061 4158 rebus
3091 4104 3391 4163 confessio-

1836 4198 1954 4234 nem
2002 4184 2357 4249 exhibuisset,
2418 4186 2686 4254 quiSpiant
2742 4190 2985 4246 dicturus
3048 4206 3186 4260 erat,
3238 4200 3386 4253 illum

1836 4285 2031 4323 novum
2067 4272 2189 4327 tidei
2214 4274 2528 4345 Symbolum
2564 4283 2994 4351 conscripsisse?
3031 4287 3172 4352 Quid
3222 4291 3389 4354 igitur

1837 4372 2038 4417 temere
2057 4366 2319 4421 conviciis
2347 4367 2679 4423 insectantur
2697 4374 3073 4430 sanetissitnos
3094 4378 3386 4436 Ρίιαξιιὶιιίδε

1763 4455 2138 4545 Depisropos,
2197 4474 2383 4511 eorum
2444 4476 2767 4518 consensum
2821 4482 3018 4522 novum
3071 4471 3387 4542 Symbolum

1836 4547 2186 4616 appellantes,
2230 4554 2386 4616 quem
2435 4552 2511 4605 illi
2544 4555 2747 4610 utiliter
2772 4568 2824 4611 ct
2854 4565 3163 4616 necessario
3207 4570 3392 4623 edide-

1835 4642 1979 4699 runt,
2002 4646 2057 4687 ut
2082 4636 2334 4689 nimirum
2361 4656 2417 4691 se
2439 4656 2750 4711 purgarent,
2773 4662 2972 4716 eosque
2996 4629 3389 4721 dentuicercnt,

1835 4722 1929 4791 qui
1953 4725 2101 4794 ipsos
2137 4726 2510 4784 Nestorianam
2544 4748 2731 4794 vocum
2759 4740 3049 4795 novitatem
3084 4750 3391 4821 approb‘m,

1835 4816 1935 4870 sibi
1974 4834 2293 4887 persuasum
2327 4823 2630 4879 habebant?
2681 4829 2879 4886 Sancta
2917 4835 3117 4906 quippe
3151 4849 3204 4893 et
3238 4816 3390 4897 (Jecu-

1832 4906 2042 4960 rnenica
2075 4914 2334 4978 synodus,
2378 4929 2499 4981 quas
2522 4914 2722 4986 Ephesi
2748 4936 3102 4991 convenerat,
3133 4944 3389 4986 necessao

1834 5000 1916 5052 rio
1943 4998 2197 5067 providit,
2231 5017 2340 5056 non
2367 5012 2616 5075 oportere
2647 5010 2806 5066 aliam
2838 5014 2961 5070 ﬁdei
2992 5020 3386 5085 expositionem

1832 5089 1886 5144 in
1936 5091 2210 5149 Ecclesias
2254 5094 2350 5150 Dei
2400 5097 2639 5166 inferre,
2693 5118 2884 5173 prmter
2922 5125 3061 5177 eam,
3110 5130 3230 5181 qua:
3273 5117 3385 5186 jam

1831 5184 2115 5250 exstabat,
2160 5203 2324 5257 quam
2376 5190 2675 5248 beatissimi
2726 5196 2912 5255 Patres
2965 5207 3138 5261 nostri
3196 5184 3390 5265 sanetu
3444 5192 3465 5229 ’·

1833 5276 2037 5372 Spiritu
2061 5279 2235 5336 locuti
2262 5280 2640 5345 deiiniverant.
2669 5290 2747 5364 illi
2778 5304 2957 5353 tamen
2985 5300 3053 5352 ab
3075 5302 3177 5357 hac
3199 5309 3385 5372 semel,

1830 5370 2015 5424 nescio
2055 5374 2363 5458 quomodo,
2420 5375 2710 5437 dissentire
2760 5386 2883 5450 vi:i,
2932 5400 2985 5443 et
3015 5393 3177 5461 quod
3213 5370 3419 5465 neque
3466 5430 3471 5447 μ

1831 5472 1980 5558 recte
2009 5464 2296 5558 sentirent,
2356 5485 2530 5539 neque
2580 5478 2890 5543 apostolicis
2952 5494 3005 5539 et
3056 5464 3387 5558 evangelicis

1832 5553 2179 5623 dogmatibus
2235 5560 2594 5633 adhmrereut,
2635 5568 2687 5621 in
2729 5574 3099 5641 suspicionem
3132 5553 3378 5648 adducti,

1829 5648 2090 5717 numquid
2141 5653 2514 5711 taciturnitate
2566 5659 2630 5714 ab
2676 5663 2775 5718 hac
2847 5666 3207 5736 ignominiosa
3256 5653 3385 5729 nota

1827 5757 1885 5794 se
1916 5740 2257 5809 thll‘JSJL'ltl,
2293 5760 2359 5798 an
2401 5749 2556 5817 plena
2612 5756 2794 5823 potius
2831 5760 3200 5821 sensim-time
3245 5783 3381 5823 suac-
