3962 6328
563 301 668 366 239

565 505 632 555 sti
671 502 970 569 discipulus
1006 501 1267 570 scriptum
1305 501 1522 568 reliquit
1555 518 1570 554 :
1602 500 1786 554 Parati
1827 516 2028 567 semper
2059 501 2125 551 ad

569 594 982 658 satisfactionem
1036 593 1177 645 omni
1221 593 1457 659 posccnli
1513 609 1597 645 vos
1645 593 1902 645 rationem
1961 593 2022 645 de
2067 608 2127 644 ea

568 702 682 753 quae
714 687 765 736 in
795 685 946 738 vobis
997 694 1074 736 est
1124 683 1274 750 spe‘.
1311 683 1412 746 Qui
1463 698 1591 752 ergo
1635 683 1736 735 hoc
1778 683 1887 735 vult
1928 683 2125 748 facere,

569 779 700 830 nihil
745 778 928 845 utique
959 775 1082 830 novi
1136 775 1379 839 molitur,
1429 792 1527 829 nec
1561 774 1683 828 ﬁdei
1729 775 2122 842 expositionem

567 869 828 920 innovare
877 868 1324 933 deprehenditur,
1372 868 1461 921 sed
1515 868 1692 935 potius
1723 882 1841 921 eam
1875 882 2034 936 quam
2065 868 2131 921 de

491 1016 494 1019 ,
565 959 786 1011 Christo
848 957 1006 1010 habet
1062 957 1219 1011 (idem
1277 958 1736 1027 interrogantibus
1788 958 2128 1027 prospicuam

569 1050 768 1102 reddit.
811 1049 1002 1102 Audivi
1053 1060 1308 1118 praeterea
1350 1048 1596 1102 veritatis
1629 1048 1812 1103 hostes
1858 1049 2132 1117 piissimo-

567 1157 686 1194 runi
736 1140 1116 1208 episcoporum
1152 1139 1496 1193 concordiam
1537 1139 1819 1206 a'gerrime
1871 1137 2030 1200 ferre,
2079 1145 2132 1191 et

570 1247 781 1286 rursum
816 1246 879 1284 ac
917 1231 1169 1284 deorsum
1202 1230 1432 1283 miscere
1464 1227 1646 1282 omnia
1683 1239 1846 1297 atque
1898 1229 2130 1298 jactare,

567 1324 954 1385 confessionis,
987 1337 1146 1392 quam
1184 1322 1259 1375 illi
1295 1323 1361 1375 de
1392 1327 1538 1375 recta
1569 1319 1694 1385 ﬁde,
1727 1321 1886 1386 nihil,
1914 1331 1971 1376 ut
1998 1323 2128 1386 dixi,

567 1417 916 1475 innovantes,
953 1415 1056 1466 hoc
1083 1421 1185 1477 est,
1224 1411 1361 1465 nihil
1389 1410 1452 1463 ad
1485 1424 1545 1463 ea
1571 1424 1691 1479 qua:
1721 1410 1846 1463 olim
1869 1412 2135 1465 constitu-

567 1518 618 1560 ta
644 1515 789 1568 sunt,
815 1505 1153 1572 adjicientes,
1178 1504 1268 1555 sed
1297 1501 1477 1570 potius
1503 1501 1794 1570 inculpatis
1816 1509 2132 1556 sanctorum

568 1597 802 1651 Patrum
827 1596 1090 1666 dogmatis
1139 1593 1498 1655 adhaerentes,
1545 1594 1860 1656 ediderunt,
1911 1607 2134 1647 sensum

568 1699 621 1744 et
671 1692 776 1743 vim
828 1684 949 1742 cum
1005 1685 1184 1755 impiis
1217 1685 1331 1740 suis
1383 1683 1704 1738 commentis
1754 1697 2075 1752 congruere.
2114 1699 2164 1731 ιι

567 1783 701 1837 Cum
738 1781 788 1834 id
827 1781 1006 1848 itaque
1037 1777 1322 1846 approbet,
1365 1784 1416 1829 et
1451 1785 1507 1829 ut
1537 1775 1629 1829 ﬁat
1662 1774 1900 1844 synodus
1939 1772 2140 1826 adhor-

570 1881 735 1934 tetur.
767 1870 1042 1941 quomodo
1070 1867 1313 1921 nonnulli
1348 1866 1637 1929 amrmant,
1671 1879 1700 1917 a
1727 1864 1898 1919 tertia
1929 1861 2138 1932 synodo

571 1965 993 2034 prohibitionem
1041 1959 1278 2014 factam?
1308 1957 1450 2023 Quin
1482 1969 1533 2011 et
1556 1965 1777 2034 sanctus
1825 1953 2140 2020 Gregorius,

567 2057 652 2110 cui
687 2071 715 2109 a
745 2053 1014 2122 theologia
1055 2066 1252 2104 nomen
1291 2058 1395 2113 est,
1427 2047 1492 2102 ad
1539 2030 1859 2101 Cledonium
1906 2046 1977 2097 ita
2008 2045 2145 2098 scri—

569 2148 678 2201 bit:
711 2145 852 2199 i'Nos
884 2144 1007 2197 lidei
1032 2142 1225 2196 Nicaeae
1260 2139 1416 2193 edita:
1441 2153 1469 2190 a
1501 2137 1706 2191 sanctis
1735 2136 2011 2198 Patribus.
2050 2136 2140 2205 qui

571 2254 636 2292 co
693 2243 1084 2295 convenerant,
1130 2233 1194 2285 ad
1243 2231 1500 2285 Arianam
1541 2228 1792 2283 haeresim
1841 2227 2140 2297 proﬂigan-

570 2333 694 2382 dam
734 2328 867 2383 nihil
903 2338 1139 2394 unquam
1191 2320 1621 2389 anteposuimus,
1673 2331 1776 2394 nec
1814 2327 2144 2387 anteponere

572 2435 885 2491 pessumus,
917 2418 1009 2473 sed
1059 2417 1205 2470 illius
1241 2414 1359 2468 ﬁdei
1401 2411 1583 2467 divina
1616 2390 1810 2481 gratia,
1845 2411 1988 2480 quod
2036 2425 2142 2465 non

575 2505 785 2581 integre
819 2513 883 2565 de
915 2507 1119 2577 Spiritu
1157 2514 1348 2561 sancto
1390 2504 1596 2558 dictum
1633 2512 1734 2566 est,
1762 2503 2026 2570 integrum
2067 2491 2144 2554 fa-

572 2606 800 2656 ciemus.
843 2619 860 2652 ι
909 2597 1062 2663 Quod
1089 2592 1428 2650 admirabilis
1453 2592 1722 2660 interpres
1750 2590 1898 2644 Elias
1920 2590 2144 2644 Creten-

577 2697 651 2748 sis
711 2693 788 2748 ita
839 2691 1062 2759 exponit
1104 2705 1118 2741 :
1172 2705 1189 2738 ι
1227 2685 1468 2755 Corpore
1520 2680 1787 2752 siquidem
1840 2678 2141 2734 dictionum

575 2786 840 2839 uritissum
886 2781 1086 2844 fuerat,
1125 2789 1180 2833 at
1243 2778 1446 2839 anima,
1503 2787 1624 2841 quae
1674 2771 1960 2826 sententiae
1994 2779 2142 2834 sunt,

579 2886 869 2944 nusquam.
909 2871 1252 2939 Quapropter
1296 2876 1539 2930 sanctus,
1577 2879 1683 2917 non
1719 2865 2006 2929 omissum,
2051 2867 2144 2920 sed

577 2982 681 3020 non
743 2963 954 3031 integre
1009 2960 1213 3014 dictum
1265 2957 1512 3026 corporis
1559 2954 1799 3009 dictione
1846 2955 2141 3025 integram,

1438 301 1810 360 GREGORII
1855 297 2154 357 ΜΛΜΜίΕ
2196 294 2305 356 (ΣΡ.
2353 292 2860 353 PATRIARCILE

566 428 670 480 que
715 411 998 464 sententia:
1036 408 1403 462 declaratione
1450 409 1664 477 ?:\tqtti
1711 409 1925 462 divinus
1975 407 2128 462 Chri-

2260 405 2455 470 ύναμιν
2488 401 2879 471 ἐμφανίζοντες
2908 418 2921 458 ξ

3679 288 3766 350 2ίο

2986 399 3176 453 Καίτοι
3229 398 3509 467 γέγραφεν
3541 401 3568 452 ὁ
3595 400 3761 455 Oeaxi-

2231 511 2345 553 σιος
2377 494 2623 561 μαθητής
2649 509 2662 525 ·
2701 493 2966 558 "Emme/1.
2991 490 3078 542 del
3108 488 3258 556 πρὸς
3283 490 3619 557 ἀπολογίαν
3639 505 3768 544 παγ-

2231 586 2280 636 tl
2322 584 2398 649 τῷ
2436 581 2701 637 αἰτοῦντι
2731 579 2884 648 ἡμᾶς
2906 581 3092 648 λόγον
3124 579 3256 646 περὶ
3289 578 3392 646 τῆς
3424 580 3494 631 ἐν
3529 581 3667 647 ἡμῖν
3692 583 3769 634 ἑλ-

2233 675 2426 739 πίδος.
2489 675 2549 727 Ὀ
2603 673 2658 724 δὲ
2700 672 2861 725 τοῦτο
2909 672 3042 740 δρᾷν
3101 672 3412 739 ἠργμένος,
3458 672 3770 738 καινουργῶν

2237 768 2334 835 μὲν
2368 766 2542 827 οὐδὲν,
2576 764 2690 817 ἀλλ’
2714 765 2834 817 ούδέ
2872 767 3107 824 πίστεως
3141 763 3358 816 ἔκθεσιν
3392 764 3583 832 ὁρᾶται
3610 781 3771 816 καινοο

2230 858 2435 927 τομῶν,
2478 859 2684 927 ἐναργῆ
2737 857 2791 908 δέ
2827 852 3026 924 μᾶλλον
3056 854 3345 922 καθίστησι
3377 859 3486 914 τοῖς
3521 855 3773 922 ἐρομένοις

2235 952 2421 1015 αύτὶν,
2454 951 2519 1018 ἢν
2571 951 2664 1002 καὶ
2702 948 2863 1009 αὐτὸς
2909 948 3097 999 πίστιν
3133 946 3247 1014 ἔχει
3278 946 3409 1013 περὶ
3440 944 3600 996 Θεοῦ.
3640 946 3774 996 Ἐπυ-

2237 1042 2411 1110 θόμην
2437 1041 2493 1093 δέ
2533 1042 2670 1109 πρὸς
2720 1039 2958 1102 τούτοις,
2987 1039 3070 1090 ὅτι
3106 1041 3225 1100 ταῖς
3257 1038 3365 1088 τῶν
3395 1035 3774 1088 θεοσεϐούντων

2235 1135 2545 1187 ἐπισκόπων
2604 1131 2929 1208 ὁμοψυχίαις
2991 1131 3049 1182 οὐ
3087 1131 3323 1199 μετρίως
3374 1128 3778 1193 ἐπιστυγνάζον-

2235 1243 2324 1286 τες
2363 1226 2459 1293 τῆς
2499 1225 2760 1294 ἀληθείας
2792 1222 2984 1290 ἐχθροὶ
3026 1222 3141 1275 ἄνω
3191 1220 3284 1272 καὶ
3315 1219 3466 1272 κάτω
3492 1219 3777 1272 διακυκῶσι

2237 1317 2302 1369 τὰ
2331 1320 2527 1378 πάντα,
2562 1316 2659 1369 καὶ
2685 1316 2795 1376 τοῖς
2832 1302 3065 1375 ἀνοσίοις
3118 1312 3299 1366 αὐτῶν
3349 1311 3628 1380 εὑρήμασι
3657 1325 3779 1376 συμ-

2238 1409 2396 1478 ϐῆναί
2431 1426 2562 1478 φησι
2612 1410 2710 1477 τῆς
2757 1407 2884 1475 παρ’
2926 1404 3106 1456 αὐτῶν
3160 1404 3459 1471 γενομένης
3499 1400 3772 1468 ὁμολογίας

2238 1501 2334 1569 τὴν
2389 1499 2622 1566 δύναμιν
2697 1501 2761 1567 ἢν
2819 1497 2910 1548 ἐπὶ
2965 1498 3030 1566 τῇ
3071 1495 3206 1564 ὀρθῇ
3265 1493 3555 1569 πεποίηται
3595 1491 3777 1553 πίστει,

2241 1591 2709 1655 καινοτομοῦντες,
2741 1589 2815 1649 ὡς
2842 1590 3001 1658 ἔφην,
3035 1588 3147 1656 Ιἠως
3183 1560 3631 1655 προσεπέγοντες
3678 1585 3775 1644 τοῖς

2243 1685 2412 1737 πάλαι
2465 1682 2848 1752 διωρισμένως
2908 1678 2971 1730 τὸ
3019 1677 3243 1746 σύμπαν
3306 1675 3496 1739 οὐδὲν,
3552 1674 3784 1742 ἑπόμενοι

2244 1777 2299 1828 δὲ
2336 1776 2535 1844 μᾶλλον
2573 1777 2684 1836 τοῖς
2714 1774 2822 1825 τῶν
2880 1770 3053 1838 ἁγίων
3105 1770 3365 1837 Πατέρων
3417 1765 3785 1834 ἀνεπιλήπτως

2243 1868 2495 1934 δόγμασι.
2549 1884 2567 1916 ι
2598 1865 2710 1933 Τῆς
2761 1864 2920 1930 ἁγίας
2951 1857 3044 1913 οὖν
3091 1859 3249 1912 τοῦτο
3297 1860 3532 1928 μάλιστα
3567 1874 3783 1927 προτρε-

2246 1961 2459 2026 πούσης
2503 1955 2749 2019 συνόδου,
2786 1953 2902 2015 πῶς
2944 1954 3079 2020 φασί
3117 1968 3282 2014 τινες,
3319 1952 3400 2002 ὅτι
3428 1950 3538 2005 ἀπὸ
3566 1951 3659 2018 τῆς
3685 1948 3786 2018 rpi-

2243 2069 2338 2118 της
2376 2051 2598 2103 συνόδου
2657 2048 2717 2099 τὸ
2766 2028 2996 2114 κώλυμα
3038 2045 3263 2112 γέγονεν
3291 2059 3304 2106 ;
3337 2042 3448 2094 Kal.
3494 2043 3522 2094 ὁ
3566 2040 3715 2107 am;
3740 2039 3788 2091 δὲ

2247 2142 2546 2214 Γρηγόριος
2577 2143 2604 2193 ὁ
2633 2139 2897 2205 Θεολόγος
2920 2137 3055 2204 πρὸς
3091 2134 3382 2203 Κληδόνων
3410 2131 3564 2186 οὕτω*
3585 2133 3790 2198 γράφει·

2253 2252 2271 2284 ι
2318 2233 2512 2301 Ἡμεῖς
2575 2230 2677 2298 τῆς
2745 2228 2890 2280 κατὰ
2950 2226 3183 2278 Νίκαιαν
3228 2221 3460 2284 πίστεως
3507 2221 3613 2272 τῶν
3640 2221 3794 2286 ἁγίων

2249 2323 2513 2392 Πατέρων
2563 2320 2671 2373 τῶν
2706 2320 2884 2370 ἐκεῖσε
2939 2314 3306 2368 συνελθόντων
3358 2312 3448 2364 ἐπὶ
3494 2310 3794 2379 καθαιρέσει

2243 2416 2341 2482 τῆς
2382 2408 2730 2482 Ἀρειανικῆς
2781 2398 3046 2477 αίρέσεως
3094 2404 3246 2457 οὐδὲν
3277 2401 3401 2456 οὔτε
3435 2403 3796 2469 προετιμήσα-

2247 2505 2344 2574 μέν
2389 2519 2540 2566 ποτε,
2589 2501 2742 2554 οὒτε.
2773 2497 3050 2568 προτιμᾷν
3095 2493 3377 2562 δυνάμεθα
3399 2533 3412 2555 ,
3445 2492 3563 2543 ἀλλ’
3593 2491 3796 2556 ἐκείνης

2245 2597 2411 2665 ἐσμὲν
2441 2595 2537 2663 τῆς
2576 2595 2813 2653 πίστεως
2875 2591 2972 2642 σὺν
3032 2587 3150 2656 Θεῷ
3204 2587 3299 2638 καὶ
3347 2584 3608 2654 ἐσόμεθα,
3644 2599 3800 2652 προσ-

2244 2684 2630 2756 διαρθροῦντες
2660 2681 2720 2735 τδ
2754 2679 3016 2741 ἐλλειπῶς
3047 2676 3342 2747 εἰρημένον
3369 2677 3495 2744 περὶ
3529 2672 3624 2726 τοῦ
3651 2673 3796 2737 ἁγίου

2247 2778 2578 2846 Πνεύματος.
2612 2795 2630 2827 ι
2671 2774 2846 2841 Ὅπερ
2872 2775 2898 2825 ὁ
2930 2771 3232 2840 θαυμάσιος
3285 2765 3556 2835 ἐξηγητὴς
3587 2763 3797 2822 ὁἮλΞας

2247 2869 2468 2938 Κρήτης
2525 2869 2581 2919 ἐν
2640 2864 2812 2935 ταύτῃ
2871 2863 3004 2930 φησὶ
3033 2863 3097 2928 τῇ
3148 2859 3424 2928 περικοπῇ
3473 2871 3485 2885 ³
3530 2873 3549 2906 ι
3588 2853 3675 2922 Τῷ
3710 2852 3798 2921 μέν

2247 2961 2355 3029 γὰρ
2384 2958 2598 3028 σώματι
2641 2957 2750 3011 τῶν
2803 2955 2998 3018 λέξεων
3032 2952 3453 3022 παρελέλειπτο,
3485 2952 3552 3017 τῇ
3580 2947 3635 2999 δὲ
3663 2945 3798 3014 ψυχῇ

575 3057 865 3111 absolvens
900 3052 1106 3108 scilicet
1131 3059 1184 3104 et
1222 3047 1597 3112 conformaus,
1625 3047 1950 3100 enuntiavit.
1983 3063 2002 3097 ι
2042 3044 2144 3100 Sed

2254 3053 2394 3120 λέγω
2427 3053 2493 3120 δὴ
2511 3050 2580 3106 τὰ
2604 3051 2710 3103 τῶν
2742 3048 3028 3118 νοημάτων
3062 3043 3334 3112 οὐδαμῶς.
3366 3043 3457 3094 Διὸ
3494 3043 3587 3093 καὶ
3607 3042 3634 3092 δ
3663 3041 3807 3107 ᾰγιος

575 3159 627 3201 et
657 3147 900 3202 sexcenti
936 3144 1154 3212 triginta
1187 3139 1378 3194 Patres
1414 3140 1468 3193 in
1500 3147 1690 3192 sancta
1720 3147 1774 3192 et
1806 3137 2147 3191 o'cumenica

577 3249 766 3308 quarta
801 3235 1012 3308 synodo
1045 3237 1098 3288 in
1131 3232 1460 3287 allocutione
1495 3232 1560 3283 ad
1593 3230 1974 3299 imperatorem
2006 3229 2150 3280 hunc

580 3336 633 3386 in
680 3330 902 3384 modum
947 3328 1249 3383 decernunt
1303 3339 1317 3376 :
1376 3341 1392 3373 ι
1446 3319 1501 3374 Si
1549 3323 1672 3389 quis
1717 3330 1897 3374 autem
1943 3329 2148 3381 censet,

584 3427 867 3492 hucusque
912 3418 1316 3474 consistendum
1364 3417 1472 3471 illis
1516 3430 1658 3473 esse.
1712 3414 1802 3482 qui
1850 3413 2006 3467 [idem
2056 3427 2151 3480 pro

580 3516 831 3569 facultate
873 3511 1163 3566 defendere
1200 3509 1446 3578 cupiunt,
1503 3505 1737 3559 maxime
1780 3504 1996 3572 quidem
2049 3503 2151 3555 hoc

582 3616 906 3675 prmceptum
940 3601 1208 3657 ha'reticis
1246 3599 1589 3668 promulgare
1629 3595 1865 3658 debebit,
1918 3593 2037 3647 illos
2071 3592 2154 3645 'ab
2189 3618 2191 3620 -

583 3693 1323 3767 impugnatione'removens,
1361 3704 1466 3743 non
1504 3695 1757 3741 avertens
1801 3701 1830 3739 a
1865 3685 2157 3754 protectio-

586 3803 652 3841 ize
687 3799 948 3855 pastores.
982 3781 1171 3838 Omnis
1201 3779 1400 3836 etenim
1435 3779 1518 3832 lex
1548 3775 1814 3846 improbis
1841 3774 2156 3828 hominibus

583 3879 779 3932 delicta
814 3875 1085 3946 prohibet,
1121 3888 1227 3928 non
1272 3879 1604 3940 potestatem
1633 3868 1911 3935 iudicibus
1946 3865 2154 3920 adimit.

587 3970 736 4023 Alias
796 3976 976 4020 autem
1027 3965 1350 4027 doceantur,
1402 3976 1545 4016 nunc
1599 3973 1814 4029 quoque
1862 3958 2050 4023 licere,
2101 3965 2158 4010 ut

585 4059 941 4129 ambiguitate
975 4063 1182 4121 exorta,
1223 4054 1445 4108 Patrum
1473 4049 2018 4120 interpretationibus
2053 4063 2158 4102 no-

587 4165 752 4209 stram
805 4150 1201 4206 conlessiouem
1259 4147 1572 4216 adjungere,
1637 4152 1896 4211 tanquam
1951 4139 2047 4210 qui
2103 4141 2158 4193 in

593 4247 740 4299 nullo
771 4242 1078 4299 discordem
1105 4239 1472 4308 intelligentia:
1501 4249 1688 4291 eorum
1714 4234 2014 4290 deferimus
2039 4248 2160 4287 sene

589 4337 837 4391 tentiam.
905 4353 923 4385 ι
994 4334 1099 4388 Sed
1153 4317 1257 4387 hoe
1307 4338 1620 4385 sanctorum
1653 4341 1716 4381 ac
1749 4327 2031 4381 beatorum
2062 4325 2162 4378 Pa-

2252 3145 2311 3197 ού
2347 3143 2406 3195 τὸ
2445 3141 2992 3212 παραλελειμμένον,
3029 3138 3164 3191 ἀλλὰ
3204 3137 3264 3187 τὸ
3301 3134 3566 3195 ἐλλειπῶς
3594 3130 3805 3199 είρημέ-

2254 3255 2344 3290 νον
2374 3235 2469 3287 τοῦ
2507 3235 2755 3301 σώματος
2797 3230 2940 3294 λέξει
2966 3225 3280 3299 διαρθροῦν,
3311 3226 3430 3294 ἦτοι
3467 3219 3807 3293 ἐξακριϐοῦν,

2253 3329 2347 3382 καὶ
2392 3323 2728 3394 διαμορφοῦν
2767 3321 3160 3392 ἐπηγγείλατο.
3206 3336 3224 3369 ι
3266 3315 3424 3368 Ἀλλᾶ
3466 3316 3560 3366 καὶ
3605 3314 3654 3364 οἱ
3686 3312 3800 3374 ἐξα-

2254 3409 2426 3472 κόσιοι
2458 3417 2756 3486 τριάκοντα
2789 3412 3033 3480 Πατέρες
3071 3410 3118 3463 οἱ
3151 3410 3207 3460 ἐν
3247 3409 3314 3477 τῇ
3349 3404 3482 3474 ἁγίᾳ
3513 3406 3606 3457 καὶ
3635 3403 3808 3454 οἰκου-

2258 3512 2452 3580 μενικῇ
2502 3510 2742 3578 τετάρτῃ
2775 3503 2978 3574 συνόδῳ
3005 3497 3068 3555 ’ἐν
3115 3501 3192 3570 τῷ
3227 3499 3363 3568 πρὸς
3396 3495 3622 3566 βασιλέα
3647 3495 3813 3564 Προσ-

2256 3601 2548 3672 φωνητικῷ
2575 3598 2716 3653 οὕτω
2739 3597 3090 3659 θεσπίζουσιν
3116 3610 3130 3624 ·
3167 3610 3186 3643 ι
3223 3592 3283 3644 Εἰ
3317 3590 3374 3642 δέ
3403 3606 3486 3651 τις
3520 3588 3679 3657 μέχρι
3700 3584 3815 3638 τού-

2256 3713 2348 3748 του
2375 3695 2568 3763 στῆναι
2585 3696 2699 3755 τοῖς
2724 3691 2905 3743 πίστει
2929 3687 3255 3758 συνηγορεῖν
3280 3682 3631 3753 βουλομένοις
3661 3692 3817 3748 προσ·

2259 3787 2447 3839 τάττει
2503 3783 2603 3853 τὴν
2656 3783 2864 3842 ἄδειαν,
2918 3776 3155 3848 μάλιστα
3212 3773 3311 3842 μὲν
3352 3774 3467 3834 τοῖς
3528 3770 3818 3839 αίρετικοῖς

2259 3878 2417 3930 τοῦτο
2450 3873 2814 3945 νομοθετείτω
2841 3870 2902 3924 τὸ
2936 3869 3293 3938 πρόσταγμα.
3337 3863 3615 3922 Ἐκείνους
3641 3858 3818 3928 παύσῃ

2260 3969 2357 4036 τῆς
2401 3966 2641 4031 ἀδικίας,
2683 3963 2759 4032 μὴ
2811 3962 2935 4023 τοὺς
2986 3956 3254 4026 ποιμένας
3311 3954 3409 4021 τῆς
3464 3950 3817 4019 ἀντιλήψεως.

2262 4054 2377 4115 Πᾶς
2433 4053 2542 4122 γὰρ
2609 4052 2772 4119 νόμος
2831 4051 2944 4110 τοῖς
3003 4046 3263 4113 πονηροῖς
3328 4040 3671 4109 ἀπαγορεύει
3732 4038 3821 4105 τὴν

2263 4142 2560 4212 ἁμαρτίαν,
2602 4140 2664 4192 ού
2702 4138 2833 4201 τοὺς
2872 4137 3067 4204 κριτὰς
3099 4134 3356 4202 ἀπείργει
3406 4130 3506 4197 τῆς
3557 4125 3819 4194 ἐξουσίας.

2268 4237 2476 4296 Ἀλλως
2511 4251 2570 4286 τε
2603 4232 3053 4301 μανθανέτωσαν,
3077 4228 3154 4288 ὡς
3209 4225 3306 4278 καὶ
3336 4221 3429 4276 νῦν
3457 4221 3696 4285 ἔξεστιν,
3728 4218 3823 4287 ἁμ-

2266 4328 2646 4397 φισϐητὴσεως
2675 4324 3009 4391 ἀναφυείσης
3038 4323 3160 4382 τιῖς
3199 4319 3306 4372 τῶν
3363 4315 3622 4384 Πατέρων
3657 4313 3824 4382 ἑρμη-

590 4444 731 4484 trum
757 4431 1033 4484 decretum
1070 4428 1272 4482 nullam
1305 4424 1371 4478 iis
1396 4423 1488 4493 qui
1529 4421 1915 4476 contentiones
1951 4433 2013 4472 ac
2047 4418 2148 4474 dis-

2269 4420 2586 4488 νείαις,τὴν
2636 4418 2919 4486 ἡμετέραν
2970 4413 3364 4466 ἐπισυνάπτειν
3409 4405 3724 4476 ὁμολογίαν,
3760 4403 3828 4463 ὡς

589 4523 727 4576 sidia
766 4530 969 4585 amant,
1027 4517 1422 4590 tergiversandi
1490 4530 1679 4570 ansam
1730 4512 1966 4580 reliquit,
2029 4523 2154 4566 tan-

589 4629 751 4680 quam
778 4613 922 4681 quod
955 4612 1196 4681 seipsum
1231 4619 1415 4680 aperte
1447 4609 1859 4676 interpretetur,
1893 4613 1946 4658 et
2004 4605 2161 4657 liwsi-

567 4706 822 4774 itatiunes
875 4706 1156 4758 universas
1216 4717 1279 4756 ac
1330 4701 1492 4755 dubia
1575 4697 1747 4760 tollat,
1800 4708 1851 4750 et
1937 4697 2001 4749 ad
2065 4695 2165 4748 liu-

595 4805 896 4865 pcratoreni
935 4794 1097 4847 veluti
1131 4794 1212 4846 lux
1257 4801 1309 4844 et
1352 4800 1617 4844 statutum
1662 4790 1889 4843 missum
1937 4787 2028 4842 sit.
2073 4787 2165 4842 Ait

594 4888 738 4941 enim
777 4905 792 4940 :
837 4906 856 4938 ι
894 4888 1044 4940 A'ias
1074 4895 1253 4939 autem
1285 4884 1614 4944 doceantur,
1645 4887 1796 4936 hunc
1833 4895 2049 4951 quoque
2102 4881 2167 4933 li-

594 4997 736 5043 cere,
764 4988 842 5044 ut,
873 4979 1227 5048 ambiguitate
1249 4987 1468 5042 exorta,
1498 4976 1720 5032 Patrum
1751 4973 2163 5044 interpretatio-

597 5071 755 5126 nibus
787 5079 1028 5124 nostram
1066 5069 1460 5122 confessionem
1487 5068 1804 5138 adjungere,
1843 5084 1860 5117 ι
1912 5075 2016 5118 etc.
2059 5061 2165 5116 Sed

600 5171 712 5217 Haec
751 5179 803 5214 ιιι
857 5163 1105 5230 praesenti
1148 5163 1279 5215 satis
1324 5163 1449 5225 sint,
1485 5169 1543 5214 ut
1575 5161 1730 5228 plane
1767 5158 1819 5212 id
1869 5157 2164 5226 aperiatur,

599 5271 698 5311 nos
722 5271 997 5324 nunquam
1021 5255 1234 5307 divinos
1253 5254 1514 5307 terminos
1542 5263 1955 5320 praetergressos
1978 5246 2164 5302 fuisSe.

596 5351 786 5419 Neque
831 5351 972 5400 enim
1003 5347 1206 5414 justum
1245 5355 1326 5399 est
1390 5360 1562 5414 neque
1606 5343 1774 5413 pium,
1823 5342 1945 5395 illos
1985 5340 2167 5407 negle-

598 5440 710 5492 t'lui
745 5439 964 5504 habere,
991 5455 1124 5504 quos
1153 5439 1280 5492 totis
1319 5439 1523 5491 viribus
1564 5433 1812 5503 amplecti
1842 5443 2170 5500 servareque

599 5533 860 5585 debemus
905 5547 917 5594 ;
957 5541 1008 5582 ct
1048 5530 1205 5584 iidem
1257 5530 1437 5590 aliain,
1481 5527 1640 5582 veluti
1684 5524 2020 5579 contrariam
2062 5538 2170 5576 non

602 5633 810 5676 tantum
845 5632 1121 5685 excutere,
1190 5625 1279 5676 sed
1325 5622 1552 5689 rejicere
1581 5620 1740 5674 etiam
1778 5627 1829 5671 ct
1866 5610 2180 5669 anathema?

677 5743 688 5770 ⁸
723 5741 736 5791 ι
768 5739 910 5792 l‘ctr.
938 5753 1018 5804 ιιι,
1057 5738 1139 5793 1.3.

2269 4515 2368 4565 οὐκ
2417 4510 2625 4580 ἀπᾷδον
2677 4511 2773 4577 τῆς
2823 4507 3049 4560 ἐκείνων
3105 4503 3346 4563 δ.ανοίις
3401 4494 3825 4563 ἐπιδεικνύμεθα

2271 4605 2524 4673 φρόνημα
2586 4619 2603 4652 ι
2653 4598 2792 4653 Ἀλλ’
2821 4597 2961 4664 αὕτη
3002 4595 3174 4667 ἡτῶν
3213 4593 3373 4645 θείων
3403 4590 3505 4641 καὶ
3541 4585 3826 4657 μακαρίων

2276 4695 2542 4764 Πατέρων
2596 4691 2874 4757 ἀπόφασις
2931 4686 3192 4755 οὐδεμίαν
3248 4680 3507 4737 κατέλιπε
3561 4681 3832 4744 πρόφασιν

2275 4789 2384 4846 τοῖς
2434 4761 2678 4834 ἐθέλουσι
2731 4779 3053 4848 φιλονεικεῖν
3083 4777 3181 4827 καὶ
3203 4770 3488 4840 ἐρεθίζειν,
3521 4766 3598 4828 ὡς
3645 4761 3832 4825 αὐτεξ-

2275 4879 2476 4947 ήγητος
2537 4869 2691 4936 οὖσα,
2760 4873 2855 4924 καὶ
2913 4867 3185 4939 μηδεμίαν
3237 4861 3650 4934 ἀμφισϐήτησιν
3678 4872 3834 4910 κατα-

2276 4968 2530 5032 λιποῦσα,
2566 4968 2657 5019 καὶ
2683 4966 2765 5018 ὅτι
2812 4963 2885 5025 ὡς
2917 4963 3082 5031 νόμος
3117 4959 3211 5036 καί
3244 4957 3520 5023 ἀπόφασις
3579 4950 3720 5019 πρὸς
3752 4947 3834 5000 τὸν

2281 5062 2503 5133 βασιλέα
2532 5058 2837 5123 ἀπεστάλη.
2867 5055 3006 5123 Φησὶ
3051 5054 3181 5121 γὰρ,
3214 5069 3232 5102 ι
3271 5047 3481 5109 ’Ἄλλως
3516 5061 3577 5097 τε
3631 5041 3834 5112 μανθα-

2278 5158 2537 5217 νέτωσαν,
2565 5153 2640 5214 ὼς
2678 5153 2772 5203 καὶ
2818 5149 2915 5202 νῦν
2959 5145 3189 5210 ἔξεστιν,
3220 5138 3691 5210 ἀμφισϐητήσεως
3718 5136 3840 5186 ἁνα-

2281 5247 2508 5314 φυείσης
2547 5246 2665 5316 ταῖς
2710 5242 2817 5294 τῶν
2852 5239 3113 5308 Πατέρων
3159 5231 3507 5303 ἑρμηνείαις,
3538 5230 3840 5280 ἐπισυνάπ-

2276 5357 2390 5392 τειν
2417 5341 2514 5408 τὴν
2545 5337 2824 5406 ἡμετέραν
2856 5331 3170 5402 ὁμολογίαν·
3209 5345 3226 5378 ι
3260 5325 3352 5379 καὶ
3382 5323 3450 5375 τὰ
3479 5321 3630 5391 ἑξῆς.
3686 5316 3839 5372 Ἀλλά

2276 5433 2451 5484 ταῦτα
2486 5431 2582 5499 μὲν
2621 5431 2677 5492 ἐς
2702 5426 2958 5481 τοσοῦτον
2991 5422 3112 5486 νυν,
3148 5421 3222 5484 ὡς
3247 5416 3688 5486 διατρανούντιον
3719 5416 3843 5481 ἀλ·ιί⁹

2288 5525 2416 5586 θῶς,
2453 5523 2533 5576 ὅτι
2585 5522 2646 5573 οὐ
2685 5519 3014 5590 παρείδομεν
3064 5515 3191 5577 τοὺς
3248 5513 3426 5573 θείους
3479 5509 3644 5577 ὅρους
3704 5505 3844 5561 ποτέ.

2285 5617 2416 5670 υἱιδέ
2451 5615 2556 5685 γὰρ
2580 5616 2749 5680 ὅσιον,
2781 5611 2892 5665 οὐδ’
2924 5606 3140 5672 εὐσεϐὲς
3184 5606 3379 5664 αὐτοὺς
3413 5602 3692 5672 παρορᾷν,
3733 5600 3838 5653 ἀλλ’
