3962 6328
145 246 230 311 241

1210 259 1312 320 AD
1357 258 1720 320 IMPERAT.
1766 263 2241 332 TRAPEZUNT.

3255 278 3358 342 242

143 363 230 431 (ἴση
263 359 490 431 δύναμις
522 362 718 429 αὐτοὺς
750 365 1089 431 ἀσπάζεσθαί
1129 385 1183 421 τε
1227 371 1318 422 καὶ
1371 370 1683 438 φυλάττειν,

1798 380 1831 452 ti
1871 382 2161 448 subjicerc,
2194 399 2377 438 veram
2422 385 2832 455 amplectentes,
2861 389 2937 442 uti
2967 395 3188 442 sanctus
3219 387 3362 441 divi-

143 458 224 504 xei.
268 455 364 523 τὴν
411 456 604 525 ἑτέραν
641 459 828 510 πίστιν
855 459 930 522 ὡς
962 461 1216 515 ἐναντίαν
1258 464 1318 516 οὐ
1357 464 1519 532 μόνον
1553 467 1687 519 ἁπο-

145 546 388 606 σείεσθαι,
430 547 548 598 ἀλλ’
590 550 952 620 ἀπορρίπτειν
988 553 1083 607 καὶ
1114 553 1192 622 τῷ
1230 555 1535 627 άναθέματι
1576 575 1682 610 πα-

146 635 467 704 ραπέμπειν,
505 638 606 708 τὴν
638 640 696 693 δὲ
727 641 904 713 άληθῆ
951 647 1044 697 καὶ
1079 647 1401 713 προσίεσθαι
1428 650 1570 702 κατὰ
1594 651 1684 704 τὸν

143 725 272 795 ἱερὸν
313 728 409 780 καὶ
441 729 590 783 θεῖον
615 732 887 801 Μάξιμον,
921 736 1031 793 καὶ,
1057 737 1184 797 τοὺς
1212 736 1437 801 λοιποὺς
1470 740 1681 808 ἁγίους,

143 819 222 870 καὶ
269 821 395 881 τοὺς
444 821 759 889 ἑξακοσίους
811 828 906 880 καὶ
960 828 1254 898 τριάκοντα
1305 833 1555 902 Πατέρας
1587 836 1685 905 τῆς

139 908 282 976 ἁγίας
327 913 424 964 καὶ
485 914 872 986 οίκουμενικῆς
933 919 1202 990 τετάρτης
1260 923 1480 975 συνόδου
1512 963 1526 989 ,
1592 926 1683 979 καὶ

137 1001 223 1070 τὴν
253 1002 528 1073 ἡμετέραν
579 1007 970 1063 ἐπισυνάπτειν
1021 1011 1338 1081 ὁμολογίαν,
1366 1015 1466 1083 τὴν
1501 1016 1678 1088 ἀληθῆ

139 1091 324 1160 πίστιν,
363 1094 522 1165 εἴπερ
575 1097 813 1165 μάλιστα
855 1102 977 1163 ταῖς
1025 1103 1134 1155 τῶν
1178 1104 1350 1172 ἁγίων
1379 1105 1671 1170 ἐξακολου-

141 1182 325 1252 θοῦμεν
373 1186 624 1254 γνώμαις
670 1189 763 1243 καὶ
823 1191 1160 1259 ἀποφάσεσι,
1221 1195 1319 1245 καὶ
1386 1196 1562 1248 πάντα
1616 1199 1682 1250 τὰ

139 1277 275 1343 κοινῇ
305 1276 608 1344 δεδογμένα
643 1281 951 1343 φυλάττειν.
985 1284 1060 1338 Οὐ
1093 1286 1200 1354 γάρ
1231 1285 1440 1350 ἔξεστιν
1465 1289 1682 1361 ἑκάστῳ

139 1371 492 1435 καινουργεῖν,
530 1371 734 1438 μᾶλλον
783 1373 840 1424 δὲ
888 1377 1256 1443 καινοτομεῖν.
1297 1378 1369 1437 El,
1397 1377 1454 1430 δέ
1481 1381 1544 1431 ἐκ
1572 1380 1682 1433 τῶν

141 1456 384 1524 Πατέρων
431 1460 541 1512 τῶν
586 1461 748 1528 ἱερῶν
799 1465 893 1515 καὶ
938 1462 1279 1516 διδασκάλων
1310 1466 1405 1534 τῆς
1451 1467 1681 1535 Ἐκκλη-

138 1547 244 1609 σίας
272 1549 381 1602 sic!
403 1550 471 1601 τὰ
493 1551 918 1620 προστιθέμενα.
957 1555 1052 1606 καὶ
1077 1557 1142 1624 τῇ
1175 1557 1328 1625 κοινῇ
1359 1557 1534 1624 κρίσει
1569 1559 1707 1628 όρί-’”

140 1639 329 1701 ζονται,
365 1640 519 1693 οὐδὲν
571 1641 632 1694 τὸ
686 1641 921 1696 κωλύον.
984 1645 1089 1696 Καὶ
1141 1645 1299 1697 τοῦτο
1358 1647 1682 1711 Βασίλειοςό

1794 486 2004 542 nusque
2057 475 2340 538 Maximus,
2375 488 2428 532 et
2463 479 2659 547 reliqui
2695 481 2891 542 sancti,
2937 490 2989 533 et
3021 481 3262 534 sexcenti
3305 490 3358 534 et

1793 566 2012 636 triginta
2042 567 2231 622 Patres
2264 578 2465 624 sancta:
2492 579 2543 624 et
2573 571 2925 626 oecumeniea:
2957 579 3163 640 quartae
3198 586 3360 640 syno-

1793 659 1842 711 di
1879 657 2219 726 praecipiunt,
2252 667 2304 714 et
2327 670 2563 714 nostram
2594 658 2992 716 confessionem
3021 660 3315 728 adiungere
3343 677 3359 725 ;

1789 765 1970 804 veram
1999 790 2013 814 ,
2049 751 2288 819 inquam,
2325 751 2502 816 ﬁdem,
2531 753 2574 806 si
2599 762 2916 808 sanctorum
2946 753 3148 806 monita
3175 752 3359 805 decre-

1793 849 1955 910 taque
1988 842 2140 910 sequi
2167 841 2509 908 potissimum
2535 843 2805 907 volumus,
2831 851 2883 897 et
2905 844 3087 896 omnia
3113 857 3364 896 commu-

1787 931 1930 984 niter
1976 933 2271 986 constituta
2317 945 2667 986 conservare.
2705 931 2889 999 Neque
2933 932 3080 985 enim
3128 931 3361 998 singulis

1787 1023 1931 1084 licet,
1978 1036 2064 1076 res
2127 1035 2296 1075 novas
2336 1021 2621 1090 designare
2669 1028 2722 1074 et
2761 1021 3078 1075 decernere.
3124 1021 3278 1085 Quod
3317 1018 3359 1074 si

1784 1130 1847 1167 ex
1901 1114 2110 1168 sanctis
2155 1111 2409 1166 Patribus
2457 1119 2510 1166 et
2558 1111 2816 1165 Ecclesiae
2859 1111 3180 1168 doctoribus
3232 1118 3361 1163 sunt

1785 1221 1905 1274 qua:
1961 1211 2331 1272 apponuntur,
2389 1211 2444 1257 et
2498 1195 2772 1256 communi
2825 1200 3032 1268 judicio
3080 1202 3357 1270 proposita

1784 1293 2222 1362 comprobantur,
2263 1292 2392 1344 nihil
2425 1301 2509 1345 est
2540 1289 2686 1359 quod
2718 1305 2778 1344 ea
2815 1289 3124 1358 prohibeat.
3161 1288 3225 1341 Et
3258 1288 3361 1341 hoc

1785 1383 1997 1437 divinus
2037 1381 2269 1434 Basilius
2301 1391 2426 1433 ante
2458 1379 2751 1451 secundam
2790 1379 3058 1447 synodum
3104 1380 3300 1430 statuit
3324 1394 3350 1438 _:

1790 1491 1808 1525 ι
1839 1473 2023 1528 Fidem
2074 1486 2172 1525 nos
2207 1486 2396 1540 neque
2455 1470 2811 1524 recentiorem
2841 1470 2910 1522 ab
2946 1469 3069 1522 aliis
3111 1465 3329 1521 conseri

1785 1573 1928 1632 ptam
1972 1571 2343 1630 acceptamus.
2380 1578 2399 1611 ι
2448 1559 2512 1612 Ει
2564 1560 2734 1613 multa
2779 1573 3076 1628 perpessus
3118 1558 3361 1610 Albana-

1785 1655 1899 1709 sius
1930 1653 1997 1707 de
2027 1652 2336 1706 Sardicensi
2389 1651 2597 1722 synodo
2627 1652 2816 1716 tradit,
2856 1651 3004 1704 illam
3036 1650 3357 1710 decernere,

136 1730 261 1792 θεῖος
297 1730 405 1796 πρὸ
442 1732 540 1794 τῆς
569 1729 829 1801 δευτέρας
859 1734 1075 1787 συνόδου
1121 1736 1381 1805 ὡρίσατο,
1415 1738 1498 1790 ὅτι
1531 1758 1548 1791 ι
1586 1741 1679 1792 Πί-

1798 1762 1813 1795 ι
1843 1741 1992 1797 Fidei
2045 1741 2272 1796 Nicaena:
2304 1742 2673 1810 acquiescere.
2707 1759 2727 1792 ι
2777 1740 2890 1794 lmo
2918 1739 3156 1792 secunda
3200 1751 3362 1807 syno-

138 1840 242 1874 στιν
275 1824 436 1892 ἡμεῖς
466 1823 600 1892 παρ’
644 1824 807 1877 ἄλλου
850 1825 1206 1896 γραφομένην
1251 1829 1384 1895 ἡμῖν
1411 1831 1682 1901 νεωτέραν

137 1913 191 1964 οὐ
220 1913 660 1983 παραδεχόμεθα.
710 1933 730 1966 ι
768 1917 875 1968 Καὶ
918 1917 1234 1980 ’Δθανάσιος
1268 1918 1324 1971 δὲ
1354 1920 1382 1972 ό
1412 1919 1681 1984 πολύτλας

137 2003 250 2069 περὶ
275 2003 377 2071 τῆς
421 2004 478 2057 ἐν
513 2004 747 2075 Σαρδικῇ
787 2007 1005 2058 συνόδου
1044 2008 1328 2076 διασαφεῖ,
1371 2001 1446 2071 ὡς
1495 2011 1686 2063 θεσπί-

136 2093 208 2156 ζει
237 2094 374 2162 αὕτη
406 2112 425 2145 ι
458 2095 741 2164 ἀρκεῖσθαι
794 2092 859 2166 τῇ
906 2099 963 2148 ἐν
1015 2098 1218 2168 Νικαίᾳ
1260 2085 1417 2170 μόνῃ.
1456 2120 1475 2153 ι
1528 2103 1687 2155 Ἀλλὰ

1790 1835 1892 1888 dus
1927 1832 2259 1886 conlidenter
2283 1830 2676 1900 superaddidit,
2701 1839 2954 1898 recteque
2981 1829 3167 1882 statuit
3195 1842 3364 1896 quar-

1789 1935 1842 1977 ta
1865 1925 2123 1994 synodus,
2148 1924 2361 1977 tertiam
2392 1924 2710 1984 subsecuta,
2739 1923 2784 1976 si
2813 1921 3112 1975 necessitas
3146 1926 3360 1990 urgeat,

1793 2023 2036 2067 nostram
2094 2013 2495 2066 confessionem
2538 2011 2758 2065 Patrum
2821 2009 3361 2080 interpretationibus

1794 2102 2203 2172 adiungendam
2238 2118 2382 2156 esse.
2637 2100 2640 2102 ’
2951 2109 2961 2117 ”
3401 2085 3418 2096 ’

141 2187 284 2255 καὶὴ
320 2188 450 2259 ἁγία
477 2189 706 2258 δευτέρα
734 2188 950 2251 σύνοδος
987 2189 1333 2260 θαρρούντως
1363 2193 1693 2263 προσέθηκε,
1722 2194 1812 2247 καὶ
1843 2194 2021 2258 καλῶς
2055 2194 2294 2264 ὡρίσατο
2325 2195 2356 2262 ἡ
2382 2193 2512 2260 άγία
2549 2193 2782 2263 τετάρτη
2818 2191 3052 2258 σύνοδος,
3086 2193 3179 2246 καὶ
3215 2191 3355 2260 μετὰ

139 2283 225 2351 τὴν
251 2287 439 2355 τρίτην
464 2279 619 2345 οὖσα,
644 2285 716 2346 ὡς
745 2285 932 2354 χρείας
961 2288 1256 2356 γενομένης
1285 2284 1399 2358 τὴν
1417 2288 1688 2359 ἡμετέραν
1720 2291 2106 2344 ἐπισυνάπτειν
2128 2289 2416 2358 ὁμολογίαν
2440 2291 2558 2350 ταῖς
2582 2287 2689 2339 τῶν
2718 2286 2978 2357 Πατέρων
3012 2289 3355 2356 ἑρμηνείαις.

201 2385 284 2448 ιη’.
325 2378 467 2432 Ἀλλ’
510 2379 619 2431 οὐδ’
663 2381 727 2431 ἐκ
777 2378 871 2431 τοῦ
929 2379 1062 2433 Υἱοῦ
1111 2380 1340 2451 λέγομεν
1397 2382 1582 2460 ἀτελῶς
1617 2384 1677 2436 τὸ

139 2470 350 2540 Πνεῦμα
378 2473 436 2524 τὸ
468 2471 621 2537 ἄτιον
665 2471 1084 2541 ἐκπορεύεσθαι,
1119 2477 1214 2526 καὶ
1246 2473 1688 2543 άπολελυμένως,

141 2559 215 2611 ila
254 2561 328 2630 μὴ
377 2565 450 2631 τῇ.
501 2562 629 2632 δόξῃ
683 2561 774 2614 τοῦ
809 2561 1074 2630 Εύνομίου
1131 2566 1540 2632 περιπέσωμεν,
1575 2563 1689 2615 ἀλλ’

138 2647 244 2700 οὐδὲ
271 2647 329 2714 ἐξ
381 2649 510 2701 Υίοῦ
541 2650 641 2718 τὴν
670 2648 908 2718 ὓπαρξιν
941 2650 1105 2719 ἔχειν.
1138 2645 1245 2702 Ἦν
1284 2651 1392 2720 γὰρ
1424 2651 1488 2704 ἂν
1524 2653 1682 2721 ἀρχι-

140 2737 223 2790 κὸν
257 2740 424 2791 αἴτιον
446 2742 473 2792 ό
504 2739 649 2804 Υἱὸς,
683 2742 774 2792 καὶ
807 2740 905 2809 οὐχ
970 2742 998 2792 ό
1038 2739 1256 2808 Πατὴρ,
1290 2732 1482 2810 ὥσπερ
1514 2743 1541 2794 ὁ
1569 2741 1690 2809 θεή-

141 2830 288 2890 λατος
318 2829 582 2897 Εὐνόμιος
610 2829 840 2897 ἔφασκε,
870 2828 1053 2892 καθὼς
1077 2830 1104 2881 ό
1133 2829 1306 2898 μέγας
1335 2829 1609 2891 Βασίλειος
1632 2833 1691 2882 ἐν

140 2923 240 2984 τοῖς
265 2921 478 2973 ἐκείνου
509 2921 753 2990 ἐλέγχοις
776 2924 834 2974 ἐν
862 2921 1099 2990 δευτέρῳ
1132 2919 1275 2988 λόγῳ
1300 2920 1408 2971 τῶν
1455 2919 1686 2988 Ἀντιρσ

1866 2383 1952 2437 18.
1978 2381 2165 2452 Neque
2197 2397 2296 2436 nos
2326 2381 2648 2449 simpliciter
2672 2390 2725 2434 et
2753 2380 3005 2433 absolute
3035 2384 3358 2444 asset-imus,

1791 2472 2054 2542 Spiritum
2073 2489 2136 2527 ex
2165 2473 2302 2527 Filio
2324 2474 2614 2540 procedere
2638 2511 2652 2533 ,
2689 2486 2756 2525 ne
2787 2471 2840 2523 in
2860 2469 3113 2524 Eunomii
3141 2480 3360 2525 senten-

1795 2564 1922 2616 tiam
1954 2563 2231 2626 abeanms,
2263 2577 2438 2629 neque
2464 2576 2529 2615 ex
2562 2562 2699 2616 Filio
2725 2561 3097 2616 exsistentiam
3134 2562 3356 2616 habere.

1797 2652 1957 2707 Esset
1983 2651 2481 2720 enimprincipalis
2514 2664 2679 2702 causa
2712 2646 2905 2710 Filius,
2939 2657 2993 2700 et
3024 2662 3131 2700 non
3169 2647 3356 2710 Pater,

1799 2743 2261 2809 quemadmodum
2307 2742 2590 2795 calamitas
2619 2740 2878 2797 Ecclesia!
2905 2756 2933 2792 a
2962 2738 3068 2793 Deo
3108 2741 3356 2794 immissa

1797 2834 2099 2889 Ennomius
2129 2833 2520 2903 praetendebat,
2540 2843 2597 2886 ut
2629 2834 2844 2887 divinus
2872 2832 3106 2886 Basilius
3133 2833 3186 2884 in
3212 2831 3359 2884 illius

1797 2926 2243 2986 refutationibus,
2275 2924 2523 2978 oratione
2563 2924 2800 2978 secunda
2830 2921 3194 2977 Antirrltetica
3225 2924 3360 2976 sei-i-

136 3009 363 3076 ρήσεών
420 3028 605 3080 φησιν·
644 3030 660 3062 ι
723 3012 930 3064 Ἐκεῖνο
984 3013 1039 3063 δὲ
1096 3013 1202 3064 τίνι
1259 3009 1368 3071 τῶν
1431 3011 1688 3067 ἁπάντων

1798 3018 1918 3074 bit:
1962 3036 1982 3070 ι
2023 3018 2158 3072 Illud
2202 3032 2329 3070 vero
2378 3017 2464 3070 cui
2519 3025 2705 3070 notum
2739 3031 2847 3069 non
2885 3025 2970 3069 est
3009 3016 3206 3069 nullam
3237 3031 3361 3069 esse

143 3103 342 3167 ἄδηλον,
371 3104 452 3156 ὅτι
504 3103 731 3172 οὐδεμία
781 3101 874 3155 τοῦ
928 3102 1056 3155 Υίοῠ
1098 3102 1349 3171 ἐνέργεια
1382 3103 1695 3171 ἀποτετμη-

144 3195 268 3263 μένη
330 3196 446 3247 ἐστὶ
481 3195 574 3248 τοῦ
634 3197 864 3266 Πατρὸς,
913 3195 1032 3248 οὐδὲ
1091 3194 1205 3248 ἐστι
1246 3212 1300 3247 τι
1350 3196 1407 3248 ἐν
1435 3196 1545 3258 τοῖς
1573 3191 1694 3250 οὖσι

143 3289 209 3354 τῷ
237 3290 346 3360 Υίῷ
371 3291 639 3360 ὑπάρχον,
671 3289 700 3341 δ
731 3287 826 3341 τοῦ
869 3289 1077 3356 Πατρὸς
1117 3286 1508 3357 ἡλλοτρίωται;
1543 3286 1694 3340 Πάν-

142 3398 205 3433 τα
233 3383 356 3452 γὰρ,
391 3385 563 3453 φησι,
599 3381 668 3435 τὰ
691 3381 804 3450 ἐμὰ
849 3379 932 3433 σά
981 3381 1138 3445 ἐστι,
1173 3380 1273 3434 καὶ
1315 3378 1385 3431 τὰ
1426 3377 1509 3432 σὰ
1558 3379 1691 3448 ἐμά.

115 3473 253 3536 ,Πῶς
304 3474 395 3527 οὖν
428 3474 520 3527 τοῦ
579 3473 894 3542 Πνεύματος
922 3472 1025 3547 τὴν
1077 3471 1256 3524 αἰτίαν
1290 3472 1367 3542 τῷ
1401 3473 1698 3541 Μονογενεῖ

146 3565 459 3633 προστίθησι
505 3565 676 3634 μόνῳ,
739 3565 831 3615 καὶ
883 3563 1255 3632 κατηγόρημα
1317 3563 1422 3632 τῆς
1481 3563 1696 3631 φύσεως

148 3656 295 3708 αὐτοῦ
319 3656 413 3723 τὴν
436 3656 628 3708 τούτου
654 3654 922 3724 λαμϐάνει
970 3653 1370 3723 δημιουργίαν;
1415 3671 1434 3705 ι
1465 3653 1556 3705 Διὸ
1602 3654 1696 3705 καὶ

147 3749 170 3796 ὁ
204 3745 336 3808 θεῖος
374 3747 736 3815 Δαμασκηνὸς
766 3783 782 3808 ,
836 3762 855 3795 ι
919 3743 1013 3795 Ἐκ
1072 3743 1164 3795 τοῦ
1216 3742 1371 3805 Υίοῦ,
1427 3743 1599 3811 φησὶ,
1635 3743 1696 3796 τὸ

154 3836 363 3904 Πνεῦμα
398 3839 456 3891 οὐ
498 3838 749 3905 λέγομεν.
779 3857 797 3888 ι
821 3835 900 3888 Δι’
933 3835 1065 3888 Υίοῦ
1101 3836 1156 3887 δὲ
1188 3836 1443 3904 ὁμολογεῖ
1464 3835 1557 3888 καὶ
1594 3852 1696 3904 κη-

151 3926 343 3994 ρύττει,
390 3931 487 3980 καὶ
541 3927 597 3992 ἐξ
651 3925 795 3979 Υἰοῦη
838 3926 937 3995 τὴν
987 3925 1223 3994 ὓπαρξιν
1256 3926 1600 3992 ἀπαρνεῖται,
1629 3925 1695 3977 δι’

156 4017 274 4069 Υίοῦ
297 4017 352 4069 δὲ
387 4015 593 4084 ταύτην
635 4015 734 4067 οὐκ
779 4016 1124 4083 ἀπαρνεῖται.
1186 4015 1246 4066 Εί
1299 4013 1354 4064 δὲ
1407 4014 1499 4065 καί
1555 4030 1696 4074 τινες

159 4109 254 4162 τῶν
285 4110 621 4163 ἀνατολικῶν
651 4108 822 4175 ἁγίων
855 4105 1118 4178 ὡσαύτως
1141 4109 1230 4158 καὶ
1262 4107 1310 4158 οί
1347 4105 1560 4165 πλείους
1591 4105 1697 4157 τῶν

152 4200 403 4268 ἐσπερίων
434 4202 549 4265 καὶ,
577 4200 647 4252 ἐκ
679 4198 783 4253 τοῦ
822 4195 982 4260 Υίοῦ,
1003 4196 1368 4263 θεολογοῦσιν,
1399 4198 1459 4249 οὐ
1493 4196 1694 4263 διαφω-

152 4289 228 4340 νία
251 4289 426 4354 τοῦτο,
473 4290 612 4342 ἀλλὰ
663 4289 760 4341 καὶ
801 4289 1006 4358 μᾶλλον
1035 4288 1345 4356 συμφωνία.
1379 4288 1557 4340 Ταυτὸ
1590 4289 1696 4355 γὰρ

1795 3109 2168 3178 Operationem
2224 3106 2347 3161 Filii
2405 3122 2431 3158 a
2488 3105 2651 3159 Patre
2699 3107 2955 3169 divisam,
3009 3121 3191 3174 neque
3239 3121 3362 3162 esse

1796 3199 2072 3270 quidpiam
2106 3199 2160 3252 in
2189 3198 2377 3262 rebus,
2407 3197 2553 3266 quod
2582 3198 2636 3252 in
2660 3196 2796 3252 Filio
2822 3199 2915 3260 sit,
2944 3207 2998 3253 et
3030 3198 3358 3252 sitalienum

1796 3307 1826 3345 a
1868 3291 2043 3344 Patre.
2103 3288 2298 3344 Omnia
2339 3290 2516 3355 enim,
2576 3290 2679 3353 ait,
2730 3307 2845 3342 mea
2885 3300 2975 3343 tua
3006 3305 3150 3350 sum,
3183 3300 3230 3342 et
3268 3301 3361 3343 tua

1798 3398 1935 3437 mea.
1961 3380 2247 3447 Quomodo
2285 3381 2469 3449 itaque
2516 3395 2736 3435 causam
2770 3380 3004 3449 Spiritus
3029 3380 3129 3434 soli
3157 3378 3361 3447 Unige-

1798 3472 1916 3526 nito
1943 3471 2221 3540 appingit,
2255 3477 2309 3524 et
2343 3477 2550 3524 natura:
2573 3470 2720 3524 illius
2753 3472 3159 3525 accusationem
3200 3471 3361 3538 hujus

1796 3561 2075 3632 opificium
2104 3562 2339 3630 accipit?
2371 3579 2389 3612 ›
2415 3546 2594 3627 Quare
2635 3572 2689 3614 et
2719 3557 2940 3616 divinus
2965 3560 3358 3631 Damasceuus,

1803 3671 1820 3703 ι
1853 3651 1925 3705 Ex
1958 3651 2116 3716 Filio,
2144 3653 2238 3717 ait,
2265 3651 2530 3721 Spiritum
2566 3669 2672 3708 non
2703 3654 2955 3719 dicimus,
2985 3673 3004 3706 ι
3039 3670 3133 3722 per
3162 3654 3358 3709 Filium

1799 3759 1924 3798 vero
1977 3743 2179 3813 fatetur
2203 3752 2258 3797 et
2289 3742 2568 3812 praedicat,
2619 3753 2673 3800 et
2722 3760 2785 3798 ex
2820 3742 2959 3797 Filio
2988 3745 3360 3798 exsistentiam

1801 3833 1999 3886 habere
2029 3841 2310 3902 pernegat,
2343 3846 2452 3884 non
2481 3847 2610 3885 vero
2641 3848 2736 3901 per
2755 3833 2952 3886 Filium
2984 3848 3102 3886 eam
3131 3833 3358 3887 habere.

1801 3921 1956 3987 Quod
1994 3922 2038 3976 si
2071 3937 2134 3975 ex
2169 3920 2542 3977 Orientalibus
2561 3923 2998 3992 sanctisquidam
3035 3963 3050 3989 ,
3083 3924 3363 3992 multoque

1802 4013 1988 4083 plures
2045 4029 2109 4067 ex
2152 4014 2609 4079 Occidentalibus,
2638 4014 2803 4068 etiam
2836 4030 2898 4067 ea:
2939 4012 3085 4067 Filio
3122 4017 3362 4072 tradant.

1800 4120 1909 4158 non
1953 4113 2038 4158 est
2065 4105 2276 4159 discors
2308 4105 2420 4159 hm‘e
2446 4096 2740 4167 sententia,
2771 4105 2864 4159 sed
2904 4107 3085 4175 pctius
3108 4119 3362 4158 concors.

1800 4194 1913 4249 Hoc
1953 4211 2185 4265 namque
2237 4196 2337 4250 sibi
2386 4196 2499 4249 vult
2546 4212 2609 4249 ea:
2639 4194 2796 4258 Filio,
2833 4196 2979 4265 quod
3012 4212 3103 4263 per
3138 4194 3358 4247 Filium.

1802 4288 1982 4354 Quare
2027 4289 2093 4340 iis
2124 4289 2216 4356 qui
2252 4287 2553 4354 prudenter
2598 4303 2687 4342 res
2716 4289 3028 4341 examinare
3055 4287 3356 4351 voluerint,

153 4380 384 4446 βούλεται
408 4384 462 4435 τὸ
491 4383 561 4434 ἐκ
587 4380 691 4434 τοῦ
719 4380 849 4433 Υίοῦ
893 4379 970 4436 τῶ
992 4380 1087 4433 διὰ
1119 4379 1219 4433 τοῦ
1256 4378 1411 4432 Υίοῦ.
1435 4380 1691 4448 Πρόδηλον

1809 4376 2154 4430 manifestum
2209 4377 2335 4440 erit,
2394 4375 2703 4444 ubicunque
2728 4392 2817 4445 per
2845 4375 3160 4445 praepositio
3195 4390 3362 4442 appo-

154 4469 234 4523 οὒν
262 4476 370 4534 τοίς
403 4473 648 4524 ἐθέλουσι
678 4473 916 4532 συνετῶς
946 4473 1107 4534 νοεῖν,
1138 4470 1212 4530 ὡς
1239 4469 1367 4521 ἔνθα
1393 4469 1456 4522 ἂν
1489 4469 1697 4522 τίθεται

155 4564 184 4629 ἡ
227 4563 317 4616 διὰ
370 4565 627 4632 πρόθεσις
672 4561 1098 4632 παρηγουμένην
1143 4560 1256 4630 ἔχει
1298 4561 1396 4628 τὴν
1441 4562 1508 4613 ἐκ
1564 4562 1697 4628 πρό-

159 4655 314 4707 θεσιν.
382 4655 658 4718 Ὡσαύτως
713 4657 807 4705 καὶ
861 4656 888 4706 ό
947 4653 1046 4704 καὶ
1103 4633 1509 4721 συμπλεκτικδς
1577 4651 1701 4702 σύν.

155 4746 333 4814 δεσμος
362 4747 826 4817 προῦποκείμενον
861 4745 974 4814 ἔχει
1004 4744 1107 4814 ,τὴν
1137 4745 1224 4797 ἐκ.
1246 4744 1302 4796 ’0
1338 4744 1467 4810 γοῦν
1492 4743 1691 4809 λέγων,

158 4836 219 4888 ἐκ
260 4838 360 4890 τοῦ
402 4839 562 4903 Υἱοῦ,
596 4837 1014 4907 ἀπολελυμένως
1048 4838 1144 4888 οὐκ
1201 4834 1373 4898 ἄλλως
1437 4837 1548 4886 νοεῖ
1601 4835 1694 4885 καὶ

155 4927 378 4994 λέγει.⁹0
409 4931 464 4983 δὲ
483 4931 578 4983 καὶ
595 4929 693 4997 τὴν
713 4929 780 4982 ἐκ
802 4928 1177 4995 προῦποτιθεὶς
1193 4925 1286 4978 καὶ
1313 4924 1699 4976 ἑπισυνάπτων

161 5017 236 5070 δα
257 5021 350 5072 τοῦ
387 5021 483 5073 καί
517 5020 839 5086 συνδέσμου,
866 5018 1030 5086 ἤγουν
1056 5017 1122 5068 ἐκ
1153 5014 1379 5082 Πατρός
1410 5015 1505 5066 καὶ
1544 5012 1699 5079 Υίοῦ,

160 5109 433 5175 δείκνυσιν,
451 5113 533 5164 ὅτι
561 5111 713 5180 πηγὴ
739 5110 831 5162 καὶ
855 5109 995 5178 ἀρχὴ
1026 5109 1116 5160 καὶ
1135 5109 1280 5160 αἰτία
1298 5110 1443 5158 ἐστὶν
1467 5106 1494 5157 ὁ
1516 5105 1702 5175 Πατὴρ

159 5198 244 5263 τῆς
274 5201 397 5269 ὅλης
435 5199 708 5268 θεῦτητος.
744 5198 972 5249 Ἔπειτα
1002 5197 1062 5248 τὸ
1085 5196 1263 5262 λέγειν
1288 5195 1380 5246 καὶ
1416 5195 1629 5263 φρονεῖν
1649 5192 1706 5254 ἐξ

150 5287 276 5340 ’Υἱοῦ
327 5289 388 5340 τδ
437 5290 665 5358 Πνεῦμα
722 5289 781 5342 τὸ
833 5289 985 5355 ἅγιον
1039 5283 1199 5348 εἶναι,
1228 5288 1321 5337 καὶ
1354 5285 1450 5355 τὴν
1499 5285 1705 5335 οἰκείαν

165 5376 384 5447 ὓπαρξιν
413 5380 578 5448 ἔχειν,
608 5381 708 5431 οὐκ
740 5380 956 5448 ἀληθές.
983 5374 1090 5430 ἿΙν
1117 5377 1228 5446 γὰρ
1263 5377 1325 5428 ἂν
1365 5378 1456 5427 καὶ
1493 5377 1548 5440 ἐξ
1573 5374 1703 5427 Υίοῦ

167 5469 310 5530 μόνου
345 5470 421 5539 μὴ
454 5469 882 5539 μεσολαεοῦντος
933 5469 1023 5521 τοῦ
1064 5469 1271 5536 Πατρδς
1321 5468 1454 5535 πρὸς
1489 5470 1584 5537 τὴν
1616 5466 1706 5518 τοῦ

166 5558 461 5627 Πνεύματος
489 5563 741 5632 πρόοδον.
788 5562 919 5614 Οὐδὲ
964 5561 1071 5628 γὰρ
1115 5562 1143 5607 ὁ
1187 5562 1375 5627 Πατὴρ
1408 5558 1568 5626 μέσοξ
1607 5561 1706 5624 ἀμ-

167 5650 273 5715 ιξοῐν
305 5654 416 5704 τοῖν
465 5650 778 5723 προσώποιν
832 5652 957 5705 Υἱοῦ
1018 5654 1109 5705 καὶ
1159 5651 1491 5719 Πνεύματος.
1522 5650 1700 5717 Ταύτῃ

1804 4468 1970 4530 nitur,
1994 4474 2320 4536 praeeuntem
2341 4467 2540 4521 habere
2562 4482 2662 4531 ex;
2690 4467 2941 4520 similiter
2963 4477 3010 4517 et
3041 4465 3364 4531 copulativa:

1803 4556 2178 4623 coniunctioni
2207 4571 2271 4608 ea:
2325 4555 2585 4625 prasponi.
2629 4554 2808 4621 Quare
2860 4556 2949 4624 qni
3009 4557 3256 4608 absolute
3284 4555 3365 4606 in-

1803 4647 1943 4714 quit,
1967 4661 2030 4698 επ
2062 4645 2217 4708 Filio,
2243 4661 2348 4699 non
2380 4646 2484 4698 alio
2520 4647 2678 4700 modo
2712 4662 2808 4700 nec
2835 4646 3021 4707 sentit,
3055 4662 3153 4700 nec
3195 4662 3368 4699 enun-
3394 4685 3407 4695 .

1805 4737 1921 4789 tiat.
1943 4737 2010 4788 At
2031 4738 2120 4804 qui
2151 4752 2215 4790 ex
2247 4737 2509 4804 praeponit
2541 4737 2884 4806 aduectitque
2911 4753 3005 4806 per
3022 4738 3366 4807 conjunctio-

1804 4843 1929 4880 nem
1963 4837 2034 4890 et,
2073 4842 2265 4896 nempe
2295 4844 2357 4880 ea:
2381 4827 2546 4880 Patre
2571 4839 2617 4881 et
2655 4826 2814 4888 Filio,
2847 4827 3106 4893 ostendit,
3139 4830 3365 4892 fontem,

1803 4927 1858 4971 ct
1889 4919 2237 4988 principium,
2269 4930 2321 4972 et
2356 4936 2576 4974 eattsam
2621 4921 2784 4973 totius
2813 4921 3115 4974 divinitatis
3152 4920 3362 4974 Patrem

1808 5027 1952 5065 esse.
1979 5008 2330 5063 Postmodum
2369 5012 2549 5064 dicere
2609 5027 2672 5065 ac
2712 5023 2914 5074 tenere,
2940 5028 3002 5064 ex
3038 5011 3173 5064 Filio
3192 5012 3366 5081 Spiri-

1812 5111 1920 5153 tum
1945 5111 2191 5154 sanctum
2232 5117 2351 5154 esse
2384 5108 2440 5154 et”
2475 5102 2744 5168 proliriam
2777 5093 3147 5154 easistentiam
3204 5103 3365 5157 liabe-

1811 5206 1890 5253 re,
1919 5207 2104 5244 verum
2133 5206 2355 5258 prorsus
2391 5205 2496 5244 non
2526 5201 2632 5244 est.
2665 5190 2818 5244 Esset
2844 5190 2986 5244 enim
3015 5207 3075 5245 ex
3113 5191 3250 5246 Filio
3281 5209 3370 5247 so-

1812 5282 1888 5344 lo,
1921 5297 2043 5335 cum
2082 5279 2241 5334 Pater
2264 5283 2316 5334 in
2345 5280 2587 5347 Spiritus.
2623 5281 2972 5348 processione
3023 5284 3230 5335 medius
3261 5299 3366 5337 non

1811 5374 1913 5426 sit:
1949 5387 2126 5440 neque
2160 5373 2303 5425 enim
2339 5372 2494 5424 Pater
2527 5373 2670 5424 inter
2697 5371 2833 5425 duas
2876 5360 3134 5441 personas
3173 5374 3365 5426 Filium

1809 5474 1862 5516 et
1894 5463 2157 5531 Spiritum
2193 5463 2401 5516 medius
2428 5472 2530 5516 est.
2563 5467 2969 5530 l’roptercaqne
3003 5480 3106 5516 non
3135 5466 3370 5517 dicimus

1813 5569 1875 5607 ex
1928 5554 2065 5606 Filio
2111 5552 2398 5618 Spiritum,
2437 5569 2612 5621 neque
2654 5556 2965 5621 procedere,
3017 5570 3189 5621 neque
3226 5558 3367 5622 quod

1813 5646 1904 5711 sit,
1932 5643 2197 5713 accipere,
2228 5660 2404 5715 neque
2435 5645 2661 5707 ellundi,
2699 5645 2788 5700 sed
2823 5662 2914 5712 per
2941 5643 3133 5698 Filium
3163 5656 3368 5702 testem
