3962 6328
571 311 673 370 ⁸2ίῆ

1476 315 1851 377 GREGORH
1898 317 2194 378 MAMXLE
2236 322 2344 381 [ΣΡ.
2387 319 2888 400 ΡΛΤίιΙΛΙὶῼῐίιιΕ

3671 313 3755 377 2ζί
3829 332 3835 350 ί

572 441 633 479 ex
664 424 842 478 Patre.
872 425 1023 490 Quod
1053 426 1189 480 idem
1223 428 1325 481 erit
1357 444 1418 482 ac
1452 430 1654 496 dicere,
1689 448 1748 484 ex
1778 433 1934 486 Patre
1963 431 2124 486 simul

2261 454 2319 488 τοι
2381 436 2477 488 οὐκ
2538 436 2593 501 ἐξ
2655 435 2784 487 Υἰοῦ
2851 435 2912 486 τὸ
2973 412 3196 501 Πνεῦμά
3255 448 3457 501 φαμεν,
3491 428 3597 484 οὔτ’
3626 432 3755 482 ἐκπο-

571 533 634 574 ac
667 517 821 574 Filio.
859 527 914 570 ttt
948 535 1101 573 sacer
1133 521 1458 589 divinusque
1485 522 1856 577 Damascenus
1888 525 1939 576 in
1983 522 2128 576 deci-

574 624 659 656 mu
705 609 868 659 ἰατιῐο
925 610 1104 678 capite
1162 611 1390 663 scribit:
1426 631 1443 662 t
1491 614 1552 665 Et
1603 630 1696 682 per
1735 612 1970 666 Verbum
2007 627 2133 678 pro-

572 698 764 749 ductur
786 701 965 751 omnia
994 701 1384 754 manifestautis
1413 701 1697 770 Spiritus.)
1739 704 1972 773 lm-lytus
2005 704 2128 756 item

572 787 900 856 divinusque
948 791 1210 842 Maximus
1263 793 1311 844 itt
1340 793 1805 862 interpretatione,
1833 810 1938 862 quo
1969 809 2130 847 sensu

572 879 948 944 accipiendum
979 882 1047 934 sit
1078 883 1281 936 dictum
1312 883 1623 939 Zacharite:
1675 885 1742 938 Et
1774 902 1927 955 super
1965 887 2132 953 ipsam

572 988 734 1037 parva
761 972 982 1038 Iautpus,
1004 984 1051 1025 et
1082 975 1304 1028 Iucernw
1328 978 1370 1039 ¹,
1391 977 1586 1030 tradit:
1612 995 1630 1027 ‹
1654 977 1888 1046 Spiritus
1915 988 2135 1032 sanetus

573 1062 1032 1124 quemadmodum
1094 1076 1283 1117 natura
1343 1069 1642 1121 secundum
1701 1071 1989 1122 essentiam
2051 1079 2136 1122 est

572 1151 663 1203 Dei
703 1161 754 1204 et
788 1152 987 1216 Patris,
1020 1156 1089 1208 ita
1122 1164 1174 1209 et
1211 1156 1334 1210 Filii
1365 1159 1661 1212 secundum
1693 1159 1985 1215 essentiam
2029 1168 2133 1224 est,

575 1253 832 1310 tanquam
867 1247 956 1313 qui
996 1263 1060 1300 ex
1095 1247 1254 1302 Patre
1291 1251 1657 1306 essentialiter
1686 1266 1781 1321 per
1817 1250 2010 1305 Filium
2046 1267 2137 1320 ge-

582 1336 780 1400 nitum,
818 1337 1002 1402 modo,
1041 1340 1133 1408 qui
1163 1342 1396 1409 exprimi
1428 1343 1609 1398 verbis
1642 1357 1748 1397 non
1781 1351 1982 1412 potest,
2010 1357 2137 1409 pro-

579 1428 802 1482 cedens.
846 1448 863 1478 )
895 1430 960 1483 Et
997 1431 1163 1483 multa
1201 1448 1488 1500 perpessus
1518 1433 1852 1488 Athanasius
1883 1435 1946 1487 ad
1975 1433 2133 1487 Sera-

579 1520 792 1584 pionem
823 1521 1086 1590 Epistula,
1115 1526 1273 1591 t-ujus
1315 1526 1677 1595 principium:
1713 1546 1730 1577 ε
1766 1527 2138 1581 Admiraberis

579 1615 846 1666 fortasse:
882 1633 1001 1666 ι--ι
1045 1615 1160 1669 Non
1181 1616 1320 1669 enim
1352 1629 1498 1670 extra
1521 1616 1752 1671 Verbum
1774 1617 2010 1686 Spiritus
2033 1627 2137 1682 est,

579 1707 670 1757 sed
710 1708 762 1758 in
793 1705 971 1760 Verbo
1016 1723 1135 1760 cum
1161 1708 1272 1771 sit,
1323 1709 1373 1761 in
1427 1710 1534 1762 Deo
1561 1710 1851 1778 peripsum
1877 1721 1976 1764 est.
2027 1729 2044 1762 ι
2074 1710 2140 1763 Et

583 1798 773 1862 paucis
809 1797 1110 1866 interiectis
1144 1817 1156 1851 :
1211 1818 1227 1848 ι
1275 1798 1482 1868 Spiritu
1532 1801 1831 1855 exsistente
1863 1803 1917 1854 in
1945 1800 2139 1868 Verbo,

547 1890 788 1940 «datum
847 1897 951 1950 est.
1001 1898 1052 1940 et
1105 1891 1156 1942 in
1218 1889 1328 1943 Deo
1378 1906 1498 1946 csse
1561 1906 1656 1959 per
1696 1891 1932 1944 Verbum
1970 1891 2145 1961 Spiri-

578 1995 714 2034 llllll.
760 1999 777 2030 ι

652 2164 739 2219 19.
778 2162 963 2233 Neque
989 2164 1131 2217 enim
1161 2165 1466 2232 proprietas
1500 2162 1676 2217 Patris
1711 2169 1794 2216 est
1817 2161 2140 2230 producere.

584 2268 645 2310 ut.
673 2270 727 2311 et
759 2259 907 2312 solus
960 2257 1247 2324 producat.
1298 2255 1475 2310 Patris
1515 2256 1783 2323 siquidem
1825 2255 2129 2324 proprietas

585 2364 847 2412 generare
899 2357 1023 2406 est:
1086 2348 1351 2414 siquidem
1401 2355 1512 2399 tres
1537 2354 1746 2399 tantum
1784 2346 2145 2413 proprietates

582 2439 881 2502 credimus,
922 2447 979 2490 ut
1026 2438 1198 2490 sancti
1247 2445 1302 2490 et
1353 2437 1495 2490 inter
1523 2451 1618 2490 eos
1646 2436 1954 2492 divinorum
1987 2450 2148 2490 arca-

594 2540 788 2578 norum
825 2527 1091 2596 interpres
1123 2524 1358 2580 Basilius
1387 2567 1402 2590 ,
1443 2525 1672 2595 epistola
1706 2523 1770 2577 ad
1798 2524 2042 2589 fratrem,
2075 2521 2148 2579 De

584 2618 824 2671 essentia
855 2627 910 2672 et
938 2619 1212 2686 ltypostasl
1255 2617 1454 2671 tradit:
1512 2635 1528 2665 ι
1567 2617 1727 2669 Pater
1761 2630 1890 2670 vero
1925 2615 2017 2685 qui
2059 2630 2149 2670 su-

589 2726 686 2778 per
719 2711 901 2766 omnia
947 2717 1051 2773 est,
1097 2709 1420 2777 peculiarem
1470 2697 1777 2778 hypostasis
1811 2719 1924 2758 suae
1975 2705 2153 2760 actio-

589 2817 710 2856 nem
753 2803 903 2858 solus
935 2801 1123 2863 habet.
1146 2801 1292 2869 quod
1319 2801 1477 2853 Pater
1509 2812 1611 2862 cst,
1638 2808 1689 2852 et
1720 2798 1862 2866 quod
1904 2809 1970 2850 ex
1999 2796 2147 2850 nulla

591 2893 814 2945 omnino
862 2907 1024 2945 causa
1057 2890 1308 2945 subsistit
1336 2907 1349 2954 ;
1385 2897 1547 2958 atque
1583 2890 1686 2944 isto
1718 2888 1914 2941 iterum
1944 2886 2150 2940 indicio

589 2995 643 3039 et
675 2986 790 3055 ipse
817 2986 1035 3055 proprie
1065 2999 1128 3038 ae
1163 2985 1454 3051 separatim
1489 2981 1817 3050 agnoscitur.
1867 2997 1887 3030 ι
1917 2978 2154 3034 Theolo-

2174 1755 2214 1813 Β

2239 528 2512 598 ρεύεσθαι,
2550 530 2738 581 καὶτὸ
2794 522 2933 580 εἷναι
2982 524 3301 594 λαμϐάνειν,
3336 523 3460 576 οὔτε
3513 524 3613 593 μὴν
3651 541 3757 593 ’προ⁴
3804 545 3808 550 ·

2234 621 2466 689 χεῖσθαι,
2526 620 2592 672 δι’
2643 619 2772 673 Υἱοῦ
2822 619 2878 672 δέ
2925 619 3084 688 μόνον
3132 618 3194 670 ἐκ
3237 616 3472 686 Πατρός.
3503 615 3760 668 Ταυτδνόέ

2234 711 2407 761 εἰπεῖν
2439 709 2501 762 ἐκ
2527 710 2742 777 Πατρός
2775 726 2831 760 τε
2877 709 2994 776 ἃμα
3041 713 3135 762 καὶ
3172 707 3324 771 Υἰοῦ,
3353 705 3552 768 ὠςικαὶ
3584 708 3610 758 6
3643 704 3762 772 ἱερὸς

2238 801 2333 853 καὶ
2364 801 2504 858 Θεῖος
2550 800 2906 867 Δαμασκηνὸς
2959 800 3014 851 ἐν
3056 796 3488 867 τρισκαιδεκάτῳ
3516 795 3763 863 κεφαλαίῳ

2237 892 2412 961 φησί·
2446 911 2464 942 ί
2507 893 2619 946 Καὶ
2670 891 2755 943 διὰ
2816 891 2986 958 Λόγου
3053 890 3353 959 προϐολεὺς
3396 884 3761 956 ἐκφαντορικοῦ

2237 985 2582 1054 Πνεύματος.
2634 1001 2652 1033 ι
2693 982 2802 1034 Καὶ
2841 984 2868 1034 ό
2899 980 3108 1043 κλεινὸς
3143 981 3236 1034 καὶ
3288 980 3430 1042 θεῖος
3461 971 3694 1046 Μάξιμος
3719 978 3764 1028 ὲν

2236 1070 2311 1137 οἷς
2341 1073 2652 1143 ἐρμηνεύει,
2683 1073 2732 1124 τί
2762 1072 2895 1139 δῆτα
2926 1071 3172 1141 βούλεται
3220 1068 3297 1138 τῷ
3328 1068 3580 1138 προφήτῃ
3609 1069 3762 1134 Ζαχα-

2239 1165 2349 1234 ρία,
2374 1163 2481 1218 Kal
2501 1164 2593 1216 ἐπ’
2616 1162 2768 1230 αὐτῇ
2791 1162 3133 1230 ,λαμπάδιον
3154 1162 3249 1214 καί
3279 1162 3332 1213 οι
3365 1159 3606 1229 λύχνοι,
3635 1156 3762 1225 φησὶ.

2245 1276 2263 1309 ι
2309 1257 2382 1309 Τὸ
2403 1257 2556 1324 ἆγιον
2574 1254 2793 1324 Πνεῦμα
2817 1250 3003 1323 ὥσπερ
3027 1255 3183 1322 φύσει
3212 1252 3328 1305 κατ’
3345 1252 3530 1304 οὐσίαν
3557 1250 3766 1316 ὑπάρχον

2238 1347 2330 1401 τοῦ
2355 1345 2488 1398 Θεοῦ
2522 1348 2616 1398 καὶ
2654 1343 2883 1411 Πατρός,
2908 1342 3047 1396 οὕτω
3066 1343 3157 1395 καὶ
3174 1341 3266 1393 τοῦ
3304 1338 3435 1393 Υἱοῦ
3461 1341 3578 1391 κατ’
3601 1337 3764 1389 οὐσίαν
3857 1359 3862 1362 ·

2240 1436 2407 1498 ἐστὶν,
2440 1436 2514 1496 ὡς
2549 1436 2612 1485 ἐκ
2645 1433 2737 1485 τοῦ
2772 1432 2982 1495 Π;.τρὸς
3024 1430 3293 1493 οὐσιωδῶς
3330 1429 3397 1482 δι’
3442 1428 3569 1496 rio?)
3600 1444 3765 1496 γεννη-

2241 1525 2422 1584 θέντος
2449 1523 2742 1590 ἀφράστως
2771 1522 3227 1589 ἐκπορευόμενον.
3279 1539 3295 1569 ι
3329 1520 3438 1572 Καὶ
3474 1519 3501 1570 6
3536 1516 3769 1575 πολύτλας

2241 1615 2297 1668 δὲ
2341 1613 2657 1674 Ἀθανάσιος
2696 1614 2751 1663 tv
2795 1613 2858 1680 τῇ
2903 1611 3038 1677 πρὸς
3071 1610 3416 1680 Σεραπίωνα.
3461 1602 3526 1678 ἧς
3561 1609 3590 1676 ὴ
3631 1606 3770 1674 ἀρχὴν

2251 1708 2438 1767 «Ἴσως
2467 1704 2762 1772 θαυμάσεις
2787 1719 2800 1732 ·
2826 1719 2947 1754 ›-‹
2977 1703 3049 1755 Οὐ
3069 1702 3173 1771 γὰρ
3195 1702 3341 1763 ἐκτός
3362 1703 3474 1753 ἐστι
3505 1697 3593 1750 τοῦ
3623 1698 3766 1761 Λόγοι

2243 1794 2302 1845 τὸ
2335 1791 2579 1860 Πνεῦμα,
2621 1791 2735 1843 ἀλλ’
2783 1793 2835 1841 ἐν
2886 1792 2961 1855 τῷ
3011 1791 3168 1858 Λόγῳ
3216 1789 3294 1850 ὃν,
3345 1790 3402 1839 ἐν
3448 1785 3527 1855 τῷ
3570 1784 3678 1852 Θεῷ
3716 1784 3769 1835 δι’

2248 1883 2409 1936 αὐτοῦ
2461 1885 2594 1935 ἐστι.
2635 1899 2652 1933 ›
2693 1883 2800 1933 Καὶ
2833 1882 2950 1949 μετ’
2981 1881 3156 1947 ὀλίγα·
3194 1899 3211 1931 ι
3253 1879 3357 1932 Τοῦ
3388 1877 3445 1930 δέ
3485 1877 3771 1945 "vetitum;

2244 1976 2397 2036 ὄντος
2429 1976 2482 2026 ἐν
2512 1968 2587 2039 τῷ
2621 1974 2800 2041 Λόγῳ,
2837 1973 2994 2041 δῆλον
3039 1973 3104 2025 ἂν
3132 1972 3242 2039 εἴη,
3272 1972 3345 2033 ὡς
3382 1970 3472 2022 καὶ
3502 1971 3557 2020 tv
3584 1967 3652 2036 τῷ
3677 1965 3774 2033 Θεῴ

2247 2062 2316 2135 ἦν
2347 2066 2434 2118 διὰ
2469 2065 2561 2117 τοῦ
2590 2064 2763 2130 Λόγου
2805 2062 3132 2129 τὺιΠνεῦμα.
3168 2079 3186 2110 ›

2341 2156 2424 2210 ιθ’.
2478 2156 2549 2209 Οὐ
2594 2156 2702 2221 γὰρ
2752 2154 2946 2218 ἰδιότης
2977 2152 3070 2204 τοῦ
3104 2152 3313 2221 Πατρδς
3355 2153 3413 2205 τὸ
3452 2150 3772 2219 προϐάλλειν,

2251 2250 2338 2300 ἵνα
2392 2247 2484 2298 καὶ
2532 2243 2690 2314 μόνος
2741 2242 3039 2312 προϐάλλῃ.
3089 2242 3151 2294 ’Π
3200 2243 3306 2310 γὰρ
3340 2241 3540 2305 ἰδιότης
3567 2238 3654 2292 τοῦ
3685 2240 3778 2291 [1:1-

2254 2340 2381 2408 τρὸς
2425 2338 2485 2390 τὸ
2543 2336 2737 2405 γεννᾷν
2788 2336 2953 2399 ἐστιν,
3010 2333 3165 2401 εῐπερ
3207 2334 3354 2400 τρεῖς
3408 2330 3666 2395 ἰδιότητας
3709 2345 3778 2377 πι-

2252 2429 2514 2498 στεύομεν
2559 2428 2653 2480 καὶ
2682 2427 2839 2495 μόνον
2869 2424 3011 2478 κατὰ
3039 2426 3160 2486 τοὺς
3194 2425 3399 2491 ἁγίους,
3428 2419 3522 2473 καὶ
3547 2418 3676 2472 κατὰ
3703 2417 3779 2468 τὸν

2255 2521 2586 2590 Θεοφάντορα
2617 2517 2913 2572 Βασίλειον·
2941 2519 2999 2570 ἐν
3033 2519 3096 2586 τῇ
3120 2514 3254 2585 πρὸς
3283 2515 3371 2566 τὸν
3402 2514 3533 2567 ἴδιον
3563 2507 3780 2573 ἀδελφὸν.

2255 2610 2391 2679 Περὶ
2435 2610 2619 2671 οὐσίας
2669 2609 2764 2662 καί
2815 2608 3163 2670 ὑποστάσεως
3202 2606 3393 2674 φησῐνο
3439 2622 3457 2655 ‹
3503 2604 3567 2654 Ὃ
3607 2600 3659 2653 δὲ
3706 2598 3783 2650 ἐπὶ

2253 2700 2473 2755 πάντων
2530 2700 2803 2769 ἐξαίρετον
2861 2696 3149 2767 γνώρισμα
3202 2697 3300 2764 τῆς
3327 2693 3522 2747 ἑαυτοῦ
3568 2690 3782 2745 ὑποστά-

2254 2809 2391 2855 σεως
2433 2793 2491 2845 τὸ
2520 2791 2707 2860 Πατὴρ
2745 2785 2903 2854 εἶναι,
2934 2791 3026 2840 καὶ
3060 2790 3122 2840 ἐκ
3156 2786 3426 2857 μηδεμιᾶς
3469 2784 3640 2845 αἰτίας
3655 2785 3784 2833 αὑπο-

2255 2886 2448 2952 στῆναι
2484 2880 2643 2950 μόνον
2694 2879 2841 2948 ἔχει·
2894 2878 2990 2930 καὶ
3049 2874 3140 2930 διὰ
3190 2873 3384 2927 τούτου
3435 2872 3529 2925 τοῦ
3577 2869 3784 2939 σημείου

2254 2975 2350 3027 καὶ
2406 2971 2567 3034 αὐτὸς
2625 2969 2934 3034 ἰδιαζόντως
2964 2965 3413 3035 ἐπιγινώσκεταγ
3453 2982 3472 3014 ι
3509 2963 3600 3016 καὶ
3631 2962 3714 3012 τὸν
3742 2961 3787 3009 tv

589 3092 690 3144 gus
726 3077 1021 3145 Gregorius
1046 3075 1098 3129 id
1131 3075 1272 3127 idem
1317 3071 1503 3125 multis
1546 3071 1662 3136 suis
1693 3069 2035 3125 orationibus
2067 3082 2149 3122 as-

2261 3065 2509 3135 οεολογίᾳ
2550 3063 2853 3133 Γρηγόριον
2909 3062 2967 3112 ἐν
3011 3058 3226 3121 πολλοῖς
3278 3054 3386 3150 ⁸Ξῶν
3435 3052 3604 3107 αὑτοῦ
3635 3051 3791 3118 λόγων

595 3176 830 3232 severat,
878 3177 990 3220 tum
1031 3166 1082 3219 in
1116 3163 1330 3218 funebri
1387 3161 1696 3216 laudatione
1723 3161 1899 3230 magni
1926 3159 2148 3215 Basilii:

598 3279 616 3309 ι
658 3257 783 3312 Tria
847 3257 1062 3326 quidem
1107 3252 1564 3324 proprietatibus,
1593 3249 1827 3305 essentia
1860 3263 2026 3326 unum
2057 3263 2154 3299 co-

593 3353 803 3415 lentes;
843 3368 859 3399 ι
894 3357 1006 3400 tum
1047 3347 1099 3399 in
1127 3358 1280 3398 sacra
1315 3341 1576 3394 Lumina:
1610 3359 1628 3391 ‹
1657 3340 1752 3393 Dei
1782 3353 1907 3392 vero
1924 3325 2157 3392 "cumdi-

595 3458 750 3505 xero,
803 3454 909 3493 uno
948 3437 1154 3492 lumine
1198 3432 1625 3488 circumlustrati
1676 3431 1806 3486 estis
1847 3438 1901 3485 et
1951 3414 2152 3493 tribus,

596 3535 776 3588 tribus
816 3531 1033 3600 quidem
1067 3527 1369 3582 secundum
1398 3525 1764 3595 pr0prietates
1785 3560 1803 3586 ,
1836 3521 2159 3588 hypostases

599 3629 850 3690 scilicet;
893 3644 910 3676 ι
955 3636 1072 3675 tum
1105 3621 1160 3674 in
1200 3628 1446 3674 sanctum
1502 3615 1900 3669 Athanasium:
1948 3631 1966 3662 ι
2000 3612 2160 3664 Nam-

600 3736 707 3788 que
736 3733 840 3771 una
869 3715 1125 3779 essentia,
1151 3720 1203 3766 et
1230 3711 1406 3764 tribus
1429 3706 1811 3778 hypostasibus
1840 3719 1867 3757 a
1896 3703 2053 3756 nobis
2078 3702 2163 3766 pie

601 3810 916 3870 intellectis,
953 3808 1054 3859 hoc
1081 3806 1226 3859 enim
1259 3801 1550 3857 essentiam
1597 3796 1834 3856 deitatis,
1883 3794 2010 3847 illud
2054 3801 2164 3847 tres

604 3915 757 3959 notat
790 3900 1172 3971 proprietates.
1222 3914 1240 3948 ι
1302 3892 1440 3948 Tum
1472 3893 1537 3947 de
1571 3890 1824 3957 dogmate
1868 3896 1926 3941 et
1955 3887 2166 3955 episco-

601 4009 794 4063 νοιυηι
830 3990 1225 4060 compositione
1247 3988 1271 4040 :'
1314 4004 1332 4037 ι
1378 3985 1685 4037 Adoramus
1713 3980 1896 4048 itaque
1922 3975 2164 4037 Patrem,

605 4100 658 4141 et
679 4086 897 4144 Filium.
928 4091 982 4137 et
1003 4080 1261 4150 Spiritum
1283 4077 1553 4138 sanctum,
1577 4073 1932 4141 proprietates
1954 4068 2166 4136 quidem

607 4183 948 4247 separantes,
989 4173 1326 4226 divinitatem
1357 4169 1630 4221 uniemes.
1672 4181 1689 4213 ι
1722 4161 2164 4216 Demonstratum

616 4281 697 4324 est
731 4270 914 4336 itaque
945 4264 1313 4334 apertissime.
1337 4267 1450 4325 tres
1481 4273 1583 4312 nos
1612 4256 1834 4310 credere
1867 4249 2165 4320 proprieta-

608 4378 714 4418 tes.
759 4363 869 4416 Aut
901 4363 1046 4415 enim
1081 4359 1402 4427 producere,
1443 4360 1538 4408 aut
1572 4341 1832 4420 generare
1867 4344 2171 4416 proprietas

2257 3155 2414 3210 τοῦτο
2457 3151 2808 3222 θεολογοῦντα
2841 3168 2855 3182 ·
2903 3151 3076 3219 λέγων
3114 3151 3171 3202 ἐν
3206 3127 3310 3218 μὲν
3336 3147 3414 3216 τῷ
3446 3147 3538 3199 τοῦ
3578 3142 3792 3212 μεγάλου

2259 3247 2542 3302 Βασιλεῐου
2572 3244 2848 3313 ἐπιταφίῳ
2877 3259 2888 3272 ·
2929 3261 2948 3294 t
2981 3243 3119 3311 Τρία
3155 3241 3254 3308 μὲν
3296 3240 3416 3300 ταῖς
3447 3237 3716 3306 ἰδιότησιν,
3743 3232 3794 3283 ἓν

2235 3339 2314 3395 ’δὲ
2339 3344 2406 3412 τῇ
2441 3340 2595 3410 οὐσία
2639 3337 2890 3398 σέϐοντες
2915 3351 2928 3364 °
2965 3353 2983 3386 ι
3015 3337 3073 3388 ἐν
3109 3333 3165 3384 δὲ
3197 3333 3273 3393 εἰς
3299 3333 3370 3383 τά
3401 3330 3557 3382 Φῶτα
3580 3345 3595 3360 ο
3632 3346 3647 3378 ι
3673 3323 3796 3378 Θεοῦ

2258 3432 2316 3485 5t
2347 3431 2475 3484 ὅταν
2514 3429 2673 3489 εἴπω,
2705 3426 2785 3480 ἐνὶ
2814 3425 2956 3492 φωτὶ
2989 3421 3472 3494 περιηστράφθητε
3503 3420 3594 3472 καὶ
3627 3415 3793 3485 τρισί·

2262 3526 2409 3594 τρισὶ
2434 3520 2698 3592 μὲνγκατὰ
2727 3521 2823 3581 τὰς
2870 3518 3159 3585 ἰδιότητας,
3194 3516 3361 3585 ἤγουν
3390 3511 3706 3571 ὑποστάσεις
3727 3524 3738 3538 ·
3777 3523 3792 3557 ι

2267 3615 2362 3667 καὶ
2415 3615 2472 3665 ἐν
2527 3612 2606 3681 τῷ
2662 3611 2743 3672 εἰς
2785 3609 2875 3661 τὸν
2927 3606 3080 3676 ἅγιον
3123 3605 3484 3659 Ἀοανάσιονο
3521 3622 3539 3655 t
3570 3602 3672 3670 Τῆς
3703 3599 3799 3667 γὰρ

2270 3704 2400 3772 μιᾶς
2431 3701 2639 3764 οὐσίας,
2673 3700 2767 3753 κα)⁸
2805 3699 2912 3750 τῶν
2937 3698 3106 3766 τριῶν
3134 3696 3489 3750 ὑποστάσεων
3514 3693 3800 3762 νοουμένων

2273 3795 2372 3862 μὲν
2397 3792 2486 3859 ὑφ’
2513 3790 2672 3859 ἡμῶν
2699 3788 2954 3848 εὐσεϐῶς·
2983 3786 3044 3838 τὸ
3078 3786 3175 3855 μὲν
3201 3785 3310 3854 γὰρ
3340 3785 3437 3851 τὴν
3464 3782 3647 3835 οὐσίαν
3666 3777 3802 3847 δηλοί

2278 3886 2382 3954 τῆς
2421 3885 2671 3953 θεότητος
2694 3923 2708 3948 ν
2740 3885 2801 3934 τὸ
2837 3882 2889 3933 δὲ
2918 3880 3015 3942 τὰς
3058 3880 3205 3950 τρεῖς
3239 3877 3524 3945 ἰδιότητας.
3555 3897 3577 3946 ,ν
3610 3872 3715 3926 Καὶ
3751 3870 3802 3920 ἐν

2270 3974 2348 4043 τῷ
2393 3975 2521 4042 περὶ
2569 3973 2832 4041 δόγματος
2884 3972 2976 4023 καὶ
3025 3971 3418 4030 καταστάσεως
3464 3965 3802 4019 ἐπισκόπων·

2276 4086 2296 4118 ι
2344 4063 2768 4134 Προσκυνοῦμεν
2834 4058 2929 4114 οὖν
2985 4063 3202 4128 Πατέρα
3240 4060 3334 4113 καὶ
3361 4057 3489 4111 Υίδν
3531 4058 3624 4109 καὶ
3665 4055 3805 4120 ἅγιον

2275 4155 2518 4223 Πνεῦμα,
2558 4155 2654 4218 τὰς
2690 4155 2785 4224 μὲν
2822 4154 3086 4224 ἰδιότητας
3111 4140 3454 4222 χωρίζοντες,
3493 4147 3731 4208 ἐνοῦντες
3760 4144 3809 4195 δὲ

2274 4248 2375 4314 τὴν
2404 4247 2655 4316 Θεότητα.
2702 4262 2721 4296 ι
2760 4246 3036 4298 Δέδεικται
3075 4245 3164 4297 οὖν
3195 4241 3508 4314 περιφανῶς
3536 4280 3552 4303 ,
3587 4239 3659 4301 ὡς
3683 4237 3814 4305 τρεῖς

2274 4338 2552 4408 ἰδιότητας
2581 4337 2933 4404 πιστεύομεν.
2965 4338 3032 4388 Ἢ
3061 4333 3193 4403 γοῦν
3226 4335 3286 4387 τὸ
3334 4333 3654 4402 προϐάλλειν
3685 4329 3816 4380 ἐστὶν

608 4465 694 4512 est
721 4472 735 4519 ;
766 4456 856 4506 sed
897 4451 1195 4520 producere
1223 4447 1374 4501 nullo
1408 4443 1570 4499 modo
1604 4441 1908 4509 proprietas
1935 4445 2040 4500 est,
2077 4449 2153 4504 ger

2284 4431 2506 4500 ἰδιότης,
2539 4429 2572 4500 ἢ
2600 4430 2661 4482 τδ
2698 4431 2915 4500 γεννᾷν.
2944 4428 3105 4480 Ἀλλὰ
3138 4427 3245 4496 μὴν
3286 4427 3347 4480 τὸ
3385 4423 3706 4495 προϐάλλειν
3734 4420 3818 4473 οὐκ

612 4561 805 4604 uerare
844 4545 1009 4612 igitur
1060 4536 1436 4593 tantummodo
1498 4533 1676 4587 Patris
1729 4529 2031 4600 proprietas
2061 4534 2166 4578 est.

614 4638 752 4692 llinc
783 4638 950 4706 probe
1005 4633 1072 4687 ab
1125 4628 1380 4684 Ecclesia:
1411 4623 1728 4681 doctoribus
1762 4619 1958 4672 Filium
1994 4631 2024 4669 a
2055 4616 2172 4668 solo

613 4731 774 4786 Patre
833 4725 1082 4796 generari
1135 4725 1453 4783 edocemur,
1498 4715 1767 4787 Spiritum
1800 4726 1930 4765 vero
1975 4724 2080 4762 nun
2109 4721 2173 4757 ex

619 4824 736 4880 solo
762 4863 778 4888 ,
824 4821 917 4876 sed
954 4835 1019 4874 ex
1053 4819 1209 4872 Patre
1243 4830 1338 4884 per
1374 4812 1595 4866 Filium.
1627 4808 2031 4876 Proptereaque
2059 4815 2178 4853 crc-

618 4910 800 4969 dimus
841 4907 1057 4965 Patrem
1097 4921 1353 4975 generare
1381 4915 1433 4954 et
1470 4899 1790 4971 producere,
1823 4907 1875 4949 et
1914 4906 2183 4964 generau—

620 5019 727 5060 tcm
770 5003 1072 5073 producere
1123 4995 1418 5052 secundum
1465 4993 1736 5046 diversum
1789 4985 2029 5048 modum,
2073 4995 2180 5034 non

621 5099 924 5154 secundum
953 5094 1114 5146 aliam
1152 5089 1326 5158 ipsius
1357 5084 1744 5155 praprietatem
1779 5099 1790 5132 :
1828 5077 2059 5143 ideoque
2092 5086 2185 5141 per

623 5191 816 5243 lt'rlium
869 5186 1071 5239 dicitur
1123 5182 1445 5252 producere,
1475 5185 1529 5230 et
1570 5189 1664 5244 per
1698 5169 1896 5224 Filium
1931 5169 2185 5229 educere,

623 5293 680 5333 ut
720 5281 1087 5332 Damascenus
1118 5275 1310 5328 eodem
1367 5272 1544 5339 capite
1600 5267 1766 5320 tradit
1801 5283 1813 5316 :
1858 5282 1875 5313 ι
1917 5259 2184 5313 llevelaus

624 5373 814 5426 secreti
855 5369 1078 5422 Deitatis
1106 5368 1277 5419 virtus
1310 5365 1490 5416 Patris
1534 5377 1596 5413 ex
1639 5357 1799 5410 Patre
1836 5364 1916 5408 est
1967 5368 2059 5421 per
2100 5349 2187 5403 Fi-

628 5464 758 5516 lium
787 5460 1112 5530 prm'etlt-us.
1152 5476 1167 5508 ι

706 5734 714 5760 ¹
753 5727 977 5782 Ζιιῖῖιτΐ.
1027 5743 1096 5791 I\',
1129 5724 1180 5777 ‘2.

2283 4523 2430 4574 ἐστιν
2483 4521 2703 4588 ἰδιότης,
2733 4521 2794 4572 τὸ
2831 4521 3028 4589 γεννᾷν
3067 4519 3174 4588 ἄρα
3233 4521 3330 4571 καὶ
3387 4519 3547 4587 μόνον
3595 4514 3709 4567 ἐστί
3737 4509 3820 4563 τοῦ

2286 4615 2499 4684 Πατρὸς
2536 4614 2755 4684 ἰδιότης.
2793 4614 2984 4676 Καλῶς
3020 4614 3113 4664 καὶ
3159 4612 3314 4680 παρὰ
3342 4611 3448 4663 τῶν
3477 4609 3577 4676 τῆς
3617 4605 3822 4670 Ἐκκλη-

2287 4707 2406 4769 σίας
2446 4705 2712 4772 οεολόγων
2739 4707 2800 4757 ἐκ
2843 4706 3002 4774 μόνου
3037 4703 3132 4756 τοῦ
3184 4701 3395 4771 Πατρός
3440 4699 3531 4754 τὸν
3559 4698 3688 4751 Υἰὸν
3717 4712 3825 4763 γεν-

2285 4801 2480 4854 νᾶσθαι
2509 4798 2858 4866 θεολογτλῦσι,
2899 4801 2960 4851 τὸ
3010 4799 3066 4851 δέ
3115 4793 3340 4863 Πνεῦμα
3389 4793 3490 4846 οὐκ
3540 4792 3606 4843 ἐκ
3662 4789 3824 4858 μόνον.

2288 4893 2410 4944 ἀλλ’
2460 4895 2523 4944 ἐκ
2574 4893 2667 4944 τοῦ
2722 4891 2936 4959 [ἰατρὸς
2993 4890 3061 4943 δι’
3119 4886 3273 4942 Υἰοῧ.
3306 4885 3405 4939 Διὰ
3447 4883 3605 4936 τοῦτο
3635 4881 3727 4934 καὶ
3756 4894 3828 4928 πι-

2292 4985 2556 5054 στεύομεν
2613 4988 2685 5046 ῶς
2741 4985 2767 5034 6
2819 4984 3007 5054 Πατὴρ
3058 4983 3223 5052 γεννᾷ
3256 4981 3353 5032 καὶ
3397 4977 3709 5048 προϐάλλει,
3751 4970 3830 5024 καὶ

2298 5078 2505 5145 γεννῶν
2535 5077 2826 5145 προϐάλλει
2875 5075 3016 5128 κατὰ
3063 5074 3316 5141 διάφορον
3359 5071 3584 5140 τρόπον,
3637 5068 3697 5119 οὐ
3729 5061 3830 5116 κατ’

2292 5169 2458 5237 ἄλλην
2509 5168 2744 5237 ἰδιότητα
2798 5168 2983 5221 αὐτοῦ.
3021 5167 3120 5218 Διὰ
3166 5165 3322 5217 τοῦτο
3363 5162 3457 5214 καὶ
3483 5162 3568 5213 διὰ
3603 5159 3698 5212 τοῦ
3729 5152 3836 5208 Υἱοῦ

2294 5262 2511 5329 λέγεται
2546 5260 2887 5325 προϐάλλειν,
2922 5264 3014 5313 καὶ
3045 5259 3108 5312 δι’
3143 5256 3275 5310 Υἰοῦ
3301 5255 3643 5323 ὲκπορεύειν,
3668 5254 3739 5313 ὡς
3762 5247 3839 5298 καὶ

2298 5356 2326 5406 ὁ
2371 5357 2725 5425 Δαμασκηνὸς
2760 5358 2815 5406 ἐν
2858 5355 2934 5421 τῷ
2979 5352 3125 5420 αὐτῷ
3169 5350 3448 5417 κεφαλαίῳ
3496 5348 3684 5417 φησιν·
3719 5364 3736 5397 ι
3790 5340 3840 5392 Ἠ

2300 5447 2670 5516 ἑκφαντορικὴ
2706 5445 2797 5497 τοῦ
2834 5447 3068 5514 κρυφίου
3091 5444 3188 5511 τῆς
3219 5443 3468 5508 Οεότητος
3502 5440 3734 5500 δύναμις
3759 5429 3839 5485 τοῦ

2304 5537 2514 5606 Ματρὸς
2560 5540 2625 5589 ἐκ
2679 5538 2886 5606 Πατρός
2927 5539 3040 5589 ἐστι
3097 5536 3160 5587 δι’
3200 5533 3328 5586 Υἱοῦ
3365 5529 3782 5602 ἐκπορευομένη.
3823 5540 3835 5572 l
