3962 6328
623 304 726 364 ΞΠ

1332 311 1556 373 ΟίὶΕΟ.
1607 315 1907 376 ΜΛΜΜΕ
1947 319 2055 377 CP.
2100 320 2184 377 ΡΑ

2301 367 2312 379 .
2355 320 2449 377 Al)
2497 319 2646 380 ῐΜΡ.
2692 320 3164 383 TRAPEZUNT.

3757 325 3836 387 218

626 424 850 488 οῖὶνῖυεη·
901 424 1082 494 Neque
1152 432 1296 486 enim
1354 451 1520 490 causa
1569 440 1674 494 alia
1726 444 2192 513 praeiutclligitur,

2309 465 2325 497 ι
2351 445 2512 498 Ἄλλο
2544 445 2698 497 οὐσία
2725 449 2817 497 καὶ
2846 446 2973 499 ἄλλο
3007 446 3319 504 ὑπόστασις,
3353 462 3368 493 i
3406 464 3422 493 ι
3461 444 3638 504 Ἄλλο,
3667 445 3837 512 ἔφησεν

625 529 800 604 neque
831 517 1155 588 prini-ipium
1188 541 1200 588 ;
1238 532 1291 578 at
1324 525 1492 582 Filius
1527 547 1633 586 non
1663 549 1689 586 a
1723 537 1902 603 seipse
1932 535 2191 604 Spiritum

623 603 806 668 habet,
834 609 926 662 scd
962 627 989 663 a
1023 610 1213 672 Patre.
1258 616 1417 672 sicuti
1475 621 1634 678 divus
1665 624 1899 695 Cyrillus
1937 603 1985 679 in
2023 631 2189 682 inter-

621 700 979 761 pretationem
1011 704 1188 760 illius:
1225 707 1291 760 Et
1317 712 1422 775 ipse
1459 716 1649 784 rogabo
1679 716 1915 781 Patrem,
1948 732 1995 773 et
2029 722 2193 774 alium

622 787 982 853 Paraclcntm,
1024 795 1136 847 ait:
1182 815 1199 846 ι
1243 797 1332 851 Dei
1365 802 1513 856 enim
1549 813 1604 859 ct.
1639 805 1818 860 Patris
1853 809 2187 863 naturalium

623 880 887 933 bonorum
918 881 1091 939 Filius
1119 888 1397 958 particeps
1430 907 1552 946 cum
1588 897 1679 958 sit,
1715 896 1882 950 habet
1917 897 2184 966 Spiritum

620 975 922 1025 secundum
947 974 1097 1029 ἰιιιιιιι
1125 981 1380 1036 eumdem
1415 987 1659 1051 modum,
1691 991 1998 1044 secundum
2029 1009 2188 1060 quem

621 1062 944 1132 intelligitur
982 1066 1143 1122 Pater
1198 1071 1423 1130 habere.
1486 1096 1502 1123 ι
1553 1078 1688 1132 Tum
1742 1084 1960 1136 modum
2013 1085 2189 1152 expri-

621 1169 776 1210 mens
799 1161 1049 1228 exernplo
1072 1161 1138 1215 ab
1163 1164 1382 1222 homine
1411 1170 1702 1240 desumpto
1721 1189 1884 1243 quam
1908 1175 2190 1244 aptissimo
2228 1175 2233 1179 ’

619 1246 718 1312 rei,
749 1249 815 1303 de
848 1267 950 1319 qua
991 1269 1175 1310 sermo
1207 1270 1310 1322 est,
1347 1273 1507 1331 atque
1537 1265 1738 1318 indicio
1770 1267 1985 1321 subdit:
2023 1287 2040 1318 ε
2081 1269 2185 1322 Sed

619 1341 1075 1403 quemadmodum
1147 1352 1528 1421 unusquisque
1616 1365 1861 1408 nostrum
1933 1360 2187 1425 spiritum

619 1431 902 1498 preprium
939 1433 990 1486 in
1018 1441 1317 1507 semetipso
1345 1445 1612 1503 continet.
1647 1457 1697 1498 et
1733 1462 1795 1499 cx
1823 1449 2032 1502 intimis
2058 1466 2189 1518 prie—

618 1521 827 1574 cordiis
872 1524 934 1575 ad
986 1528 1258 1581 extericra
1309 1535 1532 1586 emittit.
1595 1535 1822 1602 Propter
1866 1539 1915 1590 id
1958 1542 2110 1592 enim,
2135 1551 2188 1592 et

620 1623 881 1679 corporee
944 1615 1094 1669 illum
1157 1618 1414 1674 Christus
1464 1622 1797 1689 iusuﬂlavit,
1857 1629 2186 1693 ostendens,

618 1705 1078 1769 quemadmodum
1119 1723 1182 1762 ex
1222 1725 1315 1764 ore
1347 1711 1581 1768 hominis
1614 1717 1893 1784 egreditur
1961 1720 2189 1786 Spiritus

2296 543 2321 591 6
2349 537 2521 603 ἅγιος,
2559 533 2709 588 εἷπον
2757 537 2850 589 καὶ
2897 536 3044 599 ἄλλο,
3087 537 3183 604 οὐχ
3213 537 3285 598 ὼς
3333 537 3587 605 πρᾶγμα.
3617 555 3633 587 ι
3664 537 3836 588 ⁵Α).>.“ἐ

2298 625 2394 692 μὲν
2430 626 2616 692 Πατὴρ
2642 624 2756 693 ἔχει
2785 627 2842 678 τὸ
2879 627 3102 696 Πνεῦμα
3145 627 3200 679 τὸ
3238 627 3392 694 ἅγιον
3432 627 3834 696 προόἀλ).ων,σὺ

2295 716 2421 784 παρ’
2444 716 2601 769 ἄλλου
2625 715 2807 769 λαϐὼν
2827 735 2838 746 ·
2877 718 3037 779 αὑτὸς
3071 718 3176 786 γάρ
3203 720 3318 770 ἐστι
3350 722 3443 773 καὶ
3480 719 3637 788 μόνος
3671 719 3834 779 αῐτιος,

2294 809 2388 861 καὶ
2441 809 2574 876 μόνη
2627 809 2806 878 ἀρχή’
2843 809 2903 860 οὑ
2954 810 3062 878 γὰρ
3115 809 3226 879 ἔχει
3259 811 3749 878 προεπινοούμενσν
3768 814 3837 861 σῖ-

2291 915 2422 961 τιον,
2472 897 2591 949 οὐδὲ
2633 898 3134 967 προεπινοουμένην
3177 898 3351 967 ἀρχὴν
3383 913 3394 923 ·
3435 898 3462 948 6
3517 897 3571 949 δὲ
3628 897 3745 958 Υἱὸς
3787 897 3834 946 οὺ

2293 989 2423 1055 παρ’
2453 987 2650 1040 ἑαυτοῦ
2689 989 2750 1040 τὸ
2807 987 3028 1056 Πνεῦμα
3069 989 3206 1054 ἔχει,
3233 985 3350 1038 ἀλλ’
3389 987 3453 1038 ὲκ
3479 985 3572 1038 τοῦ
3624 987 3834 1056 Πατρὶς,

2290 1083 2608 1145 καθὼςκοῦ⁹
2649 1085 2676 1134 6
2713 1073 3013 1144 θεσπέσιος
3055 1080 3318 1148 Κύριλλος
3380 1082 3436 1133 ἐν
3496 1081 3564 1150 τῇ
3597 1079 3836 1148 ἑρμηνεία

2289 1177 2356 1244 τῇ
2393 1176 2470 1232 είς
2501 1173 2583 1239 τὸ,
2619 1173 2791 1242 Κάγὼ
2824 1173 3102 1240 ἐρωτήσω
3128 1172 3234 1225 τὸν
3267 1173 3518 1238 Πατέρα,
3551 1171 3836 1222 210115.110;-

2294 1265 2710 1332 Παράκλητον,
2739 1265 2892 1333 φησί·
2917 1283 2934 1315 ι
2964 1266 3084 1317 Τῶν
3111 1265 3219 1332 γὰρ
3243 1264 3334 1317 τοῦ
3359 1263 3492 1316 Θεοῦ
3518 1263 3613 1315 καὶ
3647 1262 3834 1330 Πατρὶς

2292 1358 2540 1426 φυσικῶν
2578 1356 2796 1423 ἀγαθῶν
2847 1356 3120 1418 οὑσιωδῶς
3154 1356 3415 1424 ὑπάρχων
3447 1354 3475 1406 6
3509 1354 3636 1416 Υἱὸς
3669 1371 3836 1406 κοινω-

2291 1449 2396 1509 νὸς,
2432 1448 2541 1515 ἔχει
2575 1449 2634 1500 τὸ
2685 1447 2910 1513 Πνεῦμα
2963 1447 3104 1498 κατὰ
3134 1445 3326 1498 τοῦτον
3366 1446 3456 1500 τὸν
3492 1446 3692 1514 τρόπον
3733 1444 3834 1496 καθ’

2289 1541 2456 1608 ὅνπερ
2487 1538 2552 1590 ἂν
2579 1541 2748 1590 νοοῖτο
2792 1540 2884 1591 καὶ
2914 1538 2940 1589 6
2985 1539 3197 1607 Πατήρ.
3244 1557 3262 1589 ι
3301 1534 3433 1591 Εἶτα
3469 1539 3563 1590 καὶ
3613 1538 3700 1589 τὶν
3728 1537 3832 1603 τρό-

2293 1648 2391 1682 πον
2429 1630 2707 1696 ὲκφαίνων
2762 1629 2852 1682 διά
2903 1647 2963 1681 τε
3009 1629 3454 1697 παραδείγματος
3511 1627 3833 1696 ἀνθρωπίνου

2294 1721 2385 1772 καὶ
2439 1722 2666 1789 σημείου
2727 1719 3066 1773 οἰκειοτάτου
3126 1719 3202 1784 τῷ
3252 1719 3583 1787 πράγματι,
3647 1716 3834 1786 φησίν·

620 1807 907 1861 corporeo,
965 1799 1075 1864 pari
1127 1800 1287 1852 modo
1318 1816 1380 1853 cx
1414 1802 1594 1855 divina
1629 1805 1890 1865 essentia.
1929 1817 1985 1859 ut
2023 1807 2187 1861 Deum

2297 1831 2316 1859 σ
2369 1780 2527 1863 Ἀλλδ-
2560 1810 2748 1879 ὥσπερ
2793 1811 2950 1879 ἡμῶν
2987 1780 3223 1873 ἕκαστος
3275 1780 3336 1862 τὸ
3381 1780 3550 1879 ’ἰδιονι
3583 1780 3837 1871 ὲν-ἑαυτῷ

622 1885 796 1949 decet,
861 1887 1200 1949 effunditur,
1254 1893 1347 1958 qui
1407 1908 1469 1945 ex
1522 1893 1634 1961 ipsa
1679 1905 1782 1950 est.
1829 1915 1848 1948 ι
1887 1897 2006 1950 Jam
2045 1901 2189 1952 enim

624 1977 756 2030 satis
814 1986 1065 2046 patenter
1117 1989 1170 2033 et
1219 1982 1442 2035 modum
1495 1986 1742 2051 tradidit,
1772 2001 1882 2055 quo
1918 1986 2186 2055 Spiritum

624 2068 796 2124 Filius
852 2069 1060 2125 habet:
1099 2087 1206 2125 non
1264 2075 1370 2129 alio
1411 2076 1642 2141 scilicet,
1694 2093 1856 2146 quam
1895 2095 2000 2146 quo
2035 2080 2185 2134 illum

620 2160 778 2214 Pater
808 2161 1008 2215 habet.
1043 2163 1147 2217 Sed
1183 2164 1270 2218 hic
1297 2166 1516 2234 quidem
1551 2183 1658 2222 non
1702 2183 1729 2220 a
1771 2169 1980 2237 seipse,
2030 2170 2123 2225 sed
2160 2185 2187 2222 a

620 2250 814 2318 Patre,
850 2253 1012 2309 Pater
1045 2265 1226 2310 autem
1257 2273 1361 2311 non
1393 2259 1460 2311 ab
1498 2259 1640 2323 alio,
1680 2261 1772 2314 scd
1805 2276 1832 2314 a
1865 2262 2064 2328 seipso.
2095 2261 2189 2317 llis

623 2342 927 2397 conformia
959 2354 1184 2402 sanctus
1219 2364 1442 2417 quoque
1474 2349 1818 2416 Augustinus
1839 2351 1971 2404 dicit
1998 2366 2190 2406 secun-

620 2429 810 2489 do'de
871 2435 1137 2492 Trinitate
1193 2441 1371 2504 libro,
1435 2443 1613 2511 capite
1673 2453 1868 2496 octavo
1928 2447 2031 2509 (est
2066 2444 2187 2497 libri

622 2542 671 2578 Iv
697 2541 818 2594 cap.
855 2527 985 2598 ‘20):
1020 2551 1046 2576 ιι
1079 2528 1188 2583 Nec
1211 2545 1507 2599 possumus
1539 2534 1745 2595 dicere,
1778 2537 1918 2602 quod
1953 2533 2189 2602 Spiritus

621 2627 844 2670 sanctus
877 2627 931 2673 et
962 2634 989 2672 a
1016 2619 1157 2675 Filio
1205 2638 1311 2676 non
1353 2624 1631 2690 procedat.
1670 2623 1853 2688 Neque
1895 2625 2042 2677 cnim
2077 2626 2186 2677 fru-

623 2717 734 2761 stra
773 2709 910 2763 idem
948 2709 1190 2778 Spiritus
1235 2724 1288 2768 et
1325 2715 1501 2769 Patris
1536 2723 1587 2766 ct
1617 2715 1737 2768 Filii
1775 2715 2013 2781 Spiritus
2055 2717 2187 2769 dici-

622 2811 732 2853 tur.
755 2801 862 2854 Nec
896 2803 1073 2868 video,
1096 2807 1240 2872 quod
1270 2806 1413 2858 aliud
1447 2806 1756 2875 signiﬁcare
1782 2805 2031 2868 voluerit,
2061 2820 2184 2858 cum

624 2891 848 2946 suillans
889 2875 942 2945 in
994 2893 1184 2947 faciem
1221 2896 1623 2965 discipulorum
1656 2897 1730 2947 ait
1762 2913 1773 2946 :
1809 2896 2037 2963 Accipite
2072 2894 2215 2962 Spi-t

623 2983 783 3034 ritum
818 2994 1083 3041 sanctum.
1117 2984 1300 3052 Neque
1345 2989 1490 3040 enim
1528 2985 1740 3039 ematus
1776 2987 1866 3039 ille
1894 3001 2187 3053 corporeus

2295 1901 2510 1969 πνεῦμα
2541 1899 2777 1968 συνέχει,
2817 1899 2914 1952 καὶ
2960 1901 3022 1953 ἐκ
3072 1897 3178 1951 τῶν
3209 1897 3504 1950 ὲνδοτάτων
3536 1896 3837 1964 σπλάγχνων

2291 1993 2374 2049 είς
2405 1990 2464 2042 τὸ
2497 1990 2600 2053 ἔξω
2633 1989 2880 2059 προχέει.
2915 1990 3015 2042 Διά
3053 1991 3162 2061 γάρ
3195 2006 3278 2041 τοι
3302 1989 3460 2041 τοῦτο
3487 1988 3586 2041 καὶ
3621 2003 3837 2054 σωματι·

2295 2081 2408 2143 κῶς
2443 2081 2572 2133 αὑτὸ
2601 2082 2938 2150 ἐνεφύσησεν
2973 2083 3000 2132 6
3046 2080 3304 2150 Χριστὸς,
3356 2080 3596 2141 δεικνὺς,
3624 2078 3704 2130 ὅτι
3749 2093 3834 2126 κα-

2295 2170 2472 2239 θάπερ
2524 2171 2584 2220 ὲκ
2632 2169 2726 2221 τοῦ
2782 2170 3046 2238 στόματος
3091 2167 3187 2222 τοῦ
3244 2167 3587 2236 ἀνθρωπείου
3639 2167 3837 2234 πρόεισι

2298 2262 2359 2313 τὸ
2396 2260 2611 2331 πνεῦμα
2658 2252 3008 2329 σωματικῶς,
3044 2260 3186 2312 οὓτω
3215 2260 3308 2313 κσι)⁸
3339 2261 3399 2310 ὲκ
3434 2260 3532 2327 τῆς
3563 2259 3711 2318 θείας
3752 2256 3834 2308 οὑ-

2293 2353 2412 2415 σὶας
2439 2351 2760 2421 θεοπρεπῶς
2790 2355 3075 2420 προχεῖται
3107 2351 3164 2403 τὸ
3195 2350 3253 2414 ἐξ
3279 2350 3467 2418 αὑτῆς.
3511 2368 3529 2399 ι
3579 2349 3716 2416 Ἤδη
3745 2345 3837 2412 γᾶρ

2294 2444 2481 2510 σαφῶς
2512 2444 2608 2496 καὶ
2645 2443 2740 2495 τὸν
2775 2445 2974 2511 τρόπον
3009 2443 3284 2507 ἀπέδωκε,
3325 2439 3447 2493 καθ’
3483 2439 3546 2516 δν
3580 2440 3639 2490 τὸ
3685 2435 3839 2488 Πνεῦο

2295 2553 2370 2603 μα
2425 2534 2535 2605 ἔχει
2565 2537 2590 2587 6
2629 2534 2791 2597 Υίὸς,,
2825 2534 2924 2585 οὑκ
2953 2532 3111 2586 ἄλλον
3151 2531 3398 2602 δηλονότι
3441 2530 3474 2599 ἢ
3508 2530 3632 2582 καθ’
3657 2527 3713 2579 ὃν
3739 2525 3837 2592 ἔχει

2291 2630 2448 2679 τοῦτο
2488 2628 2515 2678 6
2554 2628 2760 2694 Πατήρ.
2807 2626 2951 2679 Ἀλλ’
2984 2629 3010 2678 6
3061 2625 3156 2694 μὲν
3197 2625 3295 2678 οὑκ
3341 2625 3434 2692 ἀφ’
3479 2620 3693 2685 ἑαυτοῦ,
3736 2618 3837 2670 ἀλλ’

2291 2719 2354 2768 ὲκ
2408 2715 2500 2770 τοῦ
2554 2718 2766 2784 Πατρός
2791 2735 2803 2747 ο
2841 2719 2868 2769 6
2915 2718 2968 2769 δὲ
3006 2717 3192 2786 Πατὴρ
3245 2718 3304 2770 οὑ
3353 2715 3484 2785 παρ’
3519 2714 3700 2776 ἄλλου,
3734 2710 3838 2763 ἀλλ’

2293 2809 2386 2876 ἀφ’
2417 2808 2638 2863 ἑαυτοῦ.
2667 2810 2886 2878 Συνῳδὰ
2919 2809 3094 2878 τούτῳ
3128 2810 3222 2861 καὶ
3259 2810 3284 2861 ὁ
3313 2809 3456 2868 θεῖος
3494 2805 3838 2871 Αὑγουστῖνος

2295 2901 2594 2968 φθέγγεται
2641 2902 2696 2951 ὲν
2751 2900 2827 2970 τῷ
2874 2901 3004 2970 περὶ
3037 2900 3268 2970 Τριάδος
3311 2897 3502 2970 βιϐλίῳ
3534 2899 3764 2964 δευτέρῳ
3792 2897 3840 2944 ἐν

2293 2991 2574 3057 κεφαλαίῳ
2617 2990 2807 3059 ὀγδόῳ,
2863 2992 3087 3058 φάσκων
3114 3008 3128 3022 ·
3164 3008 3184 3038 ι
3223 2989 3300 3046 Οὐ
3348 2990 3533 3058 μέντοι
3577 2985 3840 3052 δυνάμεθα

623 3089 745 3126 cum
778 3092 940 3128 scusu
973 3079 1334 3143 corporaliter
1362 3078 1616 3146 tangendi
1643 3078 1942 3146 procedens
1972 3092 2032 3130 ex
2068 3090 2189 3128 cor—

2297 3081 2494 3148 λέγειν,
2520 3083 2601 3133 ὃτι
2649 3082 2708 3133 τὸ
2773 3083 2996 3150 Πνεῦμα
3051 3082 3111 3136 τὸ
3162 3083 3337 3151 ἅγιον·
3366 3081 3488 3149 οὐχὶ
3540 3077 3633 3130 καὶ
3664 3080 3726 3130 ὲκ
3755 3073 3838 3128 τοῦ

625 3181 752 3233 pore
776 3167 1081 3220 substantia
1104 3167 1538 3236 SpiritusSam-ti
1567 3171 1670 3222 fuit
1693 3186 1706 3234 ;
1729 3169 1818 3221 sed
1844 3171 2186 3221 demonstra-

623 3259 697 3309 tio
764 3274 857 3327 per
901 3273 1199 3326 coogruam
1259 3262 1742 3329 signiﬁcationem,
1778 3274 1884 3312 non
1920 3268 2126 3312 tantum
2159 3273 2187 3310 a

622 3347 799 3411 Patre,
833 3349 924 3402 sed
953 3362 1003 3402 et
1023 3366 1050 3401 a
1083 3351 1218 3402 Filio
1243 3351 1534 3418 procedere
1563 3349 1824 3416 Spiritqu
1853 3359 2122 3402 sanetum.
2169 3367 2186 3398 ι

2296 3173 2426 3225 Υἱτιῦ
2459 3175 2834 3245 ἐκπορεύεται.
2868 3175 3000 3227 Οὐδὲ
3058 3174 3162 3244 γὰρ
3195 3175 3369 3243 μάτην
3399 3173 3532 3225 αὐτὸ
3575 3169 3633 3221 τὸ
3677 3165 3843 3231 Πνεῦ-

2303 3280 2377 3332 μα
2415 3265 2627 3333 [ἰατρὸς
2664 3266 2757 3318 καὶ
2787 3265 2916 3319 Υἰοῦ
2961 3267 3200 3333 λέγεται.
3236 3262 3374 3317 Οὔτε
3406 3261 3512 3332 μὴν
3545 3257 3844 3327 συνορῶμεν

2302 3353 2353 3403 τί
2386 3371 2513 3406 ποτε
2544 3357 2728 3425 ἕτερον
2764 3359 3010 3426 σημᾶναι
3038 3355 3318 3426 ἠϐούλετο,
3359 3352 3518 3421 ἡνίκα
3540 3350 3843 3420 ἐμφυσήσις

622 3439 700 3501 είς
755 3442 811 3492 τὸ
859 3442 1147 3509 πρόσωπον
1199 3443 1303 3493 τῶν
1364 3441 1622 3509 μαθητῶν
1657 3480 1670 3504 ,
1732 3441 1876 3492 εἴπεο
1933 3441 2156 3493 Λάϐετε
2227 3445 2477 3513 Πνεῦμα
2535 3448 2728 3516 ἅγιον.
2797 3449 2935 3504 Οὐδὲ
2994 3449 3102 3517 γὰρ
3176 3447 3237 3499 τὸ
3299 3444 3608 3514 σωματικὸν
3681 3442 3844 3493 ἐκεῖνο

623 3533 929 3602 ἑμσύσημα
986 3535 1340 3601 συναισθήσει
1418 3533 1511 3584 τοῦ
1569 3531 1901 3600 σωματικῶς
1945 3531 2225 3596 θιγγάνειν
2269 3536 2458 3601 προϊὸν
2526 3538 2588 3588 ἐκ
2618 3538 2710 3591 τοῦ
2759 3540 3029 3607 στόματος
3063 3539 3096 3605 ἡ
3126 3538 3280 3589 οὐσία
3301 3533 3393 3587 τοῦ
3427 3532 3582 3600 ἁγίου
3613 3530 3845 3594 Πνεῦμα-

622 3645 711 3689 τος
749 3623 837 3695 ἦν.
870 3625 985 3679 ἀλλ’
1015 3626 1244 3690 ἔνδειξις
1282 3625 1370 3676 διὰ
1400 3625 1738 3694 καταλλήλου
1771 3623 2082 3693 δηλώσεως,
2123 3622 2196 3692 μὴ
2241 3626 2401 3692 μόνον
2453 3631 2516 3680 ἐκ
2567 3629 2659 3683 τοῦ
2715 3631 2948 3700 Πατρδς,
2983 3629 3117 3682 ἀλλὰ
3157 3628 3250 3682 καὶ
3299 3628 3364 3679 ὲκ
3416 3625 3513 3678 τοῦ
3582 3621 3706 3675 Υἱοῦ
3761 3619 3843 3670 ἐκ·

626 3719 953 3786 πορεύεσθαι
991 3717 1050 3768 τδ
1100 3718 1324 3786 Πνεῦμα
1363 3719 1424 3769 τὸ
1456 3719 1632 3784 ἆγιον.
1671 3737 1689 3769 ι

699 3813 789 3865 ‘ll.
855 3812 918 3864 Et
976 3814 1054 3865 sic
1113 3827 1232 3874 nos,
1287 3814 1587 3865 orationem
1633 3810 1786 3864 facile
1836 3825 1899 3863 ac
1951 3816 2195 3878 prompte

625 3907 959 3974 digercutcs,
1005 3903 1069 3955 ad
1107 3902 1267 3955 linem
1305 3902 1670 3969 pervenimus,
1710 3899 1948 3953 debitum
1986 3898 2192 3965 persol-

628 4005 834 4054 ventcs.
861 4003 920 4046 ut
950 4002 1107 4046 antea
1145 3991 1354 4060 pra-fati
1384 4007 1596 4055 sumus,
1637 4006 1666 4044 a
1702 3991 1856 4044 nobis
1890 3990 2037 4042 hisee
2068 4004 2193 4056 pro-

633 4084 825 4153 positis
849 4083 1314 4142 demoustrantes,
1336 4077 1648 4133 nostrorum
1670 4094 1980 4133 sermonum
2004 4077 2192 4130 Patres

631 4183 881 4228 auctores
919 4174 1116 4227 habere
1153 4190 1166 4224 :
1202 4179 1255 4226 et
1281 4171 1384 4225 hac
1411 4172 1621 4225 ratione
1661 4187 1760 4224 nos
1793 4172 1844 4223 iu
1877 4180 2062 4224 nostro
2094 4182 2189 4234 pa-

627 4277 786 4321 terno
810 4265 858 4317 d.
883 4273 1060 4332 gmate
1085 4277 1451 4331 perseverare,
1479 4263 1640 4315 sicuti
1664 4277 1749 4323 ea,
1781 4277 1900 4328 qum
1933 4261 2190 4324 diximus,

631 4356 807 4425 palam
833 4356 1037 4407 faciunt
1069 4372 1081 4406 :
1111 4364 1162 4408 et
1185 4354 1318 4406 nihil
1352 4353 1478 4406 novi
1508 4355 1558 4403 in
1594 4364 1836 4406 sanctam
1861 4352 2060 4407 Christi
2093 4353 2195 4405 Ee-

2373 3807 2480 3860 xa'.
2514 3807 2702 3861 Ταῦτα
2758 3808 2858 3876 μὲν
2921 3805 3012 3860 οὖν
3049 3808 3124 3869 ὡς
3179 3808 3236 3858 ἐν
3279 3807 3556 3875 προχείρῳ
3586 3804 3674 3856 τὸν
3694 3803 3846 3870 λόγον

2303 3900 2615 3970 βουλόμενοι
2674 3904 2935 3967 ποιῆσαι,
2991 3900 3088 3969 ἢδη
3136 3899 3232 3951 καὶ
3291 3901 3671 3967 πεποιήκαμεν
3721 3898 3844 3975 dipo-

2302 3991 2543 4052 σιοῦντες
2571 3994 2630 4044 τὸ
2657 3995 2837 4062 χρέος.
2901 3993 2975 4055 ὡς
3009 3992 3105 4045 καὶ
3137 3991 3436 4059 φθάσαντες
3487 3982 3710 4059 ἔφημεν,
3742 3990 3845 4040 δει⁴

2301 4076 2522 4143 κνῦντες
2557 4081 2645 4132 διὰ
2690 4082 2796 4132 τῶν
2832 4081 3157 4150 εἰρημένων,
3189 4080 3260 4140 ὼς
3300 4079 3423 4141 τοὺς
3449 4080 3693 4146 Πατέρας
3725 4078 3848 4143 ἠγε-

2307 4174 2471 4240 μόνας
2510 4173 2616 4224 τῶν
2650 4173 2936 4240 ἡμετέρων
2972 4172 3145 4237 λόγων
3190 4172 3406 4239 ἔχομεν,
3443 4169 3534 4221 καὶ
3586 4168 3751 4226 οῦτως
3795 4167 3847 4215 ἐν

2304 4263 2380 4332 τῷ
2438 4265 2686 4333 ἡμετέρῳ
2735 4265 2811 4332 τῷ
2868 4264 3078 4332 πατρίῳ
3131 4263 3447 4330 ἐμμένομεν
3484 4261 3744 4330 δόγματι,
3778 4259 3847 4318 ὡς

2303 4354 2629 4419 διασαεροῦσι
2687 4356 2830 4421 μάλα
2881 4355 3097 4424 τρανῶς
3141 4355 3206 4406 τὰ
3247 4355 3535 4422 εἰρημένα.
3571 4356 3675 4406 Καὶ
3705 4351 3848 4402 οὐδὲν

633 4449 856 4502 etesiam
893 4463 999 4514 prae
1031 4447 1115 4500 his
1136 4461 1308 4522 quaee
1335 4447 1544 4500 sanctis
1568 4448 1773 4499 nostris
1796 4445 2069 4506 Patribus.
2095 4461 2190 4499 nec

2304 4447 2491 4498 καινὸν
2523 4448 2817 4515 είσήξαμεν
2873 4449 2952 4508 είς
3003 4447 3102 4514 τὴν
3140 4445 3234 4498 τοῦ
3268 4444 3502 4514 Χριστοῦ
3534 4445 3690 4510 ἁγίαν
3736 4442 3850 4493 Ἐκ-

637 4553 744 4593 non
773 4536 1094 4590 ductoribus
1125 4546 1176 4588 et
1226 4535 1490 4602 theologis
1518 4534 1821 4587 constituta
1861 4545 1987 4586 sunt
2019 4535 2193 4585 intro-

632 4628 871 4683 duxisse.
898 4625 1051 4690 Quod
1075 4624 1120 4677 si
1147 4640 1208 4678 ea
1236 4623 1506 4691 maiestati
1534 4633 1636 4677 tum
1665 4624 1797 4678 satis
1817 4639 1922 4676 non
1949 4624 2192 4684 stmt,scd

635 4734 698 4773 ea
728 4718 978 4788 pluribus
1019 4731 1237 4785 quoque
1276 4716 1840 4769 demonstrationibus
1874 4713 2190 4768 confirmari

632 4807 936 4869 desideras.
968 4799 1284 4868 dummodo,
1336 4807 1478 4874 quod
1514 4806 1829 4861 scandalum
1868 4806 2061 4872 injicit,
2111 4807 2191 4858 in-

633 4912 899 4960 actescat.
934 4899 1205 4954 similibus
1243 4907 1558 4953 sanctorum
1614 4898 1940 4950 testimoniis
1964 4897 2200 4965 espliea-

635 4993 833 5046 bimus.
872 4989 988 5044 Non
1010 4991 1154 5044 enim
1185 5005 1470 5058 possumus
1508 4991 1712 5049 omnia,
1751 5004 1869 5054 qua?
1898 4988 2200 5041 afferuntur

626 5078 688 5136 in
721 5085 822 5134 hoc
855 5090 1200 5149 argumento,
1226 5082 1389 5132 unico
1417 5089 1624 5132 tantum
1661 5079 1933 5147 colloquio
1983 5079 2200 5145 expedi-

637 5191 692 5229 re
723 5181 943 5242 propter
969 5174 1293 5236 satietatem,
1324 5188 1438 5239 qure
1471 5173 1696 5226 auribus
1717 5174 2054 5235 adversatur,
2077 5173 2200 5224 licet

645 5275 803 5330 quam
843 5260 1074 5313 maxime
1104 5260 1264 5328 digna
1323 5262 1394 5314 sit
1446 5261 1807 5318 admiratione
1835 5300 1848 5322 ,
1905 5260 2200 5328 gratiisque

642 5351 902 5405 abundet.
956 5349 1256 5404 Couscrvi-t
1293 5350 1553 5404 iteiuiuus
1585 5351 1917 5418 majestatem
1952 5360 2096 5403 tuam
2137 5352 2199 5404 ad

641 5445 842 5495 multos
887 5458 1060 5494 annos
1092 5458 1213 5494 cum
1241 5447 1476 5495 sanitate
1521 5443 1728 5512 integra
1763 5451 1816 5495 et
1862 5442 2200 5510 iucorrupta,

642 5531 884 5598 acoeptis
914 5529 1133 5582 Numini
1168 5531 1421 5596 precibus
1446 5538 1784 5593 sanctorum,
1820 5532 1911 5597 qui
1954 5533 2052 5582 ista
2097 5542 2204 5583 tia-

643 5623 896 5676 diderunt
936 5625 997 5676 ad
1046 5624 1314 5691 ingen'cm
1370 5633 1609 5677 nostram
1665 5623 1905 5677 ltl‘lilium
1955 5634 2001 5676 cl
2057 5625 2200 5674 \ulu—

647 5723 870 5784 ptatcm.

2300 4539 2530 4607 κλησίαν
2577 4540 2730 4606 παρὰ
2776 4538 2843 4589 τὰ
2893 4538 3188 4604 δεδογμένα
3216 4539 3326 4597 τοῖς
3361 4536 3538 4602 ἁγίοις
3563 4535 3714 4602 ἡμῶν
3745 4534 3868 4605 [Ia-1

2301 4629 2463 4698 τράσι
2496 4629 2590 4680 καὶ
2633 4628 2975 4689 διδασκάλοις
3036 4628 3128 4681 καὶ⁴
3190 4626 3484 4694 θεολόγοις.
3551 4627 3611 4678 El
3659 4625 3711 4676 δὲ
3756 4623 3849 4676 οὑκ

2303 4724 2554 4791 ἀρκεῖται
2583 4723 2613 4788 ἡ
2649 4722 2715 4787 σὴ
2748 4720 2998 4788 βασιλεία
3034 4720 3090 4770 ἐν
3116 4720 3348 4781 τούτοις,
3390 4719 3527 4769 ἀλλὰ
3553 4719 3648 4770 καὶ
3677 4716 3851 4767 πλείο-

2303 4830 2385 4865 σιν
2411 4812 2718 4876 ἀποδείξεσι
2765 4811 2974 4879 βούλει,
3023 4813 3071 4863 εί
3128 4812 3288 4878 μόνον
3335 4811 3554 4878 γνῶμεν
3598 4809 3655 4861 τὸ
3692 4824 3849 4858 σκαν-

2299 4904 2538 4964 δαλίζον,
2601 4904 2666 4954 δι’
2715 4904 2917 4973 ρμοἰων
2981 4903 3297 4972 μαρτυριῶν
3336 4903 3513 4968 ἁγίων
3563 4897 3847 4952 καὶταῦτα

2301 4995 2740 5062 διασαφήσομεν.
2779 4993 2918 5046 Οὐδὲ
2962 4995 3070 5062 γὰρ
3124 4991 3399 5059 δυνάμεθα
3457 4991 3616 5043 πάνθ’
3643 4991 3737 5041 ὅσα
3768 4989 3850 5038 λέ-

2303 5101 2490 5150 γουσιν
2530 5086 2585 5135 ὲν
2637 5084 2807 5153 ταύτῃ
2847 5087 2911 5151 τῇ
2947 5084 3200 5136 ὑποθέσει
3227 5085 3402 5136 εἰπεῖν
3440 5085 3497 5135 ὲν
3545 5085 3643 5152 μιᾷ
3672 5081 3852 5147 ὁμιλία

2302 5178 2388 5227 διὰ
2417 5167 2724 5243 τὸνκὸρον,
2763 5175 2820 5237 δς
2854 5177 3113 5244 πολέμιος
3167 5176 3404 5243 ὑπάρχει
3451 5177 3572 5236 ταῖς
3632 5175 3850 5232 ἀκοαῖς.

2308 5266 2409 5317 κᾶν
2447 5266 2584 5318 πάνυ
2622 5266 3061 5334 ἀξιοθαύμαστος
3102 5268 3194 5317 καὶ
3237 5266 3456 5334 χάριτος
3499 5266 3700 5332 γέμων.
3736 5267 3853 5314 Ata-

2309 5357 2534 5422 φυλαξοι
2563 5357 2617 5408 δὲ
2659 5357 2755 5425 τὴν
2790 5359 2888 5426 σὴν
2922 5357 3199 5424 βασιλείαν
3233 5358 3258 5407 6
3290 5356 3491 5425 Κύριος
3526 5358 3581 5407 ἐν
3611 5355 3853 5407 πολυετεί

2307 5449 2419 5516 ζωῇ
2456 5450 2550 5498 σὺν
2581 5449 2736 5517 ὑγεία
2771 5449 3018 5516 σταθηρᾷ
3070 5447 3493 5514 εὑπροσδέκτοις
3541 5447 3722 5513 εὐχαῖς
3750 5443 3851 5493 τῶν

2307 5531 2473 5584 ταῦτα
2520 5535 2959 5605 θεολογησάντων
3004 5536 3174 5603 ἁγίων
3227 5536 3306 5596 εἰς
3358 5535 3561 5603 πολλὴν
3597 5533 3852 5602 εὐφροσύο

2307 5642 2400 5692 ἰη-ι
2447 5627 2619 5692 ἡμῶν.
