3962 6328
195 321 3399 394 W
1345 362 1550 368 .____
1579 363 2191 374 .____-._-______.___

438 380 454 396 .
2195 368 2232 374 -
2235 369 3057 385 Μ

536 623 1620 813 GEORGIUS
1688 639 3051 829 SCHOLARIUS

1405 1035 1544 1088 SEU,
1584 1037 1843 1081 MUTATO
1897 1039 2166 1095 NOMINE,

928 1306 2639 1525 GENNADIUS

379 1729 2204 1862 CONSTANTINOPOLITANUS
2285 1754 3190 1870 PATRIARCHA

1067 2470 1186 2529 DE
1225 2471 1643 2536 GENNADII
1693 2478 1872 2537 i'ITA
1927 2480 2050 2539 ET
2087 2479 2469 2542 SCRIPTIS
2545 2481 2548 2484 ’

791 2741 1500 2858 Ευεειιιι
1575 2749 2739 2864 ΒΕΝΔΠΒοΤῙῙ

1507 3049 1885 3110 DiSSERTA
1900 3053 2035 3113 T10

641 3272 875 3335 (Pari-siis,
919 3286 994 3335 ap.
1052 3273 1327 3324 Gabrielem
1383 3274 1576 3336 Martio,
1632 3275 1706 3325 via
1754 3277 1974 3327 Jacobaea
2033 3281 2090 3328 ad
2141 3282 2337 3344 insigne
2386 3286 2577 3346 Stellae,
2633 3287 2751 3336 1709
2796 3289 2846 3336 4⁸

234 3503 484 3559 Gennadii
540 3504 819 3559 homiliam
872 3508 935 3562 de
995 3508 1244 3576 corporis
1312 3505 2022 3577 sanguinisqueBcladem
2077 3511 2744 3584 Constantinopolitanam
2802 3521 3116 3588 patriarcha
3165 3543 3364 3583 renun—

170 3597 352 3650 Christi
379 3607 722 3651 sacramento
744 3599 1011 3651 celebrem
1047 3597 1190 3668 apud
1221 3597 1460 3660 Graecos,
1489 3596 1708 3650 rarissi-

171 3700 300 3738 mam
328 3697 518 3751 tamen,
553 3701 652 3740 nec
678 3687 820 3755 apud
848 3702 947 3743 nos
974 3687 1161 3742 Graece
1184 3698 1276 3741 aut
1299 3687 1486 3741 Latine
1513 3687 1704 3750 visam,

170 3776 489 3843 exhibemus,
513 3778 825 3832 Christiane
850 3779 1064 3843 Lector,
1091 3794 1155 3834 ex
1176 3780 1362 3834 codice
1391 3778 1705 3835 monasterii

172 3865 479 3922 Brundusini
502 3909 516 3932 ,
550 3869 838 3923 chartaceo
868 3870 1088 3938 Optima:
1123 3880 1296 3932 notze,
1329 3872 1420 3939 qui
1452 3883 1576 3925 ante
1611 3887 1708 3924 an-

172 3975 263 4013 nos
292 3962 472 4016 saltem
509 3970 724 4016 centum
756 3962 1150 4030 quinquaginta
1194 3965 1431 4028 scriptus
1474 3972 1576 4024 est.
1609 3980 1705 4033 pe-

173 4053 264 4104 rita
290 4068 464 4107 manu.
488 4052 802 4109 Gennadius
828 4054 873 4108 is
904 4062 1007 4116 est,
1036 4055 1125 4123 qui
1148 4055 1291 4108 circa
1324 4072 1524 4109 annum
1548 4058 1703 4121 1455,

171 4159 268 4210 quo
292 4155 438 4215 capta
477 4155 554 4201 est
585 4147 1100 4215 Constantinopolis,
1127 4147 1353 4215 jubente
1389 4148 1704 4203 Muhamede

172 4234 449 4312 Turcarum
497 4239 860 4308 imperatore,
903 4253 932 4291 a
988 4239 1192 4294 Grrecis
1242 4254 1393 4294 more
1441 4240 1700 4308 majorum

171 4326 354 4382 electus
397 4338 476 4383 est
520 4329 852 4394 patriarcha.
888 4329 946 4382 In
996 4330 1184 4384 eodem
1228 4330 1413 4382 codice
1449 4329 1704 4397 leguntur

174 4415 340 4473 Oratio
386 4420 630 4475 funebris
680 4422 953 4489 despmnaa
992 4422 1179 4474 matris
1212 4420 1559 4488 Constantini
1605 4423 1704 4474 im-

175 4511 453 4580 peratoris;
492 4511 598 4563 alia
631 4509 683 4563 in
714 4510 905 4564 funere
938 4510 1200 4576 Sophiani
1247 4510 1421 4572 dicta;
1458 4511 1703 4563 Homilim

173 4598 215 4650 in
244 4600 640 4654 decollzuioncm
693 4598 920 4654 Joannis
964 4599 1233 4665 Baptistae.
1288 4600 1340 4654 in
1388 4599 1698 4653 Transitum

173 4688 221 4742 Β.
253 4691 421 4745 Mariae
456 4691 712 4760 Virginis,
754 4692 807 4743 in
848 4689 1200 4744 Nativitatem
1235 4691 1468 4756 Domini,
1497 4692 1561 4745 de
1603 4691 1702 4743 Pu-

175 4777 357 4835 lilicano
406 4790 462 4837 et
511 4781 822 4846 Phariszeo;
855 4782 1002 4849 Opus
1048 4783 1114 4836 de
1161 4791 1400 4851 tempore
1439 4790 1492 4834 et
1540 4782 1701 4835 modo

170 4871 476 4926 exsistentiae
521 4873 824 4926 animarum
886 4872 1250 4936 rationalium,
1294 4880 1349 4925 et
1389 4871 1489 4924 alia
1553 4869 1700 4938 Opu-

170 4961 318 5028 scula,
349 4978 468 5032 quae
501 4962 555 5016 in
588 4963 753 5019 variis
798 4964 1103 5033 praesertim
1138 4963 1483 5016 bibliotheca:
1518 4961 1700 5030 Regia:

170 5051 421 5109 codicibus
470 5053 736 5109 Gennadii
785 5069 983 5109 nomen
1048 5069 1158 5123 prae
1207 5069 1266 5108 se
1334 5054 1535 5118 ferunt,
1577 5069 1700 5107 cer-

169 5143 476 5215 tissimisque
500 5147 834 5215 argumentis
859 5146 1035 5201 eidem
1071 5146 1283 5200 auctori
1328 5145 1696 5199 vindicantur.

168 5233 258 5287 Sed
288 5250 406 5289 cum
454 5237 507 5290 iu
554 5237 678 5292 aliis
727 5237 1004 5306 opusculis
1045 5237 1343 5290 auctoritas
1393 5237 1507 5290 sola
1547 5237 1696 5288 codi—

167 5341 271 5380 cum
309 5345 436 5383 mss.
463 5338 516 5382 et
549 5330 750 5397 aliquot
779 5330 1016 5382 rationes
1043 5344 1147 5381 non
1183 5329 1591 5380 contemnendae
1633 5328 1698 5378 ti-

169 5419 293 5474 tulos
333 5420 692 5484 conﬁrment,
740 5419 1011 5487 Eaposiiio
1069 5420 1334 5487 religionis
1378 5417 1693 5473 Christiania

167 5523 328 5564 coram
358 5512 659 5565 Turcarum
695 5513 1022 5581 imperatore
1058 5511 1220 5573 facta,
1260 5511 1550 5562 maximum
1585 5524 1701 5559 om-

168 5601 280 5658 nino
322 5605 530 5674 pondus
564 5603 742 5659 habet.
798 5603 932 5657 Eum
979 5603 1118 5656 cnim
1161 5602 1250 5670 qui
1291 5585 1510 5670 .primus
1569 5611 1689 5670 post

1813 3597 2123 3661 tiatus‘est,
2162 3608 2446 3656 auctorem
2505 3605 2663 3673 hujus
2702 3618 2899 3663 nostra:
2929 3609 3207 3670 Orationis
3254 3617 3373 3672 sive

1811 3688 2059 3744 Iiomiliae
2099 3698 2208 3744 tam
2261 3696 2552 3764 perspicue
2605 3698 2875 3768 designat,
2922 3711 2979 3755 ut
3007 3704 3258 3760 dubitare
3303 3724 3373 3762 ne

1809 3781 1911 3849 ipsi
1941 3782 2157 3851 quidem
2193 3785 2408 3854 possint
2441 3786 2531 3854 qui
2578 3787 2715 3842 duos
2747 3791 3058 3848 Gennadios
3091 3797 3369 3865 excogita-

1809 3883 2026 3929 verunt.
2056 3874 2167 3928 Non
2201 3890 2296 3929 eos
2322 3890 2672 3945 accusamus,
2697 3884 2788 3950 qui
2821 3887 3080 3950 opuscula
3119 3889 3364 3955 quaedam

1808 3965 2074 4020 Gennadii
2104 3966 2393 4020 ediderunt
2422 3971 2690 4038 superiori
2726 3976 2945 4040 saeculo,
2976 3978 3140 4032 vel'in
3167 3979 3365 4034 Biblio.

1811 4059 2010 4111 thecam
2053 4057 2270 4110 Patrum
2305 4062 2733 4128 transtulerunt;
2783 4067 2884 4134 piis
2915 4070 3057 4121 enim
3104 4072 3234 4124 viris
3270 4088 3365 4125 nec

1806 4141 2060 4206 indoctis,
2092 4145 2184 4197 sed
2218 4146 2268 4196 in
2295 4147 2481 4200 critica
2507 4152 2792 4204 recentiori
2820 4157 3140 4222 peregrinis,
3171 4159 3364 4212 licebat

1806 4229 2168 4293 Gennadium,
2203 4235 2315 4286 sive
2341 4231 2631 4302 Georgium
2673 4238 3014 4294 Scholarinm
3057 4261 3162 4297 non
3201 4261 3367 4308 agno-

1805 4335 1978 4379 scere.
2009 4336 2128 4373 cum
2165 4323 2249 4374 vix
2289 4323 2428 4376 ullos
2456 4325 2675 4379 Graecos
2707 4328 2927 4384 codices
2961 4335 3361 4391 tractavissent.

1807 4411 1908 4466 Sed
1948 4414 2199 4466 excusari
2244 4413 2402 4482 plane
2434 4431 2540 4468 non
2589 4430 2816 4483 possunt
2849 4420 3019 4476 Graeci
3066 4425 3192 4486 duo,
3226 4425 3361 4480 Mat.

1804 4503 1976 4557 thzcus
2023 4503 2416 4574 Caryophyllns
2464 4509 2912 4580 archiepiscopus
2960 4513 3278 4578 lconicnsis,
3311 4529 3365 4582 et

1803 4594 1914 4648 Leo
1948 4596 2176 4650 A‘llatius
2216 4596 2556 4668 Corcyraeos,
2592 4603 2683 4666 qui
2720 4601 2858 4656 hanc
2908 4604 3067 4671 primi
3114 4605 3363 4662 luserunt

1800 4686 2061 4752 fabulam,
2096 4697 2146 4742 et
2198 4689 2250 4742 in
2310 4705 2540 4757 quormn
2592 4693 2919 4746 sententiam
2952 4694 3166 4748 iverunt
3210 4697 3362 4750 theo-

1805 4778 1947 4846 logi,
1996 4789 2188 4848 prmter
2237 4795 2402 4833 unum
2473 4780 2804 4834 Richardum
2857 4779 3133 4838 Simonem
3187 4788 3359 4838 virum

1805 4871 2201 4934 doctissimum,
2234 4872 2324 4940 qui
2371 4885 2489 4924 eam
2538 4873 2745 4939 primus
2797 4875 3028 4941 explosit
3080 4875 3359 4929 inlicien-

1804 4962 1958 5015 sione
1991 4962 2276 5015 vernacula
2308 4960 2569 5014 adversus
2609 4961 2873 5015 Thomam
2919 4964 3116 5023 Sinith.
3155 4966 3360 5018 tlieolo-
3429 5008 3433 5013 .

1801 5066 1926 5119 gum
1975 5050 2366 5103 Oxoniensem.
2414 5049 2687 5117 Agebatur
2731 5049 2796 5102 de
2847 5048 2950 5127 (ide
2991 5049 3356 5103 Ecclesiarum

1802 5145 2107 5196 Grzecarum
2143 5141 2284 5194 circa
2319 5139 2671 5192 Eucharistire
2701 5150 3131 5202 sacramentum,
3167 5142 3231 5193 de
3255 5157 3357 5209 qua

1801 5235 1868 5287 ab
1903 5234 2055 5285 annis
2106 5231 2274 5283 ferme
2321 5231 2512 5298 viginti
2561 5231 2832 5283 acerrime
2882 5231 3022 5282 inter
3049 5230 3359 5283 Catholicos

1802 5333 1855 5378 et
1899 5324 2269 5377 Protestautes
2317 5323 2724 5390 disputabatur,
2776 5322 3061 5375 occasione
3112 5322 3357 5389 apusculi

1802 5415 1877 5467 De
1916 5423 2155 5481 perpetuo
2183 5415 2451 5476 utriusque
2502 5413 2748 5465 Ecclesia:
2786 5428 3034 5464 consciam
3067 5414 3206 5463 circa
3255 5409 3362 5461 Eu-

1802 5508 2062 5559 tlmrisliw
2099 5503 2276 5572 ﬁdem.
2311 5507 2451 5571 quod
2497 5505 2660 5556 multa
2706 5504 2963 5571 deinceps
2996 5503 3266 5556 volumina
3303 5502 3358 5553 in

1798 5609 2084 5666 utramque
2119 5607 2327 5665 partem
2368 5597 2572 5664 scripta
2609 5594 2836 5663 peperit.
