3962 6328
529 288 629 355 ρπι

1591 302 1971 361 GENNADII
2030 300 2136 361 cr.
2186 301 2694 374 unarmed-ﬁ

3663 313 3750 373 93;?

596 406 808 473 Agebat
872 406 1300 464 Protcstautium
1352 426 1575 466 causam
1627 413 1707 466 vir
1739 414 2000 474 disertus,
2038 421 2089 463 ct
2119 408 2166 464 Α
2193 419 2580 489 stantiationis,
2607 442 2792 480 vocem
2825 428 3099 496 exprimit,
3124 444 3242 497 quae
3270 427 3320 480 in
3346 428 3762 493 tnetapboricaut'

526 497 714 550 multis
743 507 952 551 natura!
987 502 1258 568 praasidiis
1289 502 1354 554 ad
1381 503 1626 557 suaviter
1661 504 1936 572 politeqae
1965 502 2106 555 scrl-

526 589 760 642 bendum
813 593 1216 658 paratissimus,
1250 593 1345 647 sed
1390 594 1658 648 doctrinae
1705 595 2020 653 mediocris.
2053 602 2106 646 et

522 681 577 732 iu
612 681 941 750 antiquitate
969 684 1371 750 ecclesiastica,
1411 687 1652 739 maxime
1699 699 1831 739 vero
1873 686 1926 738 in
1958 683 2105 737 (irre-

522 771 622 822 cize
661 772 906 827 barbara-
961 775 1158 828 litteris
1192 777 1514 844 peregrinus
1545 791 1707 844 supra
1756 791 1916 844 quam
1953 775 2102 830 credi

523 874 721 930 potest.
750 865 1056 920 Accedebat
1103 869 1384 937 negantis,
1438 884 1558 938 quze
1601 870 1718 922 luce
1768 869 1936 937 magis
1987 883 2106 936 pcr-

529 956 720 1022 spicua
759 956 957 1022 forent,
991 969 1292 1027 sancteque
1331 959 1398 1012 de
1452 960 1615 1014 rebus
1650 969 1745 1012 aut
1785 959 2108 1024 falsissirnis

521 1055 615 1102 aut
650 1049 991 1104 inauissimis
1026 1051 1348 1106 afﬁrmautis
1373 1051 1555 1104 audax
1581 1052 1824 1120 quidem,
1864 1051 1956 1104 sed
1989 1066 2106 1101 tuo-

520 1138 674 1189 desla
717 1149 770 1191 et
810 1139 1020 1207 placida
1057 1139 1392 1207 impudentia
1417 1178 1432 1203 ,
1464 1156 1584 1208 qua:
1629 1141 1901 1193 hominem
1934 1154 2106 1208 popu-

524 1226 693 1280 larem
747 1231 921 1297 tuagis
957 1231 1099 1283 inter
1137 1245 1268 1284 suos
1334 1231 1757 1295 commendavit,
1806 1245 1968 1299 quam
2007 1230 2104 1283 do-

517 1320 719 1382 cniua,
775 1322 1112 1389 eloquentia,
1165 1323 1414 1377 sincerus
1469 1322 1686 1376 animus
1735 1322 1986 1383 meliores
2036 1336 2101 1376 ex

519 1413 709 1463 eadem
745 1421 892 1465 secta
929 1414 1230 1482 theologos.
1272 1413 1408 1466 Cum
1443 1430 1576 1467 vero
1611 1415 1698 1467 ille
1739 1416 1921 1482 spisso
1947 1413 2102 1465 volu-

521 1502 665 1553 mine
702 1510 872 1554 totum
924 1505 1268 1556 Albertiuum
1325 1507 1674 1573 explicuisset
1707 1545 1719 1564 .
1761 1514 1814 1557 et
1856 1520 1992 1558 nova
2032 1505 2100 1559 de

522 1594 773 1658 prmsenti
809 1594 1176 1648 Ecclesiarttm
1215 1595 1574 1650 Orientalium
1613 1599 1912 1665 prresertim
1946 1597 2098 1650 (ἓτερ-

520 1687 709 1735 carum
746 1685 849 1738 fide
889 1687 1120 1754 quaestio
1154 1688 1546 1741 institueretur
1575 1690 1659 1741 vix
1709 1705 1744 1771 τε
1777 1689 2095 1743 Protestau-

523 1773 668 1827 tibus
698 1774 957 1840 delibata,
1007 1778 1224 1846 negavit
1275 1779 1497 1834 Graecos
1547 1781 1772 1833 credi-re
1816 1794 2016 1833 veram‘
2045 1782 2097 1834 in

526 1864 874 1922 lCueharistia
929 1871 1177 1937 corporis
1219 1870 1426 1926 Christi
1472 1873 1857 1940 praesentiam:
1904 1871 1950 1926 si
2003 1873 2097 1940 qui

452 1956 461 1967 '
525 1955 774 2011 fortassis
821 1959 893 2012 ita
945 1960 1348 2026 existimarent,
1381 1961 1603 2016 Graecos
1656 1978 1685 2015 a
1730 1962 1939 2017 Latinis
1973 1979 2102 2017 cor-

523 2055 714 2114 ruptos
748 2064 869 2103 esse
904 2053 1179 2115 asserttit;
1225 2061 1389 2122 atque
1423 2055 1497 2106 ita
1531 2069 1754 2109 causam
1793 2056 1994 2110 vicisse
2022 2056 2100 2110 si-

523 2139 576 2192 bi
614 2141 761 2194 visus
801 2151 904 2194 est.
951 2143 1270 2197 Provocavit
1320 2147 1386 2198 ad
1447 2147 1886 2213 patriarcharum
1916 2132 2097 2201 testi-

527 2233 750 2296 monia;
804 2235 1099 2302 postulavit
1131 2244 1204 2310 ,ιιι
1251 2246 1372 2290 acta
1421 2237 1640 2304 publica
1684 2238 2092 2303 exhiberentur,

523 2333 583 2375 ut
631 2324 750 2377 fidei
810 2324 1186 2381 confessiones
1221 2367 1236 2390 ,
1282 2334 1343 2380 ut
1406 2328 1736 2398 synodorum
1775 2328 2093 2390 sententiae,

523 2415 848 2470 existimans
899 2417 1122 2471 .scilieet
1186 2419 1300 2470 fieri
1349 2435 1454 2471 non
1514 2434 1673 2488 posse
1725 2429 1784 2473 ut
1854 2421 1965 2473 hrec
2014 2423 2094 2474 ‘ex

520 2504 732 2558 Gra-cia
781 2506 1135 2564 haberentur.
1208 2508 1488 2562 Venerunt
1539 2520 1716 2565 tamen
1771 2511 1859 2566 vix
1908 2513 2093 2584 elapso

518 2594 742 2649 hicnuio
797 2596 1162 2652 instrumenta
1215 2615 1243 2651 a
1293 2598 1712 2666 Grrecorum,ct
1765 2618 1792 2654 a
1830 2602 2090 2672 Syrorum

518 2684 931 2750 Mélchitarum,
967 2687 1342 2744 Jacobitarum
1399 2703 1452 2744 et
1494 2693 1944 2748 Nestorianorum
1995 2697 2094 2760 Es:-

518 2777 724 2843 clésiis,
770 2790 823 2833 et
856 2792 976 2849 post
1001 2796 1176 2835 annos
1211 2781 1350 2836 dftos
1388 2791 1443 2836 et
1476 2785 1733 2857 deinceps
1777 2797 1883 2839 tam
1927 2789 2090 2842 multa

519 2871 625 2924 alia
656 2886 685 2924 a
721 2870 794 2926 cl.
829 2872 948 2932 viro
993 2872 1193 2928 Carolo
1241 2872 1536 2931 Francisco
1587 2877 1769 2932 Olerio
1816 2879 2092 2936 Nointclio

517 2961 663 3039 regis
693 2960 758 3014 ad
796 2960 1215 3018 Othomanicam
1259 2961 1438 3019 aulam
1473 2968 1670 3037 legato,
1704 2979 1762 3022 ut
1793 2950 1905 3039 jam
1946 2955 2088 3026 desi-

2211 513 2668 582 signifieationem
2720 521 2859 574 trahi
2897 537 2991 590 per
3033 521 3403 575 calumniosas
3453 520 3751 586 interpreta-

2211 597 2388 661 tiones
2421 624 2525 662 non
2555 620 2748 677 p0test.
2788 610 2843 666 Si
2875 613 3005 679 quid
3039 611 3286 666 fortassis
3321 626 3386 664 ex
3421 607 3753 662 bibliothecis

2211 697 2263 749 in
2299 699 2472 752 lucem
2503 702 2705 764 editur,
2735 704 2881 772 quod
2916 704 3179 758 doctrinae
3205 702 3494 756 catholicae
3525 700 3754 754 videatur

2207 791 2568 854 contrarium,
2598 794 2706 847 duo
2727 810 2756 848 a
2796 795 3068 864 theologis
3100 793 3345 862 praestari
3375 793 3554 846 solent
3585 805 3754 844 :scru-

2211 893 2394 935 tantur
2440 899 2632 952 nempe
2661 887 2902 952 codices,
2937 898 2996 942 ut
3041 879 3275 956 primum
3315 886 3380 940 de
3408 886 3554 938 illius
3582 884 3666 952 qui
3703 883 3751 943 in

2150 1033 2164 1042 ,
2207 975 2580 1030 testimonium
2633 980 2947 1044 adducitur,
2989 981 3314 1035 auctoritate
3359 982 3607 1042 eoustet,
3647 985 3749 1027 tum

2205 1065 2456 1118 doctrina
2490 1067 2811 1138 explicatur,
2858 1085 3035 1138 neque
3065 1071 3108 1124 si
3151 1086 3180 1125 a
3222 1070 3430 1136 vulgari
3471 1069 3524 1121 in
3549 1081 3645 1130 qua
3677 1065 3752 1116 v3-

2205 1157 2383 1210 vimus
2425 1160 2682 1227 opinione
2713 1162 2966 1216 recedere
2992 1164 3264 1226 videatur,
3289 1162 3470 1215 statim
3513 1168 3753 1212 censetur

2203 1246 2564 1314 explodenda.
2592 1252 2696 1316 Qui
2724 1254 2880 1306 aliter
2913 1253 3112 1317 fecere,
3151 1263 3209 1307 ut
3240 1254 3368 1306 olim
3402 1266 3621 1305 avorum
3651 1265 3753 1300 mc-

2205 1337 2375 1392 mOria
2419 1338 2615 1396 Petrus
2663 1343 2976 1408 Mulinzeus,
3020 1344 3112 1412 qui
3166 1356 3504 1412 qurecunque
3550 1340 3751 1392 Patrum

2204 1431 2431 1499 scripta,
2478 1435 2520 1487 si
2563 1449 2676 1489 sum
2727 1447 2891 1491 sectas
2940 1437 3154 1505 placitis
3194 1435 3647 1492 adversarentur,
3705 1440 3754 1482 ut

2203 1526 2387 1590 spuria
2424 1526 2723 1592 rejiciebat,
2765 1527 2799 1580 ii
2853 1528 3294 1582 doctissimorum
3347 1526 3491 1578 inter
3531 1538 3653 1577 suos
3683 1523 3756 1572 vi-

2205 1628 2387 1666 rorum
2423 1631 2706 1669 censuram
2746 1617 2952 1686 experti
2985 1627 3133 1672 sunt.
3167 1616 3236 1671 At
3280 1631 3456 1669 novus
3489 1615 3576 1666 ille
3613 1612 3755 1663 thro-

2203 1707 2358 1776 logus
2392 1724 2567 1775 neque
2613 1690 3068 1764 bibliothecarum
3105 1709 3309 1763 forulos
3347 1715 3620 1763 scrutatus
3657 1712 3752 1782 est.

2208 1815 2382 1866 neque
2416 1801 2649 1855 criticen
2692 1802 2854 1856 ullam
2884 1803 3148 1864 adhibuit,
3183 1801 3277 1855 sed
3307 1809 3473 1852 totam
3501 1796 3752 1850 Graeciam

2202 1899 2466 1956 veterem,
2493 1908 2712 1955 novam,
2739 1901 2790 1946 et
2813 1907 3151 1962 quaecunque
3195 1892 3408 1944 tandem
3439 1890 3612 1940 futura
3639 1887 3754 1946 erit,

2203 1999 2312 2036 uno
2341 1983 2443 2038 sibi
2491 1985 2638 2038 visus
2667 1993 2752 2039 est
2802 1993 3124 2053 argumento
3161 1981 3544 2052 prostravisse.
3579 1977 3756 2030 Aiebat

2201 2076 2410 2129 scilicet
2458 2091 2517 2130 se
2569 2076 2828 2144 probasse
2881 2081 3147 2146 quantum
3207 2075 3341 2129 satis
3382 2081 3518 2132 erat,
3562 2069 3755 2123 Grmcis

2197 2169 2544 2236 prmsentiam
2569 2169 2792 2231 realem,
2816 2171 2987 2223 multo
3022 2169 3201 2222 minus
3226 2163 3757 2222 transubstautiatio-

2199 2275 2321 2312 nem
2361 2260 2579 2313 venisse
2605 2273 2888 2326 nusquam
2935 2258 2988 2310 in
3027 2267 3286 2317 mentem,
3318 2269 3511 2308 omnes
3556 2253 3621 2306 ab
3655 2250 3752 2304 ini-

2197 2352 2271 2404 tio
2321 2351 2678 2405 schismatum
2715 2365 2833 2403 eam
2871 2350 3031 2402 fldem
3074 2347 3370 2405 habuisse,
3406 2360 3528 2413 qum
3574 2342 3752 2413 Cyrilli

2197 2439 2426 2493 Lucaris
2465 2439 2826 2495 Confessione
2856 2441 3230 2493 contineretur
3257 2453 3272 2490 :
3305 2437 3397 2506 qui
3430 2451 3558 2504 ergo
3606 2434 3755 2486 aliter

2194 2531 2484 2590 sentirent,
2510 2545 2606 2602 eos
2629 2531 3035 2600 Λατινόφρονιας
3061 2544 3210 2590 esse,
3239 2543 3344 2580 non
3387 2527 3605 2581 Graecos
3635 2523 3757 2591 Icgi-

2192 2622 2376 2681 timos,
2413 2621 2502 2676 sed
2531 2622 2688 2675 avita:
2715 2621 2859 2682 fidei,
2888 2633 3283 2687 sacrorumque
3307 2619 3604 2686 patriorum
3636 2629 3756 2680 pro-

2191 2712 2426 2773 ditores,
2463 2728 2698 2783 quorum
2735 2713 2877 2765 nulla
2921 2719 3068 2765 esset
3114 2713 3168 2763 in
3218 2708 3489 2776 ejusmodi
3539 2716 3756 2761 contro-

2193 2805 2388 2858 versiis
2427 2805 2750 2857 auctoritas.
2787 2803 2898 2857 Hoc
2936 2801 3289 2856 fundamento
3333 2788 3564 2855 subnixa
3615 2798 3757 2853 stetit

2191 2910 2290 2964 per
2346 2911 2521 2950 annos
2553 2895 2754 2948 multos
2813 2904 2922 2948 tota
2960 2892 3386 2948 Claudianarum
3426 2883 3755 2959 argutiarum

2192 2988 2469 3040 machina.
2501 2985 2656 3039 Mitto
2700 2987 2805 3040 alia
2849 2985 3154 3054 ejusmodi,
3200 2998 3432 3052 quorum
3480 2984 3560 3043 vel
3615 2981 3757 3050 ipsos

516 3053 696 3108 d""‘"i
735 3055 868 3109 nihil
906 3065 1091 3124 Ροεεοι
1131 3059 1212 3112 Vel
1257 3060 1322 3111 ad
1364 3059 1645 3120 νθτῖιαῑέιη
1682 3064 2086 3130 δῑδὶιίιίθηάοδηιν
2120 3071 2166 3134 C
2197 3078 2570 3134 Protestantes
2607 3077 2825 3147 pudeat,
2863 3053 2917 3130 ut
2956 3078 3159 3131 multos
3198 3090 3350 3128 saue'
3387 3076 3567 3128 audivi
3619 3075 3758 3128 viros

519 3147 601 3200 vel
625 3152 688 3199 ad
720 3147 995 3204 hominem
1021 3160 1286 3219 perpetuo
1313 3152 1535 3206 silentio
1561 3155 1951 3212 damnandum.
1978 3159 2083 3214 Sed

435 3305 443 3319 '
515 3238 607 3306 qui
646 3240 988 3296 verecundiae
1037 3243 1168 3296 flues
1203 3244 1372 3299 semel
1427 3245 1783 3318 transilierat,
1826 3265 1951 3305 eum
1986 3267 2084 3306 na-

518 3332 658 3384 viter
691 3333 979 3399 oportebat
1009 3349 1132 3390 esse
1159 3336 1550 3404 impudentem.
1582 3339 1658 3394 lta
1692 3342 1786 3412 qui
1823 3342 1876 3396 in
1905 3343 2086 3412 priva-

519 3423 588 3475 tis
613 3422 834 3492 judiciis
867 3434 976 3480 tam
1008 3435 1159 3481 certa
1196 3437 1443 3506 actorum
1488 3430 1591 3485 fide
1633 3432 1922 3490 calumnia:
1955 3449 2086 3488 Con-

519 3516 695 3569 victus
730 3518 1004 3573 infamiam
1039 3518 1260 3574 tulisset
1288 3560 1302 3584 ,
1337 3521 1641 3578 cavillando
1673 3524 1912 3581 obtinuit
1940 3529 2083 3598 apud

517 3623 646 3661 suos
680 3621 737 3662 ut
770 3612 873 3664 sibi
908 3612 973 3667 de
1007 3613 1367 3668 Orientalium
1411 3615 1657 3670 doctrina
1703 3629 1893 3674 contra
1935 3629 2087 3676 acto-

515 3717 636 3756 rum
676 3702 835 3756 tidem
871 3704 1206 3762 crederetur.
1245 3705 1431 3776 Neque
1480 3716 1598 3761 acta
1643 3710 1818 3764 solum
1868 3721 1921 3766 et
1964 3727 2085 3767 scu-

517 3797 701 3848 tcntire
735 3796 1047 3865 syuotlales,
1081 3798 1172 3850 sed
1205 3806 1258 3852 ct
1281 3797 1404 3851 libri
1431 3799 1595 3875 etiam
1630 3802 1821 3871 integri
1848 3820 1911 3856 ex
1937 3803 2087 3859 Grae-

518 3886 600 3939 cia
644 3887 796 3940 missi
856 3896 1002 3948 sunt,
1060 3888 1264 3956 quibus
1318 3897 1437 3941 acta
1488 3889 1977 3958 confirmarentur;
2033 3906 2086 3947 et

519 3996 652 4035 sane
684 3980 882 4034 multos
915 3980 980 4034 ad
1010 3982 1281 4034 saniorem
1333 3991 1568 4037 mentem
1601 3995 1903 4049 revocatos,
1935 3999 1989 4042 et
2019 3989 2084 4042 ad

517 4074 843 4127 catholicam
899 4071 1123 4128 Matrem
1173 4090 1464 4140 reversos,
1524 4091 1712 4130 eorum
1765 4083 2087 4137 auctoritate

517 4184 624 4220 mm
671 4167 789 4220 sine
821 4168 1008 4221 Iretitia
1045 4169 1254 4237 experti
1292 4185 1510 4224 sumus.
1550 4169 1830 4240 Ejusmodi
1867 4171 2088 4229 fuerunt

518 4261 790 4328 Confessio
823 4260 1117 4314 orthodoxa
1146 4261 1396 4316 Ecclesia:
1424 4263 1733 4329 Orientalis,
1768 4264 1901 4334 ipsis
1926 4265 2087 4320 Bata-

519 4371 711 4409 vorum
743 4355 885 4424 typis
917 4353 1060 4408 edita
1096 4354 1147 4407 itt
1180 4355 1411 4422 gratiam
1446 4356 1806 4428 Panagiottis,
1838 4361 2083 4429 primarii

520 4445 841 4513 interpretis
871 4444 1010 4513 apud
1042 4443 1346 4500 Turcarutn
1389 4446 1769 4524 imperatorem
1791 4466 1806 4515 ;
1828 4429 2092 4521 Synodns

516 4534 1061 4619 Bethlehemiticapel
1085 4535 1284 4588 Meletii
1319 4533 1493 4605 Syrigt'
1530 4536 1673 4606 Opus
1705 4538 1951 4606 adversus
1988 4543 2089 4615 Cy-

517 4629 626 4697 νὶΗὶ
653 4628 872 4682 Lucoris
903 4628 1098 4696 falsam
1135 4629 1260 4696 ﬁdei
1281 4630 1676 4696 expositionem,
1713 4649 1875 4701 quam
1905 4647 2089 4694 tanto-

520 4737 647 4791 pcre
699 4724 1087 4774 exosculantur
1133 4722 1289 4774 multi
1340 4719 1740 4789 Protcstautcs,
1787 4730 2092 4786 reclaman-

519 4814 665 4866 tibus
702 4813 842 4881 aputl
875 4827 970 4866 eos
1001 4812 1357 4867 doctissimis.

590 4905 734 4956 Inter
779 4903 881 4955 alia
907 4919 1027 4971 qua!
1053 4905 1319 4960 adversus
1353 4907 1653 4962 inauditam
1682 4910 1907 4968 Lucaris
1939 4916 2092 4970 theo-

521 4995 716 5064 logiam
761 4996 1069 5049 testimonia
1115 4997 1446 5064 produxerat
1477 4999 1727 5070 Syrigus,
1763 5009 2090 5062 occurrebat

523 5089 791 5141 sententia
835 5086 1128 5152 Gennadii,
1162 5091 1274 5158 qui,
1321 5091 1496 5160 inquit
1534 5093 1641 5157 ille,
1683 5096 1898 5163 ﬂorebat
1949 5101 2090 5154 circa

525 5195 723 5247 annum
765 5180 923 5239 i455,
961 5181 1160 5247 primus
1194 5192 1309 5249 post
1332 5194 1545 5251 captam
1571 5187 1768 5250 ,urbem
1811 5192 2088 5241 renuntia-

524 5285 607 5326 tus
646 5273 976 5340 patriarcha.
1009 5273 1101 5326 lllo
1143 5289 1274 5329 sane
1319 5277 1636 5330 testimonio
1670 5279 1755 5331 vix
1789 5281 2085 5348 quidquam

521 5366 576 5421 3n
603 5367 908 5419 litterarttm
946 5368 1312 5422 monumentis
1342 5371 1660 5437 expressius
1687 5374 1947 5426 occurrit.
1977 5374 2088 5426 Nec

521 5460 664 5512 enim
715 5459 846 5512 sola:
886 5460 1167 5513 sententiae
1215 5460 1479 5515 Gennadii
1515 5463 1924 5517 Catholicorum
1967 5480 2092 5519 sen-

527 5549 736 5612 tentiis,
780 5550 876 5604 sed
931 5551 1094 5605 verba
1143 5553 1305 5626 etiam
1351 5554 1532 5608 verbis
1565 5557 1918 5619 conveniunt,
1961 5559 2089 5610 dum

527 5642 1042 5696 transmutationem
1077 5644 1466 5699 elementorum
1509 5646 1561 5698 in
1621 5663 1820 5715 corpus
1871 5657 1923 5701 et
1968 5666 2093 5702 sart-

526 5730 747 5803 guincm
785 5731 990 5788 Christi
1043 5747 1140 5805 per
1173 5735 1606 5807 μετουτιὼσεως,
1681 5737 1793 5791 sive
1850 5742 2090 5793 transab-

2189 3171 2362 3225 bouos
2390 3171 2479 3237 qui
2510 3169 2800 3224 Claudium
2825 3170 3005 3223 valere
3035 3169 3314 3237 juberent,
3348 3169 3490 3236 quod
3517 3181 3760 3220 commu-

2187 3278 2311 3317 nem
2346 3277 2571 3317 causam
2609 3261 2673 3321 jn
2727 3262 2864 3316 tales
2910 3262 3192 3325 angustias
3236 3260 3573 3319 deduxisset.
3617 3259 3758 3312 unde

2187 3353 2378 3422 pedem
2405 3354 2612 3408 referre
2637 3367 2743 3406 non
2776 3351 2993 3406 licebat.
3019 3351 3206 3421 Neque
3228 3351 3396 3414 enim,
3421 3349 3759 3418 inquiebaut,

2187 3454 2382 3501 nostra
2436 3444 2604 3500 refert
2651 3445 2782 3513 quid
2841 3444 3016 3499 Graeci
3069 3453 3162 3497 aut
3207 3443 3404 3512 reliqui
3457 3440 3760 3496 Orientales

2141 3593 2144 3596 .
2187 3538 2435 3601 credant,
2468 3536 2596 3606 quid
2643 3539 2958 3606 vituperent
3001 3535 3054 3588 in
3103 3543 3291 3589 nostra
3335 3533 3608 3594 doctrina,
3643 3547 3760 3602 qua:

2187 3643 2296 3682 non
2315 3627 2569 3681 humanis
2587 3628 2869 3696 peregrina
2880 3642 2996 3684 rum
3021 3623 3382 3679 Ecclesiarum
3401 3610 3760 3685 testimoniis,

2187 3720 2281 3774 sed
2313 3720 2433 3774 solo
2462 3717 2551 3772 Dei
2586 3719 2755 3773 verbo
2791 3719 3004 3773 nititur.

2256 3809 2564 3864 Productus
2601 3797 2721 3863 erat
2761 3823 2822 3862 ex
2858 3807 3071 3862 Meletio
3099 3806 3292 3878 Syrigo
3317 3802 3674 3870 Gennadius;
3711 3815 3763 3860 et

2189 3893 2312 3956 cum
2355 3911 2609 3969 excerpta
2659 3915 2724 3954 ex
2761 3900 2958 3954 eodem
2992 3898 3303 3953 llichardus
3351 3897 3542 3953 Simon
3580 3897 3763 3967 publi-

2189 4002 2393 4056 casset,
2417 3992 2654 4047 Thomas
2707 3993 2878 4047 Sutitlt
2913 3993 3198 4060 theologus
3238 3989 3569 4047 Oxonieusis
3595 4005 3756 4060 opus-

2189 4084 2313 4138 cula
2349 4072 2460 4137 duo
2502 4083 2671 4137 edidit
2701 4082 2767 4137 de
2801 4082 3112 4137 Grzecaruut
3151 4081 3521 4137 Ecclesiarum
3577 4089 3745 4144 statu,

2187 4186 2242 4232 et
2282 4174 2630 4230 Miscellauea
2663 4173 2933 4243 quaedam,
2987 4174 3042 4226 in
3092 4173 3290 4242 quibus
3324 4173 3390 4227 de
3428 4170 3748 4226 Gnccorum

2189 4269 2315 4333 fide,
2352 4268 2420 4322 dc
2450 4265 2637 4338 Cyrilli
2672 4266 2898 4320 Lucaris
2941 4266 3301 4320 Coufessioue
3334 4275 3387 4319 et
3430 4265 3550 4335 ejus
3594 4267 3763 4318 ltisto~

2191 4361 2269 4414 ria
2302 4372 2514 4415 veteres
2546 4360 2751 4414 naeuias
2783 4359 3110 4414 certissimis
3140 4360 3478 4428 argumentis
3508 4357 3765 4410 confuta-

2196 4463 2278 4508 tas
2310 4453 2504 4506 iterum
2536 4452 2842 4520 proposuit,
2874 4460 3038 4518 atque
3070 4449 3211 4503 inter
3235 4449 3338 4502 alia
3369 4449 3764 4501 divinationem

2193 4547 2454 4600 adversus
2503 4543 2876 4607 Genuadiam,
2934 4543 3013 4597 vel
3064 4543 3244 4611 potius
3297 4541 3561 4595 adversus
3613 4539 3766 4594 Mcle:

2194 4638 2328 4692 tium
2358 4636 2636 4708 Syrigum,
2658 4649 2825 4704 quem
2861 4633 3158 4702 suppositae
3191 4630 3476 4685 Ger‘madio
3514 4630 3766 4683 llomilize

2191 4731 2257 4784 de
2288 4729 2634 4783 Eucharistia
2685 4742 2842 4781 reum
2882 4725 3112 4795 peragit,
3164 4723 3329 4780 nullis
3379 4723 3623 4782 indit-iis.
3674 4723 3764 4776 sed

2193 4819 2403 4875 tantum
2450 4820 2802 4888 conjecturis,
2849 4831 2971 4886 quia
3005 4815 3202 4883 opinor
3245 4814 3414 4882 :equis
3462 4813 3768 4868 lectoribus

2194 4910 2532 4966 inanissima:
2590 4908 2944 4970 videbuntur.
3016 4903 3186 4959 Docet
3253 4918 3471 4973 quoque
3523 4901 3766 4962 Gabrieli

2193 5002 2583 5071 Philadelphia
2626 4999 2982 5068 mctropolita:
3011 4996 3212 5052 debere
3249 4995 3466 5052 Graecos
3499 4995 3770 5050 recentio-

2193 5109 2281 5149 res
2329 5108 2514 5149 vocem
2548 5091 2981 5164 μετουσιὼσεως,
3028 5104 3135 5159 qua
3172 5088 3239 5142 ab
3288 5087 3448 5141 annis
3484 5087 3767 5156 octoginta

2192 5187 2268 5240 uti
2320 5185 2518 5248 solent,
2558 5198 2624 5238 ex
2658 5198 2766 5252 quo
2799 5180 2978 5236 infusa
3025 5180 3167 5249 apud
3204 5193 3298 5232 eos
3345 5177 3594 5231 latinitas
3646 5176 3767 5239 fuit,

2193 5277 2336 5344 quod
2387 5275 2739 5330 falsissimum
2778 5287 2901 5328 esse
2941 5269 3182 5340 Epistola
3224 5267 3423 5322 Meletii
3455 5267 3628 5338 Pigze,
3674 5282 3770 5336 pa-

2194 5368 2445 5422 triarcbze
2477 5364 2825 5420 Alexandrini
2854 5403 2868 5426 ,
2901 5378 3062 5432 quam
3135 5361 3370 5419 edimus,
3405 5358 3497 5413 fiet
3533 5357 3770 5412 manifco

2193 5473 2366 5516 stum.
2421 5455 2603 5510 Virum
2645 5471 2763 5517 sua,
2798 5465 2855 5508 ut
2895 5455 3288 5516 existimamus,
3315 5451 3507 5519 religio
3555 5450 3767 5516 fefellit,

2195 5552 2352 5621 cujus
2391 5543 2646 5603 laboratis
2680 5547 3036 5616 prmjudiciis,
3065 5527 3544 5611 (lonsiantinopoli
3584 5542 3768 5596 indili-

2198 5654 2410 5714 gcutczu
2450 5640 2672 5696 omnino
2705 5632 2924 5707 operam
2976 5639 3194 5692 navavit
3225 5638 3276 5689 iu
3309 5651 3374 5691 co
3401 5636 3548 5708 quod
3586 5650 3769 5692 susce-

2197 5745 2347 5795 Dcrat
2385 5733 2599 5804 negotio
2630 5733 2970 5806 explicando,
3006 5742 3094 5787 aut
3144 5731 3375 5788 fateatur
3416 5744 3652 5786 necesse
3684 5738 3768 5785 est
