3962 6328
146 283 239 338 2δῖ
935 291 943 299 “
1615 283 1812 340 ἨΤᾹ.

149 386 268 440 nihil
299 385 416 439 inde
460 386 713 440 retulisse
737 388 878 455 quod
924 388 986 440 ad
1035 403 1214 441 causa:~
1249 388 1536 458 deplorata:
1567 406 1676 444 sua:
1706 408 1744 457 Α
1780 392 1889 454 rit;
1945 406 2067 444 nam
2125 391 2222 443 soli
2275 390 2632 444 ecclesiastici
2682 389 3115 451 suliscribebant,
3169 399 3222 440 et
3272 403 3340 442 ex

151 478 478 545 patrocinium
525 481 840 546 pertineret.
874 478 1059 533 Varios
1106 481 1248 534 enim
1303 495 1550 535 rumores
1603 481 1671 536 de
1780 480 1938 534 laicis
1991 489 2187 548 prreter
2241 481 2618 547 imperatorem
2659 485 2851 531 'ncmo.
2895 477 3163 530 Reversus
3204 478 3343 529 Con-

153 567 343 630 Lucari,
371 581 504 634 quos
539 568 792 623 Ecclesiae
814 568 1435 638 Constantinopolitanze
1467 572 1672 626 tabu'a-
1778 570 2189 637 stantinopolim
2233 567 2544 623 Gennadius
2577 583 2719 620 anno
2775 566 2928 624 1459.
2956 576 3071 634 post
3105 549 3343 619 ‘alisolu-
3375 583 3386 642 ί

150 661 216 712 ria
242 658 496 716 refellunt.
529 660 864 728 collectaque
894 677 954 713 ex
985 662 1186 714 Allalio
1209 673 1260 715 et
1286 658 1667 732 CaryOphyllo,
1779 664 1884 708 tam
1924 657 2212 726 synodum,
2250 657 2302 708 in
2341 670 2531 723 magna
2569 657 2706 721 apud
2739 653 3002 709 Joannem
3042 655 3334 720 imperato-

143 750 188 800 si
211 765 268 801 ex
297 747 635 801 miscellaneo
666 749 756 802 illo
811 764 975 818 opere
1006 751 1329 819 dempseris,
1365 754 1673 821 quicunque
1777 763 1890 801 rem
1924 747 2451 814 Constantinumque
2485 745 2699 798 fratrem
2739 758 2786 798 et
2818 759 3194 799 successorem
3255 746 3340 795 (li--

153 840 350 893 Graeciae
380 840 695 894 recentioris
746 842 954 896 litteras
993 843 1076 896 vel
1123 843 1454 910 primoribus
1508 844 1673 898 labris
1778 839 1984 906 gnitale
2033 838 2185 900 Vixit,
2225 851 2396 903 usque
2429 837 2492 887 ad
2529 851 2727 888 annum
2783 837 2942 900 1453,
2974 836 3068 904 qui
3112 836 3341 903 imperio

3237 279 3344 339 εἰει

151 929 448 998 degustarit,
481 930 617 984 nihil
666 947 887 995 novum,
925 934 1056 996 nihil
1107 943 1254 988 trans
1297 950 1447 990 mare
1485 946 1671 989 natum

151 1027 396 1081 agnoscet.
434 1019 605 1073 Nemo
651 1021 974 1086 catholicus,
1023 1023 1122 1076 etsi
1170 1024 1350 1078 Allatii
1380 1064 1392 1087 ,
1432 1021 1675 1090 Arcudii,

153 1109 492 1178 Caryophylli,
524 1121 577 1163 et
622 1112 852 1164 aliorum
887 1112 1024 1168 bene
1065 1113 1130 1166 de
1167 1112 1406 1168 Ecclesia
1456 1115 1676 1170 merito-

156 1214 254 1247 rum
299 1198 607 1250 memoriam
663 1215 784 1253 cum
830 1202 1094 1256 charitate
1143 1204 1574 1271 complectatur,
1622 1207 1676 1256 in

154 1302 316 1340 eorum
347 1288 506 1341 verba
551 1288 843 1357 iurandum
891 1293 994 1346 slbi
1033 1293 1347 1357 arbitratur,
1399 1302 1492 1346 aut
1544 1296 1680 1348 nihil

157 1378 199 1428 in
229 1391 402 1431 eorum
433 1381 650 1447 Scriptis
680 1383 975 1436 desiderat.
1009 1382 1120 1449 lmo
1149 1383 1237 1452 qui
1268 1399 1326 1437 se
1367 1384 1418 1436 in
1463 1383 1676 1439 Graecas

157 1469 339 1520 litteras
367 1469 709 1533 abdiderunt,
744 1472 1072 1540 codicesqne
1102 1473 1252 1540 ipsos
1295 1475 1439 1527 serio
1475 1484 1677 1528 tracta-

153 1563 341 1618 verunt,
376 1556 686 1612 desiderant
733 1560 946 1613 illorum
993 1562 1326 1631 diligentiam
1357 1572 1410 1616 et
1443 1565 1678 1632 pruden-

155 1646 286 1708 tiam,
317 1662 411 1700 nec
453 1663 578 1701 raro
613 1653 902 1705 candorem
946 1662 1000 1706 et
1041 1653 1236 1706 bonam
1275 1653 1454 1707 ﬁdem.
1486 1654 1678 1709 Testes

1782 930 2091 984 Graecorum
2160 927 2769 996 ConstantioOpolitano
2843 943 3137 996 supremus
3214 928 3336 980 fuit.

1777 1021 1913 1087 Quid
1941 1035 2067 1073 vero
2091 1019 2220 1074 totis
2249 1021 2334 1073 his
2357 1019 2516 1072 annis
2547 1021 2803 1072 tredecim
2831 1019 3111 1073 Gennadio
3135 1018 3336 1072 factum

1778 1113 1866 1171 sit.
1917 1111 2177 1164 divinavit
2225 1111 2473 1163 Allatius.
2517 1107 2708 1176 Neque
2755 1110 2900 1162 enim
2947 1125 2975 1162 a
3009 1109 3197 1162 Graeco
3226 1107 3336 1160 ullo

1779 1211 1998 1254 auctore
2036 1201 2225 1254 didicit
2249 1215 2368 1253 eum
2399 1202 2678 1255 catholicm
2723 1200 2867 1262 fidei,
2904 1215 3063 1267 quam
3110 1199 3340 1251 Floren-

1779 1294 1868 1346 tire
1906 1308 2027 1347 cum
2075 1291 2196 1346 aliis
2241 1292 2446 1346 Graecis
2495 1293 2774 1359 professus
2812 1290 3009 1352 fuerat,
3039 1291 3337 1343 observan-

1779 1383 2071 1446 tissimum,
2119 1381 2526 1434 schismasticos
2589 1395 2721 1434 voce
2782 1390 2835 1433 et
2862 1380 3081 1447 scriptis
3140 1379 3341 1432 confir-

1780 1485 1994 1533 masse,
2032 1472 2329 1539 praesertim
2375 1487 2502 1524 vero
2535 1471 2773 1524 Marcum
2819 1471 3108 1538 Ephesium
3161 1471 3336 1522 schis-

1777 1559 1937 1618 matis
1977 1564 2418 1630 antesignanum,
2463 1561 2761 1631 Latinoque
2788 1563 2992 1616 nomini
3023 1560 3334 1614 infensissi-

1781 1671 1947 1709 mum.
1973 1654 2108 1721 Quia
2152 1665 2327 1707 tamen
2363 1670 2426 1708 ex
2460 1657 2626 1708 variis
2671 1655 2804 1708 actis
2837 1662 2891 1708 et
2941 1652 3333 1715 monumentis,

155 1748 221 1789 tot
252 1741 626 1795 catholicorum
676 1743 794 1797 libri
830 1746 959 1799 editi
1004 1745 1073 1800 ab
1126 1747 1284 1799 annis
1332 1747 1575 1816 triginta,
1625 1749 1677 1801 in
1713 1733 1752 1785 Β
1781 1761 2006 1815 quorum
2039 1760 2210 1814 pauca
2250 1745 2397 1799 edita
2435 1754 2583 1805 sunt,
2621 1745 2824 1814 reliqua
2858 1753 3145 1799 servantur
3174 1744 3226 1795 in
3256 1743 3336 1794 bi-

153 1827 325 1891 quibus
374 1830 639 1886 Arcudius
690 1836 908 1903 vapulat
943 1844 1199 1904 tanquam
1245 1849 1534 1905 perpetuus
1572 1837 1678 1891 Ec-

155 1918 312 1977 elesize
338 1918 531 1974 Graeca:
562 1923 958 1990 calumniator;
1007 1929 1205 1980 Allatio
1256 1944 1360 1981 non
1403 1907 1675 1997 parcitur;

153 2007 516 2078 (IaryOphyllus
545 2022 597 2066 et
621 2014 710 2066 alii
743 2013 1226 2083 Hellenomastiges
1253 2033 1392 2085 saepe
1425 2019 1682 2072 refellun-

157 2106 248 2148 tur.
293 2099 386 2161 Qui
435 2101 598 2165 igitur
667 2101 916 2171 Syrigum
976 2114 1228 2173 tanquam
1292 2107 1681 2175 ὑποϐολιμαῖον

155 2189 469 2256 scriptorem,
519 2190 861 2247 Gennadium
901 2205 958 2248 ut
985 2197 1350 2268 Λατινόφρονα
1392 2199 1681 2252 traducere

155 2280 200 2331 in
226 2281 447 2334 animum
483 2283 769 2338 induxerat
797 2300 979 2351 suum,
1016 2286 1247 2342 debebat
1276 2289 1322 2343 is
1357 2290 1542 2358 procul
1576 2290 1677 2342 du-

158 2371 232 2422 liio
259 2386 356 2423 non
385 2371 665 2441 Allatium,
699 2389 804 2428 non
834 2375 1154 2444 Arcadium,
1193 2393 1303 2432 non
1326 2377 1676 2434 Possevinum

108 2527 110 2529 ν
155 2464 460 2526 exscribere,
492 2467 586 2519 sed
629 2467 845 2521 codices
867 2484 1000 2523 mss.
1029 2470 1093 2522 ad
1125 2485 1262 2538 quos
1299 2486 1674 2538 provocamus.

157 2565 208 2604 ea
232 2553 290 2605 de
315 2553 589 2608 Gennadio
616 2556 842 2620 dicturi,
875 2573 996 2628 quae
1020 2560 1164 2613 nulla
1197 2560 1451 2627 deinceps
1474 2561 1682 2613 ratione

159 2646 318 2697 vocari
349 2647 557 2714 possint
589 2648 641 2701 in
686 2649 938 2705 dubium.
990 2651 1093 2706 Sed
1140 2640 1291 2720 prius
1335 2653 1585 2707 videntur
1626 2654 1679 2706 in

159 2734 362 2787 medium
403 2737 712 2792 adducenda
751 2755 872 2809 qua:
925 2741 992 2795 ab
1042 2744 1359 2798 auctoribus
1402 2729 1680 2798 catholicis

160 2825 214 2878 de
244 2824 506 2882 Gennadio
537 2829 736 2899 scripta
766 2841 911 2893 sunt.
962 2833 1165 2900 quibus
1200 2847 1352 2888 suam
1405 2833 1681 2887 Smitheus

159 2916 548 2985 disputationem
615 2931 876 2992 tanquam
939 2924 1269 2979 certissimis
1313 2924 1682 2979 fundamentis

159 3014 508 3076 superstruxit.
545 3005 551 3012 ’

218 3101 530 3169 Gennadius,
544 3107 634 3175 qui
657 3107 860 3176 primus
875 3108 1224 3162 novaomaz
1242 3107 1549 3178 patriarcha
1565 3116 1682 3177 post

164 3190 350 3259 imperii
388 3194 699 3250 Graecorum
722 3198 1013 3253 Orientalis
1042 3199 1310 3253 excidium
1344 3200 1682 3253 renuntiatus

163 3293 252 3347 est,
294 3294 410 3339 ante
459 3297 770 3355 susceptam
822 3289 1136 3356 dignitatem
1169 3287 1382 3357 Georgii
1414 3289 1680 3341 Scholarii

160 3390 333 3430 nomen
395 3379 603 3433 habuit.
661 3381 738 3433 lta
803 3389 1074 3434 testantur
1131 3391 1381 3435 auctores
1432 3381 1684 3434 Historiae

163 3467 748 3537 Constantinopolitanae
781 3473 918 3538 apud
958 3470 1210 3525 Crusium
1244 3473 1298 3524 in
1326 3467 1684 3524 Turco-Grae-

163 3557 232 3611 cia
263 3577 274 3612 :
307 3577 324 3611 ι
357 3560 647 3630 Elegerunt
672 3600 688 3624 ,
737 3563 934 3630 inquit,
975 3562 1355 3631 philosophum
1402 3561 1679 3637 dominum

163 3647 444 3718 Georgium,
476 3650 654 3704 virum
687 3660 934 3706 sanctum
961 3659 1015 3704 et
1049 3652 1216 3720 pium,
1237 3651 1476 3718 judicem
1511 3651 1682 3720 impe-

165 3743 327 3794 ratorii
364 3741 574 3810 judicii,
609 3751 662 3796 et
692 3742 1009 3796 electionem
1037 3744 1154 3811 ejus
1201 3742 1356 3810 juxta
1399 3749 1686 3795 consuetu-

167 3832 321 3886 dinem
369 3835 852 3889 acclamationibus
893 3835 1338 3902 comprobantes,
1385 3835 1684 3887 constitue-

173 3931 283 3976 runt
333 3925 716 3994 patriarcham,
767 3923 1102 3992 appellantes
1154 3937 1276 3976 eum
1324 3920 1682 3975 Gennadium.

169 4013 323 4080 lluiic,
344 4028 398 4072 ut
418 4020 610 4073 scribit
630 4017 896 4080 Malaxus,
926 4016 1162 4071 Joannes
1178 4014 1537 4085 Palaeologus,
1560 4029 1683 4067 cum

169 4103 212 4156 in
238 4103 506 4160 Franciam
542 4122 636 4162 seu
671 4107 876 4159 Italiam
900 4106 1357 4174 proficisceretur,
1383 4105 1473 4157 ubi
1509 4104 1688 4157 habita

168 4201 236 4243 est
263 4204 436 4248 octava
468 4195 731 4263 synodus,
768 4209 950 4248 secum
994 4194 1148 4246 duxit
1180 4201 1431 4262 tanquam
1478 4193 1689 4261 sapien-

171 4287 430 4343 tissimum.
484 4306 502 4337 ι
553 4289 609 4341 1n
658 4287 807 4341 Actis
853 4285 1055 4340 Graecis
1111 4284 1433 4338 Florentium
1475 4285 1686 4353 synodi,

1788 1838 2105 1902 bliothecis,
2147 1837 2466 1905 intelligitur
2517 1837 2702 1890 eodem
2757 1845 3002 1905 tempore
3045 1833 3332 1904 quemdam

1784 1926 2071 1994 Georgium
2095 1927 2435 1981 Scholarium
2467 1925 2648 1981 Marco
2679 1928 2910 1995 Ephesio
2939 1943 3146 1980 summa
3179 1925 3334 1978 fami-

1787 2018 2016 2071 liaritate
2039 2018 2407 2083 coniunctum,
2442 2018 2607 2071 multa
2637 2018 2896 2071 adversus
2949 2018 3171 2071 Latinos
3201 2019 3334 2072 scri-

1787 2110 1977 2177 psisse.
2004 2107 2293 2162 Matthzcus
2325 2108 2736 2178 Caryophyllus,
2768 2119 2819 2162 et
2837 2125 2957 2163 eum
2985 2118 3204 2162 secutus
3222 2109 3332 2162 Leo

1785 2199 2038 2265 Allatius,
2065 2198 2200 2252 duos
2216 2198 2549 2264 Gennadios,
2573 2200 2710 2253 duos
2733 2200 2993 2268 Georgios
3020 2199 3334 2253 Scholarios

1785 2289 2125 2351 eﬂinxerunt,
2159 2287 2307 2340 illum
2347 2290 2437 2356 qui
2468 2289 2700 2342 concilio
2727 2288 3037 2341 Florentino
3065 2287 3331 2352 interfuit,

1786 2380 2148 2444 catholicum;
2181 2379 2407 2433 alterum
2448 2381 2821 2434 scbimaticum
2863 2394 2986 2434 esse
3033 2379 3329 2446 jusserunt.

1788 2469 1884 2524 Hic
1922 2470 2221 2524 monachus
2263 2470 2459 2534 factus,
2493 2470 2753 2524 Gennadii
2787 2485 2980 2523 nomen
3011 2470 3169 2523 simul
3210 2485 3330 2522 cum

1789 2561 1970 2614 habitu
2022 2551 2296 2629 religienis
2342 2561 2579 2628 accepit;
2611 2561 2702 2614 ille
2741 2575 2802 2614 ex
2841 2561 2977 2613 laico
3026 2563 3200 2611 fartus
3244 2574 3336 2624 pa-

1787 2652 2023 2706 triarcha
2077 2660 2198 2719 post
2253 2663 2464 2720 captam
2520 2652 2728 2718 urbem,
2770 2652 3080 2706 Gennadius
3120 2668 3335 2720 quoque

1788 2760 1926 2799 novo
1957 2745 2177 2799 nomine
2209 2745 2510 2814 appellatus
2541 2744 2662 2806 fuit,
2698 2746 2787 2812 qui
2820 2753 2943 2814 post
2973 2761 3145 2799 annos
3179 2749 3335 2812 quin—

1785 2852 1909 2904 que,
1937 2836 2197 2904 depositis
2231 2836 2416 2889 infulis
2444 2835 2921 2904 patriarchalihus.
2972 2835 3025 2888 in
3061 2848 3335 2889 monaste-

1787 2929 1926 2983 rium
1976 2944 2034 2984 se
2082 2929 2304 2996 recepit,
2336 2937 2498 2998 atque
2551 2943 2693 2982 anno
2749 2929 2974 2982 circiter
3022 2927 3158 2980 “60
3193 2927 3332 2980 diem

1788 3036 1944 3074 stium
1974 3021 2130 3073 obiit.
2155 3021 2270 3072 lmo
2296 3019 2459 3072 alium
2479 3019 2763 3088 quemdam
2791 3017 3078 3086 Georgium
3111 3018 3334 3070 Schola-

1788 3109 1921 3163 rium
1946 3110 2245 3165 Cortesium
2274 3111 2548 3166 exstitisse
2570 3111 2880 3178 suspicatur
2903 3111 3149 3170 Allalius,
3173 3125 3332 3185 quem
3395 3149 3399 3153 .

1784 3211 2054 3255 auctorem
2106 3201 2378 3254 existimat
2425 3202 2761 3255 diversorum
2813 3202 3072 3254 adversus
3115 3200 3335 3254 Latinos

1783 3288 2038 3358 operum;
2078 3297 2238 3359 atque
2308 3291 2380 3344 ita
2414 3298 2523 3344 tres
2579 3291 2838 3360 Georgios
2901 3291 3211 3346 Scliolarios
3280 3301 3338 3346 et

1784 3383 2092 3437 Gennadios
2125 3392 2394 3447 recenset,
2427 3384 2543 3445 sed,
2586 3394 2644 3436 ut
2676 3384 2818 3438 infra
2852 3386 3144 3450 videbitur,
3181 3385 3337 3453 plane

1783 3472 2093 3526 infeliciter.
2149 3472 2298 3528 llanc
2347 3481 2525 3528 tamen
2581 3476 2698 3543 ejus
2748 3476 3116 3544 conjecturam
3165 3475 3335 3530 secuti

1782 3573 1908 3618 sunt
1941 3578 2128 3619 omnes
2173 3565 2342 3618 ferme
2398 3565 2677 3634 theologi,
2725 3567 2893 3621 donec
2946 3566 3008 3621 Β.
3041 3565 3228 3618 Simon
3255 3566 3339 3647 vir

1784 3655 2130 3709 doctissimus
2157 3655 2342 3709 docuit
2380 3645 2702 3710 certissimis
2743 3656 3079 3724 argumentis
3105 3645 3337 3710 'unicum

1785 3742 1954 3798 fuisse
1976 3744 2336 3798 Gennadium.
2366 3745 2498 3810 Quia
2531 3753 2708 3798 tamen
2745 3746 2857 3799 haec
2897 3745 3049 3813 quasi
3094 3745 3146 3796 in
3195 3761 3338 3811 πειρ-

1787 3838 1935 3912 έργῳ
1967 3837 2035 3890 ab
2069 3850 2134 3889 eo
2175 3838 2374 3905 scripta
2401 3846 2548 3900 sunt,
2591 3852 2712 3890 cum
2741 3835 2979 3890 brevitas
3010 3835 3190 3904 operis
3228 3852 3335 3888 non

1787 3933 2059 3993 pateretur
2099 3933 2156 3978 ut
2196 3934 2362 3979 totam
2393 3940 2457 3980 ex
2489 3927 2729 3996 antiquis
2796 3927 3162 3982 monumentis
3189 3942 3338 3995 qure-

1788 4015 2021 4068 stionem
2077 4016 2409 4096 explicaret,
2444 4025 2686 4084 superest
2728 4026 2787 4070 ut
2838 4025 3098 4078 quantum
3156 4016 3339 4069 licebit
3425 4027 3431 4034 ·

1789 4107 1972 4174 paucis
2011 4121 2127 4160 eam
2157 4106 2522 4180 expediamus.

1861 4195 2167 4251 Gennadius
2217 4185 2348 4249 sane
2403 4195 2492 4262 qui
2533 4193 2744 4262 Georgii
2800 4194 3069 4248 Scholarii
3127 4210 3324 4247 nomen

1792 4289 2000 4352 habuit,
2060 4288 2232 4355 patria
2301 4295 2360 4338 ut
2414 4287 2631 4339 videtur
2683 4285 3336 4353 Constantinopolitanus,

171 4389 287 4429 sess.
320 4376 401 4442 25,
449 4376 664 4445 Georgii
693 4374 960 4429 Scholarii
1011 4375 1170 4428 verba
1211 4375 1278 4427 ad
1311 4375 1685 4442 imperatorem
1723 4409 1769 4462 ι)-
1793 4375 2063 4438 doctrina,
2113 4375 2417 4444 eloquentia
2473 4381 2525 4427 et
2553 4375 2694 4442 juris
2747 4375 2934 4442 peritia
2994 4389 3239 4442 magnam
3273 4375 3339 4425 ab

171 4465 465 4528 referuntur,
500 4480 528 4518 a
558 4479 669 4535 quo
692 4473 910 4532 rogatus
936 4465 1257 4519 sententiam
1292 4464 1358 4516 de
1397 4463 1687 4517 sancienda

171 4569 274 4609 cum
310 4556 513 4611 Latinis
551 4556 884 4620 concordia,
930 4555 1209 4622 respondit
1259 4569 1316 4606 se
1368 4553 1478 4622 jam
1528 4553 1689 4607 editis

170 4648 474 4702 orationibus
514 4648 836 4715 exposuisse
867 4648 1001 4714 'qua:
1031 4645 1135 4700 sibi
1184 4659 1334 4697 meus
1381 4653 1547 4706 esset,
1580 4657 1691 4694 am-

172 4736 307 4801 plecti
336 4735 585 4790 Romana:
606 4736 861 4789 Ecclesia
888 4735 1188 4789 doctrinam
1219 4734 1281 4785 de
1318 4733 1581 4800 capitibus
1606 4731 1692 4784 in.

170 4835 237 4878 ιρι·
279 4838 554 4896 utramque
606 4826 906 4880 Ecclesiam
956 4824 1348 4887 controversis,
1399 4839 1518 4890 qua:
1565 4837 1690 4875 mox

169 4918 382 4982 synodali
411 4919 724 4974 definitione
757 4917 1026 4987 explicata
1066 4923 1212 4977 sunt.
1245 4915 1443 4967 Earum
1475 4929 1691 4996 quoque

167 5009 440 5063 orationum
481 5011 684 5063 mentio
737 5010 794 5062 fit
845 5009 899 5062 in
935 5007 1197 5077 Apologia
1229 5005 1444 5073 Joscphi
1487 5006 1692 5059 Metho-

170 5102 364 5164 nensis;
397 5112 448 5155 et
481 5115 675 5170 magna
709 5101 850 5154 inter
878 5101 1123 5154 eruditos
1153 5099 1378 5168 quaestio
1422 5110 1525 5159 est,
1561 5114 1686 5150 num

167 5190 221 5240 de
247 5190 306 5244 iis
331 5207 459 5262 quas
488 5193 752 5246 habemus
775 5189 961 5245 Graece
991 5197 1045 5243 et
1067 5187 1256 5242 Latine
1283 5188 1334 5240 in
1367 5186 1688 5240 Bibliotheca

169 5277 384 5347 Patrum,
411 5291 464 5338 et
493 5285 548 5336 in
583 5280 938 5336 conciliorum
972 5278 1402 5335 Gollectionibus
1427 5317 1441 5340 ,
1491 5276 1689 5330 intelli-

168 5373 312 5435 genda
359 5373 464 5427 sint
503 5373 816 5428 Grecorum
867 5371 1127 5426 Actorum
1159 5371 1337 5422 verba.
1394 5368 1520 5421 Erat
1562 5376 1688 5419 tunc

167 5460 398 5535 Georgius
426 5466 742 5521 Scholarius
779 5468 922 5518 inter
951 5464 1144 5529 laicos,
1165 5460 1439 5531 judexque
1481 5460 1683 5527 prima-

177 5552 270 5609 rius
292 5557 417 5610 aulce
471 5558 869 5626 imperatoria;
914 5565 1075 5624 atque
1126 5554 1260 5606 adeo
1301 5551 1428 5604 nihil
1465 5551 1680 5607 Initum,

169 5651 289 5716 quod
313 5651 364 5706 in
400 5651 710 5708 definitione
745 5650 1001 5720 synodica
1041 5645 1328 5703 scribendo
1359 5659 1460 5696 non
1496 5642 1681 5696 adtuc~

1795 4467 2018 4520 ineunte
2048 4473 2207 4518 mtate
2254 4464 2450 4517 famam
2514 4465 2650 4531 apud
2706 4479 2833 4518 suos
2886 4474 3230 4525 consecutus,
3286 4466 3336 4517 iu

1800 4555 1936 4608 aula-
1965 4553 2322 4622 imperatoriae
2352 4551 2655 4607 ministerio
2690 4550 2812 4611 fuit,
2867 4561 3149 4619 antequam
3179 4551 3314 4604 Joau

1793 4661 1889 4700 nes
1915 4644 2247 4713 Palasologus
2313 4642 2366 4696 in
2412 4642 2618 4696 italiam
2681 4641 3134 4710 proficisceretur.
3189 4641 3340 4693 Tune

1792 4748 1918 4791 vero
1957 4736 2159 4802 iudicis
2218 4734 2457 4804 primarii
2516 4747 2716 4787 munus
2778 4733 3342 4800 sustinebat,Kpt:h;

1791 4831 1890 4891 τῆς
1947 4824 2236 4895 βασιλικῆς
2269 4823 2526 4892 κρίσεως,
2590 4831 2648 4874 ιιι
2698 4837 2803 4875 non
2866 4822 3038 4875 solum
3101 4819 3339 4874 Historia

1791 4919 2006 4988 politica
2059 4923 2112 4970 et
2160 4914 2525 4969 ecclesiastica
2572 4912 2711 4982 apud
2748 4911 3022 4974 Ct‘usium,
3051 4911 3142 4963 sed
3208 4912 3339 4962 varii

1790 5013 1950 5066 etiam
1998 5009 2386 5077 npusculorum
2446 5005 2586 5058 tituli
2646 4999 2935 5058 testantur.
2989 5003 3339 5071 Negotiorum

1792 5099 1905 5165 ipse.
1931 5099 2229 5151 molestiam
2252 5098 2603 5163 conqueritur
2629 5094 2691 5146 ad
2729 5093 3064 5161 Philelpbum
3098 5095 3341 5146 scribens

1793 5186 1874 5238 his
1908 5184 2126 5237 verbis:
2173 5181 2310 5235 Ἀλλ’
2346 5182 2448 5234 ὑπὸ
2479 5183 2588 5233 τῶν
2608 5182 2662 5232 ὲν
2699 5181 2774 5249 τῷ
2807 5175 3048 5242 δικάζειν
3094 5181 3340 5247 οορύὸων

1789 5275 1894 5327 οὐδ’
1959 5277 2215 5326 ἀναπνεῖν
2273 5274 2455 5377 σχεῗδν
2518 5272 2989 5342 συγχωρούμενσς,
3049 5274 3140 5323 καὶ
3187 5275 3335 5326 ἄκων

1789 5366 2147 5434 ἐξαμαρτάνω
2192 5383 2243 5415 τι
2279 5362 2416 5433 meo};
2437 5366 2564 5425 τοὺς
2626 5364 2836 5430 φίλους.
2887 5362 2990 5415 Sed
3011 5362 3335 5430 judiriorum

1789 5458 2015 5508 tumultu
2085 5439 2399 5522 (ιρρνεδεςυδ,Χ
2436 5456 2520 5506 vix
2577 5455 2836 5520 respirare
2887 5463 2944 5506 ut
2993 5455 3332 5507 concedatur,

1786 5548 1943 5598 etiam
1977 5548 2164 5597 inritus
2208 5545 2586 5613 nomrthilcrga
2631 5547 2826 5597 amicos
2859 5544 3120 5615 delinquo.
3179 5544 3333 5606 Quod

1789 5641 1946 5694 cziam
1984 5642 2031 5691 in
2057 5639 2173 5692 aliis
2208 5637 2533 5708 quibusdam
2587 5635 2654 5688 ad
2713 5636 2914 5688 amicos
2979 5633 3242 5701 epistolis,
3281 5643 3327 5683 ct
