3962 6328
146 283 239 345 ΞῦἹ

1640 285 1839 345 ἨΤΛ.

3266 295 3369 358 258

150 396 469 451 elesiasticzn
519 398 827 453 concordia:
864 410 1013 465 spem
1075 394 1326 448 videntur
1391 393 1697 446 referenda.
1732 402 1776 455 Α
1810 392 1969 445 variis
1990 393 2326 447 bibliotheca:
2353 393 2528 464 [legite
2552 395 2739 462 codd.,
2767 412 2955 464 uetupc
2981 397 3270 455 Homilinm
3300 407 3400 458 ad-

152 483 248 538 Scd
284 503 407 553 qua:
470 491 669 558 legitur
725 498 830 542 act.
890 488 959 539 25
1018 484 1316 538 Florentiui
1379 485 1594 538 concilii
1653 488 1703 537 in

150 571 344 629 Cretaeis
371 579 518 631 actis
547 578 766 646 Georgii
798 575 1061 631 Scltolarii
1091 573 1415 642 Responsio,
1439 574 1705 643 ejusmodi

150 658 245 739 βείω
280 675 335 717 ut
363 668 483 722 viro
516 669 605 738 pio
637 670 896 738 pacisque
926 667 1332 722 studiosissimo
1386 668 1704 734 dignissima

151 752 415 810 videatur.
449 758 689 828 Rogatus
720 760 866 813 enim
900 759 969 812 ab
994 758 1325 825 imperatore
1383 758 1703 810 sententiam

151 842 463 904 de'uniouis
518 852 738 905 decreto
761 891 775 915 ,
828 852 899 905 ita
962 852 1240 918 reSpondit
1263 852 1340 917 (Ι)
1369 866 1381 901 :
1412 850 1620 919 Optime
1656 861 1703 904 et

147 939 509 999 potentissime
535 942 844 1009 imperator,
874 958 1031 1012 quam
1066 958 1157 1011 ego
1191 942 1403 1011 quidem
1434 940 1703 997 habuerim

149 1035 192 1075 et
248 1044 383 1082 nunc
418 1032 641 1086 habeam
710 1038 1024 1088 sententiain
1083 1037 1148 1086 de
1180 1037 1455 1103 proposita
1500 1037 1705 1090 unionis

152 1121 389 1184 materia,
426 1122 625 1177 indicat
660 1141 829 1178 sermo
875 1142 906 1178 a
949 1142 1028 1178 me
1067 1138 1326 1189 utcunque
1363 1130 1701 1197 compositus,

149 1219 192 1258 et
216 1208 580 1267 huic-nostro:
629 1219 827 1284 synodo
875 1216 1107 1281 oblatus,
1174 1235 1274 1286 quo
1325 1236 1503 1274 sacros
1552 1222 1705 1274 hosce

151 1299 474 1355 adhurtabar
507 1303 694 1360 Patres
721 1308 789 1359 ad
835 1309 1079 1362 unionem
1139 1319 1186 1363 et
1241 1311 1499 1364 auxilium
1554 1313 1704 1367 rebus

150 1387 745 1463 Constantinopolitanis
827 1385 1122 1466 ferendum.
1186 1402 1468 1456 Testantur
1543 1406 1703 1458 etiam

148 1486 244 1536 duo
276 1484 464 1551 libelli,
495 1504 621 1557 quos
676 1501 833 1545 antea
886 1494 1223 1561 compositos,
1286 1512 1422 1569 nunc
1458 1500 1704 1564 presenti

149 1573 337 1637 synodo
366 1577 549 1639 trado,
582 1594 805 1647 quorum
852 1584 991 1635 alter
1023 1584 1299 1636 consilium
1333 1586 1423 1637 dat
1488 1597 1544 1639 ut
1583 1588 1699 1655 fiat,

149 1673 193 1711 et
230 1667 494 1730 quomodo
523 1668 637 1735 ﬁeri
663 1670 872 1731 ‘debeat
931 1674 1079 1734 uitio,
1112 1682 1160 1725 et
1188 1677 1397 1741 exponit
1447 1678 1702 1747 guidquid

149 1750 286 1803 aliud
319 1757 390 1805 ad
424 1762 560 1809 hanc
589 1762 869 1829 materiam
919 1772 1118 1827 spectat
1142 1778 1160 1813 :
1198 1766 1335 1817 alter
1390 1782 1505 1817 ccio
1562 1784 1702 1834 qure-

149 1850 361 1895 sttonent
394 1847 561 1908 ipsam
616 1858 834 1914 tractat,
863 1861 1040 1922 estque
1072 1854 1154 1905 illi
1184 1861 1371 1923 scapus
1428 1860 1699 1913 ostendere

148 1933 376 1988 doctores
415 1935 664 1992 Ecclesia:
704 1942 843 1995 inter
882 1958 937 1995 se
981 1946 1261 2021 concordes
1318 1962 1427 1999 esse
1482 1964 1579 1999 non
1616 1964 1703 2001 ra-

152 2023 369 2079 tionibus
406 2044 469 2080 ac
493 2029 1029 2106 demonstrationibus
1077 2035 1345 2097 Immanis,
1385 2037 1476 2089 scd
1535 2052 1703 2091 sacrte

150 2109 433 2180 Scriptum
472 2127 521 2170 et
552 2120 828 2173 doctorum
859 2123 1160 2175 earumdem
1215 2126 1507 2178 sententiis.
1567 2126 1703 2181 Eos-

150 2200 265 2254 dem
292 2202 459 2260 libros
487 2207 702 2264 oblatos
735 2211 946 2280 synodo
984 2212 1153 2266 fuisse
1192 2222 1464 2267 testantur
1512 2220 1699 2270 eadem

150 2291 273 2345 Aeta
333 2296 495 2363 paulo
535 2301 831 2367 superius:
861 2298 991 2355 Post
1043 2304 1328 2356 orationem
1376 2302 1702 2361 Bessarionis

150 2384 325 2438 obtulit
386 2390 531 2443 nobis
597 2389 906 2445 Scholarius
988 2395 1230 2448 dominus
1281 2395 1532 2468 Georgius
1599 2410 1701 2454 tres

154 2476 424 2533 Orationes
449 2497 545 2548 pro
603 2485 792 2537 unione
819 2485 1217 2551 deliberativas,
1252 2491 1529 2543 coltortans
1581 2495 1702 2544 ani-

152 2585 389 2639 mamque
449 2588 542 2626 nos
596 2575 665 2627 ad
717 2578 1134 2644 amplectendam
1196 2582 1466 2636 unionem.
1528 2581 1702 2653 Vulgo

152 2660 453 2716 existimant
510 2665 631 2720 illas
694 2666 843 2735 ipsas
896 2670 1176 2723 orationes
1228 2686 1351 2725 esse
1408 2691 1526 2739 quae
1577 2690 1699 2727 cum

150 2748 291 2804 Actis
318 2754 558 2821 concilii,
608 2764 666 2810 et
723 2759 954 2813 seorsim
1008 2761 1109 2813 sub
1151 2761 1370 2829 Georgii
1433 2765 1698 2819 Scholarii

153 2847 361 2897 nomine
380 2849 539 2899 editae
562 2856 715 2910 sunt,
750 2859 939 2903 contra
970 2866 1143 2920 quam
1185 2855 1358 2907 sensit
1407 2854 1695 2913 Matthaaus

152 2930 552 3003 Caryophyllus,
582 2938 672 3004 qui
726 2939 864 2992 hanc
911 2940 1191 3009 vulgarem
1250 2944 1561 3012 Opinionem
1610 2962 1699 3001 δον

1808 488 2213 554 Λατινὸφρονας
2269 488 2331 539 de
2378 490 2685 556 purgatorio
2710 529 2724 551 ,
2754 501 2806 543 ct
2844 484 3242 559 Responsioncm
3298 500 3367 550 ad

1807 593 1986 630 eorum
2012 576 2364 643 obiectiones;
2386 578 2461 630 De
2484 581 2811 645 processione
2836 580 3069 649 Spiritus
3108 589 3296 649 sancti,
3316 599 3369 642 et

1808 670 1910 722 alia
1944 669 2212 737 quaedam,
2261 672 2327 725 de
2391 673 2592 740 quibus
2644 675 2861 728 dicetur
2914 691 3013 730 suo
3050 676 3192 733 loco.
3257 678 3371 736 Hac

1808 759 2094 812 Occasione
2119 757 2385 829 GeOrgius
2429 760 2748 833 Scholarius
2811 766 2863 818 in
2888 765 3113 821 Joannis
3159 766 3366 823 Palam-

1808 851 1910 918 ιοεί
1940 850 2295 905 offensionem
2334 852 2591 917 incurrit,
2624 856 2858 923 grauiter
2896 860 3160 914 commoti
3219 863 3363 929 quod

1809 943 2063 996 unionem
2093 952 2246 1001 tanto
2284 944 2465 998 labore
2492 961 2521 1000 a
2564 961 2623 1001 se
2683 959 3049 1017 procuratum,
3099 960 3153 1005 ct
3207 954 3363 1022 Cujus

1807 1032 2067 1089 beneficio
2094 1036 2291 1089 auxilia
2323 1038 2389 1090 ab
2420 1037 2568 1092 Italis
2597 1040 2647 1092 in
2679 1054 2893 1093 samum
2932 1056 3112 1095 rerum
3141 1060 3363 1098 suarum

1805 1123 2121 1180 discriminc
2171 1130 2483 1182 necessaria
2538 1131 2807 1197 sperabat,
2848 1131 3162 1189 Scholarius
3214 1155 3365 1201 vnt‘t',

1806 1219 2022 1285 scriptis
2054 1227 2107 1272 et
2166 1220 2515 1283 auctoritate,
2554 1235 2673 1289 quae
2720 1232 2839 1275 erat
2897 1225 3036 1291 apud
3080 1227 3368 1293 populares

1806 1321 1936 1362 suos
1969 1308 2261 1376 praecipua,
2291 1308 2606 1369 disturbare
2662 1321 2975 1365 conaretur.
3011 1311 3193 1368 Testis
3250 1313 3368 1384 ipse

1806 1398 1858 1451 iu
1898 1398 2155 1453 Oratione
2215 1401 2557 1469 apologetica
2609 1405 2674 1455 ad
2728 1403 3152 1458 Coustmtinum
3195 1407 3368 1475 impe-

1809 1500 2068 1556 ratorem,
2108 1493 2181 1546 ita
2235 1503 2413 1546 tamen
2449 1506 2505 1546 ut
2562 1496 2758 1549 Joanui
2821 1496 3128 1549 simulatam
3188 1503 3368 1565 potius

1807 1580 2229 1649 indignationem
2296 1598 2453 1650 quam
2506 1585 2774 1638 sinceram
2843 1587 3100 1641 ascribat.
3145 1588 3363 1655 Deinde,

1802 1667 2000 1734 inquit,
2043 1672 2240 1736 optimo
2268 1667 2729 1740 illo'imperatore
2781 1677 3195 1743 indignationem
3256 1695 3366 1746 pra:

1803 1774 1857 1810 se
1875 1760 2067 1826 ferente
2092 1759 2153 1814 ob
2188 1777 2423 1814 verorum
2454 1764 2760 1832 dagntatum
2798 1765 3172 1833 defensionem,
3224 1786 3366 1823 corn-

1802 1849 2113 1903 mittendum
2141 1867 2241 1905 non
2267 1854 2602 1919 existimavi,
2635 1866 2691 1907 ut
2743 1857 2928 1923 quibtts
2958 1856 3142 1925 fabula
3186 1859 3366 1928 ignota

1802 1941 2221 2004 erat,videretur
2241 1950 2379 2013 quod
2418 1962 2497 1999 me
2528 1947 2609 1999 ira
2665 1947 2995 2016 imperatoris
3047 1953 3118 2003 ad
3166 1951 3367 2007 Christi

1795 2030 1985 2099 jugum
2021 2035 2376 2100 eantpellerel,
2419 2048 2468 2090 et
2494 2039 2631 2106 quod
2690 2039 2879 2094 invitus
2909 2044 2977 2095 ad
3021 2046 3366 2115 tranquillam

1803 2122 1961 2175 vitam
1986 2125 2338 2194 confugerem.
2364 2126 2513 2181 Illam
2552 2129 2698 2182 enim
2721 2146 2939 2185 causam
2976 2135 3243 2205 assignat,
3266 2152 3365 2193 cur

1804 2214 1923 2269 vivo
1949 2213 2157 2271 Joanne
2185 2227 2370 2272 votqu
2404 2222 2720 2277 monasticae
2762 2224 2883 2279 vita:
2929 2225 3023 2279 diu
3074 2239 3200 2283 ante
3235 2244 3363 2284 cou-

1803 2316 2015 2374 ceptum
2051 2322 2159 2361 non
2189 2308 2511 2378 impleverit.
3060 2359 3072 2367 .

1876 2396 1950 2449 Eo
2014 2398 2177 2450 etiam
2242 2413 2525 2471 regnante,
2608 2413 2731 2473 post
2799 2407 3034 2462 reditum
3091 2426 3157 2465 ex
3206 2411 3361 2469 Italia

1801 2490 2024 2558 scripsit
2061 2488 2351 2547 Orationes
2377 2494 2429 2547 itt
2468 2494 2817 2549 ltomiliarutn
2861 2500 3083 2554 modum
3139 2504 3361 2567 multas,

1800 2598 1921 2650 qua:
1950 2584 2271 2651 legebantur
2329 2586 2614 2641 conciouis
2653 2588 2795 2651 loco,
2827 2591 2912 2645 vel
2964 2592 3361 2660 scribebantur,

1802 2686 2087 2742 postquam
2120 2676 2239 2729 viva
2277 2691 2407 2729 voce
2458 2686 2615 2731 erant
2658 2679 2995 2744 declatnatze,
3056 2691 3116 2737 ut
3154 2699 3218 2738 ex
3276 2686 3362 2740 itt-

1800 2764 2097 2832 scriptioue
2128 2781 2250 2835 quas
2291 2767 2530 2821 occurrit
2581 2768 2634 2821 in
2683 2780 2874 2824 nostro
2915 2773 3104 2827 codicv
3157 2777 3363 2845 colligi-

1801 2867 1943 2907 mus.
1998 2854 2110 2909 Etsi
2161 2858 2306 2910 euim
2357 2858 2530 2913 laicus
2566 2875 2738 2929 usque
2786 2863 2852 2914 ad
2908 2875 3217 2935 susceptam
3270 2884 3363 2937 pa-

1801 2943 2490 3016 triart-balemdignitatem
2516 2949 2782 3021 Georgius
2834 2952 3153 3013 Scholarius
3212 2961 3363 3015 vixeo

154 3021 419 3078 lidissimis
478 3028 783 3081 rationibus
853 3029 1176 3096 confutavit,
1228 3035 1493 3089 adversus
1557 3052 1693 3105 quas
1719 3048 1762 3107 α
1804 3036 1894 3099 rit,
1924 3039 2008 3090 vix
2033 3046 2214 3092 tamen
2237 3041 2489 3095 dubitare
2512 3042 2638 3098 licet
2661 3059 2786 3097 eum
2815 3059 2999 3101 coram
3032 3048 3364 3117 imperatore

152 3112 403 3167 Allatiana
435 3116 684 3173 defensio
715 3120 854 3173 nihil
886 3131 980 3173 aut
1034 3136 1227 3190 parum
1286 3124 1437 3179 facit.
1476 3126 1583 3180 Sed
1632 3131 1697 3183 de

152 3203 250 3270 bis,
287 3206 410 3274 quia
451 3209 736 3277 operosior
777 3211 1009 3279 quaestio
1064 3223 1173 3280 est,
1205 3216 1419 3270 dicetur
1480 3218 1571 3272 ubi
1629 3220 1697 3274 de

152 3298 397 3363 operibus
425 3298 700 3355 Scholarii
731 3302 1122 3371 disputandum
1151 3310 1275 3360 erit.
1316 3308 1374 3361 ld
1414 3309 1573 3363 habet
1606 3327 1700 3364 auc

153 3398 247 3442 tetu
265 3388 604 3461 Caryophylli
639 3394 907 3447 sententia
939 3396 1231 3462 commodi,
1258 3398 1402 3467 quod
1429 3401 1473 3455 si
1494 3410 1697 3470 suppo—

151 3478 275 3534 sitas
300 3481 579 3537 Scholario
608 3483 781 3538 fuiSse
806 3499 838 3537 a
866 3483 1070 3539 Graecis
1095 3488 1405 3543 concordiae
1435 3492 1697 3547 studiosis

151 3571 412 3627 orationes
435 3573 571 3629 istas
612 3577 930 3639 statuimus,
966 3579 1117 3632 nulla
1148 3579 1320 3636 ferme
1350 3594 1607 3653 superest
1629 3587 1696 3640 de

154 3674 250 3715 uno
271 3663 350 3716 vel
391 3664 623 3733 geminis
680 3665 981 3721 Scholariis
1039 3679 1093 3723 et
1122 3670 1421 3727 Gennadiis
1470 3686 1695 3730 contro-

152 3751 459 3818 versia.Qui
508 3756 655 3809 enim
718 3738 892 3811 letum
941 3758 1085 3813 hunc
1145 3763 1502 3819 celeberrimo
1551 3767 1693 3835 apud

150 3841 354 3898 Grec-os
378 3847 688 3902 schismatis
714 3851 1101 3907 tenacissimas
1131 3856 1340 3910 auctori
1380 3844 1691 3927 supposuit,

152 3935 316 4001 potuit
347 3938 506 3991 etiam
539 3940 690 3992 nullo
737 3943 958 4011 negotio
1011 3944 1163 4000 Actis
1212 3948 1403 4021 grtecis
1453 3950 1694 4004 inserere

151 4038 263 4092 qua:
288 4025 393 4081 illic
441 4029 505 4082 ad
553 4029 772 4085 illarum
827 4035 1215 4090 auctoritatem
1266 4040 1693 4095 confirmandam

152 4103 408 4184 leguntur.
437 4120 572 4174 Nam
598 4123 643 4176 si
676 4122 789 4176 haec
819 4140 994 4193 pauca
1028 4122 1192 4182 verba
1222 4132 1593 4199 excipiuntur,
1638 4144 1692 4186 et

155 4207 307 4263 Marci
334 4211 552 4281 Ephesii
588 4216 832 4288 Epistula
865 4233 983 4286 quae
1013 4227 1138 4273 ante
1171 4235 1377 4289 paucos
1409 4237 1583 4278 annos
1624 4226 1693 4278 ab

151 4296 333 4353 Allatio
362 4302 503 4357 edita
558 4312 673 4366 est,
716 4306 804 4359 vix
866 4307 1163 4376 quidquam
1204 4310 1273 4362 -iu
1323 4311 1461 4364 illius
1510 4316 1687 4367 surculi

1796 3135 1849 3180 et
1878 3138 2070 3181 senatu
2125 3130 2353 3199 singulis
2410 3133 2580 3187 sextis
2616 3133 2765 3190 feriis
2824 3150 2889 3190 ex
2921 3152 3175 3208 suggestu
3236 3157 3365 3199 con.—

1797 3217 2070 3271 cionatum
2108 3219 2442 3296 fuisse,_non
2475 3222 2625 3292 quod
2664 3227 3017 3295 magistratus
3048 3230 3141 3284 ille
3201 3250 3361 3300 quem

1796 3308 2056 3376 gerebat,
2149 3312 2576 3367 ecclesiasticam
2648 3317 2940 3384 quamdam
3040 3321 3363 3389 dignitatem

1797 3400 2107 3466 adjunctam
2162 3403 2528 3477 liaberet,scd
2560 3406 2686 3474 quia
2740 3409 2795 3461 iu
2849 3411 3210 3479 imperatorio
3266 3402 3367 3468 tri-

1796 3490 1959 3545 clinio
1998 3494 2326 3560 vespertinis
2352 3505 2407 3549 et
2455 3498 2849 3565 pomeridiauis
2877 3500 3031 3555 ltoris
3083 3502 3360 3559 declama-

1796 3580 1906 3643 bat,
1941 3598 2045 3635 non
2075 3598 2137 3636 ex
2166 3587 2423 3650 amboue,
2459 3599 2551 3641 aut
2585 3604 2744 3644 mane
2775 3591 2913 3646 inter
2937 3607 3210 3663 synaxes:
3254 3599 3358 3653 hoc

1795 3672 1939 3722 enim
1973 3671 2318 3726 sacerdotum
2367 3676 2669 3732 secundum
2730 3682 3154 3737 ecclesiasucam
3198 3687 3362 3741 disci-

1796 3760 1997 3830 plinam
2048 3779 2248 3818 munus
2291 3773 2487 3830 erat,et
2540 3771 2748 3824 similes
2802 3752 2995 3829 Leonis
3042 3773 3357 3848 Philosophi

1793 3863 1845 3907 et
1867 3854 2076 3923 aliquot
2107 3856 2337 3910 aliorqu
2372 3858 2636 3914 laieorum
2666 3863 2950 3919 orationes
2976 3878 3215 3924 exstant.

1868 3943 2123 3999 Testatur
2155 3948 2269 4015 ipse
2297 3948 2613 4004 Scholarius
2657 3956 3070 4009 reconciliatum
3140 3962 3356 4015 tandem

1795 4030 1897 4092 sibi
1930 4037 2100 4092 fuisse
2155 4051 2398 4093 extremo
2453 4043 2575 4096 vitae
2631 4051 2875 4113 tempore
2934 4044 3198 4103 Joannem
3254 4052 3359 4105 im-

1795 4139 2121 4196 peratorem,
2170 4132 2394 4197 jamque
2451 4114 2552 4186 sibi
2615 4150 2721 4188 nou
2806 4136 3038 4194 obscure
3094 4141 3355 4195 faventem

1792 4218 1956 4272 xitum
2026 4234 2149 4273 cum
2207 4232 2380 4275 morte
2440 4238 2826 4279 commutasse.
2875 4228 3132 4291 Quamvis
3197 4248 3357 4299 μοιϊο

1795 4310 1932 4375 apud
1955 4307 2179 4363 Latinos
2211 4327 2400 4379 omnes
2430 4325 2682 4368 auctores
2707 4326 2759 4368 ct
2799 4317 3012 4371 Graecos
3050 4322 3235 4374 unioni
3259 4324 3357 4376 ad-

153 4390 506 4447 tno'nutnentis
529 4398 795 4461 occurrit,
827 4399 967 4451 unde
991 4396 1333 4453 Gennadium
1385 4410 1496 4456 sive
1522 4404 1693 4458 Scho-
1725 4377 1769 4433 υ
1796 4400 1970 4453 dictos
2005 4402 2615 4470 lcgamusiuzperatoris
2679 4410 2919 4460 aniuium
2981 4425 3007 4463 3
3064 4414 3355 4467 cont-ordia

153 4477 332 4534 larium
369 4493 587 4539 constet
624 4484 996 4542 Ecclesiarum
1045 4491 1354 4545 sancienda:
1390 4496 1690 4549 concordia:

1802 4502 1955 4556 quam
1989 4487 2275 4544 Florentia:
2292 4492 2701 4562 subscriptione
2728 4496 3061 4563 (irritaverat,
3089 4516 3354 4570 nusquam

153 4583 359 4626 navasse
380 4590 627 4642 operam,
652 4592 775 4630 cum
808 4577 862 4631 iu
892 4579 1079 4632 eadem
1120 4578 1508 4650 disrumpenda
1535 4585 1687 4638 dein-

151 4674 265 4728 ceps
299 4660 356 4716 ad
405 4674 706 4720 extremam
766 4678 955 4738 usque
993 4679 1208 4725 actatem
1247 4676 1686 4742 pertinacissime

151 4764 426 4821 occupatus
460 4756 635 4810 fuisse
669 4760 937 4814 videatur.

214 4841 329 4899 Sive
348 4835 538 4916 igitur,
558 4861 616 4905 ut
635 4851 747 4904 fieri
776 4853 997 4906 omnino
1019 4853 1211 4921 potuit,
1236 4852 1497 4924 Georgius
1518 4854 1685 4912 Scho-

150 4933 307 4991 larius
331 4940 545 4998 Graecos
582 4942 872 4998 Florentia:
903 4946 969 4997 ad
989 4944 1243 4998 unionem
1284 4945 1533 5001 hortatus
1564 4948 1683 5002 fue-

151 5029 232 5086 rit.
266 5031 369 5085 sive
423 5047 586 5088 secus
648 5034 841 5103 egerit,
885 5034 938 5088 id
989 5034 1133 5088 enim
1167 5034 1325 5104 plane
1386 5038 1681 5093 obscurum

151 5126 242 5180 est,
270 5135 508 5178 reversus
528 5141 653 5179 cum
692 5123 901 5181 Joanne
959 5125 1261 5195 Palaaologo
1293 5125 1683 5183 Constantino-

153 5208 317 5275 polim,
344 5215 591 5283 adiunxit
637 5231 696 5270 se
731 5215 909 5271 Marco
939 5218 1173 5286 Ephesio
1230 5218 1283 5271 iu
1315 5223 1678 5289 oppugnanda

155 5302 332 5357 unione
355 5295 471 5373 qua:
494 5305 785 5361 Florentiae
809 5310 1015 5361 saucita
1043 5307 1240 5363 fuerat.
1268 5311 1444 5379 Atque
1475 5312 1587 5375 illo,
1624 5323 1682 5368 ut

155 5391 360 5461 videtur,
421 5400 684 5467 temporis
769 5399 1052 5455 intervallo
1134 5402 1355 5470 scripsit
1415 5402 1681 5472 Georgius

1795 4579 1967 4635 fuisse
2016 4576 2350 4648 alienatum;
2402 4585 2735 4640 dissentiunt
2789 4596 2967 4641 tamen
3020 4591 3351 4646 scltismattci

1791 4671 1965 4725 ferme
2028 4690 2237 4728 omnes.
2298 4674 2375 4728 lta
2408 4678 2604 4744 legitur
2637 4679 2688 4730 in
2754 4679 2909 4731 titulo
2953 4684 3354 4753 pseudosynodi

1791 4762 2453 4831 Constautinopolitatrc,
2534 4768 2585 4821 itt
2644 4771 2922 4825 Adtlcutlis
2988 4780 3124 4843 apud
3207 4782 3355 4833 Alla-

1795 4854 1926 4906 tittm
1984 4853 2059 4921 (‘2)
2093 4871 2106 4909 ε
2141 4856 2293 4920 Qua},
2339 4858 2535 4926 inquit,
2590 4860 2771 4915 habita
2821 4862 2924 4930 fuit
2966 4876 3078 4933 post
3115 4881 3351 4925 exactam

1790 4946 2247 5015 pseudosynodum
2275 4946 2642 5004 Florentinam
2678 4957 2833 5008 unius
2862 4968 2907 5009 et
2967 4960 3174 5013 dimidii
3219 4964 3347 5016 anni

1790 5038 2092 5102 intervallo,
2124 5050 2171 5092 et
2202 5050 2318 5107 post
2348 5041 2545 5094 obitum
2566 5043 2789 5098 Joannis
2817 5046 3104 5117 l’altcologi
3126 5056 3348 5120 quicum

1788 5128 1993 5182 Latinis
2024 5133 2306 5193 sentiebat,
2328 5133 2390 5184 ab
2437 5131 2595 5185 Italis
2628 5138 2721 5187 sub
2756 5153 2843 5204 spe
2873 5141 3065 5193 auxilii
3113 5145 3344 5213 delusus,

1788 5235 1909 5275 ante
1964 5231 2136 5276 tamen
2195 5224 2391 5277 obitum
2439 5226 2727 5280 ortltodoxo
2783 5232 3017 5300 dogmati
3079 5252 3348 5291 assensum

1788 5315 2107 5383 prwbuerat.
2142 5315 2292 5370 Tunc
2342 5316 2659 5374 Scholarius
2702 5321 3016 5378 domesticis
3068 5330 3228 5383 rebus
3258 5348 3349 5383 or-

1789 5407 1993 5461 dinatis
2016 5416 2271 5462 erattuox
2301 5424 2417 5463 sese
2470 5410 2525 5463 iu
2560 5413 2955 5467 monasterium
3010 5408 3341 5485 recepturus.

155 5482 305 5537 multa
338 5489 592 5545 adversus
619 5490 843 5547 Latinos
887 5495 1171 5562 opuscula,
1193 5509 1311 5563 qua:
1368 5507 1587 5550 essunt
1623 5477 1705 5551 in.
1785 5513 1909 5552 cum
1944 5490 2284 5569 prOpositntn
2318 5512 2527 5555 mutare
2558 5514 2779 5559 Coactus
2813 5514 2920 5564 est.
2977 5507 3122 5562 Obiit
3152 5516 3343 5565 eodem

214 5663 282 5733 (l)
306 5663 372 5720 Ex
398 5671 644 5755 versione
679 5666 944 5743 CaryOpb.
964 5688 1020 5743 p=
1045 5670 1151 5726 478
1176 5671 1303 5729 edit.
1343 5672 1468 5729 Par.

1861 5677 2097 5748 ('2)-Adtl.
2131 5682 2195 5734 ad
2225 5681 2260 5734 l.
2300 5696 2354 5737 ut
2394 5682 2465 5737 De
2493 5699 2644 5753 perp.
2678 5700 2830 5740 cons.
2864 5703 2915 5757 p.
2951 5686 3085 5744 1580
3113 5702 3163 5744 et
3226 5706 3340 5759 seq.
