3962 6328
552 244 655 298 fill?

1714 238 2026 297 ENNADII
2074 236 2179 295 ΟΡ.
2227 237 2414 295 ΡΑΤιι
2430 236 2732 294 ΙΑΡιΟΙΙίΕ

3672 234 3769 295 2ΰο

548 351 763 402 totiter
792 359 1030 416 tempore
1068 348 1274 401 {ilarcus
1311 348 1606 416 Ephesius,
1636 351 1792 417 pmlo
1820 359 1944 402 ante
1974 363 2114 400 mor-
2145 353 2188 405 A
2221 348 2445 415 recepit.
2491 349 2724 416 Scripsit
2785 348 2946 402 simul
3001 348 3408 401 valedictoriam
3467 345 3768 400 Orationem

551 453 656 504 tem
717 435 940 493 Joannis
974 431 1283 507 I’almologi.
1317 440 1614 507 Georgius
1671 441 1955 493 morientis
2013 453 2107 490 su-

555 546 766 598 premas
811 544 965 583 voces
1021 531 1251 597 excepit,
1304 538 1357 582 et
1409 531 1460 582 in
1507 531 1627 599 ejus
1661 531 1822 583 verba
1866 529 2065 597 juravit
2093 569 2107 593 ,

552 620 659 672 Deo
681 630 734 674 et
764 622 972 690 angelis
1006 622 1061 673 in
1095 620 1470 674 testimoaium
1525 624 1823 684 advocatis,
1868 631 2111 676 servatu-

552 728 672 764 tutn
731 727 790 766 se
848 727 1078 766 veterem
1131 713 1314 774 tidem,
1366 722 1419 764 et
1508 723 1694 768 contra
1744 712 2109 767 Florentinam

557 806 809 860 tmionem
840 813 1100 872 perpetuo
1122 819 1186 856 ex
1217 802 1378 856 amici
1411 811 1464 855 et
1490 804 1842 870 praeceptoris
1874 803 1958 857 sui
1985 819 2110 857 sen-

558 898 732 946 tentia
759 902 1148 960 pugnaturum.
1175 890 1299 945 Ilaec
1325 894 1435 959 ipse
1463 892 1658 945 scribit
1686 892 1739 944 in
1776 893 2020 961 Epistula
2045 893 2113 945 ad

557 982 1192 1051 Constantioopolitanos
1273 992 1528 1053 tanquam
1592 984 1917 1036 notissima:
1968 999 2114 1036 mor-

559 1087 707 1127 tuum
736 1089 864 1126 vero
903 1074 1149 1126 oratione
1185 1073 1444 1136 laudavit,
1478 1090 1599 1140 quae
1634 1085 1812 1128 exstat
1848 1075 1898 1126 in
1948 1077 2114 1129 variis

559 1167 856 1218 codicibus.
891 1166 1115 1217 Exsmnt
1146 1180 1361 1232 quoque
1394 1165 1445 1216 in
1477 1166 1761 1218 codicibus
1815 1164 1998 1234 Regiis
2023 1183 2115 1218 ex-

563 1270 728 1307 trema
756 1254 917 1308 Marri
949 1253 1166 1320 Ephesii
1196 1255 1443 1306 morituri
1473 1256 1538 1307 ad
1567 1254 1907 1308 Scltolarium
1931 1259 2113 1320 Verba,

563 1349 760 1414 quibus
790 1347 889 1414 ipsi
923 1345 1124 1399 Gratia:
1155 1344 1408 1398 Ecclesia:
1438 1357 1491 1399 et
1526 1347 1646 1416 ejus
1681 1348 1997 1414 dogmatum
2023 1349 2114 1400 de-

566 1439 870 1492 ft-nsionem
914 1437 1301 1491 commendat:
1338 1437 1605 1491 Scholarii
1653 1453 1866 1506 quoque
1896 1454 2118 1508 respon-

565 1531 666 1591 sio,
696 1543 815 1596 qua:
844 1528 969 1580 huic
1000 1527 1254 1594 EpiSlOléB
1279 1528 1436 1596 plane
1471 1539 1832 1584 consentanea
1873 1538 1974 1582 est.

635 1617 824 1671 Joanni
856 1616 1157 1684 I’alieologo
1204 1617 1885 1670 successitConstantinus
1922 1614 2116 1682 frater,

2215 440 2280 492 ad
2312 440 2750 505 Constantinum,
2782 456 2900 509 qua:
2939 426 3114 493 exstat
3153 440 3213 492 in
3240 439 3431 492 codice
3454 437 3636 504 Regio,
3670 451 3770 504 qua

2218 545 2320 583 non
2370 532 2546 585 Solum
2587 532 2999 585 criminationes
3052 531 3498 584 adversariorum
3552 537 3773 582 conatur

2217 621 2449 684 diluere,
2509 622 2601 675 sed
2653 637 2795 688 saepe
2851 622 2905 676 in
2963 621 3077 676 suis
3131 620 3385 675 laudibus
3423 619 3645 681 nimius,
3691 632 3772 670 res

2218 724 2396 782 gestas
2427 728 2523 781 pro
2582 715 2851 781 majorum
2902 715 3164 782 religione
3204 710 3428 772 tuenda,
3465 715 3772 774 susceptos-

2218 824 2322 873 que
2350 807 2562 860 labores
2593 808 2644 859 in
2677 807 2875 860 coelum
2910 807 3068 869 tollit,
3101 805 3174 858 ita
3206 813 3264 856 ut
3293 803 3549 856 vanitatis
3571 806 3622 853 et
3652 811 3790 867 pro--

2221 897 2422 959 terviaa,
2450 898 2503 948 in
2543 912 2645 964 qua
2668 907 2958 951 accusatus
2983 905 3088 956 est,
3115 895 3273 961 culpa
3305 906 3410 958 n0p
3437 899 3608 942 vacet.
3637 888 3770 940 Cum

2222 987 2361 1039 hanc
2389 989 2688 1041 orationem
2724 988 3010 1050 scriberet,
3067 986 3243 1038 adhuc
3293 983 3466 1036 laicus
3495 982 3549 1034 in
3594 994 3774 1032 mona-

2221 1079 2392 1132 sterio
2449 1077 2855 1131 I’antocratoris
2902 1075 3193 1138 residebat,
3251 1073 3396 1126 unde
3455 1072 3692 1139 migrans
3723 1069 3770 1120 iu

2221 1170 2550 1234 Card'aneti,
2600 1169 2706 1221 illic
2752 1167 2970 1220 schema
3018 1165 3130 1219 sive
3193 1164 3431 1217 habitum
3469 1160 3770 1226 religiosum

2222 1265 2446 1331 accepit.
2481 1263 2552 1315 Ita
2577 1260 2733 1314 docet
2765 1274 2865 1312 nos
2898 1257 3059 1325 hujus
3085 1253 3351 1310 orationis
3392 1250 3682 1320 inscriptio
3716 1250 3764 1299 in

2225 1353 2389 1423 Regio
2412 1352 2620 1405 codice.
2641 1349 2868 1404 Videtur
2896 1359 3074 1403 autem
3104 1346 3262 1401 simul
3283 1343 3558 1412 accepisse
3580 1355 3774 1393 IIOlIICII

2225 1441 2488 1497 Gennadii
2537 1441 2689 1509 juxta
2746 1439 3022 1506 vulgarem
3055 1435 3197 1504 apud
3227 1433 3455 1486 Grmcos
3482 1437 3772 1483 consuetu-

2226 1536 2428 1598 dinem,
2457 1544 2515 1587 ut
2565 1533 2657 1600 qui
2694 1530 2892 1584 rutundo
2934 1543 3029 1596 per
3059 1528 3186 1580 vita:
3227 1523 3543 1577 monasticae
3572 1520 3775 1589 proles-

2184 1654 2191 1662 -
2228 1627 2438 1679 sionem
2475 1621 2866 1683 renuntiarent,
2899 1619 3062 1672 etiam
3091 1630 3289 1669 nomen
3313 1613 3593 1680 antiquum
3626 1609 3768 1677 quasi

570 1713 959 1778 imperatorum
1003 1707 1731 1775 Constanlinopolitanorum
1787 1718 2121 1775 postremus,
2158 1693 2199 1746 Β
2232 1735 2324 1788 ρετ
2356 1718 2576 1769 alteram
2608 1714 2951 1766 nativitatem
2980 1717 3289 1763 mutarent:
3320 1723 3440 1760 mos
3466 1703 3769 1773 enimlGen-

569 1811 799 1854 exeunte
841 1814 985 1852 anno
1028 1799 1159 1853 Jesu
1197 1799 1398 1854 ClII'ISlI
1450 1799 1608 1852 1448.
1639 1798 1795 1866 Apud
1830 1809 1987 1866 quem
2015 1810 2127 1852 sta-

572 1891 664 1942 tim
695 1888 1014 1942 Sebolarius
1046 1897 1335 1942 accusatus
1376 1894 1481 1950 est,
1516 1886 1676 1955 quasi
1716 1887 2125 1948 ecclesiasticis,

569 1982 710 2049 apud
743 1994 879 2045 quos
930 1978 1221 2047 plurimum
1267 1986 1500 2046 poterat,
1547 1986 1742 2031 auctor
1778 1978 1970 2033 fuisset
2002 1992 2128 2046 pro-

571 2073 938 2127 crastinandte
1002 2071 1376 2126 coronationis
1427 2086 1550 2139 quas
1592 2072 1965 2126 ecclesiastico
2019 2074 2128 2126 ritu

573 2180 697 2217 cum
738 2163 905 2229 variis
946 2164 1198 2230 precibus
1232 2163 1495 2216 celebrari
1538 2162 1767 2217 solebat.
1813 2163 1997 2232 Neque
2028 2181 2125 2218 ne-

573 2255 730 2322 gabat
762 2254 918 2319 plane
943 2251 1216 2319 Georgius
1250 2253 1569 2308 Scholarius
1594 2253 1951 2308 dill‘erendam
1984 2271 2124 2320 esse,

573 2345 746 2398 donec
792 2343 1050 2397 Ecclesia:
1102 2351 1155 2396 et
1200 2343 1513 2409 reipublica:
1571 2345 1978 2410 consuleretur;
2037 2349 2128 2400 sed

576 2451 684 2489 non
713 2435 822 2489 alio
855 2435 904 2487 id
945 2434 1124 2488 aiebat
1165 2435 1364 2488 fecisse
1423 2435 1630 2499 animo,
1682 2451 1844 2503 quam
1891 2444 1950 2488 ut
1974 2438 2125 2491 labe-

577 2525 832 2580 iactatam
881 2523 1148 2593 majorum
1205 2525 1363 2580 [idem
1400 2527 1818 2582 restaurandam
1870 2538 2127 2590 curaret,

575 2623 686 2673 tam
713 2615 832 2672 lidet
857 2633 1016 2686 quam
1042 2617 1359 2686 imperatori
1400 2623 1718 2681 consulens,
1755 2617 1824 2670 ab
1851 2617 2126 2670 hominum

577 2695 707 2764 νει-υ
734 2707 1070 2762 nefariorqu
1109 2707 1352 2760 consiliis
1379 2706 1747 2760 alienissimus
1773 2745 1789 2772 ,
1815 2706 2010 2774 quippe
2037 2705 2127 2773 qui

576 2815 775 2854 novum
809 2799 1196 2866 imperatorem
1260 2797 1522 2865 singulari
1562 2811 1745 2850 amore
1805 2797 2132 2863 complecte-

579 2903 755 2954 retur,
786 2899 840 2942 et
874 2890 943 2942 ab
972 2904 1036 2942 eo
1085 2889 1138 2940 in
1173 2888 1371 2940 melius
1414 2904 1500 2943 res
1559 2903 1685 2942 suas
1735 2897 2130 2941 coonnutatum

581 2981 648 3031 iri
677 2988 945 3047 speraret,
979 2979 1137 3045 cujus
1172 2979 1346 3046 gratia
1392 2978 1711 3038 adversam,
1769 2986 1827 3028 ut
1859 2977 2130 3039 ,sciebant

579 3085 792 3136 Olllllcs,
825 3069 1104 3124 fortunam
1135 3069 1322 3123 luisset
1353 3083 1630 3138 expertus.
1662 3067 1798 3121 Cum
1833 3083 1962 3136 vero
1986 3067 2130 3122 Con-

582 3161 854 3213 stantinus
892 3138 1265 3213 imminentem
1305 3159 1429 3222 sibi,
1463 3169 1514 3212 et
1543 3173 1662 3227 qua:
1689 3168 1810 3228 post
1841 3172 2014 3210 annos
2046 3158 2130 3211 vix

580 3252 824 3317 quinque
845 3260 1139 3303 consecuta
1172 3258 1278 3312 est,
1311 3249 1516 3303 cladem
1545 3257 1812 3311 metuens,
1847 3249 2042 3300 auxilia
2066 3249 2135 3303 ab

582 3340 730 3393 Italis
762 3340 1078 3407 postularet,
1124 3355 1246 3408 qua:
1273 3339 1530 3393 Nicolaus
1567 3342 1624 3405 γ,
1661 3340 1898 3406 pcutil‘ex
1937 3339 2134 3394 Roma-

581 3446 707 3492 nus,
745 3431 1033 3483 nonaliter
1068 3432 1461 3497 pollicebatur,
1497 3447 1657 3500 quam
1694 3432 1740 3483 si
1764 3431 2132 3484 Florentinam

583 3524 838 3575 unionem
898 3521 1268 3586 confirmaret,
1318 3531 1372 3576 et
1428 3522 1491 3574 ad
1551 3536 1668 3575 eam
1702 3522 2133 3589 amplectendam

515 3604 525 3607 ’
580 3615 800 3667 Grazcos
825 3613 1120 3679 praesertim
1148 3613 1554 3666 ecclesiasticos
1583 3623 1633 3667 et
1667 3613 1965 3668 monachos
1991 3628 2138 3668 rom-

579 3705 826 3772 pclleret,
855 3703 1033 3756 missa:
1072 3711 1198 3755 sunt
1232 3717 1261 3754 a
1294 3701 1551 3770 pontifice
1593 3704 1890 3772 legationes
1931 3705 2138 3773 aliquot

578 3793 1151 3862 Constantinopolim;
1202 3792 1375 3862 prima
1427 3793 1642 3847 videtur
1692 3795 1862 3850 fuisse
1895 3797 2134 3868 episcopi

578 3887 848 3947 Gortouaa,
889 3886 981 3954 qui
1025 3900 1147 3938 cum
1199 3883 1401 3938 ercis
1429 3886 1695 3956 theologis
1731 3887 1927 3957 sat-pius
1948 3889 2133 3958 dispu-

580 3977 735 4038 tavit,
760 3977 918 4030 annis
943 3976 1161 4029 circiter
1222 3977 1458 4043 quatuor
1492 3985 1616 4031 ante
1669 3989 1879 4047 captam
1922 3981 2135 4035 urbem.

578 4066 893 4120 Grmcorum
935 4076 1117 4136 partes
1175 4069 1430 4123 tuebatur
1473 4070 1742 4140 Georgius
1793 4071 2132 4137 Scholarius,

579 4159 668 4226 qui
698 4158 1092 4227 disputationes
1136 4161 1342 4228 εει-ιι)ιο
1375 4163 1694 4229 complexus
1729 4172 1833 4225 est,
1859 4174 1913 4218 et
1965 4164 2134 4217 variis

578 4249 860 4316 opusculis
909 4246 1139 4302 Latinos.
1194 4249 1522 4303 refellendos
1568 4252 1831 4319 suscepit.
1896 4251 2136 4305 Meminit

580 4341 691 4407 ipse
723 4342 776 4392 in
831 4339 1067 4406 Epistula
1109 4338 1176 4392 ad
1230 4341 1873 4408 ConstantinOpolitanos
1931 4345 2136 4411 scripta
2171 4343 2379 4421 Dpuus
2433 4352 2500 4405 ab
2557 4368 2618 4405 ea
2670 4350 2840 4404 fuisse
2901 4350 3262 4403 alienissimos

576 4431 644 4482 ‘29
679 4431 999 4483 Noxembris
1045 4447 1186 4484 anno
1225 4433 1380 4497 1452,
1430 4434 1481 4485 in
1521 4449 1626 4501 qua
1655 4434 1850 4487 scribit
1881 4450 2138 4504 perseve-

579 4537 698 4572 rare
731 4536 787 4573 se
825 4521 878 4572 in
913 4537 974 4573 ea
1003 4521 1250 4574 doctrina
1288 4538 1450 4590 quant
1496 4535 1821 4592 exposuerat
1857 4527 1908 4578 in
1950 4507 2138 4595 diSpu-

577 4609 815 4663 tionibus
875 4600 1074 4665 habitis
1105 4610 1375 4665 adversus
1415 4613 2011 4686 Cortona-episcopum
2061 4621 2128 4671 ad

575 4702 1094 4763 demonstrationem,
1170 4703 1369 4772 inquit,
1434 4704 1550 4771 ejus
1602 4721 1717 4774 quia
1748 4710 1887 4774 apud
1938 4726 2029 4762 nos
2060 4721 2135 4764 est

573 4795 835 4857 raritatis,
867 4803 917 4846 et
978 4793 1160 4848 multis
1201 4796 1464 4863 variisque
1509 4799 1745 4865 operibus
1790 4816 1906 4867 qua:
1940 4803 2134 4868 scripta

571 4901 664 4952 pro
683 4886 855 4953 patria
875 4883 978 4951 ﬁde
1002 4886 1173 4937 divino
1206 4902 1436 4949 munere,
1463 4899 1515 4939 ut
1550 4891 1704 4941 etiam
1736 4892 1788 4942 in
1813 4892 2137 4960 confessione

573 4975 693 5043 [idei
719 4991 827 5029 sua
876 4976 951 5030 vel
999 4978 1173 5044 potius
1209 4978 1483 5031 catholica:
1517 4978 1789 5046 Ecclesiae,
1815 4999 1971 5051 quam
2011 4999 2135 5039 ante

574 5086 736 5124 annos
768 5082 870 5124 tres
901 5069 1656 5139 elaboratam.publicaverat.

643 5166 720 5218 Eo
747 5165 966 5220 circiter
995 5177 1238 5235 tempore
1267 5164 1535 5234 Georgius
1567 5168 1637 5221 ob
1675 5169 1893 5224 nnionis
1922 5168 2130 5235 odium,

575 5271 681 5321 quo
714 5256 893 5308 omnia
925 5256 1273 5324 imperatoris
1298 5257 1529 5309 Consilia
1567 5259 1916 5311 vehementer
1944 5261 2133 5312 turba-

580 5349 690 5408 ιλιι,
710 5346 837 5410 sibi,
865 5359 919 5398 ut
946 5346 1175 5409 videtur,
1205 5359 1456 5399 metuens
1481 5349 1677 5400 samulo
1707 5349 2056 5412 renuntituit,
2079 5359 2133 5402 et

578 5444 629 5493 in
681 5443 1068 5495 monaSterium
1113 5441 1522 5495 l’autocratoris
1581 5441 1696 5493 urbi
1738 5446 2043 5511 proximum
2077 5463 2135 5500 se

649 5624 728 5692 Γ)
767 5621 861 5675 ιςει.
891 5638 1026 5690 reg”
1061 5637 1108 5689 p.
1145 5620 1260 5673 H2.

2233 1811 2426 1864 nadius
2456 1807 2634 1862 vocari
2672 1805 2855 1873 coepit,
2891 1813 3050 1871 atque
3074 1801 3208 1854 adeo
3233 1807 3521 1867 antequam
3552 1797 3775 1864 patriar-

2233 1905 2334 1957 cha
2368 1903 2764 1968 designaretur,
2787 1903 2978 1951 contra
3017 1908 3177 1960 quam
3209 1908 3274 1946 ex
3312 1890 3520 1943 Malam
3550 1887 3772 1940 Historia

2231 1993 2468 2061 politica,
2507 2001 2559 2043 et
2582 1988 2908 2059 quibusdam
2941 1985 3062 2038 aliis
3084 1981 3400 2036 auctoribus
3430 1978 3615 2033 docuit
3637 1977 3772 2029 Alla-

2236 2084 2361 2137 tius.
2402 2084 2522 2147 Quo
2566 2080 2682 2135 solo
2718 2084 3056 2148 argumento,
3091 2074 3193 2128 etsi
3243 2072 3445 2126 nullius
3499 2067 3769 2139 ponderis,

2235 2184 2403 2229 totam
2445 2173 2512 2226 de
2559 2173 2772 2226 duobus
2822 2169 3118 2224 Gennadiis
3146 2166 3563 2234 disputationem
3595 2176 3775 2230 super-

2236 2264 2459 2318 struxit.
2494 2261 2648 2316 Unde
2707 2262 2869 2314 ctiatn
2922 2258 3188 2311 refellitur
3242 2256 3412 2309 altera
3450 2257 3563 2324 ejus
3617 2253 3777 2305 histo-

2237 2355 2349 2407 rica
2378 2353 2685 2407 observatio
2712 2350 2853 2404 circa
2874 2347 3136 2402 Gennadii
3165 2343 3556 2412 professionem
3596 2355 3776 2396 mona-

2235 2446 2449 2504 sticam,
2508 2454 2668 2509 quam
2717 2438 2973 2504 abdicata
3021 2434 3375 2504 patriarcbali
3406 2433 3690 2501 dignitate,
3727 2439 3775 2482 et

2235 2531 2608 2603 quinquennio
2636 2538 2753 2597 post
2783 2536 2998 2595 captam
3035 2525 3224 2579 urbem
3259 2522 3458 2578 factam
3485 2522 3773 2581 existimat,

2235 2639 2358 2678 cum
2413 2621 2682 2673 novennio
2745 2615 3072 2686 plusminus
3117 2613 3508 2668 abdicationem
3551 2627 3774 2682 praeces-

2237 2715 2388 2768 serit.
2419 2710 2528 2764 Nec
2559 2709 2702 2762 enim
2738 2705 2930 2760 Malaxi
2964 2715 3016 2759 et
3047 2703 3315 2758 Theodori
3338 2703 3656 2772 Zygomalae,
3691 2702 3776 2769 qui

2235 2805 2521 2858 Historiam
2545 2800 2814 2868 politicam
2846 2798 3214 2859 concinnavit,
3251 2804 3401 2848 tanta
3429 2805 3510 2849 est
3547 2793 3774 2846 auctori-

2241 2905 2341 2957 tas,
2376 2903 2435 2947 ut
2468 2903 2751 2946 auctorum
2806 2889 3092 2956 aequalium
3123 2883 3435 2941 testimonia
3473 2882 3774 2938 labefactel.

2242 2985 2373 3039 Nam
2405 2984 2626 3038 Michael
2681 2983 2854 3036 Ducas
2888 2989 3008 3033 ante
3057 2986 3269 3045 captam
3297 2980 3482 3032 urbem
3520 2974 3778 3028 Gennadii

2237 3075 2482 3129 monachi
2516 3074 2733 3126 nomine
2765 3072 3008 3138 designat
3047 3085 3170 3123 eum
3200 3067 3293 3137 qui
3318 3114 3321 3119 .
3343 3076 3501 3121 antea
3523 3066 3780 3136 Georgius

2238 3165 2557 3219 Scholarius
2588 3162 2896 3216 dicebatur.

2306 3258 2438 3310 Cum
2470 3253 2784 3308 Gennadius
2818 3250 3019 3304 saeculo
3049 3249 3416 3310 valedisisset,
3448 3248 3590 3301 misit
3621 3249 3778 3315 impe—

2236 3358 2384 3401 rator
2409 3347 2474 3398 ad
2528 3344 2809 3397 Nicolaum
2859 3357 3050 3411 papam
3095 3340 3406 3394 Brienniurn
3446 3342 3778 3394 Leontarcm.

2237 3440 2474 3497 Isidorus
2504 3436 2792 3491 cardinalis
2823 3434 3035 3488 Itussiaa
3079 3433 3235 3501 paulo
3287 3443 3465 3501 posta
3499 3432 3710 3486 Nicolao
3741 3428 3772 3480 ν

2238 3535 2445 3600 legatus
2470 3526 2998 3596 Constantinopolim
3036 3527 3183 3577 venit
3219 3539 3361 3578 anno
3403 3525 3560 3585 1452,
3591 3533 3648 3574 ιιι
3682 3522 3777 3572 Du-

2237 3640 2329 3679 cas
2362 3625 2412 3675 in
2450 3623 2682 3675 lltsturia
2721 3618 2999 3686 docet(l),
3032 3633 3139 3685 quo
3184 3631 3344 3671 nemo
3379 3616 3568 3670 melius
3617 3614 3779 3668 eet-le-

2237 3715 2488 3772 siasticas
2545 3727 2634 3764 res
2687 3709 2834 3763 illius
2881 3708 3141 3776 temporis
3200 3711 3413 3761 videtur
3465 3707 3776 3778 explicasse.

2237 3807 2287 3863 Is
2315 3810 2477 3873 igitur
2505 3810 2735 3874 legatum
2759 3799 3269 3869 Constantinopolin
3295 3799 3572 3868 appulisse
3600 3797 3780 3852 scribit

2236 3912 2420 3952 mense
2443 3895 2747 3958 Novembri,
2778 3906 2919 3944 anno
2948 3893 3243 3945 secundum
3281 3889 3496 3945 Graecos
3513 3888 3668 3951 696l,
3699 3885 3779 3955 qui

2237 3998 2352 4044 erat
2379 3988 2581 4041 Christi
2607 3986 2766 4050 “52;
2798 3985 2996 4039 habitis
3020 3984 3086 4037 de
3114 3983 3476 4037 Ecclesiarum
3497 3980 3774 4035 concordia

2238 4081 2606 4142 sermonibus,
2639 4080 3020 4146 imperatorem
3055 4085 3108 4129 et
3134 4076 3400 4145 quosdam
3457 4071 3774 4127 ecclesiasti-

2238 4187 2333 4226 cos
2366 4169 2714 4225 consensisse
2747 4179 2802 4221 ut
2854 4169 2983 4220 unio
3035 4166 3347 4221 Florentino
3395 4165 3778 4220 observaretur.

2240 4261 2736 4315 ecclesiasticorum
2784 4270 2838 4311 et
2879 4259 3270 4312 monachorum
3309 4257 3491 4325 plures
3531 4265 3582 4308 et
3609 4253 3781 4323 ριἰιεει-

3317 4366 3331 4402 :
3393 4346 3740 4400 Nihilominus
3765 4383 3777 4405 ,

2238 4441 2436 4510 inquit,
2471 4442 2558 4510 qni
2585 4439 2839 4494 Ilenotico
2863 4439 3216 4506 obtemperare
3252 4439 3559 4493 uidebantur
3597 4436 3777 4498 clerici,

2237 4534 2534 4588 sacerdotes
2560 4542 2607 4585 et
2645 4532 2896 4596 diaconi,
2945 4533 3230 4598 imperator
3258 4542 3305 4585 et
3340 4539 3550 4584 senatus
3586 4531 3640 4582 in
3679 4532 3780 4582 Mu-

2238 4642 2393 4694 gnam
2422 4624 2709 4676 Ecclesium
2742 4632 3107 4687 convenerunt,
3151 4632 3204 4675 ut
3241 4622 3582 4675 concordibus
3605 4619 3779 4673 animis

2237 4726 2285 4768 et
2324 4718 2488 4768 nnitis
2529 4716 2759 4768 divinam
2807 4716 3074 4783 liturgiam
3111 4715 3450 4778 celebrarent,
3497 4714 3781 4778 sinceraque

2241 4818 2409 4864 triente
2434 4818 2550 4861 cola
2577 4808 2679 4861 Deo
2706 4810 2997 4862 redderent.
3031 4807 3162 4860 Tum
3201 4808 3356 4860 etiam
3379 4806 3697 4860 schismatici
3720 4805 3777 4854 ad

2239 4899 2639 4953 Pantocratoris
2705 4900 3082 4953 monasterium
3154 4907 3412 4963 currunt,
3467 4895 3776 4951 Gcnnadium

2241 5002 2394 5045 antea
2424 4989 2701 5060 Georgium
2737 4991 3073 5043 Scholarium
3097 4992 3316 5050 adeunt,-
3338 4990 3705 5063 consiliumque
3724 4985 3777 5037 ab

2239 5099 2298 5136 eo
2329 5083 2584 5151 quomodo
2633 5098 2684 5134 se
2726 5097 2901 5151 gerere
2951 5079 3171 5134 debeant
3212 5088 3415 5148 petunt.
3457 5075 3778 5131 Isinclusnm

2242 5191 2296 5228 se
2329 5175 2462 5227 cella
2523 5176 2768 5238 tenebat;
2807 5181 3024 5241 accepta
3053 5189 3174 5243 ergo
3219 5176 3424 5234 diaria,
3488 5167 3778 5224 sententiam

2238 5283 2393 5324 suam
2429 5267 2805 5335 consiliumque
2851 5278 3103 5334 rogatus,
3128 5265 3321 5332 scripto
3348 5263 3571 5331 aperuit,
3594 5276 3687 5328 quo
3713 5269 3780 5308 ta-

2242 5358 2807 5412 lia-continebuntur:
2845 5343 3031 5410 Miseri
3090 5351 3311 5418 Romu'i,
3390 5363 3552 5420 quare
3591 5349 3781 5402 aberra-

2247 5448 2333 5511 tis,
2368 5438 2498 5511 (δικ,
2535 5462 2652 5516 (μιν
2682 5447 2823 5515 apud
2881 5447 3080 5504 Ducam
3128 5449 3402 5514 teguntur.
3446 5441 3572 5495 llu-c
3606 5449 3650 5491 et
3688 5432 3780 5487 alia
