3962 6328
187 290 269 352 261
580 256 583 257 ί
1336 282 1345 291 ·
1651 285 1853 346 VITA.

3290 277 3394 339 202

182 410 280 448 cum
335 392 654 461 scripsisset,
712 391 859 446 cella:
888 406 996 447 sua:
1022 392 1205 461 januce
1238 408 1267 443 a
1298 393 1502 445 cunctis
1538 402 1718 459 postea

1828 409 1913 444 τον
1946 392 2293 460 καινοτομίαν
2322 392 2422 458 τῆς
2449 390 2705 452 πίστεως.
2730 388 2989 443 Gennadii
3016 391 3215 444 minimi
3237 390 3384 445 Scho-

180 488 295 539 lecta
318 488 460 539 clavo
499 485 684 553 aﬂixit,
715 484 1001 551 iterumque
1025 484 1167 536 intra
1202 501 1317 536 eam
1347 499 1400 536 se
1435 483 1712 537 conclusit.

176 574 369 633 Scilicet
401 591 469 629 es
498 575 669 631 variis
717 582 773 628 et
828 574 949 629 aliis
998 574 1165 639 hujus
1200 576 1462 644 temporis
1496 575 1634 627 actis
1663 580 1717 626 et

177 668 395 743 epistolis
425 666 749 736 intelligitur
802 676 926 735 post
999 650 1213 720 habitas
1266 682 1390 721 cum
1457 666 1716 734 episcopo

176 762 398 817 Cortona:
424 768 479 814 et
512 759 633 813 aliis
669 756 879 813 Latinis
925 758 993 811 de
1043 757 1245 810 unione
1287 756 1715 826 disputationes,

178 851 487 911 Gennadium
507 865 569 905 se
612 853 667 904 in
701 850 892 904 cellam
914 857 1219 917 receperat,
1243 862 1421 917 neque
1450 840 1707 914 prodibat'

178 947 225 998 in
246 944 449 1011 vulgus,
484 942 557 995 ita
595 940 848 1021 fortassis
901 938 1131 1007 jubente
1184 939 1573 1000 Constantino,
1604 936 1716 1021 Avel

138 1036 141 1039 ’
177 1043 376 1103 Cagente
416 1035 615 1103 potius,
648 1048 715 1088 ne
746 1017 1029 1093 unionem,
1076 1045 1239 1101 quam
1280 1030 1393 1083 sive
1424 1044 1519 1097 per
1553 1017 1716 1095 dissu-

175 1125 526 1188 mulationem,
582 1126 697 1179 sive
727 1122 1158 1177 sincero‘animo
1192 1121 1495 1173 conabatur
1524 1132 1718 1186 procu-

175 1230 297 1276 rare,
329 1216 426 1269 viri
459 1213 601 1284 apud
643 1215 855 1283 plebem
889 1223 943 1268 et
991 1213 1396 1269 ecclesiasticos
1444 1209 1716 1279 acceptis-

174 1307 279 1361 simi
315 1308 605 1362 auetoritas
640 1308 998 1361 disturbaret.
1031 1304 1269 1371 Questus
1295 1312 1377 1355 est
1404 1303 1523 1373 ipse
1572 1315 1717 1370 saepe

176 1398 444 1451 intentatas
499 1397 712 1462 minas;
784 1405 952 1465 atque
1012 1410 1077 1449 ea
1146 1392 1491 1464 potissimum
1548 1404 1717 1444 causa

171 1485 323 1542 fuisse
352 1487 562 1549 videtur
588 1487 788 1542 servati
819 1501 914 1557 per
949 1500 1122 1540 annos
1167 1483 1456 1536 admodum
1486 1480 1621 1535 duos
1639 1480 1714 1533 sio

170 1577 301 1631 lentii
330 1578 509 1632 statim
543 1586 666 1647 post
708 1586 1027 1646 susceptum
1066 1574 1399 1645 religiosum
1448 1573 1711 1627 babitum.

173 1665 237 1719 l-lo
258 1666 510 1737 temporis
535 1667 821 1721 intervallo
845 1665 1063 1734 scripsit
1084 1665 1401 1720 Orationem
1420 1672 1608 1715 contra
1629 1660 1718 1715 Si-

1827 484 1948 537 larii
1979 485 2043 539 de
2066 502 2125 538 eu
2150 500 2264 551 qua:
2281 501 2371 549 per
2399 484 2491 536 Dei
2540 483 2886 536 desertionent
2947 482 3091 550 facta
3133 492 3206 536 est
3264 500 3396 536 vana

1824 577 2001 645 inepta
2024 587 2071 629 ct
2094 576 2407 631 inconcinna
2441 576 2562 643 ﬁdei
2610 574 2964 627 innovatione.
3000 574 3276 642 Scriptum
3298 574 3393 627 fuit

1826 670 1877 723 in
1900 670 2225 723 monasterio
2248 667 2677 731 Pantocratoris,
2714 670 2766 720 in
2782 667 2928 735 quod
2956 670 3167 721 venisse
3185 664 3397 721 Genna-

1824 761 1972 816 dium
2000 762 2370 828 intelligimus,
2421 762 2745 829 imperatore
2797 764 2869 814 ita
2916 744 3163 828 jubente,
3210 758 3384 811 existi-

1826 861 2005 908 mante
2031 854 2184 907 illum
2212 852 2259 906 si
2290 850 2672 915 Latinis-mum,
2722 862 2780 905 ut
2831 857 3047 913 vocant,
3110 849 3397 917 amplexus

1824 942 2040 1007 fuisset,
2078 943 2305 1012 rcliiinis
2343 953 2402 998 ut
2429 946 2569 997 idem
2601 944 2848 997 facerent
2881 944 3064 998 statim
3102 958 3399 1011 persuasu-

1825 1052 1946 1090 rum
1978 1052 1993 1100 ;
2033 1035 2128 1088 sed
2156 1036 2488 1089 contrarium
2520 1049 2743 1103 prorsus
2769 1034 2986 1089 accidit.
3024 1032 3208 1101 Neque
3249 1036 3394 1085 enim

1823 1142 1853 1181 a
1883 1129 2152 1182 sententia
2182 1142 2282 1180 stia
2312 1127 2583 1182 removeri
2615 1126 2931 1181 Gennadius
2950 1126 3144 1192 pontii,
3169 1138 3267 1177 nec
3286 1122 3396 1176 clli-

1823 1233 1947 1272 cere
1977 1228 2035 1272 ut
2065 1219 2339 1287 negotium
2375 1218 2591 1272 unionis
2625 1217 2995 1278 omitteretur,
3050 1231 3169 1284 qua:
3220 1224 3277 1267 ut
3330 1230 3398 1268 ex

1822 1308 2044 1364 Sebolio
2075 1309 2199 1362 cod.
2233 1307 2366 1376 Reg.
2391 1308 2653 1361 disi-intus
2707 1307 2759 1360 in
2817 1307 3006 1361 eodem
3068 1307 3396 1359 monasterio

1823 1401 2063 1469 perlecta
2097 1406 2178 1453 est
2207 1413 2316 1452 uno
2342 1413 2524 1451 mense
2554 1394 3169 1465 postquamGennadius
3194 1396 3399 1448 oratio-

1824 1507 1945 1545 nem
1974 1505 2129 1545 suatn
2161 1489 2468 1543 recitasset.
2521 1487 2671 1541 Unde
2733 1488 2965 1542 turbatis
3013 1488 3124 1555 jam
3169 1487 3397 1540 omnino

1822 1584 2004 1645 rebus,
2035 1590 2084 1636 ct
2114 1580 2304 1635 Turcis
2324 1580 2508 1633 urbem
2531 1579 2819 1634 obsidione
2842 1578 3213 1647 cingentibus,
3241 1579 3397 1632 unio-

1823 1690 1944 1729 nem
1976 1672 2202 1726 liberius
2226 1671 2390 1740 ccepit
2422 1671 2764 1740 impugnare,
2798 1677 2853 1723 et
2872 1668 3173 1722 Latinismo
3224 1670 3392 1723 insul-

176 1758 460 1840 utoniaeam
490 1755 741 1810 bairesim
769 1755 837 1809 ad
869 1753 1323 1816 Constantinum,
1344 1751 1557 1806 duobus
1590 1760 1717 1804 ante
1751 1785 1792 1840 Β
1823 1776 1936 1819 me
1971 1764 2325 1833 petulantius.

171 1832 422 1904 eicidium
448 1849 598 1903 urbis
621 1850 800 1914 annis,
817 1849 972 1918 cujus
998 1847 1192 1902 titulus
1216 1847 1272 1900 in
1293 1845 1419 1901 cod.
1441 1845 1574 1914 Reg.
1595 1844 1719 1897 talis

170 1946 245 1993 est
275 1956 289 1992 :
318 1939 598 1991 Γενναδξου
647 1936 885 2007 μοναχοῦ
931 1938 1025 1990 τοῦ
1087 1936 1382 2007 Σχολαρίνιυ
1439 1936 1581 1988 κατὰ
1622 1935 1722 2003 τῆς

170 2031 480 2101 Σιμονιακῆς
510 2029 801 2099 αἱρέσεως,
824 2029 945 2099 ἦτοι
968 2030 1251 2090 ἀπιστίας.
1289 2027 1539 2096 Ἐγράφη
1568 2026 1716 2079 δυοῖν

172 2122 302 2175 ἔτεσι
334 2123 440 2191 πρὸ
487 2121 587 2190 τῆς
622 2120 900 2182 ἁλώσεως,
945 2122 1043 2171 καὶ
1095 2119 1355 2187 ἐπέμφθη
1389 2116 1466 2186 τῷ
1514 2116 1723 2187 βασιλςί

175 2213 569 2280 Κωνσταντῐνῳ,
632 2212 749 2265 ἀλλ’
809 2212 1016 2271 ἐκεῖνος
1069 2209 1191 2262 οὐδὲ
1254 2227 1307 2261 τι
1350 2207 1573 2278 βελτίων
1628 2202 1718 2276 ἦν.

174 2302 416 2357 Gennadii
439 2304 701 2368 monachi,
737 2301 825 2370 qui
865 2310 913 2354 et
962 2298 1286 2361 Scholarius,
1335 2308 1519 2351 contra
1552 2296 1724 2351 Simo-

175 2397 366 2448 niacam
405 2396 665 2459 Itwresim,
696 2396 801 2448 sive
830 2387 1225 2458 inﬁdelitatem.
1260 2389 1469 2459 Scripta
1501 2398 1574 2443 est
1607 2405 1724 2442 ora-

176 2488 239 2539 tio
266 2486 460 2539 duobus
482 2488 636 2539 annis
698 2494 820 2537 ante
854 2496 1064 2551 captant
1106 2482 1311 2545 urbem,
1342 2492 1390 2533 et
1432 2482 1596 2535 missa
1620 2482 1721 2533 im-

174 2578 383 2641 peratori
415 2574 787 2637 Constantino,
836 2575 925 2627 sed
956 2574 1044 2627 ille
1074 2573 1241 2625 nihilo
1275 2573 1461 2625 melior
1502 2570 1721 2639 eﬂectus

177 2667 579 2735 est.-Epistolam
609 2668 733 2719 item
769 2666 832 2718 ad
856 2656 1129 2728 eumdem,
1164 2664 1326 2731 Cujus
1356 2663 1571 2714 initium
1595 2669 1678 2713 est
1705 2673 1719 2710 :

188 2757 319 2809 Ἀλλ’
363 2759 461 2811 οὐκ
493 2757 669 2822 ἔξεστι
704 2758 977 2826 μοναχοίς,
1036 2755 1228 2822 ἄριστε
1286 2751 1534 2821 βασιλεῦ,
1583 2768 1725 2803 σπα-

180 2854 299 2912 νίοις
332 2851 424 2902 καὶ
457 2850 837 2919 δυσπορίστοις
880 2846 1179 2916 τρέφεσθαι
1244 2836 1570 2914 βρώματά.
1596 2839 1751 2895 ‘Vea‘

181 2958 285 2993 rum
332 2959 431 2994 non
476 2942 593 2994 licet
644 2941 939 3004 monachis,
995 2940 1187 3006 optime
1229 2938 1539 3005 imperator,
1584 2935 1723 2989 raris

180 3050 259 3086 nec
289 3034 439 3102 facile
458 3033 791 3098 parabilibus
821 3033 1084 3084 alimentis
1114 3032 1191 3083 uti
1210 3046 1228 3083 :
1257 3044 1376 3099 quae
1400 3029 1563 3100 ollicii
1592 3040 1724 3081 tan-

1857 1858 2102 1932 llnterea
2135 1851 2367 1918 cumfut
2393 1853 2586 1908 scribit
2628 1852 2833 1917 Ducas,
2897 1852 3028 1906 cella
3091 1867 3151 1907 se
3198 1852 3394 1905 iterum

1822 1946 2208 2012 conclusisset,
2267 1956 2321 1999 et
2352 1945 2626 1998 neminem
2655 1943 2986 2007 admitteret,
3025 1944 3246 2010 scripsit
3277 1944 3394 2012 cpi-

1822 2039 1992 2092 stolas
2016 2038 2178 2099 duas,
2207 2051 2369 2089 unam
2399 2034 2465 2088 ad
2505 2034 3147 2102 ConstantinOpolitanos
3207 2052 3395 2088 omnes

1820 2131 2221 2186 ecclesiasticos
2251 2140 2304 2182 et
2324 2128 2517 2191 laicos,
2547 2126 2617 2179 27
2642 2125 2966 2179 Novembris
3012 2126 3217 2189 datam,
3237 2125 3396 2190 cujus

1822 2224 2009 2276 titulus
2027 2231 2108 2275 est
2134 2236 2147 2272 :
2180 2219 2465 2279 Γεννὰδιος
2489 2220 2516 2269 ὁ
2542 2215 2893 2285 ἁμαρτωλὸς,
2936 2214 3031 2267 τοῦ
3052 2215 3397 2276 6500,6001);

1821 2314 1913 2367 καὶ
1967 2312 2275 2381 ἐλάχιστος,
2333 2311 2449 2371 τοῖς
2505 2306 2915 2375 εὐγενεστάτοις
2982 2305 3229 2367 πολίταις
3290 2306 3392 2371 τῆς

1806 2402 2471 2464 Κωνσταντινουπὸλεως,
2508 2401 2715 2452 ἅπασιν
2767 2398 3088 2467 ἱερωμένοις
3142 2399 3238 2449 καὶ
3270 2415 3398 2448 κοσ-

1825 2498 2026 2565 μικοίς·
2058 2492 2364 2546 Gennadius
2397 2497 2663 2557 peccator,
2697 2487 2793 2542 Dei
2820 2504 2998 2542 servus
3032 2499 3078 2540 et
3125 2489 3395 2553 minimus,

1822 2585 2164 2638 nobilissimis
2196 2582 2399 2635 civibus
2429 2579 2944 2647 Constantinopolis,
2991 2581 3230 2632 omnibus
3286 2591 3397 2631 tam

1822 2678 1962 2730 sacri
1988 2677 2187 2729 ordinis
2219 2690 2377 2741 quam
2406 2672 2777 2725 sa'culuribus.
2836 2669 2961 2724 Haec
3018 2671 3089 2722 ita
3152 2670 3339 2740 incipit
3380 2688 3395 2727 :

1822 2767 2128 2819 Γινώσκετε
2160 2768 2359 2824 πάντες
2388 2764 2587 2825 καλῶς.
2606 2762 2841 2814 Alteram
2861 2761 2929 2814 ad
2960 2763 3386 2829 ecclesiasticos,

1824 2872 1944 2927 quae
1969 2855 2160 2910 eodem
2188 2865 2431 2919 tempore
2461 2854 2593 2924 d..ta~
2616 2852 2850 2914 videtur,
2882 2861 2934 2902 et
2967 2853 3129 2905 inissa
3188 2853 3395 2906 dicitur

1823 2948 1892 3000 ad
1924 2962 2170 3016 magnum
2200 2944 2634 3001 eccfesiorchum,
2687 2940 3015 3009 Syi'npnlnnt
3040 2942 3249 2994 scilicet
3291 2959 3389 2996 au-

1825 3048 2028 3091 ctorem
2052 3035 2301 3090 Historia:
2337 3035 2525 3101 synodi
2555 3030 2903 3091 Florentium,
2937 3046 3185 3098 magnum
3220 3031 3394 3086 Char-

182 3135 281 3178 tum
312 3141 491 3187 causa.
528 3127 729 3194 scripta
768 3126 997 3187 videtur,
1038 3129 1094 3175 nt
1127 3123 1194 3176 de
1250 3123 1420 3175 misso
1472 3122 1721 3173 iortaSsis
1753 3117 1796 3174 C
1830 3128 2157 3196 top/tylucem
2186 3124 2551 3193 Agatlianum,
2585 3123 2797 3191 quando
2825 3121 3167 3175 ecclesiastici
3211 3140 3399 3177 conve-

181 3219 485 3272 tttunitsculo
522 3221 728 3288 gratias
780 3224 985 3286 ageret.
1018 3214 1209 3269 Exstat
1260 3214 1472 3267 decima
1501 3213 1553 3266 in
1598 3211 1724 3266 eod.

182 3304 302 3375 Reg.
1288 3372 1289 3375 η

242 3398 467 3468 Scripsit
495 3399 658 3452 etiam
697 3397 950 3452 bomilias
1006 3396 1291 3465 quasdam,
1366 3395 1460 3448 sed
1489 3402 1725 3447 'contro-

180 3491 355 3544 versiis
380 3489 765 3544 ecclesiasticis
793 3490 954 3558 Plane
989 3502 1047 3541 se
1070 3503 1176 3539 non
1214 3485 1509 3539 ἰιιιιιιὶειτιιίι
1555 3499 1727 3553 usque

180 3580 538 3636 ailsdventom
576 3561 871 3634 c‘at'dinalis
909 3576 1139 3631 Russiaz.
1196 3574 1328 3629 Nam
1362 3576 1549 3645 itaulo
1599 3585 1726 3629 ante

182 3687 330 3739 quam
361 3672 662 3733 adveniret,
691 3670 909 3738 scripsit
929 3654 1241 3722 Gennadius
1264 3668 1329 3721 ad
1364 3667 1723 3751 ξΛγιοφείτᾳς,

182 3762 275 3816 hoc
303 3775 386 3819 est
414 3764 587 3816 sancti
623 3763 817 3813 montis
872 3760 1008 3813 Atho
1062 3739 1379 3824 monachos,
1425 3739 1723 3827 Epistulam

181 3851 535 3917 ltortatoriam,
564 3862 623 3906 ut
659 3853 712 3905 in
748 3852 968 3918 antiqua
1003 3851 1124 3915 lide,
1157 3852 1360 3903 omissa
1385 3850 1574 3919 synodi
1604 3849 1724 3902 [τιοο

171 3943 393 3999 τεηιίιιεε
423 3944 768 4006 deﬁnitione,
802 3949 1185 4013 permanerent
1212 3958 1225 4005 ;
1253 3955 1414 4008 quam
1440 3940 1724 4009 epistolam

181 4034 315 4088 misit
339 4049 431 4105 per
461 4033 709 4102 ejusdem
740 4033 944 4085 montis
971 4033 1268 4099 monachos
1299 4031 1440 4084 duos
1503 4034 1729 4082 Anasta-

179 4126 303 4179 sium
334 4136 388 4179 et
412 4124 711 4187 Sinonem,
741 4132 799 4175 ut
851 4124 965 4188 ipse
1016 4124 1072 4174 in
1128 4122 1411 4189 cujusdam
1482 4114 1728 4188 cpisutlze

179 4215 462 4283 lmgmento
488 4224 737 4268 testatur.
770 4210 1004 4279 Scripsit
1036 4213 1199 4266 etiam
1226 4211 1292 4263 ad
1344 4210 1726 4279 imperatorem
1776 4256 1779 4257 ν

182 4303 240 4356 12
269 4304 462 4368 Martii,
494 4304 683 4358 eodem
720 4312 778 4356 ut
811 4304 1023 4357 videtur
1059 4317 1225 4366 anno,
1254 4301 1337 4355 vel
1374 4301 1534 4361 M53,
1563 4301 1727 4369 paulo

132 4441 153 4449 -
179 4407 293 4448 ante
323 4395 548 4448 cladem.
583 4391 898 4447 Orationem
956 4407 1177 4461 quoque
1238 4391 1491 4445 recitavit
1543 4387 1725 4457 coram

178 4498 253 4549 ea,
281 4501 468 4555 magna
506 4485 780 4538 nobilium
812 4484 1012 4537 civium
1077 4485 1399 4549 frequentia,
1435 4483 1485 4534 iit
1539 4481 1733 4534 mena?

179 4589 205 4627 δ
229 4578 337 4629 crio
394 4575 802 4639 Pantocratoris
837 4590 932 4629 seu
986 4572 1407 4641 Omnipotentis,
1443 4575 1568 4643 περὶ
1606 4575 1726 4638 τῆς

181 4667 428 4729 tamen;
471 4668 564 4721 τοῦ
612 4666 757 4718 Θείου
802 4668 897 4717 καὶ
948 4660 1171 4718 ὀἴκοθεν
1216 4669 1628 4734 παρασακευῆς.
1655 4664 1729 4717 De

179 4755 426 4819 placando
464 4755 687 4822 Numine
734 4765 785 4807 et
830 4756 1073 4807 interiori
1096 4756 1503 4823 pra'paratione,
1533 4753 1601 4806 15
1625 4755 1732 4807 Νυ-

183 4848 404 4901 vembris
422 4848 544 4901 anni
581 4844 741 4911 1452,
776 4846 916 4899 forte
951 4853 1239 4912 antequam
1298 4845 1507 4914 legatus
1550 4845 1729 4899 venis-

116 4938 129 4955 θ
181 4947 256 4988 set
283 4954 298 4999 ;
331 4951 452 4989 nam
478 4938 859 5005 imperatorem
894 4938 1119 4988 omnino
1148 4928 1541 4989 deltortabatur
1582 4934 1731 4989 Gen-

185 5027 375 5081 nadius
397 5028 463 5081 ab
480 5029 678 5080 unione
695 5023 1007 5079 Florentius
1025 5028 1369 5080 observanda
1391 5043 1405 5091 ;
1435 5027 1578 5095 quod
1600 5042 1734 5095 prac-

184 5128 328 5171 seate
358 5119 528 5188 legato
557 5132 658 5172 nec
682 5120 798 5187 ipse
829 5132 996 5172 ausus
1026 5118 1238 5183 fuisset,
1259 5134 1358 5173 nec
1380 5134 1572 5188 passus
1630 5118 1727 5171 iiii-

188 5219 413 5293 perator.
446 5208 580 5292 cum
617 5226 766 5275 vero,
800 5222 855 5264 ut
887 5224 1053 5279 supra
1076 5227 1154 5267 ex
1188 5214 1331 5267 Daca
1374 5214 1580 5267 dictum
1627 5222 1730 5278 est,

187 5290 381 5357 fruStra
398 5287 669 5372 βίοι-ἱέραξ
688 5303 1109 5359 reclamantibus
1133 5317 1386 5359 renovata
1404 5316 1552 5359 esset
1583 5308 1732 5369 uuio,
1774 5324 1777 5329 ‘

187 5390 366 5444 stctim
393 5408 509 5444 eam
544 5406 675 5447 voce
698 5402 751 5445 et
790 5387 1342 5462 scriptisGennad‘tus
1376 5396 1732 5464 impugnavit.

187 5479 369 5537 Exstat
397 5500 457 5539 ea
492 5487 558 5539 de
598 5502 658 5540 re
715 5470 1038 5557 epuSeulum
1079 5490 1563 5543 virulentissitnum
1632 5488 1736 5541 boc

189 5575 377 5628 titulo:
414 5574 694 5628 Γενναὸίου
740 5577 1026 5647 ἐλαχίστου
1058 5578 1352 5646 Σχολαρίου
1403 5578 1497 5629 ἐπὶ
1541 5579 1645 5649 τὴν
1669 5577 1734 5629 δι’

188 5664 558 5726 ἐγκατάλειψιν
587 5668 723 5721 Θεοῦ
760 5671 994 5724 ματαίαν
1030 5672 1117 5724 καὶ
1150 5670 1342 5739 dy)on
1389 5670 1479 5723 καὶ
1514 5670 1734 5725 ἁσύιδε-

1828 3219 2093 3286 nirejussi
2121 3227 2241 3270 sunt
2266 3218 2313 3268 in
2341 3216 2603 3283 palatium
2629 3211 2931 3280 Xylocerci,
2954 3223 3001 3265 et
3030 3215 3292 3266 celebrata
3323 3225 3398 3283 cst

1827 3308 2086 3377 Liturgia,
2117 3324 2235 3360 cum
2266 3305 2441 3359 omnia
2462 3320 2527 3357 ex
2560 3304 2821 3357 sententia
2848 3305 3144 3355 cardinalis
3171 3316 3217 3356 et
3238 3298 3400 3356 trium

1825 3403 2128 3471 pontiﬁcum
2158 3399 2282 3451 anni
2312 3398 2465 3449 istius
2497 3407 2643 3470 gesta
2698 3404 2863 3445 essent
2920 3394 2981 3446 l5
3033 3394 3167 3448 Nov.
3230 3396 3283 3447 ltt
3337 3409 3399 3447 ea

1825 3500 2045 3546 excusat
2078 3508 2129 3544 se
2151 3489 2287 3559 quod
2323 3505 2425 3541 non
2456 3487 2670 3548 venerit,
2706 3495 3031 3559 testaturque
3063 3502 3115 3538 se
3141 3501 3255 3538 cum
3283 3489 3404 3539 mil-

1827 3585 1919 3639 lies
1947 3584 2247 3649 exposuerit
2272 3582 2586 3633 sententiam
2628 3578 2690 3629 de
2758 3577 2856 3629 hoc
2914 3576 3125 3630 unionis
3191 3578 3399 3644 negotio

1826 3692 1998 3741 suam,
2034 3674 2410 3740 displiceret/ue
2442 3669 2540 3724 sibi
2568 3668 2717 3720 illam
2744 3670 3085 3728 t'ehementer,
3118 3676 3223 3717 tant
3243 3668 3403 3733 impe—

1828 3777 1977 3818 rator
2003 3779 2159 3831 quam
2193 3760 2382 3829 ieliqui
2417 3775 2594 3811 omnes
2626 3757 2925 3825 intelligant
2960 3756 3014 3807 in
3050 3756 3228 3807 eadem
3287 3771 3402 3820 per-

1829 3860 2029 3909 sistere.
2060 3855 2178 3906 Mox
2210 3854 2464 3905 unionem
2497 3860 2547 3903 et
2577 3847 2782 3901 Latina:
2813 3846 3072 3900 Ecclesia:
3101 3846 3257 3900 [idem
3305 3861 3401 3901 ve-

1828 3947 2106 4000 hementer
2140 3943 2400 4009 exagitat.

1899 4012 2124 4105 Scripsit
2158 4044 2440 4103 praeterea,
2464 4042 2520 4084 ut
2542 4033 2717 4086 Ducas
2740 4033 3014 4092 observat,
3035 4012 3249 4081 brevem
3270 4042 3404 4081 con-

1832 4142 1911 4183 tra
1938 4127 2295 4182 Latinismum
2349 4126 2559 4192 qnet‘im
2582 4128 2746 4175 mtant
2778 4140 2793 4187 ;
2828 4123 2922 4176 sed
2945 4137 3064 4189 qur
3092 4122 3158 4173 ab
3186 4121 3277 4172 illo
3302 4135 3400 4171 au-

1829 4228 1977 4273 ctore
2013 4196 2266 4276 refertur,
2299 4213 2477 4265 ὼίῐυιί
2526 4212 2593 4263 ab
2627 4214 2801 4265 altero
2841 4211 3085 4277 ejusdem
3126 4211 3398 4276 exemplo,

1831 4310 1972 4379 quod
2006 4307 2315 4376 suppeditat
2339 4304 2505 4357 codex
2534 4304 2737 4372 Regius
2764 4304 2815 4356 in
2839 4305 2949 4355 haec
2979 4303 3135 4353 verba
3167 4318 3179 4352 :
3210 4300 3402 4362 Opun-

1829 4417 1973 4470 peres
1996 4400 2153 4459 'cives,
2186 4394 2495 4464 perdidistis
2518 4397 2719 4455 omnia,
2748 4404 2794 4443 et
2820 4407 2958 4443 nunc
2990 4392 3204 4442 tandem
3256 4392 3399 4458 abji-

1829 4492 1947 4544 citis
1976 4492 2221 4557 pietatem
2250 4486 2472 4552 turpiter
2515 4494 2563 4537 et
2622 4489 2817 4552 absque
2864 4484 3206 4535 conscientia.
3267 4482 3401 4536 Cum

1830 4584 1966 4636 enim
2004 4582 2256 4634 deberetis
2282 4580 2349 4631 ad
2380 4578 2546 4631 Deum
2579 4575 2861 4644 confugere
2882 4578 2931 4626 in
2959 4575 3205 4642 pra'senti
3227 4588 3402 4624 rerum

1830 4683 1994 4732 statu,
2025 4690 2055 4724 (ι
2079 4672 2184 4723 Deo
2212 4671 2558 4739 separamini.‘
2599 4668 2709 4736 Ego
2740 4669 2981 4719 innoxius
3014 4682 3151 4728 sum,
3196 4653 3405 4715 testent-

1832 4783 1928 4836 qne
1952 4767 2113 4818 hach
2148 4768 2330 4826 Deum,
2355 4765 2469 4831 ejus
2510 4774 2720 4817 sanctos
2754 4772 2803 4814 et
2832 4752 2916 4816 vos
2938 4763 3101 4826 ipsos,
3135 4760 3272 4829 quod
3321 4760 3405 4810 ni-

1830 4856 1908 4909 hil
1937 4872 2162 4925 unquam
2197 4856 2535 4925 neglexerint.
2568 4854 2636 4906 Et
2667 4870 2805 4906 nunc
2830 4857 2901 4904 ita
2936 4868 3015 4904 me
3050 4852 3188 4903 Deus
3242 4852 3402 4914 iuret,

1834 4948 2032 5001 malam
2055 4948 2299 5001 unionem
2330 4948 2531 5015 facitis,
2564 4946 2826 5013 peribitis.
2855 4943 3269 4999 Calumniamini
3301 4958 3401 5003 me,

1809 5046 1882 5091 'ct
1911 5039 2080 5091 minas
2111 5039 2384 5091 intentatis
2415 5054 2434 5103 ;
2477 5036 2567 5090 s'ed
2596 5038 2812 5090 etiamsi
2845 5047 3067 5087 mortem
3090 5051 3246 5103 quam
3306 5035 3407 5086 mi-

1835 5127 2035 5183 namini
2065 5128 2330 5194 inferatis,
2355 5145 2445 5197 ego
2473 5130 2541 5180 ad
2590 5127 2741 5180 illam
2806 5116 3129 5180 subeundam
3181 5134 3401 5193 paratus

1834 5236 1971 5274 sunt.
2006 5218 2146 5283 Quid
2177 5222 2311 5273 enim
2333 5222 2487 5290 juvat
2517 5221 2707 5285 vivere,
2733 5216 3010 5272 utvideam
3034 5218 3129 5271 Dei
3163 5229 3267 5270 tam
3293 5233 3407 5270 ma-

1837 5312 2083 5378 nifestans
2107 5326 2230 5379 erga
2259 5327 2347 5363 vos
2390 5311 2773 5363 derelictionem
2797 5314 2822 5365 ?
2852 5292 3115 5373 Domine,
3141 5324 3203 5361 ne
3260 5308 3404 5359 sinas

1836 5404 1926 5456 hos
1953 5402 2185 5454 homines
2218 5404 2270 5454 in
2299 5403 2456 5455 talem
2492 5404 2701 5454 ruinam
2737 5402 3088 5469 prwcipitari,
3142 5416 3203 5453 ne
3244 5400 3408 5467 justi-

1835 5489 2343 5560 ﬂetnryrthodoxa
2373 5494 2501 5561 ﬁdes
2533 5494 2587 5544 in
2610 5484 2852 5557 Oriente,
2892 5495 2944 5546 in
2978 5493 3258 5548 Occidente
3284 5492 3404 5544 etin

1837 5585 2027 5638 insulis
2058 5594 2243 5637 contra
2268 5595 2504 5637 nostram
2536 5587 2738 5650 urbem,
2769 5588 2845 5638 ita
2874 5594 2931 5639 ut
2961 5591 3080 5654 quia
3109 5586 3253 5638 illam
3286 5596 3334 5637 et
3362 5596 3409 5638 te

1840 5678 2182 5734 nraleximus.
2212 5693 2509 5734 pereamus.
2535 5679 2783 5733 JttslittCa
2844 5682 3017 5734 potius
3051 5682 3219 5733 ὶιίιιεη.
3251 5683 3323 5730 ειη
3353 5692 3409 5729 ut
