3962 6328
159 225 253 289 265

1701 234 1893 289 ιίΤΑ.

3319 236 3425 301 266

111 393 114 396 ,
160 336 315 391 multa
351 336 527 389 omnia
560 334 925 405 impleverant,
954 334 1043 401 qui
1074 334 1241 386 etiam
1267 349 1404 387 ηιιηε
1441 336 1726 404 plusquam
1762 342 1805 395 Α
1835 339 2099 408 Apologia
2130 340 2334 409 scripta
2359 349 2462 405 est,
2495 339 2589 394 se.l
2619 340 2885 394 continua
2911 342 3179 407 oratione,
3210 349 3425 413 qualem

162 447 277 499 opus
330 439 450 483 erat
510 436 854 497 prwtexentes
900 425 1333 481 Christianorum
1370 426 1735 489 calamitates,

161 525 481 577 occasionem
513 519 757 588 explendi
793 519 1278 586 concupiscentiam
1314 521 1479 578 nacti.
1509 519 1738 587 infamia

161 616 356 685 quidem
398 628 607 665 sacrum
645 612 773 665 olim
792 611 1052 676 ordinem,
1090 609 1352 664 scandala
1376 620 1737 679 spectatorum

160 710 384 769 animus,
424 706 566 758 omni
586 704 724 757 malo
753 712 922 755 totum
946 704 1121 755 orbem
1140 702 1469 770 repleverunt
1496 742 1508 755 .
1535 700 1740 755 Deinde

161 801 417 868 adiﬁcare
456 814 615 866 cogor
639 837 652 859 ,
691 796 888 865 templa
923 811 1105 850 eversa
1143 812 1173 849 a
1201 792 1567 864 fundamentis
1598 794 1739 848 exci-

162 904 299 956 tare,
330 899 381 944 et
417 890 717 944 necessaria
750 888 1025 957 providere
1050 888 1191 949 istis.
1222 889 1432 941 utinam
1466 886 1739 942 Christia-

165 986 232 1039 nis
254 1023 270 1045 ,
296 983 389 1053 qui
422 982 647 1052 singulis
680 983 733 1035 in
762 982 892 1036 locis
921 982 1140 1049 reperti,
1171 996 1276 1051 qua
1304 981 1511 1034 ratione
1551 995 1741 1033 secun-

161 1077 276 1129 dum
305 1075 742 1144 legent‘patriant
778 1075 1031 1137 viverent.
1065 1073 1339 1141 Deumque
1368 1073 1610 1127 colerent
1638 1089 1741 1126 non

163 1169 457 1223 curabant.
520 1168 721 1222 Deinde
796 1176 981 1221 coacta
1026 1175 1103 1221 est
1160 1167 1393 1237 synodus
1447 1164 1740 1218 multarunt

163 1265 520 1330 episcoporum
566 1278 630 1315 ea:
677 1260 894 1327 Europa
924 1270 971 1313 et
991 1258 1129 1314 'Asia
1158 1253 1533 1328 conﬂuentium
1562 1297 1577 1322 ,
1606 1276 1737 1329 quo-

166 1372 270 1407 rum
297 1356 571 1425 sulj‘ragiis
600 1370 695 1425 ego
724 1355 955 1424 primum
975 1352 1255 1419 diaconus,
1291 1353 1481 1407 deinde
1518 1351 1739 1423 presby-

168 1466 260 1515 ter,
301 1449 489 1503 deinde
525 1450 797 1516 episcopus
828 1458 873 1501 et
908 1446 1216 1516 patriarcha
1249 1446 1571 1501 constituor.
1616 1510 1617 1513 η

227 1540 357 1608 Qua:
398 1545 451 1594 in
500 1540 857 1610 patriarchali
892 1553 1121 1594 munere
1146 1539 1483 1595 constitutus
1518 1537 1738 1594 Genna-

168 1633 280 1689 dius
347 1633 633 1700 gesserit,
673 1632 764 1686 vix
817 1628 1037 1685 aliunde
1094 1629 1381 1696 habemus,
1446 1648 1610 1700 quam
1668 1647 1732 1685 ex

169 1726 393 1780 Historia
455 1724 837 1781 ecclesiastica
904 1723 1369 1780 Gnaeo-Barbara
1437 1725 1533 1795 (1).
1588 1724 1729 1780 Cum

169 1814 348 1869 Turcae
390 1813 606 1869 Sanctae
635 1813 855 1885 Sophia:
888 1815 1152 1891 templum
1202 1822 1255 1869 et
1292 1814 1728 1882 patriarclteium

169 1915 543 1975 occupassent,
592 1908 709 1977 ipse
752 1907 821 1961 ad
874 1904 975 1961 SS.
1013 1906 1406 1975 Apostolorum
1446 1918 1725 1965 monaste-

170 2000 297 2053 rium
339 2014 397 2055 se
452 2000 699 2068 recepit,
732 2007 947 2053 vastum
980 2009 1033 2052 et
1064 1998 1175 2066 jam
1208 1996 1513 2056 solitudine
1548 2002 1731 2056 horri-

169 2091 308 2152 dum,
341 2089 482 2144 unde
510 2090 701 2143 eodem
736 2086 831 2145 aut
862 2092 1113 2161 sequenti
1145 2106 1292 2147 anno
1326 2090 1488 2161 fugit,
1522 2093 1733 2149 veritus

174 2195 232 2235 ne
279 2180 440 2235 cadis
487 2182 808 2236 commissae
839 2197 965 2252 erga
997 2182 1261 2247 Turcam,
1298 2184 1457 2254 cujus
1491 2185 1733 2241 cadaver

172 2272 299 2323 intra
352 2284 542 2324 muros
599 2279 879 2339 repertum
930 2284 1072 2334 erat,
1121 2288 1299 2343 pana:
1331 2289 1359 2327 a
1394 2275 1730 2332 Christianis

170 2362 522 2428 exigerentur.
554 2359 794 2415 Videtur
827 2374 995 2432 porro
1027 2360 1348 2418 Gennadius
1379 2362 1516 2419 urbe
1545 2363 1732 2433 prolu-

171 2450 320 2521 gisse,
356 2465 481 2505 nam
524 2458 640 2508 tres
687 2450 872 2522 βιαίας
922 2451 1167 2521 ἀνόδους,
1208 2454 1325 2510 sive
1380 2453 1649 2511 violentos
1676 2456 1731 2511 in

172 2542 348 2597 urbem
394 2557 680 2613 regressus
727 2554 1128 2601 commemorat
1160 2544 1217 2601 in
1254 2546 1461 2617 aliquot
1492 2561 1732 2618 opuscu-

173 2635 335 2691 lorum
358 2635 530 2692 titulis
543 2635 704 2707 juxta
725 2635 1179 2701 antiquissimum
1198 2633 1429 2710 Regium
1453 2639 1727 2696 codicem.

173 2724 268 2780 Ter
301 2736 476 2782 autem
537 2727 676 2783 urbe
726 2727 963 2784 excessit
994 2768 1009 2793 ,
1057 2729 1226 2785 semei
1284 2744 1407 2785 cum
1447 2731 1622 2787 hostis
1652 2733 1731 2787 ir-

174 2830 449 2890 rumperet,
486 2822 687 2877 iterum
742 2829 867 2892 post
922 2820 1126 2879 eadem
1186 2838 1307 2894 qua:
1359 2820 1504 2879 intra
1540 2840 1730 2882 muros

173 2908 264 2967 SS.
288 2914 673 2983 Apostolorum
702 2921 918 2985 patrata
948 2922 1030 2970 est
1056 2930 1073 2983 ;
1107 2916 1326 2972 tandem
1364 2916 1614 2988 deposito
1636 2932 1729 2988 pa-

1845 443 2031 482 coram
2082 433 2302 485 soltauo
2348 432 2670 487 Gennadius
2706 431 2920 498 habuit,
2948 444 3242 503 antequam
3278 452 3432 492 eont-

1844 521 2183 590 pendiariam
2238 525 2382 578 illam
2456 526 2789 582 Christiana:
2845 527 2966 583 lidei
3028 530 3427 598 expositionem

1842 612 2056 682 scripto
2100 616 2589 683 complecteretur.
2649 621 2812 676 Edita
2862 629 2949 675 est
3001 636 3221 690 quoque
3248 624 3430 677 oratio

1843 702 1964 773 ipsa
2010 706 2319 769 multoties.
2374 720 2487 764 tum
2548 714 2808 779 seorsitn,
2858 713 3065 768 tumin
3103 711 3433 771 Bibliotheca

1842 794 2095 855 Patrum.

1914 887 2089 947 Paulo
2125 903 2416 965 postquam
2450 896 2590 951 hanc
2622 900 2930 956 orationem
2968 902 3260 958 habuisset
3290 901 3437 959 Gen-

1844 980 2066 1047 nadius,
2114 983 2478 1055 patriarchali
2530 1004 2590 1043 se
2641 991 2912 1058 dignitate
2962 995 3437 1067 abdicat-integre

1842 1070 2065 1126 obtenta
2096 1088 2125 1127 a
2156 1076 2381 1131 sullano
2406 1078 2563 1132 venia
2599 1096 2763 1141 ;mox
2797 1084 3087 1151 epistolam
3121 1103 3216 1141 seu
3251 1090 3434 1157 potius

1842 1165 2113 1233 prolixam
2175 1167 2499 1226 Orationem
2583 1173 2991 1243 apologeticam
3063 1180 3292 1248 scripsit
3356 1180 3430 1232 ad

1842 1270 2021 1309 omnes
2044 1258 2227 1326 ﬁdeles
2248 1261 2301 1314 in
2324 1257 2539 1317 Christo
2560 1264 2710 1326 Iesu,
2745 1268 2860 1330 τοῖς
2890 1270 3174 1340 πανταχοῦ
3206 1276 3431 1337 πιστοῖς

1841 1348 1899 1400 ἐν
1950 1348 2171 1420 Χριστῷ
2243 1353 2444 1426 Ἰησοῦ.
2516 1356 2715 1412 Narrat
2773 1363 3053 1431 quomodo
3124 1376 3248 1433 post
3294 1382 3435 1437 prae-

1842 1438 2043 1495 dictam
2082 1446 2285 1515 smpius
2323 1449 2476 1505 urbis
2508 1458 2560 1504 ct
2592 1453 2766 1506 totius
2787 1453 3006 1523 imperii
3036 1456 3247 1512 cladem
3278 1475 3435 1514 corn-

1843 1532 2319 1606 minationetnquc
2382 1539 2597 1595 divinae
2659 1543 2916 1599 vindicta:
2978 1547 3049 1601 ob
3105 1560 3427 1621 susceptum

1841 1622 2205 1687 Latinisnium
2234 1671 2247 1691 ,
2279 1640 2442 1702 capta
2477 1633 2613 1689 urbe
2649 1635 2705 1688 in
2741 1636 2985 1692 hostium
3020 1656 3218 1698 manus
3257 1660 3420 1699 vene-

1839 1720 1933 1785 rit,
1965 1731 2019 1775 et
2057 1737 2122 1775 ex
2176 1724 2303 1794 luga
2353 1734 2653 1795 retractus,
2721 1731 3037 1800 patriarcha
3071 1740 3421 1795 renuntiatus

1837 1810 2020 1880 fuerit,
2076 1816 2204 1872 licet
2260 1818 2506 1877 invitus:
2562 1824 2650 1878 cui
2709 1826 2929 1880 tandem
2964 1831 3203 1894 muneri,
3234 1833 3420 1887 statim

1837 1914 2000 1976 atque
2033 1923 2130 1977 per
2158 1910 2442 1966 sultannm
2478 1914 2661 1981 licuit,
2689 1920 3121 1975 renuntiandum
3146 1928 3425 1991 statuerit,

1837 2005 1951 2050 tum
1980 1999 2109 2067 quia
2145 2002 2445 2057 destitutus
2476 2016 2626 2060 esset
2662 2023 2856 2063 eorum
2892 2012 3134 2075 auxilio,
3172 2016 3263 2084 qui
3294 2030 3429 2070 one-

1835 2087 1913 2142 ris
1948 2098 2159 2159 partem
2215 2097 2526 2152 secundum
2570 2099 2990 2158 ecclesiasticas
3048 2105 3197 2177 leges
3249 2109 3427 2166 susti-

1836 2195 1970 2237 nere
2004 2184 2336 2254 debuerant,
2370 2199 2484 2245 tum
2520 2192 2589 2247 ob
2622 2186 2909 2265 impensios
2938 2197 3177 2256 inaniter
3208 2202 3428 2260 labores

1821 2274 1891 2328 .in
1952 2276 2269 2336 anlerendis
2316 2284 2599 2342 scandalis
2649 2295 2704 2343 et
2744 2293 3143 2361 componendis
3176 2297 3428 2351 simulta-

1805 2367 2007 2427 _tibus.
2035 2368 2231 2429 Varias
2264 2375 2431 2430 etiam
2462 2378 2811 2437 calamitates
2848 2383 3037 2450 refert,
3073 2400 3213 2454 quas
3240 2388 3311 2443 ab
3345 2388 3430 2445 in-

1835 2458 1976 2515 vidis
2027 2461 2226 2521 luisset
2265 2482 2562 2537 perpessus
2595 2509 2614 2536 ,
2674 2473 2768 2541 qui
2826 2477 3263 2544 patriarchatum
3314 2497 3430 2538 non
3513 2502 3515 2505 '

1834 2548 2071 2608 obscure
2103 2556 2438 2622 ambientes,
2468 2561 2638 2617 multa
2664 2564 2766 2634 ipsi
2788 2566 3009 2636 negotia
3040 2567 3427 2641 facessebant:

1836 2643 2116 2713 signiﬁcat
2153 2651 2374 2707 tandem
2409 2667 2469 2709 se
2516 2655 2777 2725 dignitati
2812 2663 3167 2731 renuntiare,
3217 2676 3281 2721 ut
3310 2668 3426 2736 jam

1834 2735 1941 2790 sibi
1985 2738 2089 2793 soli
2142 2751 2323 2811 vacet,
2376 2747 2879 2821 prenitentiamque
2926 2752 2983 2809 in
3050 2735 3348 2829 tranquilla
3371 2770 3428 2816 et

1835 2829 2084 2887 solitaria
2136 2835 2247 2889 vita
2296 2837 2366 2893 de
2422 2842 2669 2908 peccatis
2714 2845 2832 2901 suis
2873 2856 3018 2916 agat.
3048 2849 3178 2907 Haec
3212 2861 3297 2909 est
3336 2854 3430 2913 illa

1833 2926 2168 2995 παραίτησις
2191 2968 2207 2995 ,
2247 2943 2412 2999 quam
2443 2932 2498 2987 in
2525 2934 2713 2991 codice
2744 2936 3005 2994 Ecclesiae
3026 2940 3434 3009 ,Constantino-

174 3003 428 3060 triarchali
481 3021 711 3061 munere
748 3022 871 3063 cum
904 3022 963 3064 se
995 3009 1203 3078 recepit
1231 3010 1285 3063 in
1321 3012 1723 3065 monasterium
1759 3023 1804 3087 ί]
1841 3017 2097 3086 politame
2148 3020 2478 3090 descriptam
2547 3024 2724 3082 fuisse
2789 3031 3073 3087 memoriae
3130 3046 3183 3089 et
3233 3048 3429 3093 aucto-

174 3094 431 3153 Prodromi
461 3098 526 3154 ad
567 3096 903 3155 Menteceum
936 3108 1197 3165 montem,
1235 3099 1378 3155 unde
1412 3102 1730 3172 compulsus

175 3199 247 3244 est
275 3193 319 3244 in
351 3192 533 3246 urbem
585 3192 801 3255 redire.
836 3199 889 3247 et
923 3202 1053 3247 tunc
1100 3193 1315 3263 aliquas
1350 3192 1618 3250 Homilies
1660 3199 1726 3249 ad

176 3285 409 3349 pepulum
457 3284 669 3338 habuit.
714 3282 853 3338 Hinc
898 3285 1243 3339 emendanda
1287 3300 1411 3356 qua:
1441 3294 1567 3341 ante
1595 3303 1729 3356 pau-

175 3386 257 3426 cos
317 3388 484 3430 annos
555 3375 760 3444 prodiit
822 3375 1055 3446 Philippi
1111 3376 1728 3447 Cypriiil’atriarclialis

176 3461 410 3533 Historia,
449 3468 545 3537 qui
594 3469 780 3523 statim
830 3469 1175 3537 patriarchas
1225 3471 1726 3540 Constantinopoli-

175 3564 311 3613 tanos
353 3560 417 3613 ad
460 3560 914 3614 Pammacarista:
964 3560 1247 3616 habitasse
1301 3562 1496 3617 scribit
1528 3574 1722 3617 contra

176 3648 535 3705 historicorum
591 3654 840 3707 omnium
888 3650 1071 3718 ﬁdem,
1102 3664 1237 3709 utet
1267 3657 1437 3708 multa
1462 3655 1567 3709 alia
1604 3674 1723 3725 qua:

177 3742 299 3795 hunc
328 3753 603 3800 auctorem
651 3744 768 3800 sive
813 3747 997 3815 potius
1024 3748 1532 3803 consarcinatorem
1580 3766 1722 3820 szepe

176 3831 529 3890 halluciuatnm
562 3850 683 3891 esse
713 3835 1115 3892 demonstrant.

234 3927 353 3981 Cum
398 3945 459 3983 ex
509 3929 635 3999 luga
685 3931 963 3995 r‘ediisset,
1002 3930 1098 3985 sed
1130 3947 1240 4001 quo
1271 3948 1419 3987 anno
1451 3936 1719 4000 nescitur,

175 4014 339 4073 habuit
386 4019 705 4076 Gennadius
760 4021 1072 4077 orationem
1121 4024 1236 4078 sive
1284 4024 1717 4093 disputationem

176 4108 299 4164 illam
323 4115 617 4177 celebrem,
667 4128 788 4184 quae
826 4112 1031 4179 Greece,
1063 4113 1278 4179 Latine,
1312 4116 1421 4170 imo
1454 4126 1504 4170 et
1535 4114 1722 4172 Turci-

176 4217 244 4265 cc,
274 4208 357 4260 sed
378 4206 576 4263 Gracis
600 4207 797 4262 litteris
820 4207 963 4261 edita
992 4209 1235 4277 est,r:ep‘t
1263 4208 1363 4277 τῆς
1399 4209 1571 4278 μόνης
1597 4210 1716 4261 ὸδοῦ

178 4302 291 4362 πρὸς
311 4300 403 4367 τὴν
436 4300 713 4369 σωτηρίαν
768 4299 1096 4370 ἀνθρώπων.
1130 4301 1493 4355 Occasionem
1529 4311 1721 4356 narrat

1838 3108 2016 3165 ritatis
2069 3126 2236 3167 causa
2286 3113 2449 3171 docet
2511 3115 2763 3175 Historia
2819 3124 3225 3193 ecclesiastica,
3279 3132 3427 3201 apud

1836 3200 2091 3255 Crusium
2122 3205 2224 3273 (3).

1909 3294 2026 3348 Mox
2084 3299 2289 3367 recepit
2345 3316 2403 3355 se
2451 3303 2765 3361 Gennadius
2812 3307 2868 3361 in
2916 3315 3309 3369 monasterium
3364 3314 3426 3371 S.

1834 3385 2063 3440 Joannis
2110 3387 2369 3459 Baptista:
2419 3395 2472 3448 in
2518 3406 2701 3453 monte
2746 3398 3029 3457 Menoeceo
3087 3421 3254 3475 prope
3294 3406 3429 3462 Ser-

1838 3493 1924 3531 ras
1961 3480 2039 3533 Vt]
2074 3481 2331 3546 Pherras,
2381 3494 2439 3539 ut
2488 3488 2752 3542 scribitur
2791 3493 2844 3543 in
2890 3495 3010 3548 cod.
3057 3494 3248 3566 Regio,
3298 3492 3425 3555 cum

1836 3582 2008 3624 annos
2040 3572 2282 3641 quinque
2306 3584 2361 3629 et
2393 3592 2607 3632 menses
2640 3580 2849 3649 aliquot
2872 3581 3133 3640 Ecclesia:
3155 3585 3428 3645 Constan-

1835 3661 2207 3732 tinopolitanae
2240 3666 2569 3735 przel‘uisset,
2603 3684 2766 3741 atque
2800 3674 2870 3729 ita
2901 3677 3021 3746 ejus
3052 3680 3328 3739 abdicatio
3360 3689 3427 3741 ad

1833 3764 2035 3804 annum
2076 3754 2216 3809 1459
2280 3755 2537 3813 refertur.
2575 3758 2804 3817 Videtur
2848 3774 3026 3821 tamen
3096 3769 3255 3825 aliter
3309 3784 3428 3829 sta-

1814 3840 2138 3913 tuendum;
2181 3864 2305 3903 nam
2336 3851 2529 3907 titulus
2564 3852 2843 3912 Orationis
2865 3874 3028 3929 quam
3060 3862 3249 3918 habuit
3280 3866 3429 3926 Grn-

1835 3936 2031 3991 nadius
2068 3939 2120 3993 in
2165 3938 2355 3998 {uiuere
2391 3943 2663 4001 Theodori
2699 3946 2987 4019 Sophiani,
3030 3954 3115 4009 sui
3150 3970 3216 4010 ex
3254 3956 3425 4014 fratre

1833 4030 2068 4099 nepotis,
2109 4032 2266 4087 docet
2299 4039 2713 4102 pronuntiatam
2763 4040 2935 4099 fuisse
2968 4046 3037 4099 ‘28
3076 4030 3421 4117 Septembris

1832 4133 1979 4173 anno
2018 4121 2178 4187 6965,
2214 4127 2517 4179 secundum
2554 4129 2797 4195 Graecos,
2827 4132 2931 4188 hoc
2963 4144 3048 4188 est
3084 4152 3230 4193 anno
3254 4140 3420 4195 Chri-

1831 4212 1900 4264 sti
1942 4212 2078 4266 1457
2120 4231 2150 4269 a
2189 4215 2475 4271 Gennadio
2525 4221 2815 4277 monacho.
2862 4224 2931 4277 At
2978 4225 3139 4299 vulgo
3184 4224 3294 4285 non
3344 4235 3420 4289 ita

1829 4304 2135 4372 appellatur
2190 4308 2242 4361 in
2293 4308 2479 4363 titulis
2517 4325 2709 4366 eorum
2754 4318 3146 4384 opusculorum
3193 4338 3315 4391 qua:
3367 4328 3421 4381 in

179 4382 384 4443 llistoria
428 4390 895 4445 Graeco-Barbara
927 4392 1037 4461 (2).
1069 4390 1147 4444 Eo
1204 4401 1455 4459 tempore,
1512 4395 1708 4464 inquit,
1745 4386 1789 4443 ι)
1822 4398 2196 4465 patriarchatu
2248 4402 2488 4471 scripsit.
2539 4404 2672 4471 Quae
2695 4382 3010 4476 conjectura
3061 4382 3425 4471 conﬁrmatur

177 4476 289 4529 idem
317 4480 550 4533 sultauus
579 4484 795 4541 ipsemet
836 4482 1055 4534 intravit
1090 4484 1532 4551 patriarcheium,
1565 4502 1717 4538 cunt—

178 4578 256 4629 que
283 4568 330 4617 in
354 4568 536 4635 templo
578 4567 1019 4623 Pummacaristte
1083 4576 1335 4636 venisset,
1368 4576 1423 4625 in
1459 4578 1712 4629 sacellum

176 4654 407 4720 ingressus
443 4670 543 4722 est,
574 4661 662 4712 ubi
699 4661 853 4714 hodie
896 4664 1192 4715 armarium
1233 4680 1403 4716 rerum
1440 4683 1721 4721 sacrarunt

176 4756 260 4814 est,
283 4761 326 4803 et
376 4770 487 4805 cum
514 4756 822 4821 patriarcha
864 4754 1139 4809 Gennadio
1188 4758 1407 4813 libenter
1453 4776 1719 4816 sermones

183 4845 403 4899 contulit.
444 4846 583 4900 Tunc
630 4851 772 4902 omni
808 4860 943 4903 metu
982 4852 1174 4919 posito,
1204 4856 1504 4907 universam
1535 4857 1583 4909 ei
1618 4874 1718 4925 pa-

184 4935 386 4990 triarcha
411 4944 673 4993 veritatem
706 4943 830 5010 ﬁdei
864 4941 1181 4998 Christiana?
1214 4963 1280 5015 ap
1322 4948 1443 5015 ruit,
1474 4952 1720 5019 scripsit-

182 5042 264 5092 que
297 5046 376 5097 pro
426 5052 637 5089 numero
688 5039 1037 5105 quwstiomun
1070 5033 1183 5107 ejus
1223 5043 1401 5106 capita
1434 5045 1717 5111 viginti....

184 5138 283 5189 quae
311 5135 352 5178 et
405 5132 536 5183 dedit
564 5133 800 5185 sultano.
840 5130 1224 5200 Suhjiciuntur
1256 5147 1435 5189 autem
1469 5137 1580 5191 lucc
1619 5154 1712 5192 ca-

186 5216 330 5280 pitula
373 5223 481 5277 loco
521 5228 712 5290 citato,
754 5242 876 5280 cum
944 5225 1181 5303 Turcica
1248 5229 1714 5299 interpretatione

182 5306 422 5370 Attmnatis
449 5319 558 5372 sive
596 5318 876 5372 Achmetis
924 5319 1203 5374 Berrhoete
1244 5325 1510 5391 prtelccti.
1546 5314 1623 5379 'At
1660 5326 1711 5379 in

184 5414 342 5459 nostro
374 5410 547 5466 codice
590 5427 699 5465 non
754 5427 849 5482 per
894 5415 1124 5482 quaesita
1174 5426 1226 5469 et
1288 5433 1555 5488 responsa
1593 5422 1710 5474 inec

242 5600 302 5687 ll)
330 5607 573 5687 Ῑηι-ςοςτ.
614 5616 648 5670 ι.
689 5632 748 5671 ιι.
784 5633 835 5687 p.
874 5618 997 5672 tos.

260 5678 447 5735 illbid.
494 5678 611 5759 pag.
660 5688 779 5742 109.

394 5782 647 5842 l‘aTut)t..
686 5789 721 5831 l7
741 5804 799 5842 It.
838 5780 1015 5841 CLX.

1832 4488 2003 4543 altera
2041 4492 2178 4545 satis
2210 4493 2517 4549 verisimili.
2556 4494 2690 4550 Nam
2729 4498 2783 4552 in
2818 4504 3158 4559 monasterio
3189 4504 3421 4564 Joannis

1832 4582 1948 4637 sive
1980 4581 2286 4651 Prodromi,
2326 4588 2497 4643 multa
2522 4588 2843 4647 Gennadius
2868 4595 3146 4651 elaborate
3174 4600 3419 4670 scripsit.

1833 4691 1954 4743 qua:
1984 4678 2028 4729 si
2062 4679 2361 4733 secundum
2392 4680 2647 4736 Panvinii
2681 4694 2731 4737 et
2757 4682 3090 4741 Genebrardi
3118 4690 3420 4746 chronolo-

1834 4768 2000 4836 giam,
2044 4768 2179 4821 obiit
2217 4784 2362 4825 anno
2404 4772 2563 4839 1460,
2612 4774 2774 4829 unius
2818 4777 2945 4830 anni
2991 4779 3285 4838 intervallo
3330 4786 3417 4840 vix

1832 4862 2383 4929 poteratabsolvet'e.
2427 4861 2585 4919 Tales
2636 4877 2765 4920 sunt
2832 4879 3100 4926 tractatus
3172 4875 3247 4929 De
3307 4876 3420 4930 Er—

1823 4954 2063 5006 sistentia
2086 4963 2132 5007 et
2156 4963 2348 5009 natura
2372 4959 2699 5025 animarum,
2726 4961 2789 5014 de
2815 4959 3155 5034 Purgatorio,
3176 4969 3240 5021 de
3268 4970 3420 5025 Prte-

1824 5041 2198 5111 destinatione,
2229 5048 2295 5099 ad
2327 5045 2626 5117 J'osephum
2662 5050 3212 5111 TlteSsalonicensem
3250 5077 3263 5124 ;
3299 5071 3410 5115 tres

1823 5135 1919 5191 alii.
1938 5140 2002 5194 de
2024 5137 2510 5197 Praedcstinatione
2534 5143 2851 5213 Sermones,
2877 5148 3130 5218 Epistolas:
3156 5151 3219 5205 ad
3246 5152 3420 5207 Theo-

1824 5232 2019 5285 dorum
2066 5233 2340 5287 Brennum
2386 5236 2499 5291 sive
2536 5236 2877 5305 Briennium,
2929 5249 2983 5295 et
3022 5244 3123 5296 alia
3168 5260 3269 5299 nec
3290 5262 3422 5315 pnu-

1825 5341 1887 5377 ca
1924 5342 2021 5380 nec
2046 5334 2498 5396 extemporanca.
2521 5329 2678 5387 Unde
2700 5326 2822 5385 eum
2845 5348 3007 5389 nemo
3033 5337 3138 5390 huc
3159 5352 3328 5407 usque
3348 5354 3415 5393 ex

1823 5419 1992 5475 eet'lis
2014 5420 2216 5476 (ἐι-τεξοδδ
2238 5420 2495 5480 Historiae
2518 5428 2889 5483 monumentis
2913 5444 3119 5485 annum
3143 5429 3412 5494 Gdlllladii

1897 5626 1971 5695 (5)
2007 5626 2138 5681 lliid.
2174 5643 2295 5699 pag.
2334 5629 2453 5685 190.
