3962 6328
543 274 652 337 ἳῧτ

1615 267 1658 325 G
1676 260 2000 324 ENNADII
2047 258 2155 318 (ΣΡ.
2203 256 2485 314 ΡΑΤῙΗΛ
2499 256 2722 316 ΒΩΗίΕ

3697 258 3798 320 ἓῦδ

543 406 855 460 supremum
898 387 1287 458 tleSigllﬂVL‘l'il,
1322 385 1365 440 si
1412 383 1536 452 quis
1574 398 1696 435 cum
1732 381 1874 434 ultra
1923 391 2128 432 annum
2165 375 2202 428 Α
2237 372 2378 438 quod
2449 369 2613 424 refert
2659 370 2972 423 Graecorum
3041 377 3286 424 actorum
3335 365 3564 439 scriptor
3598 389 3610 426 :
3649 374 3798 442 cujus

546 486 686 540 1460
716 486 878 538 vitam
914 482 1240 552 produxisse
1265 487 1492 542 statuat,
1526 492 1630 532 non
1656 475 1892 532 inaniter
1918 471 2128 525 videbi-

520 592 635 633 -tur
689 577 1008 646 coojcctari'.
1069 573 1202 628 Nam
1259 572 1313 626 in
1372 571 1541 642 Regio
1593 569 1714 624 cod.
1776 565 2008 619 Ilomilia
2065 564 2132 617 de

547 672 781 726 transitu
826 669 886 722 Β.
921 667 1105 722 Μηνίίὲ
1141 663 1371 734 virginis
1430 664 1635 732 scripta
1669 660 2134 725 Constantinopo-

549 766 582 817 li
619 764 819 815 dicitur
845 763 895 813 in
929 757 1262 812 monasterio
1315 753 1778 816 Pammacaristze,
1816 765 1938 804 cum
1972 747 2135 803 tertio

551 875 600 908 ιιι
641 857 828 908 urbem
865 852 1046 906 redire
1083 858 1311 904 coactus
1353 847 1552 902 fuisset
1583 861 1728 900 anno
1751 845 1854 910 06',
1893 844 1994 897 hoc
2025 832 2167 905 est,

552 958 610 999 ut
654 961 811 1000 nemo
851 960 956 997 non
1011 943 1284 1012 intelligit,
1332 941 1494 1004 6972,
1541 940 1846 994 secundum
1891 936 2137 991 Graecam

549 1037 986 1104 chi-nuologiam,
1036 1034 1124 1102 qui
1172 1047 1348 1086 annus
1406 1030 1705 1100 reSpondet
1747 1042 1893 1082 anno
1938 1026 2140 1081 Christi

553 1126 714 1188 1464.
802 1126 955 1191 Cujus
1022 1133 1205 1179 certus
1261 1125 1546 1178 character
1605 1129 1691 1176 est
1746 1120 1975 1175 indictlo
2051 1117 2136 1182 12,

555 1236 714 1288 quam
789 1220 912 1271 huic
968 1232 1113 1271 anno
1190 1215 1513 1282 adjunctam
1579 1213 1743 1268 habet
1782 1209 1973 1267 Canon
2047 1226 2144 1265 an-

557 1328 747 1366 norum
779 1295 1148 1380 expansorum
1202 1308 1270 1362 ab
1302 1307 1499 1363 Allatio
1546 1306 1747 1371 editus,
1782 1306 1835 1360 in
1867 1321 2031 1375 opere
2074 1304 2148 1357 De

557 1407 831 1463 dominicis
873 1415 922 1460 et
974 1403 1384 1459 hebdomadibus
1440 1401 1744 1457 Gmcorum
1795 1397 2150 1469 (l).Scripsit

555 1501 720 1556 etiam
755 1499 1085 1568 opusculum
1113 1497 1254 1565 Περὶ
1278 1495 1381 1563 τῆς
1434 1493 1656 1563 πρώτης
1706 1489 1803 1545 τοῦ
1855 1491 1990 1544 Θεοῦ
2047 1491 2148 1544 λα-

563 1591 749 1661 τρείας
783 1630 797 1654 ,
850 1598 975 1659 post
1028 1587 1337 1642 abdicatam
1389 1585 1714 1655 dignitatem
1768 1586 1822 1637 in
1872 1583 2151 1637 Menmceo

562 1691 746 1739 monte
785 1680 1192 1736 etmonasterio
1226 1676 1512 1733 Prodromi
1537 1691 1629 1730 an.
1651 1675 1842 1729 mundi
1867 1674 2028 1736 6966,
2053 1674 2148 1742 qui

562 1783 648 1830 est
694 1773 822 1829 Jesu
849 1772 1055 1828 Christi
1109 1769 1268 1826 1458.
1303 1771 1490 1838 Itaque
1529 1767 1643 1837 jam
1680 1767 1748 1822 ab
1795 1781 1938 1819 anno
1985 1765 2145 1829 MSS,

565 1875 660 1923 aut
694 1865 853 1931 1457,
894 1866 1102 1929 sivera
1148 1870 1232 1916 est
1263 1860 1554 1928 inscriptio
1594 1857 1872 1914 Orationis
1903 1859 1956 1909 in
1992 1856 2149 1910 fune-

567 1974 626 2014 re
676 1956 966 2025 Sophiani,
1017 1952 1331 2008 Gennadius
1385 1950 1688 2004 monachus
1721 1948 2060 2020 vocabatur,
2095 1953 2150 2000 et

565 2050 879 2122 patriarcha
911 2061 1032 2102 esse
1085 2045 1354 2107 desierat,
1394 2059 1548 2108 cum,
1576 2043 1621 2099 si
1650 2043 1863 2096 Malaxo
1888 2050 1940 2094 et
1976 2039 2150 2094 llisto-

561 2143 662 2199 riae
703 2135 949 2197 barbara:
984 2138 1116 2193 ﬁdes
1150 2136 1405 2190 habenda
1442 2144 1546 2201 est,
1577 2150 1682 2190 non
1713 2143 1842 2187 ante
1873 2132 2012 2186 1459
2042 2132 2153 2201 pri-

565 2243 746 2288 vatam
786 2232 952 2286 vitam
983 2231 1270 2300 repetiisse
1323 2227 1596 2283 videatur.
1641 2226 1779 2281 Tum
1823 2226 1987 2279 etiam
2043 2238 2148 2276 non

567 2335 718 2383 recte
743 2324 1094 2380 “statimieutn
1129 2321 1337 2376 obiisse
1377 2318 1651 2382 scribunt,
1701 2332 1824 2370 cum
1873 2331 2049 2369 annos
2091 2321 2150 2367 ut

572 2419 858 2474 minimum
907 2421 1148 2486 quatuor
1198 2411 1587 2483 supervixerit.
1637 2407 1814 2478 Atque
1860 2409 1976 2461 haec
2025 2412 2155 2461 sunt

569 2530 696 2586 quae
727 2513 795 2569 de
826 2509 1096 2566 Gennadii
1133 2507 1244 2561 vita
1304 2513 1358 2560 et
1396 2506 1559 2559 rebus
1597 2503 1762 2573 gestis
1795 2503 1848 2556 in
1890 2509 2040 2554 tanta
2073 2499 2154 2552 hi-

569 2609 756 2666 stbriaa
805 2600 1142 2668 recentioris:
1171 2597 1408 2667 caligine
1456 2596 1756 2651 observare
1790 2593 2087 2663 potuimus.

641 2697 807 2752 Multa
839 2693 1061 2763 scripsit
1099 2690 1419 2747 Gennadius
1462 2695 1660 2757 praeter
1705 2702 1765 2740 ea
1821 2700 1942 2754 qua:
1987 2683 2153 2736 variis

571 2789 706 2846 locis
757 2781 964 2842 dudum
1009 2780 1153 2836 edita
1203 2787 1355 2834 sunt.
1399 2776 1534 2830 Nam
1585 2789 1928 2846 quaecunque
1974 2772 2151 2827 tribus

572 2881 688 2937 anis
704 2875 958 2946 Georgiis
981 2875 1097 2929 sive
1118 2870 1422 2928 Gennadiis
1449 2868 1679 2923 A‘llatius
1705 2866 1979 2930 attribuit,
2006 2865 2154 2919 hunc

527 2980 537 2984 “
575 2981 822 3029 nostrum
859 2977 1139 3023 auctorem
1171 2965 1408 3030 habent;
1450 2961 1544 3015 sed
1593 2960 1748 3029 plura
1777 2959 1943 3026 longe
1984 2957 2038 3010 in
2069 2956 2149 3009 bi-

2238 463 2444 516 idcirCu
2482 463 2612 516 tiles
2657 464 2918 516 vacillare
2970 478 3076 516 non
3131 463 3316 518 dubet.
3360 461 3627 534 Sylvester
3663 465 3800 518 enim

2239 557 2537 626 Sympulns
2571 555 2648 627 (ἓ)
2685 556 2970 612 Latinismi
3007 571 3115 610 non
3152 566 3466 626 suspectus.
3498 554 3656 610 refert
3702 553 3807 608 for-

2241 649 2440 701 mulam
2473 648 2779 704 concordix
2811 649 2958 704 circa
2989 650 3350 719 quaestionem
3375 649 3443 703 de
3463 651 3806 718 processiouc

2242 739 2478 810 Spiritus
2510 743 2711 808 sancti,
2751 757 2871 811 qua:
2896 757 2924 795 a
2962 741 3192 813 Georgio
3226 739 3515 797 Scholario
3543 743 3810 812 composi-

2243 841 2318 893 ta,
2367 828 2567 911 coram.
2593 834 2924 904 imperatore
2950 844 3002 888 et
3027 833 3341 888 Graecorum
3368 835 3651 905 praecipuis
3683 837 3811 888 lecta

2244 925 2426 981 fuerit.
2453 927 2774 981 Orationum
2811 939 2942 999 quae
2970 944 3095 983 cum
3125 929 3315 984 iisdem
3348 929 3485 984 actis
3531 929 3812 984 circumfe-

2244 1027 2458 1081 runtur,
2487 1019 2632 1072 nulla
2667 1021 2721 1075 in
2757 1023 2960 1075 nostris
2991 1021 3276 1076 codicibus
3305 1021 3572 1076 memoria
3593 1031 3689 1084 est,
3727 1036 3815 1073 ne-

2246 1128 2352 1182 que
2399 1116 2613 1168 illarum
2665 1115 2915 1169 meminit
2960 1114 3235 1186 Sylvester
3280 1115 3607 1184 Syropulus,
3644 1122 3695 1168 et
3728 1129 3818 1167 eas

2247 1205 2482 1273 Georgio
2516 1206 2805 1261 Scholario
2835 1204 3124 1265 Matthaeus
3149 1207 3555 1277 CaryOphyllus
3582 1193 3821 1275 abdjml'-

2247 1308 2358 1352 cat.
2388 1297 2505 1352 Etsi
2551 1298 2695 1352 enim
2726 1313 2834 1353 non
2865 1297 3220 1366 indiligentiae
3252 1299 3430 1353 solum
3461 1298 3692 1360 nomine,
3731 1299 3820 1351 Sed

2249 1398 2515 1457 perpetuo
2573 1387 2838 1444 adversus
2895 1388 3120 1444 Latinos
3202 1390 3328 1444 odio
3385 1390 3821 1457 siisprctissiiuus

2253 1480 2557 1552 Syropulus
2581 1497 2703 1537 esse
2729 1481 2945 1546 debeat,
2979 1499 3140 1538 nemo
3176 1493 3358 1557 tamen
3387 1483 3591 1537 Graeca:
3642 1497 3822 1535 recen-

2253 1574 2409 1628 tioris
2464 1573 2705 1628 historia:
2749 1574 2829 1629 vel
2874 1574 3226 1630 mediocriter
3267 1576 3499 1644 peritus,
3549 1572 3823 1642 cujusdam

2257 1664 2433 1719 critici
2458 1673 2844 1734 prmposterum
2864 1667 3128 1735 judicium
3160 1682 3268 1736 quo
3305 1667 3511 1721 homini
3538 1665 3692 1719 [idem
3712 1681 3825 1716 om-

2180 1736 2221 1791 Β
2255 1773 2377 1811 nem
2407 1757 2702 1826 abjudicat,
2726 1757 3063 1825 sequendum
3085 1757 3440 1812 existimabit.
3480 1756 3584 1823 Sed
3635 1758 3825 1811 Allatio

2254 1849 2435 1918 potius
2499 1849 2706 1915 credet,
2746 1850 2837 1918 qui
2867 1849 3204 1921 Sylvestrum
3253 1852 3498 1921 agnoscit
3555 1859 3826 1904 auctorem

2253 1937 2420 1994 unum
2452 1957 2517 1994 ex
2552 1941 2775 1996 asseclis
2811 1942 3151 2011 patriarchae,
3185 1958 3291 1997 non
3325 1959 3448 1997 eum
3485 1949 3664 1998 tamen
3700 1958 3826 2011 qua-

2254 2031 2359 2085 lem
2389 2048 2418 2086 e
2451 2035 2680 2088 cerebro
2706 2049 2807 2089 suo
2836 2032 3042 2110 eﬂinxit
3072 2035 3395 2090 temerarius
3426 2038 3695 2104 interpres
3730 2036 3826 2105 (ὅ),

2252 2121 2491 2192 linguam
2546 2134 2596 2179 et
2635 2134 2856 2180 mentem
2891 2128 3078 2196 synodi
3127 2126 3454 2193 ercorum,
3477 2128 3708 2192 doctum,
3730 2128 3827 2182 ele-

2255 2223 2488 2284 gantem,
2531 2217 2763 2285 antiquis
2805 2215 3022 2272 ercia’.
3063 2218 3351 2273 luminibus
3393 2221 3826 2288 comparandum,

2258 2323 2382 2361 cum
2412 2311 2655 2377 pessime
2686 2309 2891 2364 scribat
2922 2319 2978 2366 et
3015 2312 3409 2366 semibarbare.
3445 2312 3516 2367 At
3545 2313 3635 2366 ille
3662 2311 3830 2366 Geor-

2256 2401 2404 2469 gium
2455 2399 2802 2454 Scholarium
2860 2401 2916 2456 in
2965 2403 3177 2474 synodo
3219 2419 3344 2459 cum
3382 2403 3566 2461 Marco
3600 2405 3831 2474 Ephesio

2256 2493 2512 2546 unionem
2540 2490 2894 2562 impugnasse
2920 2509 3030 2548 non
3060 2487 3437 2566 refert,'atque
3459 2497 3541 2550 ita
3573 2497 3829 2551 Actorum

2255 2582 2570 2638 Graecorum
2597 2583 2757 2639 {idem
2781 2599 2892 2640 non
2923 2585 3229 2658 impugnat,
3257 2603 3379 2642 cum
3405 2603 3470 2643 eo
3500 2597 3682 2642 tamen
3711 2585 3832 2640 Flo-

2257 2676 2429 2729 rentia
2463 2691 2523 2730 se
2552 2674 2896 2746 proripuisse
2922 2683 3157 2732 teStatur
3178 2688 3395 2748 peracta
3434 2681 3666 2750 synodo.
3703 2678 3832 2732 Nul-

2256 2769 2342 2824 lus
2376 2769 2585 2823 interea
2606 2770 2860 2825 occurrit
2884 2769 2998 2824 sive
3028 2772 3169 2841 apud
3191 2771 3413 2827 Graecos
3444 2782 3702 2838 auctores
3721 2774 3786 2825 ed
3812 2800 3833 2808 -

2260 2871 2342 2916 tos
2379 2863 2492 2917 sive
2523 2865 2930 2935 manuscriptos
2963 2865 3125 2931 alter,
3151 2881 3315 2935 quem
3351 2865 3753 2936 CaryOphyllus
3781 2876 3832 2917 et

2257 2955 2486 3009 Allatius
2532 2955 2841 3026 designant,
2871 2957 3134 3029 Georgius
3173 2957 3511 3026 Scholarius,
3551 2961 3647 3029 qui
3687 2960 3832 3015 Con-

575 3063 863 3122 bliotbecis
887 3052 1244 3120 delitescunt,
1283 3067 1519 3123 quorum
1557 3051 1798 3106 indicem
1833 3049 1926 3120 qui
1960 3048 2151 3102 leviter
2182 3063 2232 3127 ο
2261 3048 2613 3116 stantinopoli
2661 3046 2999 3114 substiterit,
3045 3065 3167 3104 cum
3215 3049 3455 3105 Joannes
3494 3053 3834 3125 Palwologus

577 3154 912 3229 inspexerit,
943 3150 1130 3206 mirari
1163 3147 1373 3203 desinet
1401 3145 1578 3198 Virum
1625 3141 2001 3196 doctissimum
2059 3153 2154 3207 pa-

575 3228 695 3308 rum
723 3253 1035 3303 accuratam
1057 3242 1108 3295 in
1133 3240 1201 3295 iis
1233 3233 1584 3292 recensendis
1615 3233 1842 3288 ctiticen
1871 3228 2155 3284 exercuis-

571 3360 652 3399 se.
689 3339 788 3395 Vix
830 3338 975 3393 enim
1026 3338 1280 3404 quartam
1320 3341 1511 3382 eorum
1565 3334 1774 3394 partem
1823 3321 2070 3387 viderat,
2101 3327 2155 3406 et

570 3436 896 3505 plerumque
932 3425 1128 3481 alienis
1175 3421 1375 3477 oculis.
1403 3417 1597 3486 Neque
1644 3425 1827 3470 tamen
1862 3413 1963 3468 etsi
1998 3413 2153 3481 plura

572 3539 625 3582 et
667 3524 902 3580 certiora
931 3519 1307 3587 designamus,
1331 3509 1517 3566 omnia
1541 3508 1808 3565 Gennadii
1845 3520 2010 3574 opera
2035 3505 2154 3559 exi—

572 3614 925 3670 stimabimus
943 3606 1297 3679 explicuisse.
1336 3603 1543 3671 Sparsa
1601 3600 1871 3670 siquidem
1908 3606 1962 3652 et
1992 3597 2157 3666 disje-

571 3716 658 3762 cta
684 3705 810 3758 hinc
830 3701 958 3755 inde
978 3696 1182 3754 scrinia
1211 3708 1238 3747 a
1266 3690 1538 3748 studiosis
1574 3696 1700 3760 post
1740 3689 1888 3744 illius
1917 3695 2148 3742 mortem

572 3800 801 3857 collecta
849 3799 996 3856 sunt,
1046 3798 1210 3857 atque
1257 3785 1331 3838 ita
1376 3798 1481 3837 non
1533 3784 1730 3836 mirum
1777 3789 1863 3834 est
1907 3779 2154 3850 quadam

573 3887 942 3946 intercidisse.
976 3879 1224 3935 Homiliae
1269 3886 1396 3931 ante
1437 3874 1867 3944 patriarchatutn
1915 3871 2154 3937 scriptae,

575 3974 1046 4043 (lotistantinopoli
1086 3979 1317 4040 repertae
1353 3976 1485 4022 sunt
1527 3973 1652 4035 post
1689 3972 1901 4034 captam
1937 3963 2154 4025 urbem,

577 4072 820 4144 quaedam
859 4064 1265 4120 Thessalonicae
1296 4071 1348 4116 et
1375 4059 1648 4128 Gallipoli,
1687 4063 1745 4109 ut
1769 4056 1874 4110 alia
1905 4054 2184 4124 ejusdem.

575 4166 800 4231 scripta,
843 4174 961 4229 qua:
992 4157 1252 4224 deinceps
1292 4151 1749 4214 recensebuntur,
1792 4148 1928 4201 adeo
1964 4156 2024 4200 ut
2053 4146 2157 4199 mi-

579 4259 684 4311 rari
715 4268 874 4308 nemo
911 4250 1033 4322 jure
1085 4255 1251 4317 queat
1307 4243 1452 4314 quod
1503 4241 1765 4296 nonnulla
1804 4238 2067 4310 perierint
2102 4237 2153 4290 in

579 4355 726 4398 tanta
758 4340 1064 4409 reipublicm
1099 4345 1154 4391 et
1189 4334 1450 4390 Ecclesiae
1481 4331 1684 4385 Gra‘cae
1714 4330 2045 4384 calamitate.

2260 3149 2313 3193 et
2360 3138 2634 3209 Josephus
2676 3142 3008 3211 patriarcha,
3050 3143 3209 3196 simul
3261 3158 3384 3196 cum
3434 3141 3640 3200 Grai-cis
3689 3148 3835 3209 aliis,

2262 3231 2524 3286 Ferrariae
2548 3241 2603 3288 et
2626 3231 2916 3289 Florentiae
2948 3235 3135 3288 uuioui
3157 3234 3465 3290 sancienda:
3493 3250 3718 3304 operam
3745 3240 3836 3292 da-

2263 3334 2404 3379 rent.

2331 3416 2513 3471 Marco
2567 3417 2803 3486 Ephesio
2855 3418 3110 3474 utebatur
3168 3419 3592 3480 familiarissime
3646 3435 3838 3479 nostrr

2261 3507 2526 3577 Georgius
2563 3526 2577 3575 ;
2617 3510 2752 3564 duos
2780 3519 2958 3565 autem
2999 3513 3244 3582 ejusdem
3279 3515 3518 3570 nominis
3543 3527 3599 3570 et
3634 3531 3839 3585 cogno-

2262 3602 2426 3656 minis
2453 3601 2643 3657 eodem
2668 3611 2932 3672 tempore,
2963 3620 3082 3657 smn
3096 3620 3179 3658 ma
3207 3605 3490 3682 doctrina},
3525 3610 3835 3677 praesertim

2263 3711 2390 3749 vero
2438 3694 2798 3764 philosophia:
2828 3695 3118 3751 Pla‘onic:e
3139 3711 3195 3752 et
3237 3697 3622 3763 Aristotelicze,
3683 3702 3843 3756 lauda.

2260 3787 2530 3850 ﬂoruisse,
2565 3786 2754 3842 iisdem
2789 3789 2981 3842 amicis
3015 3804 3170 3855 usos,
3193 3805 3328 3845 .cum
3363 3791 3510 3845 circa
3551 3793 3841 3862 religionis

2265 3881 2536 3948 negotium
2568 3881 3040 3936 vehementissime
3056 3881 3403 3950 dissiderent,
3425 3883 3476 3937 id
3497 3885 3722 3953 quidem
3751 3889 3858 3954 lie-_

2265 3970 2308 4022 ri
2353 3971 2438 4024 vix
2469 3972 2710 4040 patuisse
2750 3986 2910 4027 nemo
2950 3989 3060 4027 non
3092 3975 3354 4030 videt.At
3376 3990 3442 4030 ex
3470 3977 3635 4031 meris
3653 3981 3845 4050 conje-

2264 4061 2436 4116 cturis
2464 4063 2534 4114 ita
2568 4070 2832 4125 statuere.
2864 4071 2924 4115 ut
2959 4062 3363 4136 Caryophyllus
3388 4075 3442 4121 et
3469 4065 3706 4121 Allatius
3765 4069 3844 4123 fe-

2263 4163 2475 4217 cerunt.
2507 4156 2625 4210 sine
2658 4155 2783 4212 ullis
2804 4165 3088 4211 auctorum
3129 4158 3486 4221 testimoniis,
3521 4160 3763 4214 confusa
3797 4171 3846 4212 ct

2266 4248 2488 4318 insuper
2576 4246 2760 4302 habita
2838 4259 3144 4318 temporum
3237 4251 3471 4317 ratione,
3540 4251 3845 4307 absurdum

2266 4356 2492 4409 prorsus
2553 4348 2638 4395 est
2698 4349 2752 4394 et
2798 4341 3147 4396 excusatione
3218 4351 3389 4396 caret.
3438 4341 3623 4413 Neque
3666 4345 3846 4406 enim,

652 4438 722 4487 lis
762 4433 828 4486 iis
869 4445 988 4500 quae
1021 4443 1182 4497 supra
1228 4425 1475 4495 exposita
1506 4433 1652 4486 sunt,
1683 4420 2034 4476 manifestum
2070 4429 2150 4475 est

2263 4439 2320 4486 ut
2371 4435 2444 4485 ita
2511 4432 2653 4500 apud
2737 4449 2794 4486 se
2863 4433 3148 4500 haberent,
3223 4436 3548 4504 czeterisque
3609 4437 3848 4491 suadere

577 4527 865 4593 Georgium
893 4519 1235 4578 Scholarium
1258 4515 1562 4584 Philelpho,
1580 4513 1908 4583 Lipomano,
1933 4512 2163 4568 Ambro-r

581 4621 664 4672 sin
703 4611 1107 4670 Camaldulensi
1155 4609 1363 4662 Latinis
1412 4607 1730 4660 hominibus
1774 4606 2166 4676 conjunctissi-

581 4725 749 4771 mum,
784 4703 989 4760 Graecis
1019 4719 1146 4756 vero
1180 4700 1339 4754 Luca:
1363 4696 1603 4762 Notam,
1630 4695 1921 4770 Theodoro
1959 4698 2161 4766 Despo-

532 4840 536 4844 .
583 4812 669 4863 ιε,
726 4807 779 4851 et
827 4797 970 4859 aliis,
1014 4794 1261 4848 eumdem
1321 4790 1524 4861 judicis
1572 4789 1815 4861 primarii
1857 4785 2058 4844 munus
2105 4791 2156 4844 in

584 4892 706 4945 aula
738 4888 965 4944 Joannis
993 4884 1278 4952 Pala-ologi
1327 4881 1678 4948 sustinuisse,
1721 4879 2056 4935 Florentiam
2105 4883 2157 4936 in

579 4982 821 5049 ejusdem
849 4977 1193 5046 imperatoris
1219 4973 1486 5028 comitatu
1517 4971 1729 5026 venisse
1757 4971 1940 5025 animo
1985 4989 2167 5041 prom—

585 5082 674 5142 pto
706 5081 760 5125 et
805 5069 973 5123 alacri
1018 5068 1084 5122 ad
1135 5065 1538 5136 procurandam
1573 5061 1857 5133 utriusque
1902 5061 2161 5117 Ecclesia)

582 5163 960 5227 concordiam,
1006 5161 1078 5214 lta
1120 5167 1303 5213 tamen
1350 5165 1410 5211 ut
1440 5156 1510 5211 ab
1556 5155 2027 5225 episcoporumet
2068 5172 2165 5226 pa-

580 5257 837 5311 triarcha:
864 5261 999 5307 nutu
1030 5250 1312 5323 penderet,
1350 5264 1473 5305 cum
1518 5248 1694 5302 laicus
1728 5248 1868 5301 inter
1902 5264 1999 5302 eos
2029 5264 2157 5303 scn-

579 5348 805 5400 tentiam
832 5345 1015 5398 dicere
1045 5358 1150 5396 non
1183 5349 1389 5411 posset.
1423 5340 1499 5394 Eo
1524 5339 1778 5394 fortassis
1802 5340 1985 5392 animo
2015 5339 2157 5411 apud

579 5441 968 5508 imperatorem
1004 5436 1261 5503 exposuit
1301 5432 1434 5502 quid
1466 5431 1568 5486 sibi
1603 5433 1746 5485 factu
1780 5433 2043 5500 optimum
2076 5434 2155 5486 vi-

579 5533 820 5593 deretur,
851 5540 905 5582 et
929 5527 1219 5583 consilium
1247 5526 1313 5579 de
1342 5522 1722 5592 amplectenda
1757 5523 1955 5577 unione
1983 5525 2153 5589 dedit,

649 5645 724 5715 (l)
754 5644 828 5697 De
870 5660 1146 5708 consensu,
1175 5658 1225 5715 ρ2
1255 5640 1410 5694 1522.

649 5711 896 5783 (2)1list.
943 5719 1158 5771 c.-ncilit
1193 5713 1337 5766 Flor.
1380 5729 1432 5781 p.
1489 5711 1616 5764 9.4.3.

2265 4534 2620 4588 conarentur,
2662 4521 2764 4575 alia
2798 4536 2963 4577 causa
2999 4523 3121 4585 fuit,
3155 4539 3319 4593 quam
3363 4523 3509 4593 quod
3542 4523 3844 4593 Georgium

2266 4602 2634 4687 Scholarium,
2669 4614 2760 4682 qui
2797 4613 3117 4668 Florentino
3147 4614 3382 4668 concilio
3412 4629 3537 4668 cum
3574 4630 3850 4684 purpura-

2263 4704 2333 4758 tis
2357 4704 2495 4773 aula:
2526 4702 3148 4773 Constantinopolitana:
3177 4705 3455 4769 interfuit,
3489 4721 3555 4758 ea
3627 4720 3850 4760 suaso-

2266 4797 2343 4850 ria
2377 4796 2621 4850 oratione
2651 4811 2756 4865 qua
2783 4795 3047 4852 Joannem
3075 4797 3438 4869 Palu-ologum
3474 4798 3733 4852 hortatus
3768 4811 3850 4851 est

2263 4889 2331 4942 ad
2385 4888 2666 4950 unionem,
2698 4887 2994 4954 Catholicis
3050 4887 3422 4958 adjunxerint,
3456 4902 3614 4957 quem
3683 4887 3850 4943 dein-

2264 4994 2392 5046 ceps
2423 4978 2952 5047 ConstantinOpolim
3006 4996 3284 5035 reversum
3347 4995 3454 5035 non
3507 4992 3851 5050 agnoscunt.

2263 5069 2419 5124 Tunc
2452 5071 2597 5124 enim
2633 5070 2908 5123 contraria
2941 5084 3168 5138 prorsus
3191 5069 3635 5143 seusisselillum,
3672 5073 3854 5126 certis

2263 5162 2603 5231 argumentis
2636 5176 2698 5213 ex
2726 5160 2955 5215 historia
2990 5162 3210 5216 illorum
3251 5169 3560 5230 temporum
3595 5172 3851 5226 constat,

2267 5249 2502 5334 Inarime
2533 5269 2662 5308 vero
2689 5254 2910 5323 scriptis
2940 5256 2994 5308 iu
3024 5253 3250 5310 Latinos
3281 5252 3682 5334 acerbissimis,
3719 5269 3851 5322 qua:

2266 5328 2698 5414 iamsingularcs
2731 5345 2947 5415 Georgii
2977 5347 3243 5402 Scholarii
3267 5328 3511 5401 auctoris
3544 5354 3705 5401 notas
3741 5364 3852 5416 pne

2264 5457 2322 5496 se
2346 5441 2550 5503 ferunt,
2588 5450 2645 5494 ut
2671 5440 2960 5509 benignam
2982 5440 3186 5493 nullam
3214 5439 3721 5508 interpretationem
3757 5453 3854 5496 aut

2266 5530 2416 5586 falsae
2450 5531 2826 5600 inscriptionis
2883 5531 3303 5585 accusationem
3362 5530 3677 5583 admittant.
3735 5530 3854 5586 lloc

2261 5728 2279 5772 ι
2340 5649 2417 5728 (3)
2455 5647 2584 5701 Rob.
2613 5649 2988 5717 Creygthonus
3023 5649 3074 5702 in
3101 5647 3315 5703 Praefat.
3348 5648 3412 5700 ad
3440 5645 3697 5717 Syropuli
3721 5644 3850 5716 His-

2285 5735 2476 5772 orlﬂlll.

2285 5735 2476 5772 ortam.
