3962 6328
3524 106 3531 127 ,

3279 497 3395 544 ’,ἰ
3404 525 3451 544 m
3474 525 3496 544 ο

3059 712 3247 809 Ἆρ’

3178 788 3241 809 θ’-

542 289 649 356 τι
1607 287 1992 347 GENNADll
2034 290 2141 350 ce.
2172 265 2701 353 Pyrenaeae

550 410 847 469 Florentiae
902 404 1069 465 simul
1102 412 1310 463 essent.
1362 403 1468 461 Sed
1510 402 1807 476 Ephesium
1842 402 2145 460 verisimile
2171 411 2221 471 Α
2249 407 2461 464 ciendae
2491 410 2767 467 sententia
2812 411 2995 471 fuisse
3054 398 3561 476 “summa”
3611 418 3757 471 mir"...

546 519 632 564 est
692 522 802 580 quo
856 505 981 577 plus
1020 503 1252 559 haberet
1292 498 1554 571 ponderis
1583 497 1704 568 ejus
1755 498 1937 554 oratio
1963 537 1981 563 ,
2022 494 2143 552 eam
2202 557 2206 561 ,
2254 502 2300 558 si
2347 519 2507 573 quem
2547 503 2743 560 Latino
2775 507 2986 561 nomini
3016 494 3452 580 infensis‘im
3473 524 3585 564 esse
3615 524 3759 577 negare

540 603 752 674 scripto
785 596 1287 669 comprehendisse.
1320 592 1468 650 Sane
1506 601 1619 651 tam
1668 592 1957 665 perspicue
1984 607 2148 665 syno-
2251 612 2359 652 non
2393 605 2628 666 poterat,
2668 598 2835 655 alium
2867 600 3039 658 fuisse
3084 586 3435 674 existﬁavit.
3466 601 3603 657 Alius
3618 618 3760 670 nempe

555 670 689 753 dum
742 692 1117 751 Florentinam
1161 687 1442 760 designat,
1495 695 1555 744 ut
1600 687 1834 743 Allatius
1873 686 2025 756 ipser
2048 686 2144 757 qui
2250 692 2431 749 factus
2466 702 2552 749 est
2586 694 2718 750 dum
2752 697 2988 753 mutavit
3019 670 3376 762 sergium,
3408 695 3762 752 totGrtecorum

558 789 735 845 nodos
765 784 1036 859 ejusmodi
1073 782 1277 855 smpius
1307 782 1627 839 rescindere
1662 796 1830 854 quam
1869 780 2148 850 explicare
2250 785 2565 841 antistitum
2627 789 2905 859 exemplo,
2961 780 3308 860 ρειππίοηί
3375 791 3763 860 subscripserant,

540 882 712 947 solet,
746 856 944 951 aquam
979 877 1084 935 sibi
1120 878 1328 955 haerere
1375 891 1486 933 non
1554 876 1870 945 difﬁteatur,
1918 876 2012 931 sed
2057 889 2147 931 re-
2249 878 2397 946 quod
2426 877 2754 937 Scholarius
2793 856 2898 936 non
2936 856 3170 951 “rat.
3200 882 3319 950 Quo
3349 896 3484 937 vero
3526 856 3649 935 circa
3673 877 3766 932 Flo-

550 967 727 1031 currii
753 970 829 1028 "ad
860 987 1023 1029 suum
1056 954 1219 1027 illum
1248 969 1603 1028 Scholarium
1648 970 1763 1027 sive
1792 968 2140 1025 Gennadium
2249 972 2528 1027 rentinam
2564 972 2845 1045 synodum
2892 974 3070 1051 ,nimo
3096 974 3291 1042 fuerit,
3364 990 3517 1029 nemo
3537 972 3632 1041 jam
3674 986 3768 1026 con-

542 1068 987 1131 sehismaticum,
1021 1066 1091 1123 ad
1113 1080 1277 1138 quem
1295 1066 1477 1122 datam
1515 1065 1837 1129 arbitratur,
1878 1064 2026 1119 nulla
2052 1078 2139 1116 ra-
2244 1064 2477 1135 jeeturis
2500 1067 2721 1138 assequi
2763 1064 3074 1165 diy’naudo
3135 1068 3321 1135 debet,
3354 1065 3444 1125 sed
3479 1066 3586 1135 ejus
3613 1064 3770 1120 oratio-

547 1169 703 1223 tione
728 1164 926 1230 fultus,
953 1177 1118 1235 quam
1146 1160 1293 1233 quod
1322 1162 1368 1217 si
1403 1160 1468 1216 ad
1495 1158 1845 1217 Scholarium
1876 1158 1971 1228 qui
2014 1172 2138 1212 cum
2250 1159 2417 1215 nibus
2448 1160 2702 1216 credere.
2729 1156 3017 1235 Prfécipua
3054 1173 3140 1219 est
3186 1159 3538 1218 valedictoria
3562 1158 3618 1211 ad
3656 1156 3767 1211 Con-

548 1262 888 1339 imperatore
913 1256 983 1314 ad
1012 1256 1311 1313 concilium
1338 1254 1519 1320 venit,
1554 1252 1759 1324 scripta
1782 1252 1876 1316 sit,
1904 1250 2145 1307 concidit
2250 1252 2587 1314 stantinum,
2617 1254 2674 1308 in
2715 1232 2830 1325 qua
2866 1232 2975 1311 non
3011 1257 3178 1312 aliam
3208 1254 3447 1312 inimicis
3478 1254 3587 1309 suis
3617 1251 3776 1305 calum

550 1366 664 1411 tota
691 1354 929 1410 duorum
970 1350 1380 1407 Gennadiorum
1420 1346 1635 1402 fabula.
1665 1347 1731 1401 At
1764 1361 1889 1401 cum
1923 1344 2135 1415 liquido
2248 1346 2438 1401 niaudi
2472 1361 2701 1403 causam
2732 1342 2911 1422 fuisse
2944 1358 3210 1414 testatur.
3242 1365 3403 1422 quam
3428 1346 3561 1421 quod
3590 1345 3776 1401 innova-

547 1455 815 1519 appareat
839 1459 947 1499 non
968 1442 1137 1497 alium
1171 1442 1275 1496 hoc
1308 1438 1429 1495 loco
1449 1437 1749 1509 designari,
1773 1452 1939 1508 quam
1964 1437 2141 1490 virum
2225 1430 2386 1494 ‘tioni
2420 1454 2515 1507 per
2551 1420 2939 1519 deﬁnitionem
2972 1420 3293 1515 synodalem
3343 1420 3629 1499 iactantis
3675 1436 3779 1490 viri-

545 1500 951 1602 dotrttissitnum,
989 1534 1408 1607 philosophum,
1451 1533 1510 1587 in
1550 1500 1896 1602 amplissima
1960 1529 2144 1601 digoi-
2249 1530 2353 1587 bus
2393 1500 2735 1605 obsistere?"l
2757 1533 2906 1590 Idem
2960 1500 3198 1608 probant
3224 1500 3382 1593 varia
3404 1536 3645 1592 adversus
3663 1530 3780 1585 Lati-

547 1642 662 1692 tate
702 1632 1095 1695 constitutum,
1129 1628 1224 1701 qui
1252 1626 1322 1682 ad
1354 1626 1716 1685 concordiam
1738 1626 1983 1697 reliquos
2015 1625 2144 1679 hor-
2248 1640 2349 1681 nos
2387 1634 2443 1681 et
2472 1608 2934 1709 Latir_.op|ironas
2964 1630 3197 1702 scripta,
3228 1628 3623 1700 diSputationes
3681 1638 3779 1677 cum

548 1736 699 1787 tatus
732 1726 920 1794 fuerit,
951 1724 1100 1797 quod
1132 1724 1200 1780 de
1229 1737 1332 1780 suo
1362 1720 1649 1779 Gennadio
1679 1719 2048 1778 schismatico
2074 1731 2142 1771 ne
2179 1781 2218 1797 ﬁ
2249 1719 2507 1775 Cortona:
2542 1717 2836 1797 episeopo,
2874 1731 2930 1777 et
2964 1724 3073 1778 alia
3108 1739 3231 1795 quae
3262 1723 3348 1779 vel
3389 1735 3547 1791 supra
3584 1718 3787 1788 designa-

549 1823 871 1897 suspicatur
903 1821 1128 1894 quidem
1172 1817 1413 1874 Allatius
1435 1859 1451 1885 ,
1505 1816 1621 1871 haec
1654 1814 1716 1893 in
1740 1816 1953 1870 larvam
1993 1813 2141 1885 illam
2178 1781 2220 1838 Β
2253 1819 2305 1868 ta
2332 1822 2486 1878 sunt,
2507 1816 2674 1897 vetiti
2704 1781 2915 1873 Notitia
2942 1817 3067 1887 ejus
3093 1781 3332 1889 operum
3370 1781 3787 1885 designabantur:

546 1919 748 1976 radere
794 1932 909 1973 non.
949 1922 1204 1987 possunt,
1238 1911 1600 1968 ’Gennadium
1638 1890 1840 1981 nempe
1883 1909 2145 1973 alterum,
2254 1916 2366 1961 tum
2398 1922 2521 1978 quae
2552 1890 2657 1962 sub
2702 1907 2900 1963 lsidori
2933 1910 3233 1968 cardinalis
3303 1909 3609 1969 adventum,
3654 1916 3698 1960 et
3749 1903 3788 1956 in

548 2014 645 2085 qui
680 2012 957 2068 obscurus
1005 2011 1063 2064 in
1107 2007 1269 2071 cella,
1304 2007 1448 2063 solo,
1472 2005 1530 2060 in
1569 2004 1801 2060 Latinos
1833 2002 1964 2057 odio
1996 2015 2149 2054 com-
2253 2000 2370 2069 ipsa
2396 1996 2688 2071 obsidione
2718 2001 2969 2072 scripsit,
3004 2003 3226 2059 tandem
3282 2002 3471 2058 Oratio
3503 1997 3663 2056 codici
3693 1994 3782 2049 Ma-

553 2106 847 2165 mendatus
873 2144 888 2170 ,
920 2112 1049 2160 ante
1078 2108 1295 2173 captam
1330 2098 1529 2154 urbem
1564 2097 1708 2153 diem
1738 2111 1903 2153 suum
1933 2092 2147 2148 obiisse
2251 2108 2374 2164 gnte
2404 2092 2663 2149 Eculesiee
2696 2095 2929 2162 inserta,
2965 2111 3089 2151 cum
3114 2095 3485 2169 patriarchale
3516 2107 3691 2148 munus
3718 2089 3788 2141 de-

545 2201 772 2259 dicitur.
855 2222 861 2227 -
1420 2244 1434 2269 ,
2098 2192 2099 2195 “

2253 2187 2441 2258 posuit
2466 2244 2467 2247 η
2496 2188 2718 2243 Priores
2750 2189 2897 2244 enim
2928 2189 3321 2247 demonstrant
3346 2206 3471 2269 eum
3515 2186 3603 2259 qui
3627 2181 3791 2255 judicis

615 2295 821 2352 Verum
844 2290 948 2348 etsi
974 2288 1305 2348 Scholarius
1327 2259 1710 2343 Florentinam
1736 2284 1999 2339 unionem
2026 2297 2152 2338 ora-
2254 2270 2504 2349 primarii
2533 2280 2806 2352 dignitate
2840 2290 3099 2349 ornatus,
3156 2259 3491 2339 Florentiam
3524 2280 3574 2334 in
3600 2278 3792 2346 impera-

545 2391 703 2446 tieue
757 2384 1116 2449 laudaverit,
1148 2397 1260 2438 non
1321 2387 1509 2435 tamen
1571 2393 1694 2436 eam
1735 2377 2150 2446 subscriptione
2257 2376 2397 2431 toris
2432 2374 2693 2430 :omitatu
2759 2376 3048 2443 profectus
3077 2386 3182 2440 est.
3246 2378 3425 2448 ipsum
3452 2388 3571 2430 esse
3600 2370 3677 2440 qui
3703 2377 3794 2422 tan-

548 2482 821 2547 ﬂrmavit,
847 2494 973 2536 cum
1011 2478 1137 2533 laici
1176 2492 1289 2530 non
1335 2472 1801 2544 subscripserint.
1835 2473 2018 2540 Atque
2067 2470 2144 2524 ita
2256 2478 2339 2523 tas
2374 2475 2572 2522 contra
2613 2467 2837 2533 Latinos
2872 2478 2928 2524 et
2956 2466 3333 2525 Florentinam
3358 2468 3609 2524 unionem
3636 2460 3791 2516 turbas

548 2578 686 2653 nihil
718 2572 1119 2647 prepeinodum
1145 2568 1326 2629 egisse
1366 2565 1475 2624 sibi
1513 2564 1666 2621 visus
1696 2572 1803 2632 est,
1830 2562 1992 2635 quasi
2018 2576 2147 2618 ora-
2252 2560 2517 2629 excitavit
2551 2577 2565 2615 :
2610 2562 2953 2631 posteriores
3010 2562 3265 2617 eumdem
3320 2561 3672 2633 patriarcham
3708 2553 3795 2625 pri-

543 2649 687 2729 taris
728 2670 915 2741 potius
944 2680 1106 2720 more
1135 2660 1472 2719 sententiam
1524 2657 1764 2714 dixisset
1816 2656 2146 2728 imperatori
2252 2668 2405 2710 munt
2434 2654 2811 2726 designatum,
2833 2670 2900 2711 ex
2933 2668 3043 2727 quo
3064 2654 3575 2725 Constzintinoliolis
3608 2653 3653 2705 in
3680 2649 3795 2703 Tur-

559 2763 983 2837 perjucundam,
1002 2758 1446 2824 Graecorumque
1469 2751 1687 2808 atllictis
1704 2750 1872 2807 rebus
1900 2763 2148 2807 commo-
2252 2762 2445 2803 earum
2473 2755 2804 2817 potestatem
2833 2750 3011 2815 venit,
3029 2762 3223 2806 omnes
3247 2751 3391 2807 inter
3410 2765 3469 2804 se.
3492 2742 3797 2803 consentiunt

550 2834 869 2916 dissimam.
910 2854 1096 2925 Atque
1133 2851 1209 2906 ita
1265 2845 1824 2923 Constantinopolim
1860 2840 2147 2911 reversus,
2252 2848 2306 2895 et
2342 2840 2521 2915 [dcem
2554 2841 2742 2895 altera:
2780 2834 2971 2895 alteris
2998 2836 3365 2907 faenerantur,
3424 2852 3484 2895 ut
3551 2835 3797 2893 insititium

553 2953 740 3015 Marco
768 2948 1013 3020 Ephesio
1051 2942 1447 3001 reconciliatus
1498 2948 1605 3006 est,
1638 2948 1694 2995 et
1730 2954 1760 2994 a
1791 2937 2010 2993 Latinis
2034 2934 2147 2989 He—
2255 2935 2410 3000 illim
2442 2934 2602 2989 nullo
2626 2944 2805 3005 neque
2847 2934 2975 2991 loco
3008 2949 3188 3006 neque
3239 2944 3489 3007 tempore
3528 2930 3797 2987 consistere

554 3046 869 3115 neticisque
899 3039 1273 3106 abalienatus,
1322 3037 1469 3092 unde
1510 3034 1567 3089 in
1594 3030 1824 3089 Joannis
1876 3028 2147 3087 Palaeolo—
2252 3025 2558 3097 pf’ﬁantur.

552 3141 605 3213 gi
642 3138 1001 3195 oﬂ‘eusionem
1040 3132 1302 3197 incurrit,
1334 3129 1483 3201 quod
1555 3127 1827 3183 habemus
1890 3141 1960 3181 ex
2020 3123 2219 3199 ejusc
2326 3121 2519 3187 Operae
2554 3120 2793 3191 pretium
2847 3128 2934 3178 est
2966 3122 3142 3193 ipsius
3206 3122 3479 3179 Gennadii
3534 3120 3597 3175 de
3655 3116 3803 3187 seipse

552 3208 913 3303 dpologetica
944 3225 1011 3282 ad
1041 3222 1477 3281 Constantinum
1503 3218 1917 3287 oratione,qua3
1936 3214 2144 3269 Allatio
2196 3245 2205 3252 -
2236 3214 2551 3270 scribentis
2578 3216 2747 3270 verba
2784 3215 2998 3271 referre
3051 3232 3118 3272 ex
3202 3217 3411 3272 inedita
3470 3214 3698 3285 Epistola
3745 3208 3799 3267 ad

555 3339 842 3397 nunquam
875 3322 994 3377 visa
1031 3327 1137 3375 est.
1169 3315 1333 3373 Nulla
1389 3324 1501 3371 toto
1540 3312 1835 3368 intervallo
1876 3306 2149 3378 temporis
2257 3308 2409 3365 cives
2440 3324 2574 3388 suos
2606 3310 3021 3366 ecclesiasticos
3067 3320 3121 3365 et
3149 3312 3471 3376 smcuiares,
3497 3309 3683 3377 scripta
3732 3316 3806 3359 set

554 3396 703 3489 quod
735 3415 880 3469 inter
917 3411 1254 3467 Florentino:
1295 3406 1496 3478 synodi
1559 3403 1746 3466 finem,
1800 3407 1856 3457 et
1909 3396 2145 3454 Joannis
2254 3410 2382 3457 ante
2414 3410 2634 3472 captam
2705 3402 2905 3458 urbem
2972 3404 3282 3461 mensibus.
3342 3404 3631 3474 Postquam
3682 3398 3809 3451 initio

556 3509 848 3580 Palaeologi
880 3508 1096 3563 obitum
1125 3498 1710 3580 intercessit_alterius
1753 3495 1999 3565 Georgii.
2031 3493 2148 3549 sive
2252 3502 2482 3562 questus
2522 3504 2606 3553 est
2653 3495 2769 3565 peti
2798 3511 2857 3550 se
2904 3495 3075 3551 variis
3124 3496 3481 3553 inimicorum
3533 3493 3808 3554 calumniis.

553 3604 822 3663 Gennadii
849 3602 1056 3658 mentio
1092 3610 1196 3665 est,
1229 3596 1324 3671 sed
1353 3572 1571 3650 taritum
1600 3590 1769 3663 hujus
1836 3589 2018 3644 nostri
2049 3590 2145 3657 qui
2252 3587 2511 3641 intentari
2568 3589 2745 3641 minas
2783 3604 2795 3642 :
2827 3587 2949 3642 Non
2997 3589 3133 3652 alia,
3200 3591 3404 3660 inquit,
3475 3593 3673 3645 ratione
3732 3584 3809 3637 nisi

552 3694 1013 3769 coniunctissime
1043 3708 1170 3749 cum
1201 3674 1458 3755 eo'vixit,
1490 3688 1589 3759 qui
1615 3702 1749 3743 suos
1770 3686 1819 3741 ei
1880 3699 1980 3755 pro
2024 3684 2150 3737 Διί·
2251 3682 2388 3754 quod
2422 3682 2671 3736 nolumus
2712 3682 2963 3751 separari
2990 3700 3021 3736 a
3050 3685 3235 3750 patria
3266 3686 3645 3752 traditione,et
3673 3677 3807 3734 simul

553 3794 753 3851 atotele
784 3797 982 3849 contra
1025 3786 1340 3843 Gemistum
1366 3784 1542 3839 libros
1603 3780 1827 3845 dicavit,
1889 3778 1985 3847 qui
2034 3792 2149 3831 ιιιοι
2253 3796 2370 3833 cum
2390 3780 2520 3847 ipsis
2560 3778 2891 3846 impudentes
2928 3787 3120 3833 contra
3160 3779 3329 3833 Deum
3400 3780 3533 3835 ene.
3604 3778 3714 3831 Nisi
3737 3774 3813 3826 de.

554 3884 719 3939 rienti
744 3879 948 3945 adfuit,
980 3886 1035 3934 et
1079 3878 1193 3931 Deo
1224 3885 1365 3931 teste
1396 3873 1587 3929 multis
1632 3872 2003 3943 pratsentibus
2038 3870 2147 3925 Ec-
2256 3873 2431 3928 sidera
2468 3888 2648 3942 pacem
2689 3870 3083 3940 Ecclesiarum,
3130 3882 3178 3927 et
3201 3878 3543 3927 concordiam
3584 3868 3811 3925 Christia-

552 3976 736 4034 elesiee
770 3986 896 4030 'suze
924 3971 1193 4026 adversus
1253 3967 1479 4023 Latinos
1537 3966 1917 4023 defensionem
1972 3964 2035 4018 in.
2092 3979 2151 4020 se
2256 3984 2445 4020 norum
2500 3967 2758 4030 animum,
2798 3966 2889 4019 sed
2930 3983 3129 4034 veram,
3197 3968 3557 4035 spiritualem,
3608 3961 3813 4019 ecclesia-

554 4071 803 4140 recepit,
840 4066 1046 4137 quique
1088 4072 1166 4118 tot
1208 4061 1381 4117 libros
1406 4059 1581 4117 edidit
1611 4060 1814 4129 quibus
1842 4060 1974 4114 unio
2020 4058 2149 4113 Fio-
2253 4061 2468 4121 alicam,
2494 4058 2702 4127 justam
2741 4070 2791 4113 et
2834 4058 3151 4127 salutarem,
3187 4060 3298 4115 vita
3326 4080 3445 4116 mea
3488 4077 3612 4130 pare
3641 4063 3814 4113 careat.

555 4166 751 4221 rentia:
782 4164 926 4219 facta
964 4158 1395 4224 convelleretur,
1452 4155 1549 4227 qui
1582 4155 1807 4211 Graecos
1867 4154 2148 4209 antistites
2259 4154 2331 4207 De
2360 4154 2533 4223 primo
2560 4165 2734 4207 autem
2764 4150 2961 4221 capite,
2992 4172 3178 4223 nempe
3206 4157 3349 4225 quod
3380 4157 3680 4227 religionem
3710 4150 3814 4203 atti-

554 4260 739 4314 adbuc
794 4255 973 4311 laicus
1012 4268 1041 4309 a
1100 4252 1419 4307 coronando
1455 4249 1826 4306 Constantino
1854 4242 2150 4312 deterruit,
2255 4248 2430 4310 nebat,
2456 4248 2574 4300 dico
2592 4248 2977 4317 etlestorquod
2996 4248 3239 4320 hancego
3258 4262 3501 4304 sanctam
3526 4242 3819 4302 matremEr-

554 4360 609 4408 at
650 4350 867 4410 tandem
902 4348 957 4403 in
994 4342 1394 4402 monasterium
1448 4359 1509 4399 se
1548 4344 1761 4413 recepit
1813 4343 1979 4414 paulo
2012 4350 2145 4396 ante
2255 4344 2472 4398 clesiam
2492 4360 2610 4395 cum
2634 4342 2759 4396 aliis
2782 4344 2951 4397 tribus
2970 4345 3327 4399 sanctissimis
3351 4343 3669 4410 patriarchis
3689 4336 3820 4391 habui

552 4457 769 4517 captam
809 4442 1028 4501 urbem.
1057 4440 1193 4507 Qua:
1226 4441 1416 4494 omnia
1457 4454 1525 4493 ex
1558 4436 1676 4492 sola
1704 4436 1773 4491 ad
1823 4433 2145 4491 Constanli-
2194 4516 2201 4517 ί
2254 4454 2456 4507 semper
2480 4446 2531 4491 et
2563 4438 2725 4490 habeo
2766 4446 3021 4507 tanquam
3055 4454 3233 4491 veram
3260 4436 3492 4491 Matrem
3524 4436 3817 4490 orthodoxi)-

553 4516 691 4595 num
718 4535 951 4608 epistola
988 4544 1103 4590 tam
1129 4534 1426 4605 perspicue
1484 4530 1968 4593 demonstrantur,
2001 4535 2061 4582 ut
2092 4528 2145 4580 in
2189 4516 2230 4571 ί)
2262 4548 2378 4584 rum
2430 4529 2890 4591 Christianorum,
2925 4531 2979 4581 in
3024 4546 3151 4605 qua],
3172 4532 3309 4583 sicut
3346 4532 3505 4584 initio
3526 4526 3821 4597 ργίειίίεαιίωο

552 4631 853 4686 obscurum
884 4626 1114 4682 alterum
1150 4623 1500 4679 Gennadium
1542 4622 1759 4677 cadere‘
1781 4632 2139 4691 nequaquam
2257 4626 2337 4678 nis
2380 4623 2716 4693 euangelicos,
2740 4624 2905 4692 juxta
2924 4622 3139 4677 Domini
3164 4625 3571 4693 prmdictionem
3596 4623 3823 4691 [idcipt‘o-

555 4718 789 4788 possint,
830 4730 992 4787 quem
1020 4712 1364 4770 Florentiam
1435 4712 1625 4777 ivisse,
1651 4712 1849 4768 unioni
1911 4710 2145 4774 favisse,
2258 4716 2412 4771 ὺαιὲο
2430 4718 2730 4786 efﬁcaciter
2759 4719 3058 4787 per/icitur,
3090 4734 3152 4771 ex
3179 4719 3423 4772 omnibus
3460 4719 3735 4789 apostasia:
3761 4716 3826 4765 in-

556 4811 968 4881 pbitosophum,
994 4808 1239 4879 iudicem
1291 4806 1621 4878 primarium
1647 4804 1869 4861 Notarae
1928 4805 2151 4861 amicis-
2259 4812 2525 4867 cursibus.
2550 4811 2747 4867 Omnia
2783 4815 2943 4867 etiam
2975 4814 3133 4882 hujus
3169 4813 3430 4868 Ecclesite
3459 4816 3704 4884 dogmata
3732 4824 3826 4863 ant-

555 4912 760 4963 sintutn
794 4908 892 4978 (Ι),
919 4907 1071 4961 Italis
1121 4906 1303 4961 doctis
1360 4903 1910 4974 conjunctissimum,
1979 4902 2151 4959 Marci
2259 4897 2461 4973 plector
2498 4916 2751 4976 tanquam
2778 4907 2981 4971 divina,
3027 4908 3306 4961 verissima
3333 4917 3381 4961 et
3406 4910 3696 4972 salutaria,
3722 4920 3826 4974 qui)-

556 5002 777 5073 Ephesii
808 5001 1148 5070 discipulum
1198 4990 1252 5055 et
1304 4999 1785 5071 pernecessarium
1825 4998 2021 5064 fuisse,
2057 5014 2151 5055 ne-
2263 5017 2378 5053 rum
2404 5018 2570 5054 unum
2601 5010 2702 5066 est,
2734 5000 2874 5070 quod
2925 4998 3162 5069 Spiritus
3219 5011 3447 5057 sanctus
3519 5018 3583 5057 ea:
3635 5001 3728 5056 Deo
3786 5004 3825 5049 ct

556 5110 646 5149 tuo
674 5109 915 5164 unquam
954 5093 1063 5147 ullo
1090 5093 1288 5148 idoneo
1324 5093 1648 5149 testimonio
1676 5094 1909 5163 probare
1941 5100 2153 5163 potest,
2252 5082 2429 5148 Ῥαιιέ
2460 5095 2697 5164 procedit
2737 5096 2842 5148 sive
2876 5093 3147 5160 subsistit,
3197 5096 3651 5164 quemadmodum
3697 5092 3828 5145 halc-

556 5190 730 5243 multo
760 5189 946 5241 minus
978 5185 1032 5240 id
1056 5186 1202 5256 quod
1224 5186 1459 5271 Allatius
1492 5186 1818 5256 palmarium
1853 5202 2152 5257 argumen-
2261 5200 2348 5242 tur
2376 5190 2433 5242 in
2474 5185 2725 5258 Symbolo
2805 5188 3045 5241 omnium
3104 5188 3437 5258 gerteralium
3492 5188 3825 5243 conciliorum.

555 5294 667 5336 tum
703 5282 890 5344 habet,
919 5280 1272 5335 Scholarium
1302 5296 1411 5333 non
1445 5281 1551 5337 nisi
1600 5288 1906 5353 postquam
1971 5279 2155 5350 digni-
2264 5280 2450 5353 Neque
2480 5282 2621 5336 enim
2652 5296 2714 5337 ex
2749 5280 2911 5335 Patre
2930 5293 2978 5336 et
3017 5280 3186 5347 Filio,
3225 5292 3283 5335 ut
3338 5281 3663 5337 ιαιίηοτιιηι
3696 5278 3828 5348 Synt-

556 5384 721 5430 tatein
772 5377 1105 5443 abdicasset,
1183 5376 1557 5430 monasticam
1622 5376 1790 5430 vitam
1833 5374 2147 5444 professum
2264 5378 2439 5430 bolum
2472 5376 2626 5443 dicit,
2659 5385 2708 5429 et
2748 5374 3067 5430 Florentino
3110 5376 3346 5448 synodus
3372 5377 3642 5432 inauditis
3686 5371 3827 5439 expli—

556 5486 701 5525 esse.
1086 5522 1096 5531 ,
2264 5470 2565 5524 cationibus
2603 5470 2839 5539 exponit.
2875 5471 3179 5541 Amplector
3212 5471 3416 5538 factam
3473 5473 3658 5526 contr‘a
3719 5468 3831 5522 Bec-

624 5562 765 5629 Quia
798 5577 930 5618 vero
963 5562 1117 5617 illum
1152 5563 1206 5616 in
1245 5561 1497 5618 eamdem
1563 5576 1800 5631 semper,
1831 5576 1994 5630 quam
2030 5560 2154 5614 Flo-
2267 5580 2386 5617 cum
2418 5563 2872 5633 Latinephronem
2906 5574 3150 5619 sanctam
3196 5574 3245 5620 et
3291 5583 3544 5636 magnam
3568 5566 3826 5636 synodum,

556 5658 749 5712 rentize
786 5657 1221 5728 significaverat,
1262 5650 1577 5747 concordia:
1617 5670 1745 5709 cum
1784 5653 1994 5710 Latinis
2034 5670 2161 5710 san—
2272 5668 2320 5710 et
2353 5675 2467 5713 eam
2502 5657 2731 5727 ﬁrmiter
2755 5658 2893 5713 inter
2928 5642 3279 5715 wr‘untenicas
3338 5661 3707 5717 collocandum
3732 5676 3832 5713 cm-

3685 308 3760 370 m

620 5860 693 5927 (t)
727 5859 753 5910 ι’
768 5857 847 5911 ide
875 5859 998 5913 infra
1025 5861 1265 5915 Gennadii
1300 5840 1361 5911 et~
1384 5859 1577 5913 Notam:
1600 5859 1855 5919 ammbtcas
1884 5861 2133 5933 epistolas.
2161 5860 2298 5911 Εοιτ.
