3962 6328
490 160 741 475 λ

715 597 920 737 δι’λέ

855 737 1004 789 ὅλα

3353 228 3476 253 (ενι

3353 251 3489 292 2.ιῦ’“

1745 251 1939 312 νιτΑ.

741 367 834 420 tici
888 366 1126 422 absentia
1168 364 1505 421 acumenicce
1564 362 1764 433 synodo
1799 370 1841 425 Α
1873 362 1975 418 Sed
2006 359 2305 430 spiritualis
2330 355 2486 424 paria
2526 349 2860 408 sentientium
2893 348 3215 413 communio,
3246 355 3295 401 et
3335 361 3459 415 per.

766 459 867 529 ert.
913 457 1173 529 Ejusdem
1250 453 1537 511 terribilem
1563 462 1771 508 senten-
1877 453 2013 521 [ecta
2042 450 2402 505 subordinatio
2431 463 2555 518 erga
2591 442 2853 514 legitimos
2884 448 3147 509 pastores,
3217 439 3273 492 in
3314 453 3461 492 com-

842 559 892 605 et
958 548 1430 604 anathematismis
1494 553 1774 599 trementer
1877 543 2363 599 memorationeilla
2396 539 2663 596 consistit.
2689 535 2896 608 Synodi
2908 549 3031 589 vero
3060 543 3107 588 et
3136 529 3245 588 SS.
3269 530 3458 584 Patres

920 661 968 698 m
1001 654 1050 699 et
1123 645 1364 697 divinam
1424 640 1771 705 sententiam,
1876 637 2156 705 deﬁniunt,
2188 644 2242 688 ut
2282 651 2313 688 a
2337 649 2560 705 quorum
2597 632 2841 702 Opinione
2858 627 3224 690 abhorremus,
3253 639 3457 680 eorum

1012 738 1173 801 tibus,
1207 746 1256 791 et
1297 736 1362 790 de
1401 733 1562 801 Papa:
1626 749 1774 787 com-
1878 740 1995 794 dem
2036 734 2455 791 communionem
2482 732 2659 813 fugere
2678 736 2942 801 Oportcat.
2976 723 3153 780 Multa
3181 722 3294 776 alia
3318 720 3466 791 ejus-

163 397 265 445 seo,
292 381 433 451 quia
500 381 617 445 se"

166 473 487 544 qualitatem
530 473 715 539 non”!

172 567 297 619 tiam
328 578 455 616 cum
512 568 707 615 semen

172 658 428 725 suscipio,
466 664 741 721 tanquam
763 665 785 702 s

174 769 291 821 qua:
327 751 396 803 de
426 745 756 800 Latinorum
816 742 885 809 d6j

177 842 572 898 memoratione
596 825 1204 898 conoenientiahcreta
1226 830 1502 891 statuerit,
1534 825 1783 880 Persisto

179 941 311 991 inea
347 933 713 1003 promissione
744 947 847 1001 qua
874 945 955 982 me
1014 917 1283 999 ob'qtrinxi
1306 924 1458 975 beato
1514 917 1777 988 Ephesino

179 1031 450 1098 episcopo,
481 1044 601 1081 cum
638 1026 709 1080 ad
734 1025 899 1080 Deum
923 1010 1252 1091 migralurus
1278 1023 1620 1077 esset,coram
1647 1012 1777 1080 Deo,

183 1120 395 1189 angelis
419 1128 467 1173 et
498 1115 827 1179 hominibus,
864 1123 913 1168 et
965 1100 1426 1185 disputationibus
1453 1121 1587 1174 quas
1619 1103 1781 1157 habui

183 1215 440 1267 adversus
492 1212 793 1281 episcopum
855 1205 1104 1263 Cornotte
1158 1204 1229 1285 ac}
1271 1200 1782 1257 demonstrationem

183 1307 429 1361 veritatis
461 1319 620 1375 quam
644 1300 982 1372 proﬁtemur,
1012 1307 1067 1351 ut
1086 1297 1249 1365 etiam
1278 1294 1503 1349 diuersis
1534 1290 1782 1363 operibus

184 1418 307 1469 quin
339 1416 439 1468 pro
466 1397 645 1467 patria
669 1396 794 1466 ﬁde,
817 1394 994 1448 divino
1048 1407 1269 1446 munere
1308 1387 1575 1459 publicavi
1612 1400 1784 1451 :con-

185 1492 423 1561 fessione
461 1504 663 1560 quoque
683 1487 808 1557 ﬁdei
839 1501 988 1551 mea,
1024 1483 1104 1539 vel
1138 1482 1347 1563 potius
1365 1480 1651 1536 catholica:
1679 1475 1785 1531 Ec-

184 1584 393 1648 clesiae,
436 1596 595 1652 quam
630 1588 755 1634 ante
808 1577 1083 1633 biennium
1128 1584 1391 1635 accurate
1447 1572 1781 1628 elaboratam

184 1676 438 1746 evulgari
475 1692 491 1729 :
532 1671 1007 1742 subscriptionl'bus
1028 1669 1192 1724 etiam
1219 1684 1353 1739 quas
1388 1680 1511 1721 cum
1537 1663 1785 1719 ecclesia-

190 1771 346 1825 sticis
379 1768 530 1832 viris,
558 1767 744 1821 eadem
778 1764 1054 1820 nobiscum
1082 1761 1433 1818 sentientibus
1469 1758 1667 1826 scripto
1691 1757 1783 1827 ﬁr-

189 1864 463 1917 mavimus
492 1860 653 1931 legati
711 1867 959 1928 tempore,
984 1867 1033 1913 et
1072 1856 1263 1911 deinde
1305 1863 1423 1925 post
1468 1852 1784 1933 legationem

189 1953 404 2007 domini
437 1951 678 2018 Brennii,
705 1951 861 2021 cujus
882 1950 1145 2021 particeps
1172 1947 1320 2003 nullo
1355 1940 1509 2001 modo
1534 1943 1636 2015 fui,
1668 1959 1785 1997 cum

191 2064 463 2118 nusquam
492 2046 652 2115 Papa:
684 2038 1516 2106 commemorationemsuscipere
1553 2036 1782 2091 statuis-

190 2157 399 2207 semus,
438 2138 672 2208 quandiu
702 2138 845 2191 circa
892 2136 1159 2204 pra-cipua
1183 2134 1308 2202 ﬁdei
1336 2129 1784 2202 dogmatadivisi

189 2245 239 2288 et
272 2231 551 2287 discordes
585 2245 814 2284 essemus
841 2230 906 2282 ab
936 2244 1003 2281 eo
1056 2227 1227 2285 secuti,
1273 2226 1544 2294 praedictae
1596 2219 1789 2292 synodi

191 2326 593 2396 definitionem,
640 2331 856 2392 patrum
938 2326 1243 2372 nostrorum
1308 2314 1792 2385 magistrorumque

192 2419 459 2474 omnium.

249 2512 426 2567 idem
464 2511 517 2565 in
545 2508 782 2583 epistola
822 2508 888 2563 ad
922 2506 1261 2580 Sylvestrum
1323 2517 1580 2573 magnum
1598 2513 1791 2557 ecete-

194 2606 509 2668 siarcham,
538 2613 594 2659 et
636 2603 700 2658 ad
730 2600 1076 2673 Agallianum
1125 2586 1629 2668 chartophylacem,
1666 2594 1793 2649 reli-

194 2714 460 2770 quosque
487 2695 900 2752 ecclesiasticos
926 2692 1134 2765 scripta
1163 2706 1290 2747 cum
1320 2689 1571 2760 Liturgia
1608 2686 1792 2757 publi-

196 2809 259 2847 ce
292 2791 675 2849 celebraretur
697 2796 821 2858 post
872 2794 1193 2841 renovatum
1236 2784 1499 2839 unionem
1533 2795 1659 2836 cum
1693 2780 1793 2837 lsi-

198 2882 343 2934 doro
373 2878 657 2935 cardinale
686 2876 897 2932 Russiaz
939 2876 1119 2946 legato
1152 2873 1475 2954 apostolico,
1499 2880 1791 2943 postquam

197 2973 500 3027 excusavit
543 2985 601 3025 se
630 2969 777 3041 quod
816 2976 1049 3024 vocatus
1081 2968 1161 3023 ire
1188 2967 1254 3022 ad
1282 2966 1552 3039 synodum
1580 2963 1795 3019 renuis-

200 3075 310 3122 sct.
344 3066 430 3120 Ad
460 3064 590 3135 quid
626 3080 787 3135 porro
812 3062 921 3118 hcce
978 3061 1195 3133 synaxis
1224 3060 1405 3114 habita
1432 3066 1512 3159 est
1535 3055 1795 3159 .’.l\lempe
1823 3100 1867 3159 ο

199 3158 329 3226 quia
361 3171 431 3211 ea:
453 3172 556 3227 quo
586 3157 711 3210 unio
750 3171 845 3225 per
882 3154 1131 3224 p0pulum
1166 3152 1315 3222 facta
1374 3160 1452 3205 est
1482 3148 1642 3221 (vah!
1674 3165 1798 3203 nam

201 3250 403 3303 dirisio
438 3258 517 3303 est
548 3266 580 3303 a
606 3248 759 3315 Deo),
810 3247 1293 3305 ecclesiasticarum
1328 3260 1637 3301 consensum
1667 3243 1802 3299 obti—

205 3358 331 3396 nere
396 3340 655 3411 gestiunt.
718 3338 1016 3409 Relinquite
1067 3354 1147 3393 me
1201 3338 1389 3391 horum
1445 3338 1800 3407 inexpertum,

208 3451 383 3487 meam
408 3434 547 3488 enim
573 3432 636 3486 de
660 3432 758 3485 hoc
781 3436 989 3502 negotio
1012 3431 1328 3486 sententiam
1358 3430 1553 3485 millies
1588 3430 1792 3496 eidomio

206 3540 308 3577 nus
340 3534 524 3578 noster
553 3524 864 3592 imperator,
888 3532 936 3576 et
959 3523 1076 3592 ejus
1126 3521 1448 3585 consiliarii,
1469 3508 1477 3515 ’
1496 3531 1543 3575 et
1571 3537 1657 3575 vos
1690 3536 1796 3574 om-

207 3637 299 3672 nes
335 3618 700 3687 perspexistt's.
735 3615 873 3672 Ante
907 3616 1000 3689 hos
1063 3615 1321 3686 siquidem
1377 3615 1487 3669 dies
1548 3615 1669 3668 misi
1731 3611 1801 3667 ad

205 3728 328 3765 eum
359 3726 457 3779 per
511 3707 858 3764 venerabile»:
887 3707 1206 3762 monachum
1260 3716 1309 3761 et
1361 3707 1687 3781 sacerdotem
1734 3705 1798 3761 D.

208 3804 484 3871 Ignatium
518 3802 753 3867 capitula
791 3801 1070 3857 duodecim
1100 3801 1166 3855 de
1202 3802 1301 3855 hoc
1327 3802 1660 3872 argumento,
1689 3816 1806 3870 qua:

210 3906 260 3950 et
285 3897 390 3965 ipsi
412 3894 647 3949 vidistis.
670 3892 783 3965 Ego
812 3909 930 3949 vero
978 3893 1129 3965 aliud
1150 3892 1279 3962 quid
1311 3891 1374 3946 ab
1410 3908 1468 3947 eo
1492 3892 1633 3963 quod
1668 3908 1804 3947 nunc

209 3964 354 4049 dico,
377 4003 649 4057 nunquam
683 3964 905 4054 dicam,
943 3964 1376 4058 quandoquidem
1430 3983 1803 4041 Florentinam

211 4084 368 4137 illam
396 4082 665 4152 synodum
692 4096 750 4136 eo
777 4080 891 4135 loco
929 4081 1116 4147 habeo,
1152 4096 1256 4151 quo
1292 4080 1439 4149 apud
1499 4079 1664 4133 Deum
1701 4088 1800 4143 est,

212 4184 263 4227 et
304 4175 507 4228 veritas
558 4173 727 4238 docet,
788 4171 1186 4243 Christianique
1243 4188 1423 4226 omnes
1445 4172 1674 4240 legitimi
1702 4170 1802 4225 Ec-

212 4265 401 4318 desit?
426 4262 723 4319 Orientalis
761 4262 863 4333 ﬁlii
895 4262 1056 4332 juxta
1086 4272 1396 4318 sanctorum
1416 4260 1643 4316 Patrum
1684 4279 1803 4317 sen-

215 4357 443 4411 tentiam
476 4364 525 4409 et
554 4355 935 4409 conscientiam
968 4371 1123 4408 suam
1145 4355 1382 4409 sentiunt
1412 4363 1494 4420 ,et
1514 4364 1571 4407 ut
1601 4353 1801 4408 clarius

1806 2834 1851 2873 ε.

1879 830 2022 884 modi
2056 828 2319 898 deﬁniunt
2352 824 2494 881 vobis
2526 825 2668 878 haud
2697 826 2899 893 ignota.
2924 820 3047 875 Prw
3070 817 3313 873 omnibus
3348 830 3466 870 uero

1882 922 2139 978 Dominus
2175 921 2313 975 dixit
2342 934 2360 973 :
2388 918 2631 997 alienjtm
2657 932 2761 971 non
2809 922 3115 985 sequentur,
3141 910 3232 966 sed
3262 908 3466 980 fugient

1882 1013 1947 1069 ab
1985 1007 2268 1082 ipso,qu‘ia
2292 1025 2398 1063 non
2450 1013 2647 1061 norunt
2698 1021 2874 1060 vocem
2936 1006 3259 1059 alienorum.
3315 998 3468 1053 Absit

1881 1120 2083 1175 quoque
2103 1111 2161 1157 ut
2192 1100 2487 1156 Ecclesiam
2524 1114 2718 1162 meam,
2752 1112 2871 1167 qua:
2923 1111 3113 1151 sancta
3138 1106 3214 1151 est
3268 1093 3466 1148 Ortho-

1883 1196 2144 1250 doxorum
2173 1202 2359 1259 mater,
2387 1192 2585 1262 faciam
2606 1190 2937 1254 hareticam,
2971 1189 3270 1259 suscipiens
3301 1189 3468 1253 Papa:

1884 1288 2458 1351 commemorationem,
2492 1282 2747 1355 quamdiu
2789 1281 2941 1354 Papa
2964 1296 3026 1337 ea
3059 1278 3400 1348 conﬁtebitur
3419 1287 3469 1330 et

1886 1382 2079 1449 credet,
2109 1397 2335 1451 quorum
2379 1394 2546 1434 causa
2579 1393 2612 1431 a
2661 1385 2842 1431 nostra
2898 1372 3141 1428 Ecclesia
3197 1388 3301 1426 non
3351 1386 3471 1425 sus-

1886 1474 2100 1544 cipitur.
2126 1472 2184 1529 Si
2207 1474 2324 1545 quis
2348 1474 2488 1529 enim
2517 1488 2657 1526 nunc
2680 1471 3001 1539 conﬁteatur
3045 1485 3163 1525 eum
3194 1475 3335 1523 recte
3362 1466 3474 1521 dis-

1884 1583 2105 1638 pensare
2130 1567 2342 1622 uerbum
2403 1565 2664 1630 veritatis,
2724 1565 2926 1635 fatetur
2950 1564 2995 1619 is
3052 1557 3286 1632 majores
3345 1576 3474 1616 suos

1887 1663 2055 1730 fuisse
2085 1661 2381 1716 haereticos.
2403 1658 2679 1715 Sententia
2710 1659 2876 1727 igitur
2904 1672 3019 1711 mea
3063 1656 3189 1710 talis
3211 1664 3313 1721 est,
3363 1653 3482 1723 fuit

1887 1764 1936 1813 et
1966 1735 2087 1821 erit,
2120 1770 2311 1825 eraque
2333 1762 2483 1809 extra
2506 1751 2934 1807 communionem
2953 1750 3139 1820 Papw,
3163 1757 3211 1803 et
3237 1748 3475 1802 omnium

1889 1852 1980 1921 qui
2022 1850 2106 1905 illi
2149 1864 2457 1921 quocunque
2511 1846 2667 1900 modo
2715 1844 3131 1910 communicant,
3176 1853 3235 1897 ut
3289 1852 3469 1910 patres

1891 1945 2083 2010 nostri,
2116 1956 2339 2013 quorum
2358 1942 2611 2010 pietatem
2638 1940 2847 1994 imitari
2879 1956 2973 1995 nos
3028 1938 3197 2004 decet,
3229 1953 3347 1992 cum
3385 1952 3489 1990 nec-

1890 2036 2253 2098 sanctitatem,
2286 2051 2377 2089 nec
2415 2034 2737 2104 sapientiam
2765 2034 2985 2089 illorum
3008 2031 3316 2088 habeamus.
3349 2030 3477 2086 "me

1891 2143 2026 2183 sane
2058 2126 2237 2182 oratio
2274 2141 2383 2181 non
2415 2135 2501 2181 est
2560 2125 2739 2180 Latini
2804 2126 3068 2187 hominis,
3101 2133 3198 2181 aut
3228 2125 3346 2197 ejus
3377 2125 3477 2194 qui

1892 2220 1945 2274 in
1986 2221 2359 2279 Romanorum
2394 2218 2727 2274 sententiam
2769 2217 3076 2273 transierit.
3112 2215 3209 2272 Est
3286 2226 3473 2270 autem

1891 2313 2011 2383 ejus
2041 2313 2134 2383 qui
2167 2313 2222 2367 in
2247 2311 2371 2366 aula
2411 2311 2648 2376 vixerat,
2687 2313 2783 2380 qui
2816 2310 3159 2365 Florentium
3198 2307 3499 2380 prolectus

1893 2413 2034 2471 erat,
2062 2404 2267 2473 quique
2289 2401 2607 2474 patriarcha
2640 2411 2764 2472 post
2812 2411 3027 2474 captam
3061 2401 3257 2457 urbem
3292 2402 3478 2459 statim

1894 2508 2113 2554 creatus
2156 2498 2452 2568 estzquod
2474 2514 2581 2553 non
2632 2499 2747 2554 sola
2790 2498 2989 2569 probat
3043 2496 3297 2553 codicum
3344 2511 3482 2552 mss.

1895 2589 2055 2656 ﬁdes,
2087 2593 2183 2648 sed
2225 2592 2311 2646 vel
2344 2607 2450 2646 una
2493 2592 2724 2662 epistola
2751 2591 2819 2646 ad
2854 2605 3050 2647 omnes
3083 2589 3273 2646 ﬁdeles
3327 2592 3482 2645 vale-

1897 2687 2125 2742 dit'toria
2158 2701 2282 2742 cum
2313 2685 2638 2757 dignitatem
2690 2684 3017 2757 deponeret,
3061 2684 3285 2741 abunde
3349 2699 3491 2740 con-

1899 2778 2102 2834 ﬁrmat.

1966 2867 2144 2924 Porro
2195 2882 2543 2941 quaecunque
2627 2870 2695 2926 de
2750 2868 2969 2927 duobus
3022 2867 3324 2925 Gennadiis
3373 2868 3519 2924 sive»

1900 2960 2205 3018 Sellolariis
2246 2975 2276 3017 a
2328 2962 2700 3037 Caryophyllo
2784 2971 2880 3018 aut
2937 2962 3144 3019 Allatio
3202 2962 3489 3032 disputata

1900 3066 2053 3124 sunt,
2103 3067 2309 3129 praeter
2371 3074 2434 3118 ea
2484 3075 2606 3131 quae
2650 3060 2882 3132 carptim
2941 3057 3326 3132 delibavimus,
3375 3074 3516 3113 non.-

1904 3151 2040 3207 tanti
2073 3152 2332 3210 videntur
2367 3169 2516 3223 esse,
2551 3161 2611 3209 ut
2648 3154 2715 3209 ad
2751 3152 3040 3224 singulare
3062 3168 3297 3207 examen
3325 3167 3486 3207 revo—

1903 3247 2075 3302 cauda
2126 3248 2262 3304 sint.
2315 3248 2373 3303 Id
2413 3249 2561 3305 enim
2609 3263 2717 3304 non
2754 3247 2862 3304 nisi
2924 3248 3139 3321 prolixa
3175 3256 3229 3303 et
3262 3248 3520 3303 tte-diosa.

1905 3346 2379 3399 commentatione
2430 3350 2615 3414 potest
2671 3341 2913 3407 absolvi,
2959 3343 3055 3399 sed
3110 3342 3322 3413 absque
3372 3341 3509 3396 ullo-

1904 3445 2085 3500 operae
2111 3431 2308 3502 pretio.
2341 3429 2477 3487 Nam
2505 3432 2594 3487 cui
2629 3431 2797 3488 semel
2827 3439 3125 3502 perspecta
3156 3430 3326 3485 fuerit
3358 3431 3497 3488 ιιι-θον

1906 3523 2010 3586 vis,
2047 3539 2211 3593 quam
2257 3540 2324 3579 ex
2375 3525 2553 3581 certis
2613 3524 2995 3581 monumentis
3057 3524 3491 3590 delineavimus,

1904 3615 2161 3673 Historiae
2183 3616 2562 3675 Gennadianse
2598 3618 2881 3689 synopsis,
2916 3618 2965 3673 is
2988 3618 3174 3674 statim
3203 3618 3496 3690 intelliget,
3520 3670 3525 3677 .

1904 3711 1961 3765 in
1992 3711 2195 3781 quibus
2226 3721 2283 3766 et
2316 3710 2536 3781 quoties
2562 3710 2938 3765 hallucinatus
2978 3709 3143 3765 fuerit
3175 3708 3257 3764 vir
3283 3708 3497 3765 doctis-

1907 3801 2105 3877 simus.
2141 3801 2329 3859 Mirari
2365 3818 2498 3859 vero
2544 3803 2683 3858 satis
2719 3818 2827 3858 non
2863 3818 3162 3874 possumus
3193 3818 3341 3869 eum,
3370 3818 3527 3858 ειιιιιν

1906 3896 2146 3969 primum
2191 3897 2244 3952 in
2293 3912 2457 3969 opere
2491 3896 2554 3952 de
2594 3905 2847 3966 perpetuo
2892 3913 3155 3953 consensu
3201 3895 3301 3969 (1),
3346 3897 3530 3953 edito-

1907 4005 2055 4045 anuo
2094 3988 2254 4054 16M,
2292 3989 2701 4049 contentiosum
2734 3990 2880 4043 hunc
2914 3989 2987 4045 de
3019 3988 3234 4043 duobus
3268 3986 3494 4043 Genna-

1908 4082 2017 4139 diis
2067 4082 2252 4137 [uitem
2308 4081 2511 4137 ducere
2562 4082 2848 4152 cmpisset,
2903 4081 3111 4138 deinde
3162 4082 3327 4153 paulo
3370 4090 3523 4153 post~

1908 4174 2295 4232 Dissertationi
2342 4176 2410 4230 de
2468 4173 2725 4245 Georgiis
2763 4175 2840 4246 (2)
2893 4183 3064 4232 totam
3125 4192 3283 4232 suam
3328 4175 3528 4231 verbo-

1906 4274 2072 4322 tenus
2118 4266 2560 4337 disputationem
2618 4266 2973 4333 inseruisset,
3017 4276 3142 4339 post
3178 4283 3353 4323 annos
3397 4268 3494 4324 tri-

1908 4358 2057 4430 ginta
2085 4372 2194 4413 non
2238 4359 2499 4415 secundis
2526 4366 2620 4414 aut
2658 4359 2835 4416 tertiis
2871 4360 2957 4416 vel
3006 4360 3305 4418 tricesimis
3348 4361 3496 4419 curis

213 4450 421 4513 dicam,
459 4464 575 4501 eam
601 4449 859 4517 synodum
887 4448 1043 4503 talem
1079 4448 1348 4512 existimo,
1383 4448 1557 4517 qualis
1584 4452 1808 4517 pseudo-
1844 4444 1886 4501 D
1917 4451 2197 4507 meliorem
2254 4450 2453 4506 factam
2507 4451 2562 4505 in
2618 4466 2786 4523 opere
2823 4462 3019 4508 contra
3074 4452 3524 4525 Creyghtonumz

214 4542 545 4596 cecnmenica
566 4541 661 4594 illa
683 4542 779 4595 sub
802 4539 1113 4596 Constantio
1149 4540 1274 4609 fuit,
1291 4555 1409 4610 quw
1438 4538 1811 4595 Consubstan-

217 4635 373 4699 tiale,
407 4644 465 4687 ut
487 4634 591 4687 sibi
625 4633 925 4702 videbatur,
971 4633 1287 4688 sustulerat.
1320 4678 1327 4686 .
1356 4634 1623 4699 Quoniam
1686 4636 1812 4689 item

218 4744 338 4782 utea
360 4728 625 4782 sententia
653 4734 752 4793 est,
786 4726 926 4797 quod
948 4726 1039 4797 qui
1070 4724 1232 4796 Papa:
1254 4726 1810 4782 commemorationem

218 4822 381 4889 facit,
414 4833 508 4874 aut
535 4821 754 4890 facienti
798 4821 1178 4884 communicat,
1237 4820 1399 4874 etiam
1448 4820 1672 4875 consilio
1716 4830 1813 4875 aut

218 4914 622 4976 adhortatione,
658 4912 782 4967 talis
843 4913 985 4984 apud
1026 4930 1108 4967 me
1155 4922 1255 4976 est,
1309 4911 1486 4984 qualis
1552 4913 1599 4968 is
1656 4929 1811 4982 quem

218 5009 503 5061 damnavit
536 5016 725 5060 sancta
748 5015 797 5061 et
825 5022 1018 5077 magna
1052 5004 1289 5077 synodus
1337 5003 1810 5076 Constantinopoli

220 5107 567 5169 congregata,
599 5114 718 5167 qute
758 5096 1075 5153 Latinorum
1103 5098 1406 5155 doctrinam
1460 5099 1809 5163 examinavit,

219 5189 561 5261 Beccumque
594 5200 740 5255 tunc,
773 5198 825 5245 et
844 5192 936 5261 qui
964 5192 1147 5246 eadem
1200 5207 1320 5245 cum
1357 5189 1452 5245 illo
1490 5191 1810 5257 sentiebant,

173 5324 195 5335 -
220 5282 496 5343 deposuit.
524 5281 711 5354 Neque
732 5284 988 5338 existimo
1005 5283 1114 5339 leve
1136 5283 1392 5355 quiddam
1453 5300 1566 5339 esse
1623 5287 1810 5355 Pnpat,

222 5384 323 5428 aut
354 5374 583 5430 alterius
623 5377 909 5447 cujusdam
951 5378 1183 5446 episcopi
1238 5379 1814 5435 commemorationem.

306 5557 375 5629 (ιη
403 5554 522 5610 Lib.
561 5570 644 5621 ιιι,
676 5568 726 5612 c.
768 5554 825 5612 5.

1911 4552 2190 4600 recoctam
2226 4544 2429 4600 iterum
2470 4544 2713 4609 dedisse,
2747 4544 2822 4599 ita
2868 4553 2927 4601 ut
2955 4544 3118 4601 verba
3154 4545 3292 4617 ipsa,
3320 4547 3495 4618 jocos,

1911 4638 2054 4695 sales
2082 4637 2522 4709 religiosissime,
2548 4654 2619 4695 ne
2654 4649 2873 4694 mutato
2900 4638 3120 4709 quidem
3157 4642 3335 4710 apice,
3367 4657 3494 4699 ser-

1912 4731 2147 4787 vaverit.
2184 4731 2289 4798 Qui
2340 4733 2528 4803 itaque
2576 4746 2740 4786 unam
2794 4732 2989 4788 barum
3029 4732 3499 4794 Dissertationum

1915 4824 2092 4891 novit,
2128 4826 2321 4880 ambas
2345 4825 2552 4882 alteras
2582 4827 2822 4882 noverit.

1990 4916 2209 4972 Felellit
2263 4918 2444 4972 virum
2507 4917 2891 4973 doctissimum
2944 4916 3302 4991 Caryopltylli
3359 4921 3505 4990 Ῑιιάἰν-Δ

1920 5011 2063 5065 cium
2101 5010 2177 5078 la)
2213 5010 2280 5087 de
2310 5010 2530 5066 duobus
2559 5009 2885 5077 Gennadiis,
2917 5026 3040 5080 qua:
3069 5011 3260 5081 opinio
3284 5028 3407 5067 cum
3437 5014 3533 5068 ad'

1922 5104 2280 5159 asserendnm
2334 5103 2620 5159 catholicas
2658 5103 2923 5159 Ecclesiae
2953 5104 3300 5161 Gennadium
3351 5120 3503 5160 com-
3534 5166 3539 5172 ,

1922 5194 2244 5274 modissima
2298 5196 2603 5263 videretur,
2658 5203 2967 5267 eam,'quo
3009 5211 3071 5253 se
3118 5197 3535 5252 duceret-mon-

1922 5289 2060 5344 satis
2092 5287 2421 5357 praevidens,
2471 5296 2696 5345 secutus
2730 5295 2816 5345 est
2862 5305 2973 5345 non
3017 5291 3129 5347 alio
3165 5288 3292 5355 ﬁne,
3342 5301 3534 5358 quant.

1925 5396 1997 5437 ne
2044 5380 2249 5452 periret
2282 5381 2584 5439 auctoritas
2618 5382 3104 5456 Apologeticarum
3136 5399 3235 5458 pro
3273 5381 3529 5440 Flet-cnn-

1991 5556 2068 5629 (2)
2103 5555 2160 5614 ln
2197 5557 2435 5632 Georgio
2487 5553 2798 5617 Sebolario.

299 5740 373 5805 (α)
410 5742 555 5796 Prud.
593 5743 653 5796 ad
679 5743 927 5796 chnadil
953 5742 1246 5806 Apologiam
1273 5755 1359 5807 pro
1392 5744 1617 5807 quinque
1643 5741 1888 5807 capitibus
1924 5744 2126 5796 concilii
2164 5746 2461 5800 l-‘loreatiui.
2498 5748 2689 5812 Roma,
2712 5747 2955 5813 l628,..£'3.
