1981 3164
228 101 279 130 ΞἿ)

227 206 281 228 tam
318 201 422 228 idcirco
455 201 648 229 ecclesiastica:
684 201 804 230 historiae
847 203 1008 230 recentioris

227 247 327 274 seriem
356 247 516 274 conturbari
550 254 664 275 necesse
703 247 784 275 foret.
827 248 1008 285 Caryophyllo

227 293 364 328 duplicem
382 293 554 321 Gennadium
568 301 618 320 cur
636 293 743 328 primus
757 294 920 326 somniaret,
939 295 1009 322 ratio

228 339 303 367 nulla
322 344 393 371 ent.
409 340 462 368 nisi
478 340 551 374 quod
569 340 605 367 ita
626 348 659 368 cx
675 341 822 368 collectore
838 340 1010 368 Bibliotheca:

228 386 341 413 Patrum
371 385 526 422 Margariuo
552 386 653 422 [ligneo
677 387 823 419 didicerat,
850 394 905 421 quo
928 393 1009 414 nemo

228 432 355 460 fortassis
371 432 396 458 in
418 431 530 464 ferenda
552 433 586 461 de
601 438 724 466 vetemtn
740 433 852 466 scriptis
872 432 1009 460 sententia

228 476 363 504 infelicior
376 477 437 510 init,
450 486 483 505 ex
497 477 662 506 Bellsrmino
676 483 702 506 ct
721 478 794 510 aliis,
812 479 930 513 quorum
955 479 1011 506 cri-

227 526 281 551 tice
303 525 329 550 in
358 524 549 552 cxscribendis
578 525 694 552 aliorum
719 525 925 553 commentariis
944 528 1009 553 tota

227 570 380 597 constabat.
626 573 629 576 ’

264 616 337 643 Sane
360 622 393 644 ex
419 616 453 643 iis
483 624 543 652 qua:
572 624 653 651 supra
682 617 820 651 disputata
848 621 922 648 sunt,
954 621 1008 644 tam

178 665 180 667 '
227 667 335 690 t-nnstat
359 663 430 697 apud
451 670 502 691 nos
514 663 684 691 Gennadium
699 663 906 691 schismaticutn
928 663 1011 697 perti—

228 710 405 737 uncis-simum
418 713 446 736 et
460 709 594 737 furiosum
618 709 714 740 fuisse,
726 717 808 744 quam
822 709 896 744 quod
912 709 1009 736 certis-

228 757 308 782 sime.
340 755 429 790 Atque
457 756 494 782 ita
523 756 604 791 hujus
630 755 755 783 liomiiite
778 763 859 790 quam
891 755 1009 785 edimus.

230 801 317 835 maior
333 802 406 829 omni
422 802 582 837 exceptione
600 802 752 829 auctoritas
767 810 829 830 csse
850 802 940 830 debet.
959 801 1010 829 So-

229 847 286 874 lcnt
301 847 373 875 enim
388 847 588 880 Protestantcs.
607 849 630 875 si
651 848 724 883 quod
740 856 773 876 cx
790 848 949 884 Graecorum
965 849 1011 884 qui

229 899 292 921 ante
309 894 522 928 quadringentos
541 901 627 922 annos
637 894 817 929 scripserunt,
831 894 908 923 libris
933 895 1012 923 testi-

229 941 349 967 monium
366 940 533 974 proferatur,
555 941 648 969 statim
666 942 824 974 inclamare,
841 941 913 977 quod
930 940 1014 969 fuerit

231 986 335 1012 Latinis
349 987 486 1013 addictus.
501 987 560 1019 Qua
575 994 641 1024 vero
658 986 803 1014 rationein
815 987 1013 1022 λατινονρονή-

184 1064 190 1067 ί
231 1040 301 1062 ait»;
324 1032 509 1067 suspicionem
538 1034 630 1060 vocari
655 1033 743 1067 possit
767 1033 937 1065 Gennadius,
966 1032 1012 1067 qui

230 1077 340 1106 Lat-nos
355 1084 409 1105 ῑ.ιιιι
429 1079 565 1106 virulente
580 1080 741 1112 insectatur,
754 1079 801 1115 qui
817 1087 867 1114 pro
877 1080 1014 1107 ltzreticis

231 1125 323 1155 habet.
353 1130 379 1152 et
399 1126 462 1153 illos
486 1126 520 1153 ad
546 1127 767 1153 communionem
789 1126 893 1154 admitti
919 1131 1014 1160 vetat;

230 1170 275 1205 qui
305 1171 474 1198 additinnein
502 1172 633 1207 Symbolo
665 1173 776 1204 iactam,
809 1167 1019 1206 processionenr

230 1217 317 1243 sancti
335 1216 454 1251 Spiritus
471 1226 485 1244 ει
504 1216 584 1246 Putre
599 1223 626 1246 et
641 1218 723 1251 Filio,
740 1218 854 1254 Azyma,
878 1219 1014 1254 Purgato-

230 1263 314 1299 tiu_in,
333 1267 361 1290 et
382 1271 412 1290 ea
435 1264 494 1298 ipsa
512 1272 573 1299 qua:
596 1272 653 1292 non
675 1264 747 1291 inter
769 1265 927 1292 necessaria
953 1265 1015 1293 iitlci

230 1308 321 1343 capita
345 1308 419 1342 apud
435 1312 487 1336 ‘nos
511 1309 648 1336 habentur
664 1309 769 1337 erroris
794 1315 841 1337 aut
864 1311 1016 1344 haereseos,

231 1360 286 1381 tam
311 1362 406 1390 aperte
422 1355 660 1390 condcmnat(l);
685 1355 732 1390 qui
756 1358 900 1384 anathema
915 1356 1017 1385 Joanni

233 1401 322 1428 iiccco
337 1400 415 1432 dicit,
438 1405 465 1427 et
483 1401 749 1436 pseudo-synodum.
767 1402 792 1428 in
815 1409 868 1437 qua
891 1403 933 1429 vir
956 1403 1017 1438 pius

234 1452 260 1474 rt
289 1448 383 1475 multis
411 1447 569 1475 nominibus
594 1448 768 1476 venerandus
794 1450 937 1477 damnatus
962 1446 1024 1482 εει(

750 100 933 131 ΟΕΝΝΛΜΙ
958 102 1011 133 CP.
1035 97 1291 131 PATlllAilCII.E

227 156 282 181 tina
297 154 400 190 synodo
417 155 582 187 orationum,
599 162 659 188 qua:
675 159 742 182 tanti
761 164 815 183 non
832 161 902 189 erat,
920 161 948 184 ut
966 162 1006 183 to-
1022 162 1041 187 Λ
1059 156 1103 183 nis
1120 160 1173 183 non
1195 153 1349 188 usurpavit,
1362 148 1488 186 quamvis
1504 157 1570 179 rem

1690 27 1715 64 if

1600 86 1686 192 β’
1809 98 1851 129 ΞΤΕ

1653 161 1668 181 c
1678 153 1850 187 signiﬁcatam

1653 161 1668 181 ο
1678 153 1850 187 signiﬁcatam

1059 202 1200 234 docuerit,
1216 205 1245 227 ut
1261 197 1528 231 Wirtembergenscs
1544 197 1611 235 ir}!
1625 200 1671 235 qui
1688 201 1754 226 Acta
1768 198 1848 226 edide-

1059 251 1137 280 runt,
1159 253 1223 275 nota
1250 246 1283 273 ad
1310 244 1459 280 marginem
1478 242 1589 280 tcsﬂ
1612 251 1688 278 sunt,
1709 251 1772 273 nata
1795 244 1851 272 inde

1060 302 1131 321 nova
1153 297 1378 329 argumentorum
1402 298 1498 329 59305,,"
1516 291 1546 319 in
1562 300 1620 327 qua
1644 291 1765 319 Thomas
1785 291 1849 318 Suti-

1062 341 1142 368 theus
1160 339 1294 367 Ecclesia!
1312 337 1476 386 Anglicanfe
1503 338 1654 374 theologus
1668 347 1699 366 se
1715 338 1851 366 'exercnit.

1059 387 1189 415 Edidcrat
1202 384 1444 424 Constantinopqltl
1459 384 1549 412 redux
1570 386 1717 420 epistolam
1734 385 1768 412 de
1784 385 1849 412 Grat-

1059 443 1155 463 carum
1175 434 1360 466 Ecclesiarum
1376 427 1467 467 stjtn.
1491 432 1520 459 in
1539 440 1594 467 qua
1617 433 1707 460 virum
1725 432 1853 459 doctissi-

1061 489 1134 508 mum
1158 479 1327 508 Riehardum
1357 469 1505 514 Sinonem
1534 479 1761 514 impugnaverat,
1783 479 1853 513 quod

1060 527 1088 554 in
1112 526 1232 554 llistoria
1255 524 1318 553 iidei
1335 524 1524 560 Ovﬂcntaliutn
1545 525 1655 553 Gmcos
1675 525 1855 560 praesentiam

1060 573 1174 605 realem,
1191 577 1218 600 et.
1237 570 1583 605 transsupstantiationom
1597 571 1712 599 credere
1730 570 1854 598 ﬁrmissi-

1062 621 1114 648 mis
1133 618 1306 655 argumentis
1319 617 1476 656 dt'icnisset.
1493 617 1563 651 Quia
1581 626 1646 645 vero
1658 618 1808 645 Smitheus
1822 617 1855 644 ita

1061 670 1197 695 statuerat
1206 666 1388 700 primimtjwt
1398 664 1495 691 saltent
1506 665 1573 692 inter
1584 666 1683 700 primo:
1696 664 1747 698 qui
1762 672 1855 698 μετου-

1062 713 1184 743 σιώσεως
1200 720 1268 740 voce
1286 702 1335 746 elisi
1353 710 1454 751 iurent,
1476 711 1631 739 Gal:rielem
1657 710 1857 744 Philadelphia

1062 760 1273 794 metropolitani
1287 758 1385 792 fuisse,
1407 758 1541 787 Gennadii
1559 758 1754 785 testimonium
1770 764 1857 791 oppo-

1064 810 1157 833 suerat
1172 805 1205 833 R.
1220 797 1316 833 Sinon
1333 812 1365 832 ex
1383 804 1458 832 brevi
1477 805 1523 831 illa
1545 803 1658 831 homilia
1673 811 1763 838 quam
1781 801 1857 837 Syri-

1065 860 1116 887 gus
1130 853 1206 886 operi
1223 858 1274 878 ωιο
1291 851 1418 882 inseruit.
1439 850 1510 885 quod
1524 857 1595 885 opus
1610 857 1624 875 a
1641 848 1724 876 nobis
1741 855 1857 882 occepe-

1067 902 1119 926 rat.
1146 898 1287 933 Sniithcus
1311 897 1339 924 in
1358 897 1446 931 prima
1470 896 1710 924 Miscellaneorum
1740 902 1856 922 snormn

1065 944 1200 977 editione,
1218 951 1281 971 cum
1305 951 1338 971 cx
1361 943 1408 970 illo
1423 943 1484 970 solo
1504 942 1661 973 testimonio
1681 946 1772 969 totam
1793 948 1857 967 eva-

1065 986 1191 1019 nescerc'
1204 992 1236 1018 de
1259 989 1386 1018 Gabriele
1411 996 1489 1016 suam
1515 988 1711 1015 divinationem
1738 981 1854 1017 videret,

1065 1037 1201 1067 Gennadii
1229 1044 1298 1070 opus
1322 1040 1354 1063 ut
1369 1035 1566 1070 ὑποϐολιμαίου
1582 1033 1731 1068 scriptoris
1746 1032 1868 1072 reiecit.‘

1065 1086 1099 1112 At
1114 1084 1294 1113 doctissimus
1314 1082 1375 1117 ejus
1392 1081 1567 1108 adversarius
1585 1080 1783 1107 dissertatione
1796 1085 1855 1106 ver-

1066 1131 1161 1169 ιιξιτιιῖξι
1171 1130 1210 1167 (2)
1227 1122 1322 1163 Deﬁde
1337 1127 1463 1156 Ecclesiw
1475 1126 1617 1154 Orientalis
1631 1126 1855 1153 circntranuub-

1066 1176 1275 1207 stitzﬂialionem.
1299 1175 1375 1202 illum
1401 1174 1439 1202 ita
1462 1173 1625 1203 confutavit.
1641 1177 1672 1199 ut
1692 1172 1716 1199 is
1737 1179 1854 1206 respon-

1066 1206 1144 1251 sione
1159 1223 1289 1249 Adversus
1305 1221 1490 1249 cavillationes
1506 1219 1628 1251 Simonii,
1646 1226 1710 1246 nam
1730 1219 1767 1245 ita
1781 1218 1853 1245 illam

1067 1269 1220 1296 inscribere
1248 1268 1363 1302 placuit.
1377 1266 1445 1294 nihil
1467 1265 1540 1301 quod
1551 1264 1585 1292 ad
1605 1272 1662 1292 rem
1677 1264 1795 1295 faceret.
1812 1270 1852 1291 re-

1068 1314 1213 1350 spondisse
1237 1318 1414 1350 agnoscatur.

1103 1360 1171 1387 Cum
1188 1360 1272 1395 igitur
1290 1359 1316 1385 in
1330 1358 1420 1393 prima
1430 1356 1624 1385 dissertatione
1634 1355 1778 1384 homiliam
1791 1356 1851 1383 bre-

1052 1393 1140 1439 L't'etn,
1166 1393 1213 1433 aut
1233 1405 1387 1440 epistolam.
1411 1404 1434 1431 si
1452 1403 1563 1439 quidem
1584 1403 1644 1430 talis
1665 1402 1753 1430 videri
1771 1402 1851 1429 etiam

1068 1457 1170 1490 potest,
1188 1460 1249 1487 quae
1272 1459 1303 1479 ex
1322 1450 1421 1479 Meletii
1438 1450 1527 1486 Syrigi
1547 1449 1618 1477 libro
1637 1448 1770 1484 producta
1795 1448 1850 1475 lue-

234 1494 362 1528 amplceti
374 1502 404 1522 se
416 1495 558 1522 multotics
574 1499 708 1528 testatur;
725 1495 805 1530 cujus
818 1495 937 1531 denique
952 1497 1014 1524 hora

1069 1505 1123 1531 rat.
1144 1498 1259 1533 rejicere
1285 1500 1433 1533 satageret,
1458 1496 1515 1523 haec
1536 1499 1697 1529 argumenta
1724 1493 1851 1529 protulit,

234 1544 290 1567 tatu
307 1546 332 1568 et
358 1541 475 1568 consilio
497 1541 622 1569 monachi
645 1547 672 1569 et
696 1542 831 1570 moniales
857 1549 872 1569 a
894 1550 1017 1570 continu-

234 1587 316 1614 nione
345 1587 506 1615 Latinorum
531 1588 616 1623 palam
645 1586 835 1621 recesserunt.
866 1595 892 1618 et
921 1595 1015 1618 sancta

234 1633 316 1661 etiam
333 1634 476 1669 profanum
493 1634 520 1662 in
533 1635 642 1662 modum
655 1636 907 1670 conculcaverunt;
923 1637 972 1672 qui
988 1638 1016 1666 in

235 1679 317 1707 Harci
336 1680 446 1716 Ephesii
468 1681 549 1708 verba
563 1681 677 1717 iuravit.
691 1682 794 1717 quique
809 1684 898 1718 palam
913 1684 1019 1719 profec-

236 1733 280 1753 tus
302 1731 345 1754 est
368 1727 550 1762 ἀκοινώνητον
572 1736 636 1764 erga
660 1728 772 1757 Latinos
796 1737 956 1759 tuansurum
976 1738 1020 1764 se,

234 1773 321 1800 donec
339 1772 463 1799 llomana
476 1774 598 1801 Ecclesia
614 1779 652 1801 tot
666 1775 796 1808 haereses,
811 1783 927 1811 quarum
945 1776 1017 1803 illam

237 1819 339 1854 ubique
355 1820 485 1854 postulat.
510 1819 676 1854 abjnrasset.
694 1820 755 1849 ηερε
767 1822 852 1857 igitur
869 1813 1018 1850 refellenda

237 1865 397 1892 tm-nmlmnt
415 1865 649 1899 Protestantibus,
675 1872 820 1903 antequam
847 1867 1017 1896 Gennadium

236 1915 268 1940 de
290 1911 470 1939 Eucharistiae
491 1913 543 1940 ﬁde
564 1913 643 1941 nobis
660 1914 848 1942 testimonium
867 1916 1019 1951 perhiben-

237 1963 289 1984 ιι-ιιι
306 1964 339 1984 cx
355 1957 466 1984 testium
484 1965 597 1985 numero
608 1957 744 1992 rejieiant.
760 1957 793 1985 Ut
810 1964 901 1987 autem
917 1960 942 1987 id
958 1960 1019 1987 eiii-

235 2004 336 2035 ciatur,
364 2011 417 2030 non
440 2004 537 2031 inanes
556 2004 742 2039 conjecturas,
767 2005 814 2033 sed
836 2011 912 2034 certa
938 2014 1020 2043 argu-

238 2056 327 2076 menta
341 2049 375 2076 ab
392 2050 458 2084 ipsis
470 2050 652 2083 postulamus.

272 2096 337 2129 Qua:
351 2105 416 2124 vero
434 2106 464 2124 ex
486 2097 589 2124 nostris
606 2098 768 2126 auctoribus
799 2098 825 2125 in
848 2100 1019 2126 contrarium

215 2147 218 2148 '
238 2144 376 2170 adducere
389 2144 490 2175 soli-nt,
508 2152 538 2170 ea
554 2144 715 2171 habebimus
730 2145 842 2172 omnino
863 2145 952 2172 nihili.
967 2145 1020 2173 Ne.—

238 2197 290 2224 quc
306 2190 377 2216 enim
392 2191 413 2216 si
431 2190 496 2224 quid
510 2190 636 2221 Allatius,
657 2191 869 2226 Caryophyllus,
882 2192 1019 2219 Areudius

238 2235 341 2262 autalii
358 2235 391 2262 du
405 2235 563 2262 Gl'ﬂfCOl‘lllll
585 2236 666 2263 rebus
682 2236 867 2270 scripserunt,
887 2237 954 2272 legis
972 2241 1020 2264 aut

237 2282 319 2308 editti
339 2282 464 2317 perpetui
486 2282 558 2316 aput|
578 2290 630 2310 nos
651 2283 705 2309 vim
729 2283 863 2316 obtinent,
883 2289 912 2311 ut
934 2285 1019 2311 recla-

238 2336 312 2354 mare
334 2336 386 2355 non
409 2329 509 2360 liccat;
530 2329 616 2357 inuito
635 2329 726 2356 minus
740 2331 843 2364 scripta
867 2337 881 2356 a
900 2330 1020 2357 sordidis

238 2375 410 2408 ain-toribus,
424 2383 540 2410 quorum
557 2376 723 2403 testimoniis
742 2376 872 2403 Claudius
888 2381 940 2403 tam
960 2376 1020 2403 inu-

239 2421 322 2448 t~liter
336 2422 438 2449 abusus
457 2427 508 2453 est,
529 2427 558 2449 nt
579 2422 734 2450 Orientales
750 2422 911 2450 Calvinistis
923 2423 1022 2458 adjun-

237 2475 325 2501 gctet.
345 2476 407 2495 cum
424 2474 489 2496 ante
507 2477 593 2497 annos
613 2475 722 2497 centum
738 2473 765 2496 et
778 2469 870 2497 decem
885 2469 1021 2496 Luthcra-

238 2515 281 2541 nis
308 2514 612 2551 Wirtembcrgensibus,
629 2523 746 2552 quorum
770 2517 941 2543 tolerabilior
959 2524 1022 2543 sen-

239 2561 324 2587 lentia
341 2566 410 2593 erat,
430 2567 483 2588 tam
511 2562 653 2597 perspicue
670 2561 866 2595 signiﬁcaverit
889 2561 1026 2589 Jeremias.

239 2607 409 2641 patriarcha,
441 2614 573 2642 quantum
601 2610 645 2636 illa
673 2609 725 2636 sibi
757 2614 783 2636 ct
812 2609 861 2636 toti
893 2608 1023 2636 Ecclesia:

239 2654 371 2682 Orientali
388 2654 556 2689 displicent.

273 2700 374 2728 Verum
391 2702 455 2736 quia
470 2700 602 2729 Jcremias
618 2708 709 2728 vocem
724 2700 1023 2729 Transsubstantiatio-

1038 2176 1059 2203 D

1070 1545 1242 1573 Gennadium
1268 1544 1307 1572 ait
1338 1542 1487 1571 Catholicis
1510 1540 1727 1569 addictissimum
1757 1540 1851 1570 fuisse.

1069 1592 1129 1619 solo
1152 1590 1310 1619 testimonio
1329 1588 1419 1616 Allatii
1438 1592 1466 1615 et
1491 1587 1607 1615 aliorum
1633 1586 1680 1621 qui
1705 1586 1851 1620 Georgium

1070 1626 1244 1666 Scholarium
1261 1640 1287 1664 et
1304 1634 1478 1663 Gennadium
1493 1633 1630 1668 duplicem
1654 1632 1772 1665 iaciunt,
1793 1640 1851 1659 eum

1069 1692 1102 1712 ex
1119 1684 1153 1711 iis
1172 1690 1235 1718 ane
1259 1681 1388 1716 superius
1410 1680 1537 1715 exposita
1553 1682 1633 1712 sunt,
1649 1679 1718 1706 satis
1744 1683 1850 1707 constet

1070 1738 1154 1757 unum
1174 1729 1353 1763 eumdemque
1374 1726 1547 1755 Scholarium
1573 1729 1601 1753 et
1627 1725 1721 1753 nnioni
1738 1733 1846 1761 ριόιιιυ-

1070 1776 1164 1803 venda‘
1193 1775 1300 1802 dedisse
1325 1780 1435 1808 operam
1459 1779 1521 1799 cum
1547 1776 1619 1799 esset
1644 1770 1801 1804 Florentiae,
1827 1775 1851 1797 et

1070 1826 1175 1850 mutata
1195 1820 1344 1852 sententia,
1362 1818 1553 1847 acerbissimis
1571 1817 1670 1846 deinde
1696 1818 1723 1846 iu
1740 1817 1851 1846 Latinos

1070 1867 1142 1895 odiis
1157 1867 1228 1901 apud
1243 1873 1307 1893 suos
1325 1864 1497 1892 inclaruisse.

1105 1914 1185 1941 Aliud
1218 1915 1409 1948 argumentum
1433 1911 1575 1946 sumit.“
1594 1910 1696 1945 Allatii,
1714 1911 1851 1941 Possetini

1071 1962 1245 1996 aliorumque
1263 1959 1386 1992 silentio,
1405 1959 1505 1994 quibus
1518 1966 1656 1994 nunquam
1673 1959 1731 1987 haec
1745 1958 1866 1987 homiiia‘

1072 2009 1143 2035 lecta
1157 2007 1220 2039 fuit,
1238 2006 1289 2034 etsi
1305 2006 1352 2034 ille
1373 2005 1530 2040 diligentem
1550 2005 1577 2032 in
1592 2005 1725 2033 Gennadii
1744 2005 1852 2040 scriptis

1073 2052 1272 2088 int‘estigalldis
1285 2051 1397 2079 navatit
1412 2058 1535 2086 operam.
1558 2049 1697 2078 Judicinm
1721 2051 1757 2077 sit
1773 2057 1852 2086 penes
1884 2071 1893 2076 -

1072 2107 1122 2128 eos
1131 2099 1179 2134 qni
1190 2098 1357 2126 Allatiannni
1373 2097 1492 2125 Iudicem
1509 2104 1571 2124 cum
1593 2101 1689 2125 nostro
1702 2097 1852 2128 conferent,

1073 2155 1107 2173 an
1122 2147 1173 2173 hac
1206 2144 1340 2175 invidiOsa
1354 2143 1433 2171 laude
1446 2143 1546 2178 dignus
1568 2143 1605 2171 sit
1618 2143 1741 2170 Allatius.
1759 2142 1853 2170 Posse-

1077 2194 1158 2219 vinus
1171 2192 1264 2219 multis
1280 2190 1343 2218 aliis
1360 2190 1529 2222 nominibus.
1545 2191 1591 2217 sed
1606 2197 1747 2224 nunquam
1764 2198 1778 2217 ιι
1795 2189 1852 2216 dili-

1073 2238 1165 2273 gentia
1197 2237 1223 2263 in
1249 2235 1427 2264 recensendis
1459 2235 1621 2262 auctoribus
1650 2234 1779 2261 laudatus
1805 2239 1852 2261 est.

1073 2282 1142 2316 Quis
1168 2282 1259 2308 onmia
1276 2289 1305 2308 se
1316 2281 1416 2308 vidisse
1451 2280 1551 2307 audeat
1564 2279 1716 2311 venditare,
1731 2279 1785 2306 nisi
1800 2279 1853 2313 qui-

1075 2330 1125 2356 bus
1149 2328 1205 2354 hzec
1228 2327 1320 2354 studia
1336 2327 1428 2361 ignota
1445 2325 1528 2353 sunt?
1543 2325 1693 2353 Habuimus
1710 2331 1743 2352 ex
1760 2325 1853 2352 biblio-

1075 2376 1155 2402 theca
1170 2375 1252 2409 Regia
1270 2373 1350 2400 codd.
1369 2380 1437 2400 mss.
1455 2372 1501 2407 qui
1525 2375 1580 2399 tam
1597 2371 1719 2407 proxime
1734 2371 1768 2398 ad
1788 2370 1852 2398 Gen-

1076 2421 1149 2448 nadii
1165 2425 1272 2448 mlatem
1295 2420 1441 2451 accedunt,
1459 2423 1489 2445 ut.
1514 2418 1606 2446 statim
1633 2418 1667 2445 ab
1683 2417 1745 2452 ejus
1770 2417 1853 2446 obitu.

1077 2472 1123 2494 aut
1152 2468 1211 2502 ipso
1234 2467 1316 2494 etiam
1335 2465 1484 2501 superstite
1502 2464 1599 2500 scripti
1621 2464 1779 2496 videantur,
1805 2462 1854 2489 imo

1078 2514 1201 2542 nonnulli
1220 2513 1318 2547 ipsius.
1337 2518 1366 2539 ut
1384 2520 1437 2539 non
1456 2519 1525 2539 vana
1536 2510 1694 2547 conjectura
1710 2514 1761 2540 est,
1778 2514 1853 2536 nmnu

1078 2561 1227 2589 emendati.
1248 2560 1276 2586 In
1295 2560 1329 2587 iis
1347 2559 1475 2594 leguntur
1488 2559 1560 2586 inter
1584 2557 1667 2584 multa
1683 2556 1735 2582 alia
1753 2548 1851 2590 Epist'o-

1078 2608 1109 2636 la:
1126 2614 1152 2635 et
1168 2606 1313 2633 (iratioues
1331 2613 1399 2640 quas
1414 2604 1571 2632 Gennadius
1593 2611 1654 2631 cum
1680 2603 1706 2629 in
1721 2607 1854 2630 monaste-

1078 2654 1145 2681 rium
1170 2660 1199 2680 se
1222 2652 1364 2687 reciperet,
1385 2655 1487 2677 etcum
1508 2648 1717 2683 patriarchalcm
1739 2648 1853 2683 dignita-

1079 2707 1131 2727 tem
1153 2699 1304 2730 abdicaret,
1323 2698 1445 2733 scripsit,
1468 2705 1529 2733 quae
1552 2701 1637 2725 totam
1663 2696 1695 2723 de
1711 2694 1852 2723 Geunadiis

275 2798 312 2832 (ti
329 2796 411 2829 Epist.
426 2796 457 2822 ad
475 2795 619 2832 llatimnm
632 2800 657 2821 et
675 2795 822 2823 monachos
840 2795 909 2823 alios
920 2794 1018 2822 Montis
1040 2793 1117 2825 Sina,
1131 2803 1183 2821 ιιιςη

273 2830 311 2866 (2)
330 2834 374 2859 Ed.
394 2832 504 2858 Lutetia:
523 2830 598 2857 H.337.
