3962 6328
82 302 213 364 Sz'i’i

1636 306 1836 366 ViTA.

3256 294 3364 357 2'78

84 421 315 471 duobus
366 400 812 485 disputationem
842 425 1120 472 evertunt.
1175 418 1348 487 Neget
1396 418 1671 489 quispiam
1706 430 1747 482 Λ
1777 428 1925 474 esset
1954 419 2153 473 doetor
2180 417 2462 487 Evangelii
2507 418 2561 469 in
2612 412 2867 473 Ecclesia
2897 408 3364 474 Constantinopo-

86 509 337 576 genuina
368 509 477 562 haec
507 522 651 569 esse.
694 509 918 564 habebit
953 508 1100 565 idem
1143 504 1197 563 in
1232 509 1414 564 Allatii
1446 510 1668 567 silentio

87 602 437 670 praesidium.

175 694 426 760 Quotidie
457 710 523 749 ex
569 694 1033 750 bibliothecarum
1082 694 1276 751 forulis
1323 698 1495 753 multa
1542 698 1673 754 doc—

90 786 333 841 tissimis
362 786 496 840 viris
550 786 828 856 incognita
868 801 1184 842 eruuntur:
1236 804 1415 858 neque
1471 791 1670 845 mirum

86 890 317 934 exstare
348 880 399 933 in
435 879 760 947 Gallicanis,
788 885 934 951 quod
960 884 1015 937 in
1046 881 1313 938 Romanis
1347 902 1454 941 non
1486 900 1674 943 exsta-

93 972 226 1027 bat.
254 972 470 1043 Regiam
518 974 798 1031 Vaticanus
828 979 1073 1045 conferri
1100 994 1209 1033 non
1244 979 1351 1033 fert
1386 979 1697 1036 Smilhens.

91 1080 263 1135 aequo
284 1066 463 1122 anituo
498 1082 512 1119 :
555 1083 657 1122 cur
688 1071 949 1125 tandem?
981 1069 1116 1125 Nam
1170 1073 1302 1142 quid
1358 1088 1455 1127 sua
1506 1075 1677 1145 refert

91 1159 467 1228 quaeillarum
499 1161 669 1241 ditior
704 1161 817 1217 sit?
846 1161 1050 1231 Nempe
1078 1172 1138 1217 nt
1162 1178 1227 1219 ex
1258 1163 1535 1237 Vaticana!
1558 1166 1678 1220 lau-

93 1254 273 1309 dibus
322 1255 479 1321 regia;
536 1246 867 1311 invidiosam
930 1258 1303 1327 suspicionem
1367 1268 1675 1328 comparet,

95 1344 268 1407 quasi
291 1346 430 1413 quod
469 1345 523 1399 in
549 1347 718 1401 altera
752 1348 929 1413 deest,
967 1350 1019 1402 in
1046 1350 1150 1402 alia
1177 1365 1301 1406 esse
1328 1366 1434 1405 non
1463 1353 1676 1419 possit;

64 1421 205 1492 ‘aut
233 1438 274 1493 si
315 1439 637 1507 reperiatur.
669 1441 865 1494 debeat
889 1443 1260 1498 adulterinum
1282 1444 1549 1511 judicari.

162 1531 319 1582 Hanc
340 1546 460 1584 vero
491 1531 793 1595 homiliam,
824 1533 1003 1602 inquit
1027 1532 1334 1597 Smitheus,
1366 1552 1472 1589 non
1506 1537 1560 1590 in
1592 1552 1679 1591 co-

96 1619 306 1674 dicibus
348 1606 522 1693 Regiis
559 1623 922 1695 bibliothecae.
976 1626 1067 1680 sed
1117 1631 1258 1696 apud
1294 1628 1360 1681 D.
1420 1628 1680 1683 Burdela-

100 1716 242 1766 tium
269 1728 475 1769 exstare
499 1715 640 1769 dixit
679 1704 979 1781 Simonius,
1014 1721 1205 1790 frigide
1240 1721 1454 1790 quidem
1493 1731 1543 1776 et
1584 1724 1677 1777 ad-

1776 510 1945 564 litana
1980 526 1993 562 ε
2032 509 2122 578 qui
2159 509 2367 579 synodo
2412 524 2481 561 an
2546 506 2686 561 1658
2725 504 2830 559 sub
2867 501 3075 573 Cyrillo
3111 497 3365 552 Berrhoc-
3416 522 3419 525 -

1775 603 1895 659 ensi
1930 602 2196 658 adversus
2243 601 2507 673 Cyrillum
2557 596 2795 654 Lucarin
2837 594 3040 649 habitae
3090 589 3365 653 interfuit,

1777 704 1831 750 et
1858 712 1977 751 eam
2009 694 2413 764 subscriptione
2446 690 2731 746 ﬁrmavit:
2765 688 2859 758 qui
2891 704 2917 740 a
2950 683 3249 741 Parthenio
3279 697 3369 737 se-

1778 792 1935 843 niore
1992 787 2306 859 patriarcha
2371 782 2991 854 Constantinopolitano
3047 780 3101 833 in
3149 777 3368 830 Meldo-

1779 879 2061 934 Blachiam
2115 881 2343 946 missus,
2383 879 2625 955 decretis
2659 878 2927 933 adversus
2962 872 3212 942 ejusdem
3250 869 3366 922 Lu-

1779 973 1927 1027 caris
1957 972 2380 1028 Confessionem
2420 971 2732 1036 scribendis
2782 968 2957 1023 adfuit
2995 984 3011 1021 :
3064 974 3179 1019 tum
3211 978 3273 1017 ea
3308 969 3367 1015 u-t

1779 1066 2200 1136 patriarchalem
2280 1066 2753 1125 confirmationem
2808 1063 3172 1132 acciperent,
3218 1057 3368 1112 Con-

1781 1156 2180 1224 stantinopolin
2210 1156 2336 1210 tulit
2368 1173 2383 1210 :
2412 1156 2507 1221 qui
2542 1155 2685 1209 inter
2706 1153 2845 1208 alios
2870 1166 3065 1206 omnes
3085 1148 3373 1217 theologos

1782 1249 1850 1303 ab
1880 1248 2070 1302 eodem
2112 1247 2434 1317 designatus
2470 1256 2578 1312 est,
2627 1254 2689 1301 ut
2724 1244 3090 1301 orthodoxam
3126 1239 3368 1299 Confes-

1783 1329 2019 1405 sionem,
2067 1355 2189 1409 qua:
2223 1342 2403 1410 primo
2452 1341 2517 1395 ad
2572 1338 2937 1393 Russicarnm
2991 1334 3369 1391 Ecclesiarum

1783 1448 1943 1489 usum
1976 1433 2284 1500 composita
2324 1431 2525 1496 fuerat,
2568 1439 2883 1486 recenseret
2914 1440 2965 1483 et
2998 1427 3370 1496 expenderet:

1783 1541 1906 1595 quae
1938 1524 2338 1579 deindetotius
2378 1523 2584 1579 Graecae
2622 1522 2886 1577 Ecclesia:
2929 1536 3204 1577 consensu
3254 1523 3407 1573 tau-'

1784 1631 1949 1687 quam
1980 1617 2293 1672 communis
2323 1616 2445 1671 fidei
2483 1615 2772 1673 verissima
2815 1615 3090 1685 expositio
3124 1612 3374 1682 probata,

1784 1718 1838 1762 et
1864 1708 1950 1763 bis
1977 1707 2143 1774 edita,
2173 1717 2440 1762 tractatur
2462 1707 2785 1763 Graecorum
2812 1708 3062 1761 omnium
3093 1688 3372 1760 manilius.

99 1806 318 1861 modum
372 1824 599 1875 parce...
664 1810 820 1863 titulo
898 1786 1130 1867 humilia:
1198 1786 1671 1872 ta'ntunt'addito.
1711 1786 1839 1855 BSi
1906 1800 2023 1855 hinc
2072 1800 2553 1870 Constantinopoli
2624 1800 2915 1854 Smitheus
2980 1814 3088 1853 non
3153 1798 3372 1864 didit-it,

102 1899 293 1969 Neque
316 1904 451 1956 enim
482 1918 549 1957 an
582 1902 810 1971 singula:
855 1904 1046 1959 Itarunt
1098 1907 1443 1962 Itomiliarum
1490 1928 1677 1966 nomen

101 1993 366 2051 Gennadii
389 2006 645 2067 tanquam
677 2001 784 2055 veri
818 2001 1054 2056 auctoris
1086 2002 1446 2070 praetulerint,
1479 2020 1571 2069 per
1603 2007 1679 2070 ip-

100 2104 227 2142 rum
256 2091 387 2144 scire
432 2091 584 2147 nobis
614 2092 758 2148 licet.
806 2096 887 2150 An
935 2111 1040 2149 non
1081 2096 1258 2150 debuit
1305 2097 1397 2151 ille
1448 2098 1679 2152 codicem

99 2180 257 2233 illum
290 2198 393 2237 una
424 2201 546 2238 cum
584 2196 896 2240 cmterarum
945 2186 1307 2242 Homiliarunt
1344 2190 1517 2243 titulis
1564 2207 1679 2247 sus-

102 2276 324 2343 picionis
355 2294 418 2331 ne
446 2281 732 2348 quisquam
766 2281 1026 2349 impostor
1068 2283 1275 2352 vnfritie
1320 2300 1425 2338 non
1457 2284 1679 2338 insolita

104 2381 287 2420 nomen
334 2366 596 2423 Gennadii
645 2369 783 2439 forte
806 2372 1087 2427 ementitus
1132 2374 1311 2443 fuerit
1375 2376 1682 2431 amovenda?

105 2476 270 2514 causa
321 2465 630 2519 accuratius
689 2474 740 2520 et
791 2466 1078 2537 specialius
1133 2468 1474 2524 describere?
1526 2467 1680 2523 Nun-

103 2569 266 2621 quam
306 2554 609 2612 Burdelotii
658 2557 941 2615 Simonius
979 2563 1254 2627 meminit,
1299 2571 1395 2619 aut
1435 2564 1680 2619 codicem

105 2652 245 2720 apud
275 2667 394 2708 eum
418 2660 641 2711 exstare
683 2655 843 2710 dixit.
874 2654 1016 2723 Quid
1051 2656 1121 2713 sit
1150 2656 1344 2728 [rigide
1401 2667 1494 2714 aut
1521 2675 1683 2728 parce

107 2743 349 2801 radicem
396 2746 693 2813 designare
748 2761 855 2800 non
915 2749 1052 2803 satis
1097 2749 1372 2819 capimus.
1419 2750 1502 2804 An
1537 2751 1682 2818 quod

105 2837 330 2890 nimium
375 2839 532 2894 multi
582 2840 808 2905 faciunt,
841 2843 1235 2899 verbosissime
1267 2844 1681 2907 commendare,

105 2940 153 2983 et
174 2931 372 2998 saepius
398 2919 596 3003 parum
632 2933 870 2990 ﬁdeliter
891 2935 1074 3001 ‘iQuot
1106 2937 1251 2991 enim
1273 2947 1399 2992 sunt
1427 2937 1518 3007 qui
1549 2936 1683 2989 ἀπό-

106 3038 289 3092 γραφα
318 3038 415 3079 sua
460 3039 607 3094 saepe
643 3020 1061 3081 mendosissima
1093 3041 1228 3083 mss.
1268 3027 1518 3084 codicum
1560 3028 1681 3081 loco

1782 1894 1943 1964 culpa
1977 1896 2152 1966 ipsius
2188 1904 2271 1949 est
2297 1889 2444 1960 ;'sed
2470 1894 2657 1949 editus
2689 1900 2795 1957 est,
2826 1901 2886 1946 ut
2909 1891 3155 1946 Venettis
3173 1891 3241 1945 ad
3277 1905 3377 1944 nos

1783 1986 2050 2055 scriptum
2093 2002 2269 2057 nuper
2314 1986 2441 2051 fuit,
2477 1986 2620 2040 liber
2673 1984 2792 2054 ipse
2839 1982 3050 2038 Meletii
3109 1982 3376 2037 adversus

1784 2078 1977 2149 Cyrilli
2013 2078 2460 2146 Confessionem,
2510 2085 2564 2132 ct
2615 2077 2765 2131 illius
2816 2085 3079 2144 tanquam
3131 2074 3264 2129 editi
3319 2076 3373 2129 itt

1784 2174 2057 2228 Moldavia
2093 2174 2347 2228 meminit
2372 2171 2574 2228 Petrus
2600 2170 2835 2226 Allixius
2871 2170 2956 2224 vir
2991 2170 3371 2224 doctissimus.

1785 2267 1859 2322 Ea
1896 2283 2061 2336 porro
2107 2266 2279 2322 editio
2318 2282 2443 2321 cum
2495 2263 2815 2321 Graecorum
2864 2278 3032 2333 opera
3075 2262 3374 2333 prodierit.

1786 2377 1893 2415 non
1943 2370 2029 2415 est
2067 2360 2180 2430 jam
2215 2358 2364 2413 ullus
2396 2358 2666 2412 adversus
2712 2355 2915 2411 Meletii
2976 2355 3158 2426 Syrigi
3214 2353 3375 2408 fidem

1784 2452 2092 2521 suspicioni
2124 2452 2302 2507 locus.
2328 2449 2447 2504 Non
2483 2452 2629 2506 enim
2661 2449 3029 2502 tenebrionum
3058 2457 3107 2500 et
3138 2447 3377 2517 partium

1786 2546 1979 2599 studiis
2014 2545 2505 2598 iddictissimorum
2552 2542 2851 2607 hominum,
2892 2540 2989 2595 sed
3042 2555 3234 2594 eorttm
3282 2540 3389 2607 qui"-

1788 2639 1842 2693 in
1875 2638 2022 2694 clara
2053 2637 2321 2694 Ecclesiae
2354 2636 2559 2692 Graecae
2601 2635 2743 2697 luce,
2778 2633 3042 2690 doctrinae
3074 2641 3128 2687 et
3157 2632 3379 2700 pietatis

1787 2729 1954 2786 laude
1991 2730 2325 2796 ﬂoruerunt,
2358 2730 2565 2797 scripta
2604 2728 2711 2783 huc
2745 2740 2923 2797 usque
2960 2723 3101 2780 Jasii
3135 2734 3230 2779 aut
3268 2722 3378 2779 Bu.

1788 2826 2064 2881 chorestae
2089 2839 2296 2879 excusa
2329 2831 2479 2881 sunt.

1858 2917 2017 2985 Quod
2048 2933 2213 2988 porro
2239 2932 2345 2973 nos
2376 2917 2637 2973 ex-libris
2671 2914 2993 2980 didicimus,
3026 2913 3070 2967 si
3101 2911 3379 2966 Constan-

1790 3012 2015 3081 tinopoli
2050 3012 2330 3068 Smitheus
2368 3027 2472 3065 non
2507 3010 2739 3085 audivit,
2786 3017 2975 3062 nostra
3009 3021 3117 3061 non
3154 3005 3325 3058 refert
3358 3022 3373 3058 :

108 3116 489 3183 laudaverunt,
526 3118 673 3187 quod
721 3120 813 3189 qui
848 3122 991 3191 apud
1027 3136 1128 3177 ηοε
1168 3120 1394 3185 faceret,
1444 3136 1552 3176 ηοη
1593 3123 1676 3174 in-
1707 3122 1750 3179 ε
1786 3105 1883 3159 sed
1908 3104 2239 3159 Parthenius
2270 3112 2324 3158 et
2350 3103 2643 3174 Dionysius
2691 3099 3019 3170 patriarcha:
3049 3097 3374 3191 Constanti--

109 3218 280 3266 tactus
316 3220 467 3267 esset
503 3227 532 3265 a
564 3212 752 3269 sibilo.

170 3305 353 3360 Codex
401 3305 540 3375 ipse,
575 3311 638 3359 ut
683 3304 1080 3374 iudicaverunt
1112 3306 1214 3360 viri
1266 3306 1319 3361 in
1349 3307 1681 3375 antiquitate

109 3398 285 3453 Graeca
319 3395 795 3457 exercitatissimi.
831 3398 958 3451 talis
989 3408 1093 3463 est,
1130 3407 1191 3451 ut
1230 3401 1299 3454 de
1334 3400 1455 3468 ejus
1490 3401 1687 3453 αὐθενσο

110 3490 194 3559 τεᾳ
225 3504 386 3544 nemo
421 3498 621 3559 praeter
653 3496 750 3545 eos
788 3490 880 3558 qui
917 3489 1072 3545 illum
1109 3506 1216 3545 non
1263 3491 1541 3556 viderunt,
1576 3493 1681 3545 du-

112 3581 373 3637 bitaverit.
453 3581 676 3636 Habuit
707 3582 860 3637 illum
896 3580 1205 3639 Noinlelius
1239 3599 1269 3638 a
1320 3578 1681 3653 Panagidtte;

112 3689 202 3729 nos
224 3690 251 3728 a
274 3673 579 3729 Nointelio.
607 3672 720 3728 Cur
743 3689 910 3743 porro
929 3675 997 3730 de
1021 3675 1339 3746 suspicione
1368 3675 1681 3732 amolienda

114 3765 393 3834 quisquam
451 3765 749 3843 cogitaret,
802 3782 926 3836 quae
978 3768 1101 3823 sine
1148 3784 1362 3823 summa
1407 3768 1681 3823 calumnia

115 3857 332 3926 cogitari
382 3858 552 3913 multa
602 3860 827 3930 posset?
877 3860 1072 3914 Exstat
1106 3859 1334 3914 humilia
1380 3875 1506 3915 cum
1559 3862 1683 3915 aliis

116 3946 370 4003 Gennadii
399 3950 691 4019 operibus,
734 3965 856 4018 qum
882 3951 1201 4006 certissime
1230 3950 1380 4007 illius
1417 3968 1541 4007 esse
1573 3968 1679 4007 non

117 4041 264 4096 modo
299 4041 601 4107 multorum
654 4042 906 4097 codicum
953 4057 1291 4108 consensus,
1331 4044 1437 4099 sed
1461 4043 1684 4099 Grmco-

117 4148 220 4187 rum
274 4133 595 4190 testimonia
651 4134 1002 4190 confirmant.
1048 4134 1107 4189 In
1166 4151 1227 4189 ea
1282 4151 1441 4204 quam
1496 4137 1684 4191 laudat

118 4226 355 4282 Meletius
384 4226 642 4299 Syrigus,
668 4228 900 4284 alterius
921 4242 1085 4298 quam
1116 4228 1331 4284 edimus
1357 4245 1370 4282 :
1399 4229 1455 4281 in
1478 4230 1684 4297 infelici

118 4314 327 4381 palatio,
365 4330 552 4371 coram
605 4316 944 4385 imperatore
987 4326 1041 4370 et
1073 4325 1265 4371 senatu
1318 4319 1684 4385 pronuntiata:

120 4404 405 4459 auctoritas
436 4404 744 4459 stabilitur.
798 4404 1009 4458 Laudat
1066 4419 1185 4459 eam
1239 4403 1540 4462 Callinicus
1591 4421 1685 4475 pa-

121 4492 341 4549 triarcha
388 4493 1043 4563 Constantinoiiolitanns
1092 4511 1157 4550 ex
1190 4497 1596 4554 recentioribus
1626 4500 1681 4554 in

122 4590 361 4658 synodica
391 4604 515 4654 sua,
550 4598 607 4644 et
630 4589 730 4645 .alii
765 4604 965 4659 magno
997 4605 1253 4659 numero.

178 4680 279 4737 Sed
316 4679 595 4737 Meletium
643 4677 900 4752 Syrigniu
935 4682 1151 4751 repel-lit
1205 4681 1681 4736 Miseellanrornln

122 4783 294 4829 auctor
347 4782 611 4844 tanquam
670 4772 977 4828 erculum
1034 4776 1419 4840 tenebrionem,
1452 4775 1683 4841 partium

123 4865 289 4920 studiis
338 4865 787 4927 addictissimum,
841 4863 1022 4918 "unus
1052 4905 1066 4928 ,
1095 4865 1201 4920 nisi
1248 4866 1460 4933 fallitur
1500 4866 1684 4935 (vehe-

125 4962 315 5006 menter
350 4963 533 5007 autem
572 4952 801 5022 fallitur)
839 4953 1147 5007 educatum.
1185 4956 1255 5008 At
1285 4971 1446 5011 nemo
1481 4956 1683 5013 fortas-

125 5043 186 5097 sis
231 5046 378 5099 inter
425 5042 648 5099 Graecos
698 5045 1035 5101 recentiores
1081 5048 1277 5117 majori
1338 5048 1603 5104 doctrina:
1632 5056 1686 5103 et

125 5137 415 5207 ὀρθοδοξίας
437 5137 605 5212 laude
631 5138 842 5202 ﬂoruit,
872 5139 1292 5194 commendatus
1324 5142 1540 5194 scilicet
1569 5125 1702 5195 tum.

126 5233 178 5284 ah
203 5248 269 5288 eo
291 5232 391 5300 qui
423 5238 557 5288 ante
600 5246 811 5302 paucos
845 5247 1024 5288 annos
1076 5234 1558 5303 Constantinopoli
1602 5252 1688 5290 se-

127 5324 272 5378 debat
302 5323 605 5388 Callinico,
650 5322 999 5393 asDionysio.
1029 5324 1325 5379 Parthenio
1354 5343 1366 5379 :
1402 5333 1515 5380 tttm
1549 5325 1687 5379 Nec-

128 5422 244 5471 tario
299 5427 358 5472 et
414 5416 680 5473 Dositheo
743 5415 1264 5488 ilierosolymitanis
1323 5418 1682 5485 patriarehis,

128 5507 261 5574 cujus
294 5522 437 5574 opus
463 5505 734 5563 adversus
761 5506 963 5579 Cyrilli.
994 5509 1230 5574 capitula
1262 5511 1329 5562 ah
1354 5525 1498 5563 anno
1528 5510 1684 5571 1640,

128 5610 211 5657 quo
240 5596 553 5666 perfectum
581 5596 709 5662 fuit,
741 5598 847 5653 huc
887 5616 1062 5667 usque
1090 5600 1392 5663 laudatum,
1421 5616 1485 5655 ne
1522 5600 1685 5654 levis~

132 5685 241 5739 sima
278 5686 502 5756 quidem
543 5702 779 5743 censura
819 5690 1168 5758 perstrinxit.

192 5774 563 5836 Tenébrionem
608 5799 770 5838 nemo
805 5800 1045 5855 unquam
1084 5785 1371 5854 appellavit
1418 5800 1561 5849 rum,
1595 5783 1716 5850 qui,

1787 3196 2111 3266 nopolitani,
2137 3195 2424 3249 Nectarius
2454 3206 2505 3248 et
2543 3194 2841 3248 Dositheus
2867 3188 3389 3261 liierosolymitani,‘

1785 3299 1839 3343 et
1871 3289 1960 3342 alii
2001 3289 2093 3356 qui
2145 3287 2512 3342 orthodoxam
2561 3284 2988 3341 Confessionem
3046 3283 3407 3338 testimoniis.

1788 3380 1907 3436 suis
1932 3389 2291 3444 ornaverunt,
2321 3387 2377 3433 et
2401 3379 2661 3434 Omnibus
2692 3376 2810 3433 suis
2838 3386 3099 3446 tanquam
3136 3376 3261 3429 lidei
3286 3390 3374 3429 re-

1785 3473 1968 3543 gulam
1999 3471 2547 3536 commendaserunt,
2584 3478 2754 3525 testes
2806 3475 2903 3523 hoc
2942 3472 2992 3521 in
3044 3479 3415 3537 argumento...

1787 3564 2178 3634 locupletiores
2201 3563 2449 3619 Smitheo
2484 3579 2609 3618 esse
2648 3577 2809 3617 nemo
2840 3577 2948 3616 non
2978 3561 3257 3615 fatebitur.

1859 3654 2391 3723 Miratur-quomodo
2426 3655 2576 3709 illius
2624 3653 2865 3708 humilia:
2915 3642 3025 3706 non
3058 3652 3372 3707 meminerit
3408 3678 3413 3683 ι

1784 3746 2052 3801 Jeremias
2110 3747 2429 3818 patriarcha
2514 3747 2782 3801 adversus
2832 3743 3417 3813 Wirtembergenscs-

1786 3841 2056 3904 scribens,
2099 3849 2264 3910 atque
2313 3856 2514 3895 novum
2545 3839 2673 3894 inde
2722 3847 3104 3907 argumentum
3138 3835 3216 3889 illi
3266 3850 3370 3888 na-

1784 3935 1977 3999 sritur,
2008 3924 2119 4004 quo
2146 3933 2513 4003 suspicionem
2552 3935 2859 3988 conﬁrmet.
2886 3934 2954 3985 At
2982 3945 3107 3984 cum
3141 3930 3208 3983 de
3242 3943 3372 3997 pro-

1786 4029 2037 4084 eessione
2068 4025 2312 4095 Spiritus
2339 4026 2514 4079 sancti
2572 4017 2680 4077 tam
2728 4023 2847 4077 fuse
2895 4029 3087 4077 contra
3145 4020 3369 4074 eosdem
3407 4071 3411 4074 .

1785 4120 2120 4188 disputaret,
2146 4122 2223 4171 de-
2259 4116 2473 4185 prolixo
2500 4116 2747 4186 ejusdem
2782 4112 3054 4168 Gennadii
3103 4113 3402 4166 adversus

1790 4211 2017 4267 Latinos
2066 4226 2229 4281 opere
2272 4213 2423 4266 circa
2477 4210 2728 4263 eamdem
2787 4208 3076 4277 theologiae
3132 4216 3405 4275 partem,

1788 4305 2017 4359 verbum
2069 4322 2180 4361 non
2233 4306 2384 4372 facit,
2425 4313 2484 4360 ut
2525 4320 2705 4374 neque
2760 4302 3009 4356 nictninit
3067 4299 3368 4352 multorum

1790 4398 2025 4453 aliorum
2061 4414 2126 4453 ex
2154 4400 2363 4455 Grmcia
2421 4399 2837 4466 theologorum,
2892 4408 3130 4463 quorum
3168 4393 3370 4459 scripta
3406 4428 3408 4431 ι

1714 4462 1763 4522 D
1791 4491 1869 4545 vel
1905 4492 2051 4545 edita
2079 4493 2227 4557 sunt,
2265 4493 2349 4544 vel
2405 4489 2458 4542 in
2515 4486 2869 4541 bibliothecis
2918 4493 3233 4540 servantur.
3270 4484 3382 4547 Qui

1785 4599 1849 4638 ex
1884 4591 1992 4636 tam
2026 4583 2128 4637 levi
2160 4582 2479 4653 conjectura
2520 4594 2685 4650 opera
2723 4578 3048 4632 auctoribus
3085 4576 3371 4644 ahjudica-

1788 4686 1889 4743 ret,
1912 4676 2197 4731 ridiculus
2240 4676 2403 4730 foret.
2452 4672 2662 4739 Nempe
2715 4671 2977 4725 movisset
3026 4668 3393 4722 Ltttltcranus.

1788 4768 2056 4823 Gennadii
2080 4768 2401 4831 auctoritas,
2426 4765 2631 4836 quibus
2655 4763 2951 4833 exprobrat
2980 4760 3191 4815 ultimis
3227 4763 3369 4814 litte-

1788 4861 1866 4915 ris
1916 4859 2208 4928 Jeremias,
2266 4860 2409 4930 quod
2468 4868 2790 4914 sanctorum
2838 4855 3063 4909 Patrum
3126 4862 3408 4907 veternum

1789 4954 2147 5017 auctoritates
2174 4953 2402 5021 insuper
2428 4950 2715 5005 haberent.
3072 4946 3075 4947 ⁷

1860 5045 2005 5099 Nihil
2055 5060 2275 5115 quoque
2321 5058 2445 5098 esse
2491 5044 2545 5096 in
2601 5044 2768 5097 tomis
2822 5039 3088 5095 adversus
3141 5038 3413 5091 Latinos...

1789 5136 2003 5191 duobus
2047 5136 2189 5206 quod
2248 5134 2485 5189 homiliae
2535 5132 2770 5188 similem
2821 5132 3130 5184 doctrinam
3172 5144 3371 5196 γυμνω-

1789 5236 1988 5293 sentet,
2022 5244 2111 5283 res
2161 5226 2496 5297 suspicionis
2526 5226 2685 5295 plena
2717 5222 2965 5277 Smitheo
3001 5223 3237 5276 videtur.
3273 5221 3374 5273 Mi—

1789 5333 1907 5370 rum
1940 5318 2123 5388 potius
2153 5327 2205 5372 et
2245 5324 2492 5371 monstro
2545 5313 2726 5369 simile
2768 5314 2983 5375 fuisset,
3025 5310 3395 5366 Gennadium-

1792 5411 1857 5464 de
1887 5410 2127 5479 Spiritus
2154 5408 2324 5463 sancti
2369 5406 2724 5477 processione
2766 5407 3155 5467 disserentem,
3196 5404 3372 5471 deque

1789 5503 1912 5557 aliis
1966 5502 2110 5557 inter
2163 5517 2296 5557 suos
2340 5498 2680 5569 Latinosque
2734 5498 3158 5559 controversiis,
3191 5497 3371 5550 alieno

1793 5597 1953 5660 plane
1999 5596 2049 5647 in
2106 5594 2224 5648 loco
2274 5595 2341 5648 de
2394 5592 2757 5648 Eucharistiie
2801 5593 2901 5645 lidc
2932 5591 3271 5659 disputasse,
3305 5590 3375 5642 de

1790 5704 1897 5751 qua
1929 5687 2073 5740 inter
2124 5695 2392 5756 utrosque
2427 5687 2729 5756 perfectam
2782 5684 3199 5738 t-utisetisionem
3249 5698 3370 5736 esse

1793 5797 1899 5835 non
1954 5780 2271 5851 ignorabat»
2299 5780 2649 5851 Disputatutn
2678 5787 2801 5833 crat
2854 5776 3057 5831 uniter
3092 5774 3399 5834 Ferret‘i.s~
