3962 6328
524 373 631 439 273

1591 384 1849 444 GENNA
1865 385 1974 444 Dll
2020 387 2131 459 ΕΡ.
2169 386 2685 462 PATRMRCIL-E

3696 408 3785 468 28C

519 500 575 544 et
612 489 906 546 Florentia:
959 491 1100 544 inter
1131 491 1360 546 Latinos
1411 506 1460 548 et
1513 494 1753 559 GI‘KECOS,
1811 499 2109 564 pra‘sertim
2141 493 2186 553 Α
2221 500 2457 571 Liturgia
2512 507 2840 572 celebratur,
2898 495 3239 567 circunilatio
3290 516 3440 583 panis
3492 521 3546 568 et
3595 519 3786 581 callens,

523 579 591 634 de
623 582 867 650 Azymis,
903 585 1133 637 materia
1175 584 1386 638 scilicet
1418 585 1473 638 in
1521 603 1626 654 qua
1664 587 1976 643 celebratur
2006 590 2111 642 Ett-

517 674 796 727 charistiac
823 685 1230 729 sacramentum
1256 694 1267 740 ;
1291 677 1450 734 cedat
1487 678 1769 736 Stuitlteus
1801 683 1881 735 vel
1918 693 2109 736 amto-

522 783 635 821 rem
689 768 938 823 Gra-cum
995 787 1158 823 unum
1184 771 1385 842 (neque
1415 773 1750 845 Sylvestrum
1779 779 2108 848 Syropulum

520 864 962 934 excipimus)qui
995 867 1216 919 Latinos
1264 881 1294 925 a
1340 865 1548 927 Graecis
1594 871 1661 926 de
1705 871 1892 941 aliquo
1921 885 2113 929 errore

519 957 668 1010 circa
702 956 1066 1015 Eucltaristiae
1098 960 1256 1015 tidem
1305 960 1656 1018 insimulatus
1689 976 2110 1019 commemoret.

517 1047 725 1103 Contra
755 1065 880 1104 cum
924 1051 1175 1115 Bohemi,
1213 1055 1460 1108 eatndem
1507 1071 1678 1126 prope
1722 1073 1886 1126 quam
1921 1056 2114 1111 Refor-

519 1140 676 1202 mati,
709 1139 1012 1197 de-eodem
1061 1158 1414 1202 sacramento
1458 1147 1770 1217 Opinionem
1826 1149 2110 1215 haberent,

516 1233 702 1290 videat
741 1235 796 1290 in
824 1237 1286 1309 ipsiusSyt‘opuli
1322 1241 1642 1295 narratione
1671 1257 1833 1310 quam
1870 1245 2112 1310 graviter

517 1327 695 1384 (ἕναξεὶ
731 1331 1143 1400 tulerint,quod
1182 1335 1233 1385 in
1265 1334 1439 1402 prima
1471 1332 1676 1388 decreti
1715 1335 1781 1390 ad
1810 1335 2109 1389 concilium

511 1421 912 1481 celebrandum
950 1425 1188 1481 fortnula
1221 1423 1478 1483 Bobemis
1533 1426 1833 1494 comparati
1873 1427 2107 1496 quadam

514 1513 726 1566 ration:
786 1515 1045 1584 fuissent,
1084 1532 1222 1585 quos
1281 1517 1462 1570 multis
1495 1527 1545 1572 et
1598 1522 1836 1586 pessimis
1893 1521 2112 1576 Itazreai-

513 1605 606 1656 bus
641 1605 890 1660 laborare
947 1609 1346 1677 agnoscebant.
1380 1610 1534 1675 Quod
1567 1611 1737 1680 igitur
1783 1627 1889 1666 non
1944 1612 2110 1670 modo

513 1693 565 1747 in
600 1695 818 1751 duobus
858 1697 968 1752 illis
1019 1699 1392 1756 voluminibus
1442 1711 1634 1757 contra
1682 1702 1934 1769 Latin-os,
1965 1721 2110 1775 quos

2219 606 2512 665 antequam
2553 613 2966 667 consecrentttr,
3006 615 3059 658 et
3091 622 3278 661 eorum
3305 609 3592 664 veneratio
3622 626 3682 664 ex
3714 612 3763 666 lu

2220 699 2340 744 tura
2425 709 2550 746 mox
2619 699 3095 754 consecratione:
3143 704 3549 758 communionis
3620 705 3768 760 distri

2216 783 2445 839 buendae
2463 785 2638 841 forma
2663 806 2680 850 ;
2701 792 3087 859 particularum
3107 800 3450 852 conservatio
3468 800 3537 853 ad
3559 798 3790 855 infirmo.

2226 892 2348 931 rum
2387 879 2673 948 viaticum,
2719 882 2891 939 Missa
2948 889 3551 956 prarsanctiﬂcatorum,
3595 901 3650 946 et
3689 903 3791 947 tant

2219 971 2394 1025 multa
2427 973 2532 1028 alia
2565 983 2713 1029 certa
2765 976 3011 1047 ejusdem
3073 979 3198 1036 ﬁdei
3271 995 3593 1053 argumenta
3650 997 3791 1052 sunt,

2219 1065 2367 1119 unde
2403 1068 2669 1136 quidquid
2702 1071 2878 1127 simile
2910 1075 3238 1130 occurrebat
3274 1077 3328 1131 in
3361 1075 3559 1134 Latina
3609 1081 3791 1147 missa,

2216 1160 2401 1216 statim
2436 1160 2811 1222 Protestantea
2843 1167 3204 1224 sustulerunt.

2287 1251 2454 1318 Quasi
2496 1260 2678 1309 tamen
2722 1258 2791 1311 de
2829 1273 2887 1314 re
2917 1261 3103 1316 minus
3130 1277 3293 1332 quam
3315 1262 3390 1319 de
3424 1279 3558 1320 voce
3612 1278 3796 1338 agere-

2216 1355 2324 1406 tur,
2361 1344 2470 1400 nisi
2513 1350 3187 1410 transsubstantiationem
3249 1371 3514 1426 expresse
3545 1363 3796 1415 nomina-

2218 1437 2394 1492 verint
2421 1437 2623 1505 (ξηροὶ,
2657 1453 2803 1500 vetat
2834 1445 3115 1504 Smitheus
3142 1451 3458 1506 existimare
3496 1453 3794 1524 quidquam

2173 1581 2179 1587 .
2214 1544 2314 1587 eos
2354 1532 2421 1587 de
2454 1535 2593 1590 reali
2637 1538 3104 1610 substantialique
3141 1546 3605 1602 transmutatione
3650 1547 3797 1611 cogi-

2215 1632 2386 1683 tasse.
2421 1625 2559 1692 Quia
2612 1628 2782 1696 igitur
2815 1630 3081 1690 Claudius
3115 1633 3187 1689 ita
3225 1644 3515 1703 statuerat,
3567 1637 3796 1694 Gabrieo

2217 1717 2320 1772 lem
2353 1717 2895 1791 Pbiladelpbiensem
2926 1726 3161 1794 primum
3198 1728 3370 1785 fuisse
3402 1744 3429 1783 a
3463 1746 3576 1800 quo
3613 1749 3797 1801 μετου·

512 1785 797 1861 Smitheus
831 1808 1115 1863 nunquam
1147 1795 1304 1857 vidit,
1329 1807 1443 1851 tum
1473 1798 1525 1851 in
1560 1799 1746 1856 multis
1769 1801 1890 1854 aliis
1913 1802 2110 1857 adver-
2151 1852 2192 1909 Β
2227 1814 2468 1876 subacto;
2498 1823 2758 1884 usurpata
2783 1833 2884 1871 vox
2913 1818 3128 1884 fuisset,
3156 1820 3434 1878 Smitheus
3456 1826 3690 1890 primum
3709 1836 3798 1881 aut

512 1897 609 1934 sus
651 1898 746 1937 eos
774 1886 1018 1958 scriptis,
1051 1903 1288 1956 quorum
1317 1890 1554 1948 iudicem
1583 1893 1858 1961 dabimus,
1888 1892 2021 1949 nihil
2044 1897 2109 1952 de

514 1969 876 2028 Eucharistiae
900 1981 1295 2034 controversiis
1349 1983 1676 2050 reperiatur,
1733 1986 2106 2042 certissimum

513 2065 739 2140 integrae
763 2069 912 2123 circa
944 2071 1096 2124 illum
1136 2075 1437 2131 articulum
1466 2078 1776 2133 concordia:
1814 2094 2105 2150 argumen-

513 2168 626 2215 tum
667 2171 818 2215 erat.

589 2251 1068 2317 Verunt,tantum
1115 2259 1274 2321 abest
1317 2275 1373 2316 ut
1432 2265 1536 2318 vim
1606 2267 1759 2323 illius
1823 2271 2106 2339 agnoverit

512 2343 994 2403 MlSCL‘llaltet‘ol‘ltttt
1032 2362 1255 2417 auctor,
1290 2357 1422 2409 nihil
1467 2368 1525 2411 ut
1572 2360 1747 2426 potius
1774 2364 1970 2431 duplici
2006 2381 2104 2420 sua

515 2438 910 2495 Dissertatione
961 2446 1249 2512 designare
1317 2451 1593 2517 videatur,
1659 2470 1824 2524 quam
1880 2473 2105 2515 causam

513 2534 851 2602 suspicionis
877 2537 1142 2594 adversus
1189 2541 1533 2600 Gennadium
1564 2555 1617 2601 et
1640 2547 1762 2616 ejus
1795 2549 2102 2615 homiliam,

513 2623 569 2676 in
620 2638 679 2677 ea
717 2641 826 2680 non
883 2633 1285 2685 sententiarum
1335 2637 1518 2697 modo,
1565 2638 1661 2692 sed
1699 2641 1864 2694 etiam
1908 2657 2099 2697 vocum

513 2717 897 2774 conl‘ormitate
931 2723 1158 2780 subesse
1192 2726 1597 2794 gravissimam.
1641 2731 1843 2803 Nempe
1877 2736 2103 2801 siClauo

514 2810 602 2863 dio
627 2810 1035 2870 Carentoniano
1063 2820 1394 2877 credendum
1429 2832 1549 2891 est;
1581 2841 1758 2895 neque
1818 2829 1962 2883 enim
2017 2833 2102 2885 ul--

514 2904 623 2957 lum
657 2903 935 2962 Smitlreus
969 2927 1032 2964 ex
1059 2912 1291 2979 Graecia,
1341 2915 1424 2969 vel
1456 2933 1524 2971 ex
1561 2918 1929 2978 Orientalibus
1978 2939 2104 2994 pro-

513 2997 735 3064 vinciis,
773 3000 942 3054 alium
978 3001 1137 3072 hujus
1177 3008 1434 3074 paradoxi
1457 3019 1735 3066 auctorem
1767 3013 1950 3079 babes,
1976 3032 2097 3070 cum

515 3093 679 3158 realis
714 3097 1039 3165 prasentite,
1076 3101 1246 3156 multo
1269 3103 1437 3173 magis
1465 3109 2096 3166 transsubstantiationis

2222 1904 2359 1958 inter
2398 1907 2629 1973 primos;
2665 1909 2934 1965 Gennadii
2992 1928 3124 1968 vero
3187 1915 3562 1970 testimonium
3614 1932 3798 1998 omnes

2215 1997 2363 2053 illius
2405 1999 2650 2055 rationes
2677 2004 2979 2069 evertebat,
3011 2008 3423 2077 supposititium
3459 2010 3618 2065 illum
3663 2013 3798 2067 serio

2213 2100 2426 2160 plorem
2455 2108 2577 2148 esse
2632 2094 2821 2162 jussit.
2856 2095 3043 2167 Neque
3095 2101 3241 2155 enim
3298 2102 3405 2156 alia
3456 2104 3796 2172 jttdicii'tam

2213 2183 2513 2254 prmcipitis
2567 2187 2706 2246 ratio
2745 2191 3038 2258 quaerenda
3062 2204 3163 2256 est,
3194 2208 3319 2248 cum
3353 2210 3418 2249 ex
3449 2195 3654 2267 duplici
3686 2199 3799 2268 ejus

2210 2278 2475 2344 opusculo
2523 2294 2648 2334 eum
2695 2283 2762 2339 de
2800 2283 3086 2341 Gennadio
3123 2287 3256 2341 nihil
3299 2289 3524 2345 omnino
3572 2293 3798 2349 scivicse

2210 2379 2403 2435 printer
2470 2387 2640 2440 pauca
2692 2391 2794 2430 nec
2842 2394 2969 2432 vera
3014 2394 3134 2445 quae
3164 2395 3228 2436 ex
3261 2380 3455 2436 Allatio
3504 2382 3795 2450 didicerat,

2210 2461 2556 2517 manifestum
2583 2466 2653 2519 sit
2680 2486 2699 2519 ~:
2744 2469 2946 2537 quibus
3001 2473 3044 2525 si
3099 2474 3222 2540 quis
3272 2476 3606 2541 acquiescat,
3653 2477 3796 2532 illius

2205 2569 2312 2606 non
2356 2567 2438 2611 est
2479 2557 2545 2612 de
2577 2558 2860 2615 Gennadi'o
2897 2572 2991 2616 aut
3022 2564 3165 2618 illius
3210 2568 3467 2634 operibus
3499 2567 3643 2623 l‘erre
3675 2588 3798 2624 svn-

2205 2645 2456 2700 tentiam.
2482 2648 2624 2703 Nihil
2646 2667 2777 2721 ergo
2800 2651 3268 2710 Miscellaneorum
3294 2667 3576 2714 auctorem
3604 2664 3797 2728 movit,

2205 2746 2265 2792 ut
2302 2739 2578 2796 bomiliam
2613 2741 2803 2799 falsam
2848 2745 3165 2811 iudicaret:
3213 2748 3690 2824 Gennadiumque,
3753 2755 3797 2808 si
3865 2788 3871 2792 ι

2205 2842 2397 2886 auctor
2421 2833 2566 2888 illius
2596 2834 2756 2900 foret.
2797 2836 3102 2896 Latinismo
3125 2843 3417 2911 imbutum,
3457 2861 3619 2914 quam
3650 2863 3800 2904 men-

2205 2924 2496 2980 dacissima
2535 2925 2622 2980 illa
2659 2926 2956 2985 Claudiana
2996 2931 3330 3003 hypothesis,
3363 2951 3482 3005 quae
3511 2938 3795 2994 neminem

2203 3019 2453 3076 Graecum
2495 3022 2799 3091 legitimum
2833 3030 3103 3094 agnoscit,
3138 3030 3244 3085 nisi
3299 3036 3394 3100 qui
3445 3037 3796 3105 praesentiam

2208 3111 2415 3169 realem
2447 3122 2502 3170 et
2544 3117 3221 3177 transsubstantiationem
3258 3124 3490 3192 rejieiat.

514 3185 708 3252 dogma
755 3199 808 3245 et
860 3206 1056 3245 nomen
1108 3195 1364 3250 omnibus
1418 3197 1473 3250 in
1506 3198 1730 3256 Oriente
1765 3199 2098 3259 Christianis
2123 3191 2167 3253 C
2273 3205 2447 3272 Quam
2483 3223 2649 3276 porro
2675 3208 2813 3265 l'alsa
2846 3213 2938 3266 illa
2972 3212 3137 3276 foret,
3166 3231 3227 3270 ex
3251 3185 3800 3288 Gabrielej’hiladel-

514 3288 754 3343 ignotum
791 3280 894 3335 huc
938 3296 1108 3351 usque
1164 3283 1354 3352 fuerit,
1413 3290 1506 3358 qui
1561 3298 1857 3362 utrumque
1897 3294 2099 3350 admit-

513 3379 654 3436 tunt,
690 3373 1104 3441 pseudo-Greei
1140 3387 1267 3433 sunt
1305 3389 1358 3434 et
1388 3382 1805 3454 Λατινόφρονες.
1842 3386 1953 3443 Hoc
1987 3387 2031 3446 si
2065 3403 2094 3443 a

513 3463 740 3517 Claudio
771 3465 1206 3525 demonstratum
1250 3471 1530 3530 Smitheus
1571 3477 1868 3548 existimat,
1905 3491 2092 3536 utnon

515 3572 625 3611 uno
666 3557 785 3612 loco
816 3561 951 3615 satis
983 3563 1331 3633 s'gniﬁeavit,
1366 3583 1462 3623 nos
1494 3570 1692 3638 potiori
1726 3571 1870 3640 jure,
1903 3589 1973 3628 ne
2003 3590 2095 3628 ve-

516 3651 802 3706 risitnilem
838 3655 1057 3724 quidem
1111 3647 1481 3727 conjecturam
1518 3677 1640 3715 cum
1680 3665 1932 3720 attulisse
1967 3681 2097 3734 pro-

516 3745 702 3799 batum
735 3747 936 3802 invicte
964 3764 992 3802 a
1027 3750 1234 3806 nostris
1267 3752 1532 3822 theologis
1555 3757 1956 3812 existimamus.
1988 3757 2100 3815 Res

517 3839 569 3889 in
614 3836 794 3894 medio
825 3841 1187 3912 relinquatur,
1218 3855 1267 3898 ut
1297 3847 1349 3899 in
1399 3848 1675 3915 ejusmodi
1697 3851 2100 3918 qua:stionibus

516 3929 631 3984 ﬁeri
699 3932 862 3988 debet
895 3952 909 3990 :
945 3952 1010 3991 ne
1059 3939 1320 4006 syllabam
1377 3941 1594 4008 quidem
1653 3943 1854 3998 habent
1910 3947 2101 4003 Prete-

516 4034 751 4088 stantes,
813 4044 917 4097 qua
966 4033 1182 4099 probari
1229 4031 1532 4090 Claudiana
1587 4052 1818 4092 censura
1874 4043 2096 4109 possit:

517 4128 630 4171 tota
669 4123 814 4175 enim
850 4135 1296 4193 argumentorum
1329 4129 1408 4184 vis
1441 4130 1491 4183 in
1527 4130 1629 4184 hoc
1663 4147 1768 4185 uno
1793 4134 1915 4197 erit,
1951 4133 2103 4203 quod

516 4213 688 4267 Graeci
726 4223 778 4269 et
813 4217 1117 4272 doctrinam
1155 4227 1209 4273 et
1245 4237 1429 4276 vocem
1462 4233 1587 4277 ante
1621 4224 1890 4281 Gabrielis
1921 4225 2104 4282 Phila-

516 4308 860 4378 delphiensis
904 4314 1264 4383 metropolitae
1327 4326 1569 4385 tempora
1628 4333 1737 4372 non
1798 4321 2104 4389 usurpare-

521 4413 668 4455 runt.
705 4402 899 4456 Sciunt
952 4422 1116 4471 porro
1165 4424 1356 4464 omnes
1415 4419 1680 4479 quantum
1731 4413 1781 4466 in
1828 4415 2100 4470 similibus

518 4499 911 4554 controversiis
963 4499 1108 4554 fallat
1159 4518 1300 4571 διεξρο
1350 4512 1731 4572 argumentum
1781 4505 1908 4558 illud
1955 4505 2102 4576 quod

516 4599 715 4645 vocant
759 4593 1095 4660 ttegativum.
1143 4595 1297 4659 Quod
1342 4598 1388 4651 si
1435 4586 1671 4666 alicujus
1707 4600 1964 4652 tttomettli
1995 4609 2103 4663 est,

517 4695 575 4739 ut
608 4700 738 4740 sane
768 4701 913 4756 saepe
953 4703 1076 4741 cum
1117 4688 1326 4757 judicio
1369 4698 1547 4758 potest
1576 4689 1851 4753 adhiberi,
1881 4705 1945 4744 eo
1973 4707 2103 4758 quo-

515 4794 623 4845 que
667 4789 884 4834 utemur
921 4781 1197 4844 catholici,
1227 4781 1323 4836 sed
1366 4782 1589 4837 certiori
1643 4791 1696 4834 et
1752 4783 2098 4839 evidentieri.

517 4871 648 4924 Nam
681 4886 804 4925 cum
850 4883 1068 4927 exstent
1097 4873 1412 4928 Graecorum
1457 4877 1719 4930 adversus
1773 4876 1993 4932 Latinos
2038 4879 2102 4930 li-

516 4965 598 5019 bri
638 4974 746 5017 tam
777 4968 909 5020 editi
953 4982 1114 5033 quam
1173 4984 1303 5022 mss.
1365 4985 1562 5036 magno
1609 4984 1856 5034 numero,
1887 4979 2103 5024 exstent-

513 5064 633 5108 acta
673 5063 727 5111 et
770 5068 1125 5110 monumenta
1163 5072 1342 5111 rerum
1383 5060 1447 5110 ad
1493 5059 1841 5112 concordiam
1895 5075 2097 5128 procu-

514 5150 742 5202 raudam
789 5150 931 5203 inter
991 5159 1251 5218 utrosque
1314 5162 1616 5221 geSIarum,
1677 5153 1814 5207 nihil
1857 5155 2100 5210 occurrit

515 5244 654 5296 unde
688 5242 768 5295 vel
808 5241 1033 5295 Latinos
1061 5257 1086 5293 a
1118 5241 1322 5296 Grant-is
1370 5251 1660 5296 accusatos
1686 5257 1805 5297 esse
1856 5251 2096 5308 constet.

513 5337 658 5402 quod
708 5335 1382 5391 transsobstantiatiouem
1416 5337 1704 5402 docerent;
1737 5346 1830 5391 aut
1868 5352 1894 5388 a
1957 5335 2102 5391 Lauti-

513 5431 595 5482 nis
627 5427 870 5489 Graecos.
899 5438 1038 5497 quot
1070 5429 1218 5482 illam
1256 5428 1567 5497 rejicerent.

579 5521 807 5576 Accedit
842 5521 947 5576 alia
998 5537 1208 5592 magna;
1234 5523 1583 5576 auctoritatis
1610 5522 1863 5592 probatio
1894 5539 1959 5579 ex
1982 5523 2099 5578 dis-

515 5613 710 5682 ciplina
736 5613 1074 5678 Graecorum,
1114 5631 1233 5682 qua:
1257 5631 1365 5669 non
1396 5617 1509 5670 beri
1551 5625 1648 5670 aut
1672 5615 2096 5672 nudius-tertius

515 5717 752 5769 inventa,
784 5708 877 5761 sed
915 5721 948 5760 a
987 5709 1170 5762 multis
1197 5709 1408 5762 saeculis
1441 5709 1544 5764 huc
1574 5725 1751 5778 usque
1781 5709 2091 5772 observata,

515 5795 779 5864 ejusmodi
815 5808 918 5862 est,
953 5808 1010 5854 ut
1046 5801 1253 5870 absque
1291 5801 1452 5854 realis
1479 5801 1954 5856 transmutationis
1989 5801 2092 5856 lidc

515 5889 813 5948 consistere
873 5904 1124 5958 nequeat.
1171 5893 1305 5951 Natu
1368 5894 1511 5951 ritus
1549 5901 1602 5951 ct
1646 5908 1835 5957 preces
1880 5893 2082 5957 quibus

2211 3299 2428 3369 phiensi
2461 3301 2599 3356 satis
2632 3301 2813 3358 fuerat
2845 3305 3308 3363 demonstratum.
3333 3307 3510 3367 Larva
3571 3313 3661 3366 ille
3687 3315 3800 3382 pri-

2208 3406 2355 3444 mum
2387 3390 2620 3447 Claudio
2652 3393 2772 3461 fuit,
2811 3396 3060 3467 liberque
3113 3400 3342 3456 tictitius
3381 3418 3395 3458 :
3456 3404 3528 3456 ita
3588 3407 3797 3474 quippe

2212 3485 2725 3540 videbaturhomini
2791 3489 3020 3545 minime
3066 3490 3278 3556 Graeco,
3325 3504 3381 3546 ut
3428 3495 3799 3553 admiratores

2205 3577 2324 3647 ejus
2355 3594 2553 3649 negare
2585 3596 2692 3635 non
2718 3591 2966 3652 possunt.
3001 3581 3300 3653 Supererat
3331 3586 3609 3642 secundus
3637 3599 3801 3644 actus

2207 3672 2424 3737 fabulae,
2469 3684 2529 3727 ut
2569 3674 2780 3742 primus
2812 3676 2907 3741 qui
2942 3691 3131 3732 vocem
3166 3680 3801 3736 transsubstantiationis

2210 3771 2556 3833 usurpasset,
2593 3764 2816 3820 Gabriel
2841 3765 2986 3823 foret
3029 3785 3041 3821 :
3078 3782 3203 3822 mox
3255 3783 3365 3823 non
3432 3772 3634 3837 primus
3705 3782 3802 3824 aut

2208 3859 2345 3912 inter
2373 3859 2592 3927 primos.
2627 3858 2815 3913 Fidem
2850 3862 3097 3917 omnium
3125 3863 3467 3931 appellamus
3499 3865 3595 3933 qui
3649 3865 3803 3920 Grae-

2212 3967 2308 4006 cos
2338 3962 2593 4013 auctores
2629 3953 2901 4024 legerunt,
2937 3970 3006 4009 an
3041 3957 3208 4010 ullum
3242 3959 3571 4028 repererint,
3604 3960 3700 4028 qui
3737 3974 3803 4014 eo

2211 4043 2432 4097 nomine
2465 4043 2767 4097 Gabrielem
2797 4043 3100 4099 laudaverit
3132 4046 3606 4106 autaccusaverit,
3646 4046 3803 4114 quod

2213 4137 2415 4206 primus
2443 4145 2534 4189 aut
2568 4136 2710 4189 inter
2742 4136 2942 4203 primo:
2971 4152 3160 4192 vocem
3185 4147 3413 4193 eatenus
3475 4138 3803 4193 inusitatam

2215 4229 2473 4298 mysterio
2494 4213 2854 4283 Eucharistite
2877 4229 3207 4298 explicando
3226 4229 3560 4286 adhibuerit.
3591 4231 3656 4283 At
3683 4238 3806 4283 erat

2213 4336 2345 4375 sane
2369 4320 2801 4377 locuslaudandi
2832 4321 2977 4376 illius
3028 4319 3249 4377 Meletio
3298 4319 3514 4392 Syrigo,
3568 4335 3700 4374 cum
3739 4321 3809 4377 de

2216 4413 2632 4480 μετουσιὼσεως
2675 4427 2810 4468 voce
2865 4413 3199 4481 disputaret,
3247 4412 3622 4483 latereturque
3675 4429 3805 4468 eam

2212 4506 2402 4575 primis
2430 4505 2692 4560 Ecclesiae
2719 4507 3041 4561 doctoribus
3081 4517 3404 4575 usurpatam
3445 4522 3554 4561 non
3603 4506 3808 4568 fuisse.

2213 4599 2311 4654 sed
2339 4615 2365 4651 a
2397 4599 2799 4668 posterioribus
2836 4607 2986 4654 recte
3053 4600 3122 4654 ad
3178 4600 3341 4655 ﬁdem
3405 4600 3804 4668 explicandam

2213 4699 2406 4762 postea
2454 4690 2777 4744 adhibitam.

2283 4782 2418 4836 Cum
2448 4781 2615 4852 igitur
2640 4780 2914 4836 Gennadii
2943 4781 3264 4837 testimonio
3278 4789 3616 4836 everteretur
3638 4796 3808 4851 pror-

2210 4890 2303 4930 sus
2335 4873 2565 4930 Smithei
2600 4874 2912 4945 conjectura
2943 4892 2956 4940 ;
2989 4889 3114 4943 nam
3149 4889 3213 4928 ex
3243 4889 3312 4929 eo
3359 4874 3645 4929 constabat
3689 4891 3808 4932 non

2210 4979 2336 5023 ante
2363 4978 2583 5024 centum
2616 4983 2812 5031 annos,
2843 4967 2938 5023 sed
2998 4979 3217 5021 centum
3279 4975 3334 5022 et
3372 4967 3651 5037 sexaginta
3709 4978 3807 5022 aut

2211 5061 2450 5130 amplius
2493 5075 2681 5114 vocem
2718 5074 2836 5112 eam
2884 5067 3226 5129 usurpatam,
3257 5072 3369 5112 non
3397 5074 3462 5112 ex
3499 5057 3807 5113 falsissima

2213 5154 2525 5225 bypothesi,
2559 5153 2748 5208 saltem
2780 5153 2934 5206 valde
3007 5151 3197 5216 dubia,
3251 5160 3316 5211 et
3379 5148 3807 5220 probationibus
3850 5178 3854 5180 ~

2209 5246 2493 5308 destituta,
2542 5244 2901 5301 convellenda
2945 5252 3063 5298 erat
3122 5242 3391 5298 Gennadii
3447 5241 3810 5309 auctorizas;

2207 5335 2302 5392 sed
2326 5352 2391 5390 ex
2411 5335 2727 5389 Graacorum
2769 5333 2990 5388 testium
3031 5332 3158 5395 ﬁde,
3189 5347 3329 5399 quos
3358 5345 3517 5385 nemo
3535 5330 3718 5385 audiri
3749 5332 3807 5386 in

2209 5431 2372 5485 rebus
2397 5429 2516 5483 suis
2555 5427 2754 5482 debere
2787 5426 3068 5497 negaverit
3103 5433 3234 5479 :aut
3261 5424 3454 5480 saltem
3482 5424 3614 5479 illud
3640 5425 3805 5479 evin-

2204 5522 2436 5576 cendum
2462 5520 2724 5588 etdogma
2753 5525 2806 5572 et
2833 5531 3023 5573 vocem
3048 5518 3122 5571 ab
3141 5515 3278 5586 ipsis
3296 5516 3497 5586 pariter
3518 5515 3803 5585 ignorari.

2207 5614 2261 5668 Si
2294 5613 2557 5684 Cyrillum
2581 5610 2816 5665 Lucarin
2845 5609 3171 5680 excipimus,
3191 5606 3614 5663 nullusGrtecus
3635 5609 3793 5663 theo-

2207 5707 2362 5775 IOgus
2396 5714 2450 5758 et
2476 5717 2665 5761 vocem
2697 5712 2749 5756 et
2800 5701 2998 5772 dogma
3065 5715 3174 5754 non
3226 5699 3501 5771 probavit.
3565 5697 3798 5755 Gabriel

2203 5799 2564 5866 Melcliusqtte
2587 5796 2812 5866 Syrigus
2830 5795 3122 5848 laudantur
3143 5793 3211 5847 ab
3229 5792 3503 5857 omnibus,
3525 5802 3802 5863 tanquam

2203 5893 2316 5952 veri
2378 5906 2566 5956 grtcca:
2617 5888 2881 5948 doctrina:
2933 5885 3220 5948 interpres.
3274 5885 3510 5946 Cvrillus
3557 5884 3788 5948 iudiciis

2177 6009 2204 6035 ἡ
