3962 6328
298 359 400 416 281

1827 374 2030 436 VlTA.

2287 302 2303 330 \

3485 358 3593 423 28?.

294 474 660 542 synodalibus
690 478 987 532 damnatus
1021 490 1104 533 est
1134 497 1145 532 :
1186 481 1420 537 refutata
1448 484 1515 539 ab
1547 490 1738 542 eodem
1778 489 1879 559 Sy»
1913 497 1953 553 Α
1987 495 2341 558 imperatore.
2373 489 2645 559 episc0pis
2687 497 2739 544 et
2773 493 2989 548 senatu,
3018 491 3135 537 erat
3185 481 3361 536 adhuc.
3419 496 3592 537 saecu-

294 566 419 634 rigo
445 566 548 620 fuit
580 568 727 623 illius
773 569 1134 625 Calvinistica
1178 574 1517 631 Confessio:
1585 588 1637 633 et
1691 588 1882 635 contra

292 655 418 711 haec
459 659 773 717 testimonia
808 675 929 730 qum
954 663 1106 718 Actis
1133 674 1185 717 et
1217 664 1676 724 Confessionibus
1701 671 1884 725 multis

291 765 357 804 ex
403 751 626 806 Oriente
653 753 838 807 missis
863 756 1191 811 conﬁrmata
1229 769 1382 822 sunt,
1404 760 1571 815 audet
1591 762 1885 833 quisquam

290 845 654 912 conjecturas
680 847 1028 904 inanissimas
1059 865 1360 922 opponere.

373 936 588 990 Primus
645 951 736 994 aut
766 941 904 995 inter
941 944 1236 1010 νήπιοι,ῡί
1293 944 1542 1003 Smitheo
1589 949 1884 1017 Credimus,

289 1021 524 1079 Gabriel
557 1025 1056 1098 Philadelphiensis
1089 1035 1758 1095 Transsubstantiationis
1796 1058 1890 1095 vo-

285 1133 420 1171 cem
458 1122 761 1190 usurpavit,
781 1139 928 1180 anno
961 1126 1118 1194 1600,
1152 1144 1261 1198 quo
1293 1129 1512 1185 libellus
1565 1132 1714 1187 illius
1769 1134 1878 1188 edi-

284 1201 388 1266 tu°s
416 1227 520 1270 est.
548 1215 652 1271 Sed
677 1216 925 1274 Meletius
950 1221 1099 1290 Piga,
1123 1223 1437 1291 patriarcha
1478 1225 1885 1282 Alexandrinus

285 1306 345 1360 in
383 1310 631 1376 epistolis
653 1328 782 1367 ann.
835 1314 973 1370 1593
1005 1324 1059 1371 et
1106 1315 1266 1380 1591,
1316 1333 1434 1373 eam
1492 1334 1676 1375 vocem
1729 1321 1886 1376 adhi-

281 1401 523 1463 buerat.
558 1405 791 1476 ejusque
821 1423 1045 1474 sensum
1077 1420 1133 1464 et
1204 1422 1581 1482 consectanea
1626 1425 1885 1470 accurate

280 1497 698 1566 explicaverat,
735 1501 989 1558 indicans
1023 1505 1185 1557 simul
1232 1514 1501 1561 tractatus
1564 1507 1704 1562 alios
1755 1524 1886 1563 suos

278 1587 345 1640 in
385 1591 590 1658 quibus
665 1593 842 1647 fusius
898 1593 967 1652 de
1020 1596 1217 1650 eodem
1279 1608 1608 1665 argumento
1673 1601 1883 1668 pridem

279 1682 660 1738 disseruerat.
693 1684 983 1740 Latinismi
1011 1697 1306 1757 suspectus
1335 1705 1457 1744 esse
1494 1707 1603 1745 nun
1648 1701 1881 1760 .potest,

284 1789 461 1843 quem
497 1777 740 1847 impense
764 1777 1033 1848 Georgius
1065 1779 1244 1841 Dousa
1295 1781 1463 1837 etalii
1508 1781 1884 1840 Protestantcs

1990 581 2123 637 laris
2168 603 2179 638 :
2229 600 2389 638 nemo
2423 595 2607 637 autem
2653 568 3029 651 suspicabiiur
3058 576 3126 632 ab
3160 577 3396 640 homine,
3429 574 3591 628 docto

1989 678 2229 748 quidem,
2257 678 2348 731 scd
2389 678 2552 744 laico,
2591 677 2836 746 ignotam
2895 688 2994 729 nec
3019 689 3120 726 usu
3183 669 3484 726 stabilitam
3536 669 3587 721 in

1989 768 2251 838 mysterio
2276 767 2607 836 explicando
2645 782 2833 820 vocem
2869 763 3128 833 usurpari
3152 759 3592 831 potuisse,nullo

1989 857 2377 926 episcOporum
2408 863 2509 908 aut
2548 857 2932 922 theologorum
2972 851 3334 908 reclamante.

2062 947 2169 1003 Sed
2208 948 2537 1012 Callinicus,
2564 947 2858 1002 Dositheus
2889 956 2944 1000 et
2975 945 3067 998 alii
3105 942 3277 998 Graeci
3309 938 3592 994 antistites

2001 1051 2163 1097 erunt
2198 1040 2445 1095 Smitheo
2474 1041 2878 1110 Λατινόφρονες
2946 1037 3071 1092 novi
3129 1036 3347 1091 scilicet
3390 1041 3444 1088 et
3481 1034 3591 1086 huc

1989 1149 2167 1204 usque
2199 1133 2368 1201 ignoti
2391 1133 2654 1202 generis;
2691 1148 2815 1185 nam
2845 1147 2969 1185 cum
3013 1147 3076 1185 ea
3153 1145 3260 1185 vox
3327 1123 3585 1194 usurpari

1988 1229 2172 1298 cmpit,
2208 1229 2388 1282 nullos
2423 1227 2560 1280 alios
2596 1240 2759 1295 quam
2789 1225 2884 1294 qui
2951 1225 3248 1280 stabilitam
3292 1219 3589 1276 Florentia:

1992 1322 2113 1376 ﬁdei
2145 1320 2526 1375 Delluitiouem
2554 1318 3056 1388 amplectebantur,
3092 1316 3437 1386 designabat.
3480 1309 3587 1366 Ve-

1988 1430 2108 1469 rum
2138 1429 2244 1467 non
2267 1411 2777 1481 Constantinopoli,
2819 1412 2915 1467 sed
2955 1412 3006 1465 in
3035 1409 3250 1466 Claudii
3305 1408 3464 1464 libris
3497 1405 3585 1459 di-

1989 1507 2124 1560 dicit
2167 1505 2452 1560 Smitheus
2477 1505 2893 1576 Λατινόφρονας
2921 1519 3068 1570 esse,
3097 1503 3190 1572 qui
3221 1502 3421 1558 realem
3453 1514 3589 1569 prae-

1989 1600 2220 1654 sentiam
2241 1609 2296 1654 et
2329 1599 3013 1654 transsubstantiatiouem
3045 1596 3364 1652 crederent.
3415 1593 3592 1647 Erunt
3665 1670 3669 1673 _

1989 1694 2154 1763 igitur
2177 1693 2345 1748 etiam
2377 1692 2493 1757 isti,
2533 1691 2688 1745 utilli
2709 1691 2801 1760 qui
2834 1691 3043 1760 synodo
3074 1687 3592 1756 Hierosolymitanae

1990 1787 2470 1855 subscripserunt,
2506 1786 2560 1838 in
2593 1785 2784 1839 eadem
2828 1780 3386 1851 Λατινοφρονούντων
3449 1777 3592 1831 εῖδει

291 1869 693 1937 laudaverunt,
716 1888 783 1928 eo
814 1875 1115 1942 praesertim
1153 1877 1392 1941 nomine,
1443 1879 1589 1947 quod
1648 1894 1881 1934 concor-
1915 1855 1958 1914 Β
1988 1897 2068 1944 se,
2099 1879 2190 1948 qui
2227 1890 2401 1932 tamen
2445 1879 2744 1947 primatum
2773 1876 3008 1930 Romani
3035 1874 3324 1928 Pontificis
3368 1879 3590 1940 negant,

285 1965 404 2019 dia:
439 1967 584 2020 inter
617 1964 856 2021 Poloniae
900 1983 1071 2037 regno
1118 1970 1375 2025 subditos
1408 1969 1579 2025 Graeci
1639 1972 1775 2028 ritus
1834 1982 1889 2027 et

279 2056 608 2113 Catholicos
633 2059 987 2114 conciliandas
1028 2063 1293 2117 acerrime
1326 2065 1634 2122 restitisset.
1654 2065 1732 2119 An
1754 2066 1884 2121 Sub-

280 2151 504 2203 dititias
528 2151 648 2204 illas
681 2151 944 2219 epistolas
974 2168 1100 2207 esse
1130 2153 1412 2208 Smitheus
1467 2155 1656 2210 dicet?
1685 2157 1884 2212 Verum

280 2258 388 2294 eas
424 2258 487 2295 ex
527 2245 846 2298 authentico
875 2246 1175 2315 exemplari
1217 2247 1883 2318 descriptas‘Constaati-

285 2337 520 2406 n0pulin
557 2339 621 2390 ad
662 2335 1041 2406 Pauagiouem
1079 2339 1232 2393 misit
1266 2339 1487 2395 Paisius
1543 2343 1886 2397 Alexandri-

284 2446 403 2484 nus
434 2433 752 2500 patriarcha
793 2449 805 2487 :
847 2443 898 2486 et
935 2429 1600 2503 Cu'nSIantinopolitanus
1652 2435 1884 2490 Callini-

282 2541 396 2580 cus
435 2526 487 2579 in
522 2525 770 2596 synodali
800 2526 1127 2581 definitione
1156 2529 1284 2581 anui
1311 2527 1471 2583 1691.
1495 2531 1639 2583 inter
1663 2546 1763 2585 eos
1787 2533 1880 2601 qui

285 2620 941 2676 transsubstantiationis
975 2635 1110 2676 voce
1157 2623 1245 2678 usi
1285 2634 1438 2688 sunt,
1478 2623 1757 2678 Meletium
1799 2623 1888 2681 Pi-

283 2728 419 2783 gam
456 2713 781 2777 numeravit.
1272 2730 1283 2735 ’·

367 2803 574 2859 Eadem
632 2806 969 2862 auctoritate
995 2809 1322 2876 patriarcha:
1380 2807 1889 2880 Constantinopoli-

285 2900 438 2960 taui,
480 2908 532 2955 et
559 2897 799 2956 Dosithei
825 2901 1156 2970 patriarchae
1208 2901 1694 2973 Hierosolymitani
1756 2920 1888 2958 con-

257 2992 551 3045 ﬁrmatur
574 3007 637 3047 ea
660 3007 824 3061 quam
863 2992 1144 3048 Smitheus
1171 3003 1450 3064 oppugnat
1483 2995 1752 3052 Gennadii
1785 2997 1884 3052 ho-

284 3085 467 3138 milia.
506 3081 680 3138 Verba
713 3092 893 3150 supte
927 3082 1039 3139 Usa
1097 3101 1254 3150 porro
1284 3101 1345 3140 ea
1397 3084 1551 3154 (voce
1604 3089 1887 3142 transsui)-

1991 1971 2082 2040 qui
2121 1970 2383 2039 Spiritum
2417 1985 2446 2023 a
2476 1970 2636 2024 Patre
2669 1968 2787 2024 solo
2821 1967 3121 2046 procedere
3191 1965 3452 2030 credunt,
3485 1963 3592 2017 do-

1991 2077 2114 2121 cent
2144 2068 2361 2122 tandem
2399 2068 2606 2137 rcliqua
2639 2081 2762 2135 qua:
2819 2064 3004 2118 [totnaz
3074 2062 3436 2118 damnantur.
3513 2063 3590 2132 Ea

1991 2163 2205 2216 ratione
2245 2161 2567 2216 Gennadius
2601 2169 2656 2214 et
2681 2161 2800 2229 ejus
2827 2159 3069 2212 humilia:
3099 2158 3166 2210 ab
3208 2158 3327 2225 ipso
3357 2156 3594 2226 prosrri-

1987 2255 2195 2310 buntur
2235 2272 2248 2308 :
2285 2255 2586 2309 namaliam
2626 2254 2831 2308 nullam
2864 2253 3027 2307 habet
3059 2269 3072 2316 ;
3103 2253 3349 2322 adeoque
3383 2248 3593 2306 siGcn-

1991 2337 2500 2403 nadiusLatinismi
2535 2356 2827 2416 suspectus
2865 2357 2971 2408 est,
3022 2345 3212 2401 eadem
3268 2346 3591 2414 suspicione

1991 2442 2196 2496 involvi
2231 2450 2448 2510 oportet
2480 2441 2760 2497 Mair-tium
2798 2439 3013 2506 Pigam,
3054 2439 3368 2492 Gabrielem
3407 2435 3595 2490 Phila.

1991 2533 2392 2604 delphiensem,
2427 2533 2725 2599 Georgium
2756 2531 3100 2593 Coressium,
3133 2530 3410 2584 Meletium
3439 2529 3592 2599 Syri-

1991 2642 2142 2698 gum,
2172 2627 2437 2698 Cyrillum
2483 2637 2536 2681 et
2565 2625 2944 2688 Parthenium,
2968 2626 3058 2695 qui
3097 2625 3149 2678 in
3187 2625 3433 2696 synodis,
3459 2638 3590 2678 ann.

1995 2719 2130 2775 1658
2159 2728 2213 2774 ct
2244 2719 2404 2784 1642,
2437 2717 2668 2773 Lucaris
2714 2717 3122 2773 confessionem
3157 2723 3217 2770 ut
3276 2717 3590 2770 haereticam

1994 2815 2394 2868 damnaverunt
2436 2830 2448 2866 :
2505 2827 2699 2867 omnes
2744 2810 3123 2879 metropolitas
3150 2821 3203 2865 et
3273 2811 3592 2880 episcopos,

1993 2905 2247 2975 aliosque
2287 2903 2701 2960 ecclesiasticos
2730 2904 2822 2971 qui
2851 2903 3090 2958 decretis
3111 2901 3592 2970 subscripserunt,

1958 3016 1961 3019 '
1992 3009 2054 3055 ut
2084 3015 2179 3055 eos
2221 3000 2312 3070 qui
2338 2998 2529 3071 synodi
2578 2996 3097 3069 Hierosolymitanre
3139 3010 3285 3049 anno
3321 2993 3460 3048 1672
3488 2993 3592 3048 De-

1989 3100 2139 3145 creta
2159 3090 2645 3150 confirmaverunt,
2666 3086 2978 3142 Nectariqu
3000 3084 3586 3156 Hierosolymitanum,

283 3178 685 3247 stantiationis)
723 3176 967 3232 Ecclesia
1001 3186 1098 3242 est,
1147 3178 1398 3248 quoniam
1446 3194 1538 3232 nec
1603 3180 1885 3248 requivocis
1918 3217 1960 3274 ο
1993 3195 2188 3236 omnes
2219 3180 2437 3234 tandem
2460 3177 2679 3234 Graecos
2701 3169 3130 3240 sincerissimos,
3157 3179 3200 3232 si
3222 3178 3312 3246 qui
3346 3191 3592 3246 unquam

283 3271 600 3339 subjicitur,
625 3279 676 3324 et
703 3281 922 3338 superat
955 3271 1190 3323 omnium
1249 3271 1623 3325 haereticorum
1686 3275 1893 3342 sophis—

289 3375 475 3416 mata.
515 3362 624 3418 Nec
662 3378 831 3416 eama
864 3361 1071 3416 Latinis
1091 3373 1338 3417 mutuata
1400 3373 1500 3429 est,
1558 3365 1649 3418 sed
1695 3375 1773 3419 est
1830 3382 1891 3420 ea

280 3475 418 3512 uoce
449 3459 622 3513 ditata
648 3467 770 3512 ante
804 3475 974 3513 annos
1005 3458 1294 3527 plurimos,
1320 3475 1352 3513 α
1387 3459 1694 3515 domesticis
1730 3470 1778 3513 et
1802 3460 1891 3513 Je-

280 3554 503 3625 gitimis
532 3555 641 3607 suis
675 3552 985 3606 orthodoxis
1008 3551 1343 3613 doctoribus,
1367 3561 1423 3604 ut
1479 3562 1780 3621 promptum
1815 3554 1892 3606 vi-

281 3657 415 3699 dere
438 3657 512 3698 est
548 3661 611 3698 ea:
648 3643 1039 3698 commentariis
1091 3659 1224 3697 vera:
1253 3643 1525 3713 religionis
1576 3644 1875 3712 defensoris

281 3741 442 3794 illius
463 3738 660 3792 domini
679 3736 943 3792 Gennadii
957 3737 1278 3805 patriarcha!
1291 3736 1886 3808 Constantinopolitaui,

279 3833 386 3902 qui
420 3847 598 3886 coram
630 3829 941 3884 ortltodoxis
967 3829 1403 3898 imperatoribus,
1423 3838 1470 3882 et
1493 3830 1597 3897 piis
1654 3831 1890 3897 patriar-

283 3948 296 3974 ι
319 3923 407 3977 Iris
436 3939 498 3975 ac
527 3938 682 3975 sacro
713 3923 923 3984 senatu,
958 3920 1188 3990 ipsisque
1210 3921 1520 3974 doctoribus
1575 3933 1732 3976 rectte
1764 3923 1889 3988 ﬁdei

284 4028 516 4079 nostra),
543 4031 633 4084 per
664 4015 800 4068 hanc
825 4031 997 4068 vocem
1032 4024 1088 4068 ut
1113 4024 1234 4068 ante
1271 4018 1563 4085 cognitam,
1619 4026 1777 4086 atque
1822 4019 1885 4072 ab

281 4109 539 4165 Ecclesia
599 4119 881 4176 receptam,
941 4125 1035 4174 pro
1084 4108 1179 4160 hoc
1234 4110 1483 4179 mysterio
1541 4110 1882 4180 depugnavit.

284 4204 452 4258 Edita
487 4210 568 4256 est
604 4200 793 4256 Graece
845 4199 1125 4271 synodalis
1184 4200 1276 4254 illa
1341 4202 1596 4256 Deﬁnitio
1652 4202 1786 4257 Jasii
1830 4205 1884 4260 in

269 4284 594 4357 'lloldavia,
626 4306 776 4346 anno
812 4291 971 4357 1694,
1007 4308 1034 4345 a
1073 4291 1335 4347 Dositheo
1383 4289 1885 4365 Hiei‘osolymitano

277 4387 339 4441 iu
377 4385 516 4440 libro
540 4394 727 4439 contra
753 4382 1022 4438 Joannem
1053 4381 1471 4453 CaryOphyllmu
1500 4383 1883 4452 Logothetam,

277 4479 386 4534 sed
415 4494 536 4530 cum
568 4477 678 4531 huc
704 4482 882 4545 usque
915 4476 1066 4530 illum
1095 4475 1297 4528 habere
1350 4491 1456 4528 non
1516 4479 1879 4542 potuerimus,

1997 3273 2237 3329 fuerunt.
2270 3273 2460 3326 Nullus
2496 3272 2642 3326 enim
2671 3287 2862 3327 eorum
2920 3280 3022 3334 est,
3091 3271 3183 3339 qui
3249 3269 3472 3323 Decreta
3493 3267 3589 3322 ad-

1997 3381 2186 3419 versus
2229 3365 2494 3436 Cyrillum
2568 3362 2801 3419 Lucarin
2861 3380 2967 3418 non
3044 3363 3331 3430 amplexus
3397 3360 3587 3421 fuerit,

1995 3459 2202 3528 quique
2237 3458 2428 3513 eadem
2463 3459 2833 3514 sentientibus
2890 3472 2954 3512 ac
3016 3455 3262 3511 nefarius
3304 3456 3399 3508 ille
3459 3453 3590 3508 fidei

1996 3553 2152 3605 avita:
2194 3551 2462 3617 proditor,
2498 3553 2792 3605 anathema
2827 3565 2936 3604 non
2989 3549 3215 3603 dixerit.
3270 3547 3342 3600 At
3392 3544 3586 3600 omnes

1995 3645 2070 3698 illi
2100 3644 2320 3698 tandem
2357 3644 2429 3697 ita
2462 3643 2646 3698 Latini
2683 3654 2833 3710 sunt,
2894 3651 2954 3695 ut
3010 3641 3259 3712 plerique
3319 3641 3590 3702 adversus

1994 3738 2216 3792 Latinos
2241 3738 2381 3807 stylo
2423 3739 2696 3791 acerrimo
2727 3736 3159 3810 decer_taverint,
3189 3750 3299 3801 quo
3365 3725 3588 3788 nomine

1994 3829 2284 3883 laudantur
2325 3845 2352 3883 a
2385 3832 2500 3886 suis
2530 3839 2586 3884 ut
2611 3829 2820 3885 Grtecac
2865 3829 3124 3884 Ecclesiae
3158 3828 3404 3898 insignes
3430 3827 3587 3881 theo-

1995 3923 2414 3993 logi,illiusque
2439 3922 2784 3978 defensores.
2826 3922 2882 3977 Si
2931 3923 3100 3992 igitur
3145 3920 3344 3976 sinceri
3406 3920 3580 3975 Graeci

1991 4031 2100 4068 non
2134 4023 2282 4080 sunt,
2318 4015 2410 4070 ubi
2445 4013 2669 4069 tandem
2709 4013 2897 4068 Graeca
2922 4012 3162 4069 Ecclesia
3197 4015 3263 4068 ab
3291 4012 3450 4066 anuis
3482 4010 3585 4065 du-

1992 4109 2168 4164 centis
2195 4109 2331 4173 fuit;
2371 4124 2563 4164 omnes
2594 4108 2741 4162 enim
2802 4121 3169 4177 quoscunque
3213 4122 3278 4160 ex
3356 4105 3584 4159 historia

1989 4209 2042 4253 et
2071 4199 2222 4253 libris
2253 4200 2528 4263 novimus,
2560 4199 2761 4262 Graeci,
2793 4199 2954 4252 aliam
2990 4198 3150 4252 fidem
3203 4212 3311 4252 non
3379 4197 3598 4251 habite-

1993 4300 2137 4344 runt.
2187 4291 2627 4362 Verunmpponit
2680 4291 2967 4346 Smitheus
3009 4289 3274 4359 Cyrillum
3321 4287 3584 4356 Lucarin,

1989 4383 2310 4440 Zachariam
2347 4385 2659 4457 Cerganum
2695 4386 2843 4440 Arta:
2875 4383 3086 4454 exigua:
3137 4383 3415 4439 urbeeulm
3469 4384 3584 4453 epi-

1989 4493 2240 4548 scopum,
2279 4489 2332 4533 et
2365 4478 2787 4550 Metrophancm
2823 4477 3199 4547 Critopulum.
3262 4476 3415 4532 Nova
3462 4478 3593 4546 jura

277 4571 602 4625 versionem
659 4567 856 4622 damus
931 4567 1142 4621 Nicolai
1201 4567 1465 4622 Comneni
1521 4567 1878 4638 Papadopoli,
1920 4570 2275 4627 Dcondeuda
2309 4579 2460 4635 sunt,
2515 4579 2574 4624 ut
2607 4570 2784 4625 tribus
2850 4569 3088 4624 testibus
3141 4567 3273 4621 fides
3324 4565 3588 4620 habeatur

276 4666 553 4719 inst‘rtam
575 4660 833 4730 Epistolas
886 4657 953 4714 ad
996 4660 1401 4732 Chrysanthum
1422 4661 1676 4716 Notaram
1703 4663 1882 4717 Cresa-

282 4770 404 4812 rez
430 4752 861 4823 metropolitam,
893 4766 1016 4820 qua
1036 4752 1180 4807 edita
1216 4761 1300 4808 est
1329 4751 1572 4809 Venetiis
1598 4770 1687 4808 an.
1723 4755 1880 4811 1703.

361 4847 424 4903 1η
473 4862 534 4900 ea
571 4861 737 4915 porro
771 4844 1032 4916 synodica
1065 4844 1390 4901 Dellnitlone
1413 4848 1521 4900 duo
1576 4856 1705 4902 sunt
1763 4864 1885 4918 quae

272 4930 586 5012 diligenter.
624 4940 905 4996 observari
960 4955 1142 5009 opera:
1202 4942 1438 5009 pretium
1479 4943 1570 4996 sit.
1614 4943 1880 5010 Primum,

276 5035 583 5091 llomiliam
625 5048 790 5104 quam
817 5033 1020 5102 publici
1051 5031 1192 5103 juris
1240 5033 1496 5101 facimus,
1549 5035 1886 5105 patriarehis

272 5128 506 5183 duobus
540 5127 811 5182 Callinico
841 5136 896 5183 et
921 5127 1205 5188 Dositheo.
1243 5138 1361 5183 tum
1430 5130 1797 5200 metropolitis
1830 5139 1884 5185 et

273 5221 564 5291 episcopis
593 5221 688 5290 qui
723 5219 1022 5275 scribendo
1074 5219 1396 5285 adfuerunt,
1452 5221 1626 5278 fuisse
1654 5223 1883 5279 notissi-

279 5329 436 5370 mam
462 5332 475 5368 :
513 5324 680 5386 atque
711 5313 850 5368 adeo
885 5315 952 5369 de
983 5315 1100 5385 ejus
1127 5314 1393 5386 αὑθεντῐᾳ
1426 5316 1681 5372 dubitare
1710 5317 1884 5372 nemi-

275 5423 412 5463 nem
441 5422 621 5474 posse,
655 5407 761 5464 nisi
787 5408 881 5478 qui
923 5407 1196 5478 αὐτοψιαν
1247 5407 1627 5463 Smitheanam
1679 5410 1886 5467 talibus

276 5497 618 5553 testimoniis
665 5497 1057 5567 praeferendam
1083 5496 1427 5552 existimarit.
1479 5498 1728 5552 Alterum
1776 5505 1882 5564 est,

278 5589 431 5660 quod
482 5589 766 5645 antistites
805 5588 910 5659 ipsi
967 5588 1142 5644 Graeci
1211 5597 1488 5645 testantur
1535 5591 1884 5646 Gennadium

277 5695 474 5735 vocem
507 5678 928 5748 μετουσιώσεως
955 5693 1286 5750 usurpasse,
1319 5691 1378 5736 ut
1433 5680 1643 5751 pridem
1697 5683 1887 5751 c0gni-

277 5784 425 5839 tam,
452 5770 615 5841 idque
647 5772 940 5827 verissime
963 5771 1032 5827 ab
1064 5773 1174 5828 illis
1204 5773 1556 5828 observatum
1597 5774 1717 5829 fuit.
1745 5775 1883 5829 Cum

275 5865 434 5922 enim
479 5866 771 5923 humiliam
805 5866 953 5923 illam
987 5865 1321 5935 declamaret
1357 5865 1412 5923 in
1465 5867 1670 5930 palatio
1697 5882 1883 5925 coram

1989 4673 2182 4718 contra
2227 4664 2377 4718 mille
2409 4664 2569 4728 alios,
2598 4664 2709 4718 imo
2742 4671 2930 4718 contra
2987 4659 3269 4731 publicum
3307 4669 3355 4714 et
3391 4659 3589 4711 multo~.
3624 4647 3632 4653 ’

1989 4756 2094 4811 ties
2120 4765 2440 4811 renovatum
2461 4759 2627 4812 totius
2659 4755 2915 4811 Ecclesia:
2942 4753 3145 4807 Grmca:
3180 4751 3590 4806 testimonium.

1989 4849 2056 4903 At
2083 4850 2299 4904 illorum
2328 4851 2542 4920 primus
2572 4849 2935 4903 anathemate
2966 4847 3262 4898 damnatus
3297 4852 3402 4905 est,
3459 4858 3586 4912 pro-

1987 4941 2567 5012 scriptaquejudiciis
2639 4939 2879 5010 publicis
2933 4934 3295 5007 synodalibus
3347 4944 3586 5005 quatuor.l

1986 5035 2336 5090 Calvinistica
2363 5035 2488 5103 ejus
2528 5030 2808 5088 confessio
2841 5028 3324 5098 ConstantinOpoli
3350 5027 3588 5093 scilicett,

1985 5128 2148 5183 annis
2175 5127 2332 5192 l638,
2366 5127 2524 5192 1642,
2557 5137 2609 5180 et
2641 5124 2798 5190 1691,
2831 5122 3226 5194 Hierosolymis
3245 5136 3389 5177 anno
3419 5119 3587 5183 l672,

1986 5237 2106 5292 qua!
2134 5220 2339 5289 judicia
2371 5227 2672 5275 retractata
2716 5232 2999 5288 nunquam
3040 5214 3288 5279 fuerunt,
3325 5229 3451 5270 cum
3487 5228 3586 5268 eas

1985 5329 2178 5369 omnes
2202 5313 2508 5368 sententias
2541 5311 2836 5367 Dositheus
2857 5309 3184 5366 Euchiridio
3226 5323 3328 5364 suo
3360 5306 3414 5360 in
3444 5305 3584 5360 Mol-

1986 5406 2144 5462 davia
2182 5406 2329 5461 edito
2360 5406 2673 5461 inseruerit.
2741 5403 3053 5476 Gerganus,
3095 5403 3184 5458 vix
3227 5410 3389 5456 notus
3443 5399 3585 5452 inter

1986 5515 2141 5566 suos,
2171 5507 2251 5555 tot
2276 5499 2609 5570 patriarchis
2638 5508 2693 5554 et
2717 5498 2994 5569 episcopis
3010 5495 3210 5568 opponi
3238 5511 3346 5549 non
3370 5500 3583 5563 potest.

1987 5591 2378 5662 Metrophanes
2408 5593 2455 5648 si
2477 5605 2602 5647 vere
2631 5599 2688 5646 et
2712 5605 2778 5646 ex
2807 5590 2981 5645 animi
3009 5587 3279 5646 sententia
3301 5602 3421 5641 eam
3446 5600 3586 5642 cons

1990 5685 2286 5758 fessionem
2318 5684 2645 5754 cdiditqua‘.
2705 5674 3027 5741 Helmstarﬂi
3094 5695 3297 5736 excusa
3345 5689 3460 5742 .est,
3518 5695 3585 5737 se

1987 5779 2103 5847 ipse
2137 5778 2416 5845 retexuit;
2450 5793 2574 5832 nam
2622 5777 2939 5847 patriarcha
2983 5773 3399 5831 Alexandrinus
3453 5789 3581 5830 cunt

1987 5879 2157 5929 esset.
2179 5867 2372 5928 svnodi
2405 5867 3043 5943 Constantinooolitaua;
3071 5867 3303 5923 Decreta
3334 5863 3580 5921 subscri-
