3962 6328
447 234 557 292 283

1486 230 1864 290 GENNADIi.
1897 231 2008 289 (ΣΡ.
2047 225 2564 290 PA'l'lilARCHzE

3597 227 3688 291 ΞΜ

450 310 629 400 bendo
653 331 1029 398 confirmavit.-
1061 344 1446 414 Adjungantur
1478 344 1524 399 si
1556 344 1709 397 lubet
1737 341 1896 411 pauci
1937 342 2028 395 alii
2063 345 2105 402 Α
2137 341 2291 396 sione
2324 337 2514 409 Cyrilli
2545 352 2703 406 quam
2744 352 2866 389 cum
2900 337 3125 390 horrore
3156 335 3430 402 rcjiciuut.
3489 336 3692 393 Audiis-

449 451 702 502 errones,
727 433 859 506 quid
923 435 1142 491 illorum
1181 436 1497 491 testimonia
1550 436 1738 490 valere
1782 441 2020 504 possunt

450 537 640 582 contra
669 525 832 581 totius
869 524 1144 580 Ecclesia}
1169 524 1368 581 Graeca.
1401 533 1670 581 constans
1718 540 1746 578 a
1800 535 2023 593 septua-

449 621 600 690 ginta
631 613 684 674 et
709 618 943 688 amplius
967 619 1127 673 annis
1166 620 1543 675 testimonium
1572 620 1596 673 τ

455 715 469 719 ”
519 711 598 765 Ita
617 726 682 766 ex
707 709 986 767 abnormis
1015 710 1164 766 illius
1222 711 1366 780 juris
1421 710 1784 780 dispositione
1823 708 2027 780 Cyrillo

449 802 734 865 damnato,
781 809 838 856 et
863 802 1154 858 sententiis
1210 802 1513 856 teterriinis
1533 801 1774 863 conﬁxo,
1807 817 1921 855 non
1963 801 2029 855 de

451 909 551 948 sua
575 893 773 959 solum,
833 893 931 949 sed
959 893 1026 947 de
1077 894 1244 949 totius
1275 891 1571 948 Orientalis
1627 891 1884 947 Ecclesiae
1923 890 2030 946 nde

396 1055 400 1058 Ι
449 983 884 1061 erglioportct:
917 982 1124 1040 Graecis
1149 986 1286 1056 ipsis
1303 986 1368 1040 de
1389 984 1749 1054 suaipsorum
1786 985 1890 1039 fide
1922 1000 2029 1040 non

446 1074 734 1154 credetur,
769 1076 867 1130 etsi
905 1090 1003 1144 per
1037 1090 1214 1130 annos
1243 1083 1464 1154 centum
1527 1084 1580 1128 et
1610 1075 1863 1143 amplius,
1911 1090 2029 1130 eam

418 1149 670 1243 .Seri‘ptis
696 1151 931 1235 privati-si
959 1175 1012 1221 et
1035 1185 1043 1191 ’
1070 1167 1308 1238 publicis
1362 1149 1766 1237 disciplinaque
1784 1183 1878 1220 sua
1913 1183 2034 1238 qua:

451 1256 694 1331 omnium
729 1256 906 1313 ocuiis
935 1270 1112 1328 patet,
1141 1261 1611 1316 confirmaverint.
1663 1261 1818 1327 Quod
1853 1262 2036 1330 itaque

406 1372 417 1409 :_
453 1347 771 1407 Gennadius
798 1352 1070 1417 docuerit,
1130 1354 1804 1409 transsnbstantiationem
1870 1369 2034 1423 quam

451 1441 695 1515 Cyrinus
727 1442 952 1498 informi
979 1456 1032 1499 et
1063 1444 1260 1500 furtiva
1292 1445 1663 1502 Confessione
1697 1447 2038 1502 condemna-

452 1535 553 1599 vit,
581 1537 686 1589 erit
717 1535 968 1591 Sniitheo
1002 1539 1394 1608 ὑποϐολιμαῖος
1421 1539 1763 1595 Gennadius.
1830 1539 1905 1592 Et
1933 1539 2034 1592 fal-

417 1659 420 1664 -
453 1642 514 1682 sa
551 1628 644 1683 illa
674 1629 965 1699 hypotbesi
990 1643 1295 1686 nascuntur
1328 1634 1448 1686 alia?
1478 1649 1584 1688 non
1646 1636 1828 1687 ininus
1863 1633 2035 1690 false.

456 1721 725 1776 adversus
757 1721 1029 1778 Gennadii
1073 1727 1408 1786 laudatorem
1437 1716 1714 1796 Syrigum,
1744 1725 2036 1793 Georgium

454 1809 792 1876 Coressium,
818 1813 1060 1882 reliquos
1080 1815 1297 1868 tandem
1323 1817 1415 1884 qui
1467 1816 2038 1870 transsubstantiatio-

458 1915 583 1956 nem
618 1901 861 1970 recipere
894 1918 953 1956 se
988 1903 1230 1972 professi
1260 1916 1410 1971 sunt,
1440 1906 1540 1960 hoc
1569 1906 1892 1962 estGraacos
1924 1923 2042 1961 om-

458 2009 556 2047 nes
601 2011 614 2046 :
660 2009 782 2047 nam
815 1994 1143 2065 quicunque
1171 2013 1201 2051 a
1232 1998 1437 2068 Cyrillo
1473 1999 1603 2071 huc;
1639 2016 1812 2070 usque
1867 2000 2040 2069 patri-

455 2086 745 2148 archatus,
816 2088 1162 2157 mctropoles,
1204 2091 1580 2159 episcopatus,
1637 2092 2042 2160 dignitatesque

456 2171 865 2230 ecclesiasticas
900 2185 1218 2244 tenuerunt,
1277 2179 1422 2233 haud
1488 2181 1646 2233 aliter
1691 2181 2043 2234 crediderunt

457 2279 512 2321 et
551 2269 717 2326 locuti
751 2279 901 2334 sunt,
969 2285 1132 2339 quam
1162 2270 1658 2339 Synodiannorum
1702 2271 2040 2337 1658,1642,

458 2362 617 2426 £672,
656 2361 1120 2427 109l,Confessio
1149 2365 1474 2430 orthodoxa,
1533 2372 1588 2419 et
1651 2366 1758 2420 alia
1812 2368 2044 2436 publica:

459 2455 813 2509 auctoritatis
847 2455 1075 2524 scripta.
1102 2455 1158 2510 Id
1186 2456 1231 2510 si
1271 2457 1457 2510 verunt
1512 2465 1620 2521 est,
1676 2466 1733 2511 ut
1764 2469 1850 2513 est
1912 2473 2044 2512 sane

457 2548 803 2602 verissimum
833 2563 895 2602 ex
938 2547 1256 2603 Graecorum
1291 2551 1535 2603 omnium
1568 2552 2043 2610 consentientibus

457 2641 817 2702 testimoniis,
843 2655 952 2694 non
1013 2656 1136 2695 esse
1187 2641 1353 2696 debet
1402 2640 1693 2697 Latinismi
1753 2654 2044 2714 suspectus

459 2729 800 2796 Gennadius,
832 2733 1044 2787 etiamsi
1112 2735 1790 2788 transsubstantiationem
1845 2736 2046 2788 docue-

457 2823 549 2883 rit.
582 2839 765 2895 neque
796 2825 1030 2879 liomilite
1056 2826 1172 2893 ejus
1206 2826 1338 2881 ﬁdes
1365 2826 1740 2892 detrahenda,
1777 2828 1904 2895 quia
1979 2826 2039 2878 il-

464 2919 576 2993 lam
611 2934 800 2972 vocem
836 2928 1227 2989 repraesentat.

2128 442 2210 488 set
2245 446 2411 501 quam
2470 429 2750 484 diversum
2805 444 2833 482 a
2888 428 3206 482 Sinithcano
3273 438 3422 483 esset
3472 427 3692 485 Nectarii

2127 525 2192 580 de
2230 521 2746 590 Claudiojudicium
2765 522 2832 576 de
2863 521 3111 587 Calvino,
3131 521 3197 576 de
3225 520 3486 584 Lutbero,
3522 523 3584 576 dc
3607 523 3696 577 Le-

2129 629 2277 684 gero.

2199 706 2304 762 Sed
2359 723 2466 762 non
2520 706 2685 762 ‘solus
2753 706 3153 764 conlodiendus
3212 721 3331 765 erat
3377 711 3696 779 Gennadius,

2131 801 2289 867 cujus
2322 800 2501 856 stabat
2529 801 2730 854 intacta
2761 801 3079 863 auctoritas,
3114 803 3158 856 si
3219 802 3698 874 llierOsolymitana

2133 896 2398 966 synodus,
2442 891 2746 946 ann01672
2777 900 2968 946 contra
3025 892 3358 948 Calvinistas
3418 895 3624 957 habita,
3656 896 3701 948 in

2134 1002 2240 1057 qua
2295 985 2848 1040 transsubstantiatio
2904 986 3191 1054 perspicue
3249 987 3551 1048 stabilitur,
3607 1003 3702 1057 non

2135 1055 2296 1135 simul
2320 1078 2648 1133 concideret.
2668 1078 2757 1133 Sic
2783 1079 2946 1148 igitur
2963 1095 3079 1133 eam
3115 1081 3423 1148 aggreditur
3449 1080 3550 1151 (l),
3573 1055 3707 1134 Cra--

2137 1175 2215 1228 eis
2245 1184 2304 1226 ut
2336 1174 2537 1241 ubique
2567 1171 2694 1225 facit
2724 1171 2959 1259 illudeps
2999 1188 3012 1223 :
3042 1170 3207 1234 Nunt,
3263 1172 3460 1240 inquit,
3493 1188 3558 1224 ex
3591 1173 3708 1223 inte-

2137 1282 2229 1335 gro
2262 1265 2452 1332 affectu
2503 1273 2580 1338 et.
2609 1279 2786 1316 amore
2837 1263 3073 1316 veritatis
3131 1262 3512 1332 Hierosolymis
3561 1279 3711 1329 nuper

2140 1365 2485 1416 convenerunt
2552 1354 2773 1406 oracula
2839 1353 3026 1406 contra
3088 1353 3408 1407 Calvinistas
3447 1355 3710 1406 heretico.»

2140 1451 2336 1504 edituri
2390 1451 2412 1502 ?
2461 1446 2592 1510 Qute
2623 1461 2741 1498 cum
2783 1445 3016 1514 legerim,
3074 1445 3230 1512 plane
3277 1446 3547 1514 obstupui,
3600 1444 3712 1497 dum

2143 1543 2298 1610 probe
2351 1541 2705 1594 meminissem
2757 1538 3120 1608 patriarcham
3181 1537 3714 1608 Ilierosolymitnnmn
3769 1599 3772 1602 ,

2145 1632 2607 1700 Constantinopoli
2635 1630 3178 1700 agentemafamitiari
3212 1646 3313 1700 quo
3354 1646 3433 1683 me
3476 1630 3716 1699 dignatus

2150 1737 2225 1779 est
2267 1726 2564 1794 colloquio,
2607 1725 2739 1777 milii
2769 1725 2980 1775 ineunte
3014 1716 3320 1777 ann0'1674
3377 1725 3429 1777 in
3481 1722 3720 1791 Angliam

2148 1819 2447 1889 propediem
2475 1817 2709 1870 redituro
2742 1817 2961 1880 dixisse,
2994 1833 3047 1871 se
3070 1816 3343 1885 quidpiam
3397 1825 3585 1869 contra
3609 1831 3722 1883 pon-

2151 1911 2340 1977 tiﬁcios
2369 1908 2547 1962 moliri
2574 1908 2710 1976 quod
2761 1907 2871 1960 illic
2917 1914 3133 1976 cuperet
3198 1906 3476 1961 edendum.
3523 1905 3750 1960 Nomen.

2151 2002 2295 2056 illius
2329 2001 2652 2068 patriarcha:
2675 2009 2855 2052 tacere
2887 2013 2997 2052 non
3052 1995 3284 2052 debebat
3353 1999 3510 2052 testis
3548 1997 3725 2049 ocula-

2150 2104 2260 2157 tns.
2292 2095 2384 2148 sed
2419 2107 2562 2147 almo
2591 2091 2722 2145 1671
2760 2091 3050 2143 Nectarius
3107 2097 3224 2143 erat
3276 2099 3368 2140 aut
3418 2086 3726 2147 Dositheus,

2151 2188 2245 2256 qui
2273 2196 2399 2256 post
2428 2185 2576 2239 illius
2632 2180 2995 2238 voluntariam
3029 2181 3442 2250 abdicationem
3477 2177 3727 2233 Hieroso-

2153 2274 2468 2344 lymitanam
2491 2274 2676 2327 sedem
2710 2272 3030 2326 diutissime
3076 2271 3315 2324 obtinuit
3375 2287 3390 2327 :
3452 2284 3578 2323 nam
3646 2268 3727 2321 vix

2152 2379 2280 2421 ante
2314 2367 2453 2421 duos
2487 2381 2663 2420 annos
2691 2377 2940 2419 mortuus
2997 2371 3100 2418 est.
3136 2363 3240 2418 Sed
3281 2378 3473 2434 parum
3547 2361 3728 2415 refert:

2151 2475 2276 2514 nam
2305 2459 2626 2513 Nectarium
2685 2458 2893 2513 scimus
2929 2472 3068 2526 opus
3119 2457 3386 2514 adversus
3439 2455 3731 2524 primatum

2152 2552 2311 2621 Papae
2340 2551 2674 2613 elaborasse,
2703 2549 2847 2619 quod
2894 2549 3187 2604 Dositlteus
3245 2548 3392 2602 illius
3447 2542 3732 2601 successor

2152 2641 2598 2702 anno'16821asii
2627 2644 3004 2698 excudendum
3039 2644 3182 2712 typis
3207 2642 3441 2704 curavit,
3462 2651 3517 2695 et
3542 2639 3730 2693 Latine
3771 2640 3778 2646 ’

2151 2742 2313 2795 vertit
2345 2737 2999 2805 PetruslAllixins.Quae
3049 2751 3216 2791 causa
3266 2734 3433 2804 igitur
3480 2735 3736 2800 obstupe-

2153 2835 2341 2890 scendi
2366 2833 2614 2888 Smitbco
2640 2831 2740 2885 luit
2765 2831 2786 2882 ’ἰ
2811 2829 3011 2899 Nempe
3036 2828 3182 2898 quod
3209 2828 3254 2882 is
3283 2826 3374 2895 qui
3404 2834 3596 2879 contra
3627 2823 3756 2877 Ριοο.

2154 2944 2378 2982 manum
2419 2926 2738 2983 Pontiﬁcem
2773 2924 3035 2994 scriptum
3060 2931 3294 2991 pararet,
3319 2933 3464 2973 anno
3487 2916 3734 2986 sequenti

534 3009 641 3064 Sed
667 3011 804 3064 nihil
843 3012 1020 3066 simile
1042 3013 1109 3066 de
1163 3011 1449 3067 Gennadio
1494 3023 1588 3066 aut
1649 3012 1768 3081 ejus
1787 3011 2043 3081 Operiluts
2073 3046 2116 3102 C
2155 3018 2550 3090 Hierosolymis
2601 3017 2885 3072 Calvinum
2915 3057 2929 3080 ,
2965 3013 3225 3084 Cyrillum
3283 3010 3548 3072 Lucan“,
3577 3009 3736 3062 (nan.

459 3102 930 3174 Constantinopoli
962 3105 1135 3175 audiit
1194 3105 1498 3169 Smithens,
1543 3107 1693 3173 quisi
1727 3106 1812 3158 vel
1877 3119 2038 3158 unum

458 3197 550 3267 qui
575 3198 733 3266 plane
768 3198 1087 3253 illitteratus
1107 3213 1214 3252 non
1242 3200 1459 3262 fuisset,
1519 3198 1768 3254 Graecum
1806 3199 2045 3251 interro-

458 3297 666 3360 gasset,
690 3289 934 3345 audisset
967 3291 1157 3360 procul
1193 3289 1364 3344 dubie
1396 3292 1544 3360 quod
1605 3305 1812 3344 omnes
1859 3290 2043 3345 sciunt

459 3379 735 3435 neminem
767 3380 978 3436 Latinis
1014 3381 1199 3436 minus
1256 3381 1537 3436 addictum
1583 3379 1892 3452 patriarcha
1957 3378 2050 3433 illo

461 3473 654 3540 fuisse,
687 3473 963 3543 neminem
1031 3473 1248 3544 Syrigo,
1283 3473 1565 3536 Coressio,
1592 3480 1682 3526 aut
1719 3472 1839 3526 aliis
1911 3484 2051 3538 quos

462 3579 572 3621 tam
607 3567 969 3622 inclementer
1003 3566 1184 3621 habet.
1219 3567 1736 3636 C0nstantinopolin
1772 3581 1882 3619 non
1936 3572 2053 3617 erat

466 3659 862 3727 navigandum,
898 3670 957 3714 ut
1006 3659 1274 3715 Claudius
1336 3659 1765 3714 exscriberetur.
1827 3658 1895 3710 At
1926 3669 2051 3708 cum

466 3750 601 3804 nihil
637 3750 748 3804 illic
782 3750 1054 3806 audiverit
1088 3750 1155 3805 de
1184 3750 1467 3806 Gennadio
1494 3760 1546 3806 et
1586 3750 1709 3804 aliis
1727 3764 1863 3820 quos
1886 3756 2054 3803 testes

466 3840 779 3912 producunt
802 3841 1088 3908 catholici,
1124 3841 1268 3898 unde
1301 3841 1494 3897 habuit
1519 3842 1675 3894 illum
1701 3839 1874 3894 fuisse
1892 3843 2056 3893 Λατι-

464 3939 745 4004 νόφροναε
785 3933 983 3988 falsam
1013 3949 1134 3989 esse
1187 3933 1334 3990 illius
1388 3933 1668 3989 bomiliatn
1727 3949 1739 3985 :
1799 3930 2052 4002 Syrigum

464 4025 842 4090 tenebrionvm
866 4025 1052 4079 Itonia:
1073 4023 1395 4090 educatum,
1416 4022 1838 4077 Confessionein
1866 4021 2028 4075 ortbo
2043 4049 2058 4062 -

463 4120 664 4174 deum
707 4133 848 4190 opus
885 4116 1058 4172 fuisse
1090 4115 1374 4170 hominum
1400 4110 1972 4182 Λατινοφρονούντων,
2000 4119 2057 4164 ut

458 4213 673 4286 reliqua
709 4219 1096 4281 praetereamus
1114 4208 1137 4262 τ
1157 4208 1267 4263 Non
1295 4207 1410 4262 haec
1433 4222 1564 4261 sane
1585 4220 1612 4258 a
1630 4204 1834 4261 Graecis
1851 4205 2058 4272 accepit

469 4298 567 4370 qui
599 4299 808 4354 dudum
842 4305 1136 4368 antequam
1199 4296 1486 4350 Smitheus
1544 4294 2056 4364 Constantinopolin

384 4418 392 4428 υ
467 4394 939 4464 proﬁcisceretur,
971 4405 1025 4450 et
1064 4397 1278 4464 pestes,
1312 4391 1594 4448 contraria
1618 4405 1850 4462 prorsus
1878 4388 2056 4459 publi-
2086 4381 2136 4442 D

467 4503 530 4541 ce
563 4487 746 4541 testati
773 4494 923 4542 sunt.
958 4486 1070 4541 Cur
1100 4501 1266 4555 porro
1314 4485 1684 4554 patriarcham
1740 4482 2055 4551 Hierosoly-

469 4581 736 4635 tnitanunt
770 4579 821 4633 iu
850 4578 1113 4648 familiari
1130 4578 1395 4646 colloquio
1421 4594 1520 4646 quo
1575 4593 1714 4631 anno
1742 4576 1874 4631 1671
1903 4576 2052 4628 illum

468 4671 722 4741 dignatus
754 4679 848 4732 est,
882 4668 951 4723 de
973 4668 1038 4722 iis
1057 4667 1316 4722 omnibus
1378 4683 1484 4721 non
1543 4665 1953 4737 interrogavit?
2004 4665 2056 4719 is

470 4772 591 4817 erat
624 4761 913 4818 Nectarius
939 4769 1035 4815 aut
1070 4759 1389 4823 Dositheus,
1465 4766 1700 4828 utroque
1729 4772 1887 4812 nemo
1916 4758 2059 4812 inter

457 4844 696 4914 Graecos
735 4855 1073 4909 recentiores
1110 4852 1307 4910 Latino
1345 4851 1554 4906 nomini
1591 4850 2054 4920 magisinfensus.

440 4949 591 5005 'Non
617 4947 764 5002 aliud
793 4947 1379 5017 certerespondissent
1428 4959 1594 5015 quam
1643 4943 1790 5012 quod
1843 4943 2052 5014 primus

476 5042 529 5097 in
563 5041 793 5112 epistola
827 5040 892 5095 ad
934 5040 1175 5095 Paisium
1211 5038 1667 5096 Alexandrinum,
1705 5046 1757 5089 et
1780 5036 1831 5088 in
1883 5037 2055 5088 altera

477 5136 542 5188 ad
577 5133 882 5186 monachos
947 5131 1210 5196 Sinaitas,
1264 5131 1382 5185 sine
1437 5129 1760 5199 ambagibus
1827 5135 2062 5181 testatus

476 5243 579 5290 est,
613 5243 677 5282 ex
710 5223 932 5292 scriptis
960 5239 1150 5279 eorum
1178 5239 1315 5295 quos
1379 5223 1677 5297 Smitheus,
1735 5228 1794 5273 ut
1826 5219 2062 5273 Latinis-
2092 5249 2106 5285 ι

483 5334 570 5371 Ino
627 5328 919 5386 corruptos
979 5315 1178 5384 rejicil,
1234 5315 1522 5386 petendam
1592 5330 1716 5368 esse
1744 5314 2058 5368 Graecorum

485 5412 606 5465 lidei
637 5414 906 5466 sinceram
946 5411 1367 5480 expositionem,
1428 5425 1536 5463 non
1571 5424 1632 5464 cx
1669 5407 1804 5462 falsa
1835 5405 2066 5462 Confes-

2151 3114 2301 3168 dium
2329 3112 2678 3166 anathemate
2697 3109 3159 3163 damnaretmam
3191 3105 3303 3158 haec
3359 3103 3437 3156 illi
3488 3102 3736 3155 videntur

2151 3206 2454 3260 ἀσύστατα.
2491 3204 2620 3258 Inde
2651 3204 2896 3257 modeste
2941 3198 3285 3262 conticescit,
3310 3195 3404 3251 sed
3433 3195 3623 3249 aculeo
3658 3210 3735 3246 re.

2154 3301 2304 3366 licto,
2329 3314 2523 3368 nempe
2548 3305 2604 3350 ut
2635 3296 2774 3366 apud
2796 3311 2854 3349 se
2887 3294 3118 3364 quisque
3136 3292 3356 3362 colligat
3377 3297 3628 3358 suspecta
3649 3295 3740 3339 aut

2155 3394 2288 3447 falsa
2336 3391 2708 3448 essedecreta
2759 3388 2905 3442 illius
2931 3385 3123 3456 synodi
3149 3402 3167 3447 _:
3194 3373 3286 3438 sed
3314 3397 3477 3450 quam
3499 3379 3738 3432 vanailta

2155 3485 2467 3555 conjectura
2487 3483 2576 3547 sit,
2596 3487 2701 3536 non
2722 3481 2906 3535 multis
2930 3479 3109 3534 verbis
3125 3476 3408 3532 conﬁcitur
3429 3490 3442 3527 :
3461 3489 3584 3525 nam
3607 3474 3657 3524 in
3681 3485 3741 3524 eo

2157 3570 2522 3646 ipsotractatu
2570 3573 2810 3629 Nectarii
2854 3581 3045 3626 contra
3074 3568 3236 3638 Papae
3266 3565 3581 3637 primatum,
3606 3561 3739 3614 fellis

2159 3669 2463 3740 renenique
2485 3667 2822 3738 plenissimo,
2849 3665 2976 3720 dum
3005 3662 3267 3718 miracula
3283 3659 3530 3730 quaedam
3557 3658 3613 3711 in
3640 3655 3741 3708 Ee-

2159 3762 2422 3817 cbaristia
2480 3761 2619 3815 facta
2661 3759 2847 3824 refert,
2871 3753 3555 3812 transsubstantiationem
3582 3752 3738 3803 docet

2159 3853 2449 3925 perspicue
2500 3869 2516 3906 :
2549 3859 2602 3907 et
2630 3850 2861 3921 epistola
2905 3845 3388 3915 Constantinopoli
3422 3843 3499 3913 ('2)
3533 3841 3735 3910 scripta

2164 3947 2301 4002 1692
2350 3946 2764 4002 Confessionem
2808 3942 3189 3997 Ortbodoxam
3222 3936 3423 3992 eximie
3464 3947 3742 3989 commen-

2163 4042 2255 4096 dat
2290 4060 2303 4096 :
2345 4039 2564 4094 tandem
2587 4037 2944 4091 tenebrionem
2968 4033 3143 4098 illum,
3167 4042 3215 4086 et
3245 4028 3453 4083 Latinis
3476 4027 3744 4080 addictum

2162 4132 2434 4188 Meletium
2468 4131 2742 4201 Syrigum,
2766 4129 2924 4199 cujus
2962 4127 3012 4181 in
3045 4140 3107 4180 ea
3135 4122 3425 4179 scribenda
3460 4116 3746 4190 praecipute

2164 4231 2349 4293 partes
2371 4222 2604 4282 fuerant,
2625 4229 2745 4289 post
2774 4217 2962 4273 Iaudes
2988 4218 3124 4270 alias
3147 4223 3307 4269 vocat
3337 4214 3412 4282 ('5)
3434 4225 3742 4276 prmeonem,

2165 4320 2503 4386 interpretem
2535 4325 2581 4369 et
2614 4315 2868 4367 amassint
2903 4322 3169 4365 rectorum
3235 4309 3358 4377 ﬁdei
3415 4307 3742 4377 dogmatum.

2167 4409 2362 4480 κῆρυξ,
2393 4409 2740 4478 διερμηνεὺς,
2775 4409 2866 4460 καὶ
2901 4407 3122 4474 στάθμη
3149 4404 3260 4455 τῶν
3294 4401 3472 4472 ὀρθῶν
3528 4400 3632 4468 τῆς
3667 4399 3749 4450 πί-

2167 4521 2338 4565 στεως
2368 4502 2676 4583 δογμάτων.
2705 4501 2808 4565 Qui
2831 4511 2935 4554 tam
2999 4498 3289 4554 infeliciter
3351 4497 3415 4549 de
3443 4487 3643 4565 SS'rigo
3667 4493 3749 4561 ju-

2167 4597 2392 4658 dicavit,
2433 4610 2554 4649 eum
2578 4593 2645 4649 de
2681 4593 2964 4648 Gennadio
2996 4603 3047 4646 et
3083 4591 3201 4661 ejus
3237 4588 3461 4642 homilia
3496 4586 3746 4641 idoneum

2163 4689 2403 4761 judicem
2438 4702 2596 4741 nemo
2622 4694 2897 4755 agnoscet.

2239 4779 2427 4849 Neque
2473 4785 2556 4833 est
2603 4777 2746 4847 quod
2797 4774 3029 4845 αὑτοψία
3071 4774 3162 4828 illa
3195 4787 3359 4843 quam
3408 4769 3655 4823 nonnulli
3688 4764 3745 4818 ad

2169 4887 2435 4929 nauseam
2489 4885 2666 4940 usque
2724 4871 2972 4939 ingerere
3022 4869 3224 4928 solent,
3277 4865 3595 4934 objieiatur.
3655 4860 3746 4914 Cui

2165 4966 2308 5022 enim
2345 4962 2696 5033 persuadebit
2731 4960 3028 5031 aliquando
3062 4958 3368 5017 Smitbeus.
3408 4971 3467 5011 se
3513 4970 3637 5024 quae
3687 4951 3748 5004 de

2167 5057 2372 5128 Cyrillo
2419 5055 2613 5110 Lucari
2665 5054 2910 5123 scripsit,
2948 5050 3421 5118 Constantinopoli
3473 5038 3744 5106 didicisse,

2169 5157 2262 5202 aut
2293 5148 2345 5200 in
2377 5145 2620 5200 Ecclesia
2650 5143 2837 5200 Graeca
2865 5159 2987 5198 eum
3016 5152 3073 5196 ut
3097 5154 3347 5198 sanctum
3376 5149 3431 5194 et
3459 5150 3746 5208 martyrem

2171 5242 2296 5304 coli,
2317 5240 2407 5308 qui
2433 5237 2867 5293 anatliematibus
2891 5235 3137 5290 confixus
3166 5241 3267 5288 est.
3297 5234 3408 5286 IlllO
3424 5234 3468 5286 si
3495 5231 3601 5285 Dia
3625 5231 3748 5285 veri-

2175 5336 2456 5400 tas,cujus
2481 5346 2538 5385 se
2558 5329 2993 5384 amantissimum
3035 5334 3285 5390 testatur,
3338 5325 3572 5392 alicujus
3618 5318 3745 5392 apud

2175 5440 2296 5480 cum
2322 5424 2474 5493 pretii
2501 5419 3263 5490 est,'agnoscat,conjectanea
3283 5417 3431 5471 illum
3457 5416 3640 5470 omnia
3658 5424 3749 5468 sua

2247 5611 2320 5682 (5)
2355 5609 2606 5665 Conicss.
2644 5608 2789 5662 orlh.
2819 5607 2900 5660 ad.
2939 5605 3085 5674 Lips.
3118 5621 3168 5673 ν.
3198 5605 3228 5658 6
