3962 6328
111 280 197 348 E5
1546 292 1675 351 SClt

1775 294 1857 351 ΓΛ
1871 340 1885 354 .
2676 364 2681 369 ,
3236 306 3339 373 986

110 396 605 467 Constantinopolim
633 397 845 464 tulisse,
876 408 928 455 et
963 410 1019 454 ut
1050 418 1254 459 merces
1293 419 1483 472 parum
1526 422 1653 458 rrn-
1685 419 1726 467 Α
1762 410 1855 462 sed
1896 409 2203 463 certissime
2239 409 2719 478 dcmonstramus;
2753 422 2913 483 atque
2946 414 3080 469 adeo
3115 415 3337 473 Genua-

112 490 274 544 dibiles
314 492 532 544 domum
581 492 849 547 retulisse.
899 490 1020 557 Quo
1068 495 1213 548 enim
1269 498 1428 551 modo
1472 498 1649 552 Grusci
1761 499 1837 551 dii
1863 516 2024 567 quam
2055 502 2249 555 damus
2274 501 2504 557 Honzilia
2529 506 2803 558 oculatum
2827 506 3091 576 ejusmodi
3122 518 3335 573 testem,

114 582 277 635 falsum
321 581 453 635 illud
502 591 739 651 systema
770 599 878 638 non
927 590 1297 654 Iguorassent,
1335 588 1478 656 quod
1507 604 1641 657 prm-
1764 600 1817 643 et
1854 593 2174 658 nusutiores,
2208 602 2266 646 ut
2298 594 2443 663 loqui
2473 604 2642 660 amat,
2678 596 2918 666 ejusdem
2952 602 3165 668 generis
3202 617 3336 656 cen-

114 682 325 741 terquam
370 672 601 728 Claudio
644 674 699 727 in
743 673 928 730 Graeca
963 674 1266 730 litteratura
1317 678 1476 747 plane
1526 678 1654 731 hos-
1762 696 1915 737 sorcs
1946 698 2050 737 non
2089 686 2425 739 reformidat.
2486 688 2641 743 Unde
2670 702 3153 761 quantumcunque
3183 708 3336 747 cont-

111 765 207 833 piti,
236 764 430 818 nemini
460 779 700 834 unquam
735 775 955 821 venerat
988 769 1043 821 in
1080 770 1361 823 mentem?
1393 778 1492 824 aut
1521 786 1656 839 quo-
1760 773 2048 825 meodetur
2068 789 2190 828 cum
2214 773 2466 829 laudibus
2489 778 2607 846 ejus
2638 780 2891 850 αὑτοψεα,
2926 784 3181 837 recedere
3211 797 3335 837 sen-

113 857 243 909 modo
266 856 315 909 in
340 858 676 910 contrariam
706 856 947 935 Decretis
970 860 1327 930 synodalibus
1352 862 1490 923 suis,
1514 860 1658 916 Con.
1760 862 1864 915 sim
1901 863 2149 919 videmus
2184 865 2252 919 ab
2287 866 2434 921 illius
2465 875 2736 923 sententia
2769 874 2961 927 doctos
3016 873 3339 929 Protestan-

113 946 305 1001 fessioni
333 947 672 1013 orthodoxae,
713 947 1037 1019 disciplinae,
1080 950 1358 1004 communi
1386 950 1656 1006 doctrina:
1762 961 1844 1007 tes
1880 971 1894 1007 :
1931 966 1988 1009 ut
2030 954 2361 1012 Laurentius
2402 958 2750 1017 Normannus
2782 962 2909 1017 fecit
2938 965 3082 1019 circa
3110 965 3340 1021 (loiifes-

110 1040 400 1093 sententiam
430 1039 575 1091 intra
619 1054 822 1109 paucos
848 1054 1021 1096 annos
1053 1042 1358 1126 transducti
1389 1041 1650 1106 fuissent,
1757 1045 1967 1099 sionem
1998 1049 2384 1113 orthodoxam,
2415 1050 2610 1108 Petrus
2638 1053 2871 1109 Allixius
2902 1054 3046 1108 circa
3070 1059 3337 1126 synodum

113 1129 300 1184 nemine
342 1130 779 1194 contradicente,
842 1142 936 1185 aut
983 1112 1498 1187 aniinadvertente?
1549 1132 1651 1188 Sed
1755 1136 1886 1191 Jasii
1941 1138 2177 1193 habitam
2221 1143 2559 1208 annoifiiz,
2606 1152 2661 1198 et
2712 1145 2986 1200 Meletiuni
3040 1112 3334 1217 Sy‘rigum:

112 1220 221 1276 satis
250 1220 525 1276 confutata
561 1230 692 1276 sunt
753 1223 867 1277 haec
909 1224 1092 1278 omnia
1136 1224 1407 1293 paradoxa
1458 1228 1526 1279 ab
1553 1226 1652 1280 ad-
1756 1228 2066 1297 dudumque
2140 1245 2257 1284 eam
2335 1233 2686 1299 erploserunt
2742 1235 3123 1303 Marbachius,
3180 1240 3338 1293 Calo-

111 1318 320 1371 versario
380 1317 730 1381 doctissimo,
792 1333 971 1389 neque
1006 1319 1099 1373 illa
1143 1320 1368 1376 uberius
1402 1320 1651 1375 refellen-
1754 1319 2198 1379 vius.Felbavius
2221 1324 3342 1400 AugustameConfessionistheo!ogi,cii-

78 1474 79 1477 η
111 1407 151 1461 di
174 1423 321 1462 causa
351 1409 457 1461 ulla
495 1407 659 1475 foret,
690 1410 795 1464 nisi
826 1411 1354 1468 animadverteretur
1381 1415 1648 1483 quotidie,
1754 1426 1815 1465 ca
1842 1413 2030 1482 (Iyrilli
2059 1412 2469 1470 Confessionem
2488 1426 2539 1471 et
2568 1417 2804 1487 synodos
2824 1434 2911 1474 an.
2942 1421 3076 1475 1658
3100 1434 3153 1476 et
3179 1422 3337 1487 i612,

110 1498 221 1551 nihil
248 1508 349 1553 tam
385 1498 686 1553 absurdum
726 1508 821 1553 aut
844 1499 1039 1554 falsum
1063 1517 1093 1554 a
1117 1517 1388 1570 quoquam
1425 1503 1651 1571 alicujus
1760 1518 1788 1555 a
1815 1505 2013 1572 quibus
2046 1506 2349 1576 proscripta
2384 1517 2488 1561 cst.
2525 1509 2712 1578 Neque
2751 1511 2863 1578 ipse
2896 1511 3172 1570 Smitbeus
3222 1531 3335 1569 Olli-

116 1589 635 1645 nominisCalvinista
656 1590 1109 1662 affirmariposse,
1137 1595 1282 1662 quod
1332 1610 1437 1647 non
1468 1596 1649 1648 statim
1758 1596 1889 1649 nino
1932 1608 2094 1665 negat
2143 1596 2366 1652 Graecos
2415 1600 2630 1653 tandem
2686 1601 2983 1657 hodiernos
3032 1608 3336 1674 prmsentiae

112 1681 387 1736 laudatores
410 1682 941 1749 credulosinveniat,
991 1699 1221 1754 moxque
1242 1687 1380 1754 apud
1420 1687 1652 1756 reliquos
1691 1756 1721 1762 __
1758 1687 1921 1739 realis
1975 1696 2028 1740 et
2088 1689 2731 1746 transsubstantiationis
2765 1692 2959 1762 dogma
2996 1695 3274 1751 imbibisse
3313 1714 3327 1750 :

111 1782 322 1830 transeat
369 1775 846 1844 quodammodoin
876 1777 1326 1846 remjudicatam.
1351 1777 1482 1831 Nam
1506 1797 1652 1832 ineu-
1690 1756 1728 1807 Β
1758 1777 1854 1831 scd
1884 1777 1934 1831 id
1968 1776 2168 1833 factum
2207 1781 2457 1848 pessimis
2492 1778 2813 1835 Latinorum
2853 1783 3160 1855 fraudibus,
3195 1802 3333 1855 quas

109 1866 297 1921 dacium
335 1867 463 1921 illud
504 1874 702 1933 totum,
749 1869 813 1921 dc
846 1868 1052 1923 Graecis
1098 1870 1229 1923 nihil
1269 1871 1446 1924 minus
1488 1887 1650 1940 quam
1759 1883 2085 1947 arcanorum
2139 1871 2408 1925 revelator
2457 1872 2574 1928 dies
2607 1872 2845 1929 docebit.
2904 1876 2959 1929 Si
3014 1893 3337 1947 supremum

68 1972 73 1981 '
112 1962 282 2013 realem
317 1961 659 2030 praesentiam
710 1962 1491 2032 transsubstautiationemque
1539 1978 1657 2016 a-re-
1757 1959 1957 2016 Judicii
1985 1932 2128 2017 d-ie’m
2165 1963 2439 2034 intelligit,
2476 1964 2548 2017 ita
2586 1979 2765 2020 sane:
2803 1981 2925 2019 nam
2959 1983 3141 2023 coram
3181 1985 3337 2032 sunt-

111 2051 358 2113 dentibus,
386 2052 479 2108 sed
506 2066 628 2106 eam
663 2050 822 2105 fidem
862 2054 1343 2122 amplectentibus,
1372 2069 1530 2122 quam
1556 2055 1659 2125 Cy-
1760 2071 1848 2109 mo
1870 2054 2062 2110 Judice
2097 2056 2360 2125 patebunt
2398 2057 2620 2109 omnia:
2654 2057 2699 2110 si
2730 2056 3090 2127 longinquum
3115 2061 3339 2129 aliquod

112 2141 247 2197 rillus
279 2158 373 2196 sua
403 2143 768 2198 (Znnfessione
819 2144 1094 2213 exposuit,
1131 2160 1158 2198 a
1195 2145 1424 2199 Claudio
1459 2147 1661 2200 eonﬂa-
1762 2154 1994 2216 tempus,
2026 2148 2135 2216 jam
2170 2148 2383 2214 aliquot
2412 2147 2543 2201 anni
2581 2148 2716 2215 lapsi
2742 2158 2873 2201 sunt
2897 2161 2964 2202 ex
2991 2162 3101 2217 quo
3125 2149 3344 2204 dubita-

116 2246 213 2287 tum
253 2242 350 2296 est,
394 2234 801 2298 dissimulante,
843 2235 928 2288 vel
963 2236 1243 2305 ignorante
1273 2238 1457 2303 potius
1493 2252 1657 2307 quam
1761 2237 1806 2291 ri
1836 2254 1944 2291 non
1973 2246 2150 2307 potest
2176 2240 2310 2307 quin
2347 2227 2691 2294 Graeci'nihil
2722 2238 2907 2294 minus
2934 2253 3099 2317 quam
3160 2243 3331 2295 Act-rt-

114 2327 361 2381 diversum
397 2327 538 2381 foret
568 2340 678 2380 non
709 2326 1024 2381 Graecorum
1059 2327 1245 2390 modo,
1280 2329 1373 2383 sed
1406 2328 1663 2384 doctissi-
1763 2330 2038 2397 νὸφρονες,
2085 2331 2151 2385 de
2204 2330 2394 2400 Cyrilli
2447 2328 2828 2393 Confessione,
2862 2330 2929 2384 de
2956 2330 3178 2401 synodis
3204 2338 3339 2386 con;

116 2437 300 2474 tuorum
338 2422 499 2485 etiam
546 2428 700 2473 extra
745 2419 1046 2474 Romanam
1098 2422 1542 2477 communionem
1596 2424 1663 2489 de
1765 2428 1851 2473 tra
1883 2435 2001 2474 eam
2039 2421 2269 2490 ejusque
2296 2429 2576 2474 auctorem
2629 2420 2848 2485 habitis,
2880 2419 2947 2475 de
3000 2422 3343 2479 confessione

115 2513 278 2587 eadem
309 2509 601 2581 judicium.
640 2508 921 2566 Creditum
963 2509 1018 2565 id
1054 2510 1224 2566 fuisse
1268 2511 1336 2566 ab
1370 2492 1663 2568 iilitterafis
1762 2501 2110 2573 orthodoxa,
2138 2511 2205 2565 de
2241 2509 2887 2575 transsubstantiatiane,
2923 2510 2987 2563 de
3027 2511 3363 2577 Gennadio,'

118 2617 171 2657 ex
207 2602 318 2671 ejus
364 2610 534 2665 secta,
574 2616 737 2655 nemo
779 2601 1071 2655 mirabitur
1107 2619 1121 2655 :
1162 2602 1286 2671 quis
1327 2603 1665 2658 existimaret
1765 2602 1831 2657 de
1890 2603 2102 2675 Syrigo,
2135 2604 2201 2657 de
2229 2601 2595 2667 Coressio,'de
2628 2603 2892 2673 Gregorio
2918 2608 3348 2676 pI'OlO-S)'llCl!ll0

120 2696 244 2748 enim
276 2696 418 2754 verbi
464 2694 635 2749 divini
683 2694 994 2747 ministrum
1033 2694 1085 2747 in
1135 2708 1193 2747 re
1239 2703 1344 2747 tam
1385 2695 1527 2749 seria
1572 2706 1667 2750 aut
1765 2694 1886 2765 ejus
1918 2695 2351 2765 discipulo,cam
2386 2696 2695 2764 opinionem
2732 2696 3046 2751 firmissime
3102 2707 3345 2765 tenvant,

120 2786 377 2853 ignorasse
439 2784 583 2855 quod
623 2784 909 2848 scriberet,
949 2793 1044 2839 aut
1083 2784 1228 2853 quod
1269 2786 1662 2855 incompertum
1766 2800 1929 2856 quam
1984 2788 2235 2840 oculatus
2275 2787 2366 2841 ille
2398 2788 2555 2842 testis
2586 2788 2715 2842 totis
2767 2788 2972 2843 viribus
3019 2769 3354 2860 impugnare

120 2878 207 2931 sibi
247 2879 399 2942 foret,
428 2886 539 2931 tam
592 2884 743 2931 certo
773 2874 1115 2932 aﬂirmasse?
1153 2877 1309 2932 Redit
1339 2878 1475 2932 alter
1518 2876 1666 2933 Con-
1771 2894 2061 2947 aggressus
2114 2888 2217 2935 cst.
2258 2879 2392 2935 Cum
2428 2882 2573 2935 enim
2602 2880 2796 2950 synodi
2834 2878 3347 2953 Hierosolymitame
3415 2885 3419 2889 ’

122 2970 468 3040 stautinopoli,
490 2979 541 3025 et
565 2984 685 3038 qua:
707 2968 971 3024 Claudius
999 2970 1360 3025 afﬁrmaverat
1387 2972 1563 3026 oculis
1609 2986 1669 3026 se
1771 2969 1986 3024 decreta
2020 2969 2133 3038 ipse
2167 2970 2459 3025 Dosithcus
2495 2972 2547 3024 in
2575 2970 2839 3025 Moidavia
2898 2972 2987 3026 edi
3049 2974 3349 3036 curaverit,

118 3062 303 3121 vidisse
326 3072 377 3116 et
401 3063 589 3117 auditu
622 3062 903 3130 accepisse
934 3061 1111 3116 tribus
1137 3062 1331 3116 libellis
1354 3062 1514 3116 editis
1540 3077 1669 3115 cou-
1698 3110 1737 3131 η
1773 3059 1973 3128 quibus
2027 3060 2207 3113 omnia
2268 3062 2555 3130 perspicue
2610 3064 2984 3130 continentur,
3045 3078 3166 3131 quae
3224 3077 3348 3118 cum

120 3164 347 3209 testatur.
404 3154 517 3212 Nos
589 3155 846 3209 catholici
906 3154 1340 3222 patriarcharum
1397 3154 1663 3218 omnium,
1698 3150 1738 3166 ν
1773 3150 2072 3206 Claudiana
2123 3154 2666 3223 Λατινοφρονούντων
2728 3154 3042 3209 definitione
3070 3166 3212 3209 stare
3244 3171 3351 3210 non

119 3250 564 3318 metropolitarum
598 3257 654 3303 et
695 3247 930 3301 aliorum
979 3246 1470 3301 ecclesiasticarum
1517 3243 1666 3300 testi-
1774 3254 2023 3313 possunt,
2077 3245 2167 3299 sed
2217 3246 2465 3300 sincerus
2516 3245 2735 3300 Graecos
2789 3261 2911 3301 esse
2967 3259 3201 3314 constat,
3256 3250 3351 3317 qui
3433 3276 3436 3286 λ

120 3342 303 3398 maniis
334 3338 560 3410 publicis
588 3340 949 3410 privatisque,
976 3337 1130 3394 libris
1154 3338 1316 3393 editis
1344 3345 1399 3392 et
1424 3337 1665 3402 ineditis,
1777 3323 2125 3406 praesentiam
2180 3337 2380 3391 realem
2415 3345 2468 3391 et
2508 3337 3176 3393 tranSsubstantiatiooem
3230 3353 3351 3392 cre-

122 3428 247 3484 fama
276 3432 508 3501 publica,
541 3430 829 3500 disciplina
860 3444 982 3499 quas
1005 3430 1335 3485 obversatur
1357 3427 1528 3493 oculis
1553 3444 1668 3481 om-
1777 3431 1938 3490 dunt,
1976 3426 2177 3483 frustra
2202 3429 2528 3499 conjectura:
2552 3444 2741 3483 omnes
2766 3437 2895 3484 sunt
2924 3430 3011 3483 ubi
3044 3429 3213 3484 Grzrci
3253 3430 3355 3496 ipsi

121 3521 281 3585 nium,
305 3532 357 3577 et
389 3524 507 3579 aliis
529 3532 693 3578 certa:
720 3521 1062 3577 auctoritatis
1085 3520 1424 3591 argumentis
1449 3502 1667 3586 muniti,
1777 3520 2094 3587 loquuntur.
2131 3516 2286 3571 Unde
2338 3518 2600 3588 quidquid
2654 3534 2717 3571 ex
2761 3517 2893 3573 falsa
2944 3517 3035 3572 illa
3068 3518 3357 3588 hypothesi

120 3612 401 3670 Smitheum
435 3632 541 3670 non
581 3614 787 3671 vidisse
830 3613 916 3669 vel
968 3612 1245 3668 audivisse
1274 3612 1669 3685 Constantino-
1779 3621 1968 3666 contra
1989 3609 2327 3665 Gennadium
2359 3618 2412 3663 et
2441 3613 2563 3678 ejus
2595 3612 2849 3664 homilias
2876 3610 3154 3667 Smitheus
3186 3610 3359 3666 dedu—

124 3706 238 3774 puli,
264 3723 380 3777 qua:
409 3723 687 3779 nunquam
718 3706 961 3773 fuerunt,
992 3721 1098 3760 non
1120 3713 1321 3760 temere
1345 3704 1671 3770 asserimus,
1782 3704 1883 3769 xit,
1907 3702 2237 3761 accuratiori
2257 3702 2588 3758 refutatione
2618 3719 2726 3759 non
2756 3704 2981 3776 indiget.

381 3882 3344 3911 WW-

145 3896 377 3911 ῤ-υο

687 4054 1381 4171 GENNADII
1464 4054 2043 4169 OPERUM
2125 4053 2780 4168 NOTITIA.

190 4404 528 4473 Qnazcunque
569 4415 599 4455 a
643 4395 931 4455 Gennadio
993 4394 1197 4464 scripta
1235 4392 1302 4447 ad
1350 4409 1449 4449 nos
1484 4408 1679 4464 perve—
1785 4392 1926 4447 bene
1957 4393 2197 4454 multas,
2237 4407 2471 4460 quarum
2522 4393 2741 4448 selectze
2770 4392 3021 4461 quaedam
3067 4407 3369 4463 supersunt

124 4510 333 4563 nerunt,
381 4505 473 4552 aut
520 4502 651 4549 ante
712 4486 1149 4561 patriarchatum
1201 4487 1445 4555 scripsit,
1496 4496 1589 4540 aut
1617 4486 1671 4540 in
1780 4485 1833 4539 in
1864 4483 1987 4539 cod.
2016 4482 2183 4553 Regio
2208 4483 2370 4547 2955,
2407 4487 2509 4538 hoc
2543 4484 2721 4545 titulo.
2769 4484 2865 4537 Ἐκ
2889 4484 2998 4537 τῶν
3039 4483 3371 4537 Ἐπιστολῶν

125 4596 233 4659 ipso
263 4592 669 4664 patriarchatu,
697 4593 792 4639 aut
818 4582 1070 4652 deposita
1103 4582 1370 4646 dignitate
1405 4594 1528 4634 cum
1567 4582 1676 4647 pri-

1803 4578 2057 4645 ἐωργεου
2089 4576 2182 4629 τοῦ
2209 4578 2505 4647 Σχολαρίου
2538 4576 2630 4629 τοῦ
2654 4576 2881 4647 ὕστερον
2922 4577 3227 4636 Γενναδὶου.
3279 4577 3367 4629 Ea:

128 4696 273 4740 ratus
336 4684 385 4738 in
451 4677 839 4736 monasterium
915 4674 1101 4731 Sancti
1156 4673 1383 4728 Joannis
1424 4672 1681 4742 Baptistae

1804 4667 2047 4738 Epistolis
2079 4667 2290 4739 Georgii
2320 4668 2587 4723 Scholarii
2644 4671 2737 4738 qui
2798 4667 3100 4722 Gennadius
3133 4677 3368 4735 postmo-

130 4794 286 4849 prope
312 4776 505 4831 Serras
534 4771 602 4827 ad
630 4768 968 4823 Menoeceum
1002 4774 1239 4819 montem
1272 4779 1330 4818 se
1357 4765 1683 4833 recepisset.
1792 4764 1919 4816 dum
1950 4762 2077 4832 fuit.
2111 4764 2169 4817 in
2202 4763 2409 4817 nemini
2441 4760 2829 4831 inscriptaﬂn
2872 4759 3225 4823 Imperatoris
3255 4758 3373 4811 fra-

132 4866 276 4925 Hunc
314 4868 559 4924 ordinem
608 4863 729 4932 ejus
790 4874 1019 4930 operum
1052 4857 1143 4926 qui
1181 4858 1305 4910 vitae
1346 4857 1544 4911 seriem
1594 4873 1683 4912 se-

1815 4857 1858 4910 ri
1889 4872 1902 4921 ;
1935 4856 1997 4910 5a
2035 4870 2231 4924 magno
2260 4854 2707 4924 charmphylaci;
2742 4853 2805 4907 ιι
2839 4851 3017 4906 Marco
3051 4850 3374 4919 Lipomano,

126 4964 326 5030 quitur,
378 4961 597 5031 quidam
649 4970 805 5010 mss.
849 4950 1072 5007 codices
1117 4957 1538 5018 reprazsentant,
1588 4951 1679 5019 qui
1792 4949 2072 5004 Florentia
2111 4947 2369 5001 Venetias
2401 4948 2602 5009 missa;
2648 4946 2709 4999 5tll
2741 4945 3033 4998 Ambrosio
3062 4942 3361 4998 Camaldu-

130 5067 298 5111 tamen
359 5054 410 5109 id
466 5052 632 5107 habet
685 5043 1043 5107 incommodi,
1073 5042 1219 5111 quod
1252 5042 1320 5097 de
1350 5043 1537 5096 multis
1573 5058 1679 5096 non
1796 5043 1935 5098 lensi
1966 5059 1981 5107 ;
2015 5043 2087 5096 fia
2125 5041 2321 5109 Magno
2365 5042 2524 5096 duci:
2561 5038 2763 5093 ibidem
2796 5054 3016 5107 quoque
3047 5037 3278 5105 scripta,
3315 5045 3376 5090 ut

128 5150 192 5204 ita
242 5150 437 5220 liquet,
488 5152 549 5199 ut
610 5139 832 5210 quando
877 5134 1082 5205 scripta
1129 5134 1238 5188 sint
1283 5140 1443 5189 certo.
1478 5133 1683 5189 habere
1801 5136 2040 5195 videtur,
2075 5149 2182 5187 non
2218 5149 2282 5187 ex
2318 5133 2548 5195 Grmcia,
2587 5142 2645 5187 ut
2674 5132 2990 5201 suspicatus
3020 5141 3103 5184 est
3138 5128 3370 5220 Allatius

132 5219 415 5314 possimus,
445 5252 554 5308 quo
583 5237 638 5290 in
683 5242 882 5303 genere
913 5237 1042 5282 sunt
1080 5227 1315 5281 homiliai
1340 5226 1678 5296 complures,
1790 5230 1885 5301 qui
1930 5228 2079 5283 illius
2116 5227 2362 5280 tuen-init
2394 5227 2495 5296 (Ι).
2527 5226 2717 5281 Exstat
2745 5239 2966 5295 quoque
2998 5224 3051 5275 in
3085 5222 3209 5275 cod.
3238 5219 3375 5274 Col-

131 5312 178 5393 ξι
214 5337 503 5393 minutiora
535 5328 783 5401 quaedam
827 5322 1117 5396 opuscula.
1152 5320 1257 5375 Sed
1307 5329 1489 5375 tamen
1537 5319 1685 5375 hunc
1790 5324 2007 5379 bertino
2046 5320 2228 5385 4958;
2268 5320 2329 5372 7‘
2396 5332 2667 5391 anonymo
2712 5318 2781 5371 de
2829 5316 3058 5384 privatis
3081 5312 3371 5411 ‘negotiis;

134 5434 395 5494 ordinem,
424 5426 548 5498 quia
580 5418 923 5480 commodior
953 5425 1058 5474 est.
1086 5429 1402 5483 sequemur.

1808 5416 1857 5471 3a
1891 5412 2178 5482 Philelpbo
2209 5411 2579 5467 Mediolanum
2627 5404 3121 5487 Constantinopoli
3145 5404 3372 5468 scripta,

195 5524 459 5593 Georgius
485 5518 802 5574 Scholarins
830 5514 1008 5567 adhuc
1028 5512 1206 5565 laicus
1233 5550 1248 5571 ,
1282 5508 1430 5564 circa
1463 5506 1692 5561 Floren-

1813 5520 1865 5564 nt
1898 5507 2176 5569 existimo,
2228 5512 2283 5559 et
2341 5513 2467 5557 ante
2514 5500 2913 5571 profectionem
2967 5498 3229 5557 Italicam,
3279 5503 3377 5547 aut

138 5620 224 5675 tini
253 5592 473 5675 concilii
495 5625 740 5679 tempora
762 5607 984 5677 scripsit
1028 5604 1409 5675 cpistolas,,ut
1444 5603 1679 5667 videtur,
1808 5613 1930 5675 post
1963 5601 2200 5657 reditqu
2233 5616 2247 5666 ;
2278 5614 2402 5653 nam
2432 5598 2486 5653 in
2523 5612 2587 5653 ea
2615 5597 2766 5652 dolet
2800 5594 2937 5664 eripi
2972 5592 3075 5648 sibi
3107 5606 3204 5662 per
3235 5597 3382 5646 stre-

205 5788 279 5858 (t)
314 5787 390 5841 De
422 5796 721 5843 consensu,
749 5793 798 5847 ῃ.
828 5775 951 5832 962.
