3962 6328
557 244 663 310 287

1606 268 1994 332 GENNADH
2025 273 2136 334 cr.
2178 275 2698 343 enuntiatus
3673 277 3685 285 “
3725 299 3808 360 ass

555 364 732 477 tim"?
760 364 1097 436 Ῑιιιῖίεῖοῖυηι
1136 376 1461 433 οεοηεῖθηοε
1488 378 1555 434 εδ
1582 384 1793 438 amicos
1830 386 2109 443 scribendi
2140 407 2154 455 ;
2189 409 2230 464 Α
2264 400 2524 453 vertenda
2584 402 2791 456 unione
2859 402 3183 472 contulisse,
3239 404 3442 461 frustra
3505 418 3807 477 quaereretur

554 459 619 513 98
648 460 905 530 principi.
934 467 1215 535 πριγκιπι,
1249 468 1364 522 sive
1403 472 1449 525 is
1479 473 1552 529 sit
1584 476 1912 535 Theodorus
1939 480 2145 551 Despo-

557 560 639 615 ta,
666 553 782 608 sive
807 552 1209 615 Constantinus
1239 565 1331 630 qui
1355 577 1543 633 postea
1580 569 1881 641 imperator
1916 574 2145 633 ultimus

560 644 702 713 fuit;
760 648 856 703 los
910 649 1230 720 imperatori
1270 657 1664 731 Constantino,
1726 681 1890 738 quam
1926 668 2151 738 scripsit

553 740 667 807 jam
694 744 1025 809 monachus,
1042 749 1250 816 gratias
1271 765 1442 821 agens
1466 756 1531 811 de
1554 761 1898 817 munusculis
1921 761 2146 829 missis';

562 834 655 885 HII
692 832 876 926 Paisio
928 837 1129 906 Cretae,
1178 854 1233 898 ut
1285 847 1655 917 conjicimus,
1706 855 2150 926 archiepiscopo,

559 927 648 979 cui
700 942 996 997 perpetuos
1029 952 1128 1004 pro
1164 938 1393 995 Christo
1432 943 1651 1000 labores
1681 955 1735 1000 et
1767 947 2149 1005 liberationem

558 1035 623 1073 cx
685 1040 909 1081 carcere
974 1030 1325 1098 gratulatur;
1387 1038 1482 1092 l2ﬂ
1536 1039 1799 1095 Lemnum
1851 1043 1919 1098 de
1976 1043 2153 1099 turbis

557 1113 1195 1186 Constantinottolitanis
1231 1144 1245 1192 ;
1288 1128 1387 1181 15⁸
1424 1129 1745 1201 Imperatori
1784 1133 2152 1203 Trapezuntis

560 1205 629 1299 de
669 1210 833 1264 missa
875 1212 941 1267 ad
992 1213 1157 1271 ltalos
1199 1218 1509 1288 legatione:
1542 1225 1639 1278 ita
1674 1227 2065 1299 Nomopbylaei
2098 1230 2152 1284 in

562 1297 1005 1368 Pe'oponnesunt
1037 1327 1049 1374 ;
1084 1309 1183 1363 ίῦα
1223 1312 1402 1369 Marco
1435 1315 1713 1385 Epltesino
1740 1321 1957 1389 praefixa
1986 1337 2181 1390 opus-I

558 1395 684 1446 culo
716 1396 989 1454 adversus
1012 1401 1318 1459 Gemistum
1353 1407 1676 1465 Pletbonem
1709 1427 1808 1481 pro
1837 1414 2153 1471 Aristotelis

560 1483 933 1555 defensione;
987 1492 1084 1546 lGn
1132 1494 1339 1560 absque
1379 1498 1562 1564 titulo,
1614 1501 1682 1556 de
1714 1504 1947 1573 privatis
1979 1521 2154 1577 nego-

564 1579 681 1636 tiis.
731 1580 845 1637 llas
893 1583 1175 1654 Epistolas
1214 1602 1407 1646 omnes
1449 1604 1810 1663 repraesentat
1836 1596 2009 1653 codex
2045 1614 2149 1654 ms.

559 1672 912 1732 bibliothecae
973 1676 1177 1749 Regia,
1237 1683 1496 1749 selectas,
1532 1693 1591 1741 ut
1623 1688 1845 1743 videtur
1868 1731 1883 1756 ,
1927 1706 1994 1747 ex
2027 1691 2151 1747 aliis

2253 508 2362 563 quo
2403 503 2647 562 tempore
2679 496 2817 550 bane
2847 497 3171 569 Apologiam
3201 499 3392 562 edidit,
3437 514 3561 571 qure
3591 516 3689 554 non
3722 502 3805 555 nisi

2252 596 2376 657 post
2434 589 2642 644 cladem
2696 590 2872 656 urbis,
2931 600 3097 662 atque
3151 594 3292 650 adeo
3346 595 3399 649 in
3462 595 3805 666 patriarchatu

2254 680 2458 750 scripta
2492 692 2770 750 censetur,
2806 686 2873 739 ab
2915 685 2985 741 iis
3016 688 3106 757 qui
3156 687 3305 743 illam
3355 686 3640 745 Gennadio
3681 690 3808 744 attri-

2254 773 2430 828 bttunt
2469 776 2546 846 (α)
2582 795 2595 831 :
2637 794 2917 849 nunquam
2963 780 3108 835 enim
3168 791 3516 853 resumptum
3566 782 3721 839 semel
3766 782 3806 837 in

2256 867 2481 925 Latinos
2512 872 2695 925 odium
2717 872 2996 943 deposuit,
3026 874 3140 928 imo
3156 877 3440 944 perpetuis
3478 876 3809 932 accusationi-

2256 962 2360 1019 bus
2383 964 2437 1019 in
2473 981 2569 1021 eos
2601 968 2854 1022 invectus
2878 976 2989 1033 est,
3024 977 3079 1024 et
3107 969 3162 1023 in
3190 985 3251 1024 ea
3284 973 3560 1027 sententia
3586 973 3805 1027 adfinem

2258 1074 2431 1129 usque
2456 1061 2582 1116 vitae
2635 1062 3025 1132 perseveravit.
3088 1064 3142 1119 Si
3174 1080 3306 1134 ergo
3364 1066 3515 1122 illius
3560 1082 3691 1137 opus
3718 1067 3811 1121 bmc

2256 1154 2520 1222 Apologia
2575 1158 2852 1212 cenSencla
2899 1168 3006 1223 est,
3059 1159 3322 1230 scriptam
3379 1158 3551 1214 fuisse
3601 1163 3815 1231 oportuit

2257 1262 2350 1301 aut
2386 1248 2701 1315 Florentim,
2734 1261 2825 1306 aut
2856 1253 3040 1308 statim
3077 1261 3197 1320 post
3226 1254 3484 1309 reditum.
3516 1253 3617 1308 Sed
3642 1255 3683 1310 si
3710 1255 3813 1322 quis

2259 1342 2330 1395 ita
2364 1351 2591 1408 statuat,
2645 1346 2893 1401 eamdem
2940 1347 3322 1417 interpolatam
3389 1345 3561 1402 fuisse
3613 1346 3815 1403 fateatur

2260 1450 2488 1491 necesse
2522 1444 2628 1499 est,
2662 1436 2860 1492 adsuta
2898 1438 2967 1493 de
3013 1436 3424 1494 calamitatibus
3458 1436 3816 1493 Constantino-

2258 1530 2520 1600 politanis
2546 1530 2683 1585 satis
2722 1532 2882 1604 longa
2911 1532 3134 1587 lacinia.

2329 1620 2620 1679 Orationes
2642 1623 2723 1678 hm
2749 1631 2967 1679 exstant
3002 1641 3014 1677 :
3052 1625 3148 1690 Εἰς
3177 1625 3277 1696 τὴν
3313 1625 3480 1694 ἁγίαν
3514 1626 3609 1681 τοῦ
3641 1626 3816 1696 Κυρέου

2261 1715 2419 1785 ἡμῶν
2490 1715 2669 1785 Ἰησοῦ
2738 1714 2979 1785 Χριστοῦ
3042 1718 3539 1788 Μεταμὸρφωσιν,
3602 1723 3652 1775 in
3711 1719 3817 1775 Jesu

560 1768 1042 1881 pltlrililts.anasi
1065 1774 1362 1881 Idisniftres
1392 1780 1582 1846 quael"
1605 1782 1856 1838 codicem
1882 1785 2151 1841 referrem
2185 1796 2231 1856 Β
2262 1768 2465 1861 eiussu
2504 1768 2721 1863 Domini
2758 1768 2928 1863 nim.-
2982 1768 3558 1879 Trattsﬁgutr'attionem’.
3609 1813 3815 1881 Scripta,

566 1870 677 1914 tur.
717 1862 773 1917 lu
832 1864 1156 1922 Colbertiuo
1191 1870 1468 1940 adiunctae
1493 1883 1624 1928 sunt
1658 1885 1906 1937 veterum
1940 1878 2153 1947 aliquot

561 1955 847 2022 rpistolis,
886 1958 1030 2012 unde
1069 1962 1195 2031 styli
1246 1965 1433 2031 potius
1474 1968 1648 2035 gratia
1686 1984 1849 2038 quam
1879 1969 1945 2023 ad
1980 1971 2157 2026 bisto-

563 2049 701 2101 riam
733 2050 1115 2107 illustrandatu
1151 2055 1409 2111 videntur
1441 2060 1704 2126 collecue,
1734 2072 1793 2117 ut
1823 2064 1983 2119 etiam
2023 2081 2155 2134 pau-

560 2157 641 2194 ca:
680 2142 891 2212 aliquot
932 2144 1092 2201 Luae
1142 2148 1358 2205 Notara!
1434 2150 1615 2220 Magni
1657 2155 1837 2222 ducis,
1879 2156 2152 2213 Tlteolori

560 2234 816 2303 Drspotae
844 2280 855 2300 ,
881 2250 935 2293 et
968 2244 1334 2312 quorumdam
1361 2245 1595 2303 aliorum
1633 2249 1847 2317 imperii
1884 2250 2169 2320 Cettstan—'

562 2327 911 2394 tinopolitani
941 2350 1255 2403 procerum.
2046 2396 2049 2400 .

636 2421 931 2481 Florentize
1002 2430 1227 2500 scripsit
1296 2433 1588 2494 Orationes
1645 2455 1767 2509 qua:
1822 2455 1943 2495 cem
2001 2441 2155 2496 Actis

563 2517 784 2570 concilii
816 2519 1312 2591 circumferuntur,
1350 2530 1395 2584 si
1440 2538 1621 2586 tamen
1657 2533 1805 2588 illius
1836 2543 1965 2588 sunt
2001 2552 2015 2601 ;
2055 2550 2157 2605 po-

567 2608 672 2663 tuit
703 2626 838 2689 sane
881 2630 976 2671 eas
1013 2618 1309 2689 scripsisse
1333 2661 1346 2686 ,
1392 2633 1453 2676 ut
1486 2641 1549 2680 ex
1592 2627 1746 2682 Actis
1775 2627 1988 2695 liquet:
2026 2644 2153 2682 nam

564 2703 631 2757 ad
695 2723 887 2762 corntu
954 2715 1290 2768 sententiam
1348 2717 1441 2785 qui
1493 2719 1755 2775 unionem
1786 2736 1911 2775 cum
1945 2721 2155 2777 Latinis

562 2800 886 2868 suaderent,
940 2808 1249 2865 accessisse
1292 2808 1589 2883 Georgium
1630 2812 1980 2869 Scltolarium
2006 2813 2153 2869 veri-

562 2893 747 2950 simile
802 2906 908 2959 est,
978 2902 1089 2956 into
1151 2912 1388 2969 certum,
1436 2907 1541 2961 nisi
1572 2909 1698 2978 quis
1728 2908 1860 2964 Acta
1896 2908 2152 2963 falsitatis

562 3003 811 3057 accuset,
861 2993 1006 3062 quod
1048 2997 1221 3052 certis
1273 3002 1610 3070 argumentis
1658 3004 1898 3071 probare
1935 3001 2153 3058 ditIicile

560 3088 668 3137 est.
701 3081 1009 3141 Confirmat
1038 3089 1302 3146 Actorum
1336 3092 1493 3148 fidem
1525 3095 1757 3164 epistola
1784 3094 1952 3149 Marci
1977 3092 2153 3165 Eplte-

563 3177 668 3230 sini
714 3191 777 3231 ex
831 3181 955 3233 eod.
1013 3182 1332 3243 Florentino
1382 3196 1439 3242 et
1471 3204 1593 3258 qua:
1642 3197 1822 3244 exstat
1872 3189 1925 3244 in
1980 3188 2152 3257 Regio

561 3269 707 3326 2952’.
740 3272 1005 3342 producta
1043 3280 1111 3332 ab
1147 3279 1375 3347 Allatio,
1408 3297 1515 3351 qua
1544 3283 1599 3337 in
1630 3281 1975 3339 Scltolarium
2005 3284 2155 3340 inre-

562 3365 747 3432 liitur,
802 3369 950 3435 quod
1031 3370 1269 3441 aliquam
1330 3390 1452 3429 cum
1515 3375 1735 3433 Latinis
1793 3378 2179 3446 concordiam_

562 3457 679 3511 ficri
736 3474 899 3529 posse
953 3464 1351 3521 existimasset.
1380 3466 1583 3522 Verum
1620 3484 1728 3524 non
1757 3484 1931 3541 pauca
1960 3470 2016 3526 in
2054 3472 2154 3527 bas

562 3554 846 3610 orationes
898 3556 1197 3627 irrepsisse
1258 3560 1537 3617 fatendum
1588 3573 1696 3630 est,
1728 3580 1850 3636 qua:
1889 3567 2155 3622 adnotare

563 3647 878 3715 prolixioris
930 3662 1075 3715 esset
1109 3670 1314 3725 operae.
1351 3654 1527 3712 Edita:
1567 3668 1698 3717 sunt
1729 3668 1783 3715 et
1815 3661 2002 3717 Romae
2027 3677 2154 3716 eum

568 3743 813 3797 cencilio
852 3742 1176 3802 Florentino
1213 3748 1267 3803 in
1302 3750 1399 3805 fol.
1433 3748 1868 3819 Graece-Latine,
1900 3754 2157 3810 Matthzeo

566 3830 936 3906 Caryopltyllo
967 3838 1288 3910 interprete,
1322 3852 1376 3897 et
1402 3842 1454 3896 in
1484 3845 1540 3910 «if
1573 3853 1685 3897 tum
1716 3844 1769 3897 in
1789 3846 2030 3901 editione
2048 3846 2159 3903 Ro~

569 3938 732 3979 mana
775 3928 1142 3985 conciliorum
1195 3945 1288 3987 an.
1321 3931 1463 3987 1612
1486 3971 1501 3998 ,
1530 3942 1661 3988 tom.
1698 3932 1788 3989 ιν.
1820 3936 2050 3991 Exstare
2086 3938 2160 3993 ait

566 4020 809 4075 Allatius
850 4024 901 4077 in
937 4024 1097 4079 codd.
1133 4041 1268 4083 mss.
1302 4027 1678 4093 Scoriaeeusi,
1706 4028 1989 4086 Bavaricis
2021 4033 2157 4089 duo-

566 4113 1129 4185 bus,Altentpsiauo,
1192 4123 1246 4173 et
1301 4119 1429 4174 Ant.
1496 4120 1817 4201 Augustini.
1875 4124 2161 4182 HabentUr

564 4219 793 4275 quoque
824 4208 877 4263 in
907 4209 1070 4263 codd.
1110 4207 1297 4282 Regiis
1320 4254 1334 4279 ,
1366 4221 1423 4268 et
1450 4214 1503 4269 in
1545 4215 1799 4274 Caesarea
1829 4218 2159 4278 bibliotheca

565 4307 627 4356 η’
662 4299 755 4363 tit,
788 4301 930 4357 inter
960 4302 1183 4361 Graecos
1222 4305 1524 4363 historicos
1550 4307 1652 4378 (l).

641 4394 906 4464 Apologia
930 4398 1036 4466 pro
1068 4399 1314 4470 quinque
1342 4401 1618 4472 capitibus
1664 4406 1887 4460 concilii
1925 4406 2159 4463 Floren-

2264 1912 2319 1955 ut
2350 1903 2581 1957 habetur
2614 1902 2668 1957 in
2697 1903 2887 1957 codice
2924 1902 3091 1973 Regio
3121 1903 3283 1970 2955,
3321 1919 3446 1958 cum
3476 1904 3650 1958 adhuc
3676 1919 3820 1957 saecu-

2262 1997 2394 2050 laris
2417 2006 2585 2060 csset,
2624 1997 2728 2052 sub
2762 1994 2977 2072 Joanne
3037 1999 3391 2067 imperatore,
3428 2004 3641 2067 reperta
3670 1995 3815 2077 Thcs-

2258 2090 2516 2144 salonicae
2550 2097 2672 2160 post
2694 2100 2909 2161 captam
2941 2090 3485 2161 Constantinopolin.

2334 2186 2387 2239 In
2426 2185 2566 2241 festo
2596 2186 2707 2240 τῶν
2739 2186 2981 2255 Εἰσόδων
3016 2176 3497 2257 προσφώνητικός.
3536 2185 3692 2240 Lecta
3723 2184 3819 2238 luce

2260 2278 2436 2333 oratio
2466 2278 2518 2332 in
2556 2279 2893 2332 monasterio
2947 2277 3242 2347 Periblepti
3272 2278 3533 2349 ptimum,
3586 2285 3821 2346 prazsente

2260 2370 2625 2428 Constantino
2666 2372 3020 2440 imperatore.

2332 2466 2452 2519 Alta
2482 2465 2691 2535 absque
2728 2465 2911 2528 titulo,
2941 2462 3110 2519 πάλαι
3142 2463 3243 2535 μὲν
3282 2464 3551 2531 Ἰουδαῖοι,
3575 2469 3627 2523 in
3651 2464 3818 2520 eodem

2260 2557 2468 2612 codice.

2332 2650 2387 2704 ln
2458 2647 2996 2705 Commemoratione
3064 2648 3457 2706 Decollationis
3520 2649 3579 2706 S.
3616 2650 3820 2710 Joannis

2259 2743 2534 2812 Baptista}.
2573 2740 2763 2797 Oratio
2810 2751 2989 2798 exstat
3039 2743 3093 2796 in
3126 2743 3320 2798 eodem
3355 2745 3481 2799 cod.
3516 2744 3575 2797 lu
3629 2753 3821 2807 nostro,

2259 2838 2362 2893 sub
2430 2836 2589 2891 titulo
2647 2834 2918 2890 Gennadii
2976 2833 3255 2902 Monaebi,
3321 2838 3519 2907 incipit
3568 2856 3582 2892 :
3631 2838 3687 2890 '0
3737 2837 3824 2907 μὲν

2260 2929 2529 2999 μακάριος
2587 2928 2845 3001 Ἰωάννης
2900 2930 2992 2983 καὶ
3051 2929 3387 3001 Βαπτιστὴς.
3446 2930 3723 2987 Omittitur
3767 2929 3824 2985 ab

2256 3020 2481 3075 Allatio.

2328 3120 2469 3183 Alia,
2520 3120 2601 3182 εις
2629 3120 2729 3187 τὴν
2792 3117 2936 3171 κατὰ
2972 3110 3151 3188 σάρκα
3183 3114 3440 3187 γέννησιν
3495 3116 3591 3171 τοῦ
3637 3117 3825 3185 Κυρίου

2263 3210 2424 3281 ἡμῶν
2460 3210 2638 3281 Ἰησοῦ
2669 3210 2933 3279 Χριστοῦ.
2986 3208 3053 3263 In
3103 3208 3456 3264 Nativitotem
3512 3209 3715 3264 Domini
3747 3225 3827 3262 no-

2265 3307 2367 3360 stri
2396 3303 2526 3359 Iesu
2560 3304 2759 3359 Christi
2792 3304 3085 3358 secundum
3140 3319 3376 3356 carnem.
3429 3301 3689 3357 Gennadii
3724 3298 3825 3354 Μο-

2266 3399 2428 3455 naclti
2482 3376 2554 3453 in.
2590 3397 2782 3461 eodem
2841 3396 2965 3453 cod.
3028 3404 3081 3451 et
3129 3397 3182 3450 in
3246 3405 3459 3460 nostro,
3524 3395 3730 3463 incipit,
3774 3394 3828 3446 0t

2260 3491 2646 3562 λαμὴρότατοι
2711 3493 2813 3561 τῆς
2885 3488 3214 3556 Ἐκκλησξας
3267 3488 3583 3558 φωστῆρες,
3633 3485 3825 3556 Scripta

2265 3595 2350 3642 est
2380 3593 2565 3642 autem
2599 3586 2653 3640 itt
2689 3584 3028 3639 monasterio
3067 3580 3129 3640 S.
3173 3580 3400 3637 Joannis
3436 3581 3707 3652 Baptistm.
3738 3579 3832 3634 Ex-

2266 3686 2379 3737 stat
2408 3680 2463 3733 in
2512 3677 2674 3735 codd.
2722 3674 2911 3745 Regiis
2957 3673 3100 3731 2955
3131 3682 3183 3729 et
3230 3673 3372 3729 2959
3402 3681 3458 3727 et
3518 3674 3573 3728 in
3616 3674 3828 3731 nostro:

2267 3770 2386 3839 ejus
2415 3784 2522 3824 non
2562 3766 2815 3823 meminit
2849 3764 3108 3819 Allatius.

2342 3865 2462 3920 Alia
2520 3864 2584 3920 de
2638 3861 2901 3917 Transitu
2958 3858 3019 3913 Β.
3078 3858 3265 3943 Mariae
3311 3857 3725 3929 Virginispé'trl
3770 3857 3829 3923 τῇ

2273 3957 2605 4027 μεταστάσει
2700 3952 2803 4023 τῆς
2881 3952 3191 4019 ὑπεραγίας
3293 3951 3600 4020 Δεσποίνης
3689 3946 3835 4018 ἡμῶν

2270 4046 2560 4101 Θεοτόκου.
2616 4045 2807 4099 Exstat
2857 4042 2911 4097 itt
2952 4041 3143 4097 eodem
3199 4037 3370 4110 Regio
3418 4039 3631 4103 codice,
3687 4047 3742 4096 et
3787 4037 3834 4091 in

2270 4140 2436 4196 2959.
2487 4137 2564 4192 Ex
2598 4135 2719 4206 ejus
2768 4134 2929 4190 titulo
2960 4133 3241 4205 colligitur
3281 4132 3552 4202 scriptam
3586 4132 3750 4189 fuisse
3789 4130 3834 4185 in

2272 4228 2610 4287 monasterio
2630 4224 3098 4289 Pammacaristaa,
3125 4239 3323 4293 nempe
3347 4222 3834 4293 Constantinopoli,

2270 4326 2467 4381 lectam
2505 4324 2561 4377 in
2594 4320 2729 4391 {esto
2767 4318 3113 4373 Dormitionis
3154 4317 3198 4372 Β
3232 4316 3449 4380 Har-iw,
3478 4318 3530 4371 in
3566 4317 3737 4377 tertio,
3764 4316 3839 4370 itt-

2269 4420 2405 4487 quit,
2432 4426 2613 4471 nostra
2638 4415 2706 4470 ad
2738 4413 2918 4467 urbem
2949 4412 3176 4467 violento
3206 4412 3403 4477 reditu,
3427 4410 3619 4466 indict.
3648 4411 3733 4472 η.
3755 4424 3837 4462 an.

566 4488 668 4540 ιλιιὶ
703 4488 884 4543 serius
933 4491 1164 4561 scripta,
1217 4494 1361 4550 edita
1421 4506 1503 4551 est
1536 4498 1724 4554 Romae
1772 4500 1909 4555 1577
1958 4504 2011 4557 in
2066 4504 2159 4558 fol.
2194 4522 2237 4581 υ
2270 4510 2359 4570 72,
2388 4510 2494 4566 hoc
2519 4517 2608 4565 est
2652 4521 2800 4561 anno
2831 4505 3018 4559 mundi
3048 4504 3357 4560 secundum
3417 4503 3639 4559 Crtecos
3690 4500 3838 4560 697?,

566 4599 691 4635 t'ttttt
718 4583 908 4640 eodem
938 4587 1176 4642 concilio
1208 4587 1434 4656 Graece;
1469 4602 1520 4645 et
1550 4591 1766 4661 Latine,
1794 4596 1962 4651 Fabio
1988 4596 2159 4654 Bene-

566 4675 809 4730 volettlio
830 4678 1147 4750 interprete,
1175 4676 1227 4735 in
1250 4681 1306 4736 4ο
1331 4683 1488 4751 1559,
1521 4684 1980 4744 ϐναιςεάϐοτὴστο
2004 4705 2159 4746 versa

566 4788 592 4821 ει
622 4768 873 4826 Mattbaco
904 4771 1294 4845 Caryopbyllo,
1327 4787 1382 4833 et
1415 4778 1709 4851 aliquoties
1738 4782 1790 4836 in
1827 4781 2156 4838 Bibliotheca

564 4863 811 4924 Patrum.
865 4865 996 4922 Eam
1054 4868 1456 4945 Caryophyllus
1515 4874 1800 4934 Gennadio
1853 4878 2156 4950 abjudicat,

563 4976 727 5030 qttcm
756 4961 953 5019 refellit
986 4964 1235 5021 Allatius.
1276 4967 1499 5024 Illorum
1540 4970 1785 5027 rationes
1817 4972 1882 5027 ad
1921 4987 2155 5029 examen

566 5070 828 5111 revocare
855 5073 1085 5127 prorsus
1125 5059 1320 5117 inutile
1375 5062 1619 5120 videtur.
1657 5063 1790 5119 Nam
1828 5081 1953 5122 cum
1984 5083 2049 5123 ex
2091 5068 2160 5123 iis

563 5165 688 5221 qure
719 5165 747 5204 a
786 5151 949 5208 nobis
985 5151 1054 5207 de
1086 5151 1370 5211 Gennadio
1407 5157 1552 5211 dicta
1595 5166 1746 5225 sunt,
1779 5168 1999 5216 constet
2030 5175 2157 5216 eum

565 5245 754 5299 statim
780 5254 948 5316 atque
970 5244 1492 5320 Constantinopolin
1540 5267 1797 5309 reversus
1830 5262 1940 5321 est,
1975 5254 2161 5311 Marco

567 5336 849 5410 Epttesino
892 5340 1333 5409 reconciliatum,
1387 5358 1611 5414 operam
1663 5362 1883 5405 omnem
1930 5349 1986 5405 in
2033 5363 2160 5420 per-

637 5482 714 5553 (l)
742 5480 808 5538 ν.
844 5480 1202 5539 Lambecium
1229 5483 1269 5538 l.
1302 5487 1421 5551 wit,
1458 5500 1508 5555 p.
1550 5485 1653 5541 505
1686 5496 1739 5543 et
1760 5505 1877 5561 seq.

2269 4604 2359 4659 cui
2396 4599 2691 4674 respondet
2726 4600 2952 4655 indictio
2997 4597 3155 4663 12,1.
3177 4598 3237 4653 C.
3265 4597 3716 4668 “GLAtqueita
3751 4596 3841 4651 fal-

2272 4699 2461 4752 luntttr
2487 4697 2582 4767 qui
2624 4710 2829 4749 annum
2878 4692 3016 4748 1460
3032 4707 3350 4762 supremum
3378 4690 3662 4746 Cennadio
3684 4690 3841 4745 fuisse

2267 4794 2417 4849 nullo
2451 4792 2810 4846 fundamento
2842 4786 3133 4841 afﬁrmant.
3170 4784 3440 4840 Videntur
3482 4795 3660 4840 autem
3691 4782 3839 4839 verba

2265 4889 2368 4943 ista
2400 4900 2568 4940 manu
2612 4882 2786 4952 ipsius
2816 4878 3087 4936 Gennadii
3123 4879 3351 4946 scripta.
3390 4876 3607 4948 Incipit,
3654 4878 3718 4930 Ἠ
3753 4875 3841 4947 μὲν

2262 4979 2358 5031 τοῦ
2391 4977 2545 5039 ἔτους
2584 4975 2753 5046 ἀργὴ,
2797 4973 3031 5028 habetur
3065 4987 3286 5042 quoque
3323 4972 3376 5026 in
3402 4980 3594 5027 nostro
3623 4970 3746 5026 cod.

2336 5070 2482 5133 Alia,
2539 5070 2604 5123 de
2639 5065 2866 5122 secundo
2924 5065 3169 5119 Adventu
3213 5063 3431 5119 Domini
3484 5060 3843 5126 nostri,'etde

2266 5160 2679 5218 Resurreclione
2704 5172 3009 5225 corporum.
3034 5157 3171 5227 napi.
3202 5154 3303 5226 τῆς
3360 5155 3619 5224 δευτέρας
3646 5168 3841 5220 παρου-

2267 5259 2389 5319 σίας
2442 5253 2538 5309 τοῦ
2573 5252 2778 5325 Κυρίου
2802 5251 2983 5322 ἡμῶν,
3008 5251 3105 5305 καὶ
3138 5250 3270 5320 περὶ
3314 5250 3414 5319 τῆς
3436 5250 3545 5302 τῶν
3589 5247 3843 5318 σωμάτων

2271 5350 2548 5405 ἀναστάσε
2567 5366 2663 5411 ως.
2684 5345 2875 5401 Exstat
2904 5344 2959 5400 in
2981 5342 3109 5399 eod.
3146 5344 3271 5399 cod.
3296 5341 3428 5411 Reg.

629 5656 702 5719 (α)
748 5651 1311 5731 λοεερψλλιοιιιοηοηεε
1341 5658 1555 5731 asseruit
1589 5655 1728 5730 r-r-
1751 5657 1996 5731 "uerna.-
2264 5655 2630 5731 ηοιιεςιιίίειηντο
2663 5654 2711 5701 in
2750 5647 2992 5731 testeris
3020 5638 3848 5731 raritates"..;§t32fi_‘t'.t:rttr

564 5706 711 5786 quae"
736 5706 884 5786 μηδ’
906 5718 999 5769 SS.
1049 5718 1257 5786 Augusti
1305 5727 1339 5769 t.
1374 5719 1389 5769 l
1435 5721 1775 5784 praemittitur,
1884 5706 2015 5770 195⁵.
2044 5706 2227 5771 lit-cole
2252 5732 2365 5782 qua:
2397 5720 2495 5782 jam
2555 5706 2686 5767 tonio
2738 5712 2983 5777 superiori
3020 5706 3306 5761 monuimus
3348 5708 3398 5757 in
3423 5706 3646 5770 Josettlto
3676 5706 3831 5755 Mettio

570 5783 730 5831 neusl.
764 5783 900 5835 lion.
