3962 6328
583 322 689 389 303

653 446 839 500 Oratio
863 445 926 498 ad
961 444 1347 516 imperatorem
1381 441 1584 508 scripta
1615 438 1681 492 i9.
1704 436 1852 490 iii-aii.

659 539 814 592 Varia
844 538 1046 598 scripta
1113 533 1179 586 ad
1249 531 1502 602 Magnum
1556 530 1782 584 Ducem.
1849 526 2144 582 Duodecim

584 632 819 700 capitula
856 629 920 682 ad
953 629 1361 697 imperatorem,
1393 626 1558 678 missa
1591 639 1685 692 per
1717 621 2006 691 Ignatium.
2031 621 2149 674 Alia

522 780 527 784 _
586 727 648 776 ad
690 722 997 792 Agiureitas
1049 721 1164 774 sive
1210 721 1510 771 monachos
1543 715 1750 768 montis
1780 713 1944 778 Atho,
1986 713 2147 765 missa

587 828 878 884 antequam
907 810 1205 867 cardinalis
1239 808 1452 862 Russize
1492 805 2014 874 Constantinopolin
2052 805 2149 856 ad-

590 911 831 972 veniret,
859 922 954 975 per
980 901 1340 956 Athanasium
1369 911 1423 955 et
1480 901 1764 955 Simonem
1819 899 2150 953 monachos.

591 1000 719 1051 liwc
751 997 968 1050 diversa
1002 994 1207 1062 scripta
1243 992 1358 1062 ipse
1385 991 1702 1046 Gennadius
1734 1000 2150 1044 conuuemorat.
2183 1047 2189 1051 η

675 1086 909 1150 Εμὶδιοια
933 1088 998 1140 ad
1029 1101 1204 1138 omnes
1235 1082 1440 1153 ﬁdeles,
1467 1085 1574 1145 τοῖς
1607 1081 1921 1150 ἁπανταχοῦ
1942 1082 2153 1142 πιστοῖς

593 1183 646 1232 ἐν
687 1179 905 1247 Χριστῷ
952 1176 1150 1246 Ἰησοῦ.
1180 1175 1369 1230 Exstat
1402 1176 1452 1228 in
1492 1175 1616 1227 cod.
1649 1174 1779 1242 Reg.
1813 1171 1975 1226 9.955.

669 1273 789 1325 Alia
833 1271 994 1325 missa
1024 1272 1092 1323 ad
1122 1285 1364 1340 magnum
1399 1267 1794 1320 ecclesiarcltam
1831 1265 2153 1334 Sylvestrum

589 1363 927 1433 Syropulum,
952 1377 1197 1432 magnum
1229 1358 1685 1428 cltartopltylacem
1723 1356 2082 1426 Agallianum,
2108 1365 2157 1409 ct

589 1463 726 1512 alios
759 1461 1010 1528 quosdam
1037 1454 1444 1519 ecclesiasticos,
1511 1468 1627 1505 cum
1659 1450 1927 1504 celebrata
1957 1458 2032 1501 est
2068 1447 2158 1500 Li-

598 1552 776 1620 turgia
808 1555 1063 1617 prasenle
1093 1544 1381 1610 cardinali,
1443 1557 1720 1612 postquam
1787 1541 1964 1593 omnia
2018 1540 2160 1592 circa

593 1644 893 1713 religionem
919 1639 1138 1694 dissidia
1164 1654 1252 1706 per
1283 1637 1517 1691 eumdem
1549 1633 1866 1688 cardinalem
1892 1632 2159 1686 Isidorunt

594 1737 885 1805 composita
920 1741 1062 1788 sunt.
1123 1730 1341 1785 initium
1374 1739 1478 1793 est,
1513 1729 1696 1797 ’Ἅγιοι
1745 1727 2004 1797 Πατέρες,
2052 1727 2159 1794 ἐγὼ

595 1829 787 1898 ἤθελον
819 1827 1020 1881 ἐλθεῖν.
1051 1824 1241 1880 Exstat
1269 1823 1321 1876 in
1359 1821 1550 1877 eodem
1584 1821 1709 1875 cod.

667 1920 949 1976 Gennadio
973 1918 1171 1980 eidem,
1199 1916 1290 1986 qui
1325 1924 1379 1970 et
1433 1915 1702 1984 Georgius
1729 1911 2051 1967 Scholarius
2103 1910 2159 1964 in

598 2015 786 2067 iisdem
821 2011 992 2064 titulis
1024 2008 1353 2078 appellatur,
1405 2006 1542 2060 varii
1601 2005 1866 2058 adversus
1937 2003 2159 2060 Latinos

598 2112 860 2159 tractatus
887 2102 1048 2156 tribui
1092 2086 1292 2154 solent.
1346 2099 1458 2152 Hos
1485 2096 1704 2167 quidem
1737 2089 1971 2150 Alla'tius
2002 2095 2159 2150 alteri

598 2211 698 2249 suo
726 2193 1003 2249 Gennadio
1063 2191 1417 2248 schismatico
1477 2189 1752 2253 attribuit,
1817 2203 1976 2258 quem
2036 2203 2160 2242 cum

600 2301 704 2337 non
735 2285 900 2337 alium
936 2283 1003 2337 ab
1031 2283 1132 2336 hoc
1188 2291 1383 2336 nostro
1415 2280 1584 2335 fuisse
1643 2288 1926 2334 ostensum
1971 2277 2160 2341 fuerit,

602 2376 805 2428 ideirco
838 2388 969 2427 mss.
997 2361 1247 2427 codicum
1281 2370 1440 2426 iidem
1474 2370 1672 2434 secuti,
1707 2369 2010 2437 praesertim
2053 2368 2161 2423 Re-

602 2470 671 2536 κῑί
704 2469 887 2529 unius,
919 2467 1010 2537 qui
1049 2464 1318 2538 Sylvestri
1371 2464 1624 2536 Serpuli
1651 2463 1829 2532 magni
1863 2462 2160 2517 ecclesiar-

604 2561 744 2622 citm,
769 2561 859 2614 cui
892 2559 1212 2614 Gennadius
1245 2560 1413 2626 probe
1446 2564 1608 2610 notus
1657 2564 1793 2620 erat,
1832 2570 1996 2609 manu
2048 2557 2160 2609 eie-

607 2659 802 2718 ganter
833 2650 1075 2717 scriptus
1100 2657 1182 2703 est
1225 2663 1370 2702 anno
1423 2647 1581 2712 6958,
1650 2647 1764 2701 ind.
1804 2662 1864 2710 il,
1927 2646 2027 2700 hoc
2081 2654 2162 2700 est

606 2754 749 2791 anno
779 2738 935 2803 1448,
967 2741 1182 2794 vivente
1211 2741 1388 2793 adhuc
1444 2736 1751 2802 Geuuadio,
1784 2738 1892 2790 into
1921 2745 2048 2790 ante
2074 2752 2162 2791 ca-

606 2836 748 2895 ptatu
780 2826 966 2881 urbem
999 2844 1122 2883 cum
1152 2827 1387 2882 nondum
1422 2838 1566 2883 esset
1591 2828 1929 2897 patriarcha,
1967 2837 2162 2883 nostro

608 2918 967 2973 vindicamus.

682 3011 817 3079 Περὶ
850 3009 945 3064 τοῦ
981 3011 1351 3082 καθαρτηρίου
1384 3012 1556 3083 πυρὸς
1581 3012 1728 3080 λόγοι
1787 3013 1901 3078 δύο,
1935 3012 2008 3068 De
2035 3028 2163 3081 pur-

1665 313 2044 380 GENNADN
2077 315 2182 376 CP.
2230 311 2742 375 PATRIARCHE
3479 299 3481 302 ί
3706 310 3784 371 {illi

2175 441 2219 498 Α
2253 434 2517 501 παρόντος
2549 433 2756 486 καὶτοῦ
2779 432 2971 502 κυρίου
3001 431 3304 502 Γρηγορίου
3336 430 3430 485 τοῦ
3463 432 3780 502 πατριάρχου

2252 529 2347 580 καὶ
2385 526 2476 579 τοῦ
2512 524 2881 595 καρδιναλίου,
2912 526 3006 578 καὶ
3040 525 3246 578 πολλῶν
3270 523 3518 579 Λατίνωι
3573 526 3667 577 καὶ
3705 524 3778 592 ὁρ-

2250 619 2498 682 Θοδὸξων,
2531 617 2760 670 ὲνώπιον
2786 616 2881 669 τοῦ
2941 615 3204 685 βασιλέως
3259 617 3510 670 Ἰωάννου
3565 617 3658 668 καὶ
3715 615 3786 666 τοῦ

2253 708 2555 776 μακαρίτου
2589 708 2848 760 δεσπότου
2903 706 3207 776 Θεοδώρου.
3261 707 3648 776 Παρακληοεὶς
3703 708 3787 773 γάρ

2252 800 2318 852 τὰ
2352 799 2801 868 σομπεράσματα
2829 797 2941 850 τῶν
2977 797 3269 864 διαλέξεων
3321 799 3548 852 ἐκείνων
3575 799 3632 851 ἐν
3677 795 3788 865 τᾷδε

2255 892 2517 957 συνέταξα
2553 891 2629 960 τῷ
2663 888 2876 960 βιϐλίῳ,
2922 890 2950 944 δ
2983 891 3340 962 μεταγραφὲν
3387 893 3468 954 είς
3502 891 3674 943 πολλὰ
3719 893 3790 942 ni

2253 983 2492 1038 διαδοοὲν
2526 982 2800 1052 πανταχοῦ
2826 985 2918 1036 καὶ
2947 984 3097 1051 παρὰ
3147 985 3396 1047 Λατίνοις
3422 983 3518 1036 νῦν
3555 984 3786 1053 εὑρισκό-

2259 1095 2436 1148 μενον.
2471 1074 2578 1130 Ἶιν
2611 1078 2664 1130 δὲ
2695 1078 2813 1130 τότε
2867 1081 2892 1130 δ
2921 1076 3374 1146 συγγραψάμενος
3407 1078 3692 1140 καθολιχδς
3724 1095 3790 1128 σε·

2256 1171 2543 1238 κρετὰριος
2573 1167 2667 1222 τοῦ
2699 1167 2962 1236 βασιλέως
3027 1169 3302 1232 Ἰωάννου,
3371 1169 3465 1223 καὶ.
3529 1169 3790 1230 καθολικδς

2257 1257 2448 1328 κριτὴς
2469 1259 2574 1309 τῶν
2613 1256 2924 1327 Ῥωμαίων,
2943 1262 3033 1311 καὶ
3077 1259 3344 1312 διδάσκων
3369 1262 3422 1312 ὲν
3446 1260 3522 1330 τῷ
3539 1259 3792 1330 τρικλινίῳ

2258 1349 2351 1402 τοῦ
2387 1350 2650 1419 βασιλέως
2700 1353 2843 1404 κατὰ
2895 1345 3254 1422 Παρασκευῆν
3307 1353 3570 1422 ἑκάστην,
3618 1349 3794 1420 παρού-

2261 1461 2359 1512 σης
2386 1443 2482 1513 τῆς
2519 1443 2825 1512 συγκλήτου
2883 1447 2976 1498 καὶ
3009 1445 3273 1516 πλείστης
3339 1445 3438 1515 τῆς
3465 1446 3671 1508 πόλεως
3723 1439 3794 1495 τιν

2260 1534 2414 1602 λόγον
2443 1533 2536 1587 τοῦ
2579 1534 2713 1587 Θεοῦ
2749 1538 2827 1596 είς
2858 1536 3017 1600 δόξαν
3045 1537 3207 1590 αὐτοῦ
3239 1536 3334 1590 τοῦ
3384 1534 3520 1589 Θεοῦ
3561 1537 3654 1590 τοῦ
3684 1537 3795 1589 πάν·

2261 1644 2326 1679 τα
2386 1625 2637 1702 διδόντος.
2669 1625 2877 1696 Georgii
2910 1626 3201 1682 Scholarii.
3225 1625 3587 1695 Compositum
3620 1637 3693 1681 est
3717 1629 3794 1680 hoc

2262 1731 2388 1785 opus
2415 1726 2534 1785 post
2566 1716 2873 1772 collationes
2929 1719 3225 1788 quindecim
3267 1718 3436 1788 factas
3499 1718 3554 1772 in
3616 1718 3794 1786 palatia

2262 1825 2381 1864 cum
2416 1809 2586 1878 legato
2637 1810 2816 1878 populi
2873 1810 3110 1877 episcopo
3170 1809 3524 1876 Cortonw,et
3585 1811 3788 1880 quodam

2262 1902 2534 1970 theologia:
2562 1903 2702 1971 apud
2750 1900 2973 1957 Latinos
3021 1905 3254 1965 doctore.
3302 1916 3562 1974 prasente
3619 1919 3796 1973 quoque

2260 1995 2473 2048 domino
2499 1992 2747 2065 Gregorio
2797 1997 3131 2064 patriarcha,
3190 1996 3487 2059 cardinali,
3537 2007 3587 2050 et
3643 1995 3797 2048 multis

2262 2086 2382 2139 aliis
2415 2085 2622 2141 Latinis
2649 2098 2697 2142 et
2730 2088 3035 2142 orthodoxis
3067 2105 3242 2142 coram
3274 2091 3594 2160 imperatore
3624 2087 3799 2142 Joanne

2262 2189 2311 2232 ct
2353 2177 2622 2233 Theodoro
2659 2180 2871 2248 despota
2931 2180 3100 2249 felicis
3160 2183 3445 2236 memoria'.
3477 2180 3798 2235 Hortantibus

2263 2285 2435 2326 autem
2499 2272 2744 2336 plurimis
2771 2271 2960 2326 harum
3024 2272 3440 2339 disputationum
3469 2273 3814 2327 conclusiones.

2263 2363 2314 2414 in
2365 2361 2462 2413 ltoc
2513 2360 2647 2413 libro
2703 2362 2909 2429 collegi,
2957 2363 3047 2430 qui
3099 2372 3275 2431 postea
3323 2365 3713 2430 trunsscriptus,
3761 2371 3798 2412 et

2261 2467 2567 2520 quacunque
2621 2452 2833 2514 missus,
2875 2453 3032 2506 etiam
3089 2453 3227 2518 apud
3276 2451 3492 2506 Latinos
3547 2453 3800 2519 reperitur.

2263 2546 2459 2596 Auctor
2514 2559 2630 2596 vero
2692 2554 2804 2598 erat
2859 2545 3166 2598 universalis
3229 2547 3542 2598 secretarius
3602 2546 3802 2612 impera-

2266 2636 2392 2715 toris
2415 2635 2666 2700 Joannis,
2701 2627 3065 2706 generalisque
3094 2635 3396 2692 Graecorum
3416 2637 3609 2706 judex,
3636 2639 3802 2689 docens

2263 2708 2318 2781 in
2357 2728 2586 2780 triclinio
2632 2717 2970 2794 imperatoris
3021 2729 3244 2800 singulis
3293 2733 3452 2784 sextis
3491 2732 3653 2799 feriis,
3686 2747 3804 2798 prte-

2264 2833 2405 2875 sente
2435 2832 2618 2875 senatu
2676 2831 2724 2876 et
2779 2839 2967 2892 magna
3002 2824 3192 2886 civium
3236 2824 3551 2892 frequentia,
3618 2824 3802 2878 uerbum

2264 2911 2363 2966 Dei
2418 2913 2486 2966 ad
2530 2914 2770 2981 ejusdem
2814 2914 3036 2984 gloriam
3096 2902 3197 2968 Dei
3236 2916 3326 2985 qui
3360 2918 3537 2969 omnia
3591 2915 3804 2968 donarit.

2269 3002 2394 3060 Haec
2425 3005 2536 3058 sola
2567 3006 2854 3073 inscriptio
2918 3015 3085 3060 totam
3143 3006 3210 3060 de
3274 3006 3489 3062 duobus
3534 3007 3806 3062 Gennadius

609 3104 816 3171 gntorio
841 3101 964 3154 libri
991 3102 1117 3156 duo.
1165 3101 1396 3159 Exstant
1427 3103 1548 3158 cod.
1587 3102 1721 3174 Reg.
1778 3104 1942 3160 2958.
2006 3105 2163 3160 Prior
2191 3115 2233 3174 (ς
2269 3097 2593 3150 Allalianam
2632 3097 3053 3166 disputationem
3093 3099 3309 3154 refellit.

610 3196 762 3247 initio
799 3195 1023 3248 mutilus
1057 3201 1163 3251 est.
1203 3195 1352 3264 Opus
1385 3196 1603 3264 elegans
1660 3212 1760 3251 nec
1803 3207 2162 3253 contemnen-

608 3283 1057 3353 ιΙιιιιι,,‹ιιιίιΙ‹ιιιί‹]
1095 3284 1240 3339 dicat
1267 3285 1520 3343 Allatius.

630 3417 635 3421 .
675 3375 1070 3442 Κιφαλαιὼδης
1101 3375 1391 3445 ἀπόκρισις
1421 3379 1557 3448 πρὸς
1587 3379 1711 3442 τοὺς
1741 3380 1889 3450 παρὰ
1921 3381 2166 3435 Λατίνων

619 3465 943 3534 εἰρημένους
976 3465 1166 3533 λόγους
1202 3468 1452 3537 περὶτοῦ
1506 3468 1669 3521 αὐτοῦ
1735 3470 2165 3539 Πουργατορίου,

610 3558 915 3610 Santmariu
957 3559 1226 3625 responsio
1274 3559 1342 3610 ad
1371 3557 1687 3626 objectiones
1730 3556 2040 3612 Latinorum
2069 3561 2170 3612 cir-

609 3667 666 3701 ca
703 3647 838 3701 idem
875 3649 1265 3718 purgatorium.
1292 3649 1432 3704 ibid.
1468 3649 1715 3715 initium,
1750 3651 1971 3721 Ἐπειδὴ
2001 3651 2170 3720 σαφέ-

611 3756 799 3807 στερον
830 3739 976 3808 ἡμᾶς
1006 3740 1290 3792 ἀπαιτεῖτε
1303 3775 1318 3792 .

683 3830 938 3899 Ejusdem
973 3829 1043 3883 ad
1075 3825 1336 3882 Joannem
1377 3829 1885 3888 Thessalonicensem
1947 3834 2011 3887 de
2047 3850 2172 3902 pun-

611 3922 817 3991 gatorio
853 3915 1142 3988 Epistolis;
1171 3917 1224 3972 iu
1251 3929 1443 3976 nostro
1474 3923 1598 3978 cod.
1658 3922 1872 3992 incipit,
1902 3924 2172 3994 Δύτοσχιο

610 4012 780 4074 διάξω
811 4026 914 4067 σοι.

686 4101 934 4171 Ejusdem
965 4098 1242 4171 Σύντομον
1274 4102 1416 4154 κατὰ
1445 4101 1542 4170 τῆς
1575 4099 1733 4171 δόξης
1762 4102 1870 4154 τῶν
1900 4101 2169 4171 Λατίνων,

614 4191 776 4248 Breve
824 4193 1101 4262 scriptum
1130 4201 1320 4247 contra
1375 4190 1687 4248 Latinorum
1735 4194 2062 4263 opinionem,
2115 4197 2168 4252 in

613 4284 734 4339 eod.
771 4283 903 4340 cod.
929 4283 1062 4355 Reg.

685 4376 758 4430 De
785 4377 1119 4446 processione
1150 4374 1394 4445 Spiritus
1422 4377 1590 4430 sancti
1620 4386 1804 4430 contra
1834 4368 2064 4431 Latinos
2086 4387 2168 4432 to-

2335 3188 2605 3243 Sccundus
2638 3199 2806 3242 tomus
2853 3192 3103 3244 adversus
3140 3189 3358 3244 Latinos
3383 3191 3448 3245 de
3479 3170 3674 3261 Spiritu
3699 3207 3810 3242 smi-

2265 3291 2348 3335 clo
2377 3280 2475 3350 (i),
2510 3297 2616 3334 non
2639 3284 2825 3335 eodem
2895 3292 3139 3352 tempore
3202 3287 3468 3354 scriptus,
3515 3285 3606 3339 sed
3661 3284 3805 3350 paulo

2266 3373 2461 3436 serius,
2496 3372 2812 3441 missusque
2835 3371 2902 3426 ad
2954 3371 3571 3428 .inaunemConmenum
3598 3374 3806 3441 impera-

2270 3471 2440 3518 torem
2476 3464 2962 3534 Trapezuutinum,
2989 3467 3077 3520 cui
3115 3476 3306 3520 auctor
3366 3466 3496 3522 illud
3526 3466 3806 3535 inscripsit,

2273 3557 2480 3624 adjecta
2532 3558 2784 3627 epistola,
2820 3572 2926 3626 qua
2954 3568 3107 3626 rogat
3160 3567 3216 3612 ut
3251 3559 3449 3613 librum
3503 3574 3612 3615 non
3668 3559 3805 3629 prius

2272 3649 2394 3703 aliis
2428 3650 2814 3712 communicet,
2844 3664 3004 3718 quam
3056 3658 3148 3702 aut
3217 3666 3273 3704 se
3307 3650 3541 3716 obiisse,
3573 3651 3663 3705 'aut
3703 3649 3810 3703 aliis

2270 3742 2704 3796 connnunicasse
2748 3743 3095 3810 compererit.
3157 3742 3346 3796 Exstat
3396 3744 3448 3796 in
3501 3747 3624 3798 cod.
3686 3741 3803 3810 Reg.

2271 3831 2430 3885 2957.
2468 3829 2720 3900 Scriptus
2750 3846 2911 3886 manu
2934 3829 3195 3902 Syltestri
3244 3835 3495 3903 Syropuli
3533 3835 3734 3888 diaconi
3761 3846 3809 3886 et

2273 3922 2451 3991 magni
2488 3923 2897 3988 ecclesiarcha,
2933 3926 3057 3978 vivo
3108 3923 3414 3990 Gennadio,
3446 3942 3639 3995 nempe
3679 3940 3807 3980 anno

2233 4059 2236 4064 .
2275 4008 2445 4072 6956.
2467 4019 2527 4065 ut
2557 4026 2724 4079 supra
2757 4011 3019 4080 diximus,
3048 4025 3102 4070 et
3121 4017 3246 4073 cod.
3283 4015 3446 4071 2963.

2346 4097 2599 4170 Ejusdem
2624 4099 2881 4173 Dialogus
2908 4104 3171 4172 prolixior
3203 4107 3468 4162 adversus
3498 4107 3712 4161 Latinos
3738 4104 3800 4160 de

2277 4194 2627 4261 processione
2659 4193 2903 4262 Spiritus
2930 4199 3128 4262 sancti,
3166 4195 3218 4250 in
3255 4212 3362 4265 quo
3383 4197 3680 4266 przesertim
3707 4197 3807 4264 agit

2275 4285 2342 4338 de
2375 4286 2734 4340 recentiorum
2767 4285 2909 4340 inter
2927 4285 3150 4342 Latinos
3181 4290 3490 4352 doctorum,
3528 4289 3804 4358 pra-serum

2276 4372 2497 4429 Tnotnas
2527 4384 2578 4428 et
2602 4372 2771 4438 Scoti,
2819 4375 2886 4429 de
2945 4378 3295 4445 processione
3361 4377 3596 4448 Spiritus
3651 4375 3805 4430 sancti

612 4471 684 4523 mi
714 4468 839 4523 duo.
877 4465 1094 4522 Primus
1120 4467 1362 4537 scriptus
1398 4475 1480 4522 est
1527 4477 1654 4522 ante
1687 4477 1899 4538 captam
1973 4469 2163 4523 urbem
2201 4458 2245 4514 D
2274 4465 2546 4519 dot-trina.
2603 4463 2809 4534 Dialogi
2872 4481 3141 4536 persona,
3210 4467 3492 4536 Olbianus,
3544 4467 3803 4536 Eulogius,

617 4572 736 4628 post
800 4560 1202 4630 disputationes
1266 4576 1388 4614 cum
1453 4559 1630 4629 legato
1697 4577 1849 4632 papa:
1907 4564 2168 4631 episcopo

614 4653 960 4717 Cortonensi,
986 4660 1040 4706 et
1080 4652 1202 4707 aliis
1231 4649 1441 4707 Latinis
1508 4654 1716 4706 habitas
1742 4668 1924 4706 coram
1963 4652 2173 4708 Joanne

618 4746 964 4812 imperatore.
992 4741 1174 4796 Exstat
1203 4744 1246 4797 is
1271 4743 1406 4797 liber
1433 4743 1484 4796 in
1548 4743 1869 4797 bibliotheca
1903 4744 2090 4813 Regia,
2118 4751 2175 4797 η’

615 4834 776 4900 2956,
804 4835 1168 4904 pertinuitque
1202 4837 1267 4889 ad
1303 4836 1598 4889 Antonium
1653 4835 1944 4904 quendam
2003 4839 2172 4906 Pyro-

619 4926 798 4994 pnlum
829 4927 1121 4991 medicum,
1156 4939 1369 4981 mortuo
1398 4927 1507 4995 jam
1552 4925 1858 4993 Gennadio,
1889 4937 1944 4979 ut
1974 4937 2175 4982 testan-

619 5028 710 5071 tur
737 5017 902 5071 iambi
924 5017 1112 5071 Joanis
1139 5019 1422 5088 cujusdam
1441 5018 1720 5071 Dotlteiani
1743 5018 1808 5070 ad
1835 5018 1993 5071 linem
2023 5019 2171 5074 libri.

626 5107 803 5176 iiujus
833 5107 1017 5177 operis
1045 5088 1333 5162 initiolnec
1359 5117 1550 5163 auctor
1599 5125 1761 5163 manu
1818 5113 2036 5179 propria
2094 5111 2174 5164 itt-

540 5225 548 5231 -
624 5201 960 5268 scripserat:
987 5198 1262 5269 Γεωργίου
1293 5199 1381 5252 τοῦ
1404 5199 1719 5271 Σχοὶαρίου.
1739 5202 2004 5272 Συνετὲοη
2039 5204 2178 5271 μετὰ

621 5291 885 5356 διαλέξεις
917 5290 1076 5342 πέντε
1113 5291 1208 5341 καὶ
1238 5289 1368 5342 δέκα
1396 5293 1692 5360 γενομένας
1731 5295 1789 5346 ὲν
1819 5292 1895 5362 τῷ
1927 5293 2175 5364 παλατῐῳ

626 5381 766 5449 μετὰ
799 5378 892 5433 τοῦ
926 5378 1214 5432 παππικοῦ
1247 5379 1537 5449 πρέσϐεως
1572 5381 1667 5434 καὶ
1697 5384 1999 5436 ἐπισκόπου
2035 5386 2177 5457 Κορ-

622 5471 818 5540 τώνης,
837 5471 928 5524 καὶ
957 5469 1278 5523 διδασκάλου
1305 5469 1398 5540 τῆς
1422 5472 1572 5542 παρὰ
1600 5473 1848 5536 Λατίνοις
1874 5474 2174 5542 θεολογίας,

2273 4553 2617 4613 Benedictus.
2646 4555 2795 4620 init.,
2826 4557 2988 4621 Ἀλλὰ
3026 4560 3213 4628 καιρός
3243 4561 3389 4613 ἐστιν
3409 4560 3807 4627 ἐπισκέψασθαι,

2272 4641 2317 4700 ὦ
2347 4647 2591 4715 Εὑλόγιε,
2616 4650 2666 4700 εί
2702 4647 2902 4716 βούλει,
2937 4650 3004 4702 τὰ
3039 4651 3285 4704 Λατίνων
3329 4652 3659 4715 διδασκάλοις
3708 4653 3808 4711 τοῖς

2275 4740 2557 4810 νεωτέροις
2594 4741 2723 4810 περὶ
2750 4740 2845 4810 τῆς
2881 4741 2972 4793 τοῦ
3013 4743 3168 4808 ἁγίου
3203 4745 3519 4813 Πνεῦματος
3566 4744 3809 4813 intepet)-

2277 4849 2410 4895 σεως
2441 4833 2761 4903 ἠπορημένα
2790 4835 2901 4896 τοῖς
2968 4851 3026 4886 τε
3059 4827 3241 4898 ἄλλοις
3274 4837 3367 4890 καὶ
3394 4837 3472 4907 τῷ
3517 4838 3681 4907 Θωμᾷ
3726 4838 3812 4887 καὶ

2275 4923 2350 4988 τῷ
2375 4924 2580 4991 Σκότῳ.
2600 4923 2790 4979 Exstat
2823 4925 2943 4979 cod.
2985 4923 3113 4994 Reg.
3140 4926 3265 4980 eod.
3306 4927 3463 4982 2965.

2347 5015 2580 5083 Legatus
2596 5017 2720 5069 huic
2734 5016 2798 5068 de
2815 5015 3016 5084 Spiritu
3037 5028 3226 5070 saneto
3244 5016 3517 5087 Dialogus,
3539 5019 3590 5072 in
3613 5018 3806 5072 eodem.

2327 5103 2602 5178 Ejusdem
2633 5102 3201 5177 Gennadii'bpismla,
3261 5110 3350 5177 Τῷ
3399 5113 3701 5180 τιμιωτάτῳ
3755 5109 3808 5158 ὲν

2282 5202 2535 5269 μοναχοῖς
2575 5198 2749 5268 κυρίῳ
2765 5199 3014 5268 Μαξίμῳ
3042 5199 3118 5268 τῷ
3149 5199 3289 5251 κατὰ
3320 5200 3525 5268 κόσμον
3563 5197 3806 5268 Σοφιανῷ,

2281 5292 2374 5344 καὶ
2406 5293 2536 5343 πᾶσι
2562 5292 3125 5361 τοίς-ὲνασκονμένοις
3154 5294 3216 5359 τῇ
3267 5292 3397 5360 ἁγία
3425 5297 3558 5362 μονῇ
3579 5293 3664 5344 τοῦ
3695 5289 3812 5340 Σινᾶ

2282 5384 2590 5445 ὀσιωτάτοις
2622 5383 2995 5450 ίερομονάχοις
3021 5383 3116 5433 καὶ
3143 5385 3419 5451 μοναλοϊς,
3490 5380 3811 5437 Venerabilis-

2282 5477 2412 5530 simo
2445 5477 2577 5528 inter
2620 5474 2896 5528 monac/tos
2930 5474 3139 5527 domino
3163 5474 3417 5542 Maximo,
3464 5478 3553 5548 qui
3578 5491 3681 5530 cunt
3723 5489 3812 5526 sa:-

693 5650 764 5712 (ι)
806 5648 994 5728 Exstat
1021 5645 1074 5728 in
1113 5649 1434 5706 bibliotheca
1483 5649 1770 5707 Viennensi
1803 5669 1858 5707 n.
1889 5653 2168 5719 277,tcste
2210 5654 2495 5710 Lambeeio
2529 5656 2564 5709 l.
2592 5643 2942 5725 r,pag.'225,
2969 5658 3057 5728 qui
3082 5659 3238 5714 alteri
3294 5656 3574 5715 Seltolario
3620 5654 3814 5719 tribuit,

622 5733 844 5778 secutus
883 5721 1160 5774 Atiatiutu.
