  <div class='ocr_page' id='page_1' title='image "/cluster/home/n/w/nwhite01/storage/ocr_20150623/160/pst.000005714803/170.png"; bbox 0 0 3962 6328; ppageno 0'>
   <div class='ocr_carea' id='block_1_1' title="bbox 165 289 272 344">
    <p class='ocr_par' dir='ltr' id='par_1_1' title="bbox 165 289 272 344">
     <span class='ocr_line' id='line_1_1' title="bbox 165 289 272 344; baseline 0 0"><span class='ocrx_word' id='word_1_1' title='bbox 165 289 272 344; x_wconf 78' lang='lat' dir='ltr'><strong>3Ua</strong></span> 
     </span>
    </p>
   </div>
   <div class='ocr_carea' id='block_1_2' title="bbox 1638 303 1973 365">
    <p class='ocr_par' dir='ltr' id='par_1_2' title="bbox 1638 303 1973 365">
     <span class='ocr_line' id='line_1_2' title="bbox 1638 303 1973 365; baseline 0.009 -4"><span class='ocrx_word' id='word_1_2' title='bbox 1638 303 1973 365; x_wconf 70' lang='lat' dir='ltr'><strong>SCRIPTA.</strong></span> 
     </span>
    </p>
   </div>
   <div class='ocr_carea' id='block_1_3' title="bbox 3289 299 3396 365">
    <p class='ocr_par' dir='ltr' id='par_1_3' title="bbox 3289 299 3396 365">
     <span class='ocr_line' id='line_1_3' title="bbox 3289 299 3396 365; baseline -0.037 0"><span class='ocrx_word' id='word_1_3' title='bbox 3289 299 3396 365; x_wconf 79' lang='lat'><strong>306</strong></span> 
     </span>
    </p>
   </div>
   <div class='ocr_carea' id='block_1_4' title="bbox 163 397 3401 488">
    <p class='ocr_par' dir='ltr' id='par_1_4' title="bbox 163 397 3401 488">
     <span class='ocr_line' id='line_1_4' title="bbox 163 397 3401 488; baseline 0.009 -41"><span class='ocrx_word' id='word_1_4' title='bbox 163 397 355 451; x_wconf 83' lang='lat' dir='ltr'><strong>cnluris</strong></span> <span class='ocrx_word' id='word_1_5' title='bbox 382 412 538 465; x_wconf 81' lang='lat' dir='ltr'><strong>esset,</strong></span> <span class='ocrx_word' id='word_1_6' title='bbox 569 401 867 468; x_wconf 67' lang='lat' dir='ltr'><strong>Sep/linum</strong></span> <span class='ocrx_word' id='word_1_7' title='bbox 903 408 1205 473; x_wconf 72' lang='lat' dir='ltr'><strong>vocabatur,</strong></span> <span class='ocrx_word' id='word_1_8' title='bbox 1234 420 1282 462; x_wconf 83' lang='lat' dir='ltr'><strong>et</strong></span> <span class='ocrx_word' id='word_1_9' title='bbox 1312 413 1548 465; x_wconf 83' lang='lat' dir='ltr'><strong>omnibus</strong></span> <span class='ocrx_word' id='word_1_10' title='bbox 1581 415 1738 466; x_wconf 76' lang='lat' dir='ltr'><strong>ritum</strong></span> <span class='ocrx_word' id='word_1_11' title='bbox 1768 422 1814 479; x_wconf 77' lang='grc' dir='ltr'>Α</span> <span class='ocrx_word' id='word_1_12' title='bbox 1847 417 1968 472; x_wconf 81' lang='lat' dir='ltr'><strong>felix</strong></span> <span class='ocrx_word' id='word_1_13' title='bbox 1995 418 2046 469; x_wconf 90' lang='lat' dir='ltr'><strong>in</strong></span> <span class='ocrx_word' id='word_1_14' title='bbox 2081 416 2435 485; x_wconf 79' lang='lat' dir='ltr'><strong>conjectandn</strong></span> <span class='ocrx_word' id='word_1_15' title='bbox 2463 417 2780 473; x_wconf 72' lang='lat' dir='ltr'><strong>Lambecius</strong></span> <span class='ocrx_word' id='word_1_16' title='bbox 2819 419 2939 482; x_wconf 75' lang='lat' dir='ltr'><strong>fuit,</strong></span> <span class='ocrx_word' id='word_1_17' title='bbox 2965 418 3108 488; x_wconf 77' lang='grc' dir='ltr'><strong>(μιοά</strong></span> <span class='ocrx_word' id='word_1_18' title='bbox 3152 417 3401 488; x_wconf 63' lang='lat' dir='ltr'><strong>sequenti</strong></span> 
     </span>
    </p>
   </div>
   <div class='ocr_carea' id='block_1_5' title="bbox 165 495 1733 563">
    <p class='ocr_par' dir='ltr' id='par_1_5' title="bbox 165 495 1733 563">
     <span class='ocr_line' id='line_1_5' title="bbox 165 495 1733 563; baseline 0.015 -23"><span class='ocrx_word' id='word_1_19' title='bbox 165 495 513 546; x_wconf 69' lang='lat' dir='ltr'><strong>monasticam</strong></span> <span class='ocrx_word' id='word_1_20' title='bbox 554 500 915 552; x_wconf 76' lang='lat' dir='ltr'><strong>exercentibus</strong></span> <span class='ocrx_word' id='word_1_21' title='bbox 940 503 992 553; x_wconf 86' lang='lat' dir='ltr'><strong>in</strong></span> <span class='ocrx_word' id='word_1_22' title='bbox 1029 514 1215 557; x_wconf 84' lang='lat' dir='ltr'><strong>sancto</strong></span> <span class='ocrx_word' id='word_1_23' title='bbox 1249 510 1567 562; x_wconf 82' lang='lat' dir='ltr'><strong>monasterio</strong></span> <span class='ocrx_word' id='word_1_24' title='bbox 1603 509 1733 563; x_wconf 86' lang='lat' dir='ltr'><strong>Sina</strong></span> 
     </span>
    </p>
   </div>
   <div class='ocr_carea' id='block_1_6' title="bbox 163 588 1732 672">
    <p class='ocr_par' dir='ltr' id='par_1_6' title="bbox 163 588 1732 672">
     <span class='ocr_line' id='line_1_6' title="bbox 163 588 1732 672; baseline 0.013 -36"><span class='ocrx_word' id='word_1_25' title='bbox 163 588 511 668; x_wconf 77' lang='lat' dir='ltr'><strong>sanctissimis</strong></span> <span class='ocrx_word' id='word_1_26' title='bbox 540 591 927 659; x_wconf 71' lang='lat' dir='ltr'><strong>sacerdotibus,</strong></span> <span class='ocrx_word' id='word_1_27' title='bbox 953 605 1009 648; x_wconf 85' lang='lat' dir='ltr'><strong>et‘</strong></span> <span class='ocrx_word' id='word_1_28' title='bbox 1028 597 1150 650; x_wconf 82' lang='lat' dir='ltr'><strong>aliis</strong></span> <span class='ocrx_word' id='word_1_29' title='bbox 1199 601 1486 654; x_wconf 75' lang='lat' dir='ltr'><strong>monac/iis.</strong></span> <span class='ocrx_word' id='word_1_30' title='bbox 1518 601 1732 672; x_wconf 85' lang='lat' dir='ltr'><strong>incipit,</strong></span> 
     </span>
    </p>
   </div>
   <div class='ocr_carea' id='block_1_7' title="bbox 165 671 1736 755">
    <p class='ocr_par' dir='ltr' id='par_1_7' title="bbox 165 671 1736 755">
     <span class='ocr_line' id='line_1_7' title="bbox 165 671 1736 755; baseline 0.014 -34"><span class='ocrx_word' id='word_1_31' title='bbox 165 671 226 721; x_wconf 81' lang='lat' dir='ltr'><strong>Al</strong></span> <span class='ocrx_word' id='word_1_32' title='bbox 256 677 465 742; x_wconf 69' lang='grc' dir='ltr'>γραφαὶ</span> <span class='ocrx_word' id='word_1_33' title='bbox 493 677 592 746; x_wconf 82' lang='grc' dir='ltr'><strong>τῆς</strong></span> <span class='ocrx_word' id='word_1_34' title='bbox 623 678 723 746; x_wconf 78' lang='grc' dir='ltr'><strong>σῆς</strong></span> <span class='ocrx_word' id='word_1_35' title='bbox 752 681 1059 746; x_wconf 70' lang='grc' dir='ltr'><strong>εὐλαϐείας.</strong></span> <span class='ocrx_word' id='word_1_36' title='bbox 1098 686 1292 755; x_wconf 82' lang='lat' dir='ltr'><strong>Agitur</strong></span> <span class='ocrx_word' id='word_1_37' title='bbox 1317 689 1369 742; x_wconf 89' lang='lat' dir='ltr'><strong>in</strong></span> <span class='ocrx_word' id='word_1_38' title='bbox 1431 705 1494 743; x_wconf 85' lang='lat' dir='ltr'><strong>ca</strong></span> <span class='ocrx_word' id='word_1_39' title='bbox 1529 690 1596 743; x_wconf 85' lang='lat' dir='ltr'><strong>de</strong></span> <span class='ocrx_word' id='word_1_40' title='bbox 1638 671 1736 745; x_wconf 54' lang='lat' dir='ltr'><strong>ra-</strong></span> 
     </span>
    </p>
   </div>
   <div class='ocr_carea' id='block_1_8' title="bbox 165 763 1737 850">
    <p class='ocr_par' dir='ltr' id='par_1_8' title="bbox 165 763 1737 850">
     <span class='ocr_line' id='line_1_8' title="bbox 165 763 1737 850; baseline 0.015 -37"><span class='ocrx_word' id='word_1_41' title='bbox 165 763 588 835; x_wconf 82' lang='lat' dir='ltr'><strong>riisdisciplinae</strong></span> <span class='ocrx_word' id='word_1_42' title='bbox 653 772 944 837; x_wconf 69' lang='lat' dir='ltr'><strong>capitibus,</strong></span> <span class='ocrx_word' id='word_1_43' title='bbox 1011 779 1302 834; x_wconf 84' lang='lat' dir='ltr'><strong>occasione</strong></span> <span class='ocrx_word' id='word_1_44' title='bbox 1370 796 1558 835; x_wconf 86' lang='lat' dir='ltr'><strong>eorum</strong></span> <span class='ocrx_word' id='word_1_45' title='bbox 1616 797 1737 850; x_wconf 65' lang='lat' dir='ltr'><strong>quae</strong></span> 
     </span>
    </p>
   </div>
   <div class='ocr_carea' id='block_1_9' title="bbox 166 860 1734 941">
    <p class='ocr_par' dir='ltr' id='par_1_9' title="bbox 166 860 1734 941">
     <span class='ocr_line' id='line_1_9' title="bbox 166 860 1734 941; baseline 0.015 -34"><span class='ocrx_word' id='word_1_46' title='bbox 166 870 272 908; x_wconf 91' lang='lat' dir='ltr'><strong>non</strong></span> <span class='ocrx_word' id='word_1_47' title='bbox 299 867 448 912; x_wconf 88' lang='lat' dir='ltr'><strong>recte</strong></span> <span class='ocrx_word' id='word_1_48' title='bbox 476 860 589 915; x_wconf 90' lang='lat' dir='ltr'><strong>illic</strong></span> <span class='ocrx_word' id='word_1_49' title='bbox 613 877 671 915; x_wconf 90' lang='lat' dir='ltr'><strong>se</strong></span> <span class='ocrx_word' id='word_1_50' title='bbox 702 861 902 919; x_wconf 89' lang='lat' dir='ltr'><strong>habere</strong></span> <span class='ocrx_word' id='word_1_51' title='bbox 933 865 1076 922; x_wconf 88' lang='lat' dir='ltr'><strong>circa</strong></span> <span class='ocrx_word' id='word_1_52' title='bbox 1109 885 1202 925; x_wconf 89' lang='lat' dir='ltr'><strong>eos</strong></span> <span class='ocrx_word' id='word_1_53' title='bbox 1228 871 1322 941; x_wconf 88' lang='lat' dir='ltr'><strong>qui</strong></span> <span class='ocrx_word' id='word_1_54' title='bbox 1348 871 1413 925; x_wconf 82' lang='lat' dir='ltr'><strong>ad</strong></span> <span class='ocrx_word' id='word_1_55' title='bbox 1460 874 1734 930; x_wconf 81' lang='lat' dir='ltr'><strong>visitanda</strong></span> 
     </span>
    </p>
   </div>
   <div class='ocr_carea' id='block_1_10' title="bbox 165 946 1735 1028">
    <p class='ocr_par' dir='ltr' id='par_1_10' title="bbox 165 946 1735 1028">
     <span class='ocr_line' id='line_1_10' title="bbox 165 946 1735 1028; baseline 0.015 -29"><span class='ocrx_word' id='word_1_56' title='bbox 165 946 280 999; x_wconf 87' lang='lat' dir='ltr'><strong>loca</strong></span> <span class='ocrx_word' id='word_1_57' title='bbox 342 964 499 1003; x_wconf 84' lang='lat' dir='ltr'><strong>sacra</strong></span> <span class='ocrx_word' id='word_1_58' title='bbox 532 952 731 1008; x_wconf 90' lang='lat' dir='ltr'><strong>montis</strong></span> <span class='ocrx_word' id='word_1_59' title='bbox 782 955 929 1010; x_wconf 89' lang='lat' dir='ltr'><strong>Sinai</strong></span> <span class='ocrx_word' id='word_1_60' title='bbox 985 959 1407 1028; x_wconf 86' lang='lat' dir='ltr'><strong>continebant,a</strong></span> <span class='ocrx_word' id='word_1_61' title='bbox 1450 963 1735 1021; x_wconf 82' lang='lat' dir='ltr'><strong>Joachimo</strong></span> 
     </span>
    </p>
   </div>
   <div class='ocr_carea' id='block_1_11' title="bbox 166 1039 1730 1129">
    <p class='ocr_par' dir='ltr' id='par_1_11' title="bbox 166 1039 1730 1129">
     <span class='ocr_line' id='line_1_11' title="bbox 166 1039 1730 1129; baseline 0.012 -36"><span class='ocrx_word' id='word_1_62' title='bbox 166 1049 215 1093; x_wconf 87' lang='lat' dir='ltr'><strong>et</strong></span> <span class='ocrx_word' id='word_1_63' title='bbox 233 1039 500 1111; x_wconf 76' lang='lat' dir='ltr'><strong>Gregorio</strong></span> <span class='ocrx_word' id='word_1_64' title='bbox 524 1047 808 1103; x_wconf 76' lang='lat' dir='ltr'><strong>monachis</strong></span> <span class='ocrx_word' id='word_1_65' title='bbox 834 1048 1123 1109; x_wconf 88' lang='lat' dir='ltr'><strong>didicerat.</strong></span> <span class='ocrx_word' id='word_1_66' title='bbox 1163 1052 1236 1108; x_wconf 90' lang='lat' dir='ltr'><strong>De</strong></span> <span class='ocrx_word' id='word_1_67' title='bbox 1264 1056 1526 1127; x_wconf 79' lang='lat' dir='ltr'><strong>episcopo</strong></span> <span class='ocrx_word' id='word_1_68' title='bbox 1553 1059 1730 1129; x_wconf 84' lang='lat' dir='ltr'><strong>digni-</strong></span> 
     </span>
    </p>
   </div>
   <div class='ocr_carea' id='block_1_12' title="bbox 168 1133 1733 1216">
    <p class='ocr_par' dir='ltr' id='par_1_12' title="bbox 168 1133 1733 1216">
     <span class='ocr_line' id='line_1_12' title="bbox 168 1133 1733 1216; baseline 0.015 -35"><span class='ocrx_word' id='word_1_69' title='bbox 168 1138 326 1182; x_wconf 82' lang='lat' dir='ltr'><strong>tatem</strong></span> <span class='ocrx_word' id='word_1_70' title='bbox 354 1133 664 1198; x_wconf 82' lang='lat' dir='ltr'><strong>abdicante,</strong></span> <span class='ocrx_word' id='word_1_71' title='bbox 723 1143 866 1206; x_wconf 86' lang='lat' dir='ltr'><strong>quod</strong></span> <span class='ocrx_word' id='word_1_72' title='bbox 897 1142 1106 1210; x_wconf 89' lang='lat' dir='ltr'><strong>absque</strong></span> <span class='ocrx_word' id='word_1_73' title='bbox 1139 1146 1462 1216; x_wconf 68' lang='lat' dir='ltr'><strong>patriarchae</strong></span> <span class='ocrx_word' id='word_1_74' title='bbox 1511 1150 1733 1205; x_wconf 86' lang='lat' dir='ltr'><strong>licentia</strong></span> 
     </span>
    </p>
   </div>
   <div class='ocr_carea' id='block_1_13' title="bbox 168 1228 1737 1304">
    <p class='ocr_par' dir='ltr' id='par_1_13' title="bbox 168 1228 1737 1304">
     <span class='ocr_line' id='line_1_13' title="bbox 168 1228 1737 1304; baseline 0.016 -30"><span class='ocrx_word' id='word_1_75' title='bbox 168 1234 318 1294; x_wconf 73' lang='lat' dir='ltr'><strong>negat</strong></span> <span class='ocrx_word' id='word_1_76' title='bbox 356 1240 516 1293; x_wconf 84' lang='lat' dir='ltr'><strong>posse</strong></span> <span class='ocrx_word' id='word_1_77' title='bbox 574 1228 688 1282; x_wconf 78' lang='lat' dir='ltr'><strong>fieri</strong></span> <span class='ocrx_word' id='word_1_78' title='bbox 725 1247 738 1284; x_wconf 90' lang='lat'><strong>:</strong></span> <span class='ocrx_word' id='word_1_79' title='bbox 776 1248 842 1285; x_wconf 85' lang='lat' dir='ltr'><strong>an</strong></span> <span class='ocrx_word' id='word_1_80' title='bbox 904 1234 1114 1304; x_wconf 77' lang='lat' dir='ltr'><strong>absque</strong></span> <span class='ocrx_word' id='word_1_81' title='bbox 1170 1237 1402 1293; x_wconf 82' lang='lat' dir='ltr'><strong>diacono</strong></span> <span class='ocrx_word' id='word_1_82' title='bbox 1459 1243 1737 1299; x_wconf 83' lang='lat' dir='ltr'><strong>celebrare</strong></span> 
     </span>
    </p>
   </div>
   <div class='ocr_carea' id='block_1_14' title="bbox 165 1316 1732 1399">
    <p class='ocr_par' dir='ltr' id='par_1_14' title="bbox 165 1316 1732 1399">
     <span class='ocr_line' id='line_1_14' title="bbox 165 1316 1732 1399; baseline 0.014 -32"><span class='ocrx_word' id='word_1_83' title='bbox 165 1316 457 1387; x_wconf 82' lang='lat' dir='ltr'><strong>cpiscopus</strong></span> <span class='ocrx_word' id='word_1_84' title='bbox 492 1323 684 1396; x_wconf 80' lang='lat' dir='ltr'><strong>possit,</strong></span> <span class='ocrx_word' id='word_1_85' title='bbox 720 1326 864 1392; x_wconf 89' lang='lat' dir='ltr'><strong>quod</strong></span> <span class='ocrx_word' id='word_1_86' title='bbox 904 1327 1064 1383; x_wconf 83' lang='lat' dir='ltr'><strong>licere</strong></span> <span class='ocrx_word' id='word_1_87' title='bbox 1118 1330 1299 1394; x_wconf 75' lang='lat' dir='ltr'><strong>ait,in</strong></span> <span class='ocrx_word' id='word_1_88' title='bbox 1353 1333 1575 1399; x_wconf 85' lang='lat' dir='ltr'><strong>sacello,</strong></span> <span class='ocrx_word' id='word_1_89' title='bbox 1637 1350 1732 1389; x_wconf 83' lang='lat' dir='ltr'><strong>seu</strong></span> 
     </span>
    </p>
   </div>
   <div class='ocr_carea' id='block_1_15' title="bbox 170 1410 1735 1492">
    <p class='ocr_par' dir='ltr' id='par_1_15' title="bbox 170 1410 1735 1492">
     <span class='ocr_line' id='line_1_15' title="bbox 170 1410 1735 1492; baseline 0.015 -33"><span class='ocrx_word' id='word_1_90' title='bbox 170 1410 584 1483; x_wconf 81' lang='grc' dir='ltr'><strong>παρεκκλησίῳ,</strong></span> <span class='ocrx_word' id='word_1_91' title='bbox 618 1422 671 1469; x_wconf 91' lang='lat' dir='ltr'><strong>et</strong></span> <span class='ocrx_word' id='word_1_92' title='bbox 709 1415 916 1489; x_wconf 76' lang='lat' dir='ltr'><strong>factum</strong></span> <span class='ocrx_word' id='word_1_93' title='bbox 947 1420 1014 1474; x_wconf 91' lang='lat' dir='ltr'><strong>ab</strong></span> <span class='ocrx_word' id='word_1_94' title='bbox 1043 1421 1340 1492; x_wconf 82' lang='lat' dir='ltr'><strong>Euthymio</strong></span> <span class='ocrx_word' id='word_1_95' title='bbox 1368 1433 1423 1479; x_wconf 90' lang='lat' dir='ltr'><strong>et</strong></span> <span class='ocrx_word' id='word_1_96' title='bbox 1479 1425 1735 1481; x_wconf 78' lang='lat' dir='ltr'><strong>Mattlnco</strong></span> 
     </span>
    </p>
   </div>
   <div class='ocr_carea' id='block_1_16' title="bbox 173 1501 1736 1589">
    <p class='ocr_par' dir='ltr' id='par_1_16' title="bbox 173 1501 1736 1589">
     <span class='ocr_line' id='line_1_16' title="bbox 173 1501 1736 1589; baseline 0.017 -41"><span class='ocrx_word' id='word_1_97' title='bbox 173 1501 524 1568; x_wconf 80' lang='lat' dir='ltr'><strong>patriarchis,</strong></span> <span class='ocrx_word' id='word_1_98' title='bbox 559 1520 668 1559; x_wconf 91' lang='lat' dir='ltr'><strong>non</strong></span> <span class='ocrx_word' id='word_1_99' title='bbox 709 1508 925 1575; x_wconf 80' lang='lat' dir='ltr'><strong>publice</strong></span> <span class='ocrx_word' id='word_1_100' title='bbox 963 1511 1016 1566; x_wconf 91' lang='lat' dir='ltr'><strong>in</strong></span> <span class='ocrx_word' id='word_1_101' title='bbox 1051 1513 1284 1570; x_wconf 88' lang='lat' dir='ltr'><strong>ecclesia</strong></span> <span class='ocrx_word' id='word_1_102' title='bbox 1311 1532 1326 1571; x_wconf 88' lang='lat'><strong>:</strong></span> <span class='ocrx_word' id='word_1_103' title='bbox 1358 1515 1426 1571; x_wconf 88' lang='lat' dir='ltr'><strong>de</strong></span> <span class='ocrx_word' id='word_1_104' title='bbox 1475 1519 1736 1589; x_wconf 91' lang='lat' dir='ltr'><strong>episcopo</strong></span> 
     </span>
    </p>
   </div>
   <div class='ocr_carea' id='block_1_17' title="bbox 169 1594 1736 1679">
    <p class='ocr_par' dir='ltr' id='par_1_17' title="bbox 169 1594 1736 1679">
     <span class='ocr_line' id='line_1_17' title="bbox 169 1594 1736 1679; baseline 0.015 -33"><span class='ocrx_word' id='word_1_105' title='bbox 169 1594 399 1663; x_wconf 69' lang='lat' dir='ltr'><strong>Bosnic,</strong></span> <span class='ocrx_word' id='word_1_106' title='bbox 437 1599 530 1668; x_wconf 87' lang='lat' dir='ltr'><strong>qui</strong></span> <span class='ocrx_word' id='word_1_107' title='bbox 568 1598 768 1656; x_wconf 86' lang='lat' dir='ltr'><strong>multos</strong></span> <span class='ocrx_word' id='word_1_108' title='bbox 800 1617 864 1656; x_wconf 82' lang='lat' dir='ltr'><strong>ex</strong></span> <span class='ocrx_word' id='word_1_109' title='bbox 893 1602 1100 1662; x_wconf 73' lang='lat' dir='ltr'><strong>Latinae</strong></span> <span class='ocrx_word' id='word_1_110' title='bbox 1119 1607 1399 1679; x_wconf 71' lang='lat' dir='ltr'><strong>religionis</strong></span> <span class='ocrx_word' id='word_1_111' title='bbox 1423 1609 1736 1670; x_wconf 90' lang='lat' dir='ltr'><strong>hominibus</strong></span> 
     </span>
    </p>
   </div>
   <div class='ocr_carea' id='block_1_18' title="bbox 169 1687 1737 1771">
    <p class='ocr_par' dir='ltr' id='par_1_18' title="bbox 169 1687 1737 1771">
     <span class='ocr_line' id='line_1_18' title="bbox 169 1687 1737 1771; baseline 0.011 -31"><span class='ocrx_word' id='word_1_112' title='bbox 169 1687 229 1741; x_wconf 81' lang='lat' dir='ltr'><strong>ad</strong></span> <span class='ocrx_word' id='word_1_113' title='bbox 263 1688 425 1766; x_wconf 79' lang='lat' dir='ltr'><strong>fidem</strong></span> <span class='ocrx_word' id='word_1_114' title='bbox 470 1689 728 1748; x_wconf 70' lang='lat' dir='ltr'><strong>Ecclesiae</strong></span> <span class='ocrx_word' id='word_1_115' title='bbox 793 1695 979 1754; x_wconf 72' lang='lat' dir='ltr'><strong>Graece</strong></span> <span class='ocrx_word' id='word_1_116' title='bbox 1033 1698 1387 1771; x_wconf 83' lang='lat' dir='ltr'><strong>adducebat:</strong></span> <span class='ocrx_word' id='word_1_117' title='bbox 1442 1705 1509 1758; x_wconf 89' lang='lat' dir='ltr'><strong>de</strong></span> <span class='ocrx_word' id='word_1_118' title='bbox 1566 1705 1737 1760; x_wconf 83' lang='lat' dir='ltr'><strong>Char-</strong></span> 
     </span>
    </p>
   </div>
   <div class='ocr_carea' id='block_1_19' title="bbox 169 1783 1736 1865">
    <p class='ocr_par' dir='ltr' id='par_1_19' title="bbox 169 1783 1736 1865">
     <span class='ocr_line' id='line_1_19' title="bbox 169 1783 1736 1865; baseline 0.013 -32"><span class='ocrx_word' id='word_1_119' title='bbox 169 1787 317 1836; x_wconf 83' lang='lat' dir='ltr'><strong>tzeca</strong></span> <span class='ocrx_word' id='word_1_120' title='bbox 356 1783 622 1855; x_wconf 84' lang='lat' dir='ltr'><strong>principe,</strong></span> <span class='ocrx_word' id='word_1_121' title='bbox 680 1803 840 1858; x_wconf 88' lang='lat' dir='ltr'><strong>quem</strong></span> <span class='ocrx_word' id='word_1_122' title='bbox 874 1789 942 1844; x_wconf 90' lang='lat' dir='ltr'><strong>ad</strong></span> <span class='ocrx_word' id='word_1_123' title='bbox 972 1792 1222 1865; x_wconf 75' lang='lat' dir='ltr'><strong>eamdem</strong></span> <span class='ocrx_word' id='word_1_124' title='bbox 1271 1795 1544 1853; x_wconf 84' lang='lat' dir='ltr'><strong>adducere</strong></span> <span class='ocrx_word' id='word_1_125' title='bbox 1593 1798 1736 1854; x_wconf 89' lang='lat' dir='ltr'><strong>idem</strong></span> 
     </span>
    </p>
   </div>
   <div class='ocr_carea' id='block_1_20' title="bbox 168 1874 1738 1956">
    <p class='ocr_par' dir='ltr' id='par_1_20' title="bbox 168 1874 1738 1956">
     <span class='ocr_line' id='line_1_20' title="bbox 168 1874 1738 1956; baseline 0.011 -30"><span class='ocrx_word' id='word_1_126' title='bbox 168 1874 454 1944; x_wconf 87' lang='lat' dir='ltr'><strong>episcopus</strong></span> <span class='ocrx_word' id='word_1_127' title='bbox 489 1877 835 1934; x_wconf 70' lang='lat' dir='ltr'><strong>conabatur:</strong></span> <span class='ocrx_word' id='word_1_128' title='bbox 888 1888 966 1936; x_wconf 88' lang='lat' dir='ltr'><strong>ne</strong></span> <span class='ocrx_word' id='word_1_129' title='bbox 1003 1882 1055 1936; x_wconf 91' lang='lat' dir='ltr'><strong>in</strong></span> <span class='ocrx_word' id='word_1_130' title='bbox 1100 1882 1346 1956; x_wconf 88' lang='lat' dir='ltr'><strong>Liturgia</strong></span> <span class='ocrx_word' id='word_1_131' title='bbox 1406 1904 1738 1944; x_wconf 90' lang='lat' dir='ltr'><strong>commemo-</strong></span> 
     </span>
    </p>
   </div>
   <div class='ocr_carea' id='block_1_21' title="bbox 171 1967 1738 2044">
    <p class='ocr_par' dir='ltr' id='par_1_21' title="bbox 171 1967 1738 2044">
     <span class='ocr_line' id='line_1_21' title="bbox 171 1967 1738 2044; baseline 0.01 -24"><span class='ocrx_word' id='word_1_132' title='bbox 171 1967 305 2020; x_wconf 80' lang='lat' dir='ltr'><strong>ratio</strong></span> <span class='ocrx_word' id='word_1_133' title='bbox 338 1968 458 2037; x_wconf 77' lang='lat' dir='ltr'><strong>ejus</strong></span> <span class='ocrx_word' id='word_1_134' title='bbox 478 1970 696 2037; x_wconf 79' lang='lat' dir='ltr'><strong>publice</strong></span> <span class='ocrx_word' id='word_1_135' title='bbox 728 1972 846 2036; x_wconf 81' lang='lat' dir='ltr'><strong>ﬂat,</strong></span> <span class='ocrx_word' id='word_1_136' title='bbox 889 1975 1018 2042; x_wconf 87' lang='lat' dir='ltr'><strong>quia</strong></span> <span class='ocrx_word' id='word_1_137' title='bbox 1050 1975 1231 2032; x_wconf 86' lang='lat' dir='ltr'><strong>adhuc</strong></span> <span class='ocrx_word' id='word_1_138' title='bbox 1283 1971 1620 2044; x_wconf 67' lang='grc' dir='ltr'>σκεπάζεται</span> <span class='ocrx_word' id='word_1_139' title='bbox 1647 1982 1738 2036; x_wconf 83' lang='grc' dir='ltr'><strong>τὸν</strong></span> 
     </span>
    </p>
   </div>
   <div class='ocr_carea' id='block_1_22' title="bbox 169 2059 1737 2132">
    <p class='ocr_par' dir='ltr' id='par_1_22' title="bbox 169 2059 1737 2132">
     <span class='ocr_line' id='line_1_22' title="bbox 169 2059 1737 2132; baseline 0.013 -25"><span class='ocrx_word' id='word_1_140' title='bbox 169 2059 606 2128; x_wconf 81' lang='grc' dir='ltr'>χριστιανισμὸν,</span> <span class='ocrx_word' id='word_1_141' title='bbox 657 2061 1132 2122; x_wconf 87' lang='lat' dir='ltr'><strong>christianismum</strong></span> <span class='ocrx_word' id='word_1_142' title='bbox 1174 2068 1504 2126; x_wconf 77' lang='lat' dir='ltr'><strong>dissimulat.</strong></span> <span class='ocrx_word' id='word_1_143' title='bbox 1536 2071 1737 2132; x_wconf 75' lang='lat' dir='ltr'><strong>Verum</strong></span> 
     </span>
    </p>
   </div>
   <div class='ocr_carea' id='block_1_23' title="bbox 171 2149 1743 2234">
    <p class='ocr_par' dir='ltr' id='par_1_23' title="bbox 171 2149 1743 2234">
     <span class='ocr_line' id='line_1_23' title="bbox 171 2149 1743 2234; baseline 0.011 -34"><span class='ocrx_word' id='word_1_144' title='bbox 171 2149 360 2204; x_wconf 81' lang='lat' dir='ltr'><strong>asserit</strong></span> <span class='ocrx_word' id='word_1_145' title='bbox 387 2149 549 2206; x_wconf 86' lang='lat' dir='ltr'><strong>licere</strong></span> <span class='ocrx_word' id='word_1_146' title='bbox 571 2151 624 2205; x_wconf 89' lang='lat' dir='ltr'><strong>in</strong></span> <span class='ocrx_word' id='word_1_147' title='bbox 660 2153 960 2222; x_wconf 74' lang='lat' dir='ltr'><strong>gratiarum</strong></span> <span class='ocrx_word' id='word_1_148' title='bbox 991 2157 1204 2214; x_wconf 89' lang='lat' dir='ltr'><strong>actione</strong></span> <span class='ocrx_word' id='word_1_149' title='bbox 1235 2159 1299 2213; x_wconf 90' lang='lat' dir='ltr'><strong>ad</strong></span> <span class='ocrx_word' id='word_1_150' title='bbox 1319 2176 1743 2234; x_wconf 78' lang='lat' dir='ltr'><strong>mensam,pr:e-</strong></span> 
     </span>
    </p>
   </div>
   <div class='ocr_carea' id='block_1_24' title="bbox 172 2241 1741 2324">
    <p class='ocr_par' dir='ltr' id='par_1_24' title="bbox 172 2241 1741 2324">
     <span class='ocr_line' id='line_1_24' title="bbox 172 2241 1741 2324; baseline 0.008 -31"><span class='ocrx_word' id='word_1_151' title='bbox 172 2249 318 2295; x_wconf 85' lang='lat' dir='ltr'><strong>sente</strong></span> <span class='ocrx_word' id='word_1_152' title='bbox 345 2241 466 2311; x_wconf 91' lang='lat' dir='ltr'><strong>ipso</strong></span> <span class='ocrx_word' id='word_1_153' title='bbox 499 2257 662 2301; x_wconf 84' lang='lat' dir='ltr'><strong>orare</strong></span> <span class='ocrx_word' id='word_1_154' title='bbox 684 2258 784 2314; x_wconf 92' lang='lat' dir='ltr'><strong>pro</strong></span> <span class='ocrx_word' id='word_1_155' title='bbox 814 2247 1033 2302; x_wconf 90' lang='lat' dir='ltr'><strong>eodem.</strong></span> <span class='ocrx_word' id='word_1_156' title='bbox 1067 2248 1162 2302; x_wconf 81' lang='grc' dir='ltr'>Ἐν</span> <span class='ocrx_word' id='word_1_157' title='bbox 1215 2250 1273 2303; x_wconf 65' lang='grc' dir='ltr'><strong>δὲ</strong></span> <span class='ocrx_word' id='word_1_158' title='bbox 1293 2254 1358 2322; x_wconf 81' lang='grc' dir='ltr'><strong>τῇ</strong></span> <span class='ocrx_word' id='word_1_159' title='bbox 1421 2253 1741 2324; x_wconf 66' lang='grc' dir='ltr'>εὐχαριστίᾳ</span> 
     </span>
    </p>
   </div>
   <div class='ocr_carea' id='block_1_25' title="bbox 173 2331 1741 2413">
    <p class='ocr_par' dir='ltr' id='par_1_25' title="bbox 173 2331 1741 2413">
     <span class='ocr_line' id='line_1_25' title="bbox 173 2331 1741 2413; baseline 0.01 -29"><span class='ocrx_word' id='word_1_160' title='bbox 173 2331 262 2400; x_wconf 80' lang='grc' dir='ltr'><strong>τῆς</strong></span> <span class='ocrx_word' id='word_1_161' title='bbox 289 2333 749 2406; x_wconf 67' lang='grc' dir='ltr'><strong>τραπέζηςήμῶν</strong></span> <span class='ocrx_word' id='word_1_162' title='bbox 805 2338 1080 2408; x_wconf 78' lang='grc' dir='ltr'><strong>παρόντος</strong></span> <span class='ocrx_word' id='word_1_163' title='bbox 1132 2343 1181 2395; x_wconf 82' lang='lat' dir='ltr'><strong>el</strong></span> <span class='ocrx_word' id='word_1_164' title='bbox 1253 2341 1434 2398; x_wconf 78' lang='grc' dir='ltr'><strong>θέλετε</strong></span> <span class='ocrx_word' id='word_1_165' title='bbox 1482 2345 1741 2413; x_wconf 74' lang='grc' dir='ltr'>εὔξασθαι</span> 
     </span>
    </p>
   </div>
   <div class='ocr_carea' id='block_1_26' title="bbox 174 2421 1743 2508">
    <p class='ocr_par' dir='ltr' id='par_1_26' title="bbox 174 2421 1743 2508">
     <span class='ocr_line' id='line_1_26' title="bbox 174 2421 1743 2508; baseline 0.011 -35"><span class='ocrx_word' id='word_1_166' title='bbox 174 2421 306 2491; x_wconf 80' lang='grc' dir='ltr'>ὑπὲρ</span> <span class='ocrx_word' id='word_1_167' title='bbox 323 2423 515 2490; x_wconf 77' lang='grc' dir='ltr'><strong>αὐτοῦ,</strong></span> <span class='ocrx_word' id='word_1_168' title='bbox 544 2426 627 2506; x_wconf 65' lang='grc' dir='ltr'><strong>ὅτι</strong></span> <span class='ocrx_word' id='word_1_169' title='bbox 666 2427 874 2496; x_wconf 79' lang='grc' dir='ltr'><strong>Κύριος</strong></span> <span class='ocrx_word' id='word_1_170' title='bbox 906 2432 933 2483; x_wconf 99' lang='lat'><strong>6</strong></span> <span class='ocrx_word' id='word_1_171' title='bbox 953 2431 1087 2495; x_wconf 77' lang='grc' dir='ltr'><strong>Θεὸς</strong></span> <span class='ocrx_word' id='word_1_172' title='bbox 1122 2432 1447 2503; x_wconf 80' lang='grc' dir='ltr'>διαφυλάξαι</span> <span class='ocrx_word' id='word_1_173' title='bbox 1483 2436 1579 2507; x_wconf 81' lang='grc' dir='ltr'><strong>τὴν</strong></span> <span class='ocrx_word' id='word_1_174' title='bbox 1599 2436 1743 2508; x_wconf 75' lang='grc' dir='ltr'>ζωὴν</span> 
     </span>
    </p>
   </div>
   <div class='ocr_carea' id='block_1_27' title="bbox 173 2513 1740 2598">
    <p class='ocr_par' dir='ltr' id='par_1_27' title="bbox 173 2513 1740 2598">
     <span class='ocr_line' id='line_1_27' title="bbox 173 2513 1740 2598; baseline 0.011 -32"><span class='ocrx_word' id='word_1_175' title='bbox 173 2513 260 2567; x_wconf 83' lang='grc' dir='ltr'><strong>τοῦ</strong></span> <span class='ocrx_word' id='word_1_176' title='bbox 281 2513 544 2570; x_wconf 71' lang='grc' dir='ltr'><strong>αὐθέντου</strong></span> <span class='ocrx_word' id='word_1_177' title='bbox 572 2518 883 2589; x_wconf 75' lang='grc' dir='ltr'><strong>Χαρτζεκᾶ.</strong></span> <span class='ocrx_word' id='word_1_178' title='bbox 912 2522 1043 2590; x_wconf 85' lang='lat' dir='ltr'><strong>Quis</strong></span> <span class='ocrx_word' id='word_1_179' title='bbox 1071 2524 1160 2578; x_wconf 89' lang='lat' dir='ltr'><strong>ille</strong></span> <span class='ocrx_word' id='word_1_180' title='bbox 1183 2525 1367 2593; x_wconf 78' lang='lat' dir='ltr'><strong>fuerit,</strong></span> <span class='ocrx_word' id='word_1_181' title='bbox 1394 2537 1487 2583; x_wconf 86' lang='lat' dir='ltr'><strong>aut</strong></span> <span class='ocrx_word' id='word_1_182' title='bbox 1517 2529 1740 2598; x_wconf 82' lang='lat' dir='ltr'><strong>quinam</strong></span> 
     </span>
    </p>
   </div>
   <div class='ocr_carea' id='block_1_28' title="bbox 177 2606 1730 2685">
    <p class='ocr_par' dir='ltr' id='par_1_28' title="bbox 177 2606 1730 2685">
     <span class='ocr_line' id='line_1_28' title="bbox 177 2606 1730 2685; baseline 0.008 -25"><span class='ocrx_word' id='word_1_183' title='bbox 177 2609 393 2664; x_wconf 86' lang='lat' dir='ltr'><strong>nomine</strong></span> <span class='ocrx_word' id='word_1_184' title='bbox 409 2606 815 2681; x_wconf 64' lang='grc' dir='ltr'><strong>Κουδουγέρων</strong></span> <span class='ocrx_word' id='word_1_185' title='bbox 850 2653 865 2677; x_wconf 85' lang='grc'><strong><em>,</em></strong></span> <span class='ocrx_word' id='word_1_186' title='bbox 908 2615 1000 2685; x_wconf 86' lang='lat' dir='ltr'><strong>qui</strong></span> <span class='ocrx_word' id='word_1_187' title='bbox 1032 2625 1089 2670; x_wconf 92' lang='lat' dir='ltr'><strong>ut</strong></span> <span class='ocrx_word' id='word_1_188' title='bbox 1121 2616 1336 2672; x_wconf 82' lang='lat' dir='ltr'><strong>videtur</strong></span> <span class='ocrx_word' id='word_1_189' title='bbox 1357 2620 1506 2675; x_wconf 88' lang='lat' dir='ltr'><strong>illius</strong></span> <span class='ocrx_word' id='word_1_190' title='bbox 1527 2622 1730 2675; x_wconf 77' lang='lat' dir='ltr'><strong>subditi</strong></span> 
     </span>
    </p>
   </div>
   <div class='ocr_carea' id='block_1_29' title="bbox 178 2702 1746 2774">
    <p class='ocr_par' dir='ltr' id='par_1_29' title="bbox 178 2702 1746 2774">
     <span class='ocr_line' id='line_1_29' title="bbox 178 2702 1746 2774; baseline 0.01 -20"><span class='ocrx_word' id='word_1_191' title='bbox 178 2709 349 2766; x_wconf 81' lang='lat' dir='ltr'><strong>erant,</strong></span> <span class='ocrx_word' id='word_1_192' title='bbox 387 2702 724 2774; x_wconf 83' lang='lat' dir='ltr'><strong>intelligendi</strong></span> <span class='ocrx_word' id='word_1_193' title='bbox 764 2705 902 2771; x_wconf 85' lang='lat' dir='ltr'><strong>sint,</strong></span> <span class='ocrx_word' id='word_1_194' title='bbox 931 2708 1230 2765; x_wconf 80' lang='lat' dir='ltr'><strong>nescimus.</strong></span> <span class='ocrx_word' id='word_1_195' title='bbox 1261 2708 1396 2766; x_wconf 86' lang='lat' dir='ltr'><strong>Tum</strong></span> <span class='ocrx_word' id='word_1_196' title='bbox 1437 2712 1507 2768; x_wconf 83' lang='lat' dir='ltr'><strong>de</strong></span> <span class='ocrx_word' id='word_1_197' title='bbox 1535 2713 1746 2770; x_wconf 88' lang='lat' dir='ltr'><strong>Latinis</strong></span> 
     </span>
    </p>
   </div>
   <div class='ocr_carea' id='block_1_30' title="bbox 179 2795 1745 2863">
    <p class='ocr_par' dir='ltr' id='par_1_30' title="bbox 179 2795 1745 2863">
     <span class='ocr_line' id='line_1_30' title="bbox 179 2795 1745 2863; baseline 0.01 -17"><span class='ocrx_word' id='word_1_198' title='bbox 179 2804 222 2847; x_wconf 90' lang='lat' dir='ltr'><strong>et</strong></span> <span class='ocrx_word' id='word_1_199' title='bbox 251 2795 526 2851; x_wconf 83' lang='lat' dir='ltr'><strong>Armentis</strong></span> <span class='ocrx_word' id='word_1_200' title='bbox 553 2796 620 2851; x_wconf 91' lang='lat' dir='ltr'><strong>ad</strong></span> <span class='ocrx_word' id='word_1_201' title='bbox 645 2797 760 2852; x_wconf 89' lang='lat' dir='ltr'><strong>ioca</strong></span> <span class='ocrx_word' id='word_1_202' title='bbox 813 2813 967 2854; x_wconf 84' lang='lat' dir='ltr'><strong>sacra</strong></span> <span class='ocrx_word' id='word_1_203' title='bbox 997 2800 1262 2857; x_wconf 84' lang='lat' dir='ltr'><strong>adorandi</strong></span> <span class='ocrx_word' id='word_1_204' title='bbox 1314 2818 1480 2860; x_wconf 84' lang='lat' dir='ltr'><strong>causa</strong></span> <span class='ocrx_word' id='word_1_205' title='bbox 1516 2807 1745 2863; x_wconf 84' lang='lat' dir='ltr'><strong>venien—</strong></span> 
     </span>
    </p>
   </div>
   <div class='ocr_carea' id='block_1_31' title="bbox 183 2886 1744 2961">
    <p class='ocr_par' dir='ltr' id='par_1_31' title="bbox 183 2886 1744 2961">
     <span class='ocr_line' id='line_1_31' title="bbox 183 2886 1744 2961; baseline 0.007 -21"><span class='ocrx_word' id='word_1_206' title='bbox 183 2886 324 2941; x_wconf 87' lang='lat' dir='ltr'><strong>tibus</strong></span> <span class='ocrx_word' id='word_1_207' title='bbox 349 2887 564 2954; x_wconf 90' lang='lat' dir='ltr'><strong>delinit,</strong></span> <span class='ocrx_word' id='word_1_208' title='bbox 598 2905 707 2944; x_wconf 86' lang='lat' dir='ltr'><strong>non</strong></span> <span class='ocrx_word' id='word_1_209' title='bbox 745 2890 1118 2961; x_wconf 85' lang='lat' dir='ltr'><strong>repellendos,</strong></span> <span class='ocrx_word' id='word_1_210' title='bbox 1157 2895 1374 2951; x_wconf 89' lang='lat' dir='ltr'><strong>etiamsi</strong></span> <span class='ocrx_word' id='word_1_211' title='bbox 1427 2896 1744 2952; x_wconf 74' lang='lat' dir='ltr'><strong>heterodoxi</strong></span> 
     </span>
    </p>
   </div>
   <div class='ocr_carea' id='block_1_32' title="bbox 138 2963 1749 3045">
    <p class='ocr_par' dir='ltr' id='par_1_32' title="bbox 138 2963 1749 3045">
     <span class='ocr_line' id='line_1_32' title="bbox 138 2963 1749 3045; baseline 0.009 -15"><span class='ocrx_word' id='word_1_212' title='bbox 138 2963 142 2968; x_wconf 66' lang='grc'><strong>’</strong></span> <span class='ocrx_word' id='word_1_213' title='bbox 185 2980 655 3036; x_wconf 86' lang='lat' dir='ltr'><strong>etschismate-ab</strong></span> <span class='ocrx_word' id='word_1_214' title='bbox 705 2983 945 3039; x_wconf 75' lang='lat' dir='ltr'><strong>Ecclesia</strong></span> <span class='ocrx_word' id='word_1_215' title='bbox 987 2985 1172 3041; x_wconf 64' lang='lat' dir='ltr'><strong>Greca</strong></span> <span class='ocrx_word' id='word_1_216' title='bbox 1223 2985 1388 3042; x_wconf 79' lang='lat' dir='ltr'><strong>divisi</strong></span> <span class='ocrx_word' id='word_1_217' title='bbox 1445 2988 1595 3045; x_wconf 87' lang='lat' dir='ltr'><strong>sint:</strong></span> <span class='ocrx_word' id='word_1_218' title='bbox 1649 3004 1749 3045; x_wconf 89' lang='lat' dir='ltr'><strong>nec</strong></span> 
     </span>
    </p>
   </div>
   <div class='ocr_carea' id='block_1_33' title="bbox 174 3069 1756 3154">
    <p class='ocr_par' dir='ltr' id='par_1_33' title="bbox 174 3069 1756 3154">
     <span class='ocr_line' id='line_1_33' title="bbox 174 3069 1756 3154; baseline 0.008 -29"><span class='ocrx_word' id='word_1_219' title='bbox 174 3069 359 3128; x_wconf 86' lang='lat' dir='ltr'><strong>tamen</strong></span> <span class='ocrx_word' id='word_1_220' title='bbox 384 3075 619 3129; x_wconf 86' lang='lat' dir='ltr'><strong>dandam</strong></span> <span class='ocrx_word' id='word_1_221' title='bbox 646 3075 778 3143; x_wconf 82' lang='lat' dir='ltr'><strong>ipsis</strong></span> <span class='ocrx_word' id='word_1_222' title='bbox 833 3076 1250 3145; x_wconf 84' lang='lat' dir='ltr'><strong>eucharistiam,</strong></span> <span class='ocrx_word' id='word_1_223' title='bbox 1280 3081 1378 3137; x_wconf 86' lang='lat' dir='ltr'><strong>sed</strong></span> <span class='ocrx_word' id='word_1_224' title='bbox 1428 3082 1756 3154; x_wconf 65' lang='lat' dir='ltr'><strong>dwidwpov,</strong></span> 
     </span>
    </p>
   </div>
   <div class='ocr_carea' id='block_1_34' title="bbox 186 3168 1748 3244">
    <p class='ocr_par' dir='ltr' id='par_1_34' title="bbox 186 3168 1748 3244">
     <span class='ocr_line' id='line_1_34' title="bbox 186 3168 1748 3244; baseline 0.008 -24"><span class='ocrx_word' id='word_1_225' title='bbox 186 3182 270 3220; x_wconf 86' lang='lat' dir='ltr'><strong>seu</strong></span> <span class='ocrx_word' id='word_1_226' title='bbox 294 3183 489 3236; x_wconf 89' lang='lat' dir='ltr'><strong>panem</strong></span> <span class='ocrx_word' id='word_1_227' title='bbox 514 3168 874 3232; x_wconf 83' lang='lat' dir='ltr'><strong>benedictum,</strong></span> <span class='ocrx_word' id='word_1_228' title='bbox 900 3170 1003 3224; x_wconf 89' lang='lat' dir='ltr'><strong>nisi</strong></span> <span class='ocrx_word' id='word_1_229' title='bbox 1030 3173 1284 3244; x_wconf 85' lang='lat' dir='ltr'><strong>proprias</strong></span> <span class='ocrx_word' id='word_1_230' title='bbox 1301 3174 1589 3241; x_wconf 81' lang='lat' dir='ltr'><strong>Opiniones</strong></span> <span class='ocrx_word' id='word_1_231' title='bbox 1616 3192 1748 3232; x_wconf 89' lang='lat' dir='ltr'><strong>suas</strong></span> 
     </span>
    </p>
   </div>
   <div class='ocr_carea' id='block_1_35' title="bbox 186 3251 1749 3339">
    <p class='ocr_par' dir='ltr' id='par_1_35' title="bbox 186 3251 1749 3339">
     <span class='ocr_line' id='line_1_35' title="bbox 186 3251 1749 3339; baseline 0.007 -26"><span class='ocrx_word' id='word_1_232' title='bbox 186 3259 574 3329; x_wconf 80' lang='lat' dir='ltr'><strong>abjuraverint.</strong></span> <span class='ocrx_word' id='word_1_233' title='bbox 609 3259 680 3315; x_wconf 92' lang='lat' dir='ltr'><strong>De</strong></span> <span class='ocrx_word' id='word_1_234' title='bbox 715 3261 949 3316; x_wconf 92' lang='lat' dir='ltr'><strong>simonia</strong></span> <span class='ocrx_word' id='word_1_235' title='bbox 974 3282 987 3330; x_wconf 89' lang='lat'><strong>;</strong></span> <span class='ocrx_word' id='word_1_236' title='bbox 1017 3278 1136 3319; x_wconf 88' lang='lat' dir='ltr'><strong>eam</strong></span> <span class='ocrx_word' id='word_1_237' title='bbox 1181 3251 1438 3336; x_wconf 86' lang='lat' dir='ltr'><strong>deplorat</strong></span> <span class='ocrx_word' id='word_1_238' title='bbox 1489 3277 1749 3339; x_wconf 74' lang='lat' dir='ltr'><strong>tanquam</strong></span> 
     </span>
    </p>
   </div>
   <div class='ocr_carea' id='block_1_36' title="bbox 177 3352 1750 3430">
    <p class='ocr_par' dir='ltr' id='par_1_36' title="bbox 177 3352 1750 3430">
     <span class='ocr_line' id='line_1_36' title="bbox 177 3352 1750 3430; baseline 0.006 -24"><span class='ocrx_word' id='word_1_239' title='bbox 177 3352 409 3423; x_wconf 83' lang='lat' dir='ltr'><strong>malum,</strong></span> <span class='ocrx_word' id='word_1_240' title='bbox 445 3354 588 3424; x_wconf 90' lang='lat' dir='ltr'><strong>quod</strong></span> <span class='ocrx_word' id='word_1_241' title='bbox 630 3361 936 3425; x_wconf 89' lang='lat' dir='ltr'><strong>temporum</strong></span> <span class='ocrx_word' id='word_1_242' title='bbox 963 3355 1277 3412; x_wconf 84' lang='lat' dir='ltr'><strong>calamitate</strong></span> <span class='ocrx_word' id='word_1_243' title='bbox 1307 3359 1524 3414; x_wconf 90' lang='lat' dir='ltr'><strong>tolerari</strong></span> <span class='ocrx_word' id='word_1_244' title='bbox 1560 3361 1750 3430; x_wconf 83' lang='lat' dir='ltr'><strong>potius</strong></span> 
     </span>
    </p>
   </div>
   <div class='ocr_carea' id='block_1_37' title="bbox 187 3447 1752 3524">
    <p class='ocr_par' dir='ltr' id='par_1_37' title="bbox 187 3447 1752 3524">
     <span class='ocr_line' id='line_1_37' title="bbox 187 3447 1752 3524; baseline 0.006 -26"><span class='ocrx_word' id='word_1_245' title='bbox 187 3447 573 3518; x_wconf 83' lang='lat' dir='ltr'><strong>debeat,quam</strong></span> <span class='ocrx_word' id='word_1_246' title='bbox 610 3447 817 3503; x_wconf 89' lang='lat' dir='ltr'><strong>idcirco</strong></span> <span class='ocrx_word' id='word_1_247' title='bbox 839 3449 1207 3505; x_wconf 86' lang='lat' dir='ltr'><strong>obedientiam</strong></span> <span class='ocrx_word' id='word_1_248' title='bbox 1233 3451 1508 3523; x_wconf 85' lang='lat' dir='ltr'><strong>episcopis</strong></span> <span class='ocrx_word' id='word_1_249' title='bbox 1539 3453 1752 3524; x_wconf 87' lang='lat' dir='ltr'><strong>negari,</strong></span> 
     </span>
    </p>
   </div>
   <div class='ocr_carea' id='block_1_38' title="bbox 191 3537 1754 3613">
    <p class='ocr_par' dir='ltr' id='par_1_38' title="bbox 191 3537 1754 3613">
     <span class='ocr_line' id='line_1_38' title="bbox 191 3537 1754 3613; baseline 0.007 -22"><span class='ocrx_word' id='word_1_250' title='bbox 191 3553 254 3591; x_wconf 89' lang='lat' dir='ltr'><strong>ne</strong></span> <span class='ocrx_word' id='word_1_251' title='bbox 283 3537 598 3594; x_wconf 76' lang='lat' dir='ltr'><strong>scandalum</strong></span> <span class='ocrx_word' id='word_1_252' title='bbox 630 3547 945 3609; x_wconf 84' lang='lat' dir='ltr'><strong>generetur,</strong></span> <span class='ocrx_word' id='word_1_253' title='bbox 971 3556 1040 3597; x_wconf 82' lang='lat' dir='ltr'><strong>ex</strong></span> <span class='ocrx_word' id='word_1_254' title='bbox 1068 3555 1176 3611; x_wconf 87' lang='lat' dir='ltr'><strong>quo</strong></span> <span class='ocrx_word' id='word_1_255' title='bbox 1209 3543 1544 3613; x_wconf 84' lang='lat' dir='ltr'><strong>episcopalis</strong></span> <span class='ocrx_word' id='word_1_256' title='bbox 1598 3546 1754 3602; x_wconf 88' lang='lat' dir='ltr'><strong>ordi-</strong></span> 
     </span>
    </p>
   </div>
   <div class='ocr_carea' id='block_1_39' title="bbox 186 3615 1749 3704">
    <p class='ocr_par' dir='ltr' id='par_1_39' title="bbox 186 3615 1749 3704">
     <span class='ocr_line' id='line_1_39' title="bbox 186 3615 1749 3704; baseline 0.007 -23"><span class='ocrx_word' id='word_1_257' title='bbox 186 3615 293 3691; x_wconf 79' lang='lat' dir='ltr'><strong>nis.</strong></span> <span class='ocrx_word' id='word_1_258' title='bbox 326 3644 446 3684; x_wconf 77' lang='lat' dir='ltr'><strong>mox</strong></span> <span class='ocrx_word' id='word_1_259' title='bbox 501 3630 678 3700; x_wconf 81' lang='lat' dir='ltr'><strong>ipsius</strong></span> <span class='ocrx_word' id='word_1_260' title='bbox 722 3630 1006 3701; x_wconf 85' lang='lat' dir='ltr'><strong>religionis</strong></span> <span class='ocrx_word' id='word_1_261' title='bbox 1053 3642 1402 3704; x_wconf 77' lang='lat' dir='ltr'><strong>contemptus</strong></span> <span class='ocrx_word' id='word_1_262' title='bbox 1440 3629 1702 3691; x_wconf 81' lang='lat' dir='ltr'><strong>nascatur</strong></span> <span class='ocrx_word' id='word_1_263' title='bbox 1736 3657 1749 3692; x_wconf 93' lang='lat'><strong>:</strong></span> 
     </span>
    </p>
   </div>
   <div class='ocr_carea' id='block_1_40' title="bbox 194 3712 1753 3797">
    <p class='ocr_par' dir='ltr' id='par_1_40' title="bbox 194 3712 1753 3797">
     <span class='ocr_line' id='line_1_40' title="bbox 194 3712 1753 3797; baseline 0.008 -23"><span class='ocrx_word' id='word_1_264' title='bbox 194 3718 463 3776; x_wconf 75' lang='lat' dir='ltr'><strong>terendum</strong></span> <span class='ocrx_word' id='word_1_265' title='bbox 496 3737 616 3777; x_wconf 87' lang='lat' dir='ltr'><strong>esse</strong></span> <span class='ocrx_word' id='word_1_266' title='bbox 645 3722 786 3791; x_wconf 90' lang='lat' dir='ltr'><strong>quod</strong></span> <span class='ocrx_word' id='word_1_267' title='bbox 813 3725 1090 3779; x_wconf 87' lang='lat' dir='ltr'><strong>emendari</strong></span> <span class='ocrx_word' id='word_1_268' title='bbox 1121 3741 1225 3781; x_wconf 89' lang='lat' dir='ltr'><strong>non</strong></span> <span class='ocrx_word' id='word_1_269' title='bbox 1261 3712 1435 3797; x_wconf 85' lang='lat' dir='ltr'><strong>possit</strong></span> <span class='ocrx_word' id='word_1_270' title='bbox 1473 3746 1487 3784; x_wconf 92' lang='lat'><strong>:</strong></span> <span class='ocrx_word' id='word_1_271' title='bbox 1517 3744 1575 3785; x_wconf 88' lang='lat' dir='ltr'><strong>se</strong></span> <span class='ocrx_word' id='word_1_272' title='bbox 1637 3731 1753 3788; x_wconf 61' lang='lat' dir='ltr'><strong>salo</strong></span> 
     </span>
    </p>
   </div>
   <div class='ocr_carea' id='block_1_41' title="bbox 194 3814 1752 3891">
    <p class='ocr_par' dir='ltr' id='par_1_41' title="bbox 194 3814 1752 3891">
     <span class='ocr_line' id='line_1_41' title="bbox 194 3814 1752 3891; baseline 0.007 -25"><span class='ocrx_word' id='word_1_273' title='bbox 194 3822 296 3866; x_wconf 88' lang='lat' dir='ltr'><strong>tem</strong></span> <span class='ocrx_word' id='word_1_274' title='bbox 369 3814 644 3871; x_wconf 82' lang='lat' dir='ltr'><strong>neminem</strong></span> <span class='ocrx_word' id='word_1_275' title='bbox 702 3815 951 3882; x_wconf 87' lang='lat' dir='ltr'><strong>pecuniis</strong></span> <span class='ocrx_word' id='word_1_276' title='bbox 994 3817 1300 3884; x_wconf 86' lang='lat' dir='ltr'><strong>ordinasse,</strong></span> <span class='ocrx_word' id='word_1_277' title='bbox 1354 3819 1465 3875; x_wconf 90' lang='lat' dir='ltr'><strong>imo</strong></span> <span class='ocrx_word' id='word_1_278' title='bbox 1511 3822 1752 3891; x_wconf 87' lang='lat' dir='ltr'><strong>propriis</strong></span> 
     </span>
    </p>
   </div>
   <div class='ocr_carea' id='block_1_42' title="bbox 195 3905 1745 3984">
    <p class='ocr_par' dir='ltr' id='par_1_42' title="bbox 195 3905 1745 3984">
     <span class='ocr_line' id='line_1_42' title="bbox 195 3905 1745 3984; baseline 0.006 -25"><span class='ocrx_word' id='word_1_279' title='bbox 195 3905 494 3975; x_wconf 78' lang='lat' dir='ltr'><strong>sumptibus</strong></span> <span class='ocrx_word' id='word_1_280' title='bbox 529 3905 816 3975; x_wconf 86' lang='lat' dir='ltr'><strong>episcopos</strong></span> <span class='ocrx_word' id='word_1_281' title='bbox 849 3905 1045 3963; x_wconf 77' lang='lat' dir='ltr'><strong>fecisse</strong></span> <span class='ocrx_word' id='word_1_282' title='bbox 1080 3910 1299 3976; x_wconf 84' lang='lat' dir='ltr'><strong>multos,</strong></span> <span class='ocrx_word' id='word_1_283' title='bbox 1338 3927 1477 3984; x_wconf 88' lang='lat' dir='ltr'><strong>quos</strong></span> <span class='ocrx_word' id='word_1_284' title='bbox 1541 3928 1608 3967; x_wconf 80' lang='lat' dir='ltr'><strong>ex</strong></span> <span class='ocrx_word' id='word_1_285' title='bbox 1649 3929 1745 3968; x_wconf 89' lang='lat' dir='ltr'><strong>ca-</strong></span> 
     </span>
    </p>
   </div>
   <div class='ocr_carea' id='block_1_43' title="bbox 195 3989 1750 4075">
    <p class='ocr_par' dir='ltr' id='par_1_43' title="bbox 195 3989 1750 4075">
     <span class='ocr_line' id='line_1_43' title="bbox 195 3989 1750 4075; baseline 0.008 -28"><span class='ocrx_word' id='word_1_286' title='bbox 195 3989 432 4066; x_wconf 75' lang='lat' dir='ltr'><strong>ptivitate</strong></span> <span class='ocrx_word' id='word_1_287' title='bbox 469 3998 761 4052; x_wconf 89' lang='lat' dir='ltr'><strong>redemerit</strong></span> <span class='ocrx_word' id='word_1_288' title='bbox 789 3997 952 4052; x_wconf 84' lang='lat' dir='ltr'><strong>:mali</strong></span> <span class='ocrx_word' id='word_1_289' title='bbox 999 3999 1176 4065; x_wconf 87' lang='lat' dir='ltr'><strong>initia,</strong></span> <span class='ocrx_word' id='word_1_290' title='bbox 1203 4011 1332 4056; x_wconf 89' lang='lat' dir='ltr'><strong>ante</strong></span> <span class='ocrx_word' id='word_1_291' title='bbox 1359 4003 1750 4075; x_wconf 86' lang='lat' dir='ltr'><strong>quinquaginta</strong></span> 
     </span>
    </p>
   </div>
   <div class='ocr_carea' id='block_1_44' title="bbox 193 4087 1748 4160">
    <p class='ocr_par' dir='ltr' id='par_1_44' title="bbox 193 4087 1748 4160">
     <span class='ocr_line' id='line_1_44' title="bbox 193 4087 1748 4160; baseline 0.005 -20"><span class='ocrx_word' id='word_1_292' title='bbox 193 4103 358 4143; x_wconf 84' lang='lat' dir='ltr'><strong>annos</strong></span> <span class='ocrx_word' id='word_1_293' title='bbox 398 4087 613 4143; x_wconf 78' lang='lat' dir='ltr'><strong>fuisse:</strong></span> <span class='ocrx_word' id='word_1_294' title='bbox 670 4087 921 4156; x_wconf 82' lang='lat' dir='ltr'><strong>sutiicere</strong></span> <span class='ocrx_word' id='word_1_295' title='bbox 980 4097 1039 4142; x_wconf 93' lang='lat' dir='ltr'><strong>ut</strong></span> <span class='ocrx_word' id='word_1_296' title='bbox 1088 4091 1375 4160; x_wconf 76' lang='lat' dir='ltr'><strong>episcOpos</strong></span> <span class='ocrx_word' id='word_1_297' title='bbox 1432 4093 1748 4160; x_wconf 79' lang='lat' dir='ltr'><strong>observent,</strong></span> 
     </span>
    </p>
   </div>
   <div class='ocr_carea' id='block_1_45' title="bbox 197 4178 1755 4242">
    <p class='ocr_par' dir='ltr' id='par_1_45' title="bbox 197 4178 1755 4242">
     <span class='ocr_line' id='line_1_45' title="bbox 197 4178 1755 4242; baseline 0.004 -10"><span class='ocrx_word' id='word_1_298' title='bbox 197 4179 370 4234; x_wconf 83' lang='lat' dir='ltr'><strong>sintne</strong></span> <span class='ocrx_word' id='word_1_299' title='bbox 413 4178 732 4242; x_wconf 79' lang='lat' dir='ltr'><strong>orthodoxi,</strong></span> <span class='ocrx_word' id='word_1_300' title='bbox 791 4185 845 4231; x_wconf 90' lang='lat' dir='ltr'><strong>et</strong></span> <span class='ocrx_word' id='word_1_301' title='bbox 897 4178 1031 4236; x_wconf 84' lang='lat' dir='ltr'><strong>nihil</strong></span> <span class='ocrx_word' id='word_1_302' title='bbox 1081 4179 1318 4234; x_wconf 88' lang='lat' dir='ltr'><strong>alienum</strong></span> <span class='ocrx_word' id='word_1_303' title='bbox 1366 4182 1438 4242; x_wconf 77' lang='lat' dir='ltr'><strong>ab</strong></span> <span class='ocrx_word' id='word_1_304' title='bbox 1499 4181 1755 4238; x_wconf 69' lang='lat' dir='ltr'><strong>Ecclesiae</strong></span> 
     </span>
    </p>
   </div>
   <div class='ocr_carea' id='block_1_46' title="bbox 195 4270 1751 4330">
    <p class='ocr_par' dir='ltr' id='par_1_46' title="bbox 195 4270 1751 4330">
     <span class='ocr_line' id='line_1_46' title="bbox 195 4270 1751 4330; baseline 0.003 -6"><span class='ocrx_word' id='word_1_305' title='bbox 195 4270 384 4326; x_wconf 67' lang='lat' dir='ltr'><strong>Graeca:</strong></span> <span class='ocrx_word' id='word_1_306' title='bbox 419 4270 523 4325; x_wconf 88' lang='lat' dir='ltr'><strong>lide</strong></span> <span class='ocrx_word' id='word_1_307' title='bbox 549 4270 811 4325; x_wconf 87' lang='lat' dir='ltr'><strong>docentes</strong></span> <span class='ocrx_word' id='word_1_308' title='bbox 839 4288 852 4328; x_wconf 87' lang='lat'><strong>:</strong></span> <span class='ocrx_word' id='word_1_309' title='bbox 889 4270 1141 4328; x_wconf 90' lang='lat' dir='ltr'><strong>minutiis</strong></span> <span class='ocrx_word' id='word_1_310' title='bbox 1168 4273 1313 4328; x_wconf 88' lang='lat' dir='ltr'><strong>circa</strong></span> <span class='ocrx_word' id='word_1_311' title='bbox 1337 4273 1476 4328; x_wconf 90' lang='lat' dir='ltr'><strong>ritus</strong></span> <span class='ocrx_word' id='word_1_312' title='bbox 1496 4286 1548 4329; x_wconf 94' lang='lat' dir='ltr'><strong>et</strong></span> <span class='ocrx_word' id='word_1_313' title='bbox 1578 4273 1751 4330; x_wconf 84' lang='lat' dir='ltr'><strong>oliicia</strong></span> 
     </span>
    </p>
   </div>
   <div class='ocr_carea' id='block_1_47' title="bbox 196 4362 1691 4423">
    <p class='ocr_par' dir='ltr' id='par_1_47' title="bbox 196 4362 1691 4423">
     <span class='ocr_line' id='line_1_47' title="bbox 196 4362 1691 4423; baseline 0.003 -6"><span class='ocrx_word' id='word_1_314' title='bbox 196 4362 560 4418; x_wconf 79' lang='lat' dir='ltr'><strong>ecclesiastica</strong></span> <span class='ocrx_word' id='word_1_315' title='bbox 595 4378 702 4423; x_wconf 89' lang='lat' dir='ltr'><strong>non</strong></span> <span class='ocrx_word' id='word_1_316' title='bbox 732 4363 1152 4419; x_wconf 85' lang='lat' dir='ltr'><strong>attendendum.</strong></span> <span class='ocrx_word' id='word_1_317' title='bbox 1689 4377 1691 4379; x_wconf 81' lang='lat'>‘</span> 
     </span>
    </p>
   </div>
   <div class='ocr_carea' id='block_1_48' title="bbox 1839 509 2630 578">
    <p class='ocr_par' dir='ltr' id='par_1_48' title="bbox 1839 509 2630 578">
     <span class='ocr_line' id='line_1_48' title="bbox 1839 509 2630 578; baseline -0.001 -15"><span class='ocrx_word' id='word_1_318' title='bbox 1839 509 2084 578; x_wconf 76' lang='lat' dir='ltr'><strong>exetnplo</strong></span> <span class='ocrx_word' id='word_1_319' title='bbox 2124 509 2471 564; x_wconf 82' lang='lat' dir='ltr'><strong>manifestum</strong></span> <span class='ocrx_word' id='word_1_320' title='bbox 2508 512 2630 562; x_wconf 85' lang='lat' dir='ltr'><strong>crit.</strong></span> 
     </span>
    </p>
   </div>
   <div class='ocr_carea' id='block_1_49' title="bbox 1911 599 3404 658">
    <p class='ocr_par' dir='ltr' id='par_1_49' title="bbox 1911 599 3404 658">
     <span class='ocr_line' id='line_1_49' title="bbox 1911 599 3404 658; baseline 0.002 -6"><span class='ocrx_word' id='word_1_321' title='bbox 1911 599 2200 654; x_wconf 79' lang='lat' dir='ltr'><strong>Histeriam</strong></span> <span class='ocrx_word' id='word_1_322' title='bbox 2230 601 2374 654; x_wconf 89' lang='lat' dir='ltr'><strong>enim</strong></span> <span class='ocrx_word' id='word_1_323' title='bbox 2419 617 2598 656; x_wconf 82' lang='lat' dir='ltr'><strong>rerum</strong></span> <span class='ocrx_word' id='word_1_324' title='bbox 2647 602 2787 656; x_wconf 89' lang='lat' dir='ltr'><strong>inter</strong></span> <span class='ocrx_word' id='word_1_325' title='bbox 2823 601 3046 658; x_wconf 83' lang='lat' dir='ltr'><strong>Latinos</strong></span> <span class='ocrx_word' id='word_1_326' title='bbox 3104 613 3156 657; x_wconf 86' lang='lat' dir='ltr'><strong>et</strong></span> <span class='ocrx_word' id='word_1_327' title='bbox 3185 604 3404 658; x_wconf 47' lang='lat' dir='ltr'><strong>Gra‘cos</strong></span> 
     </span>
    </p>
   </div>
   <div class='ocr_carea' id='block_1_50' title="bbox 1835 689 3405 762">
    <p class='ocr_par' dir='ltr' id='par_1_50' title="bbox 1835 689 3405 762">
     <span class='ocr_line' id='line_1_50' title="bbox 1835 689 3405 762; baseline 0.001 -19"><span class='ocrx_word' id='word_1_328' title='bbox 1835 689 2097 744; x_wconf 56' lang='lat' dir='ltr'><strong>Ferrarire</strong></span> <span class='ocrx_word' id='word_1_329' title='bbox 2123 699 2174 745; x_wconf 88' lang='lat' dir='ltr'><strong>et</strong></span> <span class='ocrx_word' id='word_1_330' title='bbox 2203 689 2490 745; x_wconf 69' lang='lat' dir='ltr'><strong>Florentiae</strong></span> <span class='ocrx_word' id='word_1_331' title='bbox 2541 701 2816 762; x_wconf 82' lang='lat' dir='ltr'><strong>gestarum</strong></span> <span class='ocrx_word' id='word_1_332' title='bbox 2845 693 3106 762; x_wconf 88' lang='lat' dir='ltr'><strong>scriptam</strong></span> <span class='ocrx_word' id='word_1_333' title='bbox 3138 709 3166 746; x_wconf 91' lang='lat' dir='ltr'><strong>a</strong></span> <span class='ocrx_word' id='word_1_334' title='bbox 3189 693 3405 747; x_wconf 81' lang='lat' dir='ltr'><strong>Genna-</strong></span> 
     </span>
    </p>
   </div>
   <div class='ocr_carea' id='block_1_51' title="bbox 1837 779 3404 851">
    <p class='ocr_par' dir='ltr' id='par_1_51' title="bbox 1837 779 3404 851">
     <span class='ocr_line' id='line_1_51' title="bbox 1837 779 3404 851; baseline 0.001 -18"><span class='ocrx_word' id='word_1_335' title='bbox 1837 780 1928 834; x_wconf 91' lang='lat' dir='ltr'><strong>dio</strong></span> <span class='ocrx_word' id='word_1_336' title='bbox 1974 779 2162 845; x_wconf 76' lang='lat' dir='ltr'><strong>fuisse,</strong></span> <span class='ocrx_word' id='word_1_337' title='bbox 2206 798 2328 851; x_wconf 70' lang='lat' dir='ltr'><strong>qua:</strong></span> <span class='ocrx_word' id='word_1_338' title='bbox 2374 782 2425 835; x_wconf 88' lang='lat' dir='ltr'><strong>in</strong></span> <span class='ocrx_word' id='word_1_339' title='bbox 2470 782 2718 838; x_wconf 64' lang='lat' dir='ltr'><strong>Caesarea</strong></span> <span class='ocrx_word' id='word_1_340' title='bbox 2766 784 3093 839; x_wconf 83' lang='lat' dir='ltr'><strong>bibliotheca</strong></span> <span class='ocrx_word' id='word_1_341' title='bbox 3130 795 3404 848; x_wconf 80' lang='lat' dir='ltr'><strong>servetur,</strong></span> 
     </span>
    </p>
   </div>
   <div class='ocr_carea' id='block_1_52' title="bbox 1839 856 3406 945">
    <p class='ocr_par' dir='ltr' id='par_1_52' title="bbox 1839 856 3406 945">
     <span class='ocr_line' id='line_1_52' title="bbox 1839 856 3406 945; baseline -0.001 -16"><span class='ocrx_word' id='word_1_342' title='bbox 1839 873 2029 929; x_wconf 87' lang='lat' dir='ltr'><strong>scribit</strong></span> <span class='ocrx_word' id='word_1_343' title='bbox 2053 875 2090 926; x_wconf 90' lang='grc' dir='ltr'><strong>Ι.</strong></span> <span class='ocrx_word' id='word_1_344' title='bbox 2118 856 2236 940; x_wconf 63' lang='lat' dir='ltr'><strong>Vill:</strong></span> <span class='ocrx_word' id='word_1_345' title='bbox 2264 891 2315 945; x_wconf 87' lang='lat' dir='ltr'><strong>p.</strong></span> <span class='ocrx_word' id='word_1_346' title='bbox 2341 876 2467 930; x_wconf 83' lang='lat'><strong>509.</strong></span> <span class='ocrx_word' id='word_1_347' title='bbox 2492 875 2745 931; x_wconf 84' lang='lat' dir='ltr'><strong>Codicem</strong></span> <span class='ocrx_word' id='word_1_348' title='bbox 2779 878 2854 930; x_wconf 92' lang='lat' dir='ltr'><strong>ait</strong></span> <span class='ocrx_word' id='word_1_349' title='bbox 2881 893 3002 933; x_wconf 88' lang='lat' dir='ltr'><strong>esse</strong></span> <span class='ocrx_word' id='word_1_350' title='bbox 3028 877 3406 940; x_wconf 85' lang='lat' dir='ltr'><strong>chartaceum,</strong></span> 
     </span>
    </p>
   </div>
   <div class='ocr_carea' id='block_1_53' title="bbox 1838 963 3401 1039">
    <p class='ocr_par' dir='ltr' id='par_1_53' title="bbox 1838 963 3401 1039">
     <span class='ocr_line' id='line_1_53' title="bbox 1838 963 3401 1039; baseline 0 -18"><span class='ocrx_word' id='word_1_351' title='bbox 1838 975 2051 1021; x_wconf 86' lang='lat' dir='ltr'><strong>centum</strong></span> <span class='ocrx_word' id='word_1_352' title='bbox 2102 976 2155 1022; x_wconf 90' lang='lat' dir='ltr'><strong>et</strong></span> <span class='ocrx_word' id='word_1_353' title='bbox 2208 968 2448 1022; x_wconf 85' lang='lat' dir='ltr'><strong>sedecim</strong></span> <span class='ocrx_word' id='word_1_354' title='bbox 2499 984 2769 1023; x_wconf 86' lang='lat' dir='ltr'><strong>annorum</strong></span> <span class='ocrx_word' id='word_1_355' title='bbox 2820 972 2935 1039; x_wconf 91' lang='lat' dir='ltr'><strong>(ita</strong></span> <span class='ocrx_word' id='word_1_356' title='bbox 2997 963 3270 1026; x_wconf 68' lang='lat' dir='ltr'><strong>scribebat</strong></span> <span class='ocrx_word' id='word_1_357' title='bbox 3313 985 3401 1022; x_wconf 87' lang='lat' dir='ltr'><strong>an.</strong></span> 
     </span>
    </p>
   </div>
   <div class='ocr_carea' id='block_1_54' title="bbox 1839 1059 3407 1130">
    <p class='ocr_par' dir='ltr' id='par_1_54' title="bbox 1839 1059 3407 1130">
     <span class='ocr_line' id='line_1_54' title="bbox 1839 1059 3407 1130; baseline -0.003 -16"><span class='ocrx_word' id='word_1_358' title='bbox 1839 1059 2036 1120; x_wconf 67' lang='lat'><strong>1679),</strong></span> <span class='ocrx_word' id='word_1_359' title='bbox 2067 1076 2168 1128; x_wconf 86' lang='lat' dir='ltr'><strong>quo</strong></span> <span class='ocrx_word' id='word_1_360' title='bbox 2198 1061 2499 1115; x_wconf 73' lang='lat' dir='ltr'><strong>continetur</strong></span> <span class='ocrx_word' id='word_1_361' title='bbox 2527 1062 2978 1130; x_wconf 78' lang='lat' dir='ltr'><strong>pseudo-historia</strong></span> <span class='ocrx_word' id='word_1_362' title='bbox 3033 1062 3244 1115; x_wconf 82' lang='lat' dir='ltr'><strong>concilii</strong></span> <span class='ocrx_word' id='word_1_363' title='bbox 3281 1060 3407 1114; x_wconf 83' lang='lat' dir='ltr'><strong>Fer-</strong></span> 
     </span>
    </p>
   </div>
   <div class='ocr_carea' id='block_1_55' title="bbox 1840 1149 3407 1205">
    <p class='ocr_par' dir='ltr' id='par_1_55' title="bbox 1840 1149 3407 1205">
     <span class='ocr_line' id='line_1_55' title="bbox 1840 1149 3407 1205; baseline -0.001 -4"><span class='ocrx_word' id='word_1_364' title='bbox 1840 1150 2089 1203; x_wconf 80' lang='lat' dir='ltr'><strong>rariemis</strong></span> <span class='ocrx_word' id='word_1_365' title='bbox 2126 1159 2175 1203; x_wconf 84' lang='lat' dir='ltr'><strong>el</strong></span> <span class='ocrx_word' id='word_1_366' title='bbox 2214 1149 2511 1203; x_wconf 77' lang='lat' dir='ltr'><strong>Florentini</strong></span> <span class='ocrx_word' id='word_1_367' title='bbox 2552 1168 2581 1203; x_wconf 85' lang='grc' dir='ltr'><strong>α</strong></span> <span class='ocrx_word' id='word_1_368' title='bbox 2618 1149 2888 1204; x_wconf 82' lang='lat' dir='ltr'><strong>Gennndio</strong></span> <span class='ocrx_word' id='word_1_369' title='bbox 2922 1151 3196 1205; x_wconf 80' lang='lat' dir='ltr'><strong>Scholario</strong></span> <span class='ocrx_word' id='word_1_370' title='bbox 3231 1168 3407 1201; x_wconf 66' lang='lat' dir='ltr'><strong>morm.</strong></span> 
     </span>
    </p>
   </div>
   <div class='ocr_carea' id='block_1_56' title="bbox 1788 1241 3404 1302">
    <p class='ocr_par' dir='ltr' id='par_1_56' title="bbox 1788 1241 3404 1302">
     <span class='ocr_line' id='line_1_56' title="bbox 1788 1241 3404 1302; baseline -0.001 -8"><span class='ocrx_word' id='word_1_371' title='bbox 1788 1273 1795 1280; x_wconf 85' lang='lat'><strong><em>-</em></strong></span> <span class='ocrx_word' id='word_1_372' title='bbox 1838 1243 1934 1294; x_wconf 68' lang='lat' dir='ltr'><strong>cllo</strong></span> <span class='ocrx_word' id='word_1_373' title='bbox 1987 1243 2323 1295; x_wconf 81' lang='lat' dir='ltr'><strong>schismatico</strong></span> <span class='ocrx_word' id='word_1_374' title='bbox 2376 1241 2581 1302; x_wconf 74' lang='lat' dir='ltr'><strong>Cra&#39;ro,</strong></span> <span class='ocrx_word' id='word_1_375' title='bbox 2640 1253 2688 1295; x_wconf 80' lang='lat' dir='ltr'><strong>et</strong></span> <span class='ocrx_word' id='word_1_376' title='bbox 2739 1243 2989 1297; x_wconf 64' lang='lat' dir='ltr'><strong>Ecclesia</strong></span> <span class='ocrx_word' id='word_1_377' title='bbox 3047 1242 3404 1296; x_wconf 76' lang='lat' dir='ltr'><strong>Occidentalrs</strong></span> 
     </span>
    </p>
   </div>
   <div class='ocr_carea' id='block_1_57' title="bbox 1835 1332 3405 1402">
    <p class='ocr_par' dir='ltr' id='par_1_57' title="bbox 1835 1332 3405 1402">
     <span class='ocr_line' id='line_1_57' title="bbox 1835 1332 3405 1402; baseline 0.002 -20"><span class='ocrx_word' id='word_1_378' title='bbox 1835 1343 2083 1400; x_wconf 80' lang='lat' dir='ltr'><strong>perpetuo</strong></span> <span class='ocrx_word' id='word_1_379' title='bbox 2122 1349 2184 1386; x_wconf 88' lang='lat' dir='ltr'><strong>ac</strong></span> <span class='ocrx_word' id='word_1_380' title='bbox 2220 1332 2573 1401; x_wconf 75' lang='lat' dir='ltr'><strong>infensissimo</strong></span> <span class='ocrx_word' id='word_1_381' title='bbox 2627 1334 2794 1396; x_wconf 83' lang='lat' dir='ltr'><strong>hoste,</strong></span> <span class='ocrx_word' id='word_1_382' title='bbox 2846 1336 2934 1402; x_wconf 85' lang='lat' dir='ltr'><strong>qui</strong></span> <span class='ocrx_word' id='word_1_383' title='bbox 2972 1344 3094 1388; x_wconf 83' lang='lat' dir='ltr'><strong>ante</strong></span> <span class='ocrx_word' id='word_1_384' title='bbox 3126 1334 3405 1386; x_wconf 80' lang='lat' dir='ltr'><strong>monacha-</strong></span> 
     </span>
    </p>
   </div>
   <div class='ocr_carea' id='block_1_58' title="bbox 1844 1420 3409 1494">
    <p class='ocr_par' dir='ltr' id='par_1_58' title="bbox 1844 1420 3409 1494">
     <span class='ocr_line' id='line_1_58' title="bbox 1844 1420 3409 1494; baseline -0.003 -18"><span class='ocrx_word' id='word_1_385' title='bbox 1844 1433 1952 1476; x_wconf 87' lang='lat' dir='ltr'><strong>tnm</strong></span> <span class='ocrx_word' id='word_1_386' title='bbox 1988 1420 2242 1493; x_wconf 75' lang='lat' dir='ltr'><strong>Georgius</strong></span> <span class='ocrx_word' id='word_1_387' title='bbox 2298 1423 2600 1477; x_wconf 77' lang='lat' dir='ltr'><strong>Scholarius</strong></span> <span class='ocrx_word' id='word_1_388' title='bbox 2633 1425 2925 1494; x_wconf 82' lang='lat' dir='ltr'><strong>appellatus</strong></span> <span class='ocrx_word' id='word_1_389' title='bbox 2981 1425 3174 1491; x_wconf 75' lang='lat' dir='ltr'><strong>fuerat,</strong></span> <span class='ocrx_word' id='word_1_390' title='bbox 3207 1435 3252 1477; x_wconf 86' lang='lat' dir='ltr'><strong>et</strong></span> <span class='ocrx_word' id='word_1_391' title='bbox 3286 1434 3409 1476; x_wconf 73' lang='lat' dir='ltr'><strong>mite</strong></span> 
     </span>
    </p>
   </div>
   <div class='ocr_carea' id='block_1_59' title="bbox 1838 1515 3411 1587">
    <p class='ocr_par' dir='ltr' id='par_1_59' title="bbox 1838 1515 3411 1587">
     <span class='ocr_line' id='line_1_59' title="bbox 1838 1515 3411 1587; baseline 0.001 -19"><span class='ocrx_word' id='word_1_392' title='bbox 1838 1518 2277 1587; x_wconf 83' lang='lat' dir='ltr'><strong>oppugnationem</strong></span> <span class='ocrx_word' id='word_1_393' title='bbox 2331 1515 2816 1583; x_wconf 82' lang='lat' dir='ltr'><strong>Constantinopolis</strong></span> <span class='ocrx_word' id='word_1_394' title='bbox 2864 1533 2957 1587; x_wconf 64' lang='lat' dir='ltr'><strong>per</strong></span> <span class='ocrx_word' id='word_1_395' title='bbox 2994 1516 3190 1571; x_wconf 78' lang='lat' dir='ltr'><strong>Turcas</strong></span> <span class='ocrx_word' id='word_1_396' title='bbox 3221 1518 3411 1570; x_wconf 69' lang='lat' dir='ltr'><strong>abiisse</strong></span> 
     </span>
    </p>
   </div>
   <div class='ocr_carea' id='block_1_60' title="bbox 1838 1607 3410 1677">
    <p class='ocr_par' dir='ltr' id='par_1_60' title="bbox 1838 1607 3410 1677">
     <span class='ocr_line' id='line_1_60' title="bbox 1838 1607 3410 1677; baseline -0.001 -15"><span class='ocrx_word' id='word_1_397' title='bbox 1838 1608 2061 1673; x_wconf 71' lang='lat' dir='ltr'><strong>videtur,</strong></span> <span class='ocrx_word' id='word_1_398' title='bbox 2096 1607 2325 1677; x_wconf 86' lang='lat' dir='ltr'><strong>maligne</strong></span> <span class='ocrx_word' id='word_1_399' title='bbox 2357 1617 2512 1676; x_wconf 85' lang='lat' dir='ltr'><strong>atque</strong></span> <span class='ocrx_word' id='word_1_400' title='bbox 2551 1609 2811 1670; x_wconf 79' lang='lat' dir='ltr'><strong>iniuriose</strong></span> <span class='ocrx_word' id='word_1_401' title='bbox 2864 1611 3186 1676; x_wconf 82' lang='lat' dir='ltr'><strong>conscripta.</strong></span> <span class='ocrx_word' id='word_1_402' title='bbox 3241 1609 3410 1674; x_wconf 79' lang='lat' dir='ltr'><strong>Quem</strong></span> 
     </span>
    </p>
   </div>
   <div class='ocr_carea' id='block_1_61' title="bbox 1840 1699 3412 1770">
    <p class='ocr_par' dir='ltr' id='par_1_61' title="bbox 1840 1699 3412 1770">
     <span class='ocr_line' id='line_1_61' title="bbox 1840 1699 3412 1770; baseline -0.004 -15"><span class='ocrx_word' id='word_1_403' title='bbox 1840 1701 2059 1756; x_wconf 85' lang='lat' dir='ltr'><strong>titulum</strong></span> <span class='ocrx_word' id='word_1_404' title='bbox 2094 1701 2195 1755; x_wconf 84' lang='lat' dir='ltr'><strong>sibi</strong></span> <span class='ocrx_word' id='word_1_405' title='bbox 2229 1700 2346 1770; x_wconf 85' lang='lat' dir='ltr'><strong>ipse</strong></span> <span class='ocrx_word' id='word_1_406' title='bbox 2388 1699 2717 1755; x_wconf 78' lang='lat' dir='ltr'><strong>Lambecius</strong></span> <span class='ocrx_word' id='word_1_407' title='bbox 2753 1700 3159 1761; x_wconf 80' lang='lat' dir='ltr'><strong>consarcinavit</strong></span> <span class='ocrx_word' id='word_1_408' title='bbox 3207 1713 3270 1752; x_wconf 79' lang='lat' dir='ltr'><strong>ex</strong></span> <span class='ocrx_word' id='word_1_409' title='bbox 3314 1699 3412 1752; x_wconf 81' lang='lat' dir='ltr'><strong>lal-</strong></span> 
     </span>
    </p>
   </div>
   <div class='ocr_carea' id='block_1_62' title="bbox 1773 1777 3410 1878">
    <p class='ocr_par' dir='ltr' id='par_1_62' title="bbox 1773 1777 3410 1878">
     <span class='ocr_line' id='line_1_62' title="bbox 1773 1777 3410 1878; baseline -0.004 -28"><span class='ocrx_word' id='word_1_410' title='bbox 1773 1777 1813 1838; x_wconf 78' lang='lat' dir='ltr'><strong>B</strong></span> <span class='ocrx_word' id='word_1_411' title='bbox 1842 1794 2077 1850; x_wconf 88' lang='lat' dir='ltr'><strong>sissimis</strong></span> <span class='ocrx_word' id='word_1_412' title='bbox 2120 1793 2452 1863; x_wconf 76' lang='lat' dir='ltr'><strong>coniecturis</strong></span> <span class='ocrx_word' id='word_1_413' title='bbox 2506 1793 2716 1847; x_wconf 88' lang='lat' dir='ltr'><strong>Allatii.</strong></span> <span class='ocrx_word' id='word_1_414' title='bbox 2755 1793 2812 1847; x_wconf 89' lang='lat' dir='ltr'><strong>in</strong></span> <span class='ocrx_word' id='word_1_415' title='bbox 2847 1794 2968 1878; x_wconf 56' lang='lat' dir='ltr'><strong>qod.</strong></span> <span class='ocrx_word' id='word_1_416' title='bbox 3021 1808 3147 1847; x_wconf 76' lang='lat' dir='ltr'><strong>vero</strong></span> <span class='ocrx_word' id='word_1_417' title='bbox 3198 1807 3304 1847; x_wconf 90' lang='lat' dir='ltr'><strong>ms.</strong></span> <span class='ocrx_word' id='word_1_418' title='bbox 3340 1792 3410 1845; x_wconf 80' lang='lat' dir='ltr'><strong>ita</strong></span> 
     </span>
    </p>
   </div>
   <div class='ocr_carea' id='block_1_63' title="bbox 1839 1885 3415 1956">
    <p class='ocr_par' dir='ltr' id='par_1_63' title="bbox 1839 1885 3415 1956">
     <span class='ocr_line' id='line_1_63' title="bbox 1839 1885 3415 1956; baseline -0.004 -14"><span class='ocrx_word' id='word_1_419' title='bbox 1839 1887 2130 1943; x_wconf 78' lang='lat' dir='ltr'><strong>exhibetur</strong></span> <span class='ocrx_word' id='word_1_420' title='bbox 2162 1902 2175 1940; x_wconf 89' lang='lat'>:</span> <span class='ocrx_word' id='word_1_421' title='bbox 2213 1885 2502 1939; x_wconf 74' lang='grc' dir='ltr'>Γενναδιου</span> <span class='ocrx_word' id='word_1_422' title='bbox 2557 1887 2854 1955; x_wconf 82' lang='grc' dir='ltr'>Σχολαρίου</span> <span class='ocrx_word' id='word_1_423' title='bbox 2893 1886 2960 1939; x_wconf 82' lang='grc' dir='ltr'><strong>τὰ.</strong></span> <span class='ocrx_word' id='word_1_424' title='bbox 3010 1888 3067 1938; x_wconf 77' lang='grc' dir='ltr'>ἐν</span> <span class='ocrx_word' id='word_1_425' title='bbox 3109 1889 3172 1954; x_wconf 79' lang='grc' dir='ltr'><strong>τῇ</strong></span> <span class='ocrx_word' id='word_1_426' title='bbox 3212 1886 3415 1956; x_wconf 86' lang='grc' dir='ltr'><strong>συνόδῳ</strong></span> 
     </span>
    </p>
   </div>
   <div class='ocr_carea' id='block_1_64' title="bbox 1842 1974 3411 2047">
    <p class='ocr_par' dir='ltr' id='par_1_64' title="bbox 1842 1974 3411 2047">
     <span class='ocr_line' id='line_1_64' title="bbox 1842 1974 3411 2047; baseline -0.003 -17"><span class='ocrx_word' id='word_1_427' title='bbox 1842 1976 2159 2046; x_wconf 72' lang='grc' dir='ltr'><strong>πραχθέντα</strong></span> <span class='ocrx_word' id='word_1_428' title='bbox 2229 1977 2294 2047; x_wconf 74' lang='grc' dir='ltr'><strong>τῇ</strong></span> <span class='ocrx_word' id='word_1_429' title='bbox 2353 1975 2515 2046; x_wconf 79' lang='grc' dir='ltr'><strong>ὀγδόῃ</strong></span> <span class='ocrx_word' id='word_1_430' title='bbox 2592 1974 2888 2044; x_wconf 69' lang='grc' dir='ltr'>ἱστορικῶς</span> <span class='ocrx_word' id='word_1_431' title='bbox 2948 1977 3014 2045; x_wconf 83' lang='grc' dir='ltr'><strong>τῇ</strong></span> <span class='ocrx_word' id='word_1_432' title='bbox 3078 1975 3411 2044; x_wconf 72' lang='grc' dir='ltr'><strong>Φλωρεντίᾳ,</strong></span> 
     </span>
    </p>
   </div>
   <div class='ocr_carea' id='block_1_65' title="bbox 1841 2066 3413 2136">
    <p class='ocr_par' dir='ltr' id='par_1_65' title="bbox 1841 2066 3413 2136">
     <span class='ocr_line' id='line_1_65' title="bbox 1841 2066 3413 2136; baseline -0.003 -12"><span class='ocrx_word' id='word_1_433' title='bbox 1841 2069 2104 2124; x_wconf 80' lang='lat' dir='ltr'><strong>Gennadii</strong></span> <span class='ocrx_word' id='word_1_434' title='bbox 2127 2066 2390 2124; x_wconf 82' lang='lat' dir='ltr'><strong>Schotnris&#39;</strong></span> <span class='ocrx_word' id='word_1_435' title='bbox 2418 2076 2538 2122; x_wconf 84' lang='lat' dir='ltr'><strong>acta</strong></span> <span class='ocrx_word' id='word_1_436' title='bbox 2591 2066 2884 2122; x_wconf 76' lang='lat' dir='ltr'><strong>Florentia:</strong></span> <span class='ocrx_word' id='word_1_437' title='bbox 2911 2067 2962 2120; x_wconf 90' lang='lat' dir='ltr'><strong>in</strong></span> <span class='ocrx_word' id='word_1_438' title='bbox 2997 2077 3182 2122; x_wconf 86' lang='lat' dir='ltr'><strong>octava</strong></span> <span class='ocrx_word' id='word_1_439' title='bbox 3215 2068 3413 2136; x_wconf 79' lang='lat' dir='ltr'><strong>synodo</strong></span> 
     </span>
    </p>
   </div>
   <div class='ocr_carea' id='block_1_66' title="bbox 1841 2158 3414 2230">
    <p class='ocr_par' dir='ltr' id='par_1_66' title="bbox 1841 2158 3414 2230">
     <span class='ocr_line' id='line_1_66' title="bbox 1841 2158 3414 2230; baseline -0.003 -15"><span class='ocrx_word' id='word_1_440' title='bbox 1841 2162 2087 2216; x_wconf 80' lang='lat' dir='ltr'><strong>historice</strong></span> <span class='ocrx_word' id='word_1_441' title='bbox 2141 2161 2460 2228; x_wconf 83' lang='lat' dir='ltr'><strong>conscripta.</strong></span> <span class='ocrx_word' id='word_1_442' title='bbox 2516 2158 2622 2227; x_wconf 87' lang='lat' dir='ltr'><strong>Qui</strong></span> <span class='ocrx_word' id='word_1_443' title='bbox 2660 2159 2853 2216; x_wconf 85' lang='lat' dir='ltr'><strong>titulus</strong></span> <span class='ocrx_word' id='word_1_444' title='bbox 2884 2159 2988 2215; x_wconf 90' lang='lat' dir='ltr'><strong>nisi</strong></span> <span class='ocrx_word' id='word_1_445' title='bbox 3051 2159 3414 2230; x_wconf 56' lang='lat' dir='ltr'><strong>Iypographrh</strong></span> 
     </span>
    </p>
   </div>
   <div class='ocr_carea' id='block_1_67' title="bbox 1842 2251 3414 2323">
    <p class='ocr_par' dir='ltr' id='par_1_67' title="bbox 1842 2251 3414 2323">
     <span class='ocr_line' id='line_1_67' title="bbox 1842 2251 3414 2323; baseline -0.003 -15"><span class='ocrx_word' id='word_1_446' title='bbox 1842 2269 1962 2308; x_wconf 90' lang='lat' dir='ltr'><strong>rum</strong></span> <span class='ocrx_word' id='word_1_447' title='bbox 1995 2254 2152 2323; x_wconf 85' lang='lat' dir='ltr'><strong>culpa</strong></span> <span class='ocrx_word' id='word_1_448' title='bbox 2191 2253 2458 2320; x_wconf 9' lang='lat' dir='ltr'><strong>est,vvitio</strong></span> <span class='ocrx_word' id='word_1_449' title='bbox 2493 2266 2602 2307; x_wconf 87' lang='lat' dir='ltr'><strong>non</strong></span> <span class='ocrx_word' id='word_1_450' title='bbox 2639 2260 2810 2316; x_wconf 78' lang='lat' dir='ltr'><strong>caret,</strong></span> <span class='ocrx_word' id='word_1_451' title='bbox 2867 2260 2921 2308; x_wconf 90' lang='lat' dir='ltr'><strong>et</strong></span> <span class='ocrx_word' id='word_1_452' title='bbox 2968 2251 3244 2306; x_wconf 58' lang='lat' dir='ltr'><strong>inertiam:</strong></span> <span class='ocrx_word' id='word_1_453' title='bbox 3271 2251 3414 2306; x_wconf 80' lang='lat' dir='ltr'><strong>scri-</strong></span> 
     </span>
    </p>
   </div>
   <div class='ocr_carea' id='block_1_68' title="bbox 1827 2342 3416 2418">
    <p class='ocr_par' dir='ltr' id='par_1_68' title="bbox 1827 2342 3416 2418">
     <span class='ocr_line' id='line_1_68' title="bbox 1827 2342 3416 2418; baseline -0.004 -17"><span class='ocrx_word' id='word_1_454' title='bbox 1827 2347 2011 2418; x_wconf 21' lang='lat' dir='ltr'><strong>iptoris</strong></span> <span class='ocrx_word' id='word_1_455' title='bbox 2034 2345 2254 2409; x_wconf 88' lang='lat' dir='ltr'><strong>indicat,</strong></span> <span class='ocrx_word' id='word_1_456' title='bbox 2274 2345 2355 2398; x_wconf 84' lang='lat' dir='ltr'><strong>vel</strong></span> <span class='ocrx_word' id='word_1_457' title='bbox 2373 2344 2553 2414; x_wconf 89' lang='lat' dir='ltr'><strong>potius</strong></span> <span class='ocrx_word' id='word_1_458' title='bbox 2575 2342 2937 2413; x_wconf 88' lang='lat' dir='ltr'><strong>possessoris.</strong></span> <span class='ocrx_word' id='word_1_459' title='bbox 2955 2342 3086 2396; x_wconf 83' lang='lat' dir='ltr'><strong>Nam</strong></span> <span class='ocrx_word' id='word_1_460' title='bbox 3113 2343 3416 2410; x_wconf 68' lang='lat' dir='ltr'><strong>saepissime</strong></span> 
     </span>
    </p>
   </div>
   <div class='ocr_carea' id='block_1_69' title="bbox 1845 2432 3417 2503">
    <p class='ocr_par' dir='ltr' id='par_1_69' title="bbox 1845 2432 3417 2503">
     <span class='ocr_line' id='line_1_69' title="bbox 1845 2432 3417 2503; baseline -0.004 -13"><span class='ocrx_word' id='word_1_461' title='bbox 1845 2436 1897 2491; x_wconf 91' lang='lat' dir='ltr'><strong>iu</strong></span> <span class='ocrx_word' id='word_1_462' title='bbox 1934 2435 2092 2490; x_wconf 87' lang='lat' dir='ltr'><strong>codd.</strong></span> <span class='ocrx_word' id='word_1_463' title='bbox 2127 2449 2257 2489; x_wconf 85' lang='lat' dir='ltr'><strong>mss.</strong></span> <span class='ocrx_word' id='word_1_464' title='bbox 2297 2435 2649 2503; x_wconf 85' lang='lat' dir='ltr'><strong>reperiuntur</strong></span> <span class='ocrx_word' id='word_1_465' title='bbox 2679 2433 2822 2487; x_wconf 88' lang='lat' dir='ltr'><strong>tituli</strong></span> <span class='ocrx_word' id='word_1_466' title='bbox 2866 2433 3059 2502; x_wconf 89' lang='lat' dir='ltr'><strong>scripti</strong></span> <span class='ocrx_word' id='word_1_467' title='bbox 3092 2432 3272 2486; x_wconf 87' lang='lat' dir='ltr'><strong>aliena</strong></span> <span class='ocrx_word' id='word_1_468' title='bbox 3307 2448 3417 2486; x_wconf 86' lang='lat' dir='ltr'><strong>ma-</strong></span> 
     </span>
    </p>
   </div>
   <div class='ocr_carea' id='block_1_70' title="bbox 1844 2523 3419 2595">
    <p class='ocr_par' dir='ltr' id='par_1_70' title="bbox 1844 2523 3419 2595">
     <span class='ocr_line' id='line_1_70' title="bbox 1844 2523 3419 2595; baseline -0.004 -13"><span class='ocrx_word' id='word_1_469' title='bbox 1844 2544 1940 2592; x_wconf 88' lang='lat' dir='ltr'><strong>nu,</strong></span> <span class='ocrx_word' id='word_1_470' title='bbox 1996 2529 2227 2595; x_wconf 88' lang='lat' dir='ltr'><strong>quoru&#39;m</strong></span> <span class='ocrx_word' id='word_1_471' title='bbox 2261 2527 2429 2588; x_wconf 81' lang='lat' dir='ltr'><strong>nulla,</strong></span> <span class='ocrx_word' id='word_1_472' title='bbox 2469 2525 2574 2579; x_wconf 85' lang='lat' dir='ltr'><strong>nisi</strong></span> <span class='ocrx_word' id='word_1_473' title='bbox 2616 2525 2833 2579; x_wconf 89' lang='lat' dir='ltr'><strong>aliunde</strong></span> <span class='ocrx_word' id='word_1_474' title='bbox 2861 2526 3232 2586; x_wconf 79' lang='lat' dir='ltr'><strong>cantirmetur,</strong></span> <span class='ocrx_word' id='word_1_475' title='bbox 3287 2523 3419 2590; x_wconf 61' lang='lat' dir='ltr'><strong>iiales</strong></span> 
     </span>
    </p>
   </div>
   <div class='ocr_carea' id='block_1_71' title="bbox 1846 2615 3417 2689">
    <p class='ocr_par' dir='ltr' id='par_1_71' title="bbox 1846 2615 3417 2689">
     <span class='ocr_line' id='line_1_71' title="bbox 1846 2615 3417 2689; baseline -0.003 -14"><span class='ocrx_word' id='word_1_476' title='bbox 1846 2621 1985 2689; x_wconf 84' lang='lat' dir='ltr'><strong>apud</strong></span> <span class='ocrx_word' id='word_1_477' title='bbox 2007 2619 2229 2676; x_wconf 89' lang='lat' dir='ltr'><strong>criticos</strong></span> <span class='ocrx_word' id='word_1_478' title='bbox 2261 2635 2381 2675; x_wconf 85' lang='lat' dir='ltr'><strong>esse</strong></span> <span class='ocrx_word' id='word_1_479' title='bbox 2408 2619 2566 2674; x_wconf 89' lang='lat' dir='ltr'><strong>solet.</strong></span> <span class='ocrx_word' id='word_1_480' title='bbox 2613 2617 2908 2688; x_wconf 89' lang='lat' dir='ltr'><strong>Specimen</strong></span> <span class='ocrx_word' id='word_1_481' title='bbox 2938 2633 3067 2671; x_wconf 86' lang='lat' dir='ltr'><strong>vero</strong></span> <span class='ocrx_word' id='word_1_482' title='bbox 3121 2633 3148 2669; x_wconf 85' lang='lat' dir='ltr'><strong>a</strong></span> <span class='ocrx_word' id='word_1_483' title='bbox 3191 2615 3417 2671; x_wconf 76' lang='lat' dir='ltr'><strong>Lambe-</strong></span> 
     </span>
    </p>
   </div>
   <div class='ocr_carea' id='block_1_72' title="bbox 1845 2707 3421 2780">
    <p class='ocr_par' dir='ltr' id='par_1_72' title="bbox 1845 2707 3421 2780">
     <span class='ocr_line' id='line_1_72' title="bbox 1845 2707 3421 2780; baseline -0.006 -12"><span class='ocrx_word' id='word_1_484' title='bbox 1845 2714 1932 2772; x_wconf 83' lang='lat' dir='ltr'><strong>cio</strong></span> <span class='ocrx_word' id='word_1_485' title='bbox 1962 2711 2266 2766; x_wconf 79' lang='lat' dir='ltr'><strong>exhibitum</strong></span> <span class='ocrx_word' id='word_1_486' title='bbox 2324 2719 2408 2765; x_wconf 87' lang='lat' dir='ltr'><strong>est</strong></span> <span class='ocrx_word' id='word_1_487' title='bbox 2439 2710 2711 2780; x_wconf 84' lang='lat' dir='ltr'><strong>ejusmodi</strong></span> <span class='ocrx_word' id='word_1_488' title='bbox 2743 2725 2758 2764; x_wconf 92' lang='lat'><strong>:</strong></span> <span class='ocrx_word' id='word_1_489' title='bbox 2804 2709 2871 2762; x_wconf 84' lang='grc' dir='ltr'><strong>Ἦ</strong></span> <span class='ocrx_word' id='word_1_490' title='bbox 2913 2710 2992 2769; x_wconf 78' lang='grc' dir='ltr'><strong>εἰς</strong></span> <span class='ocrx_word' id='word_1_491' title='bbox 3027 2709 3127 2776; x_wconf 75' lang='grc' dir='ltr'><strong>τὴν</strong></span> <span class='ocrx_word' id='word_1_492' title='bbox 3172 2707 3421 2777; x_wconf 79' lang='grc' dir='ltr'>Φεράραν</span> 
     </span>
    </p>
   </div>
   <div class='ocr_carea' id='block_1_73' title="bbox 1847 2800 3420 2872">
    <p class='ocr_par' dir='ltr' id='par_1_73' title="bbox 1847 2800 3420 2872">
     <span class='ocr_line' id='line_1_73' title="bbox 1847 2800 3420 2872; baseline -0.004 -14"><span class='ocrx_word' id='word_1_493' title='bbox 1847 2803 2140 2867; x_wconf 55' lang='lat' dir='ltr'><strong>cloacam;</strong></span> <span class='ocrx_word' id='word_1_494' title='bbox 2197 2803 2294 2855; x_wconf 79' lang='grc' dir='ltr'>σὺν</span> <span class='ocrx_word' id='word_1_495' title='bbox 2359 2801 2506 2872; x_wconf 62' lang='grc' dir='ltr'><strong>Θιῷν</strong></span> <span class='ocrx_word' id='word_1_496' title='bbox 2555 2802 2708 2855; x_wconf 74' lang='grc' dir='ltr'><strong>Μετὰ</strong></span> <span class='ocrx_word' id='word_1_497' title='bbox 2766 2801 2822 2854; x_wconf 79' lang='grc' dir='ltr'><strong>δὲ</strong></span> <span class='ocrx_word' id='word_1_498' title='bbox 2877 2801 2937 2854; x_wconf 86' lang='grc' dir='ltr'>τὸ</span> <span class='ocrx_word' id='word_1_499' title='bbox 2995 2800 3270 2854; x_wconf 77' lang='grc' dir='ltr'><strong>Σάὸὄατον</strong></span> <span class='ocrx_word' id='word_1_500' title='bbox 3319 2801 3420 2867; x_wconf 72' lang='grc' dir='ltr'><strong>τῆς</strong></span> 
     </span>
    </p>
   </div>
   <div class='ocr_carea' id='block_1_74' title="bbox 1847 2893 3422 2967">
    <p class='ocr_par' dir='ltr' id='par_1_74' title="bbox 1847 2893 3422 2967">
     <span class='ocr_line' id='line_1_74' title="bbox 1847 2893 3422 2967; baseline -0.004 -17"><span class='ocrx_word' id='word_1_501' title='bbox 1847 2895 2173 2967; x_wconf 67' lang='grc' dir='ltr'>Ἰύροφάγθυ</span> <span class='ocrx_word' id='word_1_502' title='bbox 2205 2894 2452 2964; x_wconf 72' lang='grc' dir='ltr'><strong>εἰσῆλθεν</strong></span> <span class='ocrx_word' id='word_1_503' title='bbox 2482 2896 2510 2948; x_wconf 89' lang='lat'><strong>6</strong></span> <span class='ocrx_word' id='word_1_504' title='bbox 2547 2894 2893 2964; x_wconf 76' lang='grc' dir='ltr'><strong>πατριάρχης</strong></span> <span class='ocrx_word' id='word_1_505' title='bbox 2927 2894 3006 2956; x_wconf 72' lang='grc' dir='ltr'><strong>εἰς</strong></span> <span class='ocrx_word' id='word_1_506' title='bbox 3039 2893 3138 2963; x_wconf 84' lang='grc' dir='ltr'><strong>τὴν</strong></span> <span class='ocrx_word' id='word_1_507' title='bbox 3172 2893 3422 2963; x_wconf 79' lang='grc' dir='ltr'>Φερᾱιραν</span> 
     </span>
    </p>
   </div>
   <div class='ocr_carea' id='block_1_75' title="bbox 1852 2983 3423 3058">
    <p class='ocr_par' dir='ltr' id='par_1_75' title="bbox 1852 2983 3423 3058">
     <span class='ocr_line' id='line_1_75' title="bbox 1852 2983 3423 3058; baseline -0.004 -17"><span class='ocrx_word' id='word_1_508' title='bbox 1852 2987 1991 3058; x_wconf 79' lang='grc' dir='ltr'><strong>μετά</strong></span> <span class='ocrx_word' id='word_1_509' title='bbox 2039 2983 2134 3040; x_wconf 74' lang='grc' dir='ltr'><strong>τοῦ</strong></span> <span class='ocrx_word' id='word_1_510' title='bbox 2195 2984 2480 3054; x_wconf 80' lang='grc' dir='ltr'>βασιλέως,</span> <span class='ocrx_word' id='word_1_511' title='bbox 2519 2985 2614 3037; x_wconf 78' lang='grc' dir='ltr'><strong>καὶ</strong></span> <span class='ocrx_word' id='word_1_512' title='bbox 2656 2983 2904 3052; x_wconf 75' lang='grc' dir='ltr'>εἰσῆλθεν</span> <span class='ocrx_word' id='word_1_513' title='bbox 2937 2984 3016 3044; x_wconf 76' lang='grc' dir='ltr'><strong>εἰς</strong></span> <span class='ocrx_word' id='word_1_514' title='bbox 3046 2983 3136 3037; x_wconf 81' lang='grc' dir='ltr'><strong>τὸν</strong></span> <span class='ocrx_word' id='word_1_515' title='bbox 3165 2985 3290 3044; x_wconf 75' lang='grc' dir='ltr'>ναὸν</span> <span class='ocrx_word' id='word_1_516' title='bbox 3327 2983 3423 3039; x_wconf 76' lang='grc' dir='ltr'><strong>τοῦ</strong></span> 
     </span>
    </p>
   </div>
   <div class='ocr_carea' id='block_1_76' title="bbox 1855 3075 3424 3148">
    <p class='ocr_par' dir='ltr' id='par_1_76' title="bbox 1855 3075 3424 3148">
     <span class='ocr_line' id='line_1_76' title="bbox 1855 3075 3424 3148; baseline -0.004 -14"><span class='ocrx_word' id='word_1_517' title='bbox 1855 3077 2010 3148; x_wconf 76' lang='grc' dir='ltr'>ἁγίου</span> <span class='ocrx_word' id='word_1_518' title='bbox 2078 3075 2376 3148; x_wconf 79' lang='grc' dir='ltr'><strong>Γεωργίου.</strong></span> <span class='ocrx_word' id='word_1_519' title='bbox 2444 3078 2556 3129; x_wconf 74' lang='grc' dir='ltr'><strong>Καὶ</strong></span> <span class='ocrx_word' id='word_1_520' title='bbox 2622 3078 2841 3147; x_wconf 85' lang='grc' dir='ltr'>πρῶτον</span> <span class='ocrx_word' id='word_1_521' title='bbox 2907 3076 3006 3145; x_wconf 78' lang='grc' dir='ltr'><strong>μὲν</strong></span> <span class='ocrx_word' id='word_1_522' title='bbox 3067 3076 3424 3144; x_wconf 69' lang='grc' dir='ltr'>ὲρραντίσατο</span> 
     </span>
    </p>
   </div>
   <div class='ocr_carea' id='block_1_77' title="bbox 1855 3166 3424 3240">
    <p class='ocr_par' dir='ltr' id='par_1_77' title="bbox 1855 3166 3424 3240">
     <span class='ocr_line' id='line_1_77' title="bbox 1855 3166 3424 3240; baseline -0.003 -18"><span class='ocrx_word' id='word_1_523' title='bbox 1855 3171 1963 3240; x_wconf 83' lang='lat' dir='ltr'><strong>(ita</strong></span> <span class='ocrx_word' id='word_1_524' title='bbox 2020 3170 2123 3238; x_wconf 87' lang='lat' dir='ltr'><strong>leg.</strong></span> <span class='ocrx_word' id='word_1_525' title='bbox 2175 3183 2274 3238; x_wconf 89' lang='lat' dir='ltr'><strong>pro</strong></span> <span class='ocrx_word' id='word_1_526' title='bbox 2323 3168 2662 3232; x_wconf 78' lang='grc' dir='ltr'><strong>ἐξαντίσατο,</strong></span> <span class='ocrx_word' id='word_1_527' title='bbox 2705 3181 2837 3225; x_wconf 80' lang='lat' dir='ltr'><strong>voce</strong></span> <span class='ocrx_word' id='word_1_528' title='bbox 2873 3166 3072 3235; x_wconf 86' lang='lat' dir='ltr'><strong>nihili)</strong></span> <span class='ocrx_word' id='word_1_529' title='bbox 3127 3166 3221 3219; x_wconf 73' lang='grc' dir='ltr'><strong>καὶ</strong></span> <span class='ocrx_word' id='word_1_530' title='bbox 3263 3167 3424 3227; x_wconf 63' lang='grc' dir='ltr'><strong>αὐτδς</strong></span> 
     </span>
    </p>
   </div>
   <div class='ocr_carea' id='block_1_78' title="bbox 1851 3256 3426 3333">
    <p class='ocr_par' dir='ltr' id='par_1_78' title="bbox 1851 3256 3426 3333">
     <span class='ocr_line' id='line_1_78' title="bbox 1851 3256 3426 3333; baseline -0.002 -18"><span class='ocrx_word' id='word_1_531' title='bbox 1851 3263 1944 3315; x_wconf 74' lang='grc' dir='ltr'><strong>καὶ</strong></span> <span class='ocrx_word' id='word_1_532' title='bbox 2000 3265 2025 3315; x_wconf 90' lang='lat'><strong>6</strong></span> <span class='ocrx_word' id='word_1_533' title='bbox 2093 3261 2438 3333; x_wconf 78' lang='grc' dir='ltr'><strong>πατριάρχης</strong></span> <span class='ocrx_word' id='word_1_534' title='bbox 2509 3260 2598 3315; x_wconf 78' lang='grc' dir='ltr'>διὰ</span> <span class='ocrx_word' id='word_1_535' title='bbox 2656 3259 2749 3313; x_wconf 77' lang='grc' dir='ltr'><strong>τοῦ</strong></span> <span class='ocrx_word' id='word_1_536' title='bbox 2828 3259 3232 3329; x_wconf 70' lang='grc' dir='ltr'>ραντιστηρίου·</span> <span class='ocrx_word' id='word_1_537' title='bbox 3307 3256 3426 3314; x_wconf 61' lang='grc' dir='ltr'><strong>εἶξα</strong></span> 
     </span>
    </p>
   </div>
   <div class='ocr_carea' id='block_1_79' title="bbox 1852 3351 3425 3422">
    <p class='ocr_par' dir='ltr' id='par_1_79' title="bbox 1852 3351 3425 3422">
     <span class='ocr_line' id='line_1_79' title="bbox 1852 3351 3425 3422; baseline -0.006 -10"><span class='ocrx_word' id='word_1_538' title='bbox 1852 3354 2134 3421; x_wconf 76' lang='grc' dir='ltr'>ὑπέδειξαν</span> <span class='ocrx_word' id='word_1_539' title='bbox 2183 3353 2332 3421; x_wconf 82' lang='grc' dir='ltr'><strong>αὐτῷ</strong></span> <span class='ocrx_word' id='word_1_540' title='bbox 2385 3355 2432 3405; x_wconf 87' lang='lat' dir='ltr'><strong>ol</strong></span> <span class='ocrx_word' id='word_1_541' title='bbox 2484 3353 2665 3407; x_wconf 73' lang='grc' dir='ltr'><strong>ἐκεῖσε</strong></span> <span class='ocrx_word' id='word_1_542' title='bbox 2727 3351 3099 3422; x_wconf 75' lang='grc' dir='ltr'>Λατινομάχοι</span> <span class='ocrx_word' id='word_1_543' title='bbox 3154 3351 3425 3418; x_wconf 74' lang='grc' dir='ltr'><strong>εὐμεγέοη</strong></span> 
     </span>
    </p>
   </div>
   <div class='ocr_carea' id='block_1_80' title="bbox 1850 3443 3427 3515">
    <p class='ocr_par' dir='ltr' id='par_1_80' title="bbox 1850 3443 3427 3515">
     <span class='ocr_line' id='line_1_80' title="bbox 1850 3443 3427 3515; baseline -0.003 -15"><span class='ocrx_word' id='word_1_544' title='bbox 1850 3448 1942 3501; x_wconf 71' lang='grc' dir='ltr'>καὶ</span> <span class='ocrx_word' id='word_1_545' title='bbox 1965 3447 2216 3515; x_wconf 77' lang='grc' dir='ltr'><strong>εὐτραφῆ</strong></span> <span class='ocrx_word' id='word_1_546' title='bbox 2261 3449 2441 3515; x_wconf 77' lang='grc' dir='ltr'>χεῖρα,</span> <span class='ocrx_word' id='word_1_547' title='bbox 2477 3445 2571 3498; x_wconf 82' lang='grc' dir='ltr'><strong>τοῦ</strong></span> <span class='ocrx_word' id='word_1_548' title='bbox 2618 3444 2776 3512; x_wconf 79' lang='grc' dir='ltr'>ἁγίου</span> <span class='ocrx_word' id='word_1_549' title='bbox 2832 3445 3110 3513; x_wconf 79' lang='grc' dir='ltr'><strong>Γεωργίου</strong></span> <span class='ocrx_word' id='word_1_550' title='bbox 3175 3443 3427 3510; x_wconf 74' lang='grc' dir='ltr'><strong>λέγοντες</strong></span> 
     </span>
    </p>
   </div>
   <div class='ocr_carea' id='block_1_81' title="bbox 1851 3530 3424 3603">
    <p class='ocr_par' dir='ltr' id='par_1_81' title="bbox 1851 3530 3424 3603">
     <span class='ocr_line' id='line_1_81' title="bbox 1851 3530 3424 3603; baseline -0.003 -14"><span class='ocrx_word' id='word_1_551' title='bbox 1851 3530 2009 3601; x_wconf 67' lang='grc' dir='ltr'>εἶναι,</span> <span class='ocrx_word' id='word_1_552' title='bbox 2051 3535 2156 3587; x_wconf 77' lang='grc' dir='ltr'><strong>ὑπδ</strong></span> <span class='ocrx_word' id='word_1_553' title='bbox 2207 3534 2420 3596; x_wconf 78' lang='grc' dir='ltr'><strong>σανίδος</strong></span> <span class='ocrx_word' id='word_1_554' title='bbox 2447 3531 2840 3602; x_wconf 79' lang='grc' dir='ltr'>κοιλανθείσης</span> <span class='ocrx_word' id='word_1_555' title='bbox 2873 3533 3294 3603; x_wconf 72' lang='grc' dir='ltr'><strong>περιεχομένην,</strong></span> <span class='ocrx_word' id='word_1_556' title='bbox 3319 3544 3424 3586; x_wconf 84' lang='lat' dir='ltr'><strong>etc.</strong></span> 
     </span>
    </p>
   </div>
   <div class='ocr_carea' id='block_1_82' title="bbox 1851 3621 3425 3691">
    <p class='ocr_par' dir='ltr' id='par_1_82' title="bbox 1851 3621 3425 3691">
     <span class='ocr_line' id='line_1_82' title="bbox 1851 3621 3425 3691; baseline -0.003 -14"><span class='ocrx_word' id='word_1_557' title='bbox 1851 3622 1968 3678; x_wconf 80' lang='lat' dir='ltr'><strong>Non</strong></span> <span class='ocrx_word' id='word_1_558' title='bbox 1992 3622 2230 3689; x_wconf 80' lang='lat' dir='ltr'><strong>viderat,</strong></span> <span class='ocrx_word' id='word_1_559' title='bbox 2253 3622 2472 3691; x_wconf 88' lang='lat' dir='ltr'><strong>opinor.</strong></span> <span class='ocrx_word' id='word_1_560' title='bbox 2500 3621 2828 3676; x_wconf 84' lang='lat' dir='ltr'><strong>Lambecius</strong></span> <span class='ocrx_word' id='word_1_561' title='bbox 2856 3621 3150 3676; x_wconf 82' lang='lat' dir='ltr'><strong>Historiam</strong></span> <span class='ocrx_word' id='word_1_562' title='bbox 3179 3623 3425 3691; x_wconf 78' lang='lat' dir='ltr'><strong>eiusdem</strong></span> 
     </span>
    </p>
   </div>
   <div class='ocr_carea' id='block_1_83' title="bbox 1851 3711 3423 3786">
    <p class='ocr_par' dir='ltr' id='par_1_83' title="bbox 1851 3711 3423 3786">
     <span class='ocr_line' id='line_1_83' title="bbox 1851 3711 3423 3786; baseline -0.004 -14"><span class='ocrx_word' id='word_1_563' title='bbox 1851 3715 2070 3772; x_wconf 88' lang='lat' dir='ltr'><strong>concilii</strong></span> <span class='ocrx_word' id='word_1_564' title='bbox 2103 3731 2133 3772; x_wconf 86' lang='lat' dir='ltr'><strong>a</strong></span> <span class='ocrx_word' id='word_1_565' title='bbox 2170 3715 2450 3786; x_wconf 80' lang='lat' dir='ltr'><strong>Sylvestro</strong></span> <span class='ocrx_word' id='word_1_566' title='bbox 2474 3711 2744 3785; x_wconf 75' lang='lat' dir='ltr'><strong>Syropuio</strong></span> <span class='ocrx_word' id='word_1_567' title='bbox 2775 3714 3056 3783; x_wconf 86' lang='lat' dir='ltr'><strong>scriptam,</strong></span> <span class='ocrx_word' id='word_1_568' title='bbox 3091 3714 3193 3769; x_wconf 90' lang='lat' dir='ltr'><strong>etsi</strong></span> <span class='ocrx_word' id='word_1_569' title='bbox 3219 3713 3423 3768; x_wconf 76' lang='lat' dir='ltr'><strong>editam</strong></span> 
     </span>
    </p>
   </div>
   <div class='ocr_carea' id='block_1_84' title="bbox 1852 3800 3425 3877">
    <p class='ocr_par' dir='ltr' id='par_1_84' title="bbox 1852 3800 3425 3877">
     <span class='ocr_line' id='line_1_84' title="bbox 1852 3800 3425 3877; baseline -0.003 -13"><span class='ocrx_word' id='word_1_570' title='bbox 1852 3800 2144 3877; x_wconf 81' lang='lat' dir='ltr'><strong>antequam</strong></span> <span class='ocrx_word' id='word_1_571' title='bbox 2178 3815 2433 3862; x_wconf 85' lang='lat' dir='ltr'><strong>octavum</strong></span> <span class='ocrx_word' id='word_1_572' title='bbox 2482 3806 2601 3874; x_wconf 90' lang='lat' dir='ltr'><strong>ipse</strong></span> <span class='ocrx_word' id='word_1_573' title='bbox 2651 3819 2806 3859; x_wconf 88' lang='lat' dir='ltr'><strong>suum</strong></span> <span class='ocrx_word' id='word_1_574' title='bbox 2859 3806 3057 3859; x_wconf 89' lang='lat' dir='ltr'><strong>librum</strong></span> <span class='ocrx_word' id='word_1_575' title='bbox 3099 3805 3425 3875; x_wconf 81' lang='lat' dir='ltr'><strong>publicaret,</strong></span> 
     </span>
    </p>
   </div>
   <div class='ocr_carea' id='block_1_85' title="bbox 1852 3897 3429 3970">
    <p class='ocr_par' dir='ltr' id='par_1_85' title="bbox 1852 3897 3429 3970">
     <span class='ocr_line' id='line_1_85' title="bbox 1852 3897 3429 3970; baseline -0.001 -14"><span class='ocrx_word' id='word_1_576' title='bbox 1852 3902 2012 3956; x_wconf 85' lang='lat' dir='ltr'><strong>annis</strong></span> <span class='ocrx_word' id='word_1_577' title='bbox 2045 3899 2269 3970; x_wconf 88' lang='lat' dir='ltr'><strong>integris</strong></span> <span class='ocrx_word' id='word_1_578' title='bbox 2287 3899 2475 3954; x_wconf 89' lang='lat' dir='ltr'><strong>decem</strong></span> <span class='ocrx_word' id='word_1_579' title='bbox 2506 3900 2558 3953; x_wconf 62' lang='grc' dir='ltr'><strong>εἰ</strong></span> <span class='ocrx_word' id='word_1_580' title='bbox 2581 3905 2724 3952; x_wconf 90' lang='lat' dir='ltr'><strong>octo.</strong></span> <span class='ocrx_word' id='word_1_581' title='bbox 2751 3897 2807 3951; x_wconf 89' lang='lat' dir='ltr'><strong>in</strong></span> <span class='ocrx_word' id='word_1_582' title='bbox 2836 3912 2899 3952; x_wconf 86' lang='lat' dir='ltr'><strong>ea</strong></span> <span class='ocrx_word' id='word_1_583' title='bbox 2925 3913 3089 3968; x_wconf 88' lang='lat' dir='ltr'><strong>porro</strong></span> <span class='ocrx_word' id='word_1_584' title='bbox 3115 3899 3228 3953; x_wconf 70' lang='lat' dir='ltr'><strong>haec</strong></span> <span class='ocrx_word' id='word_1_585' title='bbox 3266 3899 3429 3955; x_wconf 83' lang='lat' dir='ltr'><strong>verba</strong></span> 
     </span>
    </p>
   </div>
   <div class='ocr_carea' id='block_1_86' title="bbox 1853 3989 3425 4062">
    <p class='ocr_par' dir='ltr' id='par_1_86' title="bbox 1853 3989 3425 4062">
     <span class='ocr_line' id='line_1_86' title="bbox 1853 3989 3425 4062; baseline -0.001 -15"><span class='ocrx_word' id='word_1_586' title='bbox 1853 4009 1977 4062; x_wconf 79' lang='lat' dir='ltr'><strong>qua:</strong></span> <span class='ocrx_word' id='word_1_587' title='bbox 2012 3990 2125 4047; x_wconf 90' lang='lat' dir='ltr'><strong>sola</strong></span> <span class='ocrx_word' id='word_1_588' title='bbox 2160 3991 2320 4047; x_wconf 72' lang='lat' dir='ltr'><strong>nabis</strong></span> <span class='ocrx_word' id='word_1_589' title='bbox 2343 3989 2590 4048; x_wconf 75' lang='lat' dir='ltr'><strong>exhibuit</strong></span> <span class='ocrx_word' id='word_1_590' title='bbox 2611 3991 2927 4061; x_wconf 86' lang='lat' dir='ltr'><strong>speciminis</strong></span> <span class='ocrx_word' id='word_1_591' title='bbox 2955 3990 3078 4045; x_wconf 89' lang='lat' dir='ltr'><strong>loco</strong></span> <span class='ocrx_word' id='word_1_592' title='bbox 3102 3989 3352 4061; x_wconf 86' lang='lat' dir='ltr'><strong>leguntur</strong></span> <span class='ocrx_word' id='word_1_593' title='bbox 3372 4008 3425 4061; x_wconf 92' lang='lat' dir='ltr'><strong>p.</strong></span> 
     </span>
    </p>
   </div>
   <div class='ocr_carea' id='block_1_87' title="bbox 1813 4078 3427 4154">
    <p class='ocr_par' dir='ltr' id='par_1_87' title="bbox 1813 4078 3427 4154">
     <span class='ocr_line' id='line_1_87' title="bbox 1813 4078 3427 4154; baseline -0.002 -16"><span class='ocrx_word' id='word_1_594' title='bbox 1813 4112 1821 4118; x_wconf 96' lang='lat'><strong>-</strong></span> <span class='ocrx_word' id='word_1_595' title='bbox 1854 4088 1922 4142; x_wconf 76' lang='grc'><strong>89</strong></span> <span class='ocrx_word' id='word_1_596' title='bbox 1943 4084 2202 4139; x_wconf 90' lang='lat' dir='ltr'><strong>editionis</strong></span> <span class='ocrx_word' id='word_1_597' title='bbox 2234 4097 2353 4154; x_wconf 70' lang='lat' dir='ltr'><strong>quae</strong></span> <span class='ocrx_word' id='word_1_598' title='bbox 2381 4082 2537 4138; x_wconf 89' lang='lat' dir='ltr'><strong>unica</strong></span> <span class='ocrx_word' id='word_1_599' title='bbox 2563 4092 2665 4146; x_wconf 90' lang='lat' dir='ltr'><strong>est,</strong></span> <span class='ocrx_word' id='word_1_600' title='bbox 2714 4078 3136 4152; x_wconf 64' lang='lat' dir='ltr'><strong>[lagae-Comitis</strong></span> <span class='ocrx_word' id='word_1_601' title='bbox 3160 4083 3427 4147; x_wconf 73' lang='lat' dir='ltr'><strong>an.1660,</strong></span> 
     </span>
    </p>
   </div>
   <div class='ocr_carea' id='block_1_88' title="bbox 1855 4176 3429 4246">
    <p class='ocr_par' dir='ltr' id='par_1_88' title="bbox 1855 4176 3429 4246">
     <span class='ocr_line' id='line_1_88' title="bbox 1855 4176 3429 4246; baseline -0.001 -14"><span class='ocrx_word' id='word_1_602' title='bbox 1855 4178 2105 4233; x_wconf 89' lang='lat' dir='ltr'><strong>utetiam</strong></span> <span class='ocrx_word' id='word_1_603' title='bbox 2162 4177 2217 4230; x_wconf 91' lang='lat' dir='ltr'><strong>in</strong></span> <span class='ocrx_word' id='word_1_604' title='bbox 2265 4176 2588 4230; x_wconf 87' lang='lat' dir='ltr'><strong>authentico</strong></span> <span class='ocrx_word' id='word_1_605' title='bbox 2637 4185 2691 4229; x_wconf 91' lang='lat' dir='ltr'><strong>et</strong></span> <span class='ocrx_word' id='word_1_606' title='bbox 2740 4177 3078 4246; x_wconf 79' lang='lat' dir='ltr'><strong>autographa</strong></span> <span class='ocrx_word' id='word_1_607' title='bbox 3130 4179 3429 4246; x_wconf 68' lang='lat' dir='ltr'><strong>eaeinpiari</strong></span> 
     </span>
    </p>
   </div>
   <div class='ocr_carea' id='block_1_89' title="bbox 1855 4270 3428 4341">
    <p class='ocr_par' dir='ltr' id='par_1_89' title="bbox 1855 4270 3428 4341">
     <span class='ocr_line' id='line_1_89' title="bbox 1855 4270 3428 4341; baseline -0.001 -15"><span class='ocrx_word' id='word_1_608' title='bbox 1855 4272 2030 4340; x_wconf 86' lang='lat' dir='ltr'><strong>ipsius</strong></span> <span class='ocrx_word' id='word_1_609' title='bbox 2093 4270 2344 4341; x_wconf 84' lang='lat' dir='ltr'><strong>Syropuii</strong></span> <span class='ocrx_word' id='word_1_610' title='bbox 2419 4270 2795 4338; x_wconf 87' lang='lat' dir='ltr'><strong>manuscripto</strong></span> <span class='ocrx_word' id='word_1_611' title='bbox 2846 4287 2858 4322; x_wconf 94' lang='lat'>:</span> <span class='ocrx_word' id='word_1_612' title='bbox 2915 4272 3060 4324; x_wconf 80' lang='lat' dir='ltr'><strong>unde</strong></span> <span class='ocrx_word' id='word_1_613' title='bbox 3121 4273 3428 4339; x_wconf 77' lang='lat' dir='ltr'><strong>exetnplum</strong></span> 
     </span>
    </p>
   </div>
   <div class='ocr_carea' id='block_1_90' title="bbox 1855 4359 3431 4434">
    <p class='ocr_par' dir='ltr' id='par_1_90' title="bbox 1855 4359 3431 4434">
     <span class='ocr_line' id='line_1_90' title="bbox 1855 4359 3431 4434; baseline -0.001 -17"><span class='ocrx_word' id='word_1_614' title='bbox 1855 4362 2193 4434; x_wconf 87' lang='lat' dir='ltr'><strong>descriptum</strong></span> <span class='ocrx_word' id='word_1_615' title='bbox 2254 4376 2285 4416; x_wconf 89' lang='lat' dir='ltr'><strong>a</strong></span> <span class='ocrx_word' id='word_1_616' title='bbox 2339 4361 2570 4417; x_wconf 78' lang='lat' dir='ltr'><strong>Claudio</strong></span> <span class='ocrx_word' id='word_1_617' title='bbox 2628 4359 2886 4434; x_wconf 87' lang='lat' dir='ltr'><strong>Sarravio</strong></span> <span class='ocrx_word' id='word_1_618' title='bbox 2954 4361 3146 4415; x_wconf 84' lang='lat' dir='ltr'><strong>habuit</strong></span> <span class='ocrx_word' id='word_1_619' title='bbox 3209 4362 3431 4416; x_wconf 82' lang='lat' dir='ltr'><strong>l-saacus</strong></span> 
     </span>
    </p>
   </div>
   <div class='ocr_carea' id='block_1_91' title="bbox 270 4449 3430 4522">
    <p class='ocr_par' dir='ltr' id='par_1_91' title="bbox 270 4449 3430 4522">
     <span class='ocr_line' id='line_1_91' title="bbox 270 4449 3430 4522; baseline 0.001 -18"><span class='ocrx_word' id='word_1_620' title='bbox 270 4450 500 4520; x_wconf 84' lang='lat' dir='ltr'><strong>Epistola</strong></span> <span class='ocrx_word' id='word_1_621' title='bbox 563 4452 682 4507; x_wconf 58' lang='lat' dir='ltr'><strong>hac</strong></span> <span class='ocrx_word' id='word_1_622' title='bbox 741 4451 928 4507; x_wconf 87' lang='lat' dir='ltr'><strong>eadem</strong></span> <span class='ocrx_word' id='word_1_623' title='bbox 990 4460 1074 4509; x_wconf 90' lang='lat' dir='ltr'><strong>est</strong></span> <span class='ocrx_word' id='word_1_624' title='bbox 1127 4449 1290 4522; x_wconf 82' lang='lat' dir='ltr'><strong>quam</strong></span> <span class='ocrx_word' id='word_1_625' title='bbox 1350 4451 2112 4518; x_wconf 75' lang='lat' dir='ltr'><strong>reiertexstarenVossius,</strong></span> <span class='ocrx_word' id='word_1_626' title='bbox 2185 4466 2254 4506; x_wconf 84' lang='lat' dir='ltr'><strong>an</strong></span> <span class='ocrx_word' id='word_1_627' title='bbox 2309 4466 2376 4506; x_wconf 89' lang='lat' dir='ltr'><strong>eo</strong></span> <span class='ocrx_word' id='word_1_628' title='bbox 2434 4452 2702 4516; x_wconf 78' lang='lat' dir='ltr'><strong>prcrtus</strong></span> <span class='ocrx_word' id='word_1_629' title='bbox 2762 4453 3174 4522; x_wconf 70' lang='lat' dir='ltr'><strong>Crcygthonm,</strong></span> <span class='ocrx_word' id='word_1_630' title='bbox 3230 4455 3430 4506; x_wconf 75' lang='lat' dir='ltr'><strong>inﬁdus</strong></span> 
     </span>
    </p>
   </div>
   <div class='ocr_carea' id='block_1_92' title="bbox 197 4543 1760 4620">
    <p class='ocr_par' dir='ltr' id='par_1_92' title="bbox 197 4543 1760 4620">
     <span class='ocr_line' id='line_1_92' title="bbox 197 4543 1760 4620; baseline 0.004 -24"><span class='ocrx_word' id='word_1_631' title='bbox 197 4543 516 4606; x_wconf 80' lang='lat' dir='ltr'><strong>Lambecius</strong></span> <span class='ocrx_word' id='word_1_632' title='bbox 548 4545 605 4602; x_wconf 90' lang='lat' dir='ltr'><strong>in</strong></span> <span class='ocrx_word' id='word_1_633' title='bbox 635 4544 965 4604; x_wconf 89' lang='lat' dir='ltr'><strong>bibliotheca</strong></span> <span class='ocrx_word' id='word_1_634' title='bbox 1001 4547 1410 4604; x_wconf 77' lang='lat' dir='ltr'><strong>Vindohonensi</strong></span> <span class='ocrx_word' id='word_1_635' title='bbox 1456 4552 1521 4604; x_wconf 89' lang='lat' dir='ltr'><strong>ad</strong></span> <span class='ocrx_word' id='word_1_636' title='bbox 1570 4566 1760 4620; x_wconf 88' lang='lat' dir='ltr'><strong>quem-</strong></span> 
     </span>
    </p>
   </div>
   <div class='ocr_carea' id='block_1_93' title="bbox 196 4635 1759 4710">
    <p class='ocr_par' dir='ltr' id='par_1_93' title="bbox 196 4635 1759 4710">
     <span class='ocr_line' id='line_1_93' title="bbox 196 4635 1759 4710; baseline 0.006 -24"><span class='ocrx_word' id='word_1_637' title='bbox 196 4636 317 4688; x_wconf 85' lang='lat' dir='ltr'><strong>dam</strong></span> <span class='ocrx_word' id='word_1_638' title='bbox 353 4635 678 4690; x_wconf 79' lang='lat' dir='ltr'><strong>monacbum</strong></span> <span class='ocrx_word' id='word_1_639' title='bbox 729 4651 746 4690; x_wconf 88' lang='lat'><strong>:</strong></span> <span class='ocrx_word' id='word_1_640' title='bbox 793 4650 919 4691; x_wconf 82' lang='lat' dir='ltr'><strong>nam</strong></span> <span class='ocrx_word' id='word_1_641' title='bbox 959 4637 1140 4693; x_wconf 81' lang='lat' dir='ltr'><strong>verbis</strong></span> <span class='ocrx_word' id='word_1_642' title='bbox 1170 4638 1362 4696; x_wconf 87' lang='lat' dir='ltr'><strong>iisdem</strong></span> <span class='ocrx_word' id='word_1_643' title='bbox 1411 4639 1624 4710; x_wconf 86' lang='lat' dir='ltr'><strong>incipit.</strong></span> <span class='ocrx_word' id='word_1_644' title='bbox 1654 4641 1759 4696; x_wconf 87' lang='lat' dir='ltr'><strong>Sed</strong></span> 
     </span>
    </p>
   </div>
   <div class='ocr_carea' id='block_1_94' title="bbox 197 4728 1758 4795">
    <p class='ocr_par' dir='ltr' id='par_1_94' title="bbox 197 4728 1758 4795">
     <span class='ocr_line' id='line_1_94' title="bbox 197 4728 1758 4795; baseline 0.004 -17"><span class='ocrx_word' id='word_1_645' title='bbox 197 4728 339 4795; x_wconf 87' lang='lat' dir='ltr'><strong>quod</strong></span> <span class='ocrx_word' id='word_1_646' title='bbox 403 4728 568 4783; x_wconf 85' lang='lat' dir='ltr'><strong>aliam</strong></span> <span class='ocrx_word' id='word_1_647' title='bbox 624 4736 874 4784; x_wconf 87' lang='lat' dir='ltr'><strong>recenset</strong></span> <span class='ocrx_word' id='word_1_648' title='bbox 917 4728 985 4784; x_wconf 84' lang='lat' dir='ltr'><strong>ad</strong></span> <span class='ocrx_word' id='word_1_649' title='bbox 1035 4728 1380 4788; x_wconf 82' lang='lat' dir='ltr'><strong>Joachimum</strong></span> <span class='ocrx_word' id='word_1_650' title='bbox 1430 4735 1758 4790; x_wconf 84' lang='lat' dir='ltr'><strong>monachum</strong></span> 
     </span>
    </p>
   </div>
   <div class='ocr_carea' id='block_1_95' title="bbox 201 4819 1792 4894">
    <p class='ocr_par' dir='ltr' id='par_1_95' title="bbox 201 4819 1792 4894">
     <span class='ocr_line' id='line_1_95' title="bbox 201 4819 1792 4894; baseline 0.005 -22"><span class='ocrx_word' id='word_1_651' title='bbox 201 4819 456 4874; x_wconf 84' lang='lat' dir='ltr'><strong>Sinaitam</strong></span> <span class='ocrx_word' id='word_1_652' title='bbox 504 4821 572 4875; x_wconf 87' lang='lat' dir='ltr'><strong>de</strong></span> <span class='ocrx_word' id='word_1_653' title='bbox 625 4821 1017 4877; x_wconf 81' lang='lat' dir='ltr'><strong>controversiis</strong></span> <span class='ocrx_word' id='word_1_654' title='bbox 1073 4822 1403 4893; x_wconf 84' lang='lat' dir='ltr'><strong>quibusdam</strong></span> <span class='ocrx_word' id='word_1_655' title='bbox 1441 4826 1640 4894; x_wconf 86' lang='lat' dir='ltr'><strong>partim</strong></span> <span class='ocrx_word' id='word_1_656' title='bbox 1691 4823 1792 4880; x_wconf 79' lang='lat' dir='ltr'><strong>ad’</strong></span> 
     </span>
    </p>
   </div>
   <div class='ocr_carea' id='block_1_96' title="bbox 202 4914 1759 4988">
    <p class='ocr_par' dir='ltr' id='par_1_96' title="bbox 202 4914 1759 4988">
     <span class='ocr_line' id='line_1_96' title="bbox 202 4914 1759 4988; baseline 0.008 -26"><span class='ocrx_word' id='word_1_657' title='bbox 202 4914 558 4982; x_wconf 82' lang='lat' dir='ltr'><strong>patrisrcbam</strong></span> <span class='ocrx_word' id='word_1_658' title='bbox 597 4914 1174 4988; x_wconf 77' lang='lat' dir='ltr'><strong>Hierosolymitanum,</strong></span> <span class='ocrx_word' id='word_1_659' title='bbox 1217 4919 1412 4988; x_wconf 87' lang='lat' dir='ltr'><strong>partim</strong></span> <span class='ocrx_word' id='word_1_660' title='bbox 1456 4920 1521 4973; x_wconf 88' lang='lat' dir='ltr'><strong>ad</strong></span> <span class='ocrx_word' id='word_1_661' title='bbox 1563 4917 1759 4974; x_wconf 81' lang='lat' dir='ltr'><strong>Arme-</strong></span> 
     </span>
    </p>
   </div>
   <div class='ocr_carea' id='block_1_97' title="bbox 201 5002 1757 5078">
    <p class='ocr_par' dir='ltr' id='par_1_97' title="bbox 201 5002 1757 5078">
     <span class='ocr_line' id='line_1_97' title="bbox 201 5002 1757 5078; baseline 0.006 -23"><span class='ocrx_word' id='word_1_662' title='bbox 201 5005 322 5060; x_wconf 84' lang='lat' dir='ltr'><strong>nios</strong></span> <span class='ocrx_word' id='word_1_663' title='bbox 341 5013 394 5059; x_wconf 87' lang='lat' dir='ltr'><strong>et</strong></span> <span class='ocrx_word' id='word_1_664' title='bbox 438 5002 664 5058; x_wconf 87' lang='lat' dir='ltr'><strong>Latinos</strong></span> <span class='ocrx_word' id='word_1_665' title='bbox 696 5005 816 5059; x_wconf 88' lang='lat' dir='ltr'><strong>ioca</strong></span> <span class='ocrx_word' id='word_1_666' title='bbox 842 5021 1000 5061; x_wconf 88' lang='lat' dir='ltr'><strong>sacra</strong></span> <span class='ocrx_word' id='word_1_667' title='bbox 1034 5007 1333 5064; x_wconf 84' lang='lat' dir='ltr'><strong>invisentes</strong></span> <span class='ocrx_word' id='word_1_668' title='bbox 1359 5009 1757 5078; x_wconf 81' lang='lat' dir='ltr'><strong>spectantibus,</strong></span> 
     </span>
    </p>
   </div>
   <div class='ocr_carea' id='block_1_98' title="bbox 201 5096 1761 5168">
    <p class='ocr_par' dir='ltr' id='par_1_98' title="bbox 201 5096 1761 5168">
     <span class='ocr_line' id='line_1_98' title="bbox 201 5096 1761 5168; baseline 0.007 -22"><span class='ocrx_word' id='word_1_669' title='bbox 201 5109 544 5160; x_wconf 57' lang='lat' dir='ltr'><strong>veremur.”</strong></span> <span class='ocrx_word' id='word_1_670' title='bbox 574 5096 844 5152; x_wconf 18' lang='lat' dir='ltr'><strong>rvitiosum</strong></span> <span class='ocrx_word' id='word_1_671' title='bbox 875 5100 1158 5167; x_wconf 80' lang='lat' dir='ltr'><strong>exemplar</strong></span> <span class='ocrx_word' id='word_1_672' title='bbox 1183 5101 1299 5156; x_wconf 82' lang='lat' dir='ltr'><strong>viro</strong></span> <span class='ocrx_word' id='word_1_673' title='bbox 1334 5099 1761 5168; x_wconf 83' lang='lat' dir='ltr'><strong>diligentissimo</strong></span> 
     </span>
    </p>
   </div>
   <div class='ocr_carea' id='block_1_99' title="bbox 202 5184 1761 5262">
    <p class='ocr_par' dir='ltr' id='par_1_99' title="bbox 202 5184 1761 5262">
     <span class='ocr_line' id='line_1_99' title="bbox 202 5184 1761 5262; baseline 0.008 -26"><span class='ocrx_word' id='word_1_674' title='bbox 202 5184 374 5241; x_wconf 85' lang='lat' dir='ltr'><strong>lrandi</strong></span> <span class='ocrx_word' id='word_1_675' title='bbox 403 5187 590 5244; x_wconf 79' lang='lat' dir='ltr'><strong>fuerit.</strong></span> <span class='ocrx_word' id='word_1_676' title='bbox 622 5188 754 5244; x_wconf 79' lang='lat' dir='ltr'><strong>Nam</strong></span> <span class='ocrx_word' id='word_1_677' title='bbox 785 5190 854 5246; x_wconf 90' lang='lat' dir='ltr'><strong>de</strong></span> <span class='ocrx_word' id='word_1_678' title='bbox 879 5205 946 5245; x_wconf 90' lang='lat' dir='ltr'><strong>eo</strong></span> <span class='ocrx_word' id='word_1_679' title='bbox 972 5189 1259 5246; x_wconf 69' lang='lat' dir='ltr'><strong>loachimo</strong></span> <span class='ocrx_word' id='word_1_680' title='bbox 1284 5193 1522 5262; x_wconf 84' lang='lat' dir='ltr'><strong>loquitur</strong></span> <span class='ocrx_word' id='word_1_681' title='bbox 1543 5195 1761 5250; x_wconf 85' lang='lat' dir='ltr'><strong>Genna-</strong></span> 
     </span>
    </p>
   </div>
   <div class='ocr_carea' id='block_1_100' title="bbox 199 5277 1764 5358">
    <p class='ocr_par' dir='ltr' id='par_1_100' title="bbox 199 5277 1764 5358">
     <span class='ocr_line' id='line_1_100' title="bbox 199 5277 1764 5358; baseline 0.008 -29"><span class='ocrx_word' id='word_1_682' title='bbox 199 5277 324 5332; x_wconf 88' lang='lat' dir='ltr'><strong>dius</strong></span> <span class='ocrx_word' id='word_1_683' title='bbox 349 5281 573 5346; x_wconf 88' lang='lat' dir='ltr'><strong>epistola</strong></span> <span class='ocrx_word' id='word_1_684' title='bbox 601 5283 667 5334; x_wconf 90' lang='lat' dir='ltr'><strong>ad</strong></span> <span class='ocrx_word' id='word_1_685' title='bbox 713 5281 1008 5339; x_wconf 64' lang='lat' dir='ltr'><strong>Haaimum</strong></span> <span class='ocrx_word' id='word_1_686' title='bbox 1046 5282 1409 5354; x_wconf 78' lang='lat' dir='ltr'><strong>Sophianum,</strong></span> <span class='ocrx_word' id='word_1_687' title='bbox 1444 5303 1474 5342; x_wconf 86' lang='lat' dir='ltr'><strong>a</strong></span> <span class='ocrx_word' id='word_1_688' title='bbox 1524 5303 1659 5358; x_wconf 86' lang='lat' dir='ltr'><strong>quo,</strong></span> <span class='ocrx_word' id='word_1_689' title='bbox 1704 5298 1764 5342; x_wconf 86' lang='lat' dir='ltr'><strong>ut</strong></span> 
     </span>
    </p>
   </div>
   <div class='ocr_carea' id='block_1_101' title="bbox 201 5369 1758 5449">
    <p class='ocr_par' dir='ltr' id='par_1_101' title="bbox 201 5369 1758 5449">
     <span class='ocr_line' id='line_1_101' title="bbox 201 5369 1758 5449; baseline 0.01 -28"><span class='ocrx_word' id='word_1_690' title='bbox 201 5382 230 5421; x_wconf 85' lang='lat' dir='ltr'><strong>a</strong></span> <span class='ocrx_word' id='word_1_691' title='bbox 281 5369 539 5442; x_wconf 84' lang='lat' dir='ltr'><strong>Gregorio</strong></span> <span class='ocrx_word' id='word_1_692' title='bbox 593 5373 863 5429; x_wconf 79' lang='lat' dir='ltr'><strong>didicerat</strong></span> <span class='ocrx_word' id='word_1_693' title='bbox 896 5389 959 5431; x_wconf 87' lang='lat' dir='ltr'><strong>ea</strong></span> <span class='ocrx_word' id='word_1_694' title='bbox 1008 5390 1131 5443; x_wconf 65' lang='lat' dir='ltr'><strong>qua</strong></span> <span class='ocrx_word' id='word_1_695' title='bbox 1181 5377 1517 5433; x_wconf 87' lang='lat' dir='ltr'><strong>Sinaitarnm</strong></span> <span class='ocrx_word' id='word_1_696' title='bbox 1572 5397 1758 5449; x_wconf 89' lang='lat' dir='ltr'><strong>pacem</strong></span> 
     </span>
    </p>
   </div>
   <div class='ocr_carea' id='block_1_102' title="bbox 205 5462 1761 5536">
    <p class='ocr_par' dir='ltr' id='par_1_102' title="bbox 205 5462 1761 5536">
     <span class='ocr_line' id='line_1_102' title="bbox 205 5462 1761 5536; baseline 0.01 -22"><span class='ocrx_word' id='word_1_697' title='bbox 205 5462 505 5519; x_wconf 85' lang='lat' dir='ltr'><strong>turbabant.</strong></span> <span class='ocrx_word' id='word_1_698' title='bbox 538 5465 676 5520; x_wconf 87' lang='lat' dir='ltr'><strong>Cum</strong></span> <span class='ocrx_word' id='word_1_699' title='bbox 703 5467 867 5536; x_wconf 86' lang='lat' dir='ltr'><strong>igitur</strong></span> <span class='ocrx_word' id='word_1_700' title='bbox 917 5483 1020 5523; x_wconf 82' lang='lat' dir='ltr'><strong>eos</strong></span> <span class='ocrx_word' id='word_1_701' title='bbox 1043 5471 1228 5525; x_wconf 83' lang='lat' dir='ltr'><strong>statim</strong></span> <span class='ocrx_word' id='word_1_702' title='bbox 1270 5471 1573 5528; x_wconf 88' lang='lat' dir='ltr'><strong>remisisset</strong></span> <span class='ocrx_word' id='word_1_703' title='bbox 1612 5490 1761 5528; x_wconf 80' lang='lat' dir='ltr'><strong>man-</strong></span> 
     </span>
    </p>
   </div>
   <div class='ocr_carea' id='block_1_103' title="bbox 204 5553 1761 5636">
    <p class='ocr_par' dir='ltr' id='par_1_103' title="bbox 204 5553 1761 5636">
     <span class='ocr_line' id='line_1_103' title="bbox 204 5553 1761 5636; baseline 0.012 -34"><span class='ocrx_word' id='word_1_704' title='bbox 204 5553 342 5609; x_wconf 82' lang='lat' dir='ltr'><strong>datis</strong></span> <span class='ocrx_word' id='word_1_705' title='bbox 368 5557 687 5621; x_wconf 88' lang='lat' dir='ltr'><strong>instructos,</strong></span> <span class='ocrx_word' id='word_1_706' title='bbox 719 5569 777 5612; x_wconf 89' lang='lat' dir='ltr'><strong>ut</strong></span> <span class='ocrx_word' id='word_1_707' title='bbox 812 5561 1025 5627; x_wconf 88' lang='lat' dir='ltr'><strong>plenius</strong></span> <span class='ocrx_word' id='word_1_708' title='bbox 1054 5562 1120 5617; x_wconf 88' lang='lat' dir='ltr'><strong>de</strong></span> <span class='ocrx_word' id='word_1_709' title='bbox 1146 5578 1212 5618; x_wconf 90' lang='lat' dir='ltr'><strong>eo</strong></span> <span class='ocrx_word' id='word_1_710' title='bbox 1263 5575 1586 5635; x_wconf 87' lang='lat' dir='ltr'><strong>argumento</strong></span> <span class='ocrx_word' id='word_1_711' title='bbox 1620 5570 1761 5636; x_wconf 85' lang='lat' dir='ltr'><strong>apud</strong></span> 
     </span>
    </p>
   </div>
   <div class='ocr_carea' id='block_1_104' title="bbox 204 5645 1759 5720">
    <p class='ocr_par' dir='ltr' id='par_1_104' title="bbox 204 5645 1759 5720">
     <span class='ocr_line' id='line_1_104' title="bbox 204 5645 1759 5720; baseline 0.008 -19"><span class='ocrx_word' id='word_1_712' title='bbox 204 5645 435 5704; x_wconf 87' lang='lat' dir='ltr'><strong>Sinaitas</strong></span> <span class='ocrx_word' id='word_1_713' title='bbox 491 5651 861 5720; x_wconf 87' lang='lat' dir='ltr'><strong>loquerentur.</strong></span> <span class='ocrx_word' id='word_1_714' title='bbox 932 5654 996 5706; x_wconf 82' lang='lat' dir='ltr'><strong>ad</strong></span> <span class='ocrx_word' id='word_1_715' title='bbox 1049 5656 1392 5711; x_wconf 81' lang='lat' dir='ltr'><strong>.loachimum</strong></span> <span class='ocrx_word' id='word_1_716' title='bbox 1453 5658 1520 5711; x_wconf 91' lang='lat' dir='ltr'><strong>de</strong></span> <span class='ocrx_word' id='word_1_717' title='bbox 1571 5661 1759 5714; x_wconf 87' lang='lat' dir='ltr'><strong>eodem</strong></span> 
     </span>
    </p>
   </div>
   <div class='ocr_carea' id='block_1_105' title="bbox 207 5738 1758 5818">
    <p class='ocr_par' dir='ltr' id='par_1_105' title="bbox 207 5738 1758 5818">
     <span class='ocr_line' id='line_1_105' title="bbox 207 5738 1758 5818; baseline 0.01 -27"><span class='ocrx_word' id='word_1_718' title='bbox 207 5738 472 5795; x_wconf 78' lang='lat' dir='ltr'><strong>scribendi</strong></span> <span class='ocrx_word' id='word_1_719' title='bbox 515 5758 683 5797; x_wconf 78' lang='lat' dir='ltr'><strong>causa</strong></span> <span class='ocrx_word' id='word_1_720' title='bbox 732 5746 878 5799; x_wconf 84' lang='lat' dir='ltr'><strong>nulla</strong></span> <span class='ocrx_word' id='word_1_721' title='bbox 906 5757 1040 5800; x_wconf 83' lang='lat' dir='ltr'><strong>erat.</strong></span> <span class='ocrx_word' id='word_1_722' title='bbox 1089 5747 1194 5802; x_wconf 84' lang='lat' dir='ltr'><strong>Sed</strong></span> <span class='ocrx_word' id='word_1_723' title='bbox 1247 5764 1351 5804; x_wconf 90' lang='lat' dir='ltr'><strong>non</strong></span> <span class='ocrx_word' id='word_1_724' title='bbox 1397 5764 1522 5805; x_wconf 87' lang='lat' dir='ltr'><strong>raro</strong></span> <span class='ocrx_word' id='word_1_725' title='bbox 1569 5765 1758 5818; x_wconf 85' lang='lat' dir='ltr'><strong>parum</strong></span> 
     </span>
    </p>
   </div>
   <div class='ocr_carea' id='block_1_106' title="bbox 1837 4818 2227 4887">
    <p class='ocr_par' dir='ltr' id='par_1_106' title="bbox 1837 4818 2227 4887">
     <span class='ocr_line' id='line_1_106' title="bbox 1837 4818 2227 4887; baseline 0.003 -18"><span class='ocrx_word' id='word_1_726' title='bbox 1837 4833 2061 4887; x_wconf 83' lang='lat' dir='ltr'><strong>.passus</strong></span> <span class='ocrx_word' id='word_1_727' title='bbox 2093 4818 2166 4871; x_wconf 89' lang='lat' dir='ltr'><strong>sit</strong></span> <span class='ocrx_word' id='word_1_728' title='bbox 2215 4834 2227 4870; x_wconf 90' lang='lat'>:</span> 
     </span>
    </p>
   </div>
   <div class='ocr_carea' id='block_1_107' title="bbox 1859 4523 3432 4611">
    <p class='ocr_par' dir='ltr' id='par_1_107' title="bbox 1859 4523 3432 4611">
     <span class='ocr_line' id='line_1_107' title="bbox 1859 4523 3432 4611; baseline 0.001 -18"><span class='ocrx_word' id='word_1_729' title='bbox 1859 4541 2015 4611; x_wconf 80' lang='lat' dir='ltr'><strong>juxta</strong></span> <span class='ocrx_word' id='word_1_730' title='bbox 2063 4549 2118 4596; x_wconf 93' lang='lat' dir='ltr'><strong>et</strong></span> <span class='ocrx_word' id='word_1_731' title='bbox 2149 4542 2438 4610; x_wconf 79' lang='lat' dir='ltr'><strong>imperitus</strong></span> <span class='ocrx_word' id='word_1_732' title='bbox 2473 4523 2763 4609; x_wconf 81' lang='lat' dir='ltr'><strong>interpres,</strong></span> <span class='ocrx_word' id='word_1_733' title='bbox 2823 4556 2930 4607; x_wconf 86' lang='lat' dir='ltr'><strong>quo</strong></span> <span class='ocrx_word' id='word_1_734' title='bbox 2968 4556 3128 4593; x_wconf 79' lang='lat' dir='ltr'><strong>nemo</strong></span> <span class='ocrx_word' id='word_1_735' title='bbox 3180 4541 3432 4596; x_wconf 59' lang='lat' dir='ltr'><strong>fortassis</strong></span> 
     </span>
    </p>
   </div>
   <div class='ocr_carea' id='block_1_108' title="bbox 1867 4618 3429 4703">
    <p class='ocr_par' dir='ltr' id='par_1_108' title="bbox 1867 4618 3429 4703">
     <span class='ocr_line' id='line_1_108' title="bbox 1867 4618 3429 4703; baseline -0.001 -17"><span class='ocrx_word' id='word_1_736' title='bbox 1867 4618 2102 4703; x_wconf 82' lang='lat' dir='ltr'><strong>unquam</strong></span> <span class='ocrx_word' id='word_1_737' title='bbox 2137 4634 2190 4687; x_wconf 82' lang='lat' dir='ltr'><strong>in</strong></span> <span class='ocrx_word' id='word_1_738' title='bbox 2243 4624 2658 4701; x_wconf 77' lang='lat' dir='ltr'><strong>interpretando</strong></span> <span class='ocrx_word' id='word_1_739' title='bbox 2714 4632 2986 4686; x_wconf 56' lang='lat' dir='ltr'><strong>inii-licius</strong></span> <span class='ocrx_word' id='word_1_740' title='bbox 3041 4643 3274 4701; x_wconf 73' lang='lat' dir='ltr'><strong>nugatus</strong></span> <span class='ocrx_word' id='word_1_741' title='bbox 3325 4647 3429 4699; x_wconf 81' lang='lat' dir='ltr'><strong>est,</strong></span> 
     </span>
    </p>
   </div>
   <div class='ocr_carea' id='block_1_109' title="bbox 1863 4722 3433 4791">
    <p class='ocr_par' dir='ltr' id='par_1_109' title="bbox 1863 4722 3433 4791">
     <span class='ocr_line' id='line_1_109' title="bbox 1863 4722 3433 4791; baseline -0.002 -15"><span class='ocrx_word' id='word_1_742' title='bbox 1863 4725 2000 4778; x_wconf 85' lang='lat' dir='ltr'><strong>adeo</strong></span> <span class='ocrx_word' id='word_1_743' title='bbox 2031 4731 2089 4776; x_wconf 87' lang='lat' dir='ltr'><strong>ut</strong></span> <span class='ocrx_word' id='word_1_744' title='bbox 2120 4738 2187 4776; x_wconf 92' lang='lat' dir='ltr'><strong>ne</strong></span> <span class='ocrx_word' id='word_1_745' title='bbox 2212 4723 2433 4791; x_wconf 83' lang='lat' dir='ltr'><strong>quidem</strong></span> <span class='ocrx_word' id='word_1_746' title='bbox 2483 4722 2691 4777; x_wconf 79' lang='lat' dir='ltr'><strong>auctori</strong></span> <span class='ocrx_word' id='word_1_747' title='bbox 2723 4738 2918 4776; x_wconf 86' lang='lat' dir='ltr'><strong>nomen</strong></span> <span class='ocrx_word' id='word_1_748' title='bbox 2970 4738 3130 4778; x_wconf 88' lang='lat' dir='ltr'><strong>suum</strong></span> <span class='ocrx_word' id='word_1_749' title='bbox 3180 4733 3433 4779; x_wconf 73' lang='lat' dir='ltr'><strong>constare.</strong></span> 
     </span>
    </p>
   </div>
   <div class='ocr_carea' id='block_1_110' title="bbox 2284 4799 3430 4884">
    <p class='ocr_par' dir='ltr' id='par_1_110' title="bbox 2284 4799 3430 4884">
     <span class='ocr_line' id='line_1_110' title="bbox 2284 4799 3430 4884; baseline 0.003 -15"><span class='ocrx_word' id='word_1_750' title='bbox 2284 4824 2450 4880; x_wconf 49' lang='lat' dir='ltr'><strong>tanta,</strong></span> <span class='ocrx_word' id='word_1_751' title='bbox 2491 4824 2545 4870; x_wconf 86' lang='lat' dir='ltr'><strong>et</strong></span> <span class='ocrx_word' id='word_1_752' title='bbox 2597 4825 2704 4869; x_wconf 87' lang='lat' dir='ltr'><strong>tam</strong></span> <span class='ocrx_word' id='word_1_753' title='bbox 2765 4816 2944 4884; x_wconf 87' lang='lat' dir='ltr'><strong>inepta</strong></span> <span class='ocrx_word' id='word_1_754' title='bbox 3006 4799 3430 4881; x_wconf 68' lang='lat' dir='ltr'><strong>commentatus,</strong></span> 
     </span>
    </p>
   </div>
   <div class='ocr_carea' id='block_1_111' title="bbox 1865 4909 3431 4982">
    <p class='ocr_par' dir='ltr' id='par_1_111' title="bbox 1865 4909 3431 4982">
     <span class='ocr_line' id='line_1_111' title="bbox 1865 4909 3431 4982; baseline -0.003 -15"><span class='ocrx_word' id='word_1_755' title='bbox 1865 4922 1923 4967; x_wconf 89' lang='lat' dir='ltr'><strong>ut</strong></span> <span class='ocrx_word' id='word_1_756' title='bbox 1975 4911 2302 4982; x_wconf 85' lang='lat' dir='ltr'><strong>Syropulum</strong></span> <span class='ocrx_word' id='word_1_757' title='bbox 2362 4909 2414 4962; x_wconf 90' lang='lat' dir='ltr'><strong>in</strong></span> <span class='ocrx_word' id='word_1_758' title='bbox 2492 4909 2857 4978; x_wconf 81' lang='lat' dir='ltr'><strong>Sguropulum</strong></span> <span class='ocrx_word' id='word_1_759' title='bbox 2925 4919 3178 4971; x_wconf 82' lang='lat' dir='ltr'><strong>verteret,</strong></span> <span class='ocrx_word' id='word_1_760' title='bbox 3240 4918 3431 4964; x_wconf 70' lang='lat' dir='ltr'><strong>contra</strong></span> 
     </span>
    </p>
   </div>
   <div class='ocr_carea' id='block_1_112' title="bbox 1865 5002 3437 5071">
    <p class='ocr_par' dir='ltr' id='par_1_112' title="bbox 1865 5002 3437 5071">
     <span class='ocr_line' id='line_1_112' title="bbox 1865 5002 3437 5071; baseline -0.001 -12"><span class='ocrx_word' id='word_1_761' title='bbox 1865 5020 2081 5060; x_wconf 83' lang='lat' dir='ltr'><strong>manum</strong></span> <span class='ocrx_word' id='word_1_762' title='bbox 2107 5008 2366 5065; x_wconf 88' lang='lat' dir='ltr'><strong>auctoris,</strong></span> <span class='ocrx_word' id='word_1_763' title='bbox 2402 5004 2452 5056; x_wconf 88' lang='lat' dir='ltr'><strong>ei</strong></span> <span class='ocrx_word' id='word_1_764' title='bbox 2504 5005 2747 5055; x_wconf 88' lang='lat' dir='ltr'><strong>omnium</strong></span> <span class='ocrx_word' id='word_1_765' title='bbox 2781 5002 2923 5056; x_wconf 86' lang='lat' dir='ltr'><strong>illius</strong></span> <span class='ocrx_word' id='word_1_766' title='bbox 2974 5003 3230 5071; x_wconf 85' lang='lat' dir='ltr'><strong>temporis</strong></span> <span class='ocrx_word' id='word_1_767' title='bbox 3287 5014 3437 5057; x_wconf 74' lang='lat' dir='ltr'><strong>arto-</strong></span> 
     </span>
    </p>
   </div>
   <div class='ocr_carea' id='block_1_113' title="bbox 1864 5092 3436 5161">
    <p class='ocr_par' dir='ltr' id='par_1_113' title="bbox 1864 5092 3436 5161">
     <span class='ocr_line' id='line_1_113' title="bbox 1864 5092 3436 5161; baseline -0.003 -7"><span class='ocrx_word' id='word_1_768' title='bbox 1864 5115 1985 5154; x_wconf 85' lang='lat' dir='ltr'><strong>rum</strong></span> <span class='ocrx_word' id='word_1_769' title='bbox 2028 5097 2206 5150; x_wconf 87' lang='lat' dir='ltr'><strong>tidem.</strong></span> <span class='ocrx_word' id='word_1_770' title='bbox 2239 5096 2409 5161; x_wconf 85' lang='lat' dir='ltr'><strong>Quam</strong></span> <span class='ocrx_word' id='word_1_771' title='bbox 2441 5109 2592 5161; x_wconf 69' lang='lat' dir='ltr'><strong>,crgo</strong></span> <span class='ocrx_word' id='word_1_772' title='bbox 2641 5092 2934 5147; x_wconf 78' lang='lat' dir='ltr'><strong>llistoriam</strong></span> <span class='ocrx_word' id='word_1_773' title='bbox 2979 5093 3257 5149; x_wconf 86' lang='lat' dir='ltr'><strong>Gennadio</strong></span> <span class='ocrx_word' id='word_1_774' title='bbox 3287 5096 3436 5151; x_wconf 60' lang='lat' dir='ltr'><strong>(irrc-</strong></span> 
     </span>
    </p>
   </div>
   <div class='ocr_carea' id='block_1_114' title="bbox 1863 5187 3435 5259">
    <p class='ocr_par' dir='ltr' id='par_1_114' title="bbox 1863 5187 3435 5259">
     <span class='ocr_line' id='line_1_114' title="bbox 1863 5187 3435 5259; baseline -0.003 -14"><span class='ocrx_word' id='word_1_775' title='bbox 1863 5191 2021 5248; x_wconf 86' lang='lat' dir='ltr'><strong>culns</strong></span> <span class='ocrx_word' id='word_1_776' title='bbox 2051 5188 2319 5259; x_wconf 87' lang='lat' dir='ltr'><strong>quispiam</strong></span> <span class='ocrx_word' id='word_1_777' title='bbox 2349 5188 2655 5256; x_wconf 87' lang='lat' dir='ltr'><strong>imperitus,</strong></span> <span class='ocrx_word' id='word_1_778' title='bbox 2691 5195 2744 5240; x_wconf 87' lang='lat' dir='ltr'><strong>et</strong></span> <span class='ocrx_word' id='word_1_779' title='bbox 2774 5201 2897 5240; x_wconf 89' lang='lat' dir='ltr'><strong>eum</strong></span> <span class='ocrx_word' id='word_1_780' title='bbox 2933 5197 3152 5241; x_wconf 81' lang='lat' dir='ltr'><strong>secutus</strong></span> <span class='ocrx_word' id='word_1_781' title='bbox 3204 5187 3435 5241; x_wconf 81' lang='lat' dir='ltr'><strong>Lambe-</strong></span> 
     </span>
    </p>
   </div>
   <div class='ocr_carea' id='block_1_115' title="bbox 1864 5279 3432 5351">
    <p class='ocr_par' dir='ltr' id='par_1_115' title="bbox 1864 5279 3432 5351">
     <span class='ocr_line' id='line_1_115' title="bbox 1864 5279 3432 5351; baseline -0.003 -13"><span class='ocrx_word' id='word_1_782' title='bbox 1864 5288 2003 5346; x_wconf 86' lang='lat' dir='ltr'><strong>cius,</strong></span> <span class='ocrx_word' id='word_1_783' title='bbox 2051 5282 2326 5351; x_wconf 88' lang='lat' dir='ltr'><strong>ascripsit,</strong></span> <span class='ocrx_word' id='word_1_784' title='bbox 2373 5297 2433 5334; x_wconf 82' lang='lat' dir='ltr'><strong>ea</strong></span> <span class='ocrx_word' id='word_1_785' title='bbox 2473 5279 2720 5350; x_wconf 82' lang='lat' dir='ltr'><strong>Syropuli</strong></span> <span class='ocrx_word' id='word_1_786' title='bbox 2771 5289 2874 5344; x_wconf 79' lang='lat' dir='ltr'><strong>est,</strong></span> <span class='ocrx_word' id='word_1_787' title='bbox 2919 5289 2976 5334; x_wconf 93' lang='lat' dir='ltr'><strong>ut</strong></span> <span class='ocrx_word' id='word_1_788' title='bbox 3025 5281 3185 5334; x_wconf 87' lang='lat' dir='ltr'><strong>etiam</strong></span> <span class='ocrx_word' id='word_1_789' title='bbox 3225 5289 3432 5347; x_wconf 85' lang='lat' dir='ltr'><strong>postre-</strong></span> 
     </span>
    </p>
   </div>
   <div class='ocr_carea' id='block_1_116' title="bbox 1865 5369 3433 5443">
    <p class='ocr_par' dir='ltr' id='par_1_116' title="bbox 1865 5369 3433 5443">
     <span class='ocr_line' id='line_1_116' title="bbox 1865 5369 3433 5443; baseline -0.003 -12"><span class='ocrx_word' id='word_1_790' title='bbox 1865 5394 1952 5431; x_wconf 88' lang='lat' dir='ltr'><strong>ma</strong></span> <span class='ocrx_word' id='word_1_791' title='bbox 1986 5378 2145 5432; x_wconf 79' lang='lat' dir='ltr'><strong>verba</strong></span> <span class='ocrx_word' id='word_1_792' title='bbox 2175 5376 2242 5430; x_wconf 87' lang='lat' dir='ltr'><strong>ab</strong></span> <span class='ocrx_word' id='word_1_793' title='bbox 2277 5390 2342 5430; x_wconf 89' lang='lat' dir='ltr'><strong>eo</strong></span> <span class='ocrx_word' id='word_1_794' title='bbox 2387 5376 2547 5429; x_wconf 71' lang='lat' dir='ltr'><strong>citata</strong></span> <span class='ocrx_word' id='word_1_795' title='bbox 2583 5375 2868 5427; x_wconf 86' lang='lat' dir='ltr'><strong>indicant:</strong></span> <span class='ocrx_word' id='word_1_796' title='bbox 2914 5375 3003 5438; x_wconf 81' lang='grc' dir='ltr'><strong>Ἐξ</strong></span> <span class='ocrx_word' id='word_1_797' title='bbox 3030 5369 3101 5425; x_wconf 83' lang='grc' dir='ltr'>ὧν</span> <span class='ocrx_word' id='word_1_798' title='bbox 3127 5375 3433 5443; x_wconf 74' lang='grc' dir='ltr'>πέπεισμαι</span> 
     </span>
    </p>
   </div>
   <div class='ocr_carea' id='block_1_117' title="bbox 1863 5465 3434 5538">
    <p class='ocr_par' dir='ltr' id='par_1_117' title="bbox 1863 5465 3434 5538">
     <span class='ocr_line' id='line_1_117' title="bbox 1863 5465 3434 5538; baseline -0.001 -17"><span class='ocrx_word' id='word_1_799' title='bbox 1863 5468 1936 5532; x_wconf 81' lang='grc' dir='ltr'><strong>ὡς</strong></span> <span class='ocrx_word' id='word_1_800' title='bbox 1966 5469 2026 5522; x_wconf 85' lang='grc' dir='ltr'>οὐ</span> <span class='ocrx_word' id='word_1_801' title='bbox 2077 5469 2467 5538; x_wconf 83' lang='grc' dir='ltr'>παραχωρήσει</span> <span class='ocrx_word' id='word_1_802' title='bbox 2513 5466 2643 5517; x_wconf 81' lang='grc' dir='ltr'>ποτὲ</span> <span class='ocrx_word' id='word_1_803' title='bbox 2679 5466 2704 5516; x_wconf 88' lang='grc' dir='ltr'>ὁ</span> <span class='ocrx_word' id='word_1_804' title='bbox 2742 5466 2892 5528; x_wconf 72' lang='grc' dir='ltr'>Θεὸς,</span> <span class='ocrx_word' id='word_1_805' title='bbox 2944 5466 3200 5533; x_wconf 77' lang='grc' dir='ltr'>συστῆναι</span> <span class='ocrx_word' id='word_1_806' title='bbox 3247 5465 3345 5526; x_wconf 77' lang='grc' dir='ltr'><strong>τὴν</strong></span> <span class='ocrx_word' id='word_1_807' title='bbox 3375 5471 3434 5520; x_wconf 82' lang='grc' dir='ltr'>ὲν</span> 
     </span>
    </p>
   </div>
   <div class='ocr_carea' id='block_1_118' title="bbox 1863 5558 3436 5632">
    <p class='ocr_par' dir='ltr' id='par_1_118' title="bbox 1863 5558 3436 5632">
     <span class='ocr_line' id='line_1_118' title="bbox 1863 5558 3436 5632; baseline -0.001 -17"><span class='ocrx_word' id='word_1_808' title='bbox 1863 5561 2179 5632; x_wconf 73' lang='grc' dir='ltr'>Φλωρεντίᾳ</span> <span class='ocrx_word' id='word_1_809' title='bbox 2213 5561 2399 5621; x_wconf 83' lang='grc' dir='ltr'>κακῶς</span> <span class='ocrx_word' id='word_1_810' title='bbox 2429 5561 2720 5627; x_wconf 83' lang='grc' dir='ltr'>γεγονυῖαν</span> <span class='ocrx_word' id='word_1_811' title='bbox 2761 5558 2974 5610; x_wconf 75' lang='grc' dir='ltr'>ἕνωσιν.</span> <span class='ocrx_word' id='word_1_812' title='bbox 3015 5558 3144 5623; x_wconf 77' lang='lat' dir='ltr'><strong>Qua:</strong></span> <span class='ocrx_word' id='word_1_813' title='bbox 3183 5559 3436 5626; x_wconf 84' lang='lat' dir='ltr'><strong>leguntur</strong></span> 
     </span>
    </p>
   </div>
   <div class='ocr_carea' id='block_1_119' title="bbox 1865 5649 3438 5722">
    <p class='ocr_par' dir='ltr' id='par_1_119' title="bbox 1865 5649 3438 5722">
     <span class='ocr_line' id='line_1_119' title="bbox 1865 5649 3438 5722; baseline -0.005 -10"><span class='ocrx_word' id='word_1_814' title='bbox 1865 5667 2109 5712; x_wconf 75' lang='lat' dir='ltr'><strong>extrema</strong></span> <span class='ocrx_word' id='word_1_815' title='bbox 2154 5671 2203 5722; x_wconf 88' lang='lat' dir='ltr'><strong>p.</strong></span> <span class='ocrx_word' id='word_1_816' title='bbox 2239 5654 2362 5709; x_wconf 75' lang='lat'><strong>350.</strong></span> <span class='ocrx_word' id='word_1_817' title='bbox 2401 5651 2617 5706; x_wconf 81' lang='lat' dir='ltr'><strong>Nullius</strong></span> <span class='ocrx_word' id='word_1_818' title='bbox 2651 5667 2778 5705; x_wconf 76' lang='lat' dir='ltr'><strong>vero</strong></span> <span class='ocrx_word' id='word_1_819' title='bbox 2814 5649 3154 5704; x_wconf 84' lang='lat' dir='ltr'><strong>auctoritatis</strong></span> <span class='ocrx_word' id='word_1_820' title='bbox 3194 5658 3277 5705; x_wconf 85' lang='lat' dir='ltr'><strong>est</strong></span> <span class='ocrx_word' id='word_1_821' title='bbox 3308 5651 3438 5704; x_wconf 83' lang='lat' dir='ltr'><strong>sub-</strong></span> 
     </span>
    </p>
   </div>
   <div class='ocr_carea' id='block_1_120' title="bbox 1865 5745 3438 5818">
    <p class='ocr_par' dir='ltr' id='par_1_120' title="bbox 1865 5745 3438 5818">
     <span class='ocr_line' id='line_1_120' title="bbox 1865 5745 3438 5818; baseline -0.006 -11"><span class='ocrx_word' id='word_1_822' title='bbox 1865 5751 2090 5818; x_wconf 81' lang='lat' dir='ltr'><strong>scriptio</strong></span> <span class='ocrx_word' id='word_1_823' title='bbox 2119 5748 2407 5806; x_wconf 87' lang='lat' dir='ltr'><strong>Theodosii</strong></span> <span class='ocrx_word' id='word_1_824' title='bbox 2444 5748 2637 5804; x_wconf 87' lang='lat' dir='ltr'><strong>notarii</strong></span> <span class='ocrx_word' id='word_1_825' title='bbox 2683 5746 2935 5801; x_wconf 77' lang='lat' dir='ltr'><strong>Ecclesiae</strong></span> <span class='ocrx_word' id='word_1_826' title='bbox 2969 5745 3438 5812; x_wconf 62' lang='lat' dir='ltr'><strong>Constantinorio—</strong></span> 
     </span>
    </p>
   </div>
  </div>
