3962 6328
144 241 248 307 3‘29

1189 243 1605 305 CONFESSIO
1647 242 1860 301 FIDEI
1914 243 2365 302 POS‘l'ElllUlt.
2440 279 2497 295 ,χ

3277 254 3381 314 330

142 357 267 425 τὴρ,
294 354 536 417 τοιοῦτος
567 355 660 410 καὶ
683 356 712 408 6
739 354 884 422 Υἱὸς,
915 356 1005 410 καὶ
1033 361 1206 428 τροπῇ
1233 359 1326 410 τοῦ
1355 377 1382 409 ο
1414 359 1493 420 εἰς
1517 377 1545 408 υ
1575 357 1687 417 υἱός

1816 350 1951 420 οἶος,
1993 356 2094 410 hoc
2123 367 2199 409 est
2237 356 2397 419 talis;
2428 357 2609 424 qualis
2656 357 2803 410 enim
2846 368 3018 426 pater,
3053 343 3383 431 talislilius.

143 453 326 521 ὅμοιος
348 451 474 521 ,γὰρ
505 453 532 504 6
551 445 670 514 ὐἱὸς
699 451 776 521 τῷ
807 453 996 522 πατρί.

187 629 279 700 ιτ.
342 629 454 681 Καὶ
515 627 576 680 τι
633 627 856 696 Πνεῦμα
916 627 977 680 τὸ
1036 629 1194 696 ἆγιον
1245 629 1333 681 διὰ
1378 629 1431 681 τί
1489 595 1709 694 λέγὲται

143 736 365 789 πνευμα
387 738 403 785 ;

212 814 278 864 Π.
331 810 556 879 Πνεῦμα
605 809 819 877 λέγεται
853 823 1015 882 παρα
1039 812 1100 862 τὸ
1152 815 1332 865 νοεῖνο
1377 815 1556 868 πάντα
1605 817 1713 882 γὰρ

141 903 304 966 ὀξέως
323 904 546 963 ἐπινοεῖ,
562 901 730 968 ἤγουν
755 903 936 952 πᾶσαν
966 901 1152 969 νόησιν
1177 902 1455 970 συντόμως
1482 905 1716 955 ἐπινοεῖ-

1816 455 1869 499 et
1908 448 2210 498 minutione
2229 465 2263 520 ο,
2303 447 2356 500 iu
2384 465 2414 499 υ
2457 447 2704 502 Grmcum
2781 449 2916 512 υἱὸς,
2960 452 3064 511 hoc
3099 464 3180 509 est
3215 456 3381 511 ﬁlius.

1819 536 2028 590 Similis
2050 538 2192 600 enim
2243 538 2412 604 patris
2438 549 2519 593 est
2550 541 2714 595 illius.
3320 547 3325 552 '
3351 535 3358 541 “

1891 627 1954 696 'r.
1991 629 2054 680 Et
2084 628 2319 696 πνεῦμα,
2349 629 2383 680 i.
2415 645 2464 683 e.
2491 629 2754 699 Spiritus,
2790 635 2935 688 unde
2966 636 3193 691 dicitur?
3234 626 3250 646 ‘

1809 840 1822 851 .
1888 805 1947 856 P.
1984 805 2066 858 Ab
2122 807 2226 859 hoc
2279 807 2446 859 verbo
2494 809 2646 871 νοέω,
2696 810 2731 862 i.
2775 825 2826 868 e.
2867 813 3134 882 intelligo.
3183 788 3406 871 Omnia.“

1771 930 1777 938 -
1815 899 1958 959 enim
1993 898 2267 950 veraciter
2287 908 2336 952 el
2374 910 2545 968 acute
2570 901 2827 970 intelligit
2868 916 2923 958 et
2958 908 3227 973 providet.
3259 909 3381 978 Spi-

140 1011 251 1046 ται·
292 995 352 1046 τὸ
383 985 492 1063 γὰρ
515 993 668 1061 ἆγιον
696 992 918 1062 Πνεῦμα
939 982 1112 1046 πάἲρτα
1137 995 1334 1062 ἐρευνᾷ
1358 997 1451 1047 καὶ
1478 995 1545 1047 τὰ
1567 993 1692 1062 βὰθτ

1816 990 1953 1041 ritus
1975 988 2118 1042 enim
2151 1003 2375 1042 sanetus
2403 993 2588 1043 omnia
2609 992 2868 1059 jnquirit,
2897 1004 2947 1046 et
2976 997 3379 1063 profunditatcs

139 1080 230 1134 τοῦ
256 1084 416 1136 Θεοῦ.

1816 1082 1977 1133 etiam
2012 1081 2125 1134 Dei.

209 1176 274 1227 T.
322 1174 446 1227 Ἐπὶ
479 1174 613 1228 Θεοῦ
646 1175 784 1228 πόσα
817 1176 1002 1239 αῐτια;

1889 1170 1949 1224 Τ.
1983 1171 2040 1225 In
2076 1172 2182 1226 Deo
2212 1188 2333 1242 quae
2360 1182 2490 1226 sunt
2522 1174 2791 1244 principia
2822 1179 3182 1244 pro-luetiva?

212 1269 390 1320 Π.“Εν
419 1267 698 1320 αἷτιονὲπὶ
719 1267 854 1320 Θεοῦ
878 1268 1037 1334 λέγω,
1069 1269 1161 1321 καὶ
1189 1270 1348 1322 τοῦτό
1373 1271 1518 1322 ἐστιν
1545 1273 1572 1322 6
1604 1274 1692 1325 Παι

1884 1262 1946 1314 Ρ.
1983 1261 2154 1316 Unum
2211 1265 2441 1318 dicimus
2494 1266 2827 1334 principium
2883 1273 3254 1337 generativum
3322 1275 3374 1326 iu

139 1361 242 1428 τήρ
263 1359 474 1422 ·“αὑτὸς
522 1347 689 1430 γεννᾷ
716 1359 808 1412 τὸν
859 1361 985 1412 Υἱὸν
1015 1363 1108 1413 καὶ
1144 1362 1435 1432 ἐκπορεύει
1465 1362 1527 1415 16
1556 1365 1692 1431 ἅγιοι

1813 1351 1946 1415 Deo,
1980 1351 2038 1405 h.
2074 1368 2124 1406 e.
2168 1353 2353 1418 Pater,
2391 1356 2504 1422 ipse
2530 1357 2675 1410 enim
2711 1370 2936 1422 generat
2963 1358 3159 1415 Filiqu
3188 1374 3240 1417 et
3266 1367 3379 1432 spi-

143 1445 388 1520 Πνεῦμα.
422 1453 663 1504 Γίνωσκε
697 1454 781 1505 ὅτι
812 1456 839 1504 6
870 1454 1058 1522 Πατὴρ
1097 1454 1256 1522 μόνος
1315 1456 1462 1509 ἐστὶν
1509 1456 1692 1522 αἴτιος1

1811 1451 1893 1496 rat
1923 1441 2187 1510 Spiritum
2226 1455 2499 1500 sanctum.
2539 1446 2714 1511 Scias,
2743 1450 2888 1518 qimd
2913 1455 3065 1506 solus
3099 1463 3181 1508 est
3213 1454 3373 1510 Pater

138 1547 163 1595 6
192 1545 248 1596 δὲ
301 1545 428 1607 Υἱὸς
463 1544 564 1596 οὐκ
618 1544 766 1594 ἔοτιν
800 1543 972 1607 αἴτιος
1023 1544 1158 1595 ἀλλὰ
1210 1546 1477 1610 αἰτιατὸς,
1517 1547 1611 1597 καὶ
1648 1550 1692 1598 1i.

1809 1534 2167 1600 generativus
2212 1535 2336 1589 Filii
2375 1535 2585 1608 ;.Filius
2613 1551 2793 1594 autem
2829 1558 2934 1595 neu
2980 1555 3064 1597 est
3103 1551 3374 1614 generati-

140 1637 289 1702 ἆγιον
318 1635 544 1704 Πνεῦμα
565 1635 768 1703 ὁμοίως
799 1636 900 1686 οὐκ
927 1633 1074 1685 ἔστιν
1102 1635 1274 1688 αἴτιον
1297 1635 1412 1688 ἀλλ’
1433 1638 1703 1688 αἱτιατόνο

107 1704 110 1707 Δ
138 1728 281 1779 ὥστε
308 1728 371 1778 τὸ
405 1702 505 1795 μὲν
531 1702 706 1779 αἴτιον
723 1718 788 1778 ¹ἓν
820 1727 968 1777 ἐστιν
1000 1728 1027 1778 6
1058 1725 1270 1796 Πατὴρ,
1295 1729 1366 1779 τὰ
1397 1727 1454 1778 δὲ
1483 1729 1692 1780 αἰτιατᾶ

1809 1716 2008 1780 ctivus,
2039 1721 2136 1779 sed
2168 1721 2490 1788 productus.
2532 1721 2715 1791 Itaque
2745 1727 3074 1793 principium
3096 1702 3373 1796 producti-

140 1818 247 1880 δύο,
271 1820 300 1868 6
329 1817 455 1880 Υἱὸς
487 1817 581 1869 καὶ
610 1819 670 1868 τὸ
703 1818 859 1883 ἅγιον
911 1816 1154 1882 Πνεῦμα.
1196 1818 1377 1879 Αἴτιος
1423 1817 1640 1884 λέγεται
1678 1821 1692 1871 ἐ

1811 1825 1932 1862 vum
1985 1819 2071 1865 est
2115 1811 2275 1866 Pater
2320 1826 2373 1866 et
2415 1815 2579 1868 etiam
2612 1816 2812 1882 Filius;
2882 1822 3128 1887 producti
3189 1831 3368 1878 autem

144 1911 327 1979 Πατὴρ
351 1909 438 1962 διὰ
459 1909 520 1961 τὸ
543 1910 736 1976 γεννᾷν
765 1910 859 1959 καὶ
883 1907 944 1959 οὐ
975 1911 1254 1976 γεννᾶται,
1288 1908 1576 1978 ἐκπορεύει
1611 1910 1692 1962 καῖ

1809 1910 1933 1953 sunt
1968 1901 2140 1957 Filius
2173 1913 2227 1968 et
2261 1902 2506 1974 Spiritus
2552 1918 2808 1964 sanctus.
2831 1910 3191 1982 5Priucipium
3245 1931 3368 1982 υτο-

140 2004 234 2054 οὑκ
265 2003 658 2070 ἐκπορεύεται·
702 2001 866 2068 γεννᾷ
906 1999 1005 2067 μὲν
1055 2000 1147 2052 τὸν
1206 1999 1360 2065 Υἱὸν,
1414 2002 1692 2071 ὲκπορεύει

1809 1993 2087 2049 ductivum
2135 1996 2340 2051 dicitur
2379 1997 2559 2066 Pater,
2585 2004 2715 2070 quia
2741 2013 2962 2071 generat
2995 2016 3050 2058 et
3073 2022 3178 2060 non
3208 2024 3369 2077 gene-

142 2096 194 2146 δὲ
221 2095 288 2145 ’τὸ
329 2091 554 2158 Πνεῦμα
587 2093 648 2145 16
696 2092 889 2158 ἅγιον·
945 2093 1035 2143 καὶ
1081 2091 1168 2144 διὰ
1220 2093 1378 2145 τοῦτο
1424 2093 1692 2161 λέγεταιέ

1809 2094 1981 2150 ratur,
2008 2089 2260 2156 producit
2287 2101 2340 2145 et
2367 2108 2471 2145 non
2504 2095 2868 2161 producitur;
2891 2109 3120 2166 generat
3147 2100 3364 2164 quidem

1811 1640 1934 1688 vus,
1967 1628 2062 1679 sed
2093 1627 2311 1693 genitus
2348 1647 2360 1691 ;
2401 1628 2640 1697 Spiritus
2669 1643 2897 1687 sanctus
2927 1649 3034 1687 non
3060 1647 3142 1689 est
3172 1639 3373 1704 produ-
3458 1690 3463 1694 _

144 2188 330 2256 Πατὴρ
356 2187 549 2247 αἴτιος.

207 2365 271 2421 Τ.
304 2368 415 2420 Καὶ
442 2367 583 2420 πόσα
610 2359 831 2421 αἰτιατά
855 2375 868 2432 ξ

212 2459 277 2511 Π.
318 2450 548 2511 Δῑτιατὰ
575 2459 755 2523 δύο,’.ὁ
799 2460 924 2523 Υἱὸς
945 2462 1050 2514 ’καὶ
1078 2464 1138 2514 τὸ
1175 2464 1401 2534 Πνεῦμα
1434 2467 1490 2518 τὸ
1520 2469 1696 2534 ἅγιον.

145 2546 214 2603 Οὐ
247 2550 414 2619 γεννᾷ
443 2551 472 2602 6
498 2549 647 2612 Υἱὸς,
690 2549 826 2603 ἀλλὰ
857 2554 1136 2618 γεννᾶται,
1165 2556 1256 2608 διὰ
1299 2557 1456 2610 τοῦτο
1482 2558 1698 2626 λέγεται

147 2640 417 2705 αἱτιατὸςο
448 2642 648 2712 ὁμοίως
698 2644 792 2696 καὶ
842 2644 903 2696 τὸ
950 2646 1104 2711 ἆγιον
1142 2647 1365 2717 Πνεῦμα
1395 2651 1495 2702 οὐκ
1530 2651 1698 2703 ἐκπο-

147 2734 308 2800 ρεύει,
342 2733 457 2786 ἀλλ’
485 2734 867 2801 ὶκπορεύεται,
899 2739 995 2788 καὶ
1035 2738 1123 2790 διὰ
1170 2738 1330 2791 τοῦτο
1360 2735 1579 2806 λέγεται
1617 2743 1698 2792 αἰ-

145 2828 339 2880 τιατόν.
389 2827 588 2879 Λοιπὸν
633 2827 733 2879 ἐὰν
789 2844 872 2889 τις
906 2830 1156 2899 ἐρωτήσῃ
1210 2847 1290 2893 σε,
1325 2831 1408 2883 ὅτι
1441 2831 1535 2884 ἐπὶ
1561 2831 1710 2886 Θεοῦ

146 2919 278 2971 πόσα
303 2919 457 2972 αἴτια
484 2918 699 2987 λέγεις;
725 2905 845 2972 εἰπὲ
870 2919 928 2971 ἓν
955 2937 969 2950 ·
1003 2924 1156 2973 ποῖον
1187 2920 1344 2974 τοῦτο
1359 2941 1373 2987 ;
1409 2923 1624 2994 Πατήρ.

205 3097 265 3151 Τ.
309 3097 419 3150 Καὶ
447 3096 534 3150 διὰ
564 3096 617 3147 τί
645 3095 862 3162 λέγεται
893 3082 1101 3162 αἵτιονι

206 3189 267 3246 II.
311 3187 412 3241 Διὰ
459 3188 519 3240 τὸ
565 3189 762 3258 γεννᾷν
809 3188 900 3241 τὸν
954 3189 1083 3241 Υἰὸν
1110 3175 1226 3240 ’καὶ
1277 3191 1591 3260 ὲκπορεύειν
1637 3194 1698 3246 τὸ

147 3279 358 3352 Πνεῦμα
384 3278 560 3347 ἅγιον.

206 3370 265 3422 Τ.
310 3369 434 3422 Ἐπὶ
479 3368 578 3437 τῆς
618 3369 782 3437 ἁγίας
825 3370 1052 3440 Τριάδος
1091 3373 1175 3435 τίς
1223 3373 1438 3442 πρῶτος
1484 3377 1547 3428 ὲκ
1587 3377 1696 3428 τῶν

143 3457 321 3527 τριῶν,
351 3463 389 3512 6.
411 3454 600 3528 Πατὴρ
627 3460 661 3529 ἢ
693 3461 722 3511 6
746 3457 877 3523 Υἱὸς
905 3461 938 3529 ἦ
965 3462 1027 3514 τὸ
1056 3462 1279 3530 Πνεῦμα
1308 3465 1369 3516 τὸ
1395 3465 1585 3533 ἃγιονς

127 3609 171 3622 ._
207 3551 272 3603 Π.
309 3550 434 3603 Ἐπὶ
471 3550 571 3618 τῆς
610 3550 773 3617 ἁγίας
813 3551 1053 3620 Τριάδος’
1082 3553 1255 3615 οὐδεὶς
1289 3557 1412 3606 ἐστι
1459 3557 1691 3626 πρῶτος,

143 3641 306 3704 οὐδεὶς
340 3645 488 3694 ἐστιν
522 3640 776 3712 ὕστερος,
814 3643 949 3696 ἀλλὰ
981 3644 1096 3714 ἅμα
1133 3645 1350 3715 Πατὴρ,
1384 3645 1499 3715 ἅμα
1533 3647 1689 3712 Υἱὸς,

144 3732 250 3802 ἅμα
277 3735 369 3786 καὶ
393 3727 454 3786 τὸ
481 3734 705 3803 Πνεῦμα
727 3735 788 3787 τὸ
814 3735 967 3802 ἅγιον
985 3751 1000 3764 ·
1030 3737 1126 3790 καὶ
1151 3737 1239 3789 διὰ
1264 3734 1420 3789 τοῦτο
1444 3739 1538 3790 καὶ
1555 3756 1692 3791 ’συν-

144 3824 358 3894 ἄναρχοι
390 3824 662 3891 λέγονται,
697 3824 757 3876 τὸ
793 3828 898 3895 πρὸ
926 3826 1024 3895 τῆς
1057 3827 1232 3896 ἀρχῆς
1263 3829 1342 3883 ὃν.
1378 3828 1440 3905 ξΟ
1470 3830 1690 3904 δὲβεὸς

107 3921 110 3929 ‘
142 3916 233 3968 οὐκ
261 3917 371 3985 ἔχει
399 3916 594 3985 ἀρχὴν,
622 3916 758 3970 ἀλλὰ
788 3917 893 3986 πρὸ
921 3917 1023 3985 τῆς
1054 3919 1226 3986 ἀρχῆς
1256 3919 1392 3984 ἔστι,
1419 3922 1506 3973 διὰ
1534 3921 1690 3974 τοῦτο

142 4006 344 4078 λέγεται
372 4007 605 4075 ἄναρχος
630 4021 646 4036 ·
678 4007 908 4075 ἄναρχος
938 4007 1122 4059 λοιπὸν
1148 4009 1175 4057 6
1207 4009 1424 4078 Πατὴρ,
1454 4011 1688 4078 ἄναρχος

143 4070 316 4148 λοιπὸν
344 4088 372 4147 6
411 4070 571 4158 Υἱὸξ,
608 4070 849 4165 ἄναρχον
879 4095 972 4149 καὶ
1005 4097 1064 4148 τὸ
1105 4070 1521 4167 Πνεῦμαῦγιον
1547 4070 1689 4152 ’ν

147 4181 246 4240 ἰδοῦ
276 4187 618 4256 συνάναρχοι,
644 4188 737 4239 καὶ
763 4183 937 4248 οὐδεὶς
968 4188 1180 4255 πρῶτος
1210 4190 1302 4241 καὶ
1329 4190 1502 4253 οὐδεὶς
1533 4191 1683 4244 ὓστε-

144 4290 226 4343 ρος
253 4279 339 4330 ἐπὶ
367 4281 464 4346 τῆς
494 4278 656 4343 ἁγίας
683 4277 929 4343 Τριάδος.

1804 2173 2024 2239 Filium,
2052 2179 2224 2246 spirat
2252 2189 2434 2236 autem
2465 2177 2731 2248 Spiritum
2756 2196 3035 2254 sanctum,
3070 2200 3123 2244 et
3149 2191 3272 2246 ideo
3287 2194 3368 2246 tli-

1805 2267 1949 2320 citur
1974 2267 2137 2324 Pater
2159 2273 2488 2340 principium
2520 2277 2931 2344 productivum.

1877 2359 1938 2412 T.
1972 2360 2038 2414 Et
2090 2372 2223 2431 quot
2277 2375 2404 2419 sunt
2432 2380 2682 2434 personae
2720 2370 2772 2422 in
2811 2371 3010 2426 divinis
3042 2375 3368 2441 producte?

1874 2452 1936 2504 P.
1963 2451 2091 2506 Duae
2123 2455 2332 2508 suntin
2366 2457 2568 2512 divinis
2595 2475 2841 2528 personae
2867 2467 3166 2531 producte,
3196 2467 3366 2522 Filius

1802 2548 1855 2595 et
1881 2540 2122 2610 Spiritus
2149 2557 2409 2600 sanctus.
2450 2546 2567 2601 Non
2599 2560 2823 2617 generat
2849 2551 3045 2619 Filius,
3077 2559 3167 2610 sed
3197 2575 3364 2627 gene-

1801 2642 1974 2698 ratur,
2009 2638 2299 2704 propterea
2327 2629 2538 2692 dicitur
2563 2634 2867 2708 productus
2899 2661 2911 2697 :
2956 2646 3215 2702 similiter
3243 2649 3364 2718 Spi-

1803 2723 1940 2776 ritus
1971 2734 2197 2781 sanctus
2232 2743 2337 2781 non
2396 2730 2592 2797 spirat,
2627 2734 2724 2785 sed
2758 2734 3019 2801 spiratur,
3045 2747 3101 2791 et
3131 2723 3250 2792 ideo
3277 2741 3365 2795 di-

1800 2814 1943 2868 citur
1967 2819 2290 2884 productus.
2342 2818 2400 2872 Si
2434 2821 2603 2889 igitur
2644 2823 3019 2893 interrogatus
3069 2826 3262 2890 fueris,
3309 2832 3361 2884 iu

1798 2900 2002 2958 divinis
2028 2921 2149 2974 qua:
2190 2909 2302 2962 sint
2332 2925 2579 2987 personae
2619 2913 3016 2980 producentes?
3055 2922 3364 2987 responde:

1722 3028 1766 3082 ο
1801 3010 1929 3052 una.
1959 2992 2217 3060 Quaenam
2246 2999 2336 3052 illa
2371 3000 2394 3051 ἲ
2419 2984 2602 3055 Pater.

1873 3085 1940 3138 T.
1974 3084 2034 3137 Et
2066 3095 2162 3140 eur
2190 3089 2393 3142 dicitur
2417 3091 2769 3168 prqduccns?
2858 3065 2860 3067 Π

1866 3175 1925 3231 Ρ.
1960 3178 2095 3243 Quia
2125 3190 2348 3248 generat
2381 3181 2578 3237 Filium
2606 3195 2660 3238 et
2697 3186 2872 3253 spirat
2924 3186 3194 3257 Spiritum
3233 3209 3361 3248 san-

1799 3279 1967 3323 ctum.

1836 3361 1929 3423 _T.
1959 3361 2014 3414 in
2042 3373 2232 3418 sancta
2264 3365 2532 3444 Trinitale
2558 3370 2681 3437 quis
2699 3369 2805 3424 fuit
2836 3373 3066 3440 primus,
3100 3374 3260 3431 Pater
3290 3394 3359 3432 an

1705 3513 1707 3516 γ
1797 3450 1968 3506 Filius
1995 3471 2061 3515 an
2089 3457 2327 3524 Spiritus
2362 3470 2585 3514 sanctus
2619 3462 2642 3512 ?

1867 3542 1927 3598 P.
1951 3542 2009 3598 In
2040 3559 2232 3601 saneta
2274 3548 2560 3603 Trinitate'
2588 3553 2768 3606 nullus
2811 3566 2894 3608 est
2940 3557 3147 3623 primus
3181 3540 3358 3630 neque

1796 3631 2043 3699 ultimus,
2085 3636 2178 3689 sed
2214 3635 2376 3690 simul
2427 3639 2608 3703 Pater,
2644 3642 2808 3695 simul
2849 3634 3054 3708 Filius;
3089 3649 3252 3703 simul
3302 3663 3357 3704 et

1797 3719 2033 3789 Spiritus
2056 3736 2305 3788 sanctus.
2330 3725 2394 3780 et
2425 3740 2719 3797 propterea
2754 3735 2915 3786 simul
2952 3751 3060 3790 non
3115 3740 3353 3795 inchoati

1793 3814 2049 3867 dicuntur
2077 3825 2202 3869 ante
2233 3817 2579 3886 principium.
2621 3821 2762 3876 Deus
2802 3840 2930 3880 vero
2955 3827 3114 3883 Pater
3145 3832 3350 3897 princi-

1793 3903 1880 3968 pio
1912 3915 2078 3966 caret,
2116 3906 2236 3960 licet
2271 3919 2357 3963 est
2414 3921 2540 3964 ante
2575 3903 2925 3983 principium,
2969 3927 3024 3972 et
3063 3931 3348 3989 propterea

1791 3993 1990 4046 dicitur
2037 3996 2156 4051 sine
2217 3999 2522 4068 principio;
2572 4011 2624 4054 et
2658 4018 2762 4055 non
2822 4006 3108 4064 inchoatus
3155 4010 3347 4074 Filius.

1792 4102 1899 4160 non
1953 4089 2244 4144 inchoatus
2293 4091 2531 4159 Spiritus
2581 4106 2825 4149 sanctus.
2873 4097 2936 4150 Et
2991 4115 3118 4154 ecce
3185 4103 3349 4157 simul

1791 4184 2065 4244 coaeterni.
2101 4193 2154 4236 et
2185 4184 2360 4237 nullus
2403 4186 2634 4254 primus,
2678 4189 2860 4244 nullus
2883 4191 3106 4246 ultimus
3139 4195 3192 4247 in
3220 4212 3345 4249 san-

1789 4281 1872 4326 cta
1904 4271 2194 4327 Trinitate.
3199 4269 3205 4273 ’

203 4366 265 4421 Τ.
301 4368 408 4420 Kal.
437 4367 498 4419 16
536 4356 754 4437 Πνεῦμα
786 4369 845 4421 τὸ
884 4369 1040 4438 ἆγιον
1063 4371 1187 4434 ’πῶς
1227 4372 1582 4439 ἐκπορεύεται
1621 4376 1685 4425 ἐκ
1714 4368 1764 4426 D
1861 4358 1923 4412 Τ·
1977 4361 2042 4413 Et
2111 4363 2346 4430 δΡῖΓῘίιιε
2400 4377 2629 4422 ⁸³²¹οι¹¹³
2679 4373 2955 4438 Ψιοιηοάο
3015 4376 3258 4443 9"0‘3‘3‘]il
3318 4396 3346 4431 τί

143 4457 227 4510 τοῦ
256 4455 460 4528 Πατρός
484 4476 498 4524 ;
738 4520 742 4524 _

207 4551 270 4602 ll.
301 4551 444 4603 Ἔδει
473 4566 532 4602 σε
559 4552 654 4603 καὶ
679 4551 806 4619 περὶ
829 4551 1019 4604 τούτου
1050 4553 1124 4622 μὴ
1151 4555 1380 4623 ἐρωτᾷν,
1410 4555 1502 4606 καὶ
1526 4555 1683 4608 τοῦτο

148 4637 240 4707 γὰρ
267 4640 688 4709 ἀνερμήνεντον.
723 4641 868 4710 Πλὴν
901 4641 1136 4709 μάνθανε
1163 4643 1262 4695 καὶ
1294 4646 1424 4712 περὶ
1451 4643 1640 4696 τούτου
1664 4687 1678 4711 ,

145 4731 217 4781 ὅτι
251 4729 434 4796 ὥσπερ
471 4712 518 4800 ἡ.
543 4731 783 4800 ἀναπνοὴ
816 4726 924 4784 τοῦ
949 4731 1238 4798 ἀνθρώπου
1276 4735 1340 4784 ἐκ
1371 4735 1468 4801 τῆς
1507 4735 1684 4804 ψυχῆς

146 4822 488 4892 ἐκπορεύεται
508 4862 524 4888 ,
557 4821 701 4876 οῦτω
732 4825 827 4876 καὶ
857 4825 919 4875 16
955 4823 1177 4891 Πνεῦμα
1209 4829 1268 4877 τὸ
1304 4824 1458 4893 ἅγιον
1492 4829 1555 4879 ὲκ
1587 4826 1681 4879 τοῦ

149 4911 340 4982 Πατρὸς
368 4915 432 4975 ἐκ
442 4911 744 4982 πορεύεται.

209 5003 270 5055 Τ.
294 5000 435 5073 ’Λρα
461 5006 717 5071 χωρείται
742 5005 770 5055 6
799 5004 928 5065 Θεὸς
955 5005 1013 5056 ὲν
1040 5005 1119 5056 ἑνὶ
1148 5004 1297 5074 τόπῳ
1325 5005 1356 5073 ἢ
1388 5004 1484 5070 οῦς

210 5093 274 5146 ll.
309 5095 407 5154 Θὲς
439 5094 530 5145 τὸν
566 5094 690 5146 νοῦν
721 5110 814 5146 σου
849 5094 943 5146 καὶ
974 5094 1195 5161 νόησον,
1232 5095 1313 5146 ὃτι
1347 5096 1374 5147 6
1405 5095 1532 5158 Θεὸς
1569 5096 1683 5164 φῶς

149 5183 300 5247 ἐστιν,
327 5183 634 5251 ἀθεώρητος
666 5185 1089 5253 καὶ.ἁχὼρητος,
1120 5183 1244 5235 οὔτε
1274 5181 1366 5238 οὖν
1393 5186 1682 5255 θεωρεῖται

149 5277 173 5325 6
198 5274 319 5336 Θεὸς
340 5313 354 5336 ,
384 5273 504 5327 οὔτε
534 5265 800 5343 χωρείται
821 5276 899 5336 εἰς
930 5276 988 5326 16
1021 5275 1130 5326 πᾶν
1150 5315 1163 5338 ,
1196 5276 1328 5327 ὅπου
1363 5277 1544 5342 μέλλει
1576 5294 1686 5344 χω-

155 5366 251 5430 ρεῐν
279 5367 368 5417 καὶ
396 5367 673 5418 κατοικεῖν
695 5381 711 5398 °
743 5363 882 5417 ὥστε
910 5365 1068 5433 δῆλον
1086 5403 1102 5429 ,
1133 5367 1218 5417 ὃτι
1246 5366 1307 5417 οὐ
1339 5370 1594 5434 χωρείται
1627 5370 1683 5419 ἐν

152 5453 220 5503 ἑνὶ
243 5457 403 5524 τύπῳ,
428 5453 561 5508 ἀλλὰ
587 5456 748 5508 παντὶ
773 5455 863 5506 καὶ
890 5454 1163 5524 πανταχοῦ
1191 5456 1454 5524 πάρεστιν
1480 5457 1507 5507 6
1530 5456 1678 5518 Θεός.

154 5541 317 5596 Πάντα
343 5546 576 5613 ἢκουσας
595 5544 832 5614 περὶτῆς
859 5543 1016 5610 ἁγίας
1045 5545 1295 5612 Τριαδος,
1322 5546 1402 5597 ὅτι
1435 5545 1492 5597 ἓν
1523 5546 1686 5615 πρόσ-

153 5648 283 5688 ωπον
303 5637 329 5688 6
360 5636 540 5702 Πατὴρ
596 5636 691 5687 καὶ
716 5635 773 5685 τὸ
798 5635 882 5685 ἓτε
894 5651 983 5702 ρον
1007 5635 1227 5702 λέγεται
1257 5636 1478 5707 Πνεῦμα
1505 5639 1680 5704 ἅγιον,

450 5734 704 5795 Parum"
757 5730 1080 5789 titt.(_'1..‘-I.

1787 4450 1986 4506 Patre?

1858 4544 1916 4596 Ρ.
1961 4545 2302 4616 Interrogare
2327 4549 2392 4602 de
2428 4550 2528 4604 lioe
2559 4551 2783 4606 minime
2817 4562 2868 4606 te
2907 4553 3083 4620 decet,
3120 4573 3228 4611 non
3262 4576 3346 4614 est

1787 4635 2234 4702 interpretabile;
2265 4650 2506 4694 attamen
2539 4641 2762 4698 addisce
2793 4660 2977 4713 quaeso
3006 4648 3073 4701 de
3104 4649 3203 4704 hac
3236 4668 3290 4705 re
3332 4674 3340 4704 :

1785 4728 2241 4793 quemadmodum
2289 4733 2519 4800 spiratio
2566 4734 2803 4788 hominis
2831 4740 3078 4805 procedit
3122 4741 3188 4794 ab
3231 4745 3347 4795 ani-

1786 4831 1893 4882 ma,
1919 4819 1992 4871 ita
2016 4827 2069 4872 et
2097 4821 2331 4886 Spiritus
2358 4834 2579 4876 sanctus
2607 4829 2853 4892 proi-edit
2885 4843 2912 4880 a
2938 4827 3117 4885 Patre.

1855 4997 1916 5050 Ἰ.
1950 4997 2141 5051 Utrum
2172 4999 2292 5054 loco
2327 5002 2538 5069 capitur
2571 5002 2711 5057 Deus
2741 5020 2808 5058 au
2833 5022 2942 5061 non
2969 5009 2991 5059 ?

1856 5087 1918 5141 Ρ.
1974 5091 2354 5149 Animadverte
2398 5103 2450 5147 et
2502 5092 2779 5164 intelliges
2837 5099 3150 5169 diligenter,
3204 5108 3343 5173 quod

1786 5179 1927 5232 Deus
1962 5182 2142 5232 lumen
2176 5195 2256 5235 est
2299 5183 2571 5236 invisibile
2601 5194 2654 5237 et
2688 5185 2810 5239 loco
2840 5204 2944 5242 non
2969 5194 3293 5260 receptabile
3325 5214 3338 5260 ;

1785 5286 1960 5339 neque
2003 5273 2168 5340 igitur
2219 5276 2482 5341 aspicitur
2530 5274 2688 5340 Deus,
2746 5291 2922 5346 neque
2964 5284 3250 5350 respicitur
3290 5287 3341 5337 iu

1786 5370 1920 5424 toto,
1966 5361 2054 5414 ubi
2100 5363 2445 5416 habitaturus
2471 5374 2524 5418 et
2557 5375 2971 5434 receptatnrus;
3004 5370 3185 5438 itaque
3228 5376 3342 5426 ela-

1786 5467 1905 5507 rum
1952 5455 2410 5524 manifestumque
2457 5466 2564 5521 est,
2615 5462 2759 5525 quod
2812 5477 2918 5514 non
2976 5464 3238 5530 recipitur
3288 5465 3342 5518 in

1786 5560 1893 5598 uno
1926 5545 2065 5608 loco,
2097 5545 2192 5600 sed
2226 5547 2277 5598 in
2313 5556 2428 5602 toto
2462 5557 2512 5602 et
2553 5549 2750 5617 ubique
2774 5551 2926 5603 adest
2966 5552 3127 5605 Deus.
3166 5554 3342 5606 Etiam

1785 5637 2040 5692 audivisti
2105 5637 2168 5691 de
2203 5651 2390 5693 sancta
2432 5641 2715 5707 Trinitate,
2750 5641 2891 5696 ouod
2946 5659 3054 5698 una
3106 5659 3340 5714 persona

2925 5735 2986 5796 ll
