3966 6328
600 339 705 403 363

601 469 798 511 rursus
854 454 907 509 in
965 455 1172 525 virgam
1227 451 1612 509 transmutavit
1663 470 1678 507 :

601 562 797 619 aquam
822 550 1010 602 vinum
1044 547 1172 603 fecit
1207 547 1259 601 in
1297 545 1442 601 Cana
1472 563 1486 599 :
1515 544 1630 613 ipsa
1676 541 1915 598 fructum
1954 555 2175 595 carnem

602 641 857 699 animalis
892 641 1022 695 facit
1066 641 1206 694 intra
1254 637 1473 708 aliquod
1523 636 1788 705 temporis
1838 636 2093 704 spatium,
2126 642 2178 685 et

603 737 756 791 carni
796 744 1149 805 augmentum
1179 746 1245 786 ex
1280 733 1470 786 eodem
1497 729 1679 783 fructu
1727 742 1821 796 per
1846 732 2178 781 transmuta-

602 833 809 885 tionem
862 826 1071 897 adjicit.
1131 823 1333 880 Verum
1411 830 1704 893 postquam
1781 825 2180 874 concesserunt

540 924 559 999 j
603 921 927 979 substantiae
948 916 1462 974 transmutationetn
1490 897 1547 967 in
1576 914 1676 967 hoc
1702 920 2044 965 sacramento
2069 923 2176 961 non

603 1029 725 1081 esse
753 1025 978 1082 prorsus
1004 1006 1427 1078 'impossibilem,
1475 1020 1671 1060 rursus
1702 1018 1819 1056 eam
1855 1004 2177 1073 impugnare

604 1124 668 1162 ex
687 1104 1009 1175 quantitatis
1028 1101 1242 1155 ratione
1262 1096 1672 1168 aggrediuntur.
1692 1094 2011 1149 Substantia
2031 1090 2176 1146 enim

603 1197 760 1265 panis
790 1195 843 1248 in
876 1194 1021 1247 Illam
1047 1190 1291 1261 corporis
1323 1197 1714 1252 transit-tutata,
1749 1184 2052 1242 accidentia
2079 1198 2179 1253 pa-

605 1290 691 1343 nis
715 1283 931 1341 titanere
952 1284 1159 1351 absque
1180 1281 1447 1353 subjecto,
1469 1296 1592 1335 cum
1620 1294 1787 1349 supra
1812 1286 2057 1332 naturam
2088 1277 2179 1341 sit,

605 1384 783 1434 tamen
808 1392 914 1431 non
952 1390 1216 1445 superare
1242 1374 1291 1428 id
1340 1373 1484 1441 quod
1511 1378 1690 1425 mente
1736 1370 1950 1438 concipi
1979 1376 2179 1438 potest.

606 1471 868 1542 Equidem
892 1458 1194 1523 accidentia
1219 1481 1324 1520 non
1347 1465 1613 1519 exsistere
1632 1466 1688 1517 in
1717 1462 1966 1532 subjecto
1984 1462 2185 1530 impos-

605 1564 763 1621 sibile
784 1572 901 1629 est;
925 1561 977 1615 id
1009 1559 1151 1615 enim
1183 1572 1246 1611 ex
1282 1556 1493 1611 ratione
1522 1562 1575 1607 et
1600 1551 1918 1607 deﬁnitione
1939 1552 2180 1621 ipsorum

606 1653 966 1712 accidentium
1000 1656 1237 1705 constat.
1265 1646 1517 1700 Attamen
1552 1644 1657 1699 tale
1684 1643 1960 1713 quidpiam
1997 1640 2183 1694 animo

603 1746 895 1817 concipere
920 1753 1231 1812 possumus,
1256 1744 1309 1791 et
1333 1735 1589 1789 accidens
1608 1750 1637 1788 a
1662 1735 1906 1803 subjecto
1926 1743 2184 1802 separare

1662 334 2041 423 GENNADII
2076 336 2183 397 CP.
2230 334 2750 398 PATRIARCH/R
3099 356 3102 358 ‘
3734 341 3813 404 364

1740 451 1932 505 eadem
1989 456 2173 518 postea
2201 462 2249 523 Α
2281 424 2572 534 μετέϐαλεν
2595 461 2609 475 ’
2644 447 2701 498 τὸ
2728 446 2873 516 ’ὕδωρ
2901 449 2931 519 ἡ
2965 432 3103 521 α’ὑτὴ
3130 451 3430 520 πεποίηκεν
3459 447 3601 505 οἶνον
3626 452 3816 525 ὕστερον

2290 541 2343 592 ἐν
2380 540 2537 610 Κανᾷ
2562 555 2577 573 ο
2609 538 2745 608 αὑτὴ
2790 540 2889 609 τὴν
2941 543 3119 612 σάρκα
3147 543 3240 597 τοῦ
3288 544 3431 609 ζώου
3461 546 3672 615 καρπὸν
3703 553 3819 603 ποιεῖ

2286 631 2371 685 διὰ
2401 634 2617 702 χρόνον,
2655 633 2746 685 καὶ
2772 636 2834 703 τῇ
2858 636 3024 704 σαρκὶ
3068 638 3157 689 τὸν
3210 638 3422 707 καρπὸν
3454 638 3612 700 αὖθις
3638 646 3823 709 προστί-

2290 723 2442 793 θησιν
2474 725 2539 801 ὲκ
2594 725 2921 794 μεταϐολῆς.
2965 727 3104 779 Ἀλλ’
3160 730 3375 783 ἐπειδὰν
3428 731 3562 783 δῶσι
3615 732 3708 802 τὴν
3748 734 3823 799 τῆς

2288 816 2475 877 οὐσίας
2508 816 2810 889 μεταϐολὴν
2847 820 2903 872 ὲν
2934 819 3105 890 τούτῳ
3148 822 3226 892 τῷ
3270 823 3562 894 μυστηρίῳ
3594 824 3667 895 μὴ
3712 823 3825 877 εἶναι

2289 908 2545 974 καθάπαξ
2569 912 2903 978 ἀνένδεκτον,
2923 913 3030 965 ἀπὸ
3049 914 3144 983 τῆς
3167 917 3459 985 ποσότητος
3480 913 3637 977 αὖθις
3654 918 3829 989 ἐπιχει-

2292 999 2501 1067 ροῦσιν.
2529 1002 2600 1054 Τὸ
2631 996 2729 1071 μὲν
2756 1003 2860 1073 γὰρ
2885 1004 2982 1075 τῆς
3009 1003 3103 1057 τοῦ
3124 1004 3288 1075 ἄρτου
3317 1007 3506 1071 οὐσίας
3536 1010 3613 1070 είς
3645 1009 3735 1078 τὴν
3755 1009 3829 1061 τοῦ

2290 1090 2543 1161 σώματος
2580 1094 3064 1167 μεταϐαλλομένης
3088 1096 3157 1151 τὰ
3191 1099 3579 1167 συμϐεϐηκότα
3606 1102 3681 1169 τῷ
3706 1101 3830 1169 ἄρτῳ

2292 1181 2602 1251 μένεινρτοῦ
2651 1185 3013 1253 ὑποκειμένου
3060 1177 3247 1255 χωρὶς,
3276 1186 3417 1257 ὑπὲρ
3466 1187 3565 1257 τὴν
3593 1188 3746 1257 φύσιν
3767 1188 3828 1250 ὃν,

2287 1276 2437 1345 ὅμως
2464 1277 2561 1347 οὐχ
2593 1276 2940 1347 ὑπερϐαίνειν
2967 1277 3138 1347 τὴν...
3170 1280 3225 1330 ὲν
3265 1279 3395 1349 παρ’
3429 1280 3597 1336 αὑτοῦ
3625 1280 3730 1335 νοῦ.
3759 1280 3831 1349 Μὴ

2293 1370 2624 1440 ἐνυπάρχειν
2674 1372 2776 1442 μὲν
2823 1372 2931 1443 γὰρ
2977 1372 3321 1442 ὑποκειμένῳ
3352 1372 3422 1429 τὰ
3478 1373 3831 1441 συμϐεϐηκότι

2289 1459 2549 1513 ἀδύνατον
2572 1476 2587 1491 ⁸
2634 1461 2792 1515 τοῦτο
2845 1463 2953 1531 γὰρ
2986 1464 3065 1529 ,ὲκ
3118 1461 3215 1515 τοῦ
3254 1462 3413 1531 λόγου
3441 1463 3553 1517 τῶν
3586 1463 3829 1532 συμϐεϐη-

2290 1552 2465 1603 κότων
2521 1550 2689 1606 ἐστίν.
2739 1552 3004 1606 Ἐπινοεῖν
3054 1553 3110 1606 δέ
3155 1572 3206 1607 τι
3240 1555 3481 1607 τοιοῦτον
3526 1555 3677 1623 ὅμως
3700 1555 3828 1607 δυνά·

2292 1643 2455 1713 μεθα,
2489 1643 2585 1696 καὶ
2612 1642 2705 1697 τοῦ
2738 1644 3095 1715 ὑποκειμένου
3130 1646 3191 1698 τὸ
3218 1663 3282 1698 συ
3296 1646 3577 1718 μϐεϐηκὸς
3607 1648 3828 1716 ἀφαιρεῖν

2290 1736 2354 1803 τῇ
2388 1734 2613 1802 δυνάμει
2667 1736 2759 1788 τοῦ
2796 1736 2905 1802 νοῦ,
2936 1731 2979 1804 ᾧ
3027 1738 3214 1809 τρόπῳ
3255 1738 3460 1791 καὶτὸν
3500 1738 3597 1791 τοῦ
3634 1738 3827 1792 καθόλου

603 1856 705 1917 ρος
723 1834 921 1891 mentis
945 1831 1241 1902 potentiam
1265 1847 1276 1881 ε
1303 1844 1408 1898 qua
1434 1828 1649 1881 ratione
1672 1824 1995 1881 universalis
2018 1825 2182 1878 ratio-

2293 1827 2442 1893 λόγον
2478 1828 2804 1898 ἀθροίζομεν
2834 1831 2897 1881 ἐκ
2926 1829 3037 1882 τῶν
3078 1831 3321 1899 μερικῶν
3369 1830 3744 1901 ἀφαιροῦντες.
3771 1831 3829 1882 Τὸ

605 1947 730 1990 nem
748 1930 800 1983 in
830 1941 994 1982 unttm
1016 1922 1341 1995 colligimus,
1366 1934 1431 1973 ex
1450 1918 1820 1988 singularibus
1844 1924 2179 1985 separantes.

607 2022 759 2092 Quod
782 2030 962 2072 autem
990 2013 1047 2067 ﬂt
1070 2026 1164 2082 per
1184 2010 1382 2065 mentis
1415 2018 1616 2064 nostra:
1648 2006 1969 2077 potentiam,
1996 2007 2184 2075 utique

610 2117 875 2173 elﬁcictur
905 2124 1000 2179 per
1041 2104 1343 2177 potentiam
1380 2103 1632 2155 maximae
1658 2114 1712 2156 et
1747 2099 2181 2173 primae'mentis,

610 2207 777 2266 simul
806 2202 937 2258 illud
984 2195 1363 2266 intelligentia,
1405 2204 1460 2251 et
1497 2194 1679 2260 reipsa
1732 2191 2032 2267 operantis.
2076 2188 2182 2245 Sed

608 2299 754 2357 aliud
778 2294 1055 2367 quidpiam
1080 2305 1199 2345 esse
1218 2290 1405 2343 dicunt
1427 2286 1480 2341 in
1510 2286 1615 2341 hoc
1638 2292 2004 2348 sacramento,
2040 2282 2185 2351 quod

602 2410 715 2450 non
746 2390 907 2445 modo
938 2395 1213 2448 naturam,
1233 2381 1325 2438 sed
1354 2381 1527 2451 ipsam
1560 2381 1724 2433 etiam
1758 2375 1953 2431 mentis
1985 2385 2186 2430 nostra:

608 2484 912 2556 potentiam
940 2484 1184 2547 superet,
1217 2472 1427 2527 scilicet
1448 2471 1590 2541 quod
1628 2471 1681 2524 in
1712 2484 1877 2538 parva
1903 2458 2185 2537 'apparen-

610 2581 683 2634 tis
714 2576 870 2647 panis
884 2572 1190 2644 quantitate
1216 2576 1362 2623 totus
1382 2566 1637 2620 Christus
1658 2563 1899 2617 creditur
1932 2580 1946 2616 :
1975 2562 2066 2616 sed
2096 2568 2200 2613 [ιε-⁷

611 2688 714 2740 que
746 2669 848 2723 hoc
895 2661 1223 2718 miraculum
1282 2657 1591 2711 rationibus
1643 2654 1843 2723 quibus
1882 2651 2184 2705 tlillieultati

615 2766 961 2821 occurratur,
993 2762 1162 2810 caret.
1193 2751 1379 2820 Neque
1414 2748 1559 2804 enim
1585 2748 1639 2801 in
1666 2760 1825 2802 sacro
1850 2745 1952 2800 ltoc
1974 2743 2185 2799 sacriﬁ-

612 2857 698 2909 cio
725 2863 807 2907 est
838 2863 1039 2918 corpus
1074 2844 1275 2900 Christi
1314 2839 1661 2897 naturaliter,
1686 2837 1779 2891 sed
1814 2846 2185 2891 sacramenta-

612 2950 733 3002 litcr
770 2942 971 3005 solum;
1005 2930 1211 2992 idcirco
1266 2935 1320 2987 in
1363 2947 1427 2987 eo
1461 2946 1571 2985 non
1620 2940 1703 2985 est
1728 2939 1981 2999 tanquam
2010 2928 2187 2981 taber-

612 3038 812 3094 naculo
844 3034 1079 3087 velatum
1110 3030 1161 3083 in
1193 3026 1431 3097 quodam
1456 3026 1599 3088 loco,
1626 3038 1801 3092 neque
1822 3021 1924 3076 sub
1949 3021 2186 3091 prepriis
2216 3075 2224 3086 _

615 3132 724 3187 veri
755 3127 1006 3196 corporis
1055 3117 1513 3179 dimensionibns,
1546 3115 1638 3170 sed
1685 3114 1786 3169 sub
1823 3112 1994 3169 solius
2028 3113 2189 3183 panis

612 3217 1049 3277 dimensionihus
1090 3230 1101 3264 :
1159 3210 1303 3264 unde
1350 3206 1792 3276 quandoquidem
1854 3206 2014 3276 panis
2054 3206 2183 3260 sub.

622 3322 821 3369 διιεηιιο
848 3305 1144 3367 secundum
1197 3302 1457 3370 seipsam,
1493 3306 1547 3354 et
1582 3310 1855 3368 quatenus
1885 3297 2186 3354 substantia

617 3378 935 3461 tast.lt)CUtti
988 3411 1084 3450 nec
1139 3398 1373 3460 occupat
1407 3404 1508 3444 nec
1555 3390 1743 3459 exigit,
1771 3388 1875 3443 nisi
1920 3398 2182 3459 quantum

617 3499 804 3551 sttbcsl
835 3488 1080 3557 corporis
1108 3480 1564 3544 dimensionibns,
1609 3481 1863 3549 sequitur
1893 3480 1948 3533 in
1972 3479 2075 3533 hoc
2101 3494 2187 3533 sa-

615 3593 896 3643 cramento
920 3576 1123 3635 Christi
1154 3587 1352 3642 corpus
1398 3587 1505 3625 non
1550 3571 1787 3636 exigere,
1824 3584 2001 3640 neque
2028 3584 2188 3624 oceu-

534 3652 542 3667 '
622 3697 749 3753 pare
784 3676 1101 3745 ampliorem
1142 3672 1347 3733 locum,
1372 3682 1533 3737 quam
1569 3677 1833 3735 quantum
1882 3667 2101 3737 exigunt
2137 3674 2190 3720 et

622 3778 891 3839 occupant
938 3762 1309 3815 dimensiones
1335 3756 1514 3825 panis,
1568 3756 1667 3810 sub
1702 3755 1901 3824 quibus
1945 3753 2189 3822 corporis

622 3860 927 3919 substantia
953 3855 1166 3923 tegitur.
1194 3848 1318 3903 Istis
1356 3858 1535 3933 aut/em
1578 3848 1848 3915 denegare
1886 3846 2039 3901 (idem
2082 3860 2189 3900 non

621 3958 859 4021 oportet,
891 3960 1014 3999 cum
1049 3942 1150 3995 alia
1187 3938 1354 3993 multa
1387 3938 1437 3991 in
1470 3952 1651 3991 rerum
1687 3946 1881 3991 natura
1912 3934 2041 4001 sint,
2071 3950 2193 4006 quae

620 4040 870 4100 eamdem
908 4050 1071 4106 prcpe
1112 4031 1296 4087 statim
1324 4028 1611 4083 dubitandi
1636 4043 1859 4084 causam
1894 4027 2190 4098 praebeant.

622 4137 867 4191 llunmna
891 4128 1031 4182 enim
1059 4126 1237 4178 anima
1266 4131 1375 4176 tota
1404 4128 1489 4175 est
1514 4121 1565 4177 in
1599 4128 1710 4175 toto
1730 4135 1977 4192 corpore,
2004 4131 2056 4177 et
2077 4129 2193 4177 tota

626 4231 679 4280 in
718 4224 948 4291 singulis
979 4218 1227 4288 partibus
1265 4214 1535 4283 corporis,
1574 4214 1928 4283 eamdemque
1965 4213 2019 4267 in
2039 4222 2192 4283 parte

621 4326 676 4369 et
712 4318 763 4367 in
805 4313 1025 4382 reliquo
1056 4326 1285 4379 corpore
1349 4317 1599 4360 naturam
1655 4305 1853 4359 habet:
1896 4320 2079 4374 parem
2123 4308 2193 4360 ita

624 4406 1053 4475 magnitudinem
1096 4404 1257 4456 habet
1306 4401 1358 4453 in
1395 4398 1621 4473 infantis
1658 4408 1822 4468 atque
1859 4400 1913 4452 in
1957 4399 2191 4471 gigantis

2289 1920 2341 1972 δὲ
2372 1922 2437 1989 τῇ
2488 1921 2717 1989 δυνάμει
2776 1920 2869 1974 τοῦ
2924 1921 3013 1973 νοῦ
3075 1921 3359 1991 γινόμενον
3414 1922 3507 1977 τοῦ
3568 1924 3827 1993 ἡμετέρου,

2288 2013 2485 2080 γένοιτ’
2509 2013 2573 2067 ἂν
2607 2016 2701 2065 καὶ
2728 2016 2792 2083 τῇ
2828 2014 3053 2083 δυνάμει
3078 2014 3169 2067 τοῦ
3201 2016 3462 2084 μεγίστου
3493 2018 3586 2069 καὶ
3614 2019 3827 2085 πρώτου,

2286 2106 2379 2158 τοῦ
2416 2106 2532 2176 ἅμα
2590 2125 2647 2159 τε
2701 2108 2943 2170 νοοῦντος
3000 2108 3151 2172 αὑτὸ,
3185 2109 3279 2161 καὶ
3327 2111 3386 2162 ὲν
3438 2110 3514 2178 τῷ
3570 2114 3825 2180 πράγματι

2288 2198 2429 2252 οὑτω
2478 2200 2965 2271 δημιουργοῦντος.
3014 2202 3370 2273 Ἀλλ’ἓτερον
3420 2198 3563 2257 εἶναι
3613 2205 3765 2271 φασὶν
3787 2204 3831 2254 ιν

2287 2288 2363 2359 τῷ
2394 2290 2679 2360 μυστηρίῳ
2719 2294 2913 2364 τούτῳ,
2942 2296 2999 2347 οὐ
3042 2296 3202 2364 μόνον
3238 2297 3335 2364 τὴν
3370 2295 3557 2364 φύσιν.
3599 2295 3728 2349 ἀλλὰ
3756 2297 3830 2349 καὶ

2289 2383 2385 2451 τὴν
2440 2384 2692 2453 τοιαύτην
2741 2386 2835 2437 τοῦ
2891 2387 2978 2439 νοῦ
3013 2388 3245 2456 δύναμιν
3300 2388 3623 2457 ὑπερϐαῖνον
3650 2403 3661 2417 ·
3688 2389 3762 2440 ὅτι
3789 2389 3834 2440 ἒν

2293 2478 2465 2545 μικρᾷ
2527 2477 2618 2528 τοῦ
2679 2478 3005 2546 φαινομένου
3062 2483 3325 2551 ποσότητι
3378 2482 3503 2543 ὅλος
3555 2484 3582 2533 ὀ
3630 2480 3832 2551 Χριστὸς

2290 2561 2428 2619 εἶναι
2493 2568 2851 2623 πιστεύεται·
2907 2571 3024 2623 ἀλλ’
3102 2572 3221 2628 οὐδὲ
3286 2572 3449 2627 τοῦτο
3514 2572 3835 2645 παραμυθίας

2289 2661 2585 2730 ἐστέρηται
2633 2662 2693 2714 τὸ
2740 2662 3062 2731 θαυμάσιον.
3104 2665 3178 2718 Οὑ
3220 2664 3329 2736 γάρ
3352 2667 3530 2719 πίστιν
3563 2666 3620 2719 ἐν
3651 2669 3712 2737 τῇ
3739 2666 3836 2735 ἱερᾷ

2289 2752 2461 2824 ταύτῃ
2507 2752 2667 2822 θυσίᾳ.
2700 2754 2760 2806 τὸ
2790 2753 2883 2807 τοῦ
2932 2754 3172 2824 Χριστοῦ
3229 2756 3386 2825 σῶμα
3422 2759 3694 2825 φυσικῶς.
3724 2758 3837 2812 ἀλλὰ

2294 2844 2681 2915 μυστηριιυῑῶς
2736 2845 2916 2914 μόνον,
2948 2845 3041 2899 καὶ
3095 2848 3180 2903 διὰ
3233 2847 3388 2903 τοῦτο
3448 2852 3549 2903 οὐκ
3610 2851 3752 2906 ἔστιν
3792 2851 3839 2901 ἐν

2290 2938 2426 3007 αὑτῇ
2460 2938 2709 3007 καθάπερ
2750 2938 3129 3007 ὲσκηνωμένον
3168 2940 3225 2991 ἔν
3272 2958 3375 2993 τινι
3402 2941 3588 3009 τόπῳ⁶
3618 2944 3725 2997 οὐδ’
3750 2943 3837 2996 ὑπὸ

2290 3033 2409 3091 ταῖς
2440 3031 2597 3092 litat;
2628 3033 2745 3092 ταῖς
2774 3031 2868 3082 τοῦ
2899 3030 3156 3100 ἀληθινοῦ
3186 3030 3438 3101 σώματος
3486 3034 3837 3091 διαστάσεσιν.

2291 3121 2406 3175 ἀλλ’
2444 3122 2545 3173 ὑπὸ
2592 3124 2707 3184 ταῖς
2760 3122 2852 3174 τοῦ
2888 3121 3053 3192 ἄρτου
3101 3123 3420 3177 διαστάσεσι
3464 3126 3695 3193 μόναις’
3739 3126 3842 3180 ὅθεν

2296 3216 2525 3282 ἐπείπερ
2558 3214 2587 3282 ἡ
2620 3214 2776 3267 οὐσία
2810 3216 2932 3267 καθ’
2960 3216 3130 3286 αὑτὴν
3160 3217 3252 3270 καὶ
3279 3215 3399 3269 καθ’
3432 3218 3459 3270 ὃ
3494 3220 3647 3273 ἐστιν
3680 3216 3840 3279 οὐσία,

2296 3310 2352 3361 οὑ
2391 3308 2607 3376 κατέχει
2633 3310 2797 3360 τόπον
2827 3309 2945 3361 οὑδὲ
2983 3310 3157 3379 ζητεῖ,
3180 3312 3227 3363 εί
3254 3311 3325 3380 μὴ
3354 3311 3588 3365 καθόσον
3623 3313 3735 3367 ἐστὶ
3758 3312 3845 3365 ὑπο

2294 3404 2411 3463 ταῖς
2464 3402 2775 3454 διαστάσεσι
2819 3402 2911 3454 τοῦ
2966 3402 3238 3473 σώματος,
3273 3406 3545 3473 ἑπόμενον
3597 3408 3743 3460 ἑστιν
3772 3409 3843 3459 ἑν-

2294 3491 2467 3545 ταῦθα
2496 3494 2551 3544 ὲν
2586 3493 2755 3558 τούτῳ
2782 3492 2857 3562 τῷ
2895 3496 3181 3564 μυστηρίῳ
3215 3497 3272 3548 τί»
3300 3496 3394 3549 τοῦ
3433 3498 3673 3563 Χριστοῦ
3705 3498 3845 3567 σῶμα

2299 3585 2373 3654 μὴ
2409 3582 2607 3655 ζητεῖν,
2645 3584 2777 3651 μηδὲ
2836 3584 3089 3654 κατέχειν
3139 3587 3359 3640 πλείονα
3414 3589 3583 3641 τόπον
3639 3590 3669 3659 ἦ
3733 3591 3841 3645 ὅσον

2296 3674 2519 3744 ζητοῦσι
2575 3677 2669 3727 καὶ
2708 3674 3031 3744 κατέχουσιν
3080 3679 3136 3729 ai
3177 3677 3489 3743 διαστάσεις
3542 3680 3635 3733 τοῦ
3680 3682 3848 3748 ἄρτου.

2298 3766 2387 3833 ὑφ’
2437 3760 2524 3829 αἷς
2573 3767 2605 3836 ἡ
2664 3765 2756 3840 τοῦ
2789 3767 3044 3838 σώματος
3093 3770 3251 3825 οὐσία
3291 3772 3650 3829 καλύπτεται.
3682 3776 3851 3828 Aram-

2278 3858 2443 3925 νστεῖν
2471 3856 2528 3911 at
2580 3858 2708 3928 περὶ
2750 3857 2939 3911 τούτου
2970 3860 3030 3912 οὑ
3078 3861 3202 3932 χρὴ,
3239 3862 3453 3916 πολλῶν
3486 3864 3665 3919 ἄλλων
3715 3868 3767 3922 ὲν
3794 3870 3851 3939 τῇ

2298 3951 2459 4021 φύσει
2491 3952 2829 4023 πραγμάτων
2856 3953 2954 4025 τὴν
2983 3955 3152 4025 αὐτὴν
3210 3957 3398 4028 σχεδὸν
3443 3958 3681 4029 ἀπορίαν
3728 3979 3852 4030 προ·

2298 4046 2681 4115 ϐαλλομένωνο
2719 4048 2751 4116 ἡ
2798 4046 2908 4116 γὰρ
2942 4047 3259 4120 ἀνθρωπίνη
3304 4050 3454 4122 ψυχὴ
3485 4053 3585 4124 ὅλη
3626 4054 3765 4108 ἐστὶ)
3802 4057 3855 4107 ίν

2298 4138 2403 4207 ὅλῳ
2432 4137 2509 4206 τῷ
2540 4138 2771 4207 σώματι,
2797 4140 2888 4192 καὶ
2921 4140 3019 4211 ὅλη
3067 4141 3122 4193 ἐν
3156 4142 3371 4211 ἑκάστῳ
3392 4144 3504 4197 τῶν
3543 4146 3743 4215 μορίων
3767 4148 3854 4203 τοῦ

2224 4296 2234 4309 1
2302 4230 2572 4299 σώματος,
2608 4230 2699 4283 καὶ
2732 4230 2830 4301 τὴν
2875 4232 3045 4303 αὑτὴν
3080 4231 3137 4286 εν
3183 4249 3243 4287 τε
3284 4230 3363 4304 τῷ
3415 4236 3595 4307 μορίῳ
3651 4239 3740 4293 καὶ
3784 4239 3857 4309 τῷ

2300 4318 2472 4388 λοιπῷ
2504 4319 2715 4389 σώματι
2750 4318 2910 4388 φύσιν
2945 4318 3080 4389 ἔχει,
3116 4321 3210 4377 καὶ
3240 4318 3414 4385 οὕτως
3459 4320 3575 4393 ἔχει
3609 4324 3858 4393 μεγέθους

2303 4413 2360 4463 ὲν
2396 4410 2476 4480 τῷ
2514 4410 2695 4481 νηπίῳ
2722 4409 2815 4491 ηὼς
2868 4411 2927 4464 ἑν
2958 4410 3036 4482 τῷ
3060 4411 3155 4467 τοῦ
3190 4414 3445 4481 γίγαντος
3478 4414 3710 4484 σώματι.
3745 4416 3856 4468 Em

622 4514 877 4568 corpore.
931 4496 1211 4564 Siquidem
1248 4508 1379 4547 vero
1411 4490 1605 4544 animm
1640 4489 1875 4559 aliquant
1925 4490 2188 4560 magnitu-

2300 4502 2382 4555 δεῖ
2433 4518 2486 4555 τι
2536 4500 2715 4572 ψυχῆς
2772 4501 2999 4570 μέγεθος
3050 4504 3308 4566 ἐπινοεῖν.
3342 4504 3437 4559 καὶ
3493 4506 3581 4561 διὰ
3629 4508 3726 4576 τὴν
3772 4504 3859 4560 τοῦ

625 4591 806 4643 dinem
843 4588 1137 4655 itnaginari
1185 4594 1426 4654 oportet,
1459 4591 1639 4637 tamen
1698 4596 1791 4651 per
1829 4580 2193 4635 accretionem

624 4696 715 4736 aut
748 4682 1165 4734 diminutionem
1208 4675 1479 4745 corporis,
1513 4684 1605 4728 aut
1644 4672 2000 4727 resectionem
2027 4686 2200 4725 mem-

624 4775 708 4829 bri
742 4772 989 4840 alicujus,
1027 4785 1201 4839 tteque
1246 4766 1640 4829 accretionent,
1673 4778 1849 4833 neque
1877 4763 2195 4823 diminutio-

626 4883 771 4929 nem,
814 4879 986 4931 neque
1023 4861 1381 4915 resectionem
1431 4858 1595 4912 ullam
1636 4856 1816 4910 anima
1854 4855 2110 4910 sustinet.
2142 4854 2199 4908 ιιι

623 4976 753 5015 vero
786 4959 913 5012 licet
957 4954 1303 5009 verissimum
1354 4952 1449 5017 sit,
1483 4936 1851 5029 omnibﬁsque
1882 4947 2196 5004 Graecorum

624 5051 965 5123 sapientibus
1008 5049 1289 5117 sacrisque
1314 5044 1629 5101 ductoribus
1667 5044 1741 5109 ita
1794 5043 1972 5098 visum
2012 5040 2201 5106 fuerit,

623 5149 771 5201 clare
813 5153 995 5197 tamen
1022 5151 1076 5196 et
1097 5134 1399 5211 perspicue
1430 5152 1539 5191 non
1589 5136 1740 5190 venit
1775 5137 1829 5189 in
1860 5143 2097 5189 mentem
2124 5142 2201 5201 λιιι

624 5240 853 5295 aliorum
896 5233 1321 5303 intelligibilium
1357 5227 1645 5283 manifesta
1676 5234 1909 5297 quicque
1931 5240 1985 5281 et
2010 5228 2196 5280 obvia.

623 5332 907 5397 Quomodo
923 5330 1087 5383 etiam
1117 5326 1285 5381 turris
1308 5323 1391 5379 vel
1416 5322 1614 5376 montis
1634 5320 2056 5386 magnitudinem
2080 5319 2197 5372 visu

623 5424 896 5487 metimur,
927 5422 982 5475 in
1016 5419 1175 5474 oculo
1200 5430 1367 5488 parvo
1394 5414 1516 5469 talis
1539 5410 1927 5483 magnitudinis
1956 5412 2191 5479 speciem

623 5512 943 5585 impressam
972 5510 1233 5566 ferentes?
1283 5503 1383 5564 Est
1408 5504 1555 5563 enim
1591 5506 1749 5574 quasi
1788 5507 1843 5560 in
1898 5507 2081 5560 anima
2114 5506 2197 5559 in-

622 5605 978 5674 telligiliiliter
999 5604 1212 5674 species
1252 5601 1443 5666 turris,
1473 5607 1527 5654 et
1568 5612 1693 5653 cum
1730 5597 2026 5653 ntatcrialis
2047 5597 2120 5652 sit
2144 5596 2199 5652 in

622 5698 823 5766 St'ipsu,
873 5699 943 5750 ita
988 5693 1343 5765 spiritualiter
1376 5702 1459 5747 est
1492 5692 1543 5744 in
1590 5691 1779 5756 oculo,
1827 5700 1881 5746 ct
1930 5706 2023 5759 per
2060 5692 2201 5745 hanc

624 5791 960 5861 spiritualezn
996 5790 1255 5860 speciem,
1285 5783 1576 5841 estcrioris
1612 5784 2010 5852 magnitudinis
2039 5799 2196 5837 com-

2305 4594 2555 4663 σώματος
2605 4593 2833 4663 αὔξησίν
2871 4612 2931 4647 τε
2982 4595 3078 4649 καὶ
3128 4597 3435 4668 μείωσιν,ἢ
3486 4598 3690 4667 μέλους
3728 4601 3861 4662 τινος

2302 4686 2563 4780 ἐκκοπὴν,
2612 4684 2737 4738 οὔτε
2778 4684 3007 4758 αὔξησιν
3056 4686 3181 4741 οὔτε
3235 4691 3482 4757 μείωσιν,
3530 4688 3656 4745 οὔτε
3698 4694 3861 4761 τομήν

2302 4776 2426 4830 τινα
2452 4779 2545 4830 καὶ
2589 4778 2619 4846 ή
2676 4776 2820 4848 ψυχὴ
2857 4779 3264 4847 συνεφῖσταται.
3308 4780 3502 4835 Καίτοι
3539 4780 3703 4836 τοῦτο
3741 4783 3861 4849 ἁλη-

2304 4866 2561 4919 θέστατον
2600 4866 2681 4931 δν,
2730 4866 2824 4920 καὶ
2874 4870 3007 4921 πᾶσι
3040 4868 3141 4938 μὲν
3182 4868 3450 4939 Ἐλλήνων
3498 4873 3704 4939 σοφοῖς.
3738 4874 3862 4926 πᾶσι

2302 4957 2356 5010 δὲ
2392 4959 2500 5017 τοῖς
2537 4959 2700 5028 ἱεροῖς
2725 4958 3073 5022 διδασκάλοις
3097 4958 3240 5014 οὑτω
3275 4959 3667 5030 φρονούμενον,
3703 4964 3863 5017 καθα-

2304 5049 2414 5119 ρῶς
2462 5050 2614 5119 ὅμως
2666 5052 2764 5121 οὑχ
2821 5051 3116 5105 ὑποπίπτει
3167 5050 3243 5122 τῷ
3306 5054 3402 5121 νῷ,
3459 5056 3715 5123 καθάπερ
3768 5059 3865 5108 τῶν

2304 5141 2478 5195 ἄλλων
2527 5142 2732 5211 νοήτων
2774 5141 2842 5195 τὰ
2872 5143 3081 5215 φανερά
3112 5161 3174 5202 τε
3217 5144 3312 5197 καὶ
3344 5145 3631 5215 πρόχειρα.
3663 5146 3786 5207 Πῶς
3821 5148 3865 5199 δὲ

2304 5236 2397 5287 καὶ
2452 5234 2661 5303 πύργου
2700 5233 2994 5306 μέγεθοςῆ
3045 5237 3204 5306 ὅρους
3250 5236 3486 5307 τῇ’“δψει
3535 5235 3866 5307 μετροῦμεν.

2304 5328 2570 5399 ἐλαχίστῳ
2617 5329 2693 5399 τῷ
2733 5328 2997 5401 ὀφθαλμῷ
3052 5330 3373 5400 τηλικούτου
3420 5332 3689 5400 μεγέθους
3736 5327 3866 5393 εἶδος

2305 5422 2667 5490 ὲμφέροντες;
2702 5422 2859 5476 Ἔστι
2909 5423 3013 5493 γὰρ
3058 5422 3134 5485 ὡς
3177 5424 3235 5475 ὲν
3270 5426 3333 5493 τῇ
3388 5424 3535 5493 ψυχῇ
3569 5426 3779 5494 νοητῶς
3820 5443 3842 5475 τ

2306 5512 2444 5575 εἶδος
2479 5514 2571 5567 τοῦ
2606 5515 2840 5586 πύργου,
2880 5517 2972 5570 καὶ
3003 5515 3205 5580 ὑλικῶς
3236 5518 3294 5571 ἐν
3325 5516 3495 5586 αὐτῷ,
3532 5518 3676 5571 οὑτω
3714 5536 3870 5572 avsu-

2308 5606 2552 5677 ματικῶς
2592 5608 2648 5659 ὲν
2683 5606 2761 5676 τῷ
2817 5607 3102 5679 ὀφθαλμῷ,
3139 5608 3233 5662 καὶ
3283 5610 3457 5678 τούτῳ
3499 5611 3577 5678 τῷ
3632 5592 3869 5681 πνευμαε

2305 5696 2441 5765 τικῷ
2476 5697 2607 5749 εἴδει
2638 5698 2736 5768 τὴν
2764 5698 2855 5749 τοῦ
2891 5699 2993 5763 ἔξω
3024 5700 3290 5769 μεγέθους
3321 5702 3626 5770 ποιούμεθα
3653 5701 3871 5774 σύγκρι-

2310 5807 2413 5843 σιν.
2441 5791 2537 5853 Τίς
2582 5788 2737 5859 λόγος
2796 5791 3142 5846 ἀποδίδοσθαι
3196 5792 3291 5846 τοῦ
3342 5793 3589 5846 τοιουτου
3630 5793 3868 5851 δύναται,

3847 5424 3871 5476 ὸ
