3966 6328
181 257 295 319 369
1183 266 1372 329 non.
1415 267 1510 326 DE
1553 266 1904 330 saeuam;
1937 243 2290 333 convent:
2330 275 2481 336 J.—c.

179 377 431 435 ὠκεανὸν
457 380 808 450 περικλύζειν
841 383 940 456 τὴν
977 383 1100 454 γῆν·
1130 385 1409 450 πιστεύεις
1437 386 1514 457 τῷ
1543 386 1760 457 λέγοντι

1870 393 2106 462 positum
2143 395 2213 448 sit
2240 397 2454 458 ;eredis
2492 411 2756 466 proavum
2793 407 2845 448 et
2899 401 3118 447 atavum
3158 399 3312 447 tuum
3350 394 3454 446 hos

179 472 281 525 τὸν
315 472 471 541 ἣλιον
498 473 777 545 ἐκλείψειν
806 477 929 530 ὅλον
959 478 992 548 ἢ
1028 478 1124 532 τὸν
1172 480 1348 549 ἡμίση
1393 472 1542 551 μετά
1566 483 1763 535 τοσαύ-

1874 483 1954 538 vel
1997 485 2120 540 illos
2181 487 2482 554 exstitisse,
2550 489 2645 543 sed
2707 502 2804 542 eos
2856 502 2963 541 non
3011 485 3195 541 vidisti
3235 487 3455 552 ;credis

155 583 291 628 ’τας
317 566 534 637 ἡμέρας
561 569 656 622 καὶ
685 569 858 641 ὧρας,
890 571 1006 624 ἀλλ’
1039 571 1142 626 οὐκ
1171 567 1310 637 εἶδες
1341 563 1518 640 Δαὐτὰ,
1549 574 1582 647 ἢ
1607 573 1763 630 οῦπω

1871 591 2136 632 oceanum
2192 578 2564 633 circumfundi
2603 590 2832 645 terram,
2882 576 3064 635 credis
3116 577 3325 633 dicenti
3361 593 3454 634 so-

182 659 467 730 ἑὼρακας.
493 660 556 714 Εί
591 661 648 715 δὲ
677 666 790 727 τοῖς
816 663 992 718 ταῦτα
1021 664 1332 736 ἱστοροῦσιν
1369 659 1641 730 ἀποδίδως
1664 669 1763 738 τὴν

1874 668 1982 721 lem
2037 669 2267 739 eclipsin
2313 685 2606 740 passurum
2667 681 2839 727 totum
2890 670 2972 726 vel
3016 670 3302 726 dimidium
3334 680 3455 740 post

187 754 404 821 πίστιν,
444 756 597 826 πόσῳ
624 756 759 820 Θεὸς
801 758 1251 830 ἀξιοπιστότερος
1293 758 1603 832 ἀνθρώπων
1653 760 1763 814 τῶν

1876 771 1953 816 tot
2011 764 2132 820 dies
2187 775 2240 819 et
2297 763 2509 830 horas;
2545 766 2638 819 sed
2697 781 2806 820 non
2861 765 3070 830 vidisti,
3125 779 3303 835 neque
3355 781 3453 819 un-

182 847 366 899 ταῦτα
383 847 755 922 διηγουμένων
777 850 973 919 λέγων,
997 853 1104 917 ὅτι,
1136 851 1320 907 Τοῦτό
1343 853 1475 907 ἐστι
1504 853 1572 906 τὸ
1596 851 1763 922 σῶμα

1873 871 2039 926 quam
2098 857 2213 910 haec
2240 857 2421 912 oculis
2460 857 2765 928 usurpas“.
2792 859 2849 916 Si
2889 873 3021 914 vero
3061 858 3176 914 hare
3214 857 3457 912 referen-

3346 277 3459 338 370
3539 312 3546 317 -

178 937 334 1010 pou,
365 945 481 1008 xa‘,
520 941 706 998 Τοῦτο
740 938 974 1023 τὸλαῖμὰ
1000 961 1162 1014 μους
1207 943 1371 1000 Ἀλλά
1389 945 1486 998 καὶ
1510 945 1638 1016 περὶ
1669 943 1770 1013 τῆς

187 1035 455 1104 ἀληθείας
501 1036 597 1090 τοῦ
646 1036 893 1099 είπόντος
924 1036 1278 1106 ἀμφιϐάλλω,
1328 1039 1486 1108 φησι,
1530 1038 1624 1092 καὶ
1666 1037 1767 1108 τῆς

186 1127 448 1180 ἐκείνουο
491 1127 772 1203 θεότητος.
855 1128 1000 1184 Ἀλλ’
1079 1128 1496 1202 ὲκτετύφλωσαι
1570 1130 1767 1196 ὅντως,

186 1219 477 1289 ἄνθρωπε,
533 1221 667 1291 περὶ
729 1221 840 1276 τῶν
886 1221 1173 1292 προδήλων
1231 1224 1559 1295 ἀμφιγνοῶν
1614 1225 1769 1294 ἡλίου

186 1310 583 1384 λαμπρότερον
615 1315 959 1386 μαρτυροῦσι
995 1315 1095 1386 τὴν
1116 1317 1374 1389 ἀλήθειαν
1394 1317 1488 1372 τοῦ
1519 1319 1768 1384 εἰπόντος

187 1403 287 1454 καὶ
341 1405 443 1474 τὴν
475 1405 729 1477 θεότητα,
763 1407 819 1462 ai
873 1409 1004 1477 περὶ
1058 1407 1223 1463 αὐτὸν
1272 1411 1608 1482 προφητεῖαι
1657 1410 1768 1464 τῶν

188 1495 360 1565 ίερῶν
393 1498 717 1567 προφητῶν,
748 1499 859 1552 τῶν
896 1501 1275 1580 χρηστηρίων,
1309 1500 1420 1556 τῶν
1460 1501 1765 1571 Σιϐυλλῶν,

185 1588 415 1648 πάντων
451 1588 657 1656 σοφῶν,
695 1589 919 1641 πάντων
953 1591 1204 1658 μάντεων
1235 1591 1505 1661 εὐφήμως
1537 1591 1634 1661 τὴν
1671 1609 1768 1661 με·

134 1710 137 1711 ν
185 1681 389 1748 γίστην
444 1680 664 1751 ἐκείνην
721 1681 818 1735 καὶ
871 1681 1199 1750 σωτηριώδη
1252 1683 1616 1754 καινοτομίαν
1672 1685 1767 1737 επὶ

185 1772 482 1842 βελτιώσει
527 1771 631 1843 τῆς
673 1759 890 1843 φύσεως
937 1773 1226 1847 πόρρωθεν
1264 1776 1767 1849 προαγγέλλουσαι,
1801 1754 1844 1812 Β

183 1868 702 1938 οἰκονομησαμένου
725 1867 887 1922 τοῦτο
907 1868 1066 1934 Θεοῦ,
1092 1869 1180 1922 ἵνα
1205 1869 1674 1940 ἀπροφάσιστοςὴ
1701 1869 1769 1940 σὴ

183 1961 417 2014 ἀπιστία
448 1961 755 2033 κατακριθῇ
783 1977 799 1993 ο
831 1962 900 2016 τά
947 1948 1390 2033 προηγησάμενα
1422 1959 1524 2032 τῆς
1570 1961 1771 2031 γεννή-

188 2069 336 2118 σεως
365 2050 561 2117 αὑτοῦ,
595 2053 820 2121 καὶτῆς
870 2052 1202 2120 ἀναδείξεως
1253 2052 1534 2123 θαύματαο
1570 2055 1598 2108 δ
1627 2053 1770 2124 ὑπὲρ

187 2145 541 2225 ἀνθρώπινον
565 2145 733 2200 αὐτοῦ
787 2145 923 2218 βίος,
953 2149 988 2219 ἡ
1030 2146 1342 2218 ὑψηλοτάτη
1373 2150 1476 2202 καὶ
1513 2148 1770 2221 οὐράνιος

188 2241 292 2315 καὶ,
317 2228 444 2294 θείᾶ
472 2238 645 2303 δντως
679 2238 999 2308 νομοθεσία,
1033 2241 1089 2293 αί
1122 2241 1464 2312 προρρήσεις
1494 2241 1662 2295 αὐτοῦ
1690 2243 1770 2305 είς

190 2335 360 2404 ἔργον
428 2331 790 2404 ικσεὸηκυῖαι
844 2333 1045 2399 πᾶσαι,
1099 2334 1155 2386 αἱ
1215 2332 1519 2405 ὑπερφυεῖς
1561 2333 1771 2386 ἐκεῖναι

189 2425 665 2497 θαυματουργίαι,
710 2424 740 2477 ὁ
792 2423 1042 2489 ἑκούσιος
1081 2423 1336 2488 θάνατος,
1379 2423 1449 2494 τά
1502 2421 1591 2476 ιπ’
1622 2421 1771 2492 αὐτῷ

189 2512 457 2584 θαύματα
479 2528 496 2544 θ
529 2513 588 2566 αι
626 2513 766 2583 μετά
793 2513 989 2567 τούτου
1027 2513 1418 2585 λαμπρότητες
1468 2513 1664 2569 πᾶσαι.
1699 2513 1773 2567 Τὸ

186 2605 301 2658 τῶν
339 2604 604 2675 μαθητῶν
659 2605 1062 2676 ἀμετάπτωτον
1095 2607 1241 2677 μέγα
1274 2606 1374 2677 μὲν
1394 2607 1442 2660 εί
1474 2589 1772 2677 τῆςάὒτῶν

189 2696 432 2764 πίστεως
465 2686 555 2768 ἧν,
590 2698 685 2752 καὶ
720 2698 888 2768 πολλὴ
921 2699 1022 2769 τῆς
1063 2697 1314 2770 περὶτοῦ
1371 2698 1610 2768 Χριστοῦ
1646 2714 1773 2751 συν·

158 2779 552 2861 ἐγνωσμινης
603 2790 792 2853 αὐτοῖς
836 2789 1126 2862 ἀληθείας
1152 2789 1453 2855 ἀπόδειξις·
1493 2789 1680 2860 μεῖζον
1712 2789 1770 2845 δι

195 2885 250 2938 εί
284 2884 386 2954 τῆς
414 2882 626 2937 ἐκείνου
659 2881 887 2958 χάριτος
912 2878 982 2955 ἦν
1001 2883 1063 2936 οὐ
1103 2883 1370 2953 παρόντος
1403 2883 1791 2953 σωματικῶς,’

190 2973 272 3041 ὥς
299 2975 594 3047 πρότερον,
640 2961 760 3028 ἀλλ’
793 2973 1045 3046 ἀοράτως
1074 2975 1138 3032 ὲκ
1172 2975 1284 3028 τῶν
1323 2973 1574 3045 οὐρανῶν
1608 2976 1772 3030 αὐτον

1876 949 2022 1005 tibus
2059 948 2217 1004 (idem
2251 951 2523 1026 adhibes,
2575 960 2778 1035 quanto
2832 953 3007 1021 magis
3051 967 3162 1022 prae
3217 952 3451 1006 homini-

1874 1048 1978 1103 bus
2021 1049 2126 1104 ista
2169 1047 2531 1104 narrantibus
2561 1048 2722 1102 tidem
2761 1056 3004 1103 meretur
3032 1047 3179 1103 Deus
3222 1048 3455 1103 dicens:

1876 1138 1991 1194 Iloc
2016 1150 2092 1195 est
2127 1156 2319 1208 corpus
2353 1154 2557 1202 nicum;
2611 1149 2710 1193 et:
2747 1139 2849 1192 Hic
2890 1146 2969 1191 est
3001 1136 3220 1206 sanguis
3262 1152 3406 1188 meus
3435 1136 3457 1186 .9
3550 1184 3553 1188 ί

1876 1230 1981 1286 Sed
2040 1230 2251 1295 dubito,
2287 1228 2496 1299 inquis,
2526 1227 2594 1282 de
2630 1227 2933 1282 veracitate
2978 1226 3098 1295 ejus
3148 1225 3241 1296 qui
3290 1225 3454 1287 dixit,

1873 1332 1927 1379 et
1968 1324 2035 1380 de
2066 1322 2188 1394 ejus
2235 1322 2543 1378 divinitate.
2588 1321 2660 1375 At
2708 1321 2933 1386 ementis
2987 1334 3152 1380 vere,
3203 1333 3235 1373 ο
3270 1319 3455 1377 homo.

1872 1415 1940 1471 de
1998 1417 2166 1472 rebus
2213 1413 2526 1470 manifestis
2577 1414 2856 1477 haesitans,
2914 1427 3039 1468 enm
3075 1411 3191 1468 sole
3229 1408 3458 1464 'clarins

1820 1522 1829 1532 '
1872 1507 2249 1563 testimonium
2304 1506 2635 1577 perliibeant
2687 1504 2756 1560 de
2812 1506 3109 1560 veracitate
3155 1513 3210 1574 et
3253 1490 3457 1574 divini~

1874 1609 1982 1656 tate
2006 1598 2302 1669 loquentis,
2325 1607 2640 1654 sanctorum
2664 1599 3052 1668 prophetarum
3083 1597 3151 1650 de
3167 1610 3234 1650 eo
3259 1595 3419 1650 vatiei
3438 1624 3450 1632 -

1873 1692 1984 1756 nia,
2006 1691 2250 1756 oracula,
2278 1689 2514 1761 Sibyllae,
2535 1689 2811 1759 sapientes
2833 1697 2887 1743 et
2908 1697 3297 1748 Vatesomnes;
3330 1702 3452 1754 qua?

1874 1782 2095 1854 quidem
2128 1782 2432 1854 prophetiae
2477 1782 2570 1838 diu
2610 1789 2736 1837 ante
2791 1781 3308 1851 prmnnntiaveruut
3344 1795 3452 1832 ma-

1873 1876 2078 1931 ximam
2114 1876 2264 1930 illam
2295 1883 2346 1931 et
2372 1874 2680 1931 salutarem
2708 1889 2892 1929 rerum
2933 1887 3201 1928 novarum
3228 1871 3450 1929 seriem.

1874 1969 1942 2024 ad
1979 1977 2191 2024 naturae
2247 1976 2449 2024 nostrae
2521 1967 2936 2037 provectionem
2982 1966 3036 2019 in
3073 1964 3292 2026 melius,
3343 1960 3453 2017 Deo
3503 2001 3509 2007 ε

1873 2062 1950 2118 ita
1982 2062 2359 2131 dispensante,
2418 2069 2479 2114 ut
2529 2058 2926 2115 inexcusabilis
2967 2056 3326 2112 incredulitas
3357 2062 3450 2108 tua

1873 2154 2357 2209 condemnaretur.
2417 2152 2682 2207 Miracnia
2740 2166 2862 2221 qu:e
2920 2150 3045 2219 ejus
3106 2147 3448 2202 nativitatem

1873 2257 1927 2304 et
1973 2245 2474 2302 manifestationem
2532 2253 2970 2312 praecesserunt;
3027 2244 3138 2296 vita
3184 2240 3306 2309 ejus
3351 2240 3447 2292 ho-

1874 2337 2038 2392 minis
2092 2337 2462 2391 conditionem
2518 2347 2827 2405 superans;
2865 2334 3265 2390 sublimissimo
3299 2333 3441 2400 ejus.
3520 2373 3526 2380 -

1875 2430 2119 2487 εωιοειὶε
2163 2439 2218 2484 et
2259 2444 2388 2485 vere
2429 2429 2614 2485 divina
2676 2429 2951 2499 legislatio
2989 2445 3004 2494 ;
3056 2426 3446 2499 prmdictjones

1873 2521 2015 2592 ejus,
2074 2537 2196 2592 qua:
2250 2536 2443 2582 omnes
2489 2532 2688 2576 eventu
2751 2520 3126 2590 comprobata:
3173 2519 3451 2583 fuerunt;

1874 2614 2133 2669 miracula
2185 2613 2357 2679 edita,
2410 2629 2534 2684 qua:
2590 2613 2898 2668 naturalem
2958 2611 3256 2682 potentiam
3285 2625 3449 2663 exce-

1874 2706 2010 2759 dunt
2049 2719 2245 2771 ;mors
2305 2688 2647 2772 (voluntaria;
2703 2705 2949 2775 prodigia
2995 2720 3118 2776 qua:
3178 2718 3297 2757 eam
3351 2717 3443 2756 co-

1875 2798 2087 2864 mitata,
2137 2791 2194 2854 et
2223 2815 2344 2870 quae
2382 2814 2504 2854 eam
2554 2807 2744 2856 secuta
2776 2806 2929 2864 stitit,
2959 2796 3146 2868 omnia
3175 2804 3282 2849 tam
3318 2794 3441 2848 illn-

1873 2889 2030 2945 stria.
2071 2889 2475 2961 Discipulorum
2505 2888 2869 2944 immutabilis
2909 2884 3168 2949 ﬁrmitas,
3190 2901 3444 2954 magnum

1875 2982 2136 3053 quiddam
2192 2997 2349 3048 sane,
2379 2982 2424 3038 si
2463 2998 2529 3036 ex
2583 2995 2776 3036 eorum
2819 2979 2927 3035 {ide
2979 2985 3101 3034 erat
3132 2995 3147 3045 ;
3177 2978 3450 3050 simulque

187 3065 523 3130 ιντιθέντος.
581 3066 647 3118 Ol
693 3064 802 3118 τῶν
825 3065 1142 3120 ἀποστόλων
1164 3066 1375 3134 ἀγῶνες
1409 3066 1550 3136 ὑπὲρ
1580 3066 1763 3119 αὐτοῦ·

1875 3076 2210 3147 amplissima
2262 3077 2461 3144 agnita:
2501 3075 2569 3131 ab
2604 3075 2738 3144 ipsis
2796 3073 2865 3128 de
2911 3070 3135 3127 Christo
3166 3081 3169 3085 '
3200 3071 3449 3126 veritatis

187 3163 218 3215 δ
249 3159 367 3231 βίος
387 3159 571 3212 αὐτῶν
600 3157 754 3212 οὐδὲν
798 3159 1009 3230 ἀπᾷδον
1036 3158 1176 3230 ἔχων
1207 3160 1318 3214 τῶν
1348 3159 1530 3214 καλῶν
1563 3160 1770 3230 δογμά-

187 3268 301 3305 των
334 3251 434 3305 καὶ
467 3249 1070 3322 παραδειγμάτωντοῦ
1098 3243 1452 3305 ’διδασκάλουο
1494 3252 1546 3304 οί
1575 3252 1762 3305 κίνδυ·

187 3362 270 3399 νοι
300 3342 510 3399 τούτων
557 3342 702 3415 ὑπὲρ
751 3341 855 3413 τῆς
904 3341 1164 3416 ἀληθείας
1215 3341 1309 3396 καὶ
1338 3345 1438 3412 τῆς
1494 3344 1769 3414 σωτηρίας

186 3436 286 3491 τοῦ
316 3437 531 3508 κόσμου
570 3438 709 3509 μετά
731 3437 990 3493 τοσούτου
1016 3439 1182 3509 ζήλου
1199 3453 1223 3506 ﬁ
1242 3438 1310 3491 τὰ
1341 3438 1602 3508 θαύματα
1632 3439 1669 3495 ἀ
1696 3439 1764 3494 δι’

186 3529 370 3584 αὐτῶν
422 3529 772 3601 ὲνηργοῦντο,
824 3529 922 3584 ita).
972 3524 1054 3593 οἷς
1109 3530 1498 3599 ἐφυλάττοντο.
1552 3531 1633 3586 Ta
1661 3532 1770 3585 τῶν

189 3621 491 3693 μαρτύρων
527 3619 740 3691 αἱματα
774 3623 872 3676 καὶ
899 3623 971 3676 τά
997 3615 1254 3692 θαύματα
1275 3638 1292 3654 ·
1325 3624 1357 3692 ἠ
1381 3623 1615 3695 λαμπρά
1636 3606 1762 3677 πᾶξ-

183 3730 295 3774 των
328 3713 440 3766 τῶν
465 3712 565 3784 τῆς
598 3713 702 3782 γῆς
734 3712 1018 3783 κλιμάτων
1064 3712 1175 3766 ἀπὸ
1208 3714 1309 3782 τῆς
1359 3714 1571 3785 πλάνης
1628 3714 1765 3784 πρὸς

114 3867 140 3888 Ι
191 3804 294 3877 τὴν
326 3804 506 3875 ἀληθῆ
564 3807 696 3876 περὶ
753 3803 891 3859 Θεοῦ
944 3803 1131 3859 πίστιν
1187 3807 1533 3877 ἐπιστροφή·
1579 3808 1612 3876 ἡ
1653 3806 1756 3873 τῆς

193 3897 551 3967 πολυχρονίου
623 3896 1054 3969 δεισιδαιμονίας
1111 3897 1414 3962 κατάλυσις
1472 3899 1767 3964 τοσούτους

183 3992 491 4062 τυράννους
523 3991 620 4046 καὶ
641 3988 911 4069 δυνάστας
945 3991 1389 4059 προϊσταμένους
1414 3975 1645 4063 ἐχούσης
1671 3997 1765 4046 καὶ⁵

186 4082 516 4152 ὑπερδίκους
546 4083 619 4152 ’ἠ
658 4081 760 4151 τῆς
801 4083 955 4154 ἱερᾶς
1028 4082 1352 4156 Ἐκκλησὲας
1397 4085 1538 4154 μετά
1589 4086 1764 4139 ταῦτα

183 4175 550 4238 κατάστασις,
590 4175 794 4238 παντὸς
843 4175 1046 4245 σεμνοῦ
1097 4177 1193 4230 καὶ
1238 4178 1423 4249 τιμίου
1475 4180 1571 4232 καὶ
1602 4185 1766 4233 πνευ-

187 4269 421 4339 ματικοῦ
454 4269 674 4338 πλήρης
719 4269 1027 4339 χρήματοςς
1064 4271 1155 4324 καὶ
1184 4270 1320 4338 πρὸς
1354 4271 1544 4326 είκόνα
1577 4273 1677 4342 τῆς
1702 4273 1761 4326 ὲν

183 4361 435 4430 οὐρανοῖς
501 4358 758 4426 εὐταξίας
821 4354 1250 4431 ἐξειργασμένη.
1307 4363 1416 4417 Καὶ
1472 4362 1525 4415 τί
1579 4363 1646 4417 ἀν
1674 4380 1759 4423 τις

1874 3164 2545 3232 ἀεωοηειτοιίοέῐηιιὶιιε
2599 3178 2746 3228 vero,
2799 3162 2844 3217 si
2917 3162 2970 3216 id
3025 3161 3200 3230 ipsius
3264 3159 3451 3228 gratia:

1873 3259 2226 3314 tribuendum
2291 3266 2426 3323 erat,
2481 3259 2574 3327 qui
2620 3272 2728 3310 non
2777 3256 2914 3324 jam,
2952 3264 3011 3308 ιιι
3046 3252 3220 3324 prius,
3254 3267 3448 3321 eorpo-

1873 3346 2059 3407 raliter
2110 3365 2370 3421 przesens,
2424 3351 2519 3407 sed
2583 3348 2930 3404 invisibiliter
3004 3361 3036 3401 e
3094 3344 3252 3401 cretis
3326 3360 3449 3399 eam

1875 3445 2209 3500 insinuabat.
2236 3445 2622 3514 Apostolorum
2654 3439 2770 3511 'pro
2799 3441 2919 3511 ipso
2954 3438 3252 3495 certamina
3289 3427 3304 3504 ς
3339 3437 3448 3492 vita

1870 3551 2061 3594 eorum
2097 3538 2232 3592 nihil
2260 3538 2466 3592 habens
2495 3536 2762 3590 absonum
2791 3549 2819 3588 a
2853 3533 3135 3602 praeclaris
3169 3530 3448 3585 doctrinis

1871 3641 1925 3685 et
1981 3630 2249 3699 exemplis
2317 3627 2618 3699 magistri;
2676 3626 2917 3696 pericula
2981 3626 3049 3679 ab
3115 3623 3254 3694 ipsis
3319 3637 3447 3676 cum

1870 3729 2024 3777 tanto
2091 3719 2309 3776 fervore
2370 3728 2625 3788 suscepta
2703 3733 2802 3788 pro
2858 3717 3090 3771 veritate
3142 3723 3195 3770 ct
3268 3715 3447 3769 salute

1872 3811 2064 3868 mundi
2101 3829 2116 3879 ;
2159 3811 2422 3867 miracula
2449 3826 2570 3881 qum
2620 3825 2718 3878 per
2747 3816 2870 3864 'eos
2929 3808 3333 3872 efﬁciebantur,
3393 3817 3447 3861 et

1870 3887 2068 3973 quibus
2127 3903 2507 3960 servabantur.
2532 3901 2827 3974 Martyrum
2888 3901 3114 3970 sanguis
3177 3909 3233 3956 et
3281 3900 3446 3955 mira-

1869 3997 1993 4052 cula
2021 4013 2035 4050 :
2064 3995 2350 4065 splendida
2411 3995 2656 4048 omnium
2717 3993 2868 4047 orbis
2911 3993 3194 4046 climatum
3249 3991 3318 4045 ab
3359 4007 3444 4042 er-

1869 4104 1992 4145 rore
2043 4090 2107 4143 ad
2161 4103 2346 4143 veram
2392 4089 2460 4142 de
2500 4086 2610 4141 Deo
2636 4086 2797 4140 ﬁdem
2839 4085 3132 4140 conversio
3176 4102 3188 4138 :
3224 4082 3464 4157 dinturg

1868 4193 1950 4231 na:
2007 4177 2153 4232 illius
2189 4175 2603 4245 superstitionis
2663 4175 2986 4237 destructio,
3034 4174 3163 4228 licet
3215 4179 3295 4227 tot
3360 4184 3442 4244 ty-

1869 4285 2072 4325 rannos
2098 4278 2152 4325 et
2188 4269 2450 4341 dynastas
2479 4279 2822 4339 protectores
2871 4274 2927 4321 et
2979 4267 3223 4321 vindices
3277 4265 3442 4319 liabe-

1870 4373 1987 4417 ret:
2023 4363 2242 4417 demum
2275 4374 2479 4417 sancta:
2533 4360 2792 4415 Eerlesia:
2822 4359 3166 4424 constitutio,
3222 4361 3288 4412 in
3336 4375 3442 4428 qna

187 4454 489 4522 καταλέγοι
543 4453 642 4516 τάς
698 4453 1112 4524 ἐναργεστάτας
1165 4456 1296 4527 περὶ
1354 4457 1455 4525 τῆς
1515 4456 1759 4527 Χριστοῦ

1868 4455 2136 4525 quidquid
2185 4464 2504 4524 angustum,
2561 4454 2867 4523 pretiosum
2916 4460 2970 4506 et
3027 4450 3310 4522 spirituale
3335 4461 3443 4511 est.

183 4547 439 4618 θεότητος
472 4545 788 4612 ἀποδείξεις
819 4546 1085 4617 ἀπείρους
1110 4546 1278 4611 οῦσας
1303 4549 1382 4617 τῷ
1416 4548 1640 4620 πλήθει,
1665 4549 1758 4603 καὶ

179 4643 248 4710 τῇ
305 4640 534 4708 δυνάμει
591 4639 896 4708 μεγίστας;
928 4639 1094 4693 Ὀθεν
1124 4641 1222 4704 τὰς
1264 4642 1365 4712 μὲν
1399 4643 1532 4711 περὶ
1559 4641 1755 4694 τούτου

184 4730 276 4798 τοῦ
311 4730 619 4802 μυστηρίου
655 4731 749 4783 καὶ
778 4731 889 4783 τῶν
919 4731 1096 4785 ἄλλων
1146 4732 1246 4786 σὺν
1280 4733 1433 4802 αὒτῷ
1473 4733 1634 4786 θείων
1661 4733 1756 4786 καὶ

181 4824 348 4895 ἱερῶν
381 4822 723 4893 μυστηρίων,
749 4822 844 4877 καὶ
873 4823 1004 4893 ὅλης
1030 4823 1129 4893 τῆς
1157 4825 1392 4888 πίστεως
1421 4825 1754 4896 ἀμφιϐολίας

178 4919 294 4982 τοῖς
323 4916 575 4978 ἀπίστοις
604 4918 702 4971 καὶ
735 4916 1036 4986 αίρετικοτς
1076 4917 1470 4986 καταλίπωμεν
1495 4935 1508 4948 ·
1551 4919 1754 4988 μᾶλλον

177 5007 232 5062 δὲ
281 5008 377 5061 καὶ
426 5005 644 5071 τούτοις
690 5006 978 5077 εὐξώμεθα
1025 5011 1090 5078 τῇ
1143 5009 1241 5077 τῆς
1301 5008 1560 5080 ἀληθείας
1585 5011 1753 5083 αἴγλῃ

179 5097 662 5167 ωταλαμφθῆναι.
722 5098 913 5168 Ἡμεῖς
945 5100 1001 5154 δὲ
1031 5098 1109 5171 τῷ
1163 5101 1313 5171 καλῷ
1352 5101 1540 5170 ,λιμένι
1581 5119 1754 5173 προσ-

175 5188 543 5260 ορμιζόμενοι,
593 5191 661 5260 τῇ
711 5189 846 5260 ζωῇ,
895 5189 972 5260 τῷ
1021 5194 1203 5262 φωτὶ..
1247 5195 1313 5264 τῇ
1364 5193 1616 5264 ἀληθείᾳ,
1682 5196 1747 5266 τῇ

180 5281 313 5351 πρὸς
350 5281 451 5350 τὴν
473 5281 753 5365 σωτηρίαν
799 5283 922 5351 ὁδῷ,
973 5284 1052 5353 τῷ
1082 5286 1339 5356 ἡμετέρῳ
1369 5285 1514 5355 λέγω
1543 5290 1750 5340 Δεσπὸ-

175 5389 262 5447 er}:
300 5375 393 5426 καὶ
416 5373 564 5443 ὑπὲρ
604 5375 862 5428 ἁπάντων
894 5371 975 5439 οἷς
1008 5379 1162 5447 ⁵ἡμᾶς
1201 5380 1549 5451 εὐηργέτηκε
1584 5379 1747 5451 χάριν

174 5462 562 5533 ὁμολογοῦντες
589 5462 879 5533 ἀποδῶμεν
902 5467 1051 5537 αὐτῷ
1071 5469 1163 5521 καὶ
1193 5468 1433 5537 νῦν,¹καὶ
1459 5470 1558 5533 τῆς
1581 5488 1746 5523 πνευ-

181 5555 415 5624 ματικῆς
437 5559 646 5625 ταύτης
677 5557 881 5628 τροφῆς
915 5560 1016 5630 τὴν
1056 5560 1428 5634 εὐχαριστίαν,
1459 5562 1528 5616 δι’
1551 5558 1618 5635 ἦς
1646 5563 1746 5631 τὴν

179 5650 229 5698 ἐν
259 5649 391 5715 ἡμῖν
438 5651 540 5720 τῆς
571 5651 794 5720 χάριτος
827 5652 1040 5722 θέρμην
1067 5687 1073 5690 -
1097 5655 1369 5720 μένουσαν
1432 5655 1532 5724 μὲν
1587 5654 1742 5718 αὔξει

185 5741 317 5804 μετά
359 5741 562 5808 πολλῆς
605 5742 701 5814 τῆς
737 5745 1077 5819 προσθήκης,
1112 5747 1216 5800 ὑπὸ
1253 5747 1308 5798 δὲ
1345 5746 1442 5818 τῆς
1477 5747 1741 5816 πονηρίας

1868 4545 2086 4599 abunde
2118 4545 2413 4614 reperitur,
2474 4559 2706 4615 qumque
2751 4544 2818 4597 ad
2861 4533 3154 4612 imaginem
3185 4541 3441 4612 pra;clari

1867 4636 2018 4692 illius
2071 4635 2128 4690 in
2188 4637 2329 4690 cmlo
2384 4635 2673 4690 constituti
2749 4633 2961 4688 ordinis
2997 4647 3266 4702 expressa
3330 4645 3439 4706 est.

1865 4726 2002 4794 Quis
2063 4713 2191 4782 vero
2263 4736 2548 4782 enunieret
2605 4726 3048 4780 evidentissimas
3115 4725 3182 4778 de
3236 4725 3440 4777 (thriin

1864 4819 2158 4875 divinitate
2210 4817 2734 4880 demonstrationes,
2804 4817 3050 4869 intinitas
3082 4815 3328 4883 quidem,
3393 4817 3438 4866 si

1861 4927 2127 4967 numerus
2168 4919 2480 4980 spectetur,
2524 4910 2568 4964 si
2619 4909 2701 4963 vis
2743 4917 2797 4963 et
2845 4911 3078 4978 pondus,
3133 4907 3440 4961 maximas?

1861 5006 2210 5075 Quapropter
2259 5018 2451 5058 omnes
2522 5013 2633 5057 tam
2689 5004 2839 5057 circa
2903 5007 3008 5056 hoc
3081 5003 3434 5071 mysterium,

1861 5117 2028 5173 qnam
2089 5101 2302 5169 reliqua
2366 5105 2609 5154 sacraet
2658 5097 2842 5151 divina
2911 5096 3190 5165 mysteria,
3267 5082 3432 5162 atque

1859 5195 1997 5249 adeo
2049 5194 2196 5247 circa
2245 5188 2425 5254 iidem,
2468 5190 2840 5243 dubitationes
2884 5187 3195 5243 inﬁdelibus
3231 5196 3286 5240 ot
3322 5187 3426 5239 ha:-

1859 5288 2049 5343 retieis
2103 5285 2520 5355 relinquamus:
2569 5283 2804 5336 maxime
2873 5296 3001 5337 vero
3073 5295 3319 5345 oremus,
3369 5289 3427 5330 ut

1857 5378 2107 5434 veritatis
2170 5377 2462 5446 splendore
2517 5374 2918 5428 illuminentur.
2995 5370 3107 5426 Nos
3166 5387 3296 5426 vero
3360 5372 3426 5422 ad

1858 5479 2034 5524 tntum
2077 5475 2294 5538 portum
2373 5463 2732 5535 appellentes,
2798 5462 3120 5526 Dominum,
3177 5462 3428 5530 inquam,

1860 5569 2135 5623 nostrum,
2200 5559 2292 5626 qni
2317 5568 2404 5612 cst
2436 5558 2571 5623 vita,
2600 5557 2714 5618 lux,
2747 5558 2948 5617 veritas
2971 5565 3024 5610 et
3054 5555 3141 5608 via
3176 5553 3242 5608 ad
3276 5555 3425 5608 salu-

1856 5665 1991 5715 tent,
2044 5665 2096 5706 et
2145 5669 2242 5723 pro
2275 5651 2531 5715 omnibus
2583 5650 2780 5718 quaein
2820 5666 2923 5705 nos
2964 5649 3204 5706 contulit
3255 5649 3421 5704 benc-

1857 5747 1995 5803 tit-iis
2055 5747 2257 5816 gratias
2317 5743 2638 5810 referentes,
2698 5744 2995 5820 reddamus
3048 5745 3213 5799 etiam
3271 5757 3420 5800 nunc
