3966 6328
121 243 233 306 3⁵13

1146 218 1472 305 nosnos
1511 244 1831 304 SACRMI.
1877 244 2227 303 conpone
2268 246 2415 306 J.-C.

123 354 378 425 τώμενον
441 354 630 420 πάθος,
683 355 774 407 ἐπὶ
809 353 1224 423 λαμπροτάταις
1258 358 1573 423 ἀποδείξεσι
1604 358 1690 426 τῆς

1812 359 2148 426 passionem,
2214 376 2324 412 non
2386 360 2504 413 sine
2550 354 2991 426 prmrlarissimis
3041 364 3383 417 demonstra-

124 446 409 515 θεότητος,
457 444 846 517 ἀναχωροῦντα
878 446 934 499 δὲ
966 446 1129 500 πάλιν
1174 448 1358 513 εὐθὺς,
1395 449 1470 519 μὴ
1517 448 1700 520 φθάσῃ

120 541 187 590 τὸ
219 537 395 599 πάθος
444 538 544 606 τὴν
600 537 887 607 βασιλικὴν
936 539 1154 604 εκείνην
1185 543 1433 609 πομπὴν,
1480 544 1574 595 καὶ
1606 543 1704 611 τὴν

124 630 270 698 μετά
310 630 421 682 τῶν
454 626 626 698 βαϊων
676 630 1002 699 ὑπάντησιν,
1056 632 1152 685 καὶ
1184 632 1285 695 τὰς
1326 634 1439 685 τῶν
1494 634 1704 687 παίδων

123 722 316 787 φωνάς
344 721 491 790 άπερ
516 721 710 791 ἔμελλε
764 722 1090 792 συμϐαίνειν
1138 726 1361 778 εἰσιόντι
1393 726 1492 797 τὴν
1546 727 1700 780 πόλιν

120 814 235 866 τῶν
292 814 594 883 προφητῶν
634 816 730 869 καὶ
778 817 951 869 ταῦτα
1000 818 1565 887 προαναφωνούντων,
1625 822 1699 890 μὴ

121 906 349 978 κωλυθῇ
384 907 443 960 τὸ
470 909 691 980 δεζπνον
720 910 899 962 ἐκεῖνο
924 909 985 963 τδ
1008 909 1155 981 ίερὸν
1186 913 1312 982 περὶ
1338 910 1399 965 οῦ
1427 911 1521 966 νῦν
1538 914 1702 983 ἡμεῖς

121 998 218 1052 τὸν
247 998 411 1067 λόγον
465 1000 870 1072 ἐποιησάμεθα,
906 1002 1003 1057 καὶ
1049 1004 1078 1057 ὁ
1132 1003 1448 1075 θαυμαστὸς
1491 1007 1715 1069 ἐκεῖνος,

126 1090 354 1161 νιπτὴρ,
387 1093 416 1145 ό
444 1091 545 1161 τῆς
596 1091 988 1155 ταπεινώσεως
1022 1094 1119 1149 καὶ
1149 1094 1248 1165 τῆς
1299 1097 1523 1165 ἀγάπης
1556 1096 1702 1151 διδά-

126 1182 352 1247 σκαλος,
406 1184 503 1237 καὶ
532 1184 564 1253 ἠ
610 1184 898 1239 τελευταία
934 1186 1072 1254 πρὸς
1118 1189 1246 1251 τοὺς
1276 1188 1526 1258 μαθητάς
1558 1204 1698 1258 συμ-

123 1274 321 1345 ϐουλὴ,
366 1276 461 1328 καὶ.
484 1276 583 1330 ὅσα
612 1276 750 1347 πρὸς
777 1277 873 1330 τοῦ
919 1277 1154 1333 θανάτου
1187 1280 1460 1333 τελεῖσθαι
1507 1281 1699 1350 ἐχρῆν,

128 1366 380 1448 μεγάλην
411 1367 577 1420 αὐτοῦ
609 1371 672 1439 τῇ
704 1368 855 1442 δόξῃ,
883 1369 1087 1439 μᾶλλον
1112 1371 1169 1425 δὲ
1201 1374 1266 1442 τῇ
1297 1370 1546 1443 ἡμετέρᾳ
1572 1371 1698 1442 δόξῃ

122 1461 220 1512 καὶ
275 1459 526 1532 σωτηρίᾳ
562 1460 858 1531 βεϐαίωσιν
913 1464 1169 1533 φέροντα.
1200 1464 1319 1518 Ἵνα
1385 1465 1700 1535 μὴητοίνυν

118 1552 342 1605 ἄπαντα
367 1552 543 1607 ταῦτα
573 1553 803 1624 διακοπῇ
844 1557 912 1624 τῇ
944 1556 1318 1628 περισσοτέρᾳ
1335 1556 1429 1609 τοῦ
1460 1556 1697 1625 Χριστοῦ

123 1642 420 1713 παρρησίᾳ
466 1643 604 1712 πρδς
658 1641 922 1714 ὀξυτέραν
973 1644 1272 1717 θηριωδίαν
1322 1644 1698 1715 ὲρεθισθέντος

116 1733 214 1787 τοῦ
247 1733 495 1805 πονηροῦ
521 1736 824 1805 συνεδρίου,
853 1737 951 1789 καὶ
982 1736 1387 1806 φορτικώτερον
1417 1737 1564 1807 αὐτῷ
1595 1738 1696 1809 τὴν

117 1824 384 1894 τελευτὴν
436 1824 795 1896 ιπιφέροντος
824 1842 838 1858 ·
885 1827 1071 1881 οὐκέτι
1123 1830 1411 1901 παρρησίᾳ
1459 1846 1696 1901 περιπα-

116 1916 317 1972 τοῦντα
344 1918 534 1971 τοῦτον
563 1918 835 1989 ὀψόμεθα,
855 1920 969 1973 ἀλλ’
998 1924 1164 1991 ἐγγὺς
1188 1922 1288 1995 τῆς
1310 1923 1524 1993 ἐρήμου
1555 1922 1697 1993 μετὰ

117 2011 231 2065 τῶν
277 2013 542 2082 μαθητῶν
593 2013 969 2083 διατρίϐοντα.
1006 2014 1124 2082 Τίς,
1150 2008 1196 2070 ὦ
1240 2017 1530 2087 παρόντες,
1561 2016 1697 2070 ἀπο-

118 2103 396 2170 γνώσεται
420 2102 523 2173 τῆς
546 2104 823 2175 σωτηρίας
852 2105 1177 2176 τηλικοῦτον
1210 2106 1350 2179 ἔχων
1378 2108 1692 2178 Δεσπότην;

118 2197 201 2258 τίς
230 2197 427 2266 νεκρὸς
458 2194 557 2259 ὢν,
586 2197 685 2266 οὐχ
708 2196 782 2259 ὡς
827 2198 859 2269 ἡ
886 2197 984 2259 τεοῦ
1028 2198 1259 2272 Ἰαείρου
1286 2199 1557 2270 θυγάτηρ,
1586 2198 1697 2255 οὐδ’

117 2288 191 2351 ὥς
223 2289 326 2357 τῆς
352 2291 534 2359 χήρας
567 2291 707 2354 υίὸς,
756 2291 884 2361 ἀρτι
913 2288 1009 2347 τοῦ
1043 2293 1281 2351 θανάτου
1339 2295 1692 2364 γευσάμενοι,

122 2379 255 2433 ἀλλά
286 2383 631 2450 τεταρταῖος,
662 2380 911 2437 τουτέστι
934 2385 1170 2455 χρόνιος,
1204 2385 1297 2439 καὶ
1332 2368 1696 2457 τοῗςιτέταρσι

122 2470 215 2524 τοῦ
257 2471 460 2540 χρόνου
509 2475 725 2544 καιροῖς
766 2478 1360 2547 συμπαρατεινομένην
1408 2470 1548 2549 Ξχων
1596 2478 1696 2547 τὴν

120 2557 392 2631 νέκρωσιν
421 2563 517 2615 καὶ
540 2562 642 2633 τὴν
676 2564 969 2636 πονηρίαν,
998 2565 1095 2619 καὶ
1121 2565 1409 2636 δεδεμένος
1443 2568 1546 2637 μὲν
1570 2568 1697 2620 πολ-

119 2652 230 2715 λοῖς
264 2654 637 2723 ἁμαρτήμασι
662 2657 853 2726 χεῖρας
876 2655 972 2709 καὶ
1011 2655 1175 2721 πόδας
1201 2655 1302 2721 τὰς
1331 2658 1441 2710 τῶν
1468 2657 1695 2726 ἀγαθῶν

102 2745 434 2815 πρακτικάς
457 2744 743 2817 δυνάμεις,
772 2746 1019 2819 δηλονότι
1044 2749 1427 2818 κεκωλυμένος
1453 2750 1559 2804 ὑπὸ
1589 2750 1696 2805 τῶν

121 2836 382 2909 πονηρῶν
428 2838 725 2909 ἐνεργειῶν
776 2854 838 2892 τε
887 2840 982 2907 καὶ
1016 2840 1210 2910 ἕξεων,
1255 2828 1354 2911 τῆν
1388 2843 1447 2897 δὲ
1500 2843 1695 2907 νοεράν

115 2929 239 2999 ὄψιν
280 2929 669 3000 πεπεδημένος
695 2930 891 3001 ἀγνοίᾳ.
917 2930 1013 2985 τσῦ
1044 2930 1260 2996 δέοντος
1288 2933 1553 3004 ἑκουσίῳ,
1600 2933 1693 2986 καὶ

1808 450 2047 505 tionibus
2105 468 2217 505 suae
2267 452 2631 506 divinitatis:
2668 455 2961 524 statimque
3010 455 3380 516 secedentem,

1808 557 1875 596 ne
1929 543 2113 609 passio
2163 544 2489 611 anticiparet
2543 546 2744 612 regiam
2800 546 2947 598 illam
3006 562 3280 616 pompam,
3330 560 3384 599 rt

1803 634 2019 688 obviam
2053 650 2177 689 cum
2220 638 2418 706 palmis
2468 638 2717 701 itionem.
2755 654 3164 709 puerorumque
3196 656 3380 701 voces,

1804 741 1926 794 qua:
1980 728 2163 780 omnia
2195 730 2525 799 ingredienti
2565 731 2753 783 urbem
2808 732 3057 786 accidere
3087 733 3377 796 debebam,

1806 834 1927 870 rum
1979 818 2093 872 hzec
2152 824 2433 890 propheta:
2480 822 2986 890 prazdixissentme
3025 824 3383 893 impediretur

1805 925 1960 964 ruma
2028 912 2114 965 illa
2140 927 2319 975 sacra,
2352 914 2419 967 de
2470 929 2575 981 qua
2606 916 2769 968 modo
2820 931 3127 970 sermonem
3168 916 3235 970 ad
3281 933 3380 972 vos

1811 1002 2111 1056 habuimus
2136 1002 2189 1055 et
2226 1005 2491 1059 mirabilis
2547 1004 2635 1058 illa
2700 1005 2898 1071 pelvis.
2956 1006 3289 1061 humilitatis
3332 1017 3384 1060 et

1806 1091 2095 1145 eharitatis
2143 1094 2664 1161 magistra;u|tima
2706 1096 2774 1149 ad
2825 1095 3130 1165 discipulos
3182 1098 3383 1150 exhor-

1804 1184 1960 1249 tatio,
2014 1193 2068 1238 et
2104 1199 2445 1254 quaecunque
2479 1196 2605 1239 ante
2662 1196 2894 1241 mortem
2927 1187 3189 1255 compleri
3218 1174 3381 1257 opor-

1806 1276 1972 1338 lebat,
2034 1290 2283 1345 magnam
2327 1276 2500 1344 ipsius
2574 1277 2783 1346 gloriae,
2819 1278 2993 1348 magis
3022 1294 3152 1333 vero
3181 1290 3382 1334 nostra:

1801 1377 1858 1423 et
1904 1369 2091 1436 gloria:
2154 1376 2210 1421 et
2258 1368 2426 1421 saluti
2486 1368 2873 1423 certitndinem
2945 1368 3253 1425 aﬂ‘erentia.
3306 1372 3383 1424 Ne

1803 1459 1968 1530 igitur
2038 1459 2152 1514 huic
2211 1458 2397 1513 omnia
2464 1446 3024 1530 interrumperentur,
3079 1463 3222 1516 malo
3290 1465 3381 1517 illo

1802 1553 2100 1624 synhedrio
2154 1551 2221 1606 ad
2270 1551 2607 1607 acerbiorem
2683 1551 2952 1606 feritatem
3018 1553 3232 1606 irritato
3287 1568 3383 1621 per

1802 1646 2127 1716 ampliorem
2188 1643 2400 1700 Christi
2462 1644 2745 1707 fiduciam,
2770 1653 2824 1698 et
2856 1644 3232 1713 impudentius
3260 1645 3371 1712 jam

1802 1735 1908 1806 ipsi
1988 1748 2177 1790 necem
2244 1731 2449 1788 inferre
2507 1732 2835 1798 cogitante:
2885 1733 3192 1788 videbimus
3248 1749 3374 1786 enm

1800 1842 1908 1882 non
1948 1826 2139 1883 eadem
2172 1824 2371 1881 fiducia
2422 1826 2824 1890 ambulantem,
2876 1826 2972 1882 sed
3018 1825 3164 1881 circa
3193 1827 3379 1881 deser-

1801 1928 1917 1975 tum
1968 1934 2095 1975 eum
2152 1919 2444 1989 discipulis
2522 1928 2857 1973 versantem.
2927 1918 3061 1984 Quis
3135 1920 3380 1978 tandem.

1800 2013 2109 2077 auditores,
2182 2014 2347 2068 talem
2398 2013 2610 2069 habens
2676 2012 2989 2076 Dominum.
3068 2012 3134 2066 dc
3204 2013 3382 2068 salute

1800 2105 2113 2173 desperabit
2146 2105 2169 2159 ?
2198 2104 2332 2172 Quis
2378 2112 2656 2170 mortuus,
2691 2120 2801 2159 non
2853 2104 2995 2187 sicut
3052 2102 3188 2157 Jairl
3242 2103 3374 2167 lilia,

1800 2206 2063 2270 nequeut
2092 2198 2272 2275 viduae
2327 2198 2491 2261 filius,
2552 2212 2729 2267 nuper
2793 2206 3023 2261 mortem
3083 2197 3375 2259 obeuntes,

1801 2292 1899 2349 sed
1958 2292 2385 2364 quatrlduanus,
2440 2291 2543 2345 hoc
2601 2296 2706 2354 est,
2750 2288 3098 2354 diuturnam,
3139 2299 3192 2344 et
3241 2304 3379 2358 qua-

1802 2397 1928 2440 tuor
1984 2394 2290 2455 temporum
2340 2382 2648 2437 intervallis
2700 2381 3083 2435 conlirmatam
3143 2388 3373 2435 mortem

1783 2487 1859 2532 ‘et
1898 2477 2165 2532 malitlam
2216 2475 2453 2541 habens,
2520 2485 2574 2529 et
2618 2475 2809 2529 multis
2868 2475 3107 2544 peccatis
3184 2474 3381 2542 ligatas

1804 2583 2001 2623 manus
2063 2574 2119 2622 et
2182 2566 2369 2636 pedes,
2418 2565 2629 2620 scilicet
2682 2565 2953 2619 honorum
2989 2578 3214 2631 operum
3246 2560 3379 2617 effe-

1801 2658 2007 2713 ctrices
2047 2657 2323 2727 potentias
2354 2657 2578 2719 habens,
2634 2657 3000 2723 detentusque
3055 2668 3151 2723 per
3205 2652 3379 2706 malos

1801 2758 1960 2807 actus
2018 2758 2073 2805 et
2124 2750 2363 2812 habitus,
2443 2746 2719 2817 Spirituali
2801 2747 2922 2801 visu
3002 2746 3229 2800 orbatus
3280 2759 3377 2812 per

1800 2845 2168 2902 voluntariam
2231 2840 2396 2895 olIicii
2448 2841 2535 2896 sui
2597 2840 2988 2909 ignorantiam,
3048 2849 3102 2893 et
3154 2840 3374 2894 malitiae
3422 2875 3425 2879 ‹

1800 2937 2048 2993 ίαειοτεω
2074 2937 2294 3003 spirans
2312 2933 2335 2985 ?
2353 2934 2484 3002 quis
2509 2932 2693 3002 igitur,
2719 2930 2883 2985 etiam
2908 2931 2953 2983 si
2976 2930 3102 2985 talis
3122 2930 3375 2993 exsistat,

117 3020 213 3093 τὴν
241 3022 342 3091 τῆς
370 3021 638 3093 πονηρίας
662 3021 928 3077 δυσωδίαν
954 3023 1232 3091 ἑκπνέων;
1256 3024 1340 3087 τίς
1365 3024 1547 3079 τοίνυν
1597 3024 1690 3078 καὶ

1797 3030 1865 3087 de
1927 3029 2107 3086 salute
2160 3027 2499 3096 deSperabit,
2559 3026 2680 3080 haec
2732 3026 2914 3078 omnia
2973 3024 3376 3079 considerans?

115 3113 354 3178 τοιοῦτος
391 3112 471 3168 ὣν
511 3113 809 3169 ἀπελπίσει
845 3114 944 3187 τὴν
971 3116 1272 3187 σωτηρίαν,
1304 3116 1478 3170 ταῦτα
1509 3116 1689 3170 πάντα

115 3209 288 3277 optim;
326 3208 408 3263 υὺ
432 3208 544 3279 γάρ
570 3209 669 3275 τάς
699 3206 1020 3279 σωματικάς
1053 3207 1169 3262 λύει
1209 3208 1398 3270 νόσους
1431 3209 1459 3261 ό
1487 3198 1690 3261 Δεσπό-

114 3318 209 3372 της
251 3300 434 3369 ημῶν,
485 3300 622 3355 ἀλλά
665 3301 763 3360 τάς
796 3300 1074 3370 ἁμαρτίας
1104 3300 1300 3371 ἀφίησι
1330 3298 1513 3368 πολλῷ
1559 3313 1689 3370 προ-

118 3395 451 3464 χειρότερον,
475 3392 552 3455 ὼς
574 3393 674 3464 τὴν
704 3393 942 3464 ψυχικὴν
971 3394 1149 3447 ἀνεῐλε
1189 3392 1346 3446 νόσον
1380 3393 1477 3447 τοῦ
1500 3390 1689 3462 Παρα-

121 3486 282 3538 λύτου
312 3487 443 3556 πρὶν
492 3485 786 3555 ἐπιστῆσαι
839 3486 905 3555 τῇ
939 3484 1212 3554 θεραπείᾳ
1257 3483 1353 3537 τοῦ
1406 3484 1683 3553 σώματος.

119 3577 390 3645 Πρότερον
416 3574 530 3646 γάρ
557 3570 735 3639 εἶπεν,
779 3574 1108 3643 Ἀφέωνταί
1134 3588 1252 3628 σου
1282 3575 1343 3628 al
1377 3573 1677 3642 ἁμαρτίαι·

115 3664 253 3733 εἶτα,
277 3648 466 3734 Ἀροὶο
494 3666 604 3720 τὸν
635 3665 971 3734 κράὄόατόν
1003 3678 1147 3733 σου,
1184 3665 1284 3719 καὶ
1332 3666 1548 3735 ὕπαγε.
1604 3668 1682 3735 Τῇ

117 3762 392 3830 πρακτικῇ
424 3760 610 3813 τοίνυν
644 3760 816 3830 ἀρετῇ
847 3742 962 3828 τὴν⁹
986 3758 1223 3829 θεωρίαν
1252 3756 1681 3827 ἀνακαλεσὼμε-

117 3852 181 3906 θα
216 3853 587 3916 σπεύσαντες,
616 3853 697 3915 ὡς
724 3852 844 3905 ἐκεῖ
889 3851 989 3923 τὴν
1023 3851 1310 3924 Μαριάμη
1337 3851 1562 3921 Μάρθα,
1592 3853 1683 3907 καὶ

115 3944 521 4014 ὖπαντήσωμεν
555 3943 634 4012 τῷ
662 3945 921 4014 ἡμετέρῳ
960 3943 1208 4013 Δεσπότῃ
1241 3942 1346 3995 ὑπὸ
1378 3941 1681 4014 φιλανθρω-

114 4036 237 4099 πίας
267 4036 364 4090 καὶ
390 4034 545 4104 αὐτῷ
578 4037 715 4106 πρὸς
742 4035 843 4107 την
867 4034 1025 4105 ἡμῶν
1049 4035 1345 4089 ἀνάστασιν
1371 4036 1675 4091 σπεύδοντι·

112 4127 173 4181 ἂν
200 4131 364 4199 μόνον
412 4127 834 4197 ἑτοιμασθῶμεν
864 4128 954 4179 καὶ
980 4126 1389 4199 προφθάσωμεν
1416 4128 1583 4182 αὐτοῦ
1614 4110 1675 4182 τδ

113 4221 400 4289 πρόσωπον
429 4223 488 4273 ιν
520 4219 912 4290 ἐξομολογήσει
956 4222 1051 4273 καὶ
1108 4218 1396 4290 κλαυθμῷ,
1432 4222 1525 4275 τὸν
1582 4220 1676 4273 τοῦ

117 4314 383 4366 Asan/nou
435 4314 531 4366 καὶ
593 4312 783 4382 ίατροῦ
835 4307 1019 4368 οἶκτον
1065 4313 1504 4384 ἐπισπασάμεθα.
1560 4315 1675 4368 Κᾶν

116 4404 249 4459 οὕτω
303 4408 646 4477 ποιήσωμεν,
696 4405 863 4470 αὐτὸς
911 4406 1004 4460 τὸν
1056 4407 1327 4476 ἡμέτερον
1372 4408 1670 4475 ἀναστήσει

114 4500 378 4569 Λάζαρον,
406 4500 659 4552 τουτέστι
703 4498 797 4551 τὸν
832 4499 1029 4569 νεκρὸν
1074 4500 1167 4551 καλ¹
1214 4499 1484 4552 δυσωδίαν
1534 4502 1670 4553 ἀπο·

116 4592 337 4645 πνέοντα
389 4589 539 4652 νοῦν,
590 4592 686 4644 καὶ
717 4590 815 4643 ἱνα
845 4588 956 4642 τῶν
991 4592 1472 4657 συνανακειμένων
1523 4593 1673 4661 αὺτῴ

114 4684 321 4755 ποιήσει
350 4685 446 4737 καὶ
478 4682 951 4751 συνεστιωμένων,
980 4682 1181 4751 μᾶλλον
1213 4683 1270 4735 δὲ
1294 4683 1386 4736 τοῦ
1418 4682 1674 4753 σώματος

112 4775 249 4844 αὐτῷ
282 4775 592 4843 μεταδώσει
648 4774 743 4828 τοῦ
797 4775 947 4845 ίεροῦ
975 4778 1070 4829 καὶ
1110 4774 1206 4828 τοῦ
1246 4778 1517 4843 αίματος,
1576 4778 1672 4830 καὶ

112 4868 237 4936 πρὸς
280 4868 380 4937 τὴν
417 4860 811 4937 πνευματικὴν
829 4867 1126 4921 ἐπιδιδόναι
1156 4868 1370 4935 ποιήσει
1399 4867 1564 4936 ζωὴν,
1600 4869 1666 4919 οὐ

1710 4361 1753 4416 0

1798 3122 1912 3178 Non
1969 3125 2115 3178 enim
2153 3120 2476 3191 corporales
2529 3120 2747 3174 morbos
2814 3117 3160 3172 solummodo
3212 3117 3377 3174 solvit

1798 3211 2064 3267 Dominus
2119 3219 2329 3273 noster,
2368 3211 2465 3266 sed
2530 3210 2703 3263 multo
2759 3208 2978 3263 facilius
3026 3217 3257 3277 peccata
3288 3208 3375 3261 di-

1794 3304 1996 3369 mittit;
2030 3305 2175 3359 sicut
2202 3304 2547 3372 spiritualem
2577 3302 2865 3372 paralytici
2902 3306 3178 3367 morbum,
3216 3301 3371 3370 prius

1791 3410 1955 3466 quam
2007 3395 2262 3466 corporis
2313 3395 2586 3449 curationi
2649 3394 2954 3450 insisteret.
3021 3394 3180 3449 Prius
3222 3393 3370 3449 enim

1791 3489 1949 3553 dixit,
1986 3486 2341 3542 Dimittuntur
2382 3486 2478 3541 tibi
2518 3494 2737 3555 peccata
2770 3504 2783 3539 :
2816 3500 2965 3550 mox,
2990 3483 3138 3538 Tolle
3174 3484 3372 3554 graba-

1791 3591 1902 3634 tum
1930 3591 2098 3645 tuum,
2124 3591 2172 3635 et
2222 3577 2839 3643 ambula.\Festittcntus
2887 3578 3053 3647 igitur
3106 3578 3367 3632 virtutem

1787 3687 1952 3742 opere
1994 3679 2340 3732 exercentes.
2399 3672 2518 3738 eius
2549 3668 3074 3739 contemplationem
3112 3668 3179 3721 ad
3226 3682 3367 3739 opus

1788 3778 2068 3830 revocare,
2136 3771 2194 3818 ut
2261 3763 2374 3817 illic
2425 3762 2637 3815 Martha
2672 3760 2902 3815 Mariam
2944 3777 2957 3815 :
3004 3775 3366 3815 occurramus

1787 3858 2020 3912 Domino
2054 3866 2249 3912 nostro
2272 3856 2509 3910 maxima
2543 3855 2878 3925 benignitate
2912 3853 2976 3908 ad
3011 3860 3255 3907 nostram
3281 3869 3365 3909 re-

1785 3946 2179 4004 surrectionem
2212 3946 2537 4012 festinanti;
2571 3947 2615 4001 si
2651 3945 2812 4000 modo
2842 3944 3129 4015 praeparati
3164 3946 3365 4009 simus,

1782 4051 1836 4097 et
1865 4056 2312 4111 praeoccupemus
2362 4040 2554 4094 faciem
2588 4040 2705 4107 ejus
2736 4040 2787 4092 in
2821 4038 3171 4095 confessione
3202 4037 3363 4091 fletu-

1784 4152 1909 4203 que,
1960 4135 2173 4189 Domini
2220 4144 2272 4189 et
2305 4134 2498 4189 Medici
2554 4132 2996 4189 misericordiam
3053 4132 3356 4186 elicietuus.

1784 4224 1929 4281 Et'si
1981 4227 2052 4282 ita
2086 4225 2399 4290 fecerimus,
2448 4226 2566 4295 ipse
2618 4237 2868 4279 nostrum
2906 4223 3195 4278 suscitabit
3260 4222 3360 4275 La-

1782 4333 1990 4383 zarum,
2056 4318 2159 4372 hoc
2209 4326 2314 4383 est,
2348 4324 2588 4369 mentem
2632 4324 2904 4369 mortuam
2936 4321 2990 4367 et
3046 4313 3357 4375 ftetcntcm,

1783 4423 2063 4476 unumque
2098 4424 2165 4461 ex
2199 4406 2685 4462 discumbentihus
2725 4420 2911 4460 secum
2942 4403 3195 4460 convivis
3240 4404 3360 4460 suis

1779 4500 1942 4553 faciet
1972 4518 1987 4553 :
2023 4499 2329 4567 praesertim
2370 4514 2501 4554 vero
2559 4498 2995 4553 conununicahit
3034 4497 3085 4551 ci
3142 4513 3358 4551 sacrum

1780 4607 1941 4647 suum
1999 4606 2198 4659 corpus
2228 4600 2282 4645 et
2310 4592 2632 4659 sanguinem
2660 4607 2674 4657 ;
2707 4590 2771 4644 ad
2817 4589 3159 4658 spiritualem
3192 4590 3355 4643 vitam

1781 4684 2047 4753 proficere
2119 4683 2303 4748 faciet,
2370 4701 2476 4737 non
2538 4685 2716 4738 solum
2785 4693 2939 4736 reatu
3006 4692 3357 4749 peccatorum

1781 4777 2042 4841 liberans,
2087 4777 2180 4832 sed
2233 4786 2287 4831 et
2320 4777 2550 4845 gratiam
2613 4774 2801 4841 gratia}
2838 4774 3127 4843 adjiciens.
3175 4775 3360 4828 Gloria

1780 4872 1851 4925 sit
1895 4869 2284 4923 misericordia:
2316 4870 2434 4936 ejus
2469 4876 2520 4926 in
2544 4870 2741 4924 swcula
2776 4872 3124 4925 szt-cnlortnn.
3161 4870 3357 4923 Amen.

111 4960 259 5027 μόνον
290 4961 390 5026 τῆς
422 4961 619 5029 ἐνοχῆς
648 4960 755 5013 τῶν
788 4961 1073 5031 ἁμαρτιῶν
1099 4960 1373 5027 ἀπολύων,
1402 4960 1537 5019 ἀλλὰ
1565 4964 1649 5013 καὶ
1686 4964 1848 5034 χάριν
1881 4965 2061 5034 χάριτι
2101 4966 2436 5035 προστιθείς.
2500 4965 2636 5030 Δόξα
2687 4965 2763 5035 τῷ
2845 4966 2985 5020 ἐλέει
3036 4964 3203 5020 αὑτοῦ
3279 4968 3356 5022 εί,

108 5052 220 5114 τοὺς
250 5054 474 5107 αίιῖινας.
517 5052 570 5105 Ἀ
587 5054 715 5107 uti”.

3279 250 3386 313 374
3484 320 3487 323 _
