3966 6328
159 268 272 330 377

1158 267 1345 328 ΗΟΜ.
1392 267 1451 326 ΙΙ
1489 267 1585 327 DE
1617 263 1946 326 SACliAM.
1981 262 2331 326 CORPORE
2372 263 2529 330 J.'C.

3193 277 3195 280 '
3304 263 3463 328 η3ῗ8

232 379 532 450 Δευτέραν
562 376 750 447 ἔχουσι
778 376 934 441 τάξιν
967 377 998 446 ή
1031 377 1327 439 ἀνάστασις
1355 376 1448 429 τοῦ
1477 375 1758 445 Λαζάρου,

1942 375 2262 430 Secundum
2300 375 2484 431 locum
2511 376 2714 432 habent
2740 377 2989 448 quazdam
3017 378 3147 444 alia,
3180 388 3239 433 ut
3264 375 3461 432 Lazari

149 473 261 525 καὶ
292 473 333 542 ἡ
368 470 677 540 ἁνάὅλεψις
710 474 804 523 τοῦ
828 468 1034 538 τυφλοῦ
1058 486 1073 501 ο
1095 471 1152 521 ὲν
1186 469 1401 532 τούτοις
1431 470 1542 537 γὰρ
1571 469 1631 520 τὸ
1665 469 1764 538 μὲν

155 564 496 632 γινόμενον,
533 563 676 617 κατὰ
715 562 813 634 τὴν
843 563 1005 630 φύσιν
1054 561 1172 615 ἐστί
1199 577 1214 592 ο
1262 562 1388 615 ὅσον
1435 561 1491 614 δὲ
1519 561 1657 633 πρὸς
1704 560 1768 613 τὸ

155 653 554 725 ὑποκείμενον
591 657 650 708 ὲν
702 650 746 722 ᾦ
791 655 1026 724 γίνεται,
1075 654 1231 723 παρὰ
1277 652 1377 721 τὴν
1410 651 1577 722 φύσιν
1624 651 1765 705 ἐστί.

155 745 338 802 ﬂoret
377 747 493 819 γὰρ
529 745 626 801 καὶ
657 747 690 816 ἠ
740 744 905 815 φύσις
938 743 1079 813 αὐτὴ
1120 741 1289 814 ζωὴν,
1333 742 1452 796 ἀλλ’
1474 741 1576 796 οὐκ
1606 742 1665 796 ὲν
1690 741 1768 811 τῷ

155 840 364 913 νεκρῷ
388 859 405 874 ο
439 841 537 896 καὶ
563 839 779 894 δίδωσιν
828 838 954 909 ὄψιν
985 838 1016 907 ἡ
1061 836 1245 906 φύσις,
1298 834 1415 889 ἀλλ’
1448 835 1550 890 οὐκ
1595 837 1656 890 ιν
1690 834 1768 905 τῷ

159 934 582 1004 πεπηρωμένῳ
611 933 738 999 τοὺς
767 929 1106 1003 ὀφθαλμούς.
1563 923 1566 926 ί

236 1025 468 1097 Τρίτην
493 1025 676 1096 ἔχουσι
711 1025 865 1091 τάξιν
894 1025 957 1078 τὸ
985 1024 1180 1089 στῆναι
1204 1020 1298 1076 τοῦ
1321 1021 1526 1075 οἰκείου
1557 1021 1763 1092 δρόμου

155 1118 264 1171 τὸν
302 1118 494 1189 ἥλιον,
545 1119 573 1172 δ
620 1118 815 1188 γέγονε
852 1118 944 1172 διὰ
1005 1115 1184 1187 Ἰησοῦ
1218 1114 1314 1169 τοῦ
1355 1115 1548 1185 Ναυῆο
1583 1113 1771 1168 καὶτὸ
1814 1104 1823 1110 ’

99 1219 116 1234 ’
159 1210 350 1282 σῶμα
378 1213 633 1285 χωρῆσαι
671 1211 760 1266 διὰ
812 1211 1095 1282 σώματος,
1127 1211 1204 1274 ὡς
1258 1212 1287 1264 ό
1340 1208 1550 1281 Κύριος
1607 1207 1769 1279 ήμῶν

158 1304 372 1375 διῆλθε
400 1305 512 1360 τῶν
569 1304 755 1378 θυρῶν
797 1305 1206 1376 κεκλεισμένων
1232 1322 1248 1339 ο
1280 1303 1460 1359 ταῦτα
1490 1305 1599 1376 γὰρ
1649 1301 1771 1358 κατ’

158 1397 380 1451 οὐδένα
399 1397 606 1469 τρόπον
639 1397 794 1469 παρὰ
826 1397 926 1468 τῆς
953 1396 1175 1468 φύσεως
1200 1395 1462 1449 δύνανται
1493 1393 1767 1462 γίνεσθαι.

169 1489 489 1544 Ἐπέκεινα
521 1488 579 1544 δὲ
613 1489 836 1543 πάντων
865 1489 1077 1542 τούτων
1113 1487 1224 1541 τῶν
1253 1487 1606 1557 θαυμασίων,
1633 1485 1770 1540 ἀλλὰ

155 1579 264 1634 δύο
299 1583 421 1634 εἰσὶ
444 1579 700 1652 θαύματα
723 1580 982 1651 μέγιστα,
1007 1577 1102 1632 καὶ
1126 1576 1308 1632 πάντα
1329 1577 1488 1645 λόγον
1510 1575 1769 1640 νικῶντα,

157 1672 219 1726 ἓν
267 1672 384 1744 μὲν
444 1670 593 1738 ἄπαξ
642 1671 1037 1742 γεγενημένον,
1091 1670 1182 1723 ὅτε
1255 1668 1356 1740 τὴν
1414 1665 1770 1736 ἀνθρωπίνην
1814 1714 1822 1722 .

158 1764 346 1834 φύσιν
381 1767 409 1818 ὁ
445 1763 579 1828 Θεδς
610 1763 818 1834 συνῆψε
852 1764 932 1835 τῷ
965 1763 1099 1834 θείῳ
1128 1761 1414 1838 προσώπῳ
1443 1777 1456 1793 ο
1485 1761 1679 1833 ἓτερον
1712 1759 1769 1813 δὲ
1798 1745 1843 1806 Β

159 1855 375 1925 μεῖζον
404 1854 622 1918 τούτου,
663 1855 760 1908 καὶ
796 1855 923 1910 καθ’
959 1848 1176 1926 ἡμέραν
1201 1853 1511 1924 γινόμενον,
1552 1852 1636 1905 ὅτι
1658 1849 1759 1905 ab-

148 1950 302 2003 ’τίκα
344 1947 683 2019 μεταϐάλλει
709 1947 810 2020 τὴν
842 1948 1035 2002 ούσίαν
1073 1946 1190 2001 τοῦ
1221 1947 1394 2018 ἄρτου
1442 1947 1525 2008 εἰς
1547 1945 1650 2016 τὴν
1673 1943 1768 1997 ού-

72 2067 76 2071 ·
159 2024 300 2097 σῖαν
331 2042 452 2096 ιτοῦ
491 2041 624 2096 ἰδίου
660 2040 917 2110 σώματος
946 2043 975 2094 δ
1026 2039 1284 2112 Χριστὸς,
1316 2040 1414 2095 καὶ
1442 2039 1542 2111 τὴν
1580 2036 1771 2091 οὐσίαν

156 2135 264 2190 τοῦ
301 2135 460 2189 οτνου
491 2137 571 2198 εἰς
604 2117 705 2206 τὴν
735 2135 930 2206 οὐσίαν
952 2133 1052 2203 τοῦ
1088 2133 1222 2188 ἰδίου
1249 2134 1504 2204 αἵματος.
1546 2131 1637 2185 Ἔν
1671 2129 1772 2201 μὶν

157 2229 282 2300 γὰρ
309 2227 396 2297 τῷ
430 2227 633 2296 πρώτῳ
664 2225 933 2296 θαύματι,
966 2213 1228 2296 οὐδετέρα
1261 2223 1427 2294 φύσις
1459 2219 1769 2294 μετεϐλήθη

160 2319 320 2390 προς
345 2317 452 2388 τὴν
476 2316 674 2390 ἑτέραν
698 2334 714 2350 ⁸
745 2317 865 2372 ἀλλ’
889 2317 948 2372 ἑν
971 2316 1051 2389 τῷ
1075 2316 1168 2370 τοῦ
1199 2314 1441 2388 Χριστοῦ
1464 2311 1768 2386 προσώπῳ,

164 2412 271 2464 καὶ
299 2411 340 2480 ἡ
378 2408 577 2480 θεότης
626 2410 720 2488 κσαὶ
754 2410 789 2480 ὴ
841 2407 1206 2480 ἀνθρωπότης
1244 2408 1575 2477 ἄσυγχύτως
1608 2403 1770 2459 εἰσίν.

174 2501 278 2555 Ἕν
318 2499 383 2553 δι
419 2499 596 2570 τούτῳ
648 2497 727 2569 τῷ
790 2497 1086 2569 μυστηρίῳ
1135 2497 1199 2550 τὺ
1247 2495 1458 2567 κτίσμα
1485 2493 1626 2567 πρὸς
1674 2493 1768 2547 τὸν

166 2591 420 2660 κτίστην
450 2591 828 2663 μεταποιεῖται
866 2588 955 2644 διὰ
988 2591 1157 2659 μέσου
1180 2586 1276 2642 τοῦ
1306 2585 1583 2657 σώματος,
1616 2590 1712 2639 καὶ
1733 2584 1768 2654 ἠ

140 2682 595 2756 ⁹ιιτροίὶιιρεστίιῦσα
632 2681 728 2735 τοῦ
769 2681 938 2755 ἄρτου
966 2682 1126 2737 οὐσία
1163 2682 1324 2753 σῶμα
1351 2676 1594 2751 Χριστοῦ
1619 2677 1769 2749 γίνε-

163 2794 270 2832 ται
297 2791 315 2808 ο
352 2775 454 2832 καὶ
487 2775 532 2849 η
551 2774 652 2847 μὲν
680 2775 846 2830 οὐσία
872 2775 969 2829 τοῦ
1011 2764 1182 2846 ἄρτου
1221 2773 1648 2846 μεταϐάλλεται,
1679 2771 1770 2824 ἵνα

166 2872 232 2925 ιν
267 2869 416 2940 ἡμῖν
443 2869 507 2921 τὸ
531 2860 836 2939 μυστήριον
867 2867 1089 2938 ενεργῇ,
1117 2869 1216 2921 καὶ
1241 2864 1572 2936 συσσώμους
1615 2863 1768 2935 ἡμᾶς

167 2962 312 3032 ποιῇ
348 2958 450 3014 τοῦ
485 2958 752 3028 Χριστοῦ.
794 2959 864 3012 Ἦ
886 2958 944 3012 δὲ
968 2955 1170 3023 ἔξωθεν
1199 2956 1443 3020 διάθεσις
1470 2953 1569 3009 τοῦ
1597 2955 1764 3025 ἄρτου

171 3054 342 3125 μένει
376 3052 544 3106 πάλιν
569 3053 603 3122 ἡ
635 3052 801 3122 αὐτὴ,
830 3050 1297 3121 συγκαλύπτουσα
1318 3049 1419 3120 τὴν
1448 3047 1641 3102 οὐσίαν
1669 3043 1764 3100 τοῦ

169 3112 465 3213 σώματος,
497 3112 603 3197 ενα,
629 3112 820 3213 μηδείς
851 3112 1246 3213 ἰλίγγοςὴμᾶς
1266 3112 1584 3212 κατασχὼν,
1625 3141 1771 3194 ἀπα-
1794 3112 1840 3175 C

166 3238 331 3310 τάτῃ
387 3235 492 3306 τῆς
529 3235 919 3316 μεταλήψεως.
969 3234 1246 3302 Μέγιστον
1293 3233 1394 3305 μὲν
1421 3231 1515 3288 οὖν
1550 3233 1770 3286 πάντων

170 3331 292 3384 τῶν
330 3327 433 3383 τοῦ
460 3327 598 3383 Θεοῦ
637 3319 966 3398 Θαυμασίων
999 3319 1163 3380 τοῦτό
1197 3327 1317 3380 εστι
1355 3325 1419 3379 τὸ
1443 3326 1766 3397 μυστήριον,

173 3419 263 3475 διδ
295 3415 400 3473 καὶ
462 3418 686 3486 πολλὰς,
738 3419 816 3482 ὡς
861 3418 1226 3489 προείπομεν,
1285 3417 1573 3480 ενστάσεις
1626 3415 1775 3484 πρὶς

80 3549 86 3553 -
168 3514 344 3568 τοῦτο
374 3511 624 3566 κινοῦσιν
670 3511 822 3564 ἐνθεν
859 3511 959 3581 μὲν
1009 3511 1266 3576 ἄπιστοι,-
1307 3509 1464 3563 ἐνθεν
1511 3510 1568 3571 δὲ
1617 3511 1769 3579 αἰρε-

81 3621 93 3632 ⁶
167 3608 351 3672 ταοὶ,
384 3605 540 3662 ἔνθεν
579 3606 636 3659 δὲ
676 3603 911 3672 ἰδιῶται,
955 3604 1057 3658 οὐκ
1109 3603 1328 3675 ῑχοντες
1379 3605 1616 3674 συνορᾷν
1676 3604 1768 3658 τὸν

169 3698 350 3770 λόγον
389 3697 489 3752 τοῦ
541 3691 868 3770 μυστηρίου,
903 3696 973 3762 ἃς
992 3697 1312 3761 ἐνστάσεις
1362 3698 1420 3751 ἐν
1468 3698 1659 3771 ἐκείνῃ
1699 3701 1766 3770 τῇ

169 3791 374 3863 ὁμιλίᾳ
417 3787 785 3865 διελυσάμεθα
801 3781 958 3844 τότε.
1179 3796 1197 3811 ’

245 3884 318 3937 Οἰ
339 3882 461 3953 μὲν
492 3880 603 3952 γὰρ
633 3880 816 3934 αὐτῶν
847 3879 1136 3952 ἀποροῦσι,
1190 3881 1312 3944 πῶς
1360 3881 1419 3934 εν
1449 3880 1529 3953 τῷ
1556 3897 1763 3953 παραυ-

171 3976 309 4030 τίκα
347 3973 756 4046 μετασάλλεται
793 3975 824 4044 η
859 3973 1018 4043 οὐσία
1049 3973 1146 4026 τοῦ
1172 3973 1340 4042 ἄρτου
1384 3972 1479 4027 καὶ
1510 3974 1656 4026 οἴνου
1688 3975 1770 4036 εἰς

174 4066 278 4138 τὴν
307 4065 502 4119 οὐσίαν
533 4064 628 4118 τοῦ
666 4064 942 4136 σώματος.
976 4066 1039 4118 Οἰ
1064 4065 1122 4119 δὲ
1152 4063 1425 4136 ἀποροῦσι
1461 4065 1578 4128 πῶς
1608 4066 1771 4118 δυνα-

182 4158 282 4212 τόν
333 4157 454 4209 ἐστι
495 4156 595 4226 τῆς
640 4157 828 4218 οὐσίας
859 4155 953 4209 τοῦ
998 4157 1168 4227 ἄρτου
1217 4156 1656 4228 μεταδληθείσης
1689 4159 1767 4223 εἰς

175 4250 284 4319 τὴν
347 4250 541 4302 οὐσίαν
569 4247 665 4301 τοῦ
697 4249 984 4320 σώματος,
1010 4250 1196 4319 μένειν
1256 4250 1325 4304 τὰ
1381 4249 1770 4321 συμσεόηκότα

175 4341 277 4396 τοῦ
341 4340 533 4408 ἄρτου,
588 4341 758 4411 ἤγουν
794 4342 855 4393 τὸ
910 4343 1084 4410 μῆκος
1135 4341 1327 4407 αὑτοῦ,
1379 4343 1441 4396 τὸ
1491 4335 1680 4412 βάρος,
1710 4342 1769 4395 τὸ

1876 469 2235 534 resurrectio,
2277 478 2333 523 et
2375 470 2528 524 visus
2578 470 2630 525 in
2682 486 2831 525 cmco
2869 472 3188 536 restitutio;
3226 472 3281 526 in
3337 471 3461 525 istis

1871 563 2013 616 enim
2051 562 2196 633 quod
2228 561 2315 627 tit,
2342 564 2644 618 secundum
2674 573 2924 620 naturam
2954 574 3081 630 est;
3118 565 3211 619 sed
3248 566 3462 619 ratione

1871 653 2054 708 habita
2095 655 2164 708 ad
2223 654 2534 724 subjectum
2587 657 2640 709 in
2677 672 2788 727 quo
2835 657 2914 721 ﬁt,
2963 664 3160 727 praeter
3206 665 3467 710 naturam

1835 756 1975 825 ‘est.
2014 747 2089 802 Ea
2132 748 2334 818 quippe
2386 749 2553 804 vitam
2597 749 2782 815 elﬁcit,
2824 751 2918 807 sed
2954 766 3061 806 non
3101 750 3156 806 in
3203 759 3460 817 mortuo;

1871 842 2060 898 eadem
2105 841 2280 897 visum
2324 841 2575 907 dat,-sed
2604 857 2711 896 non
2745 843 2799 898 in
2831 843 3263 900 oculis-orbato.

1945 1019 2193 1076 Tertium
2229 1021 2406 1075 locum
2460 1019 2688 1085 habent,
2739 1033 2964 1075 cursum
2995 1021 3280 1091 proprium
3319 1020 3460 1076 solis

1877 1113 2098 1178 sistere,
2136 1115 2280 1184 quod
2309 1128 2404 1183 per
2431 1113 2621 1170 Jesum
2662 1113 2808 1170 Nave
2840 1113 3046 1168 factum
3084 1124 3168 1170 est
3205 1134 3218 1171 :
3253 1129 3462 1183 corpus

1874 1211 1970 1277 per
2001 1205 2153 1261 aliud
2186 1220 2388 1276 corpus
2425 1215 2738 1277 penetrare,
2774 1216 2833 1262 ut
2880 1207 3014 1262 fecit
3055 1203 3314 1263 Christus
3350 1206 3458 1261 Do-

1873 1298 2076 1364 minus,
2129 1315 2254 1354 cum
2298 1315 2397 1370 per
2439 1299 2631 1356 clausa
2682 1303 2824 1356 ostia
2889 1285 3252 1369 pertransirit
3295 1315 3310 1354 :
3347 1303 3468 1357 haec

1872 1391 2019 1446 enim
2049 1392 2406 1448 nullo*modo
2456 1388 2486 1448 a
2525 1405 2724 1448 natura
2770 1393 2914 1449 efﬁci
2964 1401 3217 1463 possunt.
3274 1391 3490 1461 Longe.

1871 1503 2006 1542 vero
2056 1502 2224 1558 supra
2287 1489 2475 1544 omnia
2535 1489 2654 1544 haec
2707 1478 3008 1552 mirabilia,
3046 1491 3158 1546 duo
3218 1491 3456 1545 maxima

1874 1581 2145 1636 miracula
2193 1591 2345 1642 sunt,
2398 1596 2520 1651 quae
2579 1581 2849 1636 rationem
2897 1596 3118 1636 omnem
3175 1571 3458 1651 superant,

1877 1690 2046 1730 unum
2085 1674 2232 1745 quod
2270 1674 2438 1730 semel
2477 1673 2685 1729 tactum
2742 1681 2848 1737 est,
2902 1674 3123 1742 quando
3161 1671 3458 1729 humanam

1875 1774 2130 1821 naturam
2159 1765 2303 1822 Deus
2327 1765 2623 1835 conjunxit
2655 1763 2860 1819 divina:
2891 1779 3146 1834 personae
3175 1782 3190 1823 :
3221 1764 3457 1820 alterum

1873 1873 2006 1914 vero
2028 1857 2204 1927 majus
2233 1857 2354 1924 illo,
2381 1866 2434 1912 et
2457 1856 2606 1925 quod
2657 1856 2910 1928 quotidie
2952 1855 3210 1924 elﬁcitur,
3236 1856 3460 1928 quando

1873 1950 2061 2006 statim
2094 1949 2353 2006 Christus
2391 1956 2732 2006 transmutat
2760 1949 3134 2007 substantiam
3200 1948 3361 2019 panis
3401 1948 3459 2002 in

1871 2041 2081 2113 proprii
2117 2042 2371 2112 corporis
2405 2040 2806 2105 substantiam,
2845 2049 2901 2096 et
2931 2039 3306 2097 substantiam
3344 2039 3472 2093 vini-

1875 2134 1930 2188 in
1992 2126 2362 2190 substantiam
2397 2135 2602 2203 proprii
2641 2133 2953 2205 sanguinis.
2996 2132 3257 2204 lnprimo
3310 2131 3457 2187 enim

1873 2226 2166 2293 miraculo,
2202 2235 2403 2281 neutra
2461 2227 2510 2280 in
2571 2225 2798 2281 alteram
2845 2234 3042 2281 natura
3091 2231 3465 2280 transmutata

1871 2327 1956 2375 est
1981 2333 1996 2384 ;
2020 2317 2115 2374 sed
2148 2318 2202 2373 in
2239 2318 2445 2373 Christi
2483 2333 2742 2388 persona,
2781 2328 2839 2375 et
2870 2316 3138 2373 divinitas
3170 2325 3223 2372 et
3260 2316 3459 2370 huma-

1873 2412 2018 2466 nitas
2045 2418 2177 2465 sunt
2207 2409 2524 2465 inconl'use.
2551 2409 2623 2463 At
2646 2410 2702 2464 in
2729 2410 2835 2465 hoc
2863 2417 3214 2465 sacramento
3240 2414 3460 2461 creatu-

1870 2504 2010 2558 rain
2039 2505 2358 2558 Creatorem
2394 2501 2850 2568 transformatur,
2885 2501 3171 2557 mediante
3198 2513 3458 2568 corpore,

1870 2604 1924 2650 et
1959 2593 2354 2665 prmexsistens
2387 2593 2550 2663 panis
2614 2592 2950 2659 substantia,
2986 2591 3203 2647 Christi
3254 2605 3460 2659 corpus
3511 2667 3514 2670 ῃ

1871 2685 2130 2759 eﬂiciturt
2167 2685 2235 2741 Et
2277 2686 2597 2742 substantia
2629 2683 2854 2756 quidem
2906 2685 3069 2756 panis
3116 2690 3457 2740 transmuta-

1872 2787 1982 2846 tur,
2021 2777 2166 2834 utin
2204 2778 2385 2841 gnobis
2443 2785 2857 2834 sacramentum
2907 2785 3188 2848 operetur,
3244 2789 3460 2845 nosque

1870 2885 2282 2944 eoncorporeos
2317 2870 2527 2927 Christi
2575 2870 2798 2926 eﬁiciat.
2832 2870 3090 2926 Exterior
3137 2883 3267 2924 vero
3300 2868 3459 2938 panis

1860 2962 2147 3019 ’habitudo
2179 2973 2368 3018 manet
2399 2963 2765 3019 nihilominus
2798 2963 3014 3031 eadem,
3066 2971 3257 3037 tegens
3322 2959 3458 3014 sub-

1874 3045 2148 3110 stantiam
2179 3055 2453 3124 corporis,
2480 3068 2550 3110 ne
2580 3069 2686 3122 qua
2719 3069 2819 3108 nos
2857 3054 3130 3110 haesitatio
3179 3053 3456 3117 detinens,

1873 3158 1902 3197 a
1939 3144 2334 3199 communione
2362 3143 2636 3199 detrahat.
2683 3142 2981 3198 Maximum
3015 3144 3182 3214 igitur
3205 3143 3453 3198 omnium

1849 3226 1968 3292 'Dei
1999 3236 2334 3292 mlrabilium
2380 3237 2590 3292 esthoc
2627 3245 3082 3304 sacramentum;
3132 3237 3276 3292 unde
3316 3239 3457 3292 mul-

1827 3367 1834 3376 .
1872 3335 1979 3394 tas,
2023 3341 2081 3383 ut
2129 3343 2293 3399 supra
2329 3329 2591 3394 diximus,
2632 3331 2894 3386 adversus
2938 3330 3073 3386 illud
3115 3330 3454 3402 objectiones

1872 3422 2092 3477 mo‘vent
2119 3422 2248 3476 hinc
2281 3408 2549 3486 inﬁdeles,
2578 3422 2732 3476 illine
2759 3423 3020 3482 haeretici.
3061 3440 3124 3478 ex
3159 3423 3266 3476 alia
3299 3422 3457 3477 deni-

1874 3527 1981 3577 que
2009 3520 2164 3580 parte
2197 3511 2688 3575 idiota'illitterati,
2718 3511 2868 3580 quod
2902 3511 3172 3566 rationem
3206 3511 3454 3581 mysterii

1870 3605 2181 3674 perspiciere
2205 3604 2389 3659 minus
2415 3604 2658 3665 valeant,
2695 3618 2836 3674 quas
2859 3603 3084 3684 quidem
3111 3603 3455 3674 objectiones

1871 3712 2017 3752 nunc
2047 3696 2314 3752 diluimus
2348 3694 2404 3750 in
2439 3695 2629 3752 eadem
2657 3693 2904 3751 homilia.
3067 3705 3069 3708 ‘

1945 3881 2167 3938 Illorum
2227 3882 2451 3950 quidem
2503 3882 2758 3937 nonnulli
2828 3879 3119 3951 objiciunt,
3181 3879 3457 3950 quomodo

1821 4026 1835 4036 .
1871 3977 1925 4031 in
1963 3982 2242 4031 momento
2288 3983 2692 4030 transmutatur
2735 3973 3044 4028 substantia
3071 3971 3231 4041 panis
3261 3979 3314 4024 et
3344 3970 3458 4023 vini

1872 4067 1929 4122 in
1964 4065 2331 4122 substantiam
2363 4064 2640 4134 corporis.
2691 4063 2827 4127 Alii,
2863 4061 3141 4134 quomodo
3189 4059 3455 4133 possibile

1873 4161 1970 4227 sit,
2026 4160 2336 4216 substantia
2379 4158 2540 4229 panis
2580 4165 2789 4211 mutata
2818 4157 2872 4210 in
2907 4139 3271 4210 substantiam
3322 4169 3453 4205 cor-

1873 4253 2046 4321 poris,
2105 4266 2335 4306 manere
2407 4247 2716 4305 accidentia
2785 4247 2966 4317 panis,
3027 4259 3223 4312 nempe
3275 4243 3454 4310 longi-

1873 4347 2119 4400 tudinem
2155 4344 2294 4413 ejus,
2328 4343 2568 4414 pondus,
2607 4341 2972 4404 latitudinem,
3019 4339 3284 4401 colorem,
3318 4338 3450 4392 odo-

177 4435 414 4497 πλάτος,
446 4433 505 4486 τὺ
539 4434 760 4504 χρῶμα,
782 4433 881 4502 τὴν
910 4433 1107 4504 ὀσμὴν,
1141 4435 1236 4487 καὶ
1264 4434 1364 4505 τὴν
1393 4435 1450 4488 ὲν
1477 4437 1542 4505 τῇ
1572 4435 1762 4503 γεύσει

1876 4454 2011 4500 rem,
2047 4447 2103 4492 et
2139 4439 2192 4490 in
2227 4445 2391 4506 gustu
2451 4434 2797 4506 qualitatem,
2852 4431 2992 4487 adeo
3035 4439 3092 4484 ut
3145 4429 3451 4497 accidentia

180 4524 671 4596 ﬁbtd.‘-’Tj1<1,-t:nte
728 4522 869 4578 εἶναι
915 4525 983 4578 τὰ
1024 4525 1416 4596 συμϐεὖηκότα
1469 4526 1564 4578 τοῦ
1588 4519 1763 4596 ’ἄρτου

177 4614 357 4686 χωρὶς
384 4613 484 4689 τῆς
509 4604 699 4678 οὐσίας
722 4612 817 4666 τοῦ
837 4614 1029 4683 ἄρτου,
1050 4615 1146 4666 καὶ
1169 4614 1268 4684 τὴν
1291 4615 1553 4684 ἀληθινὴν
1575 4616 1766 4670 οὐσίαν

178 4709 277 4762 τοῦ
344 4705 596 4774 σώματος
652 4704 999 4777 κρύπτεσθαι
1053 4707 1111 4758 ὲν
1149 4697 1557 4779 συμὸεόηκόσιν
1599 4709 1766 4779 ἄλλης

179 4799 399 4861 οὐσίας.
437 4798 657 4877 Ἐτεροι
702 4799 974 4871 ἀποροῦσι
1028 4798 1147 4862 πῶς
1198 4800 1429 4854 δυνατὸν
1460 4801 1579 4854 ὅλον
1621 4797 1762 4856 εἶναι

177 4893 273 4946 τὸν
320 4890 560 4961 Χριστὸν
608 4881 667 4946 ὲν
726 4893 899 4963 μικρᾷ
941 4891 1036 4946 τοῦ
1091 4892 1422 4964 φαινομένου
1480 4895 1763 4965 ποσότητι.

182 4985 374 5037 Ἀλλοι
423 4982 586 5036 πάλιν
626 4967 1010 5040 διαπιστοῦσιν
1065 4985 1215 5049 ὅπως
1249 4986 1310 5039 τὸ
1364 4985 1461 5040 τοῦ
1521 4987 1762 5056 Χριστοῦ

185 5073 458 5143 μυστικδν
489 5074 651 5145 σῶμα
681 5076 775 5129 καὶ
815 5076 1158 5148 τεμνόμενον
1187 5077 1450 5150 ἀκέραιον
1493 5077 1761 5148 διαμένει,

181 5165 274 5216 καὶ
329 5164 440 5216 τῶν
494 5165 803 5236 τμημάτων
852 5166 1108 5235 ἕκαστον,
1154 5168 1288 5221 αὐτὸ
1332 5168 1454 5223 ὅλον
1500 5169 1618 5222 ἐστὶ
1667 5169 1760 5223 τοῦ

181 5255 428 5325 Χριστοῦ
458 5256 619 5328 σῶμα
645 5259 739 5312 καὶ
767 5259 996 5316 τέλειον.
1036 5261 1360 5334 ’Λποροῦσιν
1381 5262 1584 5334 ἕτεροι,
1611 5262 1641 5318 δ
1669 5264 1761 5317 καὶ

187 5349 454 5417 μεγίστην
499 5348 616 5420 ἔχει
651 5351 909 5421 ἀπορίαν,
960 5353 1078 5418 πῶς
1130 5357 1192 5408 τὸ
1229 5357 1365 5410 αύτδ
1412 5358 1494 5420 εἰς
1551 5356 1608 5409 ἓν
1665 5357 1758 5411 τοῦ

182 5440 426 5509 Χριστοῦ
459 5442 620 5514 σῶμά
641 5444 782 5510 ἐστι,
814 5447 909 5500 καὶ
935 5449 992 5502 ἰν
1016 5449 1256 5521 οὐρανῷ,
1278 5451 1374 5505 καὶ
1398 5452 1454 5504 ὲν
1473 5448 1760 5515 ’πλείστοις

185 5532 301 5603 ἄμα
332 5534 753 5607 θυσιαστηρίοις
786 5539 843 5618 ἐγ
895 5543 990 5612 γῇ.
1047 5543 1214 5597 Ἀλλὰ
1266 5545 1472 5608 ταύτας
1509 5545 1608 5616 μὲν
1663 5545 1760 5607 τὰς

185 5623 424 5695 ἀπορίας
457 5625 554 5679 καὶ
597 5625 913 5701 λελύκαμεν
933 5634 1075 5699 τότε,
1120 5637 1217 5689 καὶ
1252 5636 1533 5706 δυνάμεθα
1584 5637 1754 5702 λύειν,

183 5716 528 5794 τηΧριστοῦ
562 5709 900 5791 φωτίσαντος
935 5728 1082 5798 ἡμᾶς
1107 5729 1293 5801 χάριτι
1320 5743 1334 5758 ⁸
1378 5731 1582 5801 μᾶλλον
1625 5729 1681 5785 δὲ
1711 5733 1757 5786 οἱ

1871 4533 2032 4604 panis
2056 4532 2168 4586 sint
2202 4530 2409 4600 alisque
2440 4528 2752 4585 substantia
2792 4529 2969 4596 panis,
3040 4537 3094 4580 et
3140 4540 3268 4579 vera
3318 4526 3452 4579 sub-

1879 4623 2086 4679 stantia
2151 4622 2399 4691 corporis
2461 4620 2628 4675 lateat
2695 4621 2750 4673 in
2780 4617 3161 4674 accidentibus
3224 4619 3450 4673 alterius

1870 4714 2216 4773 substantiae.
2282 4713 2387 4767 Alii
2425 4695 2678 4783 quaerunt
2732 4712 3012 4781 quomodo
3061 4709 3339 4781 possibile
3377 4712 3452 4764 sit

1870 4816 2040 4865 totum
2069 4805 2351 4862 Christum
2384 4818 2508 4859 esse
2540 4805 2594 4856 in
2627 4799 2853 4855 minima
2878 4799 3026 4876 illius
3059 4800 3204 4870 quod
3235 4799 3451 4854 videtur

1869 4901 2195 4972 quantitate.
2220 4897 2351 4962 Alii,
2382 4880 2658 4966 quomodo
2683 4908 2886 4964 corpus
2911 4893 3112 4948 Christi
3148 4894 3439 4962 mysticum

1868 5011 1964 5049 seu
2028 4989 2450 5051 saeramentale,
2507 4987 2834 5050 dissectum,
2892 4993 3111 5039 maneat
3166 4985 3439 5055 integrum

1870 5096 2070 5146 tamen.
2105 5091 2161 5139 et
2190 5095 2531 5151 unaquaeque
2592 5076 2854 5147 particula
2891 5077 2962 5131 sit
2990 5090 3192 5145 corpus
3239 5075 3446 5130 Christi

1867 5189 2039 5233 totum
2068 5184 2229 5246 atque
2267 5173 2595 5246 perfectum.
2631 5169 2900 5237 Quaerunt
2933 5170 3048 5236 alii,
3086 5170 3230 5238 quod
3280 5171 3445 5224 etiam

1869 5270 2166 5324 maximam
2217 5264 2591 5321 dtﬂiuultatem
2631 5264 2816 5328 habet,
2869 5263 3148 5334 quomodo
3197 5263 3338 5317 idem
3391 5272 3444 5317 et

1868 5371 2033 5410 unum
2069 5355 2270 5410 Christi
2303 5368 2508 5423 corpus
2549 5355 2600 5406 in
2635 5353 2776 5410 cmlo
2829 5363 2934 5419 est,
2989 5361 3041 5406 ct
3078 5353 3129 5407 in
3188 5351 3457 5421 plurimis.

1866 5449 2026 5502 sinml
2051 5463 2219 5517 super
2253 5458 2456 5500 terram
2481 5429 2760 5500 altaribus.
2799 5445 2905 5500 Sed
2939 5446 3291 5502 diliicultatcs
3319 5446 3464 5502 illas:

1868 5553 1918 5596 ct
1951 5551 2081 5596 tunc
2102 5539 2392 5605 solvimus,
2438 5548 2491 5592 et
2519 5540 2730 5593 solvere
2789 5540 3087 5594 etiamnum
3124 5555 3446 5609 possumus,

1867 5635 2070 5690 Christi
2109 5621 2286 5703 gratia
2317 5647 2418 5686 nos
2466 5632 2850 5698 illuminantc;
2882 5633 2962 5686 vel
2999 5635 3181 5702 potius
3209 5651 3303 5688 eas
3333 5635 3447 5688 dis~

1867 5728 2089 5786 solvunt
2149 5725 2544 5795 sapientissimi
2592 5724 2847 5780 Ecclxsic
2913 5727 3195 5796 doctores,
3255 5730 3445 5798 gratia;
