3966 6328
599 260 706 322 3³19

1628 263 2004 324 GENNADII
2040 264 2148 324 ΟΡ.

2279 265 2388 323 ,ΤΒ
2399 263 2470 321 ΙᾹ
2482 263 2704 322 ΒΟΙΙιἘ
3725 264 3800 326 380

599 380 653 425 et
686 369 850 424 studii
886 347 930 424 si
965 386 1084 441 quse
1135 370 1186 425 in
1224 371 1380 426 uoliis
1435 379 1589 437 sunt,
1634 381 1888 430 auctores
1928 384 1984 429 et
2024 375 2172 445 prin-

2279 376 2550 441 πάνσοφοι
2605 375 2704 442 τῆς
2777 373 3106 442 Ἐκκλησίας
3161 375 3473 429 διδάσκαλοι
3530 376 3732 430 λύουσιν
3767 382 3805 433 oi

598 479 770 534 cipes.

676 557 782 610 Vos
834 569 1004 625 porro
1031 557 1241 625 absque
1287 556 1636 614 dubitatione
1674 560 1897 614 c‘redere
1944 560 2172 624 debetis,

599 654 653 700 et
680 647 1190 720 Christianiomnes
1223 648 1363 704 idem
1390 650 1616 706 credere
1642 651 1929 716 debemus,
1949 651 2096 721 quod
2117 651 2170 705 iu

600 738 990 794 sacramentali
1011 738 1102 792 illo
1134 754 1363 810 corpore
1397 756 1524 796 vere
1551 746 1634 797 est
1677 741 1952 798 Dominus
1989 752 2176 799 noster

600 830 760 884 Jesus
782 829 1052 895 Christus,
1095 832 1185 900 qui
1210 841 1372 886 natus
1401 842 1485 887 est
1519 849 1584 889 ex
1614 833 1781 888 Maria
1812 835 2047 904 Virgine,
2077 835 2171 905 qui

602 923 656 975 in
688 936 851 976 cruce
889 923 1020 976 olim
1052 922 1174 987 fuit,
1206 933 1261 978 et
1293 940 1437 979 nunc
1468 925 1520 978 in
1557 927 1695 980 ccclo
1727 934 1831 990 est,
1869 927 2008 981 idem
2059 928 2172 997 ipse

599 1023 654 1068 et
683 1014 895 1083 integer
924 1015 1027 1069 sub
1048 1015 1429 1070 accidentibus
1457 1017 1615 1086 panis
1645 1020 1976 1085 occultatus,
2005 1026 2059 1072 et
2088 1035 2174 1074 se-

600 1110 840 1161 cundum
888 1108 1253 1163 substantiam
1301 1118 1386 1164 est
1421 1111 1474 1164 in
1510 1106 1874 1178 sacramento,
1931 1127 2039 1167 non
2088 1128 2174 1169 se-

600 1198 841 1252 cumlum
909 1198 1148 1266 gratiam
1204 1207 1295 1252 aut
1356 1202 1679 1270 potentiam.
1744 1201 1931 1271 Neque
1992 1219 2174 1260 sacra-

602 1287 838 1340 mentale
871 1288 1079 1342 Christi
1133 1305 1337 1358 corpus
1373 1301 1535 1360 typus
1595 1301 1677 1346 est
1731 1293 1843 1347 veri
1899 1295 2169 1365 corporis,

599 1379 692 1432 sed
733 1380 937 1433 veritas
993 1381 1107 1457 ipsa
1158 1390 1243 1436 est
1290 1383 1436 1438 illius
1487 1386 1753 1454 corporis.
1817 1386 1972 1442 Nunc
2026 1389 2170 1442 enim

600 1489 707 1526 non
729 1489 825 1543 per
853 1483 1010 1544 typos
1032 1485 1125 1530 aut
1147 1479 1395 1542 umbras,
1425 1489 1481 1532 ut
1508 1481 1560 1533 in
1600 1483 1767 1536 veteri
1794 1483 2169 1549 Testamento,

599 1563 692 1616 sed
724 1579 817 1632 per
839 1581 924 1620 res
965 1576 1018 1620 et
1057 1568 1313 1623 veritates
1355 1571 1677 1641 religiosum
1704 1575 1910 1627 cultum
1946 1575 2172 1629 exhibe-

599 1672 746 1712 mus.
794 1659 949 1724 Quod
988 1660 1032 1713 si
1086 1671 1403 1735 sanctorum
1465 1665 1668 1734 aliquis
1723 1666 2024 1735 antitypum
2080 1682 2173 1736 ap-

601 1749 772 1814 pellat
801 1750 1134 1805 sacriﬁcium
1173 1755 1276 1808 hoc
1306 1770 1476 1810 cmnre
1505 1757 1665 1811 istius
1707 1757 2027 1818 Dominiczn.
2061 1773 2172 1811 ma-
2210 1749 2231 1819 Ϊ

599 1837 856 1892 uifestum
918 1849 1026 1902 est,
1080 1844 1411 1898 sacriﬁcium
1459 1847 1679 1914 quidem
1734 1849 1936 1918 ipsum,
1984 1857 2172 1918 typum

597 1943 720 1981 csse
745 1929 1004 1986 sacriﬁcii
1061 1932 1227 1999 illius,
1266 1944 1324 1989 ut
1361 1937 1452 2006 qui
1491 1954 1638 1992 nunc
1671 1939 2008 2006 sacriﬁcant,
2060 1942 2171 2011 typi

599 2030 728 2073 sunt
757 2021 884 2077 Jesu
923 2033 1053 2078 tunc
1084 2028 1474 2085 sacrilicantis.
1513 2030 1748 2086 Eﬁ‘ectus
1779 2043 1962 2087 autem
1998 2034 2171 2088 sacri-

601 2115 730 2177 ﬁcii,
766 2116 906 2170 idem
941 2126 1024 2172 est
1051 2129 1108 2173 ut
1137 2121 1267 2175 olim
1301 2130 1354 2175 et
1389 2137 1558 2187 nunc,
1594 2123 2174 2182 Transsubstantiatio
2218 2147 2227 2154 ·

597 2207 830 2270 scilicet.
892 2217 946 2264 et
987 2213 1228 2266 maxime
1289 2217 1734 2282 supernaturalis
1795 2219 2174 2272 transmutatio

598 2300 755 2366 panis
793 2302 846 2354 in
883 2317 1105 2357 carnem
1143 2304 1467 2369 animatam,
1497 2315 1550 2359 et
1580 2306 1820 2359 divinam
1857 2308 2079 2372 factam,
2122 2320 2176 2363 et

599 2392 710 2445 \ini
764 2394 818 2447 in
877 2396 1338 2463 pretiosissimum
1394 2397 1510 2466 ejus
1537 2401 1885 2468 sanguinem.
1919 2403 2174 2472 Antitypa

599 2487 768 2552 igitur
805 2487 915 2541 dici
956 2499 1188 2556 possunt
1220 2505 1282 2545 ea
1318 2506 1439 2560 quae
1470 2493 1526 2546 in
1576 2493 1853 2548 sacriﬁcio
1893 2494 2052 2560 ﬁunt,
2087 2511 2175 2550 se-

596 2577 837 2631 cundum
890 2581 1230 2649 operationis
1287 2581 1536 2647 modum,
1603 2592 1799 2653 nempe
1859 2586 1986 2654 quia
2044 2596 2175 2641 tunc

596 2667 917 2740 immediate
936 2670 1099 2726 Jesus
1122 2673 1450 2727 miraculum
1480 2675 1838 2743 operabatur,
1867 2691 2013 2731 nunc
2043 2692 2174 2732 vero

598 2773 696 2827 per
714 2757 976 2817 Ecclesia
999 2764 1280 2819 ministros
1305 2765 1359 2819 id
1389 2766 1569 2833 ipsum
1594 2767 1948 2841 invisibiliter
1987 2766 2174 2835 eﬂicit,

597 2869 723 2907 cum
751 2855 937 2911 divina
975 2867 1247 2927 potestate
1277 2874 1520 2927 praesens
1555 2860 1759 2932 ubique
1789 2862 1879 2927 sit,
1907 2868 1960 2918 et
1988 2848 2174 2919 omnia

594 2947 831 3016 repleat.
875 2948 1117 3006 Eﬁ‘ectus
1158 2967 1289 3007 vero
1320 2954 1685 3023 operationis,
1740 2955 1947 3011 scilicet
2000 2936 2214 3013 trans?

2277 465 2653 534 καθηγεμόνες
2687 465 2788 534 τῆς
2821 467 2877 517 ὲν
2908 467 3040 535 ἡμῖν
3068 469 3288 537 χάριτος
3320 471 3412 522 καὶ
3445 470 3693 538 σπουδῆς.

2357 559 2546 628 Ὑμεῖς
2591 559 2648 612 δὲ
2689 558 2932 626 ὀφείλετε
2993 560 3273 612 πιστεύειν
3304 561 3703 629 ἀναμφιϐόλως,
3733 565 3803 616 καὶ

2275 649 2473 712 πάντες
2508 651 2823 720 Χριστιανοὶ
2882 649 3023 703 οὕτω
3074 651 3352 704 πιστεύειν
3386 642 3695 721 ’ὀφείλομειῃ
3740 656 3798 707 ὅτι

2275 747 2332 798 ἐν
2370 744 2619 814 μυστικῷ
2667 745 2842 814 τούτῳ
2888 743 3123 812 σώματι,
3157 743 3315 804 αὐτός
3363 745 3512 794 ἐστιν
3550 744 3744 811 ἀληθῶς
3782 747 3801 797 ὁ

2277 836 2479 906 Κύριος
2529 836 2684 904 ἡμῶν
2752 835 2960 904 Ἰησοῦς
2990 834 3247 903 Χριστὸς,
3304 835 3332 886 ὁ
3383 835 3445 887 ἐκ
3492 834 3590 900 τῆς
3623 834 3802 902 Μαρίας

2281 931 2561 998 Παρθένου
2598 930 2902 999 γεννηθεὶς,
2932 933 2959 983 ὁ
3006 931 3097 982 επὶ
3145 929 3406 996 σταυροῦ,
3457 931 3483 981 ὁ
3538 931 3594 981 ιν
3627 928 3802 996 ούρανῷ

2276 1023 2390 1086 νῦν,
2427 1024 2591 1085 αὐτὸς
2621 1023 2826 1092 ἐκεῖνας
2854 1021 3170 1092 ὁλόκληρος,
3194 1021 3299 1074 ὑπὸ
3320 1023 3431 1082 τοῖς
3465 1021 3801 1097 συμβεϐηκόσι

2275 1114 2367 1166 τοῦ
2399 1114 2568 1183 ἄρτου
2602 1113 3121 1181 συγκαλυπτόμενος
3149 1129 3162 1144 ο
3196 1115 3290 1167 κιύ⁹
3325 1113 3446 1169 κατ’
3469 1112 3653 1165 οὐσίαν
3687 1113 3801 1164 ἐστὶν

2275 1206 2333 1257 ιν
2361 1207 2436 1274 τῷ
2465 1207 2772 1275 μυστηρίῳ,
2825 1205 2886 1258 οὑ
2937 1205 3078 1260 κατὰ
3117 1206 3276 1276 χάριν
3309 1205 3343 1269 ἢ
3395 1204 3644 1271 δύναμιν.
3697 1204 3801 1284 Οξιδὲ

2274 1295 2448 1356 τύπος
2483 1295 2597 1347 ἐστὶ
2622 1295 2682 1347 τὸ
2716 1294 2981 1362 μυστικὸν
3003 1293 3098 1347 τοῦ
3131 1294 3368 1363 Χριστοῦ
3397 1294 3558 1363 σῶμα
3586 1293 3676 1346 τοῦ
3704 1293 3802 1358 ἀλη-

2277 1378 2404 1448 Θοῦς
2438 1385 2713 1454 σώματος,
2739 1387 2874 1439 ἀλλά
2909 1389 2940 1456 ή
2975 1385 3206 1457 ἀλήθεια
3245 1386 3430 1456 ἐκείνη
3460 1384 3556 1443 τοῦ
3585 1383 3801 1452 σώματός

2275 1475 2446 1528 ἐστιν.
2475 1475 2549 1527 Οὐ
2570 1475 2678 1544 γὰρ
2715 1473 2910 1537 τύποις
2946 1473 3069 1533 οὐδὲ
3105 1476 3288 1536 σκιαῖς
3319 1473 3414 1527 νῦν
3444 1471 3520 1537 ὡς
3547 1476 3605 1526 ὲν
3632 1476 3690 1543 τῇ
3716 1471 3800 1524 Πα-

2275 1571 2424 1640 λαιᾷ,
2460 1570 2594 1623 ἀλλά
2628 1572 2920 1640 πράγμασι
2949 1570 3044 1623 καὶ
3074 1569 3360 1638 ἀληθείαις
3392 1568 3734 1638 λατρεύομεν.
3756 1565 3801 1618 El

2276 1661 2329 1712 δέ
2360 1679 2441 1724 τις
2470 1661 2580 1714 τῶν
2607 1662 2780 1728 ἁγίων
2819 1662 3111 1715 ἀντίτυπον
3142 1662 3292 1729 λέγει
3343 1660 3442 1730 τὴν
3489 1661 3679 1713 θυσίαν
3704 1659 3802 1711 ταύ-

2277 1767 2373 1816 την
2430 1751 2526 1802 τοῦ
2580 1751 2913 1804 Δεσποτικοῦ
2961 1750 3176 1805 δείπνου
3211 1748 3447 1817 ἐκείνου,
3476 1749 3634 1820 δῆλόν
3680 1751 3801 1802 ἐστιν

2274 1844 2355 1895 ὅτι
2389 1845 2420 1913 ἡ
2449 1844 2608 1898 Θυσία
2642 1845 2743 1914 μὲν
2776 1845 2934 1915 αῦτη,
2965 1844 3132 1908 τύπος
3178 1843 3296 1906 ἐστὶ
3345 1844 3444 1913 τῆς
3476 1837 3663 1905 θυσίας
3691 1842 3803 1895 ἐκεί·

2276 1952 2393 2002 νης,
2431 1935 2620 2005 ὥσπερ
2649 1938 2742 1989 καὶ
2769 1939 2818 1989 oi
2848 1937 2943 1990 νῦν
2976 1937 3200 1998 θύοντες
3256 1937 3419 1990 τύποι
3451 1938 3560 1990 εἰσὶ
3586 1935 3675 1990 τοῦ
3707 1938 3800 1986 τότε

2277 2031 2540 2090 (λύσαντος
2592 2029 2791 2098 Ἰησοῦ.
2827 2030 2897 2081 Τὸ
2927 2029 2983 2081 δὲ
3028 2029 3378 2098 ἀποτέλεσμα
3415 2028 3516 2097 τῆς
3543 2029 3718 2090 θυσίας
3759 2029 3803 2080 τὸ

2278 2123 2409 2176 αύτό
2436 2123 2551 2174 ἐστι
2575 2121 2668 2175 καὶ
2701 2121 2820 2174 τότε
2841 2121 2936 2173 καὶ
2963 2122 3084 2187 νῦν,
3109 2124 3140 2190 ὴ
3184 2120 3546 2190 μετουσίωσις
3573 2117 3800 2189 δηλονότι,

2278 2213 2372 2265 καὶ
2407 2215 2438 2282 ἡ
2489 2212 2914 2282 ὐπερφυεστάτη
2959 2212 3255 2282 μεταϐολὴ,
3293 2210 3431 2281 πρὸς
3465 2210 3563 2278 τὴν
3597 2209 3802 2278 ἔμψυχον

2279 2305 2370 2357 καὶ
2400 2305 2747 2374 τεθεωμένην
2773 2305 2974 2375 σάρκα,
3006 2306 3218 2357 καὶτοῦ
3254 2303 3403 2356 οἴνου
3427 2303 3561 2374 πρὸς
3590 2302 3649 2354 τὺ
3675 2302 3806 2368 ὑπέρ-

2277 2413 2437 2464 τιμον
2467 2397 2633 2449 αὑτοῦ
2656 2395 2816 2467 αἷμα.
2865 2397 3163 2450 Ἀντίτυπα
3193 2396 3285 2449 οῦν
3313 2395 3568 2449 δύνανται
3591 2393 3810 2462 λέγεσθαι

2276 2490 2344 2541 τὰ
2370 2491 2429 2542 ἐν
2459 2493 2522 2558 τῇ
2557 2490 2720 2560 Ουσίᾳ
2751 2491 3023 2557 γενόμενα
3076 2490 3218 2543 κατά
3273 2487 3373 2558 τὴν
3423 2489 3710 2557 ἐνέργειαν,
3748 2485 3804 2546 ὡς

2276 2578 2399 2631 τότε
2434 2579 2533 2646 μὲν
2563 2578 2781 2646 ἀμέσως
2804 2579 2968 2632 αὑτοῦ
2988 2577 3082 2631 τοῦ
3123 2576 3303 2645 Ἰησοῦ
3334 2576 3396 2631 τὸ
3423 2575 3608 2648 Θαῦμα
3627 2572 3804 2627 ποιοῦν-

2279 2686 2389 2735 τος,
2423 2664 2519 2722 νῦ’ν
2549 2666 2714 2723 easta
2747 2671 2857 2723 τῶν
2886 2671 2983 2740 τῆς
3021 2667 3348 2739 Ἐκκλησίας
3380 2667 3683 2737 ὑπηρετῶν,
3710 2659 3806 2717 τοῦ·
3861 2677 3865 2682 ·

2278 2778 2339 2813 το
2367 2761 2499 2814 αὑτὸ
2521 2762 2744 2828 ἀφανῶς
2773 2763 3127 2830 πράττοντος,
3155 2761 3247 2813 καὶ
3273 2757 3554 2827 πανταχοῦ
3582 2755 3804 2823 παρόντος

2281 2852 2397 2922 θείᾳ
2427 2853 2679 2922 δυνάμει,
2713 2855 2807 2905 καὶ
2834 2853 3019 2906 ’πάντα
3065 2850 3420 2921 πληροῦντες.
3460 2847 3534 2900 Τὸ
3564 2846 3616 2899 δὲ
3644 2842 3827 2898 ἀποτί-⁴

2279 2939 2455 3013 λεσμα
2489 2945 2586 3013 τῆς
2619 2945 2928 3013 ἐνεργείας,
2950 2944 2983 3011 ἡ
3011 2941 3282 3012 μεταϐολὴ
3313 2939 3407 2992 τοῦ
3439 2939 3605 3010 ἄρτου
3634 2931 3807 2990 καὶτοῦ

596 3040 828 3094 mutatio
867 3042 1025 3110 panis
1054 3053 1107 3098 et
1139 3043 1247 3096 viui
1280 3044 1334 3098 in
1359 3022 1557 3100 verum
1610 3047 1817 3102 Christi
1874 3063 2075 3119 corpus
2122 3059 2176 3105 et

2280 3037 2425 3089 οἴνου
2463 3037 2598 3105 πρὸς
2628 3035 2687 3088 τὸ
2730 3035 2925 3105 ἀληθὲς
2959 3032 3054 3087 τοῦ
3090 3029 3332 3101 Χριστοῦ
3363 3027 3525 3100 σῶμα
3562 3026 3652 3083 καὶ
3676 3022 3806 3096 αἷμα,

597 3129 948 3200 sanguinem,
983 3141 1038 3187 et
1066 3140 1198 3187 tunc
1233 3133 1356 3198 fuit,
1392 3142 1445 3188 et
1472 3151 1617 3189 nunc
1650 3135 1815 3191 etiam
1863 3145 1966 3193 est.

667 3222 786 3279 Hoc
835 3222 1088 3281 Ecclesia
1136 3225 1346 3282 Christi
1394 3227 1656 3297 praedicat
1704 3246 1718 3282 :
1761 3229 1864 3284 hoc
1897 3231 2179 3287 miraculis

595 3335 744 3391 saepe
777 3322 1166 3378 conﬁrmatum
1210 3331 1296 3379 est
1331 3339 1460 3393 erga
1495 3324 1835 3398 incredulos,
1871 3334 1929 3380 ut
1952 3325 2064 3395 jam
2098 3328 2180 3382 di-

595 3416 802 3481 ximus,
835 3426 1074 3485 quorum
1102 3417 1273 3486 aliqui
1307 3417 1567 3471 viderunt
1599 3417 1652 3472 in
1683 3433 1843 3473 sacro
1880 3433 2004 3475 vase
2037 3418 2182 3474 inte-

598 3522 756 3578 grum
794 3518 845 3562 et
877 3508 1143 3563 viventem
1182 3509 1475 3564 Dominum
1535 3521 1813 3578 nostrum,
1851 3518 1906 3566 et
1960 3511 2180 3566 attoniti

597 3599 972 3655 crediderunt.
1010 3601 1118 3656 Alii
1144 3602 1500 3656 temerariam
1530 3604 1864 3658 sacramenti
1893 3580 2183 3674 experien-

599 3693 735 3746 tiam
765 3692 1058 3758 facientes,
1094 3710 1218 3748 cum
1259 3695 1438 3748 anima
1476 3695 1643 3749 vitam
1693 3711 1914 3766 quoque
1947 3697 2180 3751 violenta

600 3793 778 3838 morte
806 3784 1136 3840 amiserunt.
1183 3785 1434 3839 Eﬁicacia
1481 3785 1649 3851 igitur
1684 3787 1864 3840 omnis
1896 3786 2058 3854 hujus
2093 3801 2184 3841 sa-

598 3877 894 3938 cramenti,
928 3883 982 3929 et
1025 3891 1136 3945 prae
1165 3877 1395 3946 reliquis
1431 3879 1796 3932 sacramentis
1829 3880 2177 3946 excellentia,

598 3967 763 4022 exiis
796 3983 917 4038 qua:
962 3968 1106 4021 dicta
1164 3979 1295 4023 sunt
1351 3969 1584 4023 eﬁicitur
1626 3980 1680 4023 et
1728 3971 2179 4025 demonstratur:

598 4077 723 4130 qua?
757 4077 881 4114 cum
928 4062 1084 4116 multi
1143 4062 1397 4116 homines
1444 4063 1722 4130 ignorent,
1770 4063 2039 4138 minorem
2093 4062 2180 4116 id-

599 4159 751 4209 circo
779 4169 940 4222 quam
978 4168 1076 4223 par
1102 4163 1250 4209 esset
1284 4154 1330 4206 ei
1359 4155 1722 4209 reverentiam
1763 4157 2108 4223 impendunt,
2130 4164 2182 4208 et

601 4259 725 4302 ante
749 4249 1224 4312 communionem,
1245 4257 1297 4300 ct
1324 4249 1373 4300 in
1404 4249 1519 4317 ipsa
1549 4249 1955 4311 cimununioue,
1981 4258 2031 4301 et
2059 4254 2182 4317 post

602 4322 1095 4405 cmmnunioucm,
1133 4343 1188 4394 in
1254 4357 1366 4410 quo
1417 4359 1444 4394 a
1511 4341 1894 4397 sacerdotibus
1917 4349 1968 4393 cl
2024 4340 2180 4395 laieis

2282 3135 2375 3186 καὶ
2405 3135 2524 3186 τότε
2563 3128 2652 3203 ἦν,
2685 3133 2780 3185 καὶ
2819 3131 2912 3184 νῦν
2937 3132 3075 3185 ἔστι.
3117 3165 3120 3169 -

2355 3226 2526 3278 Τοῦτο
2558 3222 2712 3294 η’τοῦ
2751 3222 2987 3294 Χριστοῦ
3034 3219 3334 3292 Ἐκκλησία
3357 3219 3617 3291 κηρύττει
3638 3234 3651 3248 ο
3684 3213 3810 3268 τοῦτο

2291 3318 2616 3378 Θαυμασίοις
2652 3315 2914 3374 πολλάκις
2954 3313 3264 3384 ἐϐεϐαιώθη
3300 3312 3436 3382 πρὸς
3496 3312 3616 3372 τοὺς
3659 3307 3806 3359 Stam-

2284 3410 2566 3470 στοῦντας,
2591 3410 2666 3472 ὡς
2692 3408 2954 3477 πρότερον
2979 3406 3228 3476 εἴπομεν,
3250 3405 3345 3458 καὶ
3371 3399 3514 3455 εἶδον
3541 3403 3594 3454 ὲν
3616 3397 3683 3468 τῷ
3704 3394 3810 3464 ίερῷ

2285 3502 2469 3555 σκεύει
2519 3501 2813 3570 ὁλόκληρον
2883 3497 2974 3552 τὸν
3025 3495 3231 3569 Κύριον
3299 3494 3460 3566 ἡμῶν
3506 3494 3692 3583 ζῶντα,
3737 3487 3811 3583 καί

2283 3589 2719 3644 πεπιστεύκασιν
2751 3588 3143 3656 ἐκπλαγέντες.
3176 3585 3362 3638 Ἀλλοι
3396 3580 3694 3652 πειρασμὸν
3733 3580 3810 3627 τοῦ

2286 3676 2590 3752 μυστηρίου
2629 3679 2958 3748 ποιήσαντες
3015 3675 3314 3754 τολμηρὸν,
3370 3673 3509 3744 μετὰ
3545 3671 3639 3737 τῆς
3667 3666 3813 3736 ψυχῆς

2283 3777 2379 3828 καὶ
2407 3773 2504 3844 τὴν
2537 3774 2683 3842 ζωὴν
2744 3770 2933 3839 βιαίως
2965 3761 3277 3822 ἀπώλεσανξ
3317 3765 3431 3833 καὶ
3461 3759 3813 3833 δραστηριότης

2285 3868 2434 3920 πᾶσα
2459 3865 2550 3918 τοῦ
2590 3864 2893 3932 μυστηρίου
2934 3860 3151 3922 τούτου,
3180 3858 3276 3911 καὶ
3327 3857 3462 3927 πρὸς
3488 3855 3553 3907 τὰ
3583 3851 3705 3906 ἄλλα
3727 3848 3814 3900 τῶν

2291 3957 2606 4027 μυστηρίων
2655 3952 2897 4024 ὑπεροχὴ
2952 3949 3206 4005 ἐντεῦθέν
3257 3951 3373 4001 ἐστι
3407 3945 3510 3999 καὶ⁵
3552 3943 3813 4000 δείκνυται,

2287 4055 2378 4104 καὶ
2424 4051 2474 4103 ot
2504 4048 2690 4103 πολλοὶ
2723 4046 2831 4100 τῶν
2860 4044 3173 4114 ,ἀνθρώπων
3225 4040 3566 4108 ἀγνοοῦντες,
3602 4030 3815 4086 ἐντεῦθεν

2285 4146 2378 4198 καὶ
2414 4142 2640 4201 ἔλαττον
2687 4141 2787 4208 τῆς
2817 4135 3177 4207 ὀφειλομένης
3207 4131 3492 4193 εὐλαϐείας
3521 4127 3797 4192 ἀπονέμουδ

2286 4238 2378 4292 καὶ
2446 4235 2552 4307 πρὸ
2586 4234 2686 4304 τῆς
2734 4229 3116 4310 μεταλήψεως,
3149 4227 3242 4278 καὶ
3292 4225 3350 4300 ὲν
3397 4222 3530 4292 αὐτῇ
3565 4220 3627 4288 τῇ
3675 4229 3815 4310 μεια-

2283 4333 2463 4404 λήψει,
2495 4315 2589 4385 ita).
2618 4328 2757 4398 μετά
2782 4327 2880 4397 τὴν
2907 4307 3234 4394 μετάληψιν,
3255 4313 3540 4389 ίερὼμενοί
3560 4330 3614 4364 τε
3648 4307 3816 4404 epeia)";

602 4451 756 4504 :cquc
812 4445 1086 4504 peccatur.
1121 4435 1224 4489 Vos
1258 4445 1440 4488 autem
1500 4450 1715 4500 semper
1754 4449 1884 4500 erga
1916 4448 2175 4502 maguum

2413 4395 2629 4478 λαῖκοί.-
2659 4395 2848 4489 Ὑμεῖς
2877 4417 2934 4470 δὲ
2969 4417 3056 4469 ἀεὶ
3089 4413 3187 4483 μὲν
3215 4398 3749 4504 εὐλαὸεἰςξσταπερὶ

605 4528 747 4580 istud
773 4536 824 4580 ct
857 4529 1185 4596 stupendum
1216 4528 1535 4595 mysterium
1563 4525 1796 4619 religiosi
1835 4529 2041 4578 estote:
2070 4536 2180 4578 tum

606 4635 734 4672 vero
763 4620 1021 4688 deinceps
1061 4634 1157 4686 pro
1197 4621 1357 4672 nobis
1393 4630 1545 4672 orate
1581 4617 1899 4687 impensius,
1939 4625 1995 4668 ut
2019 4617 2183 4685 picta-

605 4721 710 4765 tcm
747 4728 866 4779 qua:
898 4712 951 4764 in
992 4712 1145 4765 vobis
1200 4723 1552 4780 augmentum
1617 4709 1817 4776 capiet,
1879 4709 2178 4765 imitemur.

2299 4519 2441 4587 μέγα
2474 4514 2632 4568 τοῦτο
2657 4513 2750 4564 καὶ
2784 4509 2988 4581 ξενίζον
3025 4505 3322 4575 μυστήριον
3349 4514 3363 4528 ⁸
3407 4498 3512 4552 ἀπὸ
3543 4493 3631 4548 τοῦ
3669 4507 3749 4541 νυν
3773 4485 3817 4536 δὲ

2239 4629 2245 4637 ·
2287 4585 2380 4660 διαὶ
2411 4608 2568 4676 ἡμῶν
2597 4601 2967 4674 ύπερεύχεσοε
2997 4595 3284 4667 μιμεῖσθαι
3313 4591 3411 4662 τὴν
3444 4591 3498 4641 ἐν
3528 4585 3649 4656 ὑμῖν
3688 4596 3815 4648 γενη-

2290 4703 2527 4772 σουςιένην
2565 4695 2886 4765 προσθήκην
2926 4692 3024 4760 τῆς
3055 4684 3369 4754 εύλαὸείας.
