3966 6328
668 288 775 349 383

1772 295 2141 356 GENNADII
2180 297 2231 357 Ci

2332 300 2832 363 PATRIARClI.E
3312 336 3322 342 -
3782 308 3865 371 38l

670 408 1033 472 patrocinium
1077 420 1264 462 contra
1302 421 1547 465 sanctam
1587 415 1852 484 synodum
1913 416 2222 485 reliquisse.

2332 419 2403 481 ὡς
2459 423 2715 491 Γεωργίῳ
2747 424 2853 474 τιυὶ
2904 421 3186 491 Σχολαρίῳ
3237 421 3342 476 τῶν
3390 423 3517 493 τῇδε
3575 423 3871 494 ἀπαίρωνό

667 496 759 552 lile
795 489 943 563 vero,
983 510 1040 554 ut
1075 502 1273 555 dictum
1305 512 1406 570 est,
1454 503 1652 558 librum
1685 505 1752 560 de
1791 509 1969 562 sancti
1997 509 2228 578 Spiritus

669 593 1024 662 processione
1061 595 1112 646 in
1147 593 1314 646 multa
1343 594 1517 663 capita
1545 593 1781 649 divisum
1805 597 2225 661 consarcinavit,

667 693 812 737 totus
847 683 913 736 ad
948 682 1108 735 Marci
1142 682 1475 736 voluntatem
1521 694 1575 739 et
1607 701 1829 740 sensum
1865 700 1984 740 sese
2009 687 2228 740 confor-

668 789 844 828 mans.
876 774 1042 828 Porro
1066 785 1242 827 autem
1278 773 1415 827 inter
1440 773 1604 829 hosce
1654 773 1791 853 duos
1823 775 2082 846 Georgios
2115 776 2230 846 plu-

670 869 867 919 rimum
909 864 1124 918 differre
1171 863 1670 921 manifestissimum
1717 875 1820 921 est.
1873 866 2021 921 Alter
2058 867 2226 931 enim,

667 958 795 1011 dum
825 957 1136 1011 Florentius
1185 958 1424 1026 synodus
1473 956 1864 1023 celebraretur,
1913 967 1966 1013 et
1999 957 2141 1013 dixit
2176 969 2230 1011 et

668 1049 887 1116 scripsit
929 1064 1032 1100 non
1078 1063 1247 1116 pauca
1306 1058 1417 1100 tum
1469 1057 1716 1117 rogatus,
1756 1058 1868 1103 tum
1927 1048 2088 1102 ctiam
2121 1063 2225 1127 non

671 1149 915 1207 rogatus.
960 1138 1275 1192 Scliolarius
1309 1153 1439 1192 vero
1469 1138 1755 1194 familiaris
1783 1140 1945 1195 Marci
1980 1140 2228 1195 scribens

674 1239 792 1296 post
841 1231 1130 1297 synodum,
1160 1229 1214 1284 in
1259 1233 1345 1285 sui
1394 1232 1574 1300 operis
1600 1232 1864 1314 proremio
1912 1230 2132 1294 fatetur,
2171 1247 2229 1290 se

669 1331 781 1374 tum
815 1312 1031 1374 demum
1067 1321 1300 1391 abjicere
1328 1324 1626 1388 silentium,
1669 1312 1886 1394 quando
1941 1324 2226 1390 maturior,

667 1410 864 1477 inquit,
915 1419 971 1463 et
1023 1410 1356 1492 fructuosior:
1378 1413 1557 1466 futura
1601 1423 1748 1469 esset
1798 1413 1917 1482 ejus
1961 1414 2227 1470 sententia

667 1509 856 1552 contra
901 1510 1144 1552 sanctam
1187 1502 1480 1556 nnionem.
1529 1504 1606 1558 Ad
1635 1505 1840 1561 calcem
1885 1521 2104 1577 quoque
2132 1508 2222 1564 sui

667 1592 786 1643 libri
824 1591 985 1645 verba
1010 1591 1124 1646 haec
1157 1591 1355 1647 habet:
1417 1592 1678 1662 Meipsum
1706 1612 1816 1665 prae
1851 1598 2108 1654 omnibus
2135 1615 2229 1655 ac-

664 1697 818 1744 cuso,
842 1692 894 1736 et
927 1683 1079 1757 lugeo
1108 1692 1370 1752 praeterea
1402 1701 1504 1741 nos
1528 1701 1742 1753 omnes,
1772 1699 2038 1760 quotquot
2062 1691 2229 1747 rebus

667 1774 772 1827 illis
804 1783 999 1842 sponte
1033 1783 1124 1828 aut
1159 1774 1232 1838 vi,
1284 1775 1337 1829 in
1377 1784 1550 1831 totum
1579 1778 1662 1834 vel
1696 1793 1761 1833 ex
1794 1788 1944 1847 parte
1973 1781 2227 1836 interfui-
2253 1764 2302 1823 Β

669 1876 788 1914 nius
815 1881 827 1927 ;
866 1866 958 1931 qui
989 1878 1111 1918 cum
1149 1864 1297 1934 loqui
1329 1880 1632 1933 possemus,
1669 1869 1982 1925 tacebamus
2014 1878 2224 1938 tamen,

665 1964 718 2008 et
766 1963 910 2007 metu
943 1969 1250 2010 sermonem
1299 1957 1747 2026 reprimebamus.
1789 1957 2069 2027 Quomodo
2096 1977 2228 2032 ergo

667 2044 735 2106 is,
771 2043 860 2110 qui
893 2045 1080 2109 tacuit,
1105 2054 1158 2099 et
1181 2054 1329 2100 metu
1365 2061 1670 2102 sermonem
1708 2052 1993 2121 repressit,
2022 2053 2230 2124 quique

670 2133 835 2186 multa
874 2132 1034 2198 dixit,
1072 2134 1140 2189 ‘et
1183 2135 1470 2192 liberrime
1491 2137 1706 2194 locutus
1745 2149 1851 2207 est,
1885 2154 2229 2215 unusatque

667 2223 810 2279 idem
841 2226 986 2280 erit?
1019 2225 1192 2292 Adde,
1224 2228 1270 2282 si
1302 2243 1442 2285 unus
1466 2229 1554 2284 hic
1575 2238 1656 2285 est
1680 2229 1967 2303 Georgius,
2006 2235 2101 2304 qui
2137 2250 2228 2292 ce-

667 2318 861 2371 cinerit
887 2317 1241 2386 palinodiam,
1283 2336 1383 2376 cur
1415 2335 1484 2377 eo
1523 2320 1579 2377 in
1609 2321 1765 2389 libro,
1797 2340 1961 2399 quem
2001 2317 2227 2398 compo-

671 2410 802 2472 suit,
855 2414 1004 2477 prius
1048 2425 1079 2464 a
1135 2427 1195 2467 se
1239 2411 1384 2467 dicta
1417 2428 1526 2468 non
1584 2417 1886 2472 retractat?
1929 2433 2028 2474 nec
2057 2421 2226 2475 ullum

669 2499 804 2556 facit
841 2501 1060 2556 verbum
1093 2503 1162 2559 de
1199 2504 1472 2573 prioribus
1506 2509 1725 2575 erratis,
1770 2524 1872 2565 nec
1917 2512 2082 2567 solvit
2114 2513 2227 2570 for-

673 2595 914 2649 tissimas
949 2595 1069 2651 illas
1111 2597 1371 2669 rationes,
1418 2613 1514 2668 per
1558 2615 1696 2669 quas
1740 2602 1806 2656 ad
1844 2599 2098 2661 unionem
2127 2607 2226 2662 ad-
2297 2623 2303 2629 '

673 2687 921 2742 hortatus
965 2695 1054 2742 est
1106 2677 1351 2756 Grecos,
1406 2689 1683 2748 laudando
1723 2689 1971 2762 Latinos,
2022 2707 2077 2754 et
2113 2700 2230 2755 cla-

672 2779 892 2842 mando,
925 2778 1059 2833 nihil
1083 2779 1136 2833 in
1172 2779 1275 2833 fide
1295 2781 1362 2836 ab
1388 2780 1456 2838 iis
1487 2785 1743 2852 peccari?
1771 2801 1892 2840 nam
1920 2803 2042 2858 qua:
2070 2800 2229 2846 antea

672 2869 877 2938 scripta
909 2869 1176 2936 leguntur,
1216 2881 1271 2926 et
1292 2887 1413 2943 quae
1443 2882 1630 2943 postea
1663 2875 1800 2932 liber
1840 2877 1930 2933 ille
1957 2881 2226 2949 continet,

673 2977 882 3015 summe
913 2965 1159 3031 Opposita
1197 2973 1348 3029 sunt,
1379 2975 1431 3022 et
1459 2970 1695 3025 maxime
1717 2970 1858 3027 inter
1884 2987 1944 3028 se
1964 2984 2228 3045 pugnant.

673 3049 753 3102 Ad
806 3049 920 3105 hac
949 3050 1265 3107 Scholarius
1295 3052 1475 3110 Marco
1511 3055 1760 3118 addictus
1789 3062 1857 3116 de
1887 3076 1948 3118 se
1975 3064 2093 3133 ipso
2127 3065 2223 3134 ait,

674 3141 872 3195 multos
921 3143 985 3195 ad
1035 3143 1185 3197 illum
1221 3144 1363 3200 diem
1411 3148 1722 3218 ignorasse,
1767 3168 1834 3206 an
1886 3157 2226 3213 contrarium

672 3228 788 3296 ipse
832 3232 1082 3296 sentiret,
1131 3244 1404 3299 errantes,
1443 3237 1642 3308 inquit,
1681 3249 1794 3297 tum
1831 3246 1973 3314 quod
2005 3247 2125 3317 ipso
2153 3249 2232 3306 si-

673 3320 903 3375 lentium
933 3333 1235 3392 opportune
1266 3338 1562 3393 servasset,
1593 3338 1707 3387 tum
1757 3337 1904 3404 quod
1934 3353 2110 3409 prave
2145 3331 2228 3396 in-

674 3420 1102 3479 terpretarentur
1135 3417 1454 3485 prudentem
1479 3422 1596 3492 ejus
1629 3423 2145 3496 dissimulationem,
2177 3444 2232 3488 et

672 3502 920 3557 nonnihil
964 3507 1127 3559 etiam
1172 3508 1662 3570 calumniarentur.
1714 3515 2102 3587 Quamobrem,
2145 3523 2231 3578 in-

678 3593 816 3660 quit,
858 3608 995 3663 opus
1033 3595 1136 3648 fuit
1172 3596 1374 3652 librum
1404 3603 1550 3656 hunc
1576 3607 1925 3664 conscribere
1953 3611 2020 3665 ad
2053 3613 2233 3668 corri-

675 3683 881 3751 gendos
914 3684 1035 3738 illos
1061 3701 1293 3752 quorum
1323 3691 1473 3746 salus
1519 3691 1801 3762 desperata
1847 3715 1952 3756 non
1983 3711 2150 3768 esset,
2179 3715 2232 3759 et

676 3773 881 3829 multos
905 3775 1243 3834 dubitatione
1271 3779 1601 3852 liberandos,
1638 3795 1693 3841 et
1719 3792 2116 3859 propulsandas
2142 3811 2233 3851 ca-

673 3864 928 3928 lumnias,
962 3868 1007 3921 si
1041 3884 1192 3923 suam
1239 3870 1354 3941 ipse
1382 3877 1706 3938 sententiam
1746 3891 1930 3937 notam
1980 3889 2234 3945 omnibus

671 3954 889 4011 faceret.
917 3956 1038 4012 llmc
1065 3959 1117 4013 in
1151 3971 1397 4018 nostrum
1425 3964 1768 4025 Scbolarium
1798 3977 2071 4042 quomodo
2098 3996 2232 4048 qua-
2320 3979 2322 3982 ’

670 4049 831 4102 drare
855 4059 1100 4117 possunt,
1135 4054 1290 4123 cujus
1321 4058 1589 4113 sententia
1617 4060 1719 4117 fuit
1749 4066 2002 4124 omnibus
2031 4070 2098 4126 sb
2127 4073 2231 4129 ini-

675 4140 750 4192 tio
785 4140 1108 4195 notissima?
1139 4137 1274 4198 Cum
1304 4147 1449 4200 enim
1490 4161 1708 4217 rogatus
1731 4159 1968 4213 essetab
2004 4160 2229 4232 impera-

675 4241 810 4293 torc,
847 4231 898 4283 in
938 4236 1205 4298 prommio
1239 4237 1324 4290 sui
1379 4241 1675 4331 sermonis,
1732 4231 2114 4318 lnvictissime,
2149 4256 2233 4311 in-

672 4319 789 4387 quit
810 4320 908 4389 (ι),
939 4322 1253 4392 imperator,
1285 4327 1337 4380 in
1369 4319 1476 4398 qua
1503 4346 1600 4402 ego
1633 4335 1854 4402 fuerim,
1877 4351 1930 4395 et
1964 4359 2106 4401 nunc
2130 4349 2231 4404 sim

2336 513 2558 581 Μάρκος
2581 515 2995 594 παρακατέθετο.
3015 518 3108 582 τῆς
3130 515 3333 576 οἰκείας
3355 513 3509 584 δόξης
3537 516 3636 583 τὴν
3660 532 3874 584 προστα-

2338 607 2455 660 σίαν
2480 608 2622 660 κατὰ
2648 611 2743 678 τῆς
2774 609 2924 679 ἱερᾶς
2951 606 3201 661 συνόδου..
3233 607 3324 677 ’0,
3346 606 3403 661 δὲ
3437 605 3662 676 βιϐλίον,
3719 613 3788 672 ὡς
3812 611 3871 662 είς

2336 701 2551 764 πάντες·
2580 699 2844 771 ἔφθημεν,
2893 700 3219 775 συγγράψας
3270 691 3398 772 περὶ
3447 703 3545 766 τῆς
3601 701 3695 755 τοῦ
3739 703 3870 769 ἁγίου

2337 788 2648 857 Πνεύματος
2669 789 3066 860 ὲκπορεύσεως,
3085 786 3301 839 πολλῶν
3317 787 3630 856 κεφαλαίων
3645 787 3873 855 διαστολῇ

2336 881 2563 934 πλείστα
2598 880 3003 950 ἐρραψῴδησεν,
3030 879 3149 939 ὅλος
3171 878 3345 946 δήπου
3386 879 3497 940 τοῖς
3539 876 3631 930 τοῦ
3664 876 3873 944 Μάρκου

2340 975 2643 1042 βουλήμασι
2699 972 3080 1042 χαριζόμενος.
3118 968 3242 1023 Ὀτι
3277 969 3334 1022 δὲ
3383 968 3490 1021 τῶν
3548 969 3640 1022 δύο
3692 967 3874 1019 τούτων

2336 1066 2624 1134 Γεωργίων
2677 1063 2934 1134 πάμπολυ
2964 1063 3024 1114 τὸ
3069 1061 3345 1140 διάφορον,
3388 1059 3614 1113 αὐτόθεν
3640 1058 3793 1125 δῆλον
3817 1060 3874 1108 ·ὁ

2343 1157 2440 1224 μὲν
2468 1158 2577 1227 γὰρ
2606 1155 3080 1226 συγκροτουμὲνης
3107 1152 3208 1220 τῆς
3239 1153 3297 1205 ἐν
3328 1151 3638 1221 Φλωρεντίᾳ
3671 1150 3872 1201 συνόδου

2335 1247 2505 1301 πολλὰ
2531 1250 2623 1302 καὶ
2648 1245 2768 1301 εἷπε
2804 1247 2901 1300 καὶ
2946 1245 3157 1316 ἔγραψε
3194 1249 3328 1316 πρὸς
3375 1244 3471 1312 τὴν
3501 1243 3720 1304 ἕνωσιν,
3753 1243 3870 1306 ὲρω-

2334 1341 2518 1410 τηθείς
2543 1359 2602 1396 τε
2634 1343 2727 1395 καὶ
2755 1341 2830 1412 μὴ
2865 1339 3180 1410 ἐρωτηθείς·
3205 1341 3233 1392 ό
3262 1338 3317 1390 δὲ
3344 1337 3435 1389 τοῦ
3465 1336 3694 1403 Μάκρου
3739 1329 3869 1397 φίλος

2334 1435 2561 1504 γράφων
2594 1432 2728 1502 μετὰ
2780 1432 2878 1501 τὴν
2909 1431 3212 1500 σύνοδονγὲν
3241 1428 3314 1498 τῷ
3371 1424 3636 1494 προοιμίῳ
3686 1422 3780 1475 τοῦ
3809 1423 3870 1470 οξ-

2336 1528 2485 1580 κείου
2527 1523 2985 1597 συγγράμματος,
3016 1523 3166 1576 λύειν
3197 1520 3331 1590 φησὶ
3363 1519 3482 1572 τότε
3513 1516 3612 1585 τὴν
3659 1514 3873 1579 σιωπὴν,

2334 1618 2423 1671 ὅτε
2448 1616 2673 1686 ἔμελλεν
2696 1616 3028 1686 ὼριμωτέρα
3089 1614 3183 1667 καὶ
3212 1609 3605 1680 ὠφελιμωτέρα
3633 1603 3873 1672 γενέσθαι

2334 1714 2366 1781 ὴ
2395 1709 2557 1764 αὐτοῦ
2587 1709 2780 1779 γνώμη
2803 1710 2952 1762 ,κατὰ
2976 1706 3266 1776 τῆςεθείας
3306 1703 3572 1763 ὲνὼσεως.
3605 1700 3719 1752 Καὶ
3760 1697 3874 1796 πρὸς

2328 1802 2404 1870 τῷ
2443 1801 2587 1854 τέλει
2616 1801 2708 1854 τοῦ
2737 1799 2946 1871 βιϐλίου
2975 1800 3164 1860 α’ὑταῖς
3192 1796 3368 1862 λέξεσι
3398 1792 3603 1863 φησίνο,
3627 1792 3874 1860 Ἐμαυτοῡ

2326 1892 2381 1946 δὲ
2411 1892 2516 1963 πρὸ
2546 1892 2767 1946 πάντων
2815 1889 3133 1963 κατηγορῶ,
3192 1890 3288 1942 καὶ
3333 1886 3475 1956 ὑπὲρ
3513 1884 3668 1955 ἡμῶν
3719 1882 3877 1935 αὐτῶν

2327 1982 2529 2054 Θρηνῶ,
2558 1984 2673 2039 ὅσοι
2695 1985 2808 2046 τοῖς
2838 1982 3159 2053 πράγμασιν
3183 1981 3413 2043 ἐκείνοις
3433 1968 3654 2039 ἐκόνὲες
3678 1976 3712 2044 ἢ
3738 1977 3877 2029 ἄκον-

2324 2093 2438 2139 τες,
2475 2075 2569 2129 καὶ
2600 2075 2632 2147 ἢ
2659 2073 2916 2142 καθάπαξ
2940 2073 2972 2145 ἢ
3009 2076 3072 2135 ὲκ
3107 2072 3308 2143 μέρους
3336 2071 3481 2133 τινὸς
3501 2068 3874 2139 ἑνεσχέθημεν,

2326 2167 2361 2237 ἢ
2389 2166 2675 2236 δυνάμενοι
2696 2167 2902 2234 λαλεῖν,
2924 2167 3074 2236 ὅμως
3105 2164 3384 2233 ὲσιγῶμεν
3413 2161 3874 2230 ὓποστελλόμενοι.

2329 2258 2456 2322 Πῶς
2479 2258 2571 2312 οὖν
2587 2259 2616 2313 ὃ
2633 2275 2695 2312 τε
2714 2259 2947 2329 σιγήσας
2966 2259 3058 2312 καὶ
3081 2256 3558 2326 ὑποστειλάμενος,
3579 2257 3676 2308 καὶ
3699 2255 3726 2306 δ
3747 2252 3881 2305 πλεῖ-

2335 2367 2435 2404 στα
2458 2350 2633 2405 εἰπὼν
2676 2351 2788 2405 οιαὶ⁴
2825 2352 2992 2421 μηδὲν
3049 2347 3534 2418 ὑποστειλάμενος,
3583 2343 3665 2409 εἷς
3698 2345 3762 2399 ἂν
3803 2346 3877 2411 εἴη

2329 2441 2639 2513 Γεώργιοςς
2679 2443 2804 2517 Ἔτι
2830 2441 2988 2512 εἴπερ
3018 2442 3045 2495 ό
3074 2440 3234 2504 αὐτός
3257 2439 3375 2492 ἔστι
3402 2437 3680 2508 Γεώργιος
3704 2435 3878 2488 παλιν-

2328 2535 2492 2606 ῳδίαν
2521 2533 2679 2606 ᾅσας,
2707 2534 2825 2597 πῶς
2854 2536 2911 2589 ιν
2948 2525 2992 2602 ᾧ
3024 2531 3325 2603 συνέγραψε
3361 2529 3557 2598 βιϐλίῳ
3597 2529 3702 2581 οὐκ
3730 2530 3881 2580 επαν-

2329 2625 2581 2696 ορθοῦται
2607 2624 2768 2698 δῆθεν
2790 2627 2860 2681 τά
2883 2641 2898 2648 '
2920 2625 3184 2697 πρότερον
3240 2620 3554 2693 ἐσφαλμινα
3577 2638 3594 2688 ;
3642 2620 3882 2690 οὐδεμίαν

2329 2717 2467 2782 ὅλως
2493 2719 2730 2773 ποιεῖται
2778 2717 2970 2785 μνείαν
2999 2716 3107 2769 τῶν
3139 2714 3335 2785 πρώην
3383 2712 3530 2783 αὐτῷ
3578 2711 3911 2783 γεγραμμέ-’

2331 2825 2437 2862 νων
2456 2824 2474 2874 ;
2499 2808 2592 2862 καὶ
2618 2809 2678 2862 οὐ
2697 2807 2816 2863 λύει
2845 2809 2971 2872 τοὺς
2990 2806 3195 2875 δεινοὺς
3224 2803 3472 2868 ἐκείνους
3491 2803 3708 2872 λόγους,
3730 2803 3798 2856 δι’
3818 2791 3883 2855 ὧν

2332 2902 2632 2972 παρεκάλει
2662 2901 2786 2964 τοὺς
2811 2899 3083 2969 Γραικοὺς
3110 2898 3245 2968 πρὸς
3277 2898 3374 2965 τὴν
3408 2896 3628 2963 ινωσιν,
3659 2894 3883 2948 ἐπαινῶν

2331 2991 2457 3056 τοὺς
2488 2991 2773 3056 Λατίνους,
2805 2993 2900 3045 καὶ
2933 2990 3098 3061 μηδὲν
3135 2989 3332 3051 αὐτοὺς
3364 2987 3703 3058 ἁμαρτάνειν
3731 2988 3788 3040 ἐν
3823 2988 3881 3055 τῇ

2337 3082 2518 3136 πίστει
2545 3081 2720 3153 βοῶν-ς
2759 3080 2953 3135 Καίτοι
2997 3081 3062 3134 ὲκ
3104 3079 3395 3150 διαμέτρου
3444 3079 3752 3133 ἀντίκειται
3782 3080 3885 3132 ars

2337 3173 2603 3244 πρότερον
2625 3172 2959 3242 γέγραπται,
3005 3170 3102 3224 καὶ
3139 3169 3175 3225 ἃ
3207 3171 3346 3240 μετὰ
3375 3168 3546 3224 ταῦτα
3579 3171 3807 3240 φέρεται
3834 3170 3885 3219 ἐν

2330 3264 2408 3333 τῷ
2459 3261 2651 3333 βισλίῳ
2691 3262 2834 3316 κατὰ
2868 3264 2964 3331 τῆς
2995 3259 3235 3314 συνόδου.
3295 3259 3438 3330 Πρὸς
3491 3258 3708 3323 τούτοις
3740 3262 3769 3313 ό
3794 3257 3882 3311 τοῦ

2331 3355 2559 3425 Μάρκου
2589 3354 2740 3422 φίλος
2764 3353 2892 3422 περὶ
2920 3352 3114 3406 ἑαυτοῦ
3166 3368 3319 3421 φησι,
3345 3353 3472 3414 τοὺς
3521 3351 3755 3414 πολλοὺς
3801 3352 3884 3422 μὲ-

2331 3462 2425 3516 χρι
2473 3445 2593 3499 τότε
2647 3443 3040 3512 ἀμφιγνοῆσαι,
3107 3440 3182 3504 ὡς
3243 3441 3504 3494 τάναντία
3557 3440 3888 3526 δοξάζοντος,

2333 3538 2722 3608 πλανωμένους
2749 3528 2879 3590 ποτε
2906 3536 3005 3606 μὲν
3032 3535 3136 3589 ὑπὸ
3169 3534 3268 3604 τῆς
3291 3535 3485 3604 καιρὸν
3514 3536 3751 3605 ἐχούσης
3776 3553 3891 3588 σιω-

2283 3667 2298 3686 ι
2333 3629 2462 3698 πῆς,
2482 3627 2608 3681 ποτε
2623 3627 2678 3679 δὲ
2695 3626 2790 3698 τὴν
2812 3628 2869 3680 ἐν
2897 3626 3115 3698 λόγοιςῆ
3135 3626 3452 3696 πράγμασιν
3470 3629 3786 3697 οἰκονομίαν
3807 3629 3892 3681 σί.-

2331 3718 2426 3774 τοῦ
2477 3717 3009 3791 παρερμηνεύοντας,
3026 3719 3141 3772 ἔστι
3159 3721 3214 3775 δὲ
3230 3717 3267 3773 ά
3296 3720 3392 3775 καὶ
3407 3722 3891 3790 συκοφαντοῦντας.

2338 3812 2486 3864 Ἔδει
2509 3807 2624 3876 οὖν,
2657 3812 2810 3879 φησι,
2842 3811 2927 3865 διὰ
2957 3810 3127 3865 ταῦτα
3150 3812 3309 3878 λόγον
3332 3814 3731 3884 συγγράψαντα
3757 3815 3895 3885 διορ-

2333 3902 2610 3957 θώσασθαι
2637 3903 2736 3972 μὲν
2755 3899 2933 3958 αὒτῶν
2955 3906 3082 3968 τοὺς
3111 3903 3187 3975 μὴ
3212 3904 3467 3974 καθάπαξ
3488 3907 3728 3972 ἀνιάτως
3752 3911 3894 3981 ἕχον-

2333 4011 2453 4060 τας,
2483 3993 2626 4047 ὥστε
2670 3994 3000 4064 ἀμφιϐολίας
3039 3996 3168 4073 περ).
3198 3996 3363 4050 αὐτοῦ
3409 3996 3504 4052 καὶ
3535 4002 3897 4068 συκοφαντίας

2336 4087 2542 4140 παῦσαι
2570 4085 2814 4150 πολλούς.
2845 4085 2985 4140 Οὔτε
3019 4085 3130 4157 γὰρ
3167 4088 3535 4159 άμφιγνοήσει
3571 4106 3656 4148 τις
3688 4091 3894 4152 λοιπὸν,

2332 4173 2459 4229 οὗτε
2491 4178 2852 4243 συκοφαντεῖν
2870 4175 3303 4246 προαχθήσεται,
3343 4176 3446 4247 τῆς
3478 4177 3647 4232 αὑτοῦ
3676 4181 3898 4250 γνώμης

2336 4266 2558 4338 ἐκδήλου
2599 4253 2993 4338 γεγενημένης.
3023 4267 3207 4322 Ταῦτα
3234 4268 3291 4322 δὲ
3322 4270 3435 4332 πῶς
3459 4267 3525 4323 ἂν
3563 4271 3894 4342 ἐφαρμόσειι

2333 4361 2411 4430 τῷ
2436 4361 2694 4431 ἡμετέρῳ
2722 4360 3025 4431 Σχολαρίῳ,
3062 4353 3122 4413 οὒ
3150 4361 3319 4414 πᾶσιν
3366 4360 3589 4424 ἔκδηλος
3619 4357 3689 4431 ἦν
3730 4363 3898 4432 ἀρχῆ-

674 4414 938 4465 ειιιιιριιιίτι
983 4415 1048 4466 de
1098 4419 1375 4486 proposita
1426 4423 1645 4479 unionis
1696 4432 1944 4494 materia.
1991 4435 2229 4496 declarat

2341 4414 2496 4521 οένῆ
2529 4414 2745 4523 γνώμη,
2766 4414 2848 4516 :1);
2881 4414 3043 4517 eiero}
3071 4470 3240 4523 φησιν
3273 4456 3331 4507 ὲν
3372 4453 3450 4524 τῷ
3496 4414 3655 4522 ιιιρδςΙ
3675 4414 3900 4524 βασιλέα

675 4511 872 4566 oratio,
920 4518 1081 4572 quam
1133 4517 1410 4578 utcunque
1441 4519 1743 4584 composui,
1781 4526 2085 4595 tradidique
2113 4530 2231 4589 huic

676 4595 1076 4618 "MMUHML
1360 4613 1369 4618 -
1518 4607 1550 4618 ..
1716 4613 1726 4618 μ
1799 4607 1803 4612 -
1851 4617 1879 4618 η

2342 4511 2496 4612 λόγιμ
2514 4511 3060 4615 ς’Προοίμιαξόμενος
3083 4511 3226 4615 ’γάρ
3251 4511 3450 4615 φάσκει
3483 4561 3498 4575 ⁸
3535 4511 3766 4618 ’ῖΔριστε
3815 4550 3901 4600 καὶ

675 4608 847 4647 sacra:
871 4595 1080 4664 synodo
1133 4614 1148 4653 :
1179 4610 1445 4659 testantur
1481 4607 1643 4663 etiam
1696 4607 1805 4667 duo
1849 4617 1997 4682 libri,
2039 4639 2177 4690 quos
2206 4642 2236 4681 a

677 4703 762 4741 me
786 4698 942 4742 antea
983 4689 1218 4760 scriptos
1241 4710 1386 4750 nunc
1419 4701 1626 4768 synodo
1662 4704 1789 4760 huic
1833 4709 2024 4766 offero.
2058 4689 2228 4772 Multa

674 4779 797 4844 alia,
831 4779 876 4834 si
926 4785 1049 4850 quis
1095 4787 1391 4854 perquirat,
1450 4791 1706 4859 inveniet,
1759 4800 1955 4867 quibus
1992 4804 2100 4860 duo
2149 4808 2235 4863 isti

672 4869 889 4938 Georgii
935 4873 1076 4927 inter
1105 4889 1164 4929 se
1204 4876 1497 4934 diﬂ‘erunt:
1534 4897 1752 4954 propter
1778 4904 1899 4960 qua:
1938 4895 2069 4949 alter
2117 4901 2235 4968 qui-

675 4964 793 5012 dem
829 4962 955 5030 jure
1007 4969 1285 5023 vocandus
1314 4980 1398 5024 est
1429 4987 1598 5028 sacrae
1638 4985 1990 5039 mcumenicw
2041 4962 2232 5058 syri-odi

678 5065 944 5120 recta-quc
971 5053 1089 5108 lldci
1117 5056 1367 5112 defensor
1391 5076 1451 5115 ac
1473 5077 1876 5137 pl'upugtﬁttor:
1909 5086 1964 5128 ut
1997 5053 2087 5146 qui
2115 5097 2235 5150 ger-

677 5154 868 5192 manos
902 5140 1199 5198 Orientalis
1227 5146 1483 5206 Ecclesia:
1522 5153 1712 5210 Patres
1743 5163 1808 5212 ad
1865 5140 2029 5219 tinent
2061 5140 2230 5237 usque

667 5240 885 5283 secutus
915 5243 997 5286 est
1024 5249 1037 5298 ;
1073 5235 1206 5290 alter
1243 5255 1370 5294 vero
1401 5243 1600 5310 studio,
1635 5263 1743 5315 quo
1771 5249 2010 5308 Marcum
2045 5235 2229 5326 prose-

665 5321 955 5403 quebatur,
1001 5326 1265 5384 abductus
1300 5332 1563 5390 dicendus
1594 5344 1788 5395 merito
1822 5346 2099 5413 Opinionigs
2142 5369 2228 5407 as-

663 5420 859 5478 sertor,
887 5431 1046 5482 quam
1077 5434 1106 5472 δ
1141 5418 1388 5478 Nest.irio
1421 5430 1655 5496 primum
1690 5433 1960 5492 inductam
2017 5403 2079 5495 cf
2098 5462 2221 5498 sun-

733 5680 806 5751 (l)
843 5682 1008 5740 (huc.
1049 5686 1283 5748 Fluunt.
1337 5711 1470 5749 scas.
1508 5700 1602 5752 εἴ).

2343 4635 2601 4704 κράτιστε
2639 4633 2880 4702 βασιλεῦ,
2916 4631 3114 4707 ἧςμὲν
3156 4637 3384 4706 γνώμης
3411 4637 3609 4707 γέγονα
3661 4641 3761 4693 καί
3791 4642 3900 4708 εἰμι

2341 4730 2473 4789 περὶ
2514 4723 2611 4791 τὴν
2665 4727 3034 4794 προκειμένην
3087 4725 3189 4794 τῆς
3241 4726 3488 4791 evocem;
3518 4725 3676 4798 ὕλην,
3711 4732 3740 4783 δ
3770 4735 3900 4798 πρὸς

2340 4813 2437 4880 τὴν
2465 4813 2587 4866 καθ’
2609 4815 2754 4884 ἡμᾶς
2776 4815 2925 4884 ἱερὰν
2949 4815 3155 4884 ταύτην
3191 4816 3408 4871 σύνοδον
3435 4820 3779 4890 σχεδιασθείς
3811 4838 3896 4888 μοι

2344 4905 2434 4956 καὶ
2461 4905 2731 4973 πεμφθεὶς
2762 4907 2916 4973 λόγος
2946 4907 3114 4976 δηλοῖ·
3150 4910 3483 4980 μαρτυροῦσι
3509 4911 3566 4963 δὲ
3596 4913 3692 4965 καὶ
3721 4914 3792 4966 τὰ
3813 4914 3898 4966 δύο

2344 4993 2546 5060 βιϐλία,
2580 4995 2726 5066 ειπερ
2774 4998 3037 5068 πρότερον
3087 4999 3324 5066 συνθεὶς,
3367 4999 3463 5054 νῦν
3514 5001 3810 5074 δγχειρίζω
3836 5007 3895 5072 τῇ

2341 5083 2588 5155 παρούσῃ
2617 5086 2838 5156 συνόδῳ.
2871 5088 2978 5140 Καὶ
3005 5089 3140 5151 ὅλως
3174 5090 3348 5159 ζητῶν
3377 5107 3460 5155 τις
3489 5093 3590 5146 οὐκ
3620 5094 3812 5164 ὀλίγας
3836 5095 3897 5148 ἂν

2340 5174 2490 5245 εὖροι
2517 5176 2777 5246 διαφορὰς
2802 5179 2910 5230 τῶν
2952 5179 3042 5232 δύο
3069 5184 3272 5235 τούτων
3308 5183 3597 5254 Γεωργίων
3623 5204 3637 5218 ·
3670 5185 3765 5251 αἷς
3806 5189 3895 5241 ἁλ-

2306 5307 2307 5310 η
2339 5269 2516 5338 λήλων
2567 5270 2992 5341 διακρινόμενοι,
3029 5276 3055 5326 ὁ
3092 5275 3190 5343 μὲν
3221 5275 3429 5340 δίκαιός
3484 5263 3630 5333 ἐστιν
3681 5282 3896 5335 ἀκούειν

2337 5362 2435 5427 τῆς
2463 5361 2624 5428 ἁγίας
2657 5363 3042 5435 οἰκουμενικῆς
3076 5367 3292 5419 συνόδου
3328 5369 3422 5422 καὶ
3448 5363 3554 5439 τῆς
3590 5372 3895 5443 ὀρθοδοξίσς

2340 5454 2736 5525 προασπιστὴς,
2797 5454 2889 5507 ἆτε
2924 5456 2986 5524 δὴ
3013 5460 3123 5520 τοῖς
3175 5459 3447 5528 ἀληθ;νοῑς
3500 5464 3752 5533 Πατράσι
3808 5468 3896 5535 τῆς
