3966 6328
588 325 689 385 387
1088 332 1093 336 ’
1542 370 1549 381 η
1646 342 2018 409 GENNADII
2063 352 2149 411 cr

2210 354 2713 424 PATIilARCH/E
3702 376 3776 440 εδδ

588 442 715 493 ωηο
751 445 1105 500 constitutum
1147 468 1157 513 ;
1192 452 1494 521 quiquetix
1523 457 1691 523 possit
1718 457 1768 511 in
1798 467 1912 515 tuto
1939 463 2154 517 colloca.

588 531 633 558 ..ε
694 532 812 558 Ιςιυ..
853 536 1016 558 η.--1.-
1063 538 1182 558 -ηει
1257 556 1262 558 .
1312 556 1320 558 Α
1451 556 1458 558 .
1602 545 1637 558 ιο

2207 470 2236 525 Α
2271 470 2584 526 καθεστῶτα
2627 474 2894 540 κινδύνου,
2948 478 3041 529 καὶ
3098 479 3249 547 μόλις
3307 482 3447 549 μετὰ
3509 483 3665 541 πο).λά
3703 492 3773 558 μὲν

588 531 657 597 ri,
694 532 818 587 licet
853 536 1021 589 multa
1055 538 1272 606 quidem
1303 556 1558 612 agantur,
1586 545 1841 603 dicantur
1870 567 1999 607 vero
2030 570 2154 623 pau-

2268 561 2567 629 πράττειν,
2602 565 2780 632 λέγειν
2841 531 2897 620 δὲ
2955 531 3184 635 ἐλάττω,
3220 531 3772 641 δυύάμ-εήναγσ-ὠξεσὸιιϊ

584 639 669 679 ca.
704 626 873 683 Porro
909 630 1159 685 dictionis
1212 639 1333 702 apte
1386 636 1733 706 disponendae
1786 643 2050 705 studium,
2106 655 2150 698 et

2265 626 2634 723 Euveiﬁxqces
2663 626 2760 710 καὶ
2794 659 3051 726 φράσεως
3090 626 3183 714 καί
3217 626 3413 731 τέχνης
3445 626 3774 735 {incepistis—vii

583 721 853 773 sermonis
883 720 1226 787 elegantiam,
1255 737 1309 779 et
1344 731 1637 781 oratoriam
1671 741 1838 786 artem
1871 736 2149 802 praesentia

2261 741 2510 797 πλεῖστον
2546 746 2643 814 μὲν
2692 747 2795 800 ὑπὸ
2843 749 2953 801 τῶν
3010 751 3296 819 παρόντων
3346 753 3539 808 δεινῶν
3597 760 3677 809 καὶ
3703 761 3774 827 τῆς

584 810 746 869 mala,
782 811 1042 879 dolorque
1071 829 1181 882 quo
1213 826 1431 885 propter
1463 820 1549 873 illa
1574 821 1873 890 opprimor,
1907 826 2150 894 eripuere

2260 835 2353 887 ἐπὶ
2406 810 2613 899 τούτοις
2646 838 2822 908 λύπης
2869 810 3177 911 ἀφῄρημαι,
3215 844 3289 913 τῷ
3330 847 3384 898 δὲ
3439 810 3775 918 περιλειπομίΖ

586 899 716 951 mihi
753 899 1012 966 majorem
1081 914 1335 971 partem;
1373 922 1437 989 eo
1497 924 1623 963 vero
1685 914 1828 981 quod
1890 924 2152 982 superest,

2260 944 2334 992 νῳ
2366 927 2553 997 καιρὸν
2587 928 2683 999 οὐχ
2866 899 3539 1005 τδνηπιάρόνταιχρῆσθαί·
3574 899 3772 1009 xcidit—t1

582 990 853 1058 quomodo
886 994 961 1045 uti
986 992 1147 1048 liceat
1174 995 1275 1051 hoc
1302 1006 1568 1068 tempore,
1604 1016 1709 1056 non
1760 1004 1916 1059 video
1944 1023 1956 1058 :
2011 1006 2148 1074 quod

2258 1017 2394 1086 πρὸς
2449 1020 2657 1081 πάντας
2715 1020 2858 1089 ὑμᾶς
2906 1022 3058 1087 ὄντος
3107 1024 3203 1078 τοῦ
3251 1026 3410 1093 λόγου
3443 1070 3456 1091 ,
3509 1028 3697 1080 ἁπλοῦν
3731 1048 3772 1083 τε

525 1128 531 1149 ;
582 1082 1129 1185 Ρξτξῖτδθ¹“ί]¹ηηῖξοεί“εεθ
1166 1096 1268 1153 θεῖ»
1298 1092 1523 1159 simple!
1550 1092 1621 1147 Sil
1651 1103 1701 1147 οι
1742 1107 1996 1163 ρετεεριιι
2031 1111 2153 1149 οπι-
2258 1102 2396 1161 εἶναι
2430 1108 2617 1162 τοῦτον
2665 1111 2880 1180 ἀνάγκη
2911 1113 3001 1165 καὶ
3048 1116 3212 1167 πᾶσιν
3247 1082 3556 1171 εὐσύνετον.
3603 1117 3772 1185 ’ίΙγοῖτο

580 1173 743 1226 nibus
793 1173 965 1230 facilis
997 1192 1198 1242 sermo,
1254 1196 1411 1249 quem
1467 1184 1531 1237 ad
1572 1199 1668 1239 vos
1714 1202 1901 1240 omnes
1956 1188 2146 1242 habeo.

2256 1196 2310 1249 δὲ
2358 1198 2481 1266 ἐμοὶ
2530 1199 2628 1267 μὲν
2662 1173 2975 1268 τῶνγλόνων
3004 1201 3154 1267 Θεὸς,
3184 1204 3243 1258 δν
3281 1206 3380 1257 οὐκ
3415 1207 3481 1258 ἄν
3510 1173 3771 1276 αίδεσθείην

581 1264 661 1315 Sit
694 1280 820 1318 vero
847 1267 977 1321 mihi
1016 1271 1234 1339 quidem
1292 1275 1558 1329 orationis
1590 1278 1697 1332 dux
1764 1278 1904 1334 Deus
1938 1296 1954 1343 ;
1988 1296 2147 1349 quem

2255 1288 2352 1341 καὶ
2382 1264 2479 1355 τῆς
2531 1264 2618 1351 εἰς
2667 1264 2936 1361 tuamet
2980 1264 3216 1366 πατριδα
3256 1297 3350 1348 καὶ
3389 1297 3536 1359 ἔθνος
3567 1299 3675 1351 ὅλον
3707 1264 3770 1351 ει-

580 1355 964 1434 henevolentire
1004 1373 1128 1428 erga
1166 1376 1262 1417 vos
1295 1380 1447 1430 meae,
1474 1373 1527 1419 et
1581 1369 1832 1435 patriam,
1886 1380 1938 1422 et
1984 1384 2146 1437 genus

2255 1378 2406 1443 νοίας
2462 1355 2717 1435 καλέσαι⁷
2748 1382 3001 1453 μάρτυρα
3024 1399 3039 1416 '
3094 1355 3221 1455 ύμῖν
3272 1386 3329 1439 δὲ
3386 1387 3485 1455 τῆς
3520 1355 3617 1441 -ἐπὶ
3649 1388 3699 1440 τὸ
3721 1389 3769 1441 τὰ

575 1445 884 1499 universum
913 1448 1080 1502 citare
1114 1459 1303 1505 testem
1336 1470 1441 1508 non
1472 1457 1786 1511 erubuerim
1820 1477 1833 1525 ;
1877 1460 2029 1515 vobis
2055 1477 2141 1515 au-

2257 1469 2603 1539 συμφέροντα
2655 1445 2873 1528 ἑλέσθαι
2926 1445 2986 1528 τε
3044 1445 3143 1529 καῖ
3200 1445 3472 1547 ἄρξασθαι
3550 1479 3768 1550 πράττειν

575 1548 680 1589 tem
724 1539 817 1591 viae
847 1543 911 1592 ad
933 1542 1244 1617 eligendum
1281 1547 1633 1612 utilia,etilla
1655 1548 1813 1619 agere
1831 1554 2150 1621 aggredien-
2253 1560 2392 1619 ὀδοῦ.

569 1631 715 1684 dum.
1809 1663 1811 1665 ι

641 1724 793 1787 Quod
853 1726 1022 1814 igitur
1054 1728 1299 1782 nennulli
1341 1731 1451 1785 sint
1487 1732 1628 1787 inter
1670 1750 1785 1801 vos,
1848 1736 1940 1802 qui
1988 1746 2147 1805 puta-
2176 1793 2207 1814 π

2201 1794 2216 1814 '
2325 1735 2450 1791 Ὀτι
2495 1738 2595 1808 μὲν
2648 1738 2738 1793 οὖν
2786 1741 2896 1794 είσί
2952 1759 3097 1806 τινες
3144 1743 3201 1809 ἔξ
3258 1745 3431 1814 ὑμῶν,
3477 1746 3525 1799 οῖ
3572 1746 3767 1814 τὴντῶν

573 1812 703 1865 haut
757 1827 813 1866 se
849 1813 1167 1868 Latinorum
1228 1819 1511 1872 scientiam
1566 1820 1920 1884 eluctaturos,
1981 1793 2139 1889 atque

2495 1793 2505 1808 1
2824 1793 2860 1794 ri
2967 1793 3093 1806 ν---ν
3147 1793 3201 1809 ’τ
3263 1793 3431 1814 νιν--νν
3480 1793 3523 1799 -ν
3583 1793 3656 1814 --ιν
3695 1793 3762 1801 ’τ’

2202 1794 2217 1846 Ι
2251 1829 2494 1883 Λατίνων
2525 1834 2981 1900 καταγωνιεῖσθαι
3012 1836 3225 1905 σοφίαν,
3257 1838 3353 1890 καὶ
3381 1838 3589 1892 πείσειν
3613 1838 3768 1900 αὐτοὺς

574 1905 678 1959 illis
702 1922 1061 1977 persoasuros
1093 1926 1311 1965 n’ancl‘e
1347 1914 1397 1964 in
1444 1913 1547 1967 illis
1582 1914 1918 1981 antiquitatis
1954 1912 2139 1965 termi-

2252 1923 2343 1975 ἐπὶ
2390 1923 2499 1974 τῶν
2549 1922 2791 1993 ἀρχαίων
2838 1925 3064 1978 ἐκείνων
3119 1928 3299 1995 μένειν
3351 1928 3615 1997 δνόμιζον,
3646 1928 3768 1983 τοῦτο

570 1999 669 2059 nis,
713 2009 763 2051 et
793 2002 901 2065 ipse
928 2003 1040 2053 seio
1073 2020 1083 2053 :
1124 2003 1170 2053 id
1198 2019 1324 2055 vero
1362 2005 1492 2058 tnihi
1524 2016 1666 2060 certe
1699 2021 1944 2072 magnam
1974 2005 2136 2058 admi<

2250 2012 2343 2067 καὶ
2374 2013 2537 2077 αὐτὸς
2566 2009 2703 2067 οῖδα·
2738 2014 2833 2067 κα)⁵
2856 2014 2975 2070 λίαν
3011 2017 3190 2069 αὐτῶν
3218 2017 3499 2086 θαυμάζω,
3529 2020 3604 2071 ὅτι
3628 2018 3767 2071 καίτοι

572 2090 838 2142 rationem
880 2092 1130 2153 moverit,
1174 2094 1317 2155 quod
1347 2096 1447 2148 viri
1488 2096 1727 2164 alioquin
1759 2097 1900 2150 docti
1931 2104 2137 2149 tantum

2250 2106 2415 2158 τᾶλλα
2471 2107 2625 2175 σοφοί
2682 2125 2829 2169 τινες
2879 2107 3055 2171 ὄντες,
3114 2108 3367 2163 τοσοῦτον
3428 2110 3679 2179 ἐντούτῳ
3712 2108 3768 2176 τῷ

573 2181 627 2233 in
658 2182 756 2235 hac
782 2192 931 2249 parte
964 2185 1266 2238 erraverint
1296 2203 1309 2250 ;
1343 2188 1508 2256 idque
1565 2189 1897 2242 cumseiant
1933 2200 1985 2241 et
2013 2206 2067 2239 se
2090 2196 2139 2240 et

2254 2195 2412 2266 μέρει
2440 2196 2837 2265 πεπλάνηνται·
2870 2198 2965 2250 καὶ
3004 2198 3176 2251 ταῦτα
3204 2202 3298 2253 καὶ
3330 2200 3623 2261 συνειδότες
3649 2199 3768 2267 σφίσι

574 2274 711 2326 alios
742 2290 845 2326 non
870 2291 990 2329 esse
1020 2277 1153 2330 bene
1182 2277 1479 2332 instructos
1512 2275 1767 2333 facultate
1823 2280 1885 2332 ad
1917 2293 2140 2349 persua-

2249 2301 2305 2336 τε
2332 2284 2513 2347 αὐτοῖς
2543 2285 2635 2337 καὶ
2663 2287 2769 2347 τοῖς
2808 2282 2987 2348 ἀλλοις
3008 2286 3223 2354 φαύλως
3254 2288 3434 2358 ἔχουσι
3461 2291 3556 2358 τῆς
3585 2288 3703 2355 πρὸς
3726 2287 3770 2340 τδ

570 2370 807 2423 deudum
848 2387 993 2436 ;non
1026 2372 1185 2425 modo
1225 2371 1269 2424 si
1326 2371 1449 2439 quis
1496 2372 1675 2435 instet,
1726 2372 2038 2438 dubitetque
2073 2370 2136 2423 de

2250 2377 2458 2429 πείθειν
2495 2378 2872 2446 παρασκευῆς,
2905 2379 2965 2432 οὐ
3002 2380 3162 2450 μόνον
3199 2380 3263 2434 ἄν
3293 2398 3375 2445 τις
3408 2374 3535 2451 περὶ
3576 2381 3672 2434 τῶν
3697 2396 3770 2449 με·

571 2462 1103 2526 relinstlraxissimis
1135 2480 1149 2518 :
1178 2462 1271 2517 sed
1306 2464 1348 2517 si
1378 2464 1461 2517 vel
1514 2462 1786 2516 hinarium
1819 2478 1939 2518 esse
1998 2462 2137 2515 inter

2248 2468 2450 2535 γίστων
2481 2469 2767 2534 ἐνίσταιτο,
2805 2470 2921 2523 ἀλλ’
2950 2474 2998 2525 εί
3036 2474 3129 2526 καὶ
3155 2474 3252 2540 τὴν
3287 2473 3455 2526 δυάδα
3489 2473 3690 2541 πρῶτον
3727 2474 3770 2525 ἐν

568 2570 729 2622 pares
766 2570 1021 2608 numeros
1068 2555 1301 2623 primum
1345 2573 1359 2613 :
1396 2562 1495 2607 aut
1527 2554 1802 2608 hominem
1835 2568 1902 2607 ex
1958 2552 2134 2605 anima

2248 2558 2503 2628 ἀριθμοῖς
2550 2559 2737 2631 ἄρτιον
2769 2560 2928 2628 εῖναι,
2962 2564 2995 2634 ἢ
3051 2566 3142 2618 τὸν
3194 2566 3483 2635 ἄνθρωπον
3525 2571 3585 2621 ἐκ
3622 2558 3771 2635 ψυχῆξ

566 2654 621 2697 et
658 2659 883 2712 corpore
943 2653 1214 2708 constare,
1253 2660 1315 2698 ac
1366 2644 1564 2699 similia
1618 2658 1817 2709 negare
1871 2643 2132 2698 voluerit:

2247 2649 2341 2700 καὶ
2369 2649 2621 2718 σώματος
2664 2656 3009 2718 συνεστάναι,
3041 2657 3136 2709 καὶ
3170 2658 3236 2709 τὰ
3268 2659 3493 2712 τοιαῦτα
3523 2658 3772 2728 ἀρνεῖσθαι

565 2736 789 2791 Latinos
813 2751 941 2789 vero
970 2737 1033 2789 ad
1075 2746 1291 2803 captum
1325 2752 1541 2791 omnem
1597 2737 1893 2805 humanum
1938 2735 1989 2788 in
2022 2733 2131 2788 dia-

2248 2740 2525 2809 θελήσειεν
2554 2758 2566 2772 ⁸
2600 2743 2799 2807 είδότες
2838 2746 2893 2799 δὲ
2944 2747 3039 2801 καὶ
3089 2748 3347 2810 Λατίνους
3380 2750 3541 2820 μέχρι
3570 2750 3663 2815 τῆς
3702 2750 3774 2801 ἀν-

565 2831 779 2895 lectica,
819 2830 1072 2898 omnique
1134 2831 1383 2895 scientia,
1416 2838 1847 2897 cunctarumque
1903 2827 2131 2897 praecel-

2249 2830 2528 2901 θρωπίνης
2562 2835 2818 2905 εὐπορίας
2850 2837 3066 2905 ἀπάσης
3098 2838 3451 2909 διαλεκτικήν
3479 2858 3536 2893 τε
3568 2843 3657 2894 καὶ
3688 2840 3772 2891 πᾶ-

568 2923 869 2976 lentissima
932 2924 1197 2991 theologia
1247 2922 1748 2978 exercitatissimos.
1807 2918 2007 2975 Verum
2033 2920 2131 2974 etsi

2249 2940 2348 2977 σαν
2380 2925 2713 2996 ἐπιστήμην,
2743 2928 2835 2980 καὶ
2881 2929 2979 2998 τήν
3029 2930 3216 2983 πασῶν
3244 2930 3589 3002 ὑψηλοτάτην
3620 2931 3773 2984 θεολο-

568 3014 751 3081 plnres
784 3028 891 3066 non
921 3014 1247 3082 ignorabant
1276 3013 1593 3066 Latinorum
1635 3010 1939 3073 scientiam,
1996 3009 2134 3063 mul-

2245 3016 2373 3083 γίαν
2426 3017 2757 3088 ἐξητακότας
2814 3037 2874 3073 τε
2923 3022 3015 3074 καὶ
3048 3023 3416 3093 ἀσκήσαντας.
3458 3026 3593 3079 Ἀλλ’
3623 3026 3668 3077 εί
3696 3026 3790 3077 xei,

564 3117 753 3171 tasque
784 3105 891 3158 illis
944 3119 1048 3157 non
1090 3102 1276 3157 defore
1308 3103 1548 3157 rationes
1612 3101 1676 3155 ad
1737 3098 2130 3173 ostendendum

2246 3107 2465 3171 πλείους
2526 3108 2681 3178 ὑμῶν
2728 3111 2850 3165 οὔτε
2893 3113 2993 3179 τὴν
3038 3113 3280 3169 Λατίνων
3328 3117 3557 3188 ἠγνόουν
3589 3117 3770 3185 σοφίαν,

564 3214 620 3250 se
652 3206 792 3250 recte
821 3196 1065 3260 sentire;
1108 3194 1354 3247 arbitrati
1390 3202 1569 3247 tamen
1607 3202 1659 3248 et
1714 3192 1789 3247 illi
1840 3206 2030 3246 omnes
2083 3199 2130 3244 et

2239 3199 2351 3254 οὗθ’
2381 3204 2463 3255 ὅτι
2512 3198 2722 3255 πολλῶν
2751 3203 3119 3272 εύπορήσουσι
3150 3206 3329 3275 λόγων
3354 3208 3491 3275 πρὸς
3535 3210 3593 3262 τὸ
3622 3203 3769 3272 δείξαι

564 3291 673 3350 isti,
704 3291 954 3341 unionem
988 3304 1107 3342 cum
1142 3286 1347 3340 Latinis
1392 3300 1502 3340 rem
1537 3301 1658 3341 esse
1705 3284 1927 3355 plurimi
1986 3284 2130 3339 (esti-

2240 3294 2379 3361 σςρᾶς
2409 3294 2609 3357 αὐτοὺς
2649 3294 2896 3364 δοξάζειν
2941 3298 3144 3371 καλῶς,
3178 3298 3471 3371 ἀλλ’νὸμως
3500 3301 3687 3355 ἐκεῖνοί
3720 3316 3767 3352 τι

566 3386 841 3441 mandatu,
878 3391 931 3433 et
963 3389 1222 3449 pratterea
1254 3376 1586 3441 facillimam,
1651 3388 1703 3431 et
1736 3392 1891 3433 suum
1926 3386 1979 3430 et
2005 3376 2132 3430 alio;

2238 3385 2439 3447 πάντες
2496 3386 2590 3439 καὶ
2630 3382 2778 3441 οὗτοι
2835 3388 2934 3458 τὴν
2990 3367 3131 3459 ρετά
3188 3391 3665 3445 Λατίνωνεὲνωσιν
3693 3388 3767 3442 τοῦ

566 3493 684 3528 rum
723 3477 960 3527 animmn
991 3474 1249 3526 induxere
1272 3488 1393 3526 cum
1421 3469 1692 3539 voluptate
1729 3469 2002 3523 advenire.
2029 3467 2132 3522 Sed

2239 3480 2436 3540 παντὸς
2470 3477 2617 3544 ἄξιον
2664 3478 2853 3549 χρῆμα
2884 3481 2977 3533 καὶ
3010 3482 3206 3552 ῥᾷστον
3244 3479 3384 3537 εἶναι
3415 3484 3550 3553 πρὸς
3588 3481 3768 3540 τούτοις

562 3572 645 3623 {ac
684 3562 822 3618 idem
857 3580 1047 3617 omnes
1080 3564 1337 3627 sensisse,
1364 3570 1415 3615 et
1442 3579 1501 3617 ea
1553 3578 1647 3631 spe
1674 3562 1904 3623 venisse,
1946 3568 2001 3613 ut
2029 3558 2128 3613 La—

2238 3569 2580 3636 νομίσαντες,
2618 3572 2845 3634 ἑαυτούς
2899 3589 2957 3624 τε
3020 3573 3115 3626 καὶ
3161 3575 3289 3637 τοὺς
3339 3574 3532 3638 ἄλλους
3572 3576 3768 3628 ἔπεισαν

561 3664 703 3716 tinus
755 3659 1071 3729 ignorantia:
1119 3672 1407 3726 praveeque
1464 3653 1738 3724 opinionis
1793 3660 2127 3723 arguerent:

2239 3661 2358 3729 μεθ’
2388 3660 2580 3732 ἡδονῆς
2631 3662 2945 3731 ἀφικέσθαι.
2978 3665 3197 3719 Κείσθω
3245 3665 3301 3719 δὲ
3333 3668 3431 3719 καὶ
3468 3668 3665 3728 πάντας
3688 3665 3767 3734 τήν

561 3753 955 3821 persuaderent
985 3765 1113 3803 vero
1146 3764 1173 3801 a
1212 3748 1479 3801 sententia
1547 3746 1826 3801 discedere
1880 3754 1974 3799 aut
2035 3759 2127 3799 sua

2236 3751 2405 3821 αὐτὴν
2449 3754 2739 3823 ἐσχηκέναι
2785 3756 3047 3826 γνώμην,
3111 3759 3207 3819 καὶ
3251 3758 3410 3826 ήκειν
3474 3760 3770 3819 ἐλπίσαντας

561 3851 777 3909 sponte,
812 3848 906 3894 aut
942 3840 1141 3892 invitos
1176 3846 1337 3906 atque
1369 3837 1440 3891 ita
1475 3838 1727 3890 unionem
1778 3850 1966 3889 eorum
2020 3849 2127 3887 am-

2240 3841 2406 3908 μηδὲν
2458 3834 2555 3910 μὲν
2595 3844 2805 3907 είδότας
2844 3847 2916 3916 μή
2931 3864 2988 3897 τε
3021 3847 3241 3919 τάληθῆ,
3273 3850 3601 3917 φρονοῦντας
3632 3849 3770 3902 Λατί-

560 3938 946 4000 pteeterentur.
986 3931 1107 3983 llmc
1138 3930 1181 3983 si
1216 3928 1434 3996 quidem
1467 3944 1528 3981 ex
1564 3930 1829 3983 sententia
1874 3926 2126 3982 succede-

2238 3949 2363 3995 νους
2401 3934 2657 4002 ἐλέγξειν,
2702 3935 2914 3991 πείσειν
2966 3939 3022 3991 δὲ
3061 3939 3284 4007 ἑκόντας
3335 3942 3367 4010 ἢ
3408 3942 3632 4003 ἄκοντας
3689 3939 3772 4005 τὴν

558 4034 702 4085 1·.ἰιι,
739 4023 973 4078 fortasse
1010 4022 1201 4074 melius
1237 4030 1379 4077 esset
1411 4038 1424 4085 ;
1462 4019 1709 4088 Deusque
1741 4036 1862 4072 cum
1898 4034 2007 4088 quo
2038 4034 2124 4087 per

2239 4026 2508 4095 σφετέραν
2538 4027 2695 4095 δόξαν
2723 4030 3084 4101 ἀρνήσασθαι,
3116 4030 3379 4088 καὶ-οὔτω
3422 4034 3520 4104 τὴν
3555 4031 3666 4103 μετ’
3692 4033 3772 4083 αὐ-

557 4115 890 4183 aguitioncm
926 4112 1171 4166 veritatis
1203 4120 1255 4165 et
1286 4120 1527 4165 mutuam
1558 4111 1874 4164 charitatem
1900 4110 2123 4178 conjun-

2233 4121 2343 4171 τῶν
2401 4119 2597 4171 ἕνωσιν
2654 4120 3075 4187 διαπράξεσθαι.
3145 4122 3205 4174 Et
3267 4120 3366 4189 μὲν
3421 4122 3512 4175 οὖν
3555 4121 3771 4185 ὲξέὁαινε

555 4221 829 4277 geremur,
864 4206 1045 4257 neutri
1084 4205 1317 4271 partium
1352 4204 1609 4271 majorem
1674 4202 2009 4270 impenderet
2046 4201 2121 4254 fa-

2234 4212 2408 4265 ταῦτα
2443 4213 2584 4265 κατὰ
2615 4212 2837 4274 σκοπὸν,
2890 4214 3109 4282 ἄμεινον
3137 4213 3202 4266 ἂν
3232 4215 3361 4276 ἴσως
3390 4208 3461 4284 ἦν
3484 4232 3496 4243 ·
3525 4220 3611 4265 καὶ
3637 4216 3660 4266 ὁ
3691 4211 3773 4280 μὲν

556 4318 740 4355 vorent
773 4318 787 4367 ;
826 4301 919 4355 5rd
977 4310 1083 4352 tam
1134 4316 1227 4353 eos
1281 4298 1373 4368 qui
1424 4301 1704 4352 veritatem
1762 4299 2122 4360 edocuissent,

2234 4301 2389 4364 Θεὸς,
2421 4292 2465 4368 ᾧ
2503 4302 2874 4355 συνάπτεσθαι
2927 4307 2989 4374 τῇ
3023 4301 3221 4369 γνώσει
3268 4305 3363 4374 τῆς
3414 4306 3659 4373 ἀληθείας
3694 4302 3772 4354 καὶ

555 4411 719 4463 quam
754 4395 845 4464 qui
873 4394 1019 4447 illam
1057 4406 1212 4462 aaquo
1237 4394 1417 4445 animo
1442 4391 1854 4455 addidicisscnt,
1897 4392 2012 4459 pari
2042 4405 2121 4443 co-

2234 4395 2300 4463 τῇ
2336 4394 2472 4463 πρὸς
2527 4395 2793 4464 ἀλλήλους
2846 4397 3036 4467 εἰρήνῃ
3077 4397 3272 4459 πάντες
3314 4393 3775 4464 ὲμέλλομεν,οὑδε-

561 4508 690 4543 rotta
747 4491 994 4549 donaret,
1038 4495 1092 4541 et
1144 4499 1296 4555 atque
1332 4485 1433 4539 Sibi
1476 4482 1852 4551 conjungeret.
1910 4485 1985 4535 ita
2036 4483 2127 4536 visi

2208 4482 2214 4518 '
2243 4487 2428 4557 τέροις
2465 4487 2530 4539 ἂν
2565 4487 2673 4538 τῶν
2702 4488 2907 4557 ἑτέρων
2942 4487 3234 4556 ἐχαρίσατο
3269 4488 3489 4557 μᾶλλον·
3517 4488 3641 4539 ἀλλά
3667 4484 3774 4545 τούς

555 4597 775 4652 (pioque
798 4597 1045 4638 essemus
1074 4581 1321 4637 obtinere
1351 4578 1530 4632 locum
1566 4578 1969 4645 magistrorum,
2044 4575 2121 4629 fu-

2232 4595 2289 4630 τε
2321 4578 2671 4638 διδάσκοντας
2706 4570 2805 4647 τὴν
2859 4577 3118 4647 ἀλήθειαν
3142 4579 3282 4644 ,καὶ
3312 4580 3437 4641 τοὺς
3471 4580 3563 4631 σὺν
3596 4578 3773 4642 εὐγνω-

560 4690 755 4743 moque
780 4674 933 4729 famte
961 4675 1545 4743 oblectaremur,quem
1580 4689 1669 4727 vos
1692 4671 1956 4740 spiritalia
1980 4685 2125 4740 quee-

2238 4670 2447 4740 μοσύνῃ
2492 4669 3157 4739 ταύτην-δεδιδαγμένους
3214 4669 3411 4737 ἐπίσης
3452 4668 3636 4739 ἔμελλε
3671 4682 3774 4717 στεο

557 4780 759 4832 rentes,
794 4768 1011 4835 Deoque
1047 4781 1240 4821 vacare
1286 4767 1555 4835 pollicitos
1594 4767 1802 4819 ambire
1840 4779 1945 4819 non
1991 4779 2123 4818 con-

2228 4760 2460 4832 φανοῦν,
2515 4763 2609 4813 καὶ
2658 4758 2833 4829 ἑαυτῷ
2897 4761 3191 4813 συνάπτειν
3240 4747 3772 4829 δμοίωςίῈδόξαμεν

553 4862 722 4916 venit.
754 4860 857 4914 Sed
885 4859 1079 4915 videtis
1103 4873 1313 4923 omnes,
1369 4866 1428 4913 ut
1467 4858 1645 4913 Latini
1704 4872 1799 4925 pro
1861 4871 1959 4911 sua
2000 4870 2119 4910 sen-

2236 4856 2280 4907 δ’
2324 4854 2391 4907 ἂν
2435 4853 2634 4907 οὑτωσὶ
2664 4851 3001 4906 διδασκάλων
3033 4851 3182 4918 τάξιν
3216 4851 3457 4920 ἐπέχειν,
3484 4853 3571 4903 καὶ
3602 4849 3672 4917 τῷ
3696 4864 3776 4898 κα-

556 4955 722 5005 tentia
752 4953 966 5024 egregie
990 4952 1421 5015 deeertaverint,
1468 4960 1526 5005 ut
1580 4964 1737 5004 nemo
1794 4949 1911 5003 illos
1936 4947 2122 5016 possit,

2243 4946 2360 5015 πνῷ
2400 4947 2497 5013 τῆς
2534 4947 2722 5015 φήμης
2772 4945 3113 5014 ἐτέρφθημεν
3139 4961 3151 4975 ·
3188 4943 3247 4997 οὗ
3283 4946 3396 5007 τοῖς
3442 4944 3530 5039 τὰ⁵
3563 4956 3776 5010 πνευμα·

555 5044 600 5098 si
640 5045 767 5099 velit
798 5060 985 5113 aequus
1014 5059 1134 5099 esse
1159 5044 1349 5115 judex,
1407 5040 1825 5111 reprehendere.
1857 5040 1921 5093 Et
1976 5054 2121 5093 com-

2239 5040 2366 5091 τικά
2396 5038 2652 5109 ζητοῦσιν
2684 5038 2814 5107 ὑμῖν
2872 5042 2968 5089 καὶ
3010 5034 3129 5106 Θεῷ
3175 5034 3533 5127 προσανέχειν
3564 5036 3776 5099 ὑπεσχη-

558 5135 739 5189 munis
764 5136 980 5205 quidem
1034 5136 1294 5204 magister
1323 5151 1385 5190 ac
1419 5135 1672 5190 dominus
1723 5141 1929 5196 noster,
1974 5147 2124 5197 opor-

2244 5129 2429 5200 μένοις
2484 5127 2731 5199 οὐδαμῶς
2795 5130 2944 5187 ἐστιν
2994 5128 3275 5199 ’ἁρμόττον
3327 5120 3592 5198 ἐφίεσθαι,
3656 5120 3773 5223 Ἀλλ’

556 5236 674 5279 tere
709 5226 885 5297 inquit
911 5227 963 5280 in
1016 5241 1111 5281 ore
1142 5226 1375 5280 duorum
1430 5227 1511 5281 vel
1553 5224 1715 5279 trium
1776 5231 1921 5277 stare
1969 5236 2122 5277 omne

2237 5223 2399 5293 ὁρᾶτε
2430 5216 2649 5285 πάντες,
2679 5221 2759 5273 ὅτι
2802 5220 3020 5274 Λατῖνοι
3067 5224 3167 5289 τῆς
3220 5218 3432 5273 ἑαυτῶν
3466 5216 3753 5287 ὑπερηγων⁵

554 5319 801 5384 verbum,
840 5329 893 5373 et
927 5319 1013 5373 lex
1048 5319 1222 5375 civilis
1255 5320 1324 5374 ita
1379 5318 1721 5389 praescribit;
1779 5318 1853 5372 illi
1896 5329 2025 5370 vero
2064 5331 2120 5368 ex

2245 5332 2406 5368 σαντο
2442 5315 2597 5384 δόξης
2630 5313 2831 5376 καλῶς’
2867 5312 3007 5367 ὥστε
3046 5313 3249 5384 μηδένα
3297 5312 3363 5366 ἂν
3410 5314 3589 5374 αὐτοῖς
3632 5308 3776 5375 ἐγκα-

555 5412 942 5465 communibus
971 5411 1225 5466 Ecclesiae
1249 5411 1566 5467 doctoribus
1594 5425 1687 5465 sex
1750 5408 2121 5480 praestantissi-

2238 5408 2350 5460 λεῖν
2400 5407 2565 5475 ἔχειν,
2596 5407 2645 5458 εί
2682 5404 2930 5475 βούλοιτο
2961 5403 3166 5480 δίκαιος
3199 5403 3365 5457 εἶναι.
3420 5403 3533 5457 Καὶ
3569 5405 3595 5455 6
3642 5392 3774 5469 μδνό

557 5516 675 5557 mos
706 5502 968 5571 dignitate
1021 5515 1075 5558 et
1108 5484 1377 5569 doctrina,
1421 5477 1798 5573 susceptisque
1831 5514 1927 5570 pro
1950 5501 2123 5568 pieta-

2238 5502 2418 5563 κοινὸς
2446 5501 2601 5570 ἡμῶν
2646 5497 2967 5561 διδάσκαλος
3011 5477 3123 5552 καὶχ
3158 5495 3427 5564 δεσπότης
3465 5496 3557 5548 ἐπὶ
3584 5492 3716 5545 δυοῖν
3746 5484 3773 5552 ἢ

557 5606 607 5649 te
640 5594 914 5650 laboribus
948 5614 962 5663 ;
1001 5612 1124 5651 nam
1158 5597 1293 5653 alios
1353 5606 1613 5667 prtetereo
1648 5613 1660 5661 ;
1699 5594 1981 5649 sententia:
2020 5608 2123 5645 suze

2241 5594 2408 5665 τριῶν
2442 5592 2739 5663 μαρτύρων
2766 5592 2876 5646 δεῖν
2910 5590 3163 5646 ἵστασθαι
3204 5592 3312 5643 πᾶν
3342 5590 3493 5661 ῥῆμά
3524 5602 3666 5658 φησι,
3698 5579 3779 5683 καὶ

560 5696 723 5741 testes
749 5689 1043 5756 protulere,
1105 5705 1335 5759 quorum
1376 5691 1610 5759 quisque
1645 5688 1977 5742 tantumdem
2032 5685 2126 5738 fide

2240 5688 2267 5738 ὁ
2295 5686 2567 5747 πολιτικὸς
2622 5685 2784 5754 νόμος
2835 5685 2974 5737 οὕτω
3010 5683 3314 5753 διαγορεύει
3343 5699 3356 5715 ⁸
3403 5683 3455 5736 οί
3496 5680 3551 5734 δὲ
3596 5679 3651 5729 ὲκ
3680 5679 3778 5725 τῶν

560 5774 764 5845 valere,
796 5774 1059 5849 qu'anlum
1089 5780 1332 5837 universi
1358 5777 1623 5847 homines,
1662 5777 1966 5835 censendus
2006 5785 2126 5830 est:

2243 5778 2438 5833 κοινῶν
2486 5777 2825 5832 διδασκάλων
2864 5777 2963 5847 τῆς
3007 5775 3330 5844 Ἐκκλησίας
3385 5775 3446 5841 ἓξ
3491 5773 3609 5835 τοὺς
3638 5760 3780 5838 μετί-
