3966 6328
127 280 226 344 389

1186 233 1702 338 annoanno
1734 280 1834 339 AD
1874 280 2265 345 SYNODUM.

3275 283 3380 366 son

132 412 281 457 στους
319 393 587 463 ἀξιώματι
625 393 717 446 καὶ
756 394 916 465 σοφίᾳ
957 393 1051 459 καὶ
1084 398 1191 458 τοῖς
1229 398 1368 466 ὑπὲρ
1395 382 1684 465 τῆςίεύσε-

1791 415 1995 470 eosque
2032 418 2139 458 non
2174 405 2352 459 obiter
2378 409 2431 457 et
2459 404 2850 474 perfunctorie,
2879 405 2977 459 sed
3016 404 3378 467 ita.distiucte

130 486 274 547 ὅείας
297 486 492 552 ἀγῶσι,
527 486 653 548 τοὺς
710 485 818 559 γὰρ
868 486 1060 550 ἄλλους
1111 488 1370 558 παρίημι,
1407 491 1692 559 μάρτυρας

133 580 225 647 τῆς
256 577 465 631 ἑαυτῶν
506 577 666 645 δόξης
720 580 1049 659 δαρήγαγον
1071 596 1085 611 ·
1114 572 1189 633 ὧν
1219 581 1445 634 ἕκαστον
1474 583 1556 634 δεῖ
1585 582 1692 635 τῶν

132 667 188 721 ὲν
215 669 287 737 τῷ
320 669 515 738 κόσμῳ
552 669 772 723 πάντων
814 670 1119 739 ἀνθρώπων
1171 671 1380 739 κρίνειν
1415 672 1689 733 ἀντάξιον,

135 760 413 822 κάκείνους
462 760 561 830 οὐχ
605 760 795 825 ἁπλῶς
841 759 1013 824 οὕτως
1064 761 1184 815 οὐδὲ
1226 763 1540 831 παρέργως,
1575 763 1692 816 ἁλλ’

135 851 313 921 ῶσπερ
354 854 403 905 εί
442 838 699 908 ’δικασταί
745 872 889 916 τινες
922 850 1082 925 ἦσαν
1112 856 1244 924 ἡμῖν
1280 857 1375 925 τῆς
1408 855 1691 925 παρούσης

134 943 481 1014 ἀμφιϐολίας,
541 944 686 999 οὕτω
737 946 1157 1014 διαλεγομένους
1205 948 1595 1017 διωρισμένως
1629 964 1690 1000 τε

134 1037 224 1090 καὶ
254 1036 433 1103 σαφῶς
463 1052 476 1065 ⁸
510 1038 604 1089 καὶ
649 1038 842 1101 αὑταῖς
878 1036 976 1106 μὲν
1002 1037 1183 1101 λέξεσι
1217 1038 1474 1106 λέγοντας
1507 1037 1567 1089 τὸ
1596 1037 1692 1104 ζη-

135 1127 413 1195 τούμενον,
454 1127 845 1196 προστιθέντας
894 1128 949 1181 δὲ
1006 1130 1102 1182 καὶ
1158 1131 1255 1193 τὰς
1316 1129 1512 1191 αἰτίας,
1546 1130 1691 1182 καθὰ

132 1219 464 1282 διδασκάλοις
514 1222 783 1291 προσῆκε,
818 1222 913 1274 καὶ
952 1222 1022 1275 τὰ
1072 1222 1213 1293 μέρη
1245 1222 1346 1290 τῆς
1369 1224 1519 1283 θείας
1548 1223 1691 1291 Γρα-

132 1310 248 1378 φῆς,
296 1312 351 1377 ἐξ
391 1306 465 1366 ὧν
508 1315 607 1381 τὴν
655 1314 813 1380 δόξαν
860 1314 1073 1384 ταύτην
1129 1316 1441 1380 ἀναγκαίως
1473 1315 1692 1384 ἔχοντιν

131 1403 550 1473 emneatu,an
580 1406 721 1476 ἅπερ
752 1406 917 1469 ἄλλας
950 1407 1007 1473 ἐξ
1047 1406 1223 1461 ἄλλων
1254 1406 1439 1477 μερῶν
1470 1408 1688 1461 συνελέ-

131 1493 299 1554 ξαντο.
336 1496 473 1564 Πρὸς
515 1495 609 1559 οὓς
673 1496 1024 1558 διδασκάλους
1082 1498 1371 1561 τοσούτους
1421 1505 1483 1551 ’τε
1530 1499 1688 1560 ὄντας

131 1586 217 1636 καὶ
271 1587 643 1653 τηλικούτους,
678 1591 771 1640 καὶ
824 1588 971 1643 οὕτω
1005 1590 1191 1657 σαφῶς
1224 1590 1322 1658 τὴν
1358 1589 1515 1655 δόξαν
1561 1589 1691 1641 ταύ⁶

127 1679 218 1744 τὴν
252 1681 591 1745 εἰσάγοντας,
627 1680 738 1733 οὐδ’
781 1680 846 1734 ἂν
882 1680 1237 1751 βουληθέντες
1269 1683 1488 1753 ἔχοιμεν
1529 1684 1686 1734 ἁναι·

1802 493 2076 562 planeque
2112 493 2349 556 locutos,
2380 510 2444 549 ac
2487 497 2530 550 si
2564 496 2955 551 controversiae
2981 504 3184 551 nostra:
3210 498 3377 567 sedis-

1798 597 1917 639 seut
1942 586 2157 654 judices
2195 605 2208 652 ;
2242 596 2295 641 et
2326 586 2530 655 apertis
2561 587 2739 642 verbis
2798 587 3169 657 exprimentes
3232 570 3376 665 quod

1795 677 2078 746 quaeritur,
2105 679 2333 747 adjectis
2366 679 2527 733 etiam
2566 681 2771 742 causis,
2810 680 2885 734 uti
2936 678 3190 734 doctores
3217 678 3377 732 dece-

1798 768 1887 821 bat
1916 787 1931 836 ;
1963 778 2016 823 et
2044 770 2225 825 citatis
2254 784 2422 824 sacrm
2455 760 2749 837 Scriptura:
2772 768 2925 833 locis,
2948 768 3231 837 exquibus
3255 782 3378 821 sen—

1797 860 2022 913 tentiam
2060 860 2201 914 lianc
2257 860 2569 915 necessario
2608 867 2982 929 sumpserunt,
3037 867 3089 914 et
3129 856 3375 913 collectis

1795 966 1892 1019 per
1922 952 2012 1005 illa
2042 940 2207 1007 variis
2239 952 2563 1008 rationibus.
2590 952 2753 1018 'Quos
2788 966 2920 1006 sane
2955 950 3223 1011 doctores,
3252 962 3376 1004 cum

1798 1052 1877 1097 tot
1900 1045 2146 1113 tantique
2171 1046 2300 1104 sint.
2318 1054 2371 1098 et
2398 1046 2531 1100 adeo
2551 1047 2837 1116 perspicue
2858 1044 3190 1100 sententiam
3238 1043 3378 1096 hanc

1794 1136 2047 1198 doceant,
2077 1151 2175 1191 nec
2208 1137 2253 1191 si
2290 1137 2539 1201 velimus,
2573 1137 2918 1206 impudenter
2946 1137 3205 1191 adversos
3240 1150 3379 1189 con-

1794 1226 1937 1278 tueri
1974 1240 2284 1292 possumus.
2316 1225 2465 1279 Alios
2486 1235 2743 1293 prmterea
2772 1241 2839 1279 ex
2868 1226 3257 1279 communibus
3278 1224 3377 1277 do—

1792 1317 2033 1370 ctoribus
2060 1316 2380 1382 produxere,
2406 1314 2732 1381 Orientales,
2763 1314 3008 1385 inquam,
3040 1316 3156 1384 pari
3173 1316 3379 1369 tluctrio

1794 1423 1861 1462 na
1885 1417 1938 1462 et
1959 1409 2221 1477 dignitate
2256 1409 2513 1478 praaditos
2544 1427 2559 1477 ;
2593 1424 2698 1464 non
2755 1418 2812 1463 ut
2852 1408 2929 1462 illi
2965 1409 3184 1474 quidem
3240 1408 3379 1462 adeo
3472 1464 3477 1469 ,

1791 1498 1953 1561 clare,
1990 1500 2131 1554 idem
2171 1512 2345 1554 tamen
2378 1512 2431 1555 et
2457 1504 2600 1570 ipsos
2640 1500 2784 1571 quod
2820 1510 2870 1554 et
2903 1498 2980 1554 illi
3035 1507 3369 1562 asserentes,

1792 1591 1837 1645 si
1870 1591 1994 1659 quis
2026 1593 2155 1646 velit
2185 1592 2327 1647 dicta
2356 1608 2545 1647 eorum
2604 1608 2726 1646 cum
2796 1590 3025 1645 veritate
3070 1592 3276 1659 pariter
3298 1600 3380 1649 ,ει

1793 1684 2023 1738 scientia
2068 1685 2421 1751 perpendere.
2472 1682 2581 1738 Nec
2617 1682 2976 1752 sophisticum
3036 1682 3242 1751 aliquid
3284 1690 3378 1735 aut

133 1774 386 1839 σχυντεῖν.
427 1773 572 1841 Πρὸς
610 1774 821 1837 τούτοις
846 1774 1039 1837 ἄλλους
1069 1778 1133 1828 ἐκ
1175 1775 1284 1828 τῶν
1316 1776 1510 1828 κοινῶν
1540 1776 1686 1848 διδα-

1796 1774 2132 1842 atfectatum,
2169 1776 2453 1848 sed'plana
2488 1778 2692 1838 omnia,
2730 1785 2781 1830 et
2837 1790 3006 1830 sacrae
3058 1772 3376 1845 Scripturze,

136 1863 338 1916 σκάλων
369 1867 725 1934 παρήγαγον,
778 1868 905 1929 τοὺς
957 1868 1014 1930 ἐξ
1050 1867 1343 1936 Ἀνατολῆς
1396 1868 1558 1933 λέγω,
1598 1868 1687 1938 ίσῃ

132 1956 283 2024 σοφίᾳ
314 1957 405 2009 καὶ
435 1957 709 2027 ἀξιώματι
743 1959 1219 2027 κεκοσμημένους,
1259 1959 1357 2027 οὐχ
1410 1958 1554 2012 οὕτω
1585 1960 1687 2028 μὲν

135 2046 421 2117 διαρρήδην
459 2048 647 2118 ὥσπερ
706 2051 927 2117 ἐκεῖνοι,
964 2050 1223 2117 λέγοντας
1278 2040 1347 2103 δ”
1379 2050 1532 2120 ὅμως
1586 2054 1683 2104 καὶ

132 2137 315 2199 αὐτοὺς
350 2140 458 2201 τοῖς
510 2139 690 2200 ἄλλοις
720 2139 913 2203 ταυτα,
948 2139 1002 2193 εί¹
1040 2156 1124 2201 τις
1158 2138 1276 2209 μετ’
1304 2138 1562 2208 ἀληθείας
1594 2140 1686 2191 καὶ

134 2230 311 2296 σοφίας
342 2230 477 2299 ἐιμοῦ
510 2231 608 2292 τὰς
642 2231 866 2283 ἐκείνων
894 2229 1168 2294 ἐξετάζειν
1200 2229 1445 2298 βούλοιτο
1474 2230 1681 2299 ῥήσειςο

131 2324 214 2374 καὶ
244 2325 549 2392 σοφιστικὸν
576 2325 727 2378 οὐδὲν
757 2324 878 2377 οὐδὲ
915 2322 1093 2393 βίαιον
1117 2363 1131 2387 ,
1163 2322 1299 2377 ἀλλὰ
1330 2322 1508 2375 πάντα
1538 2321 1687 2375 άπλᾶ

132 2415 215 2465 καὶ
245 2417 305 2484 τῇ
340 2414 457 2483 θείᾳ
503 2415 699 2485 Γραφῇ
761 2416 857 2468 καὶ
908 2416 1022 2477 τοῖς
1062 2412 1403 2475 διδασκάλοις
1446 2413 1689 2482 ἑπόμενα

130 2503 254 2570 πρὸς
296 2504 573 2571 ἀπόδειξιν
637 2506 739 2575 τῆς
786 2504 995 2558 ἑαυτῶν
1044 2503 1447 2574 προσεϐάλοντο
1487 2504 1644 2574 δόξης
1670 2519 1684 2533 ·

134 2598 215 2647 καὶ
252 2597 463 2666 εἴρηται
507 2596 639 2666 παρ’
670 2595 828 2667 ἡμῶν
862 2595 1017 2649 οὐδὲν
1070 2597 1205 2666 πρὸς
1238 2596 1456 2658 αὐτοὺς,
1484 2596 1620 2664 πρὸς
1660 2596 1687 2649 ὃ

135 2691 199 2755 μὴ
233 2688 401 2755 σοςεῶς
437 2705 495 2741 τε
548 2688 643 2740 καὶ
677 2687 940 2756 γενναίως
972 2688 1066 2740 καὶ
1108 2688 1247 2757 μετὰ
1296 2687 1395 2755 τῆς
1428 2687 1688 2756 ἀληθείας

133 2780 549 2851 ἀποκρινάμενοι
608 2783 933 2848 φαίνονταιο
992 2778 1100 2833 οὐδ’
1162 2779 1360 2849 ἔχομέν
1418 2796 1537 2832 τινα
1583 2780 1687 2831 τῶν

135 2873 290 2941 ἁγίων
319 2874 566 2944 φανερῶς
610 2874 791 2936 αὐτοῖς
844 2874 1267 2941 άντιφάσκοντα·
1305 2874 1354 2925 εί
1396 2873 1450 2925 δέ
1485 2890 1565 2935 τις
1596 2870 1685 2943 ἦν,

141 2966 225 3017 καί
246 2966 427 3019 τοῦτον
457 2967 564 3020 ἔδει
593 2969 703 3029 τοῖς
738 2966 956 3030 πολλοῖς
993 2968 1210 3036 μηχανῇ
1257 2983 1365 3018 τινι
1415 2967 1509 3019 καὶ
1541 2964 1687 3035 λόγῳ

141 3061 417 3114 συνάπτειν
477 3059 661 3131 πολλῷ
711 3060 914 3129 μᾶλλον
959 3062 1051 3114 καὶ
1086 3058 1446 3153 δικαιότερον,
1480 3059 1511 3127 ἢ
1548 3059 1685 3127 πρὸς
1713 3096 1756 3153 C

134 3156 216 3206 τὸν
262 3154 353 3207 ἕνα
399 3151 604 3212 πλῆθος
654 3150 922 3205 τοσούτων
967 3142 1303 3204 διδασκάλων
1346 3147 1685 3220 παραϐιάζε-

136 3249 269 3302 σθαι.
325 3249 414 3311 Είς
466 3249 500 3302 ἃ
540 3248 596 3303 δὲ
649 3246 946 3316 νομίζομεν
999 3245 1201 3307 αὐτοὺς
1254 3245 1318 3296 ἐκ
1372 3244 1473 3312 τῆς
1526 3242 1683 3313 δόξης

133 3340 322 3409 ταύτης
350 3340 661 3411 ἐκπίπττειν,
698 3339 790 3392 καὶ
826 3338 997 3391 ταῦτα
1046 3338 1181 3408 μήτε
1228 3339 1446 3407 φρονεῖν
1477 3335 1604 3405 μήτ’
1628 3336 1684 3401 ἐξ

133 3421 357 3505 ἀνάγκης
391 3431 630 3517 ’ἔπεσθαι
683 3434 749 3503 τῇ
802 3430 951 3502 δόξῃ,
983 3420 1464 3513 διαμαρτύρονται.
1523 3430 1683 3482 Ἀλλὰ

134 3524 217 3576 καὶ
252 3525 315 3577 τά
360 3526 502 3581 αὐτά
551 3541 687 3593 φασι
721 3524 843 3594 μεθ’
879 3525 1035 3595 ἡμῶν
1081 3524 1393 3587 πιστεύειν,
1422 3524 1517 3577 καὶ
1547 3518 1685 3591 πρὸς

134 3619 212 3668 τον
244 3616 350 3670 ἴσον
394 3619 531 3686 ἡμῖν
561 3617 827 3688 φέρεσθαι
868 3616 1014 3685 νοῦν,
1060 3618 1110 3669 εί
1158 3617 1253 3670 καὶ
1284 3615 1569 3688 προσθήκῃ
1597 3616 1685 3668 λέ-

98 3702 106 3713 ’
135 3707 255 3771 ξεων
281 3707 502 3776 ἄμεινον
528 3706 938 3760 άναπτύσσουσι
968 3723 983 3739 ο
1026 3707 1121 3761 καὶ
1151 3705 1342 3760 οὐδένα
1370 3706 1479 3759 τῶν
1514 3706 1685 3774 ἁγίων

130 3786 513 3867 ’ἀναγκάζονται
540 3801 897 3866 συκοιραντεῖν
927 3800 959 3868 ἢ
988 3801 1313 3871 διαγράφειν
1337 3838 1349 3862 ,
1380 3799 1518 3853 ἀλλὰ
1550 3801 1686 3871 μᾶλ-

136 3891 215 3943 λον
250 3893 611 3945 συνάπτουσιν
662 3890 918 3960 ἀλλήλοις
958 3892 1087 3954 τοὺς
1140 3890 1537 3953 διδασκάλους·
1591 3891 1686 3943 καὶ

141 3984 253 4051 μίαν
305 3984 508 4055 ταύτην
571 3984 851 4047 ἀπόδειξιν
906 3982 1185 4054 ἀρκοῦσαν
1232 3983 1378 4054 ἔχειν
1422 3984 1686 4053 ἡγοῦνται

138 4072 247 4140 παρ’
278 4073 487 4137 ἑαυτοῖς
540 4072 636 4127 τοῦ
693 4073 905 4145 τάληθῆ
960 4077 1178 4145 φρονεῖν
1226 4075 1320 4127 καὶ
1361 4074 1684 4141 πιστεύειν,
1740 4078 1743 4079 ⁷

135 4162 205 4215 δτι
240 4167 419 4234 μηδενὶ
450 4166 591 4236 πρὸς
640 4166 847 4235 μηδένα
883 4167 991 4219 τῶν
1026 4164 1365 4221 διδασκάλων
1398 4167 1688 4237 άντίφασίν

134 4250 239 4307 τινα
268 4258 355 4308 καὶ
391 4257 572 4327 μάχην
612 4256 961 4328 ἐγείρουσιν·
1016 4258 1153 4313 ἀλλὰ
1201 4261 1474 4315 τάκείνων
1509 4265 1688 4316 πάντα

135 4348 347 4417 γαλήνης
370 4349 534 4419 γέμει
557 4351 650 4403 καὶ
676 4351 952 4419 ὁμονοίας,
984 4350 1085 4421 τῆς
1115 4350 1276 4420 δόξης
1304 4352 1509 4421 ταύτης
1550 4371 1686 4426 κρα-

1794 1868 2216 1937 doctoribusque
2239 1883 2476 1923 coatsona
2517 1869 2581 1922 ad
2625 1866 3107 1921 demonstrandam
3155 1874 3378 1919 senten-

1792 1960 1923 2013 tiam
1962 1976 2116 2015 suam
2171 1962 2465 2029 protulere.
2505 1959 2611 2014 Nec
2664 1958 2939 2028 objectum
2990 1974 3020 2013 a
3084 1959 3241 2013 nobis
3291 1967 3375 2011 est

1792 2050 2110 2119 quidquam,
2168 2052 2234 2103 ad
2272 2051 2415 2118 quod
2459 2050 2533 2102 illi
2588 2049 2799 2104 erudite
2833 2058 2886 2101 et
2937 2048 3186 2099 animose
3245 2060 3371 2098 cum

1791 2145 2020 2198 veritate
2048 2159 2154 2195 non
2176 2143 2574 2209 responderint.
2605 2141 2681 2194 Ex
2706 2139 2910 2195 sanctis
2928 2154 3092 2207 porro
3111 2138 3373 2209 aliquem,

1791 2237 1882 2306 qui
1917 2244 2099 2305 aperte
2125 2236 2227 2290 illis
2262 2237 2602 2299 adversetur,
2630 2234 2838 2289 nullum
2868 2233 3137 2287 habemus
3188 2250 3202 2285 :
3233 2232 3374 2302 quod

1752 2384 1755 2387 .
1791 2328 1837 2383 si
1873 2329 2037 2382 etiam
2062 2337 2227 2391 esset,
2261 2334 2535 2397 oporteret
2570 2328 2713 2380 hunc
2740 2340 2959 2394 quoque
3001 2324 3087 2378 via
3124 2332 3178 2377 et
3204 2323 3378 2377 ratio.

1793 2434 1860 2474 ne
1884 2420 2065 2489 aliqua
2104 2420 2289 2475 multis
2312 2421 2632 2489 a'ljttngerc,
2661 2418 2872 2488 aequius
2901 2431 3032 2472 sane
3052 2424 3106 2469 et
3129 2427 3375 2470 commo-

1794 2513 1935 2573 dius,
1970 2528 2131 2579 quam
2165 2513 2229 2566 ad
2270 2530 2430 2564 unum
2468 2512 2515 2565 \i
2550 2511 2869 2580 pertrahere
2930 2518 3131 2563 lautam
3191 2507 3378 2560 mulli-

1793 2604 2034 2658 tudinem
2068 2596 2377 2659 doctorum.
2440 2606 2513 2658 Ea
2565 2621 2691 2659 vero
2740 2603 3105 2663 incommoda.
3161 2600 3215 2653 in
3254 2616 3375 2668 qum

1793 2697 1915 2751 illos
1946 2696 2051 2750 labi
2086 2697 2439 2759 arbitramur,
2478 2712 2535 2750 se
2566 2710 2665 2749 nec
2695 2695 2920 2756 sentire,
2954 2708 3054 2747 nec
3089 2692 3243 2759 sequi
3277 2705 3375 2743 ue-

1791 2788 2032 2843 cessario
2056 2802 2120 2841 ex
2150 2802 2247 2842 sua
2275 2788 2545 2842 sententia
2578 2787 2737 2856 plane
2772 2794 3041 2840 testantur
3068 2800 3081 2850 ;
3105 2783 3197 2837 sed
3230 2782 3371 2834 idem

1790 2894 1855 2933 ac
1884 2894 1983 2933 nos
2003 2880 2151 2934 aiunt
2175 2894 2231 2933 se
2258 2880 2504 2943 credere,
2524 2882 2651 2933 etin
2685 2878 2935 2930 eumdem
2961 2875 3093 2930 ferri
3119 2889 3367 2936 sensum,

1790 2972 1919 3028 licet
1950 2972 2149 3027 additis
2173 2971 2400 3026 vocibus
2434 2973 2631 3026 melius
2663 2971 2935 3038 explicent
2962 3010 2977 3034 ,
3032 2982 3131 3021 nec
3198 2968 3367 3020 ullum

1791 3074 2103 3123 sanctorum
2148 3064 2488 3145 calumniari,
2512 3066 3001 3117 autaut-turilatem
3027 3062 3141 3132 ejus
3158 3060 3374 3115 elevare
3458 3099 3461 3101 .

1788 3169 2075 3229 coguntur;
2092 3157 2200 3212 imo
2218 3156 2469 3212 doctores
2489 3158 2629 3211 inter
2646 3172 2765 3212 sese
2777 3156 3091 3215 conciliant.
3112 3161 3165 3209 et
3187 3163 3377 3222 poten-

1790 3248 2001 3303 tissimo
2026 3257 2348 3318 argumento
2368 3249 2502 3302 satis
2529 3250 2903 3301 demonstrare
2922 3261 2979 3300 se
3009 3253 3200 3314 putant
3234 3256 3375 3298 recte

1788 3344 1991 3399 sentire
2010 3354 2060 3397 et
2080 3342 2486 3411 credere,quod
2506 3342 2787 3396 doctorem
2834 3355 2958 3394 cum
2979 3340 3202 3391 doctore
3249 3338 3374 3389 nul—

1790 3437 1898 3492 lum
1922 3445 2279 3507 pugnantem,
2334 3444 2427 3489 aut
2471 3434 2745 3489 contraria
2793 3433 3061 3487 dicentem
3120 3430 3371 3493 iaciunt;

1790 3531 1887 3586 sed
1914 3531 2058 3601 apud
2110 3530 2234 3584 illos
2271 3530 2449 3584 omnia
2503 3544 2599 3597 per
2650 3529 2788 3581 hanc
2828 3525 3151 3581 sententiam
3225 3535 3375 3575 tran-

1790 3619 1957 3688 quilla
1984 3627 2112 3673 sunt
2149 3630 2204 3673 et
2231 3619 2641 3673 convenientia.
2688 3616 2768 3671 Ad
2806 3616 2926 3694 lucc
2962 3616 3035 3669 ita
3085 3613 3371 3669 nobiscum

1792 3720 1981 3781 agunt,
2013 3726 2077 3765 ac
2108 3710 2153 3765 si
2217 3710 2464 3781 magistri
2511 3710 2721 3764 illorum
2758 3715 2853 3763 aut
2902 3705 3117 3779 iudices
3152 3706 3376 3761 sedere-

1794 3817 1916 3859 mus
1948 3821 1961 3869 ;
2007 3810 2309 3874 rogantque
2346 3812 2404 3856 ut
2441 3817 2499 3856 se
2566 3799 2951 3868 suscipiamus,
2985 3812 3085 3854 nec
3144 3798 3375 3852 velimus

1794 3894 2009 3951 modica
2036 3895 2105 3949 de
2131 3909 2292 3949 causa
2318 3892 2552 3963 disjungi
2582 3892 2651 3949 ab
2670 3893 2983 3947 hominibus
3014 3890 3147 3945 adeo
3171 3889 3375 3944 nostris

1784 3986 2128 4054 consimilia,
2194 3986 2332 4040 adeo
2398 3985 2783 4040 communibus
2837 3983 3152 4039 doctoribus
3242 3996 3374 4034 ron-

1794 4078 2043 4149 gruentia
2126 4076 2508 4132 sentientibus.
2592 4075 2779 4146 Neque
2862 4090 2989 4129 vero
3050 4066 3290 4141 exigunt
3343 4089 3373 4125 a

1800 4171 1958 4226 nobis
1991 4168 2383 4240 professionem
2420 4168 2704 4231 veritatis;
2730 4166 2823 4222 sed
2865 4166 2967 4219 hoc
3022 4166 3241 4235 quidem
3274 4181 3377 4219 no-

1797 4264 1880 4317 bis
1910 4262 2243 4331 rclinquunl,
2273 4262 2317 4317 si
2355 4260 2591 4331 perfecte
2627 4259 2849 4315 credere
2876 4259 3131 4321 velimus,
3190 4270 3367 4325 neque

1798 4353 1987 4408 salutis
2027 4366 2177 4422 spem
2204 4352 2534 4407 arbitremur
2560 4351 2716 4405 nobis
2741 4350 3093 4420 ignominiam
3125 4350 3371 4405 inurere:

135 4441 334 4510 τούεης.
378 4443 525 4515 Πρὸς
558 4442 615 4496 δὲ
641 4443 877 4511 τούτοις,
901 4443 1155 4516 καθάπερ
1178 4444 1520 4509 διδασκάλοις
1558 4448 1689 4517 ἡμῖν

1804 4463 1821 4497 ι
1856 4442 2510 4513 Onortetenim,iuquit,
2564 4443 2629 4496 ad
2692 4442 2921 4497 salutem
2967 4442 3125 4496 labiis
3160 4458 3379 4513 quoque

141 4528 167 4595 ἢ
202 4535 405 4599 κριταῖς
437 4533 620 4586 αὐτῶν
655 4522 1008 4607 καθημένοις,
1056 4536 1201 4605 οὖτω
1243 4538 1644 4610 προσφέρονται
1673 4555 1686 4570 ’

139 4624 215 4675 καὶ
242 4626 443 4681 δέονται
480 4630 622 4697 σφᾶς
668 4630 1051 4700 προσήκασθαι
1076 4672 1091 4696 ,
1126 4632 1227 4686 καὶ
1269 4633 1345 4705 μὴ
1383 4630 1562 4685 θέλειν
1594 4634 1693 4685 άν-

139 4718 343 4788 θρὼτιων
370 4723 515 4777 οὕτω
566 4708 666 4793 μὲν
712 4723 920 4794 ἀδελφὰ
967 4724 1310 4793 φρονούντων
1346 4715 1523 4795 ἡμῖν,
1548 4714 1692 4779 οὕτω

138 4808 184 4863 δὲ
238 4814 640 4882 συμϐαινόντων
688 4817 801 4873 τοῖς
844 4816 1053 4876 κοινοῖς
1101 4813 1468 4878 διδασκάλοις,
1518 4816 1693 4886 μικρᾷ

138 4905 379 4973 προφάσει
409 4905 765 4977 χωρίζεσθαι.
798 4904 924 4959 Οὐδ’
954 4902 1284 4965 ἀπαιτοῦσιν
1304 4905 1366 4971 ἐξ
1403 4907 1562 4977 ἡμῶν
1590 4909 1693 4976 τὴν

137 4994 397 5066 ὁμολογίαν
448 5002 547 5070 τῆς
599 5000 863 5070 ἀληθείας
897 5040 913 5066 ,
978 5000 1116 5057 ἀλλά
1177 4985 1490 5077 τοῦτομὲν
1560 5003 1689 5071 ἡμῖν

139 5088 553 5159 καταλείπουσιν,
598 5092 647 5145 εί
716 5078 1049 5163 βοιίλοίμεθα
1096 5078 1322 5167 τελείως
1380 5094 1690 5158 πιστεύειν,

138 5180 216 5234 καὶ
246 5184 314 5253 μὴ
341 5184 665 5255 νομίζοιμεν
689 5184 957 5255 αἰσχύνην
984 5166 1177 5264 φέρείύ
1206 5179 1341 5257 ἡμῖν
1372 5189 1471 5253 τὴν
1496 5185 1689 5240 ἐλπίδα

138 5264 222 5339 τῆς
254 5279 537 5351 σωτηρίας*
576 5296 593 5331 ι
629 5280 724 5332 Δεῖ
769 5280 899 5350 γάρ,
935 5272 1093 5350 φησὶ,
1129 5282 1266 5349 πρὸς
1297 5278 1357 5333 τὸ
1391 5277 1690 5342 σώζεσθαι,

1798 4537 1956 4593 fidem
1986 4536 2230 4592 conﬁteri
2295 4537 2334 4590 ¹.
2369 4554 2387 4588 ι
2432 4535 2508 4589 llli
2554 4550 2681 4595 vero
2730 4534 2871 4591 satis.
2917 4549 3039 4589 esse
3070 4537 3277 4587 ducunt
3314 4535 3379 4586 ad

1785 4643 2014 4697 pacem,
2047 4628 2089 4682 si
2146 4628 2305 4683 linem
2362 4626 2715 4681 iusimulandi
2774 4624 3038 4682 faciamus
3092 4635 3214 4694 post
3270 4634 3377 4678 tam

1799 4723 2001 4777 multas
2041 4722 2563 4787 demonstrationes,
2608 4720 2808 4789 quibus
2866 4734 2926 4774 se
2965 4733 3066 4772 uec
3126 4717 3259 4772 falsa
3293 4720 3378 4770 di-

1798 4830 1948 4879 cere,
1990 4828 2089 4868 nec
2130 4814 2272 4867 male
2308 4813 2513 4867 sentire
2570 4811 2915 4882 probarunt:
2980 4818 3037 4863 ut
3102 4810 3171 4864 sit
3220 4810 3381 4862 nobis

1796 4908 2071 4978 integrum
2098 4896 2204 4962 alia
2237 4907 2324 4959 via
2342 4916 2395 4959 et
2418 4919 2609 4975 picem
2645 4890 2850 4970 facere,
2875 4914 2928 4958 et
2967 4902 3216 4977 populari
3275 4901 3378 4956 huc

1754 5072 1755 5075 η
1795 5013 2203 5072 apparenteque
2238 4999 2530 5079 splendore
2552 5013 2617 5054 ac
2670 5013 2919 5064 rumore,
2980 5009 3082 5055 nec
3116 4996 3378 5065 pertime-

1797 5106 1950 5149 scere
1980 5090 2371 5147 del‘ectiuuem.
2409 5090 2653 5161 gentium
2713 5089 2875 5145 nobis
2930 5086 3381 5158 conjunctarum,

1796 5185 2238 5256 quandoquidem
2279 5183 2403 5239 ﬁdei
2460 5182 2749 5240 confessio
2805 5198 2915 5240 non
2969 5182 3128 5238 aliter
3156 5180 3227 5237 ab
3273 5178 3385 5236 illis

1792 5284 1849 5331 ct
1888 5277 2048 5331 nobis
2077 5277 2187 5340 lict,
2223 5291 2288 5332 ac
2322 5275 2478 5347 prius
2508 5274 2696 5334 ﬁebat.

140 5367 219 5418 καὶ
254 5371 443 5438 χείλεσι
496 5374 598 5444 τὴν
639 5376 825 5429 πίστιν
857 5375 1162 5445 ὁμολογεῖν.
1204 5392 1221 5425 ι
1262 5374 1427 5427 Αὐτοὶ
1457 5374 1513 5427 δὲ
1543 5375 1732 5442 ἀρκεῖν
1770 5370 2031 5451 ἡγοῦνται
2071 5371 2205 5441 πρὸς
2254 5372 2353 5442 τὴν
2404 5371 2631 5443 ιίρήνη.ν
2708 5373 2775 5450 τὰ
2830 5368 3150 5429 παύσασθαι
3184 5369 3376 5427 λοιτὺν

140 5455 361 5521 ἐγκαλεῖν
408 5464 617 5529 αὐτοῖς,
652 5462 795 5529 οὕτω
846 5464 1048 5526 πολλάς
1104 5463 1203 5518 τοῦ
1262 5465 1335 5535 μὴ
1383 5462 1677 5532 ψεύδεσθαι
1721 5463 1857 5532 μηδὲ
1889 5461 2081 5526 κακῶς
2112 5464 2334 5533 φρονεῖν
2396 5465 2850 5535 παρασχομένοις
2917 5463 3015 5527 τὰς
3039 5463 3371 5529 ἀποδείξερς.

144 5542 270 5601 Ὧστ’
292 5554 495 5619 ἐξεῖναι
522 5558 730 5627 τρὸπον
762 5558 895 5633 ἡμῖν
922 5558 1107 5630 ἕτερον
1146 5558 1286 5628 μετά
1325 5557 1421 5611 τοῦ
1454 5558 1556 5626 τὴν
1595 5557 1823 5628 εἰρήνην
1854 5556 2116 5629 πράττειν
2138 5596 2153 5623 ,
2192 5556 2287 5610 καὶ
2319 5556 2423 5627 τῆς
2494 5556 2600 5625 ἔξω
2671 5559 2764 5610 καὶ
2833 5556 3175 5629 φαινομένης
3241 5559 3376 5611 ταύυ

197 5731 380 5792 ‘Rom.
415 5754 464 5801 ς,
504 5738 589 5793 λυ.
676 5757 739 5795 ..γ’
