3966 6328
590 223 689 285 391

1637 219 2006 277 GENNADII
2052 218 2160 279 ΟΡ.

2264 217 2721 280 ATRIARCIIJE
3719 222 3798 289 392

587 356 686 406 της
746 335 1049 390 ἀπολαῦσαι
1091 331 1474 403 λαμπρότητὸς
1513 348 1570 383 τε
1627 334 1720 384 καὶ
1787 333 2011 400 φήμης.
2085 326 2179 380 καὶ
2221 331 2358 400 μηδὲ
2407 332 2506 403 τὴν
2563 335 2901 387 ἀποστασίαν
2955 333 3066 386 τῶν
3119 293 3250 403 ἡμῖν
3284 332 3667 402 προσηκόντων
3734 338 3798 389 δε-

584 432 750 487 διέναι
794 429 989 498 γενῶν,
1038 427 1242 499 ,ἐπειδὴ
1281 426 1378 496 τὴν
1414 424 1705 505 ὁμολογίαν
1741 425 1837 492 τῆς
1891 423 2130 484 πίστεως
2170 418 2271 473 οὐκ
2336 421 2509 488 ἄλλως
2561 425 2593 496 ἢ
2649 427 2912 496 πρότερον
2957 425 3185 487 ἐκείνοις
3250 440 3309 476 τε
3347 422 3443 478 καὶ
3489 427 3621 495 ἡμῖν
3677 428 3800 486 ἔσται

587 526 881 580 ποιεῖσθαι.

660 623 721 675 Ει
756 599 930 674 Latini
961 618 1180 688 quidem
1242 591 1355 670 haec
1380 612 1712 674 ostendunt,
1766 612 1880 668 hac
1936 611 2150 669 dicunt.

2337 614 2448 668 Καὶ
2473 614 2522 665 οἱ
2556 611 2658 682 μὲν
2691 613 2913 668 Λατῖνοι
2942 613 3119 669 ταῦτα
3169 615 3500 682 δεικνύουσι,
3531 616 3694 671 ταῦτά
3715 635 3799 685 φας

589 723 737 769 tauto
811 711 1165 768 conficienda:
1232 708 1512 762 nobiscum
1580 705 1800 760 unionis
1889 702 2160 758 desiderio

596 800 1024 869 flagrantzadeo
1085 799 1218 851 nihil
1280 798 1466 852 volunt
1525 795 1638 850 fieri
1706 811 1733 848 a
1794 793 1972 855 nobis,
2018 792 2160 860 quod

590 895 692 947 sibi
727 889 1161 960 gloriam,nobis
1215 887 1563 958 ignominiam
1625 896 1719 941 aut
1771 887 2158 940 detrimentum

525 1001 534 1056 ς
587 985 780 1037 afferre
809 984 1002 1052 possit.
1054 979 1220 1035 Nobis
1259 997 1383 1035 vero
1418 980 1484 1034 ad
1525 980 1639 1056 haec
1690 980 1872 1034 omnia
1925 977 2162 1032 fortasse

591 1075 810 1144 quidem
841 1075 1004 1129 verba
1034 1089 1138 1129 non
1164 1073 1414 1134 deerunt,
1445 1054 1551 1126 sed
1588 1086 1697 1125 non
1735 1070 1889 1124 multi
1943 1069 2160 1125 roboris

589 1166 1009 1228 autdecoris,et
1041 1181 1162 1232 quae
1198 1165 1392 1216 virtute
1419 1169 1472 1216 et
1511 1162 1777 1230 sapientia
1814 1174 2002 1214 nostra
2044 1160 2158 1215 sint

588 1259 771 1324 digna,
797 1268 888 1309 aut
919 1257 1200 1310 hominum
1261 1240 1553 1308 volentium
1605 1268 1714 1323 pra:
1743 1268 1801 1307 se
1838 1251 1981 1306 ferre
2030 1266 2157 1319 spe-

590 1350 726 1402 ciem
755 1363 817 1401 ac
848 1349 1163 1419 dignitatem
1204 1347 1443 1410 Patrum,
1495 1346 1588 1414 qui
1641 1345 1694 1399 in
1727 1344 1966 1414 antiquis
2009 1325 2159 1397 fuere

590 1440 858 1501 conciliis,
890 1451 941 1493 et
973 1441 1153 1493 omnia
1183 1455 1309 1492 cum
1339 1438 1564 1493 veritate
1586 1445 1640 1491 et
1669 1436 1938 1491 cbarilale
1969 1443 2154 1488 mutua

590 1531 998 1584 examinarunt.
1033 1529 1142 1582 Nec
1205 1545 1332 1583 vero
1377 1529 1717 1598 prouositum
1767 1526 1922 1581 nobis
1968 1533 2054 1580 est
2090 1525 2157 1580 de

593 1635 650 1672 rc
678 1631 784 1671 non
820 1617 998 1686 magni
1021 1616 1279 1686 ponderis
1312 1626 1608 1680 certamen,
1631 1615 1726 1670 sed
1753 1616 1933 1684 agitur
1969 1613 2034 1667 de
2061 1629 2156 1667 ve-

591 1711 750 1764 ritate
805 1710 950 1775 ﬁdei,
981 1724 1076 1779 per
1126 1725 1289 1776 quam
1334 1723 1435 1764 nos
1486 1708 1686 1763 salvari
1738 1722 2047 1778 speramus,
2103 1715 2161 1760 et

589 1819 751 1872 quam
775 1803 1112 1858 contentiose
1142 1803 1455 1872 oppugnare
1497 1815 1606 1856 non
1641 1800 2014 1869 solunyturpe
2049 1806 2154 1868 est,

587 1897 682 1954 sed
707 1906 760 1952 et
784 1896 1020 1951 maxime
1051 1895 1440 1965 periculosum.
1501 1890 1689 1960 Neque
1725 1891 1870 1945 enim
1923 1899 2018 1946 aut
2056 1890 2154 1945 do-

586 2001 765 2045 ctores
789 2003 986 2058 negare
1016 1987 1163 2052 licet,
1184 1985 1383 2055 quibus
1408 1984 1571 2037 etiam
1593 1982 2041 2052 deprecatoribus
2073 1980 2151 2034 ad

589 2081 756 2136 Deum
791 2095 885 2149 pro
917 2079 1152 2148 peccatis
1184 2076 1386 2131 nostris
1410 2075 1484 2129 uti
1535 2075 1797 2139 solemus,
1839 2083 1895 2128 et
1954 2073 2157 2142 quibus

588 2175 842 2228 universa
884 2171 1126 2225 Ecclesia
1183 2184 1281 2238 pro
1332 2167 1723 2224 certaminibus
1768 2166 1838 2221 ob
1873 2165 2156 2221 veritatem

585 2265 875 2334 Susceptis,
898 2273 950 2317 et
977 2262 1259 2316 laboribus
1285 2261 1339 2313 in
1371 2260 1640 2323 docendo,
1668 2272 1830 2328 quam
1860 2257 2157 2338 maximam

588 2355 1045 2427 retulit'gratiam,
1077 2362 1136 2407 ut
1170 2352 1417 2408 omittam
1447 2350 1583 2405 alias
1609 2347 1921 2404 sanctitatis
1951 2357 2157 2419 partes,

590 2463 810 2517 propter
864 2462 1004 2516 quas
1051 2445 1174 2500 illos
1228 2445 1527 2499 secundum
1577 2441 1748 2497 Deum
1801 2441 2156 2496 bonoramus.

588 2539 774 2610 Neque
839 2539 1083 2592 dicemus
1140 2536 1389 2590 doctores
1439 2536 1582 2589 inter
1626 2550 1686 2589 se
1715 2547 2002 2603 pugnare;
2061 2533 2160 2587 hoc

586 2633 730 2706 enim
761 2640 843 2685 est
868 2629 1050 2684 omnia
1081 2625 1436 2694 confundere,
1465 2640 1527 2678 ac
1556 2633 1723 2679 totam
1779 2624 2045 2694 abnegare
2097 2623 2160 2678 tl-

589 2702 733 2778 dem.
766 2720 936 2775 Porro
967 2728 1148 2772 autem
1182 2717 1416 2772 voluisse
1472 2714 1697 2770 Latinos
1725 2715 2045 2784 depravare
2097 2702 2161 2769 fl-

593 2816 738 2876 dem,
769 2822 818 2865 et
851 2811 1133 2865 dortorum
1163 2805 1407 2862 omnium
1464 2806 1778 2861 adulterare
1812 2804 2160 2876 theologiam,

592 2907 716 2977 quis
756 2904 890 2960 adeo
923 2902 1174 2966 stolidus,
1219 2909 1275 2954 ut
1308 2899 1497 2955 credat
1523 2899 1545 2951 ?
1574 2889 1766 2967 quisve
1787 2897 1841 2977 id
1867 2895 2161 2954 asserendo

591 2976 780 3052 contra
821 2995 1067 3057 Latinos,
1105 2993 1218 3046 risu
1273 3006 1382 3045 non
1408 2987 1756 3059 excipiatur?
1813 2976 1967 3043 Nulla
2015 2989 2160 3043 enim

588 3088 900 3143 criminatio
930 3094 1106 3155 potest
1133 3083 1384 3139 falsitatis
1416 3082 1667 3152 redargui
1721 3080 1993 3151 pluribus,
2054 3066 2164 3137 for-

587 3181 840 3242 tioribus,
874 3192 937 3232 ac
969 3172 1279 3230 verioribus
1322 3169 1679 3245 argumentis.
1711 3170 1780 3226 Αι
1835 3170 2163 3240 objiciemus

2264 723 2370 771 σιν,
2410 704 2553 758 οὕτω
2577 705 2714 774 πρὸς
2754 704 2855 775 τὴν
2892 705 3009 774 μεθ’
3054 706 3219 775 ἡμῶν
3244 705 3457 770 ζέουσιν
3502 706 3700 770 ἕνωσιν,
3727 708 3801 759 οὐ.

2260 813 2369 859 τως
2396 798 2542 866 ἡμᾶς
2575 797 2673 864 τῆς
2702 797 2927 850 ἐκείνων
2949 796 3114 852 ἕνεκα
3168 795 3328 866 δόξης
3365 797 3520 871 ,οὐδὲν
3556 796 3796 868 βούλονται

2261 887 2524 957 πράττειν
2554 888 2780 957 αἰσχρὸν
2827 887 2858 958 ἢ
2891 888 3190 956 δυνάμενον
3239 888 3520 958 βλάπτειν.
3560 888 3729 956 Ἡμεῖς
3751 889 3797 941 δὲ

2260 979 2398 1047 πρὸς
2434 977 2610 1031 ταῦτα
2660 980 2840 1033 πάντα
2870 979 3044 1046 λόγων
3105 979 3204 1048 μὲν
3262 979 3395 1041 ίσως
3427 979 3796 1048 εὐπορήσομεν,

2261 1069 2376 1123 ἀλλ’
2406 1069 2466 1123 οὐ
2503 1065 2963 1136 πάνυγενναίων,
3008 1069 3116 1123 οὐδ’
3157 1070 3474 1140 εὐπρεπῶν,
3516 1071 3622 1122 οὐδ’
3658 1070 3796 1134 ἀξίων

2261 1161 2658 1230 τῆςὴμετὲρας
2699 1162 2907 1230 ἀρετῆς
2933 1163 3027 1215 καὶ
3074 1161 3288 1229 σοφίας,
3325 1162 3445 1214 οὐδὲ
3490 1161 3796 1231 βουλομένων

2260 1252 2469 1324 ἀνδρῶν
2497 1255 2686 1324 σχῆμα
2737 1244 2932 1316 σώζειν
2978 1253 3074 1306 καὶ
3118 1253 3273 1319 τάξιν
3302 1254 3410 1306 τῶν
3443 1255 3501 1305 ὲν
3531 1256 3642 1316 ταῖς
3670 1253 3798 1305 συνιέο⁴

2259 1348 2372 1410 δοις
2429 1347 2668 1406 ἐκείναις
2721 1346 3002 1416 Πατὲρων,
3036 1345 3086 1398 οἳ
3140 1347 3280 1416 μετὰ
3320 1346 3419 1412 τῆς
3450 1346 3690 1415 ἀληθείας
3717 1346 3796 1398 xxi

2257 1441 2356 1510 τῆς
2400 1439 2534 1508 πρὸς
2580 1437 2843 1506 ἀλλήλους
2900 1439 3123 1508 ἀγάπης
3156 1439 3330 1490 πάντα
3363 1437 3649 1506 ὲξήτασαν.
3693 1434 3795 1487 Οὐδ’

2260 1530 2401 1600 ὑπὲρ
2427 1518 2535 1584 τῶν
2560 1531 2829 1601 τυχδντων
2851 1529 2986 1600 ἡμῖν
3016 1532 3043 1583 ὁ
3071 1529 3245 1597 ἀγὼν,
3269 1529 3384 1582 ἀλλ’
3409 1528 3510 1582 ὐπέ
3520 1546 3550 1598 ρ
3570 1529 3664 1596 τῆς
3683 1526 3794 1595 ὰλη·

2260 1623 2411 1687 θείας
2441 1623 2544 1692 τῆς
2573 1624 2835 1686 πίστεως,
2868 1623 2987 1693 μεθ’
3012 1619 3080 1695 ἦς
3124 1624 3188 1689 δὴ
3221 1621 3517 1691 ἐλπίζομεν
3561 1616 3794 1684 σώζεσθαι

2259 1717 2355 1770 καὶ
2386 1716 2519 1786 πρὸς
2547 1718 2614 1786 ἣν
2643 1715 2851 1769 ιθέλειν
2881 1715 3227 1784 φιλονεικεῖν,
3254 1715 3355 1768 οὐκ
3392 1713 3616 1783 αἰσχρὸν
3642 1712 3793 1780 μόνον,

2260 1803 2395 1859 ἀλλὰ
2425 1806 2520 1859 καὶ
2556 1805 2805 1859 κινδύνου
2858 1798 3027 1871 γέμον
3075 1804 3359 1871 μεγίστου.
3410 1800 3548 1856 οὐτε
3587 1801 3684 1869 γὰρ
3715 1802 3794 1866 ἀρ-

2260 1901 2525 1968 νήσασθαι
2549 1901 2674 1960 τοὺς
2703 1897 3054 1961 διδασκάλους
3073 1897 3306 1963 ἔξεστιν,
3329 1889 3411 1959 οἷς
3442 1895 3536 1947 καὶ
3567 1892 3796 1966 πρέσϐεσι

2267 1995 2404 2062 πρὸς
2431 1994 2563 2047 Θεὸν
2602 1994 2742 2062 ὑπὲρ
2771 1994 2879 2047 τῶν
2923 1988 3209 2064 ἡμετέρων
3244 1990 3660 2061 ἁμαρτημάτων
3700 1986 3799 2038 ehi»-

2266 2087 2441 2156 Θαμεν
2488 2086 2749 2156 χρῆσθαι,
2783 2086 2876 2140 καὶ
2916 2083 3004 2149 οἷς
3044 2085 3105 2137 τὸ
3139 2085 3317 2139 κοινὸν
3345 2087 3445 2154 τῆς
3503 2079 3797 2150 Ἐκκλησίας

2268 2179 2533 2250 μεγίστας
2565 2177 2673 2233 τῶν
2713 2176 2854 2246 ὑπὲρ
2876 2178 2975 2245 τῆς
3024 2177 3283 2245 ἀληθείας
3320 2175 3548 2244 ἀγώνων
3586 2169 3798 2226 ’καὶτῶν

2263 2272 2322 2324 ὲν
2343 2270 2419 2340 τῷ
2439 2259 2713 2324 διδάσκειν
2743 2268 2922 2323 πόνων
2969 2269 3234 2336 ἀπένειμε
3279 2267 3508 2337 χάριτας
3552 2265 3674 2318 ἄνευ
3717 2261 3799 2328 τῆς

2263 2360 2431 2429 ἄλλης
2482 2358 2823 2428 ἁγιωσύνης.
2877 2352 2948 2431 ἧς
3003 2360 3167 2413 ἕνεκα
3215 2354 3332 2420 ταῖς
3379 2356 3656 2426 δευτέραις
3686 2353 3800 2424 μετὰ

2266 2453 2398 2506 Θεὸν
2422 2451 2623 2514 αὐτοὺς
2652 2453 2900 2521 τιμῶμεν
2926 2453 3134 2521 τιμαῖς·
3163 2449 3281 2504 οὐτ’
3326 2451 3580 2521 ὲροῦμεν-
3609 2447 3802 2516 ἀντιφά-

2268 2561 2418 2598 σκειν
2439 2543 2566 2607 τοὺς
2599 2542 2960 2604 διδασκάλους
2991 2528 3281 2611 ἀλλήλοις)
3307 2541 3469 2595 τοῦτο
3502 2542 3610 2610 γὰρ
3645 2541 3799 2592 ’πάντα

2267 2635 2522 2704 συγχέειν
2570 2633 2714 2700 ἐστὶ,
2766 2633 2862 2685 καὶ
2889 2631 2987 2702 τὴν
3017 2632 3203 2686 πίστιν
3259 2633 3442 2686 πᾶσαν
3519 2630 3799 2700 ἀρνεῖσθαι.

2267 2727 2340 2780 Τὸ
2368 2727 2426 2781 δὲ
2456 2727 2720 2792 Λατίνους
2767 2727 3077 2795 διαφθεῖραι
3113 2725 3443 2796 βουληθῆναι
3488 2718 3587 2786 τὴν
3627 2726 3805 2788 πίστιν,

2268 2817 2363 2872 καὶ
2379 2817 2479 2887 τὴν
2500 2809 2965 2870 τῶνδιδασκάλων
2989 2815 3242 2870 ἁπάντων
3262 2814 3516 2868 νοθεῦσαι
3535 2815 3805 2880 θεολογίαν,

2267 2910 2353 2974 τίς
2381 2908 2557 2973 οὕτως
2587 2907 2793 2972 ἁπλοῦς
2825 2909 2942 2962 ἔστι
2965 2906 3106 2962 ὥστε
3139 2907 3464 2974 πιστεῦσαις
3499 2908 3534 2979 ἢ
3565 2908 3647 2971 τίς
3673 2905 3810 2960 τοῦτο

2268 3002 2412 3059 κατὰ
2433 3003 2682 3057 Λατίνων
2709 2999 2880 3054 εἰπὼν
2903 2999 3025 3071 οὐχὶ
3051 3002 3147 3054 καὶ
3187 3000 3396 3069 γέλωτα
3424 3001 3808 3071 προσοφλήσεις

2270 3098 2497 3168 οὐδεμία
2527 3098 2635 3169 γάρ
2665 3096 2901 3168 ταυτησὶ
2920 3099 3019 3168 τῆς
3050 3097 3387 3168 κατηγορίας
3413 3099 3628 3153 πλείοσί
3653 3117 3708 3152 τι
3733 3097 3813 3151 καὶ

2275 3193 2485 3262 μείζοσι
2548 3191 2645 3245 καὶ
2698 3190 3082 3266 ἀληθεστέρως
3150 3189 3218 3244 ἂν
3287 3191 3571 3262 ἐλέγχοιτο
3622 3192 3811 3261 λόγοις.

588 3287 689 3326 nos
726 3278 1075 3340 apparentem
1113 3269 1397 3322 doctorum
1462 3264 1862 3320 dissensionem
1894 3279 1910 3328 ;
1977 3277 2160 3318 verum

2279 3284 2444 3338 Ἀλλὰ
2472 3282 2570 3352 τὴν
2603 3264 2939 3351 φαινομένην
2982 3281 3402 3352 προϐαλλόμεθα
3443 3283 3557 3334 τῶν
3586 3282 3813 3336 διδασκᾶ-

590 3365 669 3419 illi
708 3377 826 3417 eam
858 3362 1007 3415 nullo
1035 3359 1251 3430 negotio
1294 3358 1618 3423 dissolvent,
1677 3357 1787 3411 imo
1821 3359 1992 3412 etiam
2046 3357 2161 3425 jam

587 3457 975 3511 dissolvcrunt.
1017 3453 1121 3507 Sed
1149 3468 1324 3522 neque
1358 3451 1618 3506 decorum
1642 3450 1888 3526 amplius
1917 3459 2002 3505 est
2050 3449 2165 3504 haec

587 3562 613 3599 a
643 3545 854 3600 Latinis
886 3559 1151 3614 quaerere;
1185 3557 1479 3612 possumus
1503 3541 1650 3596 enim
1682 3549 1737 3595 et
1773 3554 1872 3594 nos
1895 3539 2000 3609 ipsi
2035 3553 2165 3595 con-

589 3638 939 3694 ciliareinter
971 3651 1030 3691 se
1082 3635 1356 3690 doctores.
1402 3623 1696 3703 Ego’cum
1748 3632 1850 3686 sim
1911 3641 2157 3686 vestrum

590 3733 835 3785 omnium
871 3728 1151 3791 minimus,
1187 3726 1279 3781 ubi
1346 3725 1398 3780 id
1459 3724 1883 3789 mandaveritis,
1939 3732 2162 3794 paratus

591 3840 707 3878 sum
739 3825 843 3876 hoc
896 3829 1157 3891 prmstare
1206 3827 1260 3872 et
1323 3817 1571 3885 privatim
1620 3826 1676 3870 et
1705 3816 1939 3884 publice,
1998 3825 2162 3885 atque

586 3915 843 3968 omnibus
870 3913 1158 3968 ostendere
1216 3907 1558 3978 apertissime
1601 3909 1854 3962 doctores
1903 3907 2160 3962 Ecclesiae

585 4011 598 4063 i
628 4033 636 4061 ι
665 4009 981 4062 universum
1017 4005 1083 4058 de
1135 4004 1423 4073 praeposita
1481 4000 1703 4054 materia
1740 4000 1880 4053 idem
1935 4000 2156 4053 sentire.

584 4103 696 4156 lloc
733 4109 911 4152 autem
947 4114 1052 4151 non
1081 4097 1268 4150 multis
1314 4094 1599 4149 ostendam
1643 4091 2012 4154 sermonibus,
2063 4093 2158 4147 sed

584 4194 718 4248 satis
779 4192 879 4244 erit
942 4191 1167 4242 duarum
1226 4190 1462 4257 spatium
1504 4187 1761 4240 horarum
1806 4183 1871 4238 ad
1936 4199 2161 4254 persua-

583 4287 818 4338 dendum
849 4282 1002 4337 vobis
1042 4280 1298 4336 omnibus
1348 4293 1690 4347 nequaquam
1744 4279 2002 4332 dubitare
2039 4293 2159 4330 am-

585 4381 724 4449 plius
757 4379 824 4431 de
852 4377 1218 4430 consensione
1255 4374 1562 4436 doetorum,
1600 4381 1658 4424 ut
1719 4385 1815 4424 nec
1872 4385 1966 4425 vos
2021 4368 2160 4424 ultra

587 4470 849 4529 habeatis,
887 4484 984 4522 nec
1013 4465 1220 4519 Latinis
1253 4466 1526 4532 negotium
1588 4462 1912 4524 exhibeatis,
1969 4462 2158 4514 harum

585 4562 942 4626 inquisitione
1000 4573 1180 4610 rerum
1243 4556 1537 4609 commissa
1601 4555 1809 4625 synodo
1863 4554 2156 4608 communi.

587 4653 692 4706 Sed
734 4667 905 4719 neque
932 4651 975 4704 si
1014 4659 1227 4713 tempus
1255 4648 1417 4700 etiam
1473 4647 1672 4699 frustra
1699 4656 1982 4698 conterere
2033 4645 2161 4699 licc-
2194 4630 2239 4689 ο

587 4742 877 4806 ret,vcluti
927 4741 1245 4795 sedentibus
1303 4740 1354 4791 iu
1399 4739 1532 4798 otio,
1590 4737 1846 4804 nullaque
1884 4737 2162 4804 oppressis

587 4838 915 4891 necessitate
943 4835 1008 4886 ad
1042 4831 1391 4901 cogitandum
1437 4830 1503 4883 de
1555 4827 1757 4891 reditu,
1792 4838 2066 4895 Oporteret
2097 4829 2163 4883 de

591 4934 752 4984 rebus
783 4925 983 4980 divinis
1015 4925 1205 4976 inanes
1249 4921 1476 4974 fundere
1517 4932 1819 4982 sermones,
1851 4926 1905 4971 ct
1954 4918 2161 4972 instan-

590 5023 693 5076 tias
723 5015 1110 5087 disputationis
1141 5028 1270 5081 ergo
1295 5012 1509 5076 afferre,
1539 5010 1933 5077 victoriamque
1982 5012 2159 5065 solum

591 5124 857 5183 spvctarv,
895 5125 956 5162 ac
995 5107 1160 5161 multa
1193 5107 1390 5170 dicere,
1418 5106 1469 5157 iu
1497 5105 1696 5173 quibus
1740 5106 1904 5159 etiam
1941 5121 2036 5170 par
2078 5113 2161 5159 est

595 5199 799 5268 aliquid
828 5196 1027 5249 erroris
1060 5197 1324 5256 miscere;
1358 5193 1518 5262 idque
1575 5210 1678 5245 uon
1717 5195 1945 5246 multum
1979 5195 2161 5247 valen-

598 5293 739 5346 tibus
765 5291 1093 5343 contendere
1152 5301 1272 5340 cum
1307 5283 1514 5337 Latinis
1571 5284 1884 5354 theologica:
1925 5300 1989 5339 ac
2040 5286 2163 5353 phi-

595 5382 886 5452 losophica:
945 5380 1219 5432 facultatis
1272 5377 1501 5440 no:itia;
1569 5376 1767 5431 infelici
1839 5393 2017 5431 rerum
2073 5393 2167 5430 no-

593 5488 829 5532 strarum
866 5485 1009 5528 Statu
1044 5474 1113 5524 ita
1145 5473 1374 5535 ferente,
1439 5480 1657 5538 propter
1687 5486 1849 5539 quem
1910 5471 1999 5539 qui
2053 5469 2167 5538 pri-

595 5578 914 5624 masteuent
953 5566 1242 5629 internus,
1293 5564 1362 5615 ita
1428 5562 1754 5631 theologiam
1818 5576 1880 5614 ac
1931 5562 2171 5631 philoso-

593 5664 772 5730 phiam
800 5659 1094 5730 attingunt,
1126 5668 1181 5710 ut
1230 5671 1333 5713 uou
1369 5655 1589 5710 omnino
1619 5654 1892 5733 liucruditi
1957 5656 2197 5710 videatur

2262 3379 2370 3434 λων
2418 3377 2720 3445 διαφωνίαν
2747 3413 2765 3429 .
2794 3376 3060 3430 -Λύσουσι
3091 3376 3273 3430 τοίνυν
3326 3375 3496 3448 αὐτὴν
3542 3378 3633 3431 καὶ
3687 3365 3814 3445 μάλα

2263 3471 2499 3533 εὐκόλως
2531 3484 2544 3498 ·
2581 3467 2784 3538 μᾶλλον
2832 3466 2890 3520 δὲ
2919 3469 3014 3521 καὶ
3049 3467 3151 3539 ἤδη
3203 3467 3516 3524 λελύκασιν.
3549 3468 3686 3522 Ἀλλ’
3717 3467 3813 3521 οὐδ’

2263 3562 2538 3632 εὐπρεπές
2565 3564 2681 3615 ἐστι
2707 3561 2894 3614 λοιπὸν
2930 3561 3084 3632 παρὰ
3108 3560 3354 3616 Λατίνων
3382 3563 3452 3616 τὰ
3494 3562 3711 3616 τοιαῦτα
3735 3560 3814 3625 ξπ·

2262 3657 2374 3706 τεῖν
2401 3667 2417 3685 ο
2450 3656 2544 3705 καὶ
2576 3652 2740 3722 ἡμεῖς
2792 3649 2903 3720 γὰρ
2957 3652 3090 3720 παρ’
3130 3652 3347 3715 ἑαυτοῖς
3401 3651 3680 3721 δυνάμεθα
3704 3652 3816 3711 τοὺς

2261 3741 2619 3803 διδασκάλους
2652 3739 2964 3795 συνάπτειν.
2994 3737 3137 3808 Ἐγὼ
3195 3739 3414 3794 πάντων
3461 3741 3617 3810 ὐμῶν
3649 3740 3815 3809 ἐλάχι-

2265 3847 2387 3893 στος
2421 3829 2515 3893 ὣν,
2540 3828 2739 3883 ὁπόταν
2765 3827 3079 3909 κελεύσητε,
3103 3827 3251 3882 τοῦθ’
3281 3829 3503 3897 ἕτοιμός
3522 3830 3638 3899 ειμι
3662 3829 3817 3898 πράτ-

2262 3940 2377 3975 τειν
2411 3921 2504 3977 καὶ
2539 3921 2642 3991 ἰδίᾳ
2677 3923 2765 3972 καὶ
2799 3919 3057 3991 δημοσίᾳ,
3104 3921 3200 3974 καὶ
3231 3919 3402 3987 δεῖξαι
3442 3923 3614 3976 πᾶσιν
3641 3922 3817 3974 οὑτωσὶ

2263 4013 2536 4085 φανερῶς,
2564 4013 2646 4065 ὃτι
2693 4012 2784 4066 διὰ
2832 4012 3050 4066 πάντων
3096 4013 3147 4065 oi
3179 4010 3279 4081 τῆς
3326 4012 3653 4084 Ἐκκλησίας
3685 4011 3814 4066 διδά-

2265 4104 2453 4157 σκαλοι
2470 4104 2570 4173 τὴν
2601 4102 2771 4172 αὐτὴν
2794 4103 2924 4172 περὶ
2944 4102 3054 4154 τῶν
3081 4103 3460 4171 προκειμένων
3490 4105 3666 4175 ἔχουσι
3691 4104 3816 4170 γνώο
3849 4129 3855 4144 λς

2268 4213 2395 4267 μην*
2434 4194 2718 4249 καὶτοῦτο
2774 4195 2874 4249 οὐκ
2932 4197 2987 4248 ὲν
3035 4195 3217 4263 λόγοις
3251 4194 3412 4259 δείξω
3450 4196 3682 4261 πολλοῖς,
3712 4195 3816 4248 ἀλλ’

2263 4290 2591 4360 ἀρκέσουσιν
2612 4281 2750 4357 ὧραι
2783 4287 2898 4351 δύο,
2936 4286 3077 4340 ὥστε
3112 4288 3540 4353 πεῖσαιίπάντας
3561 4291 3694 4360 ὑμᾶς
3723 4305 3815 4358 μη-

2264 4384 2527 4451 κέτιπερὶ
2542 4381 2639 4451 τῆς
2655 4381 2760 4433 τῶν
2779 4380 3121 4434 διδασκάλων
3142 4373 3468 4450 συμφωνίας
3490 4382 3816 4452 ἀμφιγνοεῖν·

2269 4473 2407 4544 μηδὲ
2439 4475 2744 4542 πράγματα
2771 4472 2959 4524 λοιπὸν
2993 4472 3187 4535 αὐτούς
3211 4490 3270 4526 τε
3297 4473 3442 4542 ἔχειν
3469 4474 3565 4526 καὶ
3590 4473 3819 4532 Λατίνοις

2266 4566 2556 4636 παρέχειν,
2593 4566 2749 4634 κοινῇ
2784 4565 2987 4634 συνόδῳ
3011 4564 3108 4634 τὴν
3141 4565 3271 4634 περὶ
3313 4565 3521 4616 τούτων
3561 4563 3822 4618 ἀνατιθὲνο

2265 4675 2362 4718 τας
2389 4657 2661 4720 ἐξέτασιν.
2711 4655 2876 4707 Ἀλλὰ
2913 4655 3018 4723 μὴν
3069 4655 3178 4707 οὐδ’
3235 4655 3283 4706 εί
3325 4655 3538 4726 τρίϐειν
3577 4655 3696 4724 ἐξῆν
3739 4655 3820 4704 τὶν

2270 4748 2484 4816 καιρὸν,
2523 4747 2776 4815 καθάπερ
2809 4747 2899 4797 ἐπὶ
2931 4747 3128 4814 σχολῆς
3160 4745 3533 4814 καθημένους,
3568 4749 3658 4799 καὶ
3701 4746 3821 4814 πρὸς

2265 4839 2364 4906 τὴν
2398 4837 2658 4890 ἐπάνοδον
2686 4838 2945 4907 οὐδεμίαν
2978 4839 3225 4906 ἀνάγκην
3275 4838 3523 4907 ἔχοντας,
3573 4838 3676 4891 ἔδει
3708 4839 3822 4903 περὶ

2265 4930 2375 4983 τῶν
2411 4930 2569 4982 (θείων
2595 4933 2942 4999 πραγμάτων
2976 4931 3107 4984 κενά
3137 4931 3231 4983 καὶ
3264 4930 3470 4999 μάταια
3511 4931 3706 4997 λέγειν,
3739 4926 3822 4978 καὶ

2269 5023 2404 5091 πρὲις
2431 5021 2520 5072 τὸν
2542 5018 2645 5083 ἓξῶ
2671 5021 2827 5088 λόγον
2856 5019 3209 5083 ¹ἐνίστασθαι,
3232 5021 3324 5073 καὶ
3363 5019 3460 5090 τὴν
3489 5020 3646 5088 νίκην
3671 5020 3822 5085 μύνῃν

2269 5116 2515 5174 σκοπεῖν,
2545 5115 2640 5164 κοιλ⁸
2676 5111 2847 5163 πολλὰ
2875 5113 3076 5179 λέγειν,
3115 5111 3172 5162 ὲν
3195 5107 3274 5173 οἷς
3296 5111 3443 5174 εἰκός
3465 5127 3518 5162 τι
3549 5111 3638 5161 καὶ
3659 5110 3822 5176 ἁμαρ·

2265 5206 2466 5257 τὰνειν·
2497 5205 2592 5256 καὶ
2626 5204 2798 5256 ταῦτα
2831 5204 2959 5271 περὶ
2982 5204 3262 5272 Οετιλογίας
3293 5220 3349 5256 τε
3385 5206 3477 5256 καὶ
3527 5199 3823 5271 φιλοσοφίας

2267 5299 2325 5348 οὐ
2363 5296 2571 5364 σφόδρα
2605 5295 2934 5361 δυναμένους
2989 5295 3325 5364 ἁμιλλᾶσθαι
3357 5293 3609 5357 Λατίνοις
3637 5309 3650 5323 '
3683 5290 3825 5343 τοῦτο

2266 5388 2366 5453 τῆς
2393 5389 2449 5437 ὲν
2476 5387 2607 5453 ἡμῖν
2637 5385 2930 5455 δυστυχίας
2951 5383 3060 5439 τῶν
3088 5387 3432 5455 πραγμάτων
3455 5383 3824 5454 πεποιηκυίας,

2267 5475 2332 5526 δι’
2355 5476 2420 5544 ἦν
2456 5477 2502 5526 οί
2535 5474 2664 5545 παρ’
2690 5477 2822 5544 ἡμῖν
2853 5477 3012 5546 ἄκροι
3047 5480 3300 5530 τοσοῦτον
3333 5476 3615 5544 θεολογίας
3638 5491 3696 5527 τε
3745 5473 3826 5523 καὶ

2270 5567 2589 5635 φιλοσςφίας
2622 5569 2909 5630 ἅπτονται,
2937 5567 3078 5621 ὥστε
3136 5571 3298 5639 μόνον
3469 5569 3645 5622 δοκεῖν
3668 5565 3827 5618 καθά-

2275 5658 2382 5720 παξ
2417 5658 2754 5723 ἀπαίδευτοι,
2819 5660 3210 5714 ἐκλελοιπότων
3265 5663 3363 5732 μὲν
3418 5655 3826 5728 παιδευτηρίων,
