3966 6328
127 347 221 411 43:7

1276 337 1561 403 ORATIO
1601 342 1660 404 ll
1704 343 1803 405 AD
1844 342 2238 437 SYNODUM.

3282 330 3407 401 458‘

133 482 229 528 σεε,
286 464 362 525 ὡς
416 459 541 532 μηδ’
594 456 951 514 αἰσθάνεσθαι
1015 454 1227 521 λοιπὸν,
1289 456 1342 509 εἴ
1402 475 1546 520 τινος
1591 457 1699 511 τῶν

1826 473 1991 517 :ontra
2042 461 2188 517 enim
2224 458 2408 531 potius
2444 457 2511 513 ab
2560 450 2672 512 illis
2722 453 2981 511 Ecclesia:
3017 451 3132 518 Dei,
3172 451 3389 523 sibique

133 554 308 626 πιώην
336 549 716 623 ᾠκειωμένων
749 548 1099 618 κατέστημεν
1127 546 1348 619 ἔρημοι.
1384 550 1546 604 Ἀλλὰ
1593 550 1700 621 μὴν

131 649 227 702 οὖδ¹
261 646 605 716 ἀδικήσομεν
638 643 780 704 ὅλως
816 642 1016 704 αὐτοὺς
1040 639 1160 711 Θεῷ
1208 640 1439 711 δικαστῇ
1470 644 1701 704 καὶτοῖς

134 740 246 792 νοῦν
283 740 473 809 ἔχουσι
509 735 620 788 τῶν
652 733 964 806 ἀνθρώπων
989 750 1001 764 ·
1036 732 1355 787 τούναντίον
1407 732 1518 801 γὰρ
1570 734 1703 803 μᾶλ-

1812 553 1949 625 ipsis
1981 546 2308 622 lietinjuria
2352 571 2365 609 :
2406 552 2681 622 siquidem
2732 549 2991 624 deinceps
3027 561 3135 601 non
3172 553 3387 601 tantum

1808 648 1971 702 nobis
2005 647 2283 703 contraria
2335 647 2595 709 sentient,
2642 657 2783 714 quos
2818 649 2872 697 et
2921 650 3080 696 antea
3108 636 3395 695 catholicae

1807 740 2067 794 Ecclesiae
2110 750 2318 812 partem
2353 738 2753 810 agnoscebant,
2804 736 2901 792 sed
2932 750 3112 806 pugna
3150 733 3256 786 illis
3286 726 3394 786 erit

132 834 237 895 λον,
266 832 425 884 αὐτοὶ
464 831 561 883 καὶ
582 828 683 900 τὴν
728 826 1061 899 Ἐκκλησίαν
1101 826 1238 879 Θεοῦ
1276 824 1371 877 καὶ
1406 824 1548 893 σφᾶς
1603 825 1704 877 αύ-

1826 844 1933 882 :um
1974 838 2087 884 tota
2140 845 2368 899 prorsus
2414 830 2685 896 Ecclesia,
2722 835 2998 897 eruntque
3033 824 3102 878 ab
3136 823 3394 878 universa

131 924 247 986 τοὺς
283 922 664 991 ἀδικήσουσιν.
698 921 773 973 Ού
798 920 909 991 γὰρ
940 920 1073 991 ἡμῖν
1109 918 1295 988 μόνοις
1327 916 1518 970 λοιπὸν
1549 916 1707 969 ἀντε-

136 1015 334 1083 ρούσιν,
368 1012 464 1076 οὒς
489 1013 582 1065 καὶ
606 1014 874 1084 πρότερον
896 1012 997 1082 τῆς
1031 1009 1330 1079 καθολικῆς
1373 1007 1708 1077 Ἐκκλησίας

136 1110 320 1176 μοῖραν
348 1105 553 1177 ᾔδεσαν
600 1105 784 1169 δντας,
842 1103 978 1160 ἀλλά
1033 1102 1172 1173 πρὸς
1225 1103 1410 1155 πᾶσαν
1438 1100 1575 1171 ὁμοῦ
1610 1100 1708 1170 τὴν

145 1199 468 1270 Ἐκκλησίαν
518 1198 986 1268 φιλονεικήσουσι,
1025 1196 1121 1249 καὶ
1167 1193 1348 1266 πάσης
1379 1194 1707 1265 ἀπορραγῆ-

139 1309 334 1347 σονται.
376 1293 489 1363 Τῆς
522 1293 631 1365 γὰρ
657 1290 799 1345 κατὰ
857 1286 1442 1344 Κωνσταντινούπολιν
1484 1286 1711 1354 Ἐκκλη-

139 1386 251 1450 σίας
302 1385 447 1457 μετὰ
493 1385 601 1439 τῶν
642 1383 820 1439 ἄλλων
856 1382 1026 1453 τριῶν
1070 1382 1137 1451 τῇ
1205 1379 1395 1451 Ῥώμῃ
1442 1394 1711 1431 συναπτο-

140 1478 318 1550 μένης,
350 1479 509 1533 οὐδὲν
540 1477 641 1546 τῆς
681 1462 980 1545 καθολικῆς
1039 1472 1367 1544 Ἐκκλησίας
1410 1472 1515 1539 ἔξω
1543 1488 1715 1525 κατα-

137 1570 377 1625 λείπεται
414 1585 427 1599 ⁸
480 1562 549 1640 ἧς
573 1567 969 1638 ἀποσχίξοντες
996 1564 1249 1635 ἑαυτοὺς,
1284 1564 1380 1617 καὶ
1410 1564 1509 1627 τὰς
1542 1562 1716 1631 αὐτῆς

137 1662 557 1731 ἀπαναινόμενοι
582 1658 823 1729 ψήφους,
850 1658 951 1711 οὐκ
984 1651 1087 1710 οἶδ’
1135 1655 1191 1709 εἴ
1220 1673 1367 1717 τινος
1422 1653 1517 1709 ὑπ’
1548 1654 1713 1709 ἄλλου

140 1755 321 1809 τούτου
380 1754 610 1825 πάσχειν
641 1752 895 1807 δύναιντο
950 1752 1149 1823 χεῖρον.
1187 1749 1311 1802 Οὐδ’
1365 1749 1509 1819 ἡμᾶς
1566 1747 1719 1818 ὀφείο

1810 922 2070 988 separati.
2102 920 2236 977 Nam
2263 923 2353 977 ubi
2374 921 2992 993 Constantinopo'itana
3016 917 3266 973 Ecclesia
3291 930 3396 970 una

1814 1027 1938 1066 cum
1971 1011 2145 1066 tribus
2162 1013 2284 1068 aliis
2310 1014 2605 1083 conjuncta
2632 1017 2736 1070 erit
2780 1029 2901 1071 cum
2938 1014 3206 1073 Romana,
3248 1009 3399 1065 nulla

1814 1104 2097 1159 catholicae
2126 1104 2382 1160 Ecclesia:
2411 1122 2534 1175 pars
2575 1117 2731 1162 ex2ra
2759 1117 2966 1173 manet,
2987 1121 3015 1158 a
3049 1120 3153 1174 qua
3184 1102 3399 1173 seipsns

1816 1194 2179 1265 sejungendo,
2226 1204 2280 1250 et
2329 1196 2555 1251 decreta
2596 1198 2714 1265 eius
2765 1211 2871 1252 non
2904 1195 3244 1266 recipiendo,
3286 1208 3399 1247 non

1816 1289 1975 1343 video
2004 1289 2133 1357 quid
2165 1305 2193 1343 a
2220 1304 2496 1360 quoquam
2530 1290 2638 1363 alio
2672 1292 2888 1360 possint
2929 1291 3032 1346 hoc
3071 1290 3217 1344 malo
3248 1288 3398 1343 dete-

1816 1382 1935 1438 rius
1966 1384 2097 1454 pati.
2150 1380 2339 1453 Neque
2384 1384 2587 1439 debere
2638 1399 2738 1439 nos
2775 1385 2975 1438 dixerit
3014 1384 3290 1454 quispiam
3324 1382 3420 1435 iln‘

1819 1472 1930 1528 illis
1981 1475 2386 1543 obsecundare,
2427 1488 2483 1534 ut
2534 1486 2589 1532 et
2624 1477 2910 1531 veritatem
2959 1487 3400 1539 contemnamus,

1819 1578 1875 1621 et
1907 1568 2058 1638 pacis
2090 1568 2295 1625 bonum
2346 1585 2695 1641 rcspuamus,
2726 1570 2995 1640 nobisque
3032 1569 3165 1639 ipsis
3200 1568 3401 1624 damna

1819 1673 2075 1715 creemus
2109 1677 2123 1715 :
2152 1663 2298 1731 quod
2354 1662 2439 1718 vel
2486 1663 2727 1719 dominis
2763 1651 3078 1720 concedere
3118 1661 3275 1727 valde
3320 1670 3403 1716 est

1824 1750 2141 1808 absurdum.

133 1849 244 1907 ’λειν
309 1854 457 1906 εἴποι
516 1869 601 1916 τις
659 1850 726 1906 ἂν
792 1848 923 1921 ἄχρι
974 1848 1069 1903 καὶ
1145 1846 1239 1902 τοῦ
1296 1846 1396 1916 τῆς
1483 1845 1745 1917 ἀληθείας
1820 1854 2211 1922 καταφρονεῖν,
2263 1854 2358 1908 καὶ
2422 1854 2483 1909 τὸ
2539 1855 2639 1927 τῆς
2718 1856 2947 1928 εἰρήνης
3018 1854 3407 1927 παραιτεῖσθαι

141 1952 323 2014 καλὸν.
376 1950 473 2006 καὶ
522 1952 672 2021 ἡμᾶς
715 1948 912 2011 αὐτοὺς
963 1943 1243 2018 ζημιοῦν.
1295 1943 1365 1998 τὰ
1429 1943 1582 2014 σφῶν
1641 1943 2008 2016 θεραπεύειν,
2062 1948 2090 2003 δ
2154 1950 2252 2005 καὶ
2300 1952 2593 2017 δεσπόταις
2647 1952 2768 2007 λίαν
2823 1953 3025 2008 ἄτοπόν
3085 1953 3205 2005 ἐστι
3272 1966 3406 2016 συγ-

141 2050 358 2121 χωρείν.

219 2142 363 2201 Ἀλλ’
394 2142 507 2197 οὔδ’
540 2139 710 2212 ἀηθές
745 2155 800 2193 τι
834 2137 933 2192 καὶ
962 2134 1059 2192 νῦν
1092 2136 1315 2206 πρῶτον
1362 2136 1663 2206 συμϐαῖνον
1695 2135 1722 2206 ἡ

1903 2139 2076 2197 Porro
2128 2151 2311 2197 autem
2352 2156 2553 2197 novum
2588 2156 2694 2195 non
2736 2150 2839 2206 est,
2874 2148 2969 2196 aut
2999 2155 3144 2207 nunc
3170 2139 3407 2209 primum

145 2237 274 2309 πρὸς
302 2236 407 2306 τὴν
429 2231 824 2303 οἰκουμενικὴν
849 2229 1069 2284 σύνοδον
1113 2229 1211 2283 καὶ
1237 2227 1336 2293 τὰς
1368 2227 1585 2300 ψήφους
1630 2227 1728 2281 αὒ-

142 2330 235 2398 τῆς
259 2326 425 2382 ἐνίων
452 2323 740 2398 ἀπείθεια,
779 2323 869 2378 ἵνα
893 2337 979 2385 τις
1010 2321 1106 2375 καὶ
1153 2310 1256 2392 τῆς
1311 2321 1469 2391 ημῶν
1517 2320 1727 2373 οἰκονο-

149 2420 273 2491 μίας
312 2417 416 2491 Em
436 2415 801 2487 κατηγορεῖν,
834 2413 899 2466 οὐ
930 2409 1272 2485 δυνηθέντων
1332 2411 1543 2474 πάντας
1583 2409 1727 2481 ἔχειν

148 2511 503 2574 ύπείκοντας.
535 2506 717 2562 Πολλὰ
740 2506 849 2578 γὰρ
885 2504 1017 2575 ἔθνη
1068 2504 1171 2557 καὶ
1197 2502 1387 2568 πόλεις
1446 2502 1567 2558 ὅλαι
1617 2502 1726 2557 τῶν

84 2594 87 2597 ’
149 2606 438 2677 προτέρων
471 2601 710 2656 συνόδων
730 2596 982 2669 γνώμαις
1023 2596 1335 2665 ἀντέλεγον,
1384 2594 1726 2667 ἀνθρώπινόν

142 2713 189 2748 τι
214 2694 412 2749 παθεῖν
453 2694 674 2761 ἐκείνας
724 2689 1047 2761 ἡγούμενοι,
1086 2689 1177 2742 καὶ
1231 2688 1292 2742 τὸ
1331 2687 1491 2755 δόξαν
1525 2688 1720 2750 αὐταῖς

141 2786 282 2840 τοῦτ’
317 2780 460 2841 εῖναι
485 2783 719 2854 τάληθὲς
744 2780 1178 2853 ἀποφηναμένας
1202 2795 1217 2812 ·
1251 2779 1357 2842 ἓως
1401 2779 1435 2850 ἡ
1463 2778 1564 2849 τῆς
1596 2777 1728 2848 ἀλη-

145 2876 289 2939 θείας
315 2875 477 2947 ἰσχὺς
533 2874 634 2937 τάς
665 2874 924 2927 ἁπάντων
989 2870 1217 2926 είσδῦσα
1267 2870 1469 2942 ψυχὰς,
1512 2871 1727 2933 πάντας

143 2966 307 3033 ἔδειξε
333 2965 722 3036 πειθομένους,
751 2965 850 3019 καὶ
879 2963 955 3029 ὡς
1001 2962 1139 3018 Θεοῦ
1201 2964 1408 3033 φωναῖς
1455 2964 1576 3024 ταῖς
1614 2961 1725 3014 τῶν

143 3062 350 3131 ἀνδρῶν
412 3059 645 3114 ἐκείνων
701 3058 1093 3130 προσέχοντας.
1159 3056 1269 3110 Καὶ
1311 3053 1457 3108 τοῦτ’
1527 3054 1723 3125 ᾔδεσαν

144 3153 392 3225 ἀκριϐῶς
418 3154 471 3207 οί
499 3152 598 3223 τῆς
632 3149 892 3222 ἀληθείας
926 3149 1212 3216 ἐξετασταί
1237 3162 1252 3178 ο
1284 3146 1400 3201 ἀλλ’
1448 3146 1512 3200 οὐ
1545 3146 1723 3215 δήπου

144 3246 291 3302 τοῦτ’
325 3243 751 3314 εὐλαϐούμενοι,
792 3243 885 3295 καὶ
929 3243 1032 3311 τήν
1062 3257 1232 3296 τινων
1295 3236 1396 3291 εἴτ’
1448 3238 1725 3291 ἀναίδειαν

145 3338 239 3393 εἰτ’
263 3336 531 3391 ἀπιστίαν
570 3335 683 3388 δεῖν
731 3333 1030 3404 ἡγούμενοι
1064 3329 1419 3405 θεραπεύειν,
1472 3329 1572 3390 τὰς
1614 3329 1724 3383 τῶν

143 3430 509 3501 εὐγνωμόνων
562 3426 744 3498 ψυχὰς
791 3426 1016 3496 ἀφῆκαν
1080 3421 1431 3497 σαλεύεσθαι,
1480 3422 1575 3476 καὶ
1626 3421 1724 3493 τὴν

143 3523 403 3593 ἀλήθειαν
425 3519 701 3591 περιεῖδον
729 3517 834 3572 ὑπὸ
872 3516 967 3571 τοῦ
1001 3514 1237 3588 ψεύδους
1276 3513 1721 3583 πολεμουμένην,

142 3615 233 3668 καὶ
255 3615 357 3683 τὴν
387 3611 729 3683 Ἐκκλησίαν
776 3607 914 3662 Θεοῦ
950 3608 1020 3663 τὰ
1075 3606 1333 3678 χείριστα
1384 3605 1723 3675 πάσχουσαν,

146 3709 236 3760 καὶ
266 3708 412 3777 σφᾶς
450 3705 648 3770 αὐτοὺς
682 3704 943 3758 ἀπάντων
966 3698 1176 3755 τδύτων
1210 3700 1418 3763 αἰτίους
1470 3695 1611 3753 εῖναι
1639 3699 1723 3751 δο-

141 3799 369 3861 κοῦντας
393 3814 406 3828 ·
442 3797 580 3852 ἀλλὰ
605 3795 814 3850 τούτων
859 3794 1093 3865 μάλιστα
1130 3791 1226 3847 καὶ
1276 3789 1558 3861 προύργου
1615 3808 1712 3843 πε·-

144 3890 526 3961 φροντικότες,
561 3889 764 3942 αὐτίκα
795 3888 894 3957 μὲν
926 3887 1031 3939 τῶν
1058 3884 1237 3938 ἄλλων
1282 3882 1547 3954 ἠμέλουν,
1606 3879 1725 3936 εἶτα

143 3985 435 4047 κάκείνους
473 3984 663 4053 εὐχαῖς
697 3998 756 4033 τε
791 3980 886 4033 καὶ
946 3980 1067 4041 ταῖς
1131 3976 1322 4040 ἄλλαις
1381 3976 1728 4048 ἐπιμελείαις

146 4075 320 4141 ἰῶντο,
350 4074 452 4127 καὶ
490 4072 627 4144 πρὸς
649 4070 751 4143 τὴν
782 4070 883 4124 τοῦ
916 4067 1084 4122 καλοῦ
1119 4068 1216 4122 καὶ
1246 4067 1463 4121 δικαίου
1523 4067 1729 4135 γνῶσιν

142 4170 515 4237 ἀπέστρεφον.
556 4165 630 4219 Οὐ
654 4165 841 4218 τοίνυν
872 4161 980 4215 οὐδ’
1013 4161 1164 4231 ἡμᾶς
1186 4158 1284 4215 νῦν
1308 4158 1403 4213 τοῦ
1429 4160 1600 4221 δεῖνος
1634 4159 1729 4211 καὶ

140 4260 231 4315 τοῦ
261 4261 437 4324 δεῖνος
472 4259 677 4331 πρέπει
708 4254 1019 4327 φροντίσαι,
1054 4256 1203 4316 ὅπως
1233 4253 1309 4321 μὴ
1340 4251 1567 4322 γένηται
1625 4268 1727 4303 πο-

141 4356 308 4424 νηρὶς
341 4352 590 4425 ἀμείνων
622 4346 761 4403 εἶναι
822 4346 1152 4418 δυνάμενος,
1204 4342 1340 4398 ἀλλὰ
1374 4342 1436 4395 τὸ
1467 4340 1585 4395 δέον
1633 4342 1728 4396 αὖ·

142 4447 262 4509 τοὺς
287 4443 805 4513 διαπραξαμένους,
835 4440 949 4502 τοῖς
972 4437 1096 4491 νοῦν
1143 4436 1331 4507 ἔχουσι
1371 4434 1727 4489 καταλείπειν

144 4539 431 4609 αἰρείσθαι
456 4535 615 4589 τοῦτο
651 4534 749 4587 καὶ
770 4524 1059 4601 στέργειν·
1091 4527 1183 4592 οὓς
1245 4528 1392 4591 εἰκὸς
1426 4525 1567 4582 εἶναι
1600 4530 1728 4591 τοὺς

143 4630 371 4692 πιστούς
402 4645 463 4681 τε
492 4627 589 4681 καὶ
622 4623 1037 4693 δοκιμωτάτους
1075 4621 1185 4674 τῶν
1243 4620 1530 4691 ἡμετέρων
1557 4635 1571 4651 ’
1615 4622 1728 4684 τοῖς

138 4723 182 4777 δ’
208 4720 556 4776 ἀντιϐαίνειν
610 4718 741 4778 (cui;
779 4711 1204 4791 βουλησομένοις
1224 4714 1327 4766 -τδν
1369 4712 1509 4781 μετά
1553 4711 1727 4766 ταῦτα

1830 2248 1933 2289 usu
1973 2232 2143 2308 venit,
2177 2247 2298 2289 esse
2327 2234 2419 2305 qui
2452 2233 2725 2305 synodum
2757 2232 3154 2288 (eettmenicatn
3178 2233 3415 2304 ejusque

1829 2324 2045 2381 decreta
2093 2339 2201 2379 non
2246 2323 2579 2389 admittant;
2626 2333 2685 2379 ut
2736 2325 2782 2380 si
2832 2340 2936 2378 non
2985 2325 3285 2394 poterimus
3338 2326 3407 2381 ad

1830 2425 2076 2470 nostram
2116 2430 2308 2471 omnes
2345 2415 2647 2486 perducere
2676 2416 3026 2480 sententiam,
3055 2416 3228 2487 possit
3254 2419 3409 2488 quis-

1829 2503 1974 2572 piam
2000 2503 2236 2558 concilia
2272 2512 2458 2558 nostra
2487 2504 2785 2560 damnare:
2820 2501 3003 2560 multa:
3021 2506 3165 2560 enim
3193 2517 3405 2578 gentes,

1828 2601 1882 2649 ct
1915 2593 2164 2651 civitates
2211 2588 2437 2665 in'tegrte
2485 2598 2728 2667 priorum
2780 2598 3140 2654 conciliorum
3192 2601 3407 2657 decreta

1829 2674 2243 2755 oppugnabant,
2295 2686 2523 2742 humani
2570 2688 2776 2757 aliquid
2811 2705 2972 2759 passa
3001 2691 3089 2746 illa
3123 2693 3362 2762 opinata:
3386 2737 3400 2760 ,

1829 2787 1884 2832 et
1916 2777 2059 2847 quod
2095 2777 2200 2832 sibi
2236 2778 2410 2834 visum
2434 2788 2601 2843 esset,
2632 2780 2761 2835 illud
2788 2791 3043 2849 tauquam
3076 2798 3261 2837 verum
3288 2799 3413 2853 pro-

1829 2870 2157 2937 nuntiasse;
2186 2870 2360 2926 donec
2393 2872 2439 2924 vi
2471 2887 2568 2926 sua
2600 2872 2800 2927 veritas
2837 2873 2890 2927 in
2926 2875 3167 2927 omnium
3191 2876 3409 2931 animos

1829 2979 1949 3021 sese
1981 2963 2268 3021 insinuans
2306 2963 2511 3028 ell'ccit,
2556 2976 2612 3020 ut
2644 2967 3317 3037 omnes,acquiescereut,
3358 2979 3411 3022 et

1829 3056 2110 3111 hominum
2138 3056 2354 3111 illorum
2387 3057 2617 3119 vocibus
2653 3067 2914 3129 tanquam
2958 3058 3161 3115 divinis
3195 3062 3413 3115 auscul-

1831 3160 2028 3205 tarent.
2062 3148 2128 3203 Et
2159 3161 2507 3220 perspectum
2557 3166 2691 3206 sane
2741 3153 2842 3205 hoc
2884 3150 3161 3206 habebant
3198 3150 3411 3223 iudices

1829 3240 1902 3295 illi
1955 3240 2238 3307 veritatis;
2295 3256 2402 3296 non
2436 3250 2615 3295 tamen
2657 3251 2751 3295 aut
2779 3241 2935 3295 veriti
2991 3243 3265 3307 hoesunt,
3314 3255 3412 3301 aut

1828 3333 2040 3401 piorum
2062 3334 2278 3388 animos
2307 3332 2570 3389 ﬂuctuare
2598 3343 2725 3388 sunt
2756 3336 2922 3404 passi,
2954 3337 3098 3406 quod
3129 3346 3407 3406 putarent.

1830 3424 2179 3495 impudentiae
2220 3442 2315 3482 seu
2370 3425 2609 3495 perﬁdia.-
2649 3429 3035 3495 quornmdarn.
3063 3442 3185 3482 esse
3240 3429 3411 3483 inser-

1830 3519 2118 3586 viendum;
2156 3528 2248 3572 aut
2300 3518 2659 3589 neglexerunt
2712 3534 2738 3570 a
2786 3520 3073 3573 mendacio
3122 3521 3405 3575 veritatem

1828 3622 2216 3683 oppugnatam,
2254 3612 2671 3679 Ecclesiamque
2720 3612 2811 3665 Dei
2846 3612 3192 3682 gravissimis
3249 3615 3406 3668 labo-

1828 3717 2038 3763 rantem
2089 3707 2289 3771 nzalis;
2344 3715 2439 3760 aut
2482 3687 2868 3759 sustinuerunt
2920 3720 2978 3758 se
3032 3707 3227 3760 borum
3281 3721 3399 3761 om-

1831 3800 1978 3854 nium
2002 3806 2256 3852 auctores
2290 3796 2461 3851 videri
2489 3807 2503 3852 :
2544 3796 2641 3851 sed
2681 3811 2873 3850 omnes
2901 3811 3030 3851 suas
3068 3811 3228 3851 curas
3256 3799 3307 3851 in
3328 3798 3413 3852 his

1830 3891 2126 3961 deﬁgentes
2162 3889 2631 3959 parvipendebant
2659 3888 2880 3957 quidem
2914 3888 3017 3940 alia
3045 3884 3165 3943 sine
3189 3898 3410 3943 cuncta—

1832 3980 2017 4047 tione;
2055 3979 2253 4035 deinde
2289 3979 2413 4033 illos
2446 3982 2633 4041 etiam,
2667 3992 2856 4046 preces
2905 3977 2970 4030 ad
3011 3976 3179 4032 Deum
3230 3977 3409 4032 cﬂ‘un-

1832 4068 2037 4132 dendo,
2072 4068 2302 4137 aliisque
2332 4068 2561 4121 medelis
2584 4065 2874 4132 curabant,
2911 4074 3075 4136 atque
3103 4067 3168 4120 ad
3194 4067 3427 4123 honesti

1830 4172 1882 4217 et
1906 4162 2036 4233 justi
2062 4162 2396 4234 agnitionem
2417 4162 2831 4216 convertebant.
2865 4162 2973 4216 Nec
2999 4176 3094 4215 vos
3125 4162 3288 4231 igitur
3318 4179 3413 4219 cu-

1830 4271 1955 4310 rare
1990 4255 2169 4321 decet,
2206 4270 2270 4308 ue
2299 4254 2384 4307 hic
2424 4264 2519 4308 aut
2565 4253 2654 4307 ille
2686 4252 2863 4306 malus
2901 4255 3013 4320 fiat,
3050 4271 3176 4308 cum
3229 4258 3404 4325 possit

1830 4362 1950 4402 esse
1980 4346 2063 4399 vir
2110 4345 2321 4411 bonus;
2356 4344 2448 4399 sed
2487 4343 2577 4398 ubi
2620 4342 2765 4410 quod
2791 4342 2906 4396 fieri
2936 4351 3150 4410 opoi-tet
3182 4359 3408 4415 perege-

1833 4438 1976 4504 ritis,
2024 4438 2360 4508 sopientihus
2394 4434 2703 4504 eligendum
2758 4442 2813 4488 et
2863 4435 3307 4504 amplecteudum
3344 4436 3409 4490 il-

1833 4530 1923 4585 lud
1968 4530 2327 4600 relinquetis;
2388 4544 2529 4599 quos
2570 4527 2687 4583 fore
2727 4543 2821 4582 eos
2853 4528 2946 4599 qui
2990 4527 3177 4582 ﬁdeles
3204 4538 3330 4582 sunt
3358 4539 3413 4580 et

1832 4622 1975 4677 inter
2018 4632 2236 4677 nostros
2270 4622 2668 4693 probatissimi,
2703 4632 3139 4676 consentaneum
3176 4631 3299 4687 est;
3342 4622 3407 4675 iis

1832 4730 1958 4769 vero
1980 4715 2071 4785 qui
2100 4714 2240 4769 forte
2261 4713 2658 4768 contradictnri
2690 4722 2839 4776 sunt,
2868 4722 3083 4781 tempus
3113 4713 3410 4781 insequens

142 4816 333 4887 καιρὸν
369 4810 657 4882 ἀφορίζειν
688 4810 771 4873 εἰς
806 4807 1073 4879 ἰατρείαν,
1110 4807 1203 4860 καί⁵
1258 4805 1396 4876 μηδὲ
1424 4806 1523 4875 τὴν
1588 4805 1722 4859 ἐκεί.

1838 4804 2094 4859 tribuctis
2129 4803 2195 4857 ad
2230 4804 2596 4871 cmationem,
2636 4815 2736 4853 nec
2766 4815 2956 4852 eorum
2981 4800 3410 4873 conversionem

144 4926 245 4961 νων
274 4903 636 4976 ἐπιστροφὴν
670 4900 949 4964 παντελῶς
980 4899 1307 4952 ἀνέλπιστον
1352 4895 1580 4951 οἴεσθαι.
1614 4898 1735 4951 Εἰσὶ

143 5000 272 5069 γὰρ,
297 5000 413 5051 εἰσι
444 4995 631 5049 πολλοὶ
654 4992 788 5064 παρ’
815 4993 973 5064 ἡμῖν,
994 4991 1043 5045 0!
1067 4989 1338 5045 παύσουσι
1359 4989 1735 5057 φιλονεικοῦν‹

143 5110 237 5155 τας
269 5089 493 5161 τάληθῆ
523 5090 622 5143 καὶ
654 5086 844 5141 δίκαια
889 5085 1168 5152 λέγοντες.
1209 5084 1283 5136 Οὐ
1349 5082 1462 5151 γὰρ
1498 5085 1566 5156 τῇ
1632 5083 1734 5154 τῆς

144 5179 790 5242 Κωνσταντινουπόλεως
840 5176 1147 5248 Ἐκκλησίκ
1171 5177 1332 5245 μόνον
1360 5176 1412 5226 οε.
1451 5176 1731 5245 ἅνθρωποι

145 5270 460 5345 πολεμῆσαι
519 5270 746 5333 τούτους
796 5269 1038 5341 ἐροῦσιν,
1069 5267 1229 5322 κάλλά
1279 5270 1380 5338 τὴν
1434 5255 1732 5339 καθολικὴν

154 5363 494 5436 Ἐκκλησίαν
523 5359 841 5433 ἀτιμάζειν,
882 5360 956 5423 ὡς
1004 5359 1174 5432 ἔοικε,
1208 5357 1539 5428 βούλεσθαι·
1570 5356 1598 5411 δ
1642 5359 1734 5412 καὶ

144 5460 239 5531 τῆς
262 5456 537 5533 ἀληθείας
574 5458 691 5510 ἐστὶ
722 5456 1112 5525 καταφρονεῖν,
1142 5451 1239 5505 καὶ
1266 5452 1366 5520 τὴν
1422 5451 1567 5523 πρὸς
1596 5451 1732 5505 Θεὸν

142 5551 273 5605 αἰδῶ
314 5550 735 5622 παραιτεῖσθαι,
768 5548 855 5618 ἐφ’
897 5544 967 5620 ἦς
1018 5548 1153 5617 ἡμῖν
1184 5547 1241 5600 αί
1303 5545 1401 5616 τῆς
1457 5543 1733 5615 σωτηρίας

146 5644 390 5707 ἐλπίδες.
423 5644 580 5698 Πᾶσα
603 5641 713 5713 τάρ
738 5639 833 5695 νῦν
862 5642 895 5711 ἡ
918 5639 1027 5709 τῶν
1045 5636 1394 5709 Χριστιανῶν
1426 5634 1730 5704 Ἐκκλησία

148 5739 242 5803 τὴν
266 5737 449 5807 αὐτὴν
474 5737 604 5807 περὶ
639 5734 750 5788 τῶν
777 5735 969 5804 πρώην
1010 5727 1555 5801 ἀμφισϐητουμένων
1589 5726 1702 5795 γνῶ

150 5845 255 5893 μην
288 5826 583 5896 προείλετο
608 5841 627 5871 '.
663 5826 761 5879 καὶ
794 5825 935 5895 πλὴν
982 5823 1141 5894 ὑμῶν
1198 5824 1441 5887 ᾶπαντες
1485 5819 1583 5882 τὰς
1632 5818 1727 5883 τῆς

474 5924 748 5984 Parnm.
797 5918 912 5980 Gn.
961 5915 1145 5977 CLX.

1836 4891 2069 4947 omnino
2096 4891 2440 4961 desperatam
2471 4889 2776 4942 habebitis:
2804 4888 3093 4942 suntenim
3126 4888 3265 4957 apud
3292 4903 3412 4950 nos,

1835 4990 1964 5037 sunt
2038 4980 2223 5044 multi,
2284 4980 2375 5049 qui
2434 4979 2843 5048 persuadebunt
2881 4981 3266 5035 contentiones
3318 4981 3414 5034 de-

1834 5089 2060 5144 ponere,
2086 5089 2215 5127 vera
2268 5074 2375 5126 illis
2410 5080 2465 5127 et
2507 5072 2656 5141 justa
2688 5071 2937 5127 dicentes
2966 5088 2981 5126 :
3025 5073 3169 5141 quod
3201 5072 3415 5127 scilicet

1833 5164 1869 5218 ii
1907 5179 2015 5219 non
2052 5165 2213 5218 modo
2242 5178 2367 5217 cum
2403 5162 3016 5232 Constantinopolitano
3043 5172 3283 5233 pugnent
3314 5164 3411 5217 Ec-

1830 5256 2024 5320 clesia,
2057 5257 2152 5311 sed
2188 5256 2358 5310 velint
2388 5255 2579 5320 etiam,
2613 5264 2671 5309 ut
2722 5255 2910 5310 videre
2953 5263 3065 5319 est,
3103 5256 3413 5310 universam

1830 5349 2131 5405 Ecclesiam
2188 5347 2622 5418 parvipeudere;
2675 5348 2821 5417 quod
2850 5357 2903 5401 et
2946 5349 3231 5401 veritatem
3264 5362 3417 5416 sper-

1831 5457 1961 5497 nere
1990 5451 2095 5507 est,
2145 5450 2198 5497 et
2256 5441 2618 5495 reverentiam
2666 5455 2786 5507 qutc
2819 5439 2929 5494 Deo
2964 5433 3196 5493 debetur
3242 5430 3414 5507 p'roji-

1833 5550 1981 5601 cere,
2036 5550 2143 5603 qua
2208 5549 2333 5604 spes
2380 5542 2584 5588 nostra:
2621 5532 2817 5590 salutis
2869 5531 3151 5585 innititur.
3214 5527 3411 5584 Omnis
3460 5568 3467 5575 .

1838 5631 1982 5687 enim
2019 5640 2185 5689 nunc.
2216 5628 2424 5692 dicent,
2471 5626 2916 5683 Christianorum
2954 5623 3196 5678 Ecclesia
3226 5622 3293 5675 de
3327 5639 3416 5676 re-

1837 5722 1941 5778 bus
1992 5728 2147 5774 antea
2181 5717 2554 5773 controversis
2589 5716 2906 5782 consentit;
2970 5725 3025 5769 et
3075 5723 3272 5784 prteter
3310 5714 3417 5770 m

1839 5812 2191 5873 meumenicae
2217 5810 2384 5881 hujus
2416 5809 2609 5881 synodi
2643 5810 2861 5865 decreta
2893 5822 3088 5863 omnes
3120 5807 3413 5875 honorant,
3496 5794 3499 5797 ’

2951 5901 3019 5999 ιδ
