3966 6328
543 267 648 332 έόῗ
667 326 672 329 .

1631 273 2013 332 GENNADII
2057 279 2169 333 CP.
2205 277 2718 333 PATRIARCH/E
3663 269 3746 331 463

541 387 695 442 simis
724 386 932 440 traduci
965 383 1287 443 rationibus,
1356 397 1520 451 quam
1562 383 1736 439 Grzeci
1791 384 2095 438 ltominibus

2207 385 2308 454 τῆς
2368 388 2521 454 ὑμῶν
2561 387 2747 458 φωνῆς
2781 387 3094 452 ὲπαϊοντας,
3141 385 3233 441 καὶ
3271 386 3384 447 τοῖς
3428 385 3747 456 ἀντιῤῥήτοις

537 476 689 526 hisce
719 472 1018 540 peregrina:
1038 471 1234 541 linguae
1259 485 1324 527 ac
1353 472 1581 529 rudibus
1606 474 1671 528 ad
1704 473 2102 544 percipiendam

456 629 459 631 ς
533 565 808 618 rationum
837 571 893 618 et
934 578 1196 618 sensuum
1231 563 1654 631 profunditatem
1691 577 1855 633 atque
1899 564 2106 634 magni-

537 645 779 709 tudinem
807 656 964 722 plane
989 655 1375 724 ineptissimis;
1401 672 1504 709 non
1539 657 1721 710 minus
1748 665 1916 717 certe,
1941 653 2103 723 quain

537 748 608 802 sit
665 748 729 801 ad
802 748 1086 801 volandum
1145 753 1415 798 structura
1472 761 1776 814 corporum.
1841 741 1941 800 Ad.
1991 745 2117 822 haec

537 842 707 896 Graeci
741 840 958 908 quidem
992 853 1153 891 unam
1180 848 1272 892 aut
1309 839 1446 892 duas
1495 833 1574 892 ex“
1597 838 1748 894 hisce
1788 837 2104 892 nationibus

534 947 639 983 non
674 932 790 984 sine
815 930 1090 1000 lacryutis,
1133 939 1187 983 et
1222 945 1427 1001 magna!
1480 930 1813 985 infelicitatis
1847 931 2103 1000 opinione

531 1022 878 1088 dimiserunt,
941 1023 1085 1091 quod
1141 1038 1328 1092 paucae
1389 1031 1727 1088 remaneant,
1765 1024 2101 1093 quibuscum

530 1129 637 1168 una
665 1130 794 1182 pace
825 1113 1118 1168 fruantur:
1157 1129 1256 1168 vos
1305 1120 1511 1180 autem,
1553 1113 1596 1169 si
1653 1130 1759 1184 qua
1795 1124 2101 1170 vestrarum

529 1208 770 1275 gentium
795 1207 1082 1261 divellatur
1106 1209 1330 1260 omnino
1362 1224 1390 1262 a
1444 1207 1618 1270 vobis,
1681 1217 1734 1261 et
1777 1209 1965 1262 morbo
2009 1223 2104 1276 op-

530 1299 688 1366 primi
721 1299 962 1354 videatur
994 1300 1305 1364 insanabili,
1327 1314 1468 1368 aegre
1486 1299 1704 1368 quidem
1731 1298 1917 1354 feretis
1937 1299 2103 1353 amis-

528 1389 736 1444 sionem
789 1401 842 1445 et
873 1406 1113 1445 errorem
1159 1391 1398 1455 illorum,
1444 1407 1472 1444 a
1533 1405 1641 1458 quo
1679 1392 1946 1445 neminem
1985 1391 2101 1458 rapi

531 1481 682 1536 vobis
704 1492 783 1536 est
805 1483 856 1535 in
878 1483 1100 1552 optatis,
1133 1484 1225 1536 sed
1255 1483 1458 1535 nullam
1487 1497 1582 1536 vos
1643 1482 1749 1550 pati
1807 1481 2101 1538 censebitis

530 1577 828 1630 amicorum
854 1585 908 1629 et
959 1573 1203 1628 aftinium
1257 1574 1567 1636 orbitatem,
1619 1590 1742 1626 cum
1777 1573 1942 1628 futuri
1993 1574 2102 1628 sint

531 1671 688 1725 vobis
735 1670 910 1735 inulti,
944 1678 998 1722 et
1030 1671 1223 1740 quovis
1271 1683 1497 1722 numero
1527 1667 1943 1738 frequentiores,
2006 1667 2099 1736 qui

529 1773 814 1832 promptos
846 1763 911 1816 ad
945 1763 1307 1817 obediendutn
1355 1761 1646 1816 exhibeant
1682 1760 1915 1826 animos,
1959 1761 2100 1816 sicut
2135 1741 2172 1796 Β

461 1921 472 1930 ο
530 1857 622 1910 alii
662 1856 1029 1922 refractarios,
1090 1858 1397 1927 quibusque
1453 1855 1618 1909 sociis
1669 1853 1896 1908 utamini
1951 1853 2100 1923 pacis

529 1946 826 2000 conciliata:
895 1962 1015 1999 cum
1078 1945 1301 2000 (ἐι-κοῖς.
1337 1944 1522 2013 Neque
1578 1947 1722 1997 enim
1772 1945 1876 1999 dici
1923 1953 2099 2011 potest

525 2036 665 2099 fore,
705 2046 971 2090 utomnes
999 2051 1092 2090 seu
1114 2035 1297 2104 plures
1321 2034 1378 2112 in,
1414 2048 1571 2089 suum
1601 2040 1772 2101 caput
1823 2046 1974 2084 arma
2007 2046 2098 2085 ca-

524 2130 698 2200 piant,
728 2141 782 2186 et
815 2144 932 2184 sese
955 2128 1316 2184 transfodiam
1355 2128 1549 2196 gladio.

595 2389 673 2445 ita
702 2391 840 2446 hanc
871 2407 1087 2461 quoque
1118 2393 1524 2461 suspicionem,
1563 2410 1681 2464 qua:
1717 2410 1821 2447 non
1856 2402 2099 2450 content-

527 2484 706 2538 nenda
734 2483 1020 2538 videbatur
1043 2526 1056 2548 ,
1093 2483 1296 2538 nullius
1329 2499 1449 2538 esse
1482 2484 1767 2547 ammenti,
1805 2497 1904 2536 nec
1936 2496 2098 2551 posse

526 2585 776 2630 naturam
833 2576 953 2644 ejus
1005 2587 1262 2630 accurate
1314 2576 1729 2630 considerantes
1761 2576 2030 2630 abducere
2065 2589 2096 2629 ε

524 2677 673 2722 recto
707 2669 1008 2736 proposito,
1037 2676 1090 2722 et
1128 2667 1306 2721 oratio
1333 2667 1442 2737 jam
1471 2667 1734 2732 ostendit,
1767 2675 1821 2718 et
1858 2679 1954 2720 vos
1985 2679 2097 2720 me-

523 2760 631 2814 lius
677 2759 1039 2828 perspicietis,
1097 2760 1336 2812 animum
1399 2767 1605 2812 attente
1661 2757 1724 2811 ad
1769 2757 1913 2810 illam
1952 2755 2096 2825 adji-

522 2851 746 2904 cientes.
787 2851 1045 2906 Desinant
1075 2865 1200 2920 ergo
1237 2851 1327 2915 qui
1366 2850 1527 2903 nobis
1556 2853 1710 2918 quasi
1747 2846 2092 2906 terriculutn,

521 2940 880 2995 defectionem
945 2941 1308 3008 quorumdam
1378 2940 1671 3009 objiciunt,
1709 2948 1762 2992 et
1800 2953 2091 3007 pravorum

521 3034 746 3092 insuper
800 3033 1145 3087 insolentiam
1181 3032 1574 3100 audaciamque
1625 3031 1812 3085 fovent
1843 3046 1857 3083 :
1892 3031 2092 3084 frustra

522 3125 636 3178 inec
669 3125 791 3194 pios
828 3132 882 3179 et
933 3140 1113 3178 rerum
1149 3126 1499 3178 honestarum
1559 3125 1838 3181 studiosos
1874 3137 2094 3195 Optasse

521 3217 876 3280 afﬁrmantes,
921 3232 1129 3286 nosque
1167 3220 1354 3272 nescio
1410 3231 1518 3286 quo
1553 3233 1659 3271 non
1707 3217 1993 3272 inertiores
2028 3230 2094 3274 ac

517 3311 750 3365 leviores
789 3309 1076 3372 redituros,
1126 3326 1193 3364 ne
1245 3310 1348 3362 alia
1398 3309 1596 3378 probra
1637 3310 1836 3372 dicam,
1891 3310 2092 3377 quibus

514 3406 640 3472 jure
692 3403 916 3458 obnoxii
961 3401 1138 3456 eritis.
1185 3401 1341 3455 Prius
1387 3402 1530 3454 enim
1563 3401 1850 3470 oportebat
1882 3402 2092 3472 cogita-

519 3500 693 3552 tiones
716 3499 847 3552 istas
874 3496 1148 3565 explicare
1178 3546 1191 3568 ,
1227 3495 1311 3548 vel
1341 3494 1781 3560 terriculamenta
1814 3495 1994 3562 potius
2025 3493 2091 3547 ad

519 3588 894 3643 iocutiendum
963 3588 1214 3642 timorem
1270 3586 1510 3656 ob‘jicere
1566 3594 1627 3639 ut
1688 3586 1804 3640 suis
1870 3587 2091 3654 utrique

519 3683 722 3736 vellent.
767 3696 986 3735 manere
1037 3681 1094 3734 in
1137 3680 1335 3734 finibus
1367 3696 1381 3734 :
1425 3695 1525 3735 nec
1562 3680 1782 3734 modum
1819 3679 1970 3749 pacis
1998 3695 2091 3755 ag-

519 3778 880 3844 grederentur
909 3814 923 3837 ,
965 3784 1224 3841 tanquam
1281 3781 1501 3840 propter
1534 3772 1649 3827 lucc
1681 3773 1794 3842 ipsa
1822 3770 2088 3833 inutilem,

519 3884 584 3922 ac
619 3869 778 3922 talem
815 3879 877 3920 ut
907 3866 1020 3920 fieri
1073 3865 1220 3918 nulla
1271 3874 1484 3919 ratione
1520 3866 1730 3930 possit:
1768 3879 1876 3919 non
1912 3865 2088 3919 modis

518 3960 772 4013 oumibus
804 3967 933 4012 tunc
967 3957 1031 4011 ad
1064 3972 1248 4026 pacem
1278 3956 1576 4022 adhortari,
1605 3957 1733 4025 quid
1767 3971 1873 4009 non
1903 3957 2089 4010 dicen-

519 4056 607 4114 do,
663 4054 790 4122 quid
854 4068 961 4106 non
1020 4052 1250 4121 agendo,
1314 4050 1456 4119 quod
1533 4065 1750 4116 movere
1792 4057 1977 4120 posset
2021 4049 2087 4102 ad

520 4145 758 4216 pacem?
803 4155 856 4199 ct
911 4160 1021 4214 quo
1070 4159 1175 4197 non
1229 4144 1373 4196 illam
1408 4142 1702 4197 faciliorem
1756 4132 2086 4205 asscrendo,

516 4241 600 4293 vel
636 4243 751 4306 ipso
784 4253 891 4290 uno
922 4251 1217 4305 congressu
1246 4235 1483 4288 futuram
1516 4237 1904 4298 asseverando,
1943 4251 2089 4289 nunc

513 4347 644 4385 vero
696 4329 1039 4397 difﬁcultates
1094 4342 1544 4387 commemorare,
1608 4339 1661 4380 et
1706 4330 1930 4381 timores
1961 4327 2087 4396 inji-

2208 478 2317 531 τῶν
2359 477 2533 546 λόγων
2587 479 2870 532 πείθεσθαι
2917 480 3275 548 δυναμένους,
3316 479 3347 549 ἢ
3385 478 3608 549 Γραικοὶ
3643 480 3744 542 τοὺς

2210 568 2536 640 ἀλλοθρόους
2573 571 2797 632 τούτους
2860 572 2952 622 καὶ
2984 572 3362 634 ἀπαιδεύτους,
3394 571 3490 622 καὶ
3522 565 3600 633 οἷς
3631 571 3744 640 πρὸς

2205 657 2381 724 λόγων
2440 662 2537 713 καὶ
2605 660 2893 727 νοημάτων
2965 657 3098 727 ὕψος
3155 659 3248 712 καὶ
3305 659 3534 729 μέγεθος
3594 662 3746 714 πάντα

2209 749 2401 814 ἁπλῶς
2451 751 2834 820 ἀποπέφυκεν,
2888 753 3044 805 οὐδὲν
3095 747 3256 823 ἦττον
3314 753 3347 823 ἢ
3387 753 3523 824 πρδς
3571 753 3659 822 τὴν
3691 753 3748 805 δι’

2206 843 2367 912 ἀέρος
2406 848 2620 912 -πτῆσιν
2670 849 2702 916 ή
2754 849 2862 901 τῶν
2896 848 3168 917 σωμάτων
3199 850 3539 913 κατασκευή·
3567 849 3653 902 καὶ
3679 850 3748 901 ὅτι

2211 935 2445 1003 Γραικοὶ
2497 938 2597 1007 μὲν
2653 940 2711 993 ἓν
2743 941 2774 1010 ἦ
2811 938 2902 993 δύο
2930 941 3041 993 τῶν
3079 937 3338 1004 τοιούτων
3372 940 3540 994 ἐθνῶν
3577 939 3666 992 οὐκ
3694 938 3749 990 ἂν

2207 1033 2477 1099 ἀδακρυτὶ
2527 1033 2802 1098 πρόοιντο,
2839 1034 2933 1086 καὶ
2965 1033 3137 1104 χωρίς
3163 1031 3258 1086 τοῦ
3288 1033 3468 1086 δοκεῖν
3508 1029 3748 1099 ἠτυχηκέ-

2206 1144 2293 1180 ναι
2344 1126 2412 1178 τὰ
2469 1125 2722 1195 μέγιστα,
2758 1125 2955 1194 ὀλίγων
2989 1127 3158 1180 ὄντων
3185 1125 3295 1180 τῶν
3331 1126 3637 1180 ὑπολοίπων
3668 1122 3750 1174 καὶ

2204 1213 2287 1281 οἷς
2323 1217 2423 1287 τῆς
2463 1219 2688 1290 εἰρήνης
2724 1217 3232 1272 συναπολαύσονται
3256 1235 3272 1250 ·
3307 1217 3465 1288 ὑμεῖς
3496 1215 3540 1267 δ’
3573 1213 3750 1268 ὁπόταν

2204 1328 2256 1362 τι
2309 1312 2401 1363 καί
2453 1312 2715 1378 καθάπαξ
2771 1313 3062 1382 ἀπορραγῇ
3101 1311 3213 1364 τῶν
3259 1310 3544 1379 ὑμετέρων
3576 1307 3747 1369 ἐθνῶν.

2205 1403 2296 1456 καὶ
2326 1402 2450 1474 δόξῃ
2495 1402 2788 1474 νενοσηκὸς
2843 1403 3219 1471 ἀθεράπευτα,
3252 1400 3532 1471 δυσχερῶς
3567 1397 3748 1469 μενοί-

2207 1497 2330 1546 σετε
2374 1494 2475 1563 τὴν
2506 1494 2782 1548 ἔκπτωσιν
2827 1494 3009 1550 αὐτῶν
3059 1492 3154 1548 καὶ
3179 1494 3280 1560 τὴν
3327 1490 3555 1558 πλάνην·
3579 1488 3642 1560 ἢν
3668 1488 3749 1542 οὐ·

2200 1584 2326 1636 δὲνα
2373 1585 2493 1638 τινὰ
2548 1585 2743 1639 παθεῖν
2792 1586 2901 1639 τῶν
2955 1585 3215 1638 ἁπάντων
3265 1582 3433 1653 εὐχῆς
3481 1582 3640 1652 ἔργον
3684 1581 3749 1633 τί-

2204 1672 2383 1726 θεσθε·
2429 1677 2528 1745 τὴν
2575 1675 2638 1730 δι’
2673 1675 2780 1729 τῶν
2831 1676 3003 1744 φίλων
3036 1693 3093 1728 τε
3140 1675 3236 1729 καὶ
3270 1673 3512 1742 γνησίων
3539 1670 3748 1743 ἐρημίαν

2201 1765 2453 1834 οὐδαμῶς
2491 1766 2870 1832 ὑπολογεῖσθε,
2924 1765 3139 1818 πολλῶν
3188 1765 3465 1834 ἐσομένων
3516 1762 3640 1832 ύμῖν
3668 1762 3750 1813 καὶ

2203 1860 2406 1922 παντὸς
2464 1859 2700 1929 ἀριθμοῦ
2769 1859 3136 1930 κρειττόνων,
3177 1855 3227 1912 οἳ
3277 1857 3375 1926 τὴν
3431 1855 3744 1915 εὐπείθειαν,

2202 1950 2456 2017 καθάπερ
2483 1950 2634 2004 ἄλλοι
2674 1951 2773 2019 τὴν
2803 1950 3117 2022 παρακοὴν,
3150 1949 3530 2014 ἐπιδείξονται,
3567 1950 3659 2000 καὶ
3677 1939 3746 2010 οἷς

2199 2043 2298 2110 τῆς
2355 2043 2492 2111 πρὸς
2549 2043 2818 2112 Γραικοὺς
2873 2044 3099 2110 εἰρήνης
3148 2040 3420 2111 χρήσεσθε
3464 2038 3743 2098 κοινωνοῖς.

2199 2130 2275 2184 Οὐ
2306 2129 2428 2201 γὰρ’
2469 2132 2532 2202 δὴ
2591 2133 2799 2197 πάντας
2858 2133 2890 2202 ἢ
2945 2134 3073 2195 τοὺς
3124 2132 3415 2194 πλείστους
3477 2129 3617 2182 κατὰ
3663 2127 3747 2194 τῆς

2200 2222 2353 2290 σφῶν
2388 2222 2710 2277 ὁπλίσεσθαι
2742 2224 3014 2293 κεφαλῆς,
3071 2224 3167 2276 καλ⁵
3204 2222 3329 2276 καθ’
3383 2221 3594 2275 ἑαυτῶν
3626 2219 3747 2287 ὼθὴ-

2198 2331 2314 2367 σειν
2343 2315 2403 2368 τὸ
2447 2313 2596 2384 ξίφος
2625 2316 2773 2370 ἔστιν
2802 2317 2996 2370 είπεΐν.

2274 2399 2431 2463 Οὕτω
2459 2409 2556 2462 καὶ
2580 2408 2739 2463 τοῦτο
2781 2410 2840 2462 τὸ
2873 2409 3014 2473 δέος,
3051 2409 3229 2464 καίτοι
3255 2407 3363 2465 τῶν
3395 2410 3458 2464 οὗ
3497 2411 3747 2479 τυχόντων

2199 2500 2292 2553 καὶ
2358 2495 2500 2553 εἶναι
2547 2498 2760 2564 δοκοῦν,
2812 2498 3016 2570 φαῦλόν
3075 2517 3130 2554 τι
3193 2503 3290 2555 καὶ
3341 2501 3416 2572 μὴ
3471 2501 3749 2569 δυνάμενον

2199 2591 2438 2658 ἀπάγειν
2471 2593 2579 2645 τῶν
2625 2593 3009 2663 προκειμένων
3065 2592 3247 2656 καλῶς
3294 2595 3422 2654 τοὺς
3483 2592 3646 2646 αὐτοῦ
3690 2591 3752 2660 τῇ

2199 2683 2362 2750 φύσει
2404 2682 2810 2754 προσέχοντας,
2861 2685 2890 2738 ὅ
2943 2699 3002 2737 τε
3061 2683 3218 2750 λόγος
3258 2683 3460 2749 ἔδειξεν
3496 2683 3617 2752 ἤδη.
3668 2682 3750 2735 καὶ

2198 2775 2355 2842 ὑμεῖς
2407 2775 2633 2843 ἄμεινον
2670 2776 2909 2843 ὄψεσθε,
2944 2776 3038 2829 τὸν
3090 2774 3354 2844 λογισμὸν
3399 2774 3550 2843 αὐτῷ
3587 2773 3763 2836 καλῶς

2193 2865 2610 2936 ἐπιστήσαντες.
2678 2866 3017 2921 Παυσάσθων
3084 2865 3267 2919 τοίνυν
3334 2867 3385 2918 oi
3453 2865 3553 2935 τὴν
3609 2865 3750 2918 ἐνίων

2193 2955 2536 3016 ἀποστασίαν
2556 2957 2690 3026 ἡμῖν
2721 2957 3080 3020 ἐπισείοντες,
3108 2959 3206 3011 καὶ
3236 2955 3336 3026 τὴν
3362 2955 3475 3010 τῶν
3507 2955 3748 3026 πονηρῶν

2197 3047 2520 3113 ἀλαζονείαν
2580 3050 2676 3103 καὶ
2739 3048 2944 3124 τόλμην
2999 3046 3584 3120 προσθεραπεύοντες,
3637 3049 3760 3110 τοὺς

2197 3139 2551 3211 εὐγνώμονάς
2580 3159 2641 3196 τε
2678 3139 2772 3196 καὶ
2803 3142 2912 3196 τῶν
2947 3142 3127 3198 καλῶν
3181 3138 3421 3212 ἐραστὰς
3468 3143 3645 3210 μάτην
3672 3139 3752 3193 εὖ·

2197 3229 2463 3302 ξαμένους
2523 3232 2659 3288 αὒτά
2711 3233 2978 3304 περιιδεῖν
3011 3231 3449 3298 ἀξιοῦντες,κώ
3487 3229 3752 3301 ἠμᾶςόὖκ

2195 3323 2311 3382 οἶδα
2346 3329 2493 3390 τίνος
2519 3327 2617 3382 οὐκ
2645 3328 2986 3398 ἀργοτέρους
3011 3329 3107 3380 καὶ
3137 3327 3510 3396 κουφοτέρους
3536 3323 3752 3378 επανελ-

2195 3419 2327 3486 θεῐν,
2365 3420 2452 3476 ἵνα
2504 3423 2670 3491 μηδὲν
2707 3422 2857 3488 λέγω
2901 3421 3012 3474 τῶν
3063 3420 3242 3475 ἄλλων
3288 3417 3532 3485 ὀνειδῶν,
3563 3411 3644 3481 οἷς
3678 3418 3752 3471 lt-

2192 3513 2364 3575 καίως
2415 3509 2688 3575 ένὲξεσθε.
2738 3511 2997 3574 Τούτουςί
3031 3510 3144 3580 γὰρ
3185 3509 3293 3562 ἔδει
3329 3510 3600 3580 πρότερον
3627 3511 3750 3562 ὑπο-

2194 3603 2411 3657 ϐάλλειν
2465 3601 2592 3666 τοὺς
2644 3601 3291 3672 λογισμοὺς,’μᾶλλον’δὲ
3325 3603 3437 3664 τοῖς
3471 3601 3747 3671 μορμολυι

2193 3696 2360 3759 κείοις
2391 3696 2603 3759 τούτοις
2640 3691 3021 3758 δεδίττεσθαι,
3074 3693 3168 3746 καὶ
3215 3693 3422 3746 πείθειν
3469 3693 3763 3764 ἑκατέρους·

2193 3781 2386 3854 ἐφ’ὧν
2419 3779 2563 3856 εἶχον
2606 3783 2891 3854 μένοντας,
2943 3785 3019 3850 ὼς
3079 3783 3387 3854 ἁσυμφόρῳ
3442 3783 3533 3838 διὰ
3584 3782 3780 3838 ταῦτα·

2193 3883 2288 3933 καὶ
2319 3877 2569 3948 ἀδυνάτῳ
2596 3878 2673 3948 τῷ
2725 3873 2841 3947 τῆς
2862 3876 3092 3948 είρήνης
3134 3875 3324 3947 τρόπιρ
3359 3876 3436 3948 μὴ
3469 3877 3746 3945 ἐγχειρεῖν

2192 3971 2251 4023 οὐ
2297 3970 2418 4022 τότε
2455 3969 2586 4022 πᾶσι
2615 3963 2969 4035 τρόποις·έπὶ
3001 3965 3098 4034 τὴν
3121 3965 3346 4034 εἰρήνην
3381 3960 3749 4033 παρακαλοῦνο

2190 4079 2309 4123 τας.
2350 4061 2441 4114 καὶ
2480 4059 2532 4112 τί
2586 4059 2686 4126 μὲν
2733 4058 2795 4110 οὐ
2850 4054 3128 4123 λέγοντας,
3159 4055 3210 4108 τί
3258 4054 3306 4107 δ’
3360 4054 3422 4108 ού
3474 4053 3750 4116 ποιοῦντας

2192 4155 2299 4206 τῶν
2347 4152 2663 4219 δυναμένων
2698 4137 2904 4212 κινεῖνς
2951 4147 3095 4209 τίνος
3145 4147 3191 4200 δέ
3225 4146 3288 4199 ού
3337 4147 3544 4216 ῥᾴστην
3594 4144 3760 4214 αὐτὴν

2192 4245 2671 4313 ἀποφηναμένους
2725 4241 2820 4293 καὶ
2870 4238 2946 4308 τῷ
3001 4237 3274 4292 συνελθεῖν
3311 4238 3476 4307 μόνον
3516 4237 3759 4305 ἀλλήλοις

2192 4334 2709 4405 ἀκολουθήσουσαν;
2745 4330 2840 4384 νῦν
2891 4328 3173 4399 δυσχερῶν
3231 4345 3397 4382 τινων
3452 4326 3749 4399 μεμνῆσθαι

516 4437 672 4478 cere:
709 4423 760 4475 in
784 4422 879 4502 bis
911 4420 1057 4473 enim
1111 4418 1209 4473 etsi
1242 4417 1434 4472 licebat
1468 4417 1640 4478 initio,
1666 4425 1720 4469 at
1763 4432 1907 4470 nunc
1940 4427 2087 4499 certe

2197 4430 2287 4481 καὶ
2319 4428 2519 4495 φόὸους
2549 4421 3023 4477 ἐπανατείνεσθαι.
3069 4419 3286 4473 Τούτων
3317 4421 3428 4490 γὰρ
3458 4419 3631 4501 είθιαὶ
3661 4415 3750 4487 τὴν

515 4531 622 4570 non
654 4515 778 4568 licet
807 4529 967 4566 curas
1002 4511 1159 4578 deligi
1190 4512 1255 4564 ab
1282 4512 1372 4572 iis,
1402 4512 1494 4580 qui
1528 4511 1580 4564 in
1612 4510 1724 4575 ipsa
1753 4509 2088 4562 devenerunt

516 4607 707 4677 agendi
748 4617 1016 4676 tempore,
1062 4605 1196 4658 Cum
1252 4619 1382 4657 vero
1418 4619 1486 4657 ne
1517 4612 1646 4656 tunc
1680 4603 1898 4670 quidem
1935 4601 2088 4655 ltabi-

423 4683 437 4699 ’
515 4715 635 4754 tura
677 4703 856 4753 locum
893 4707 1084 4753 essent
1133 4697 1444 4765 Itujttsmodi
1491 4696 1879 4763 impedimenta
1922 4710 2087 4763 penes

516 4791 792 4854 homines,
835 4790 926 4859 qui
970 4774 1127 4842 bonis
1162 4788 1240 4841 uti
1281 4794 1483 4839 norunt
1513 4786 1796 4849 consiliis,
1848 4788 1970 4854 quis
1997 4786 2089 4839 det

512 4900 635 4941 esse
688 4880 866 4953 hujus
924 4883 1186 4951 temporis
1249 4895 1407 4951 agere
1442 4879 1510 4934 de
1541 4879 1691 4932 ltiscc
1733 4879 1937 4932 rebus?
1970 4878 2085 4944 Qua

511 4983 674 5046 pono
703 4976 916 5032 ratione
950 4977 1063 5039 flat,
1101 4984 1160 5029 ιιι
1190 4975 1282 5043 qui
1311 4987 1453 5026 nunc
1490 4973 1614 5026 talia
1653 4973 1862 5035 dicunt,
1900 4987 2088 5025 ηοω-ε-

513 5068 658 5120 s‘ario
713 5083 831 5121 sese
867 5081 977 5136 pra:
1025 5067 1231 5134 pudore
1279 5079 1385 5116 non
1447 5073 1746 5132 c0utt-gant
1777 5082 1788 5116 :
1824 5074 1876 5116 et
1908 5063 2083 5130 quiin

513 5154 640 5213 eam
687 5158 1031 5212 adducentur
1091 5158 1440 5219 sententiam,
1499 5156 1642 5225 quod
1681 5157 1820 5208 Deus
1856 5165 2082 5215 arettat,

519 5266 716 5324 postea,
742 5269 852 5322 pra:
880 5254 1074 5305 rubore
1109 5266 1215 5303 non
1250 5265 1306 5303 se
1335 5251 1651 5317 coopet'iant
1681 5248 1703 5300 ?
1733 5262 1908 5316 neque
1939 5247 2085 5300 enini

517 5355 598 5399 est
623 5345 796 5413 culpa:
833 5344 1076 5412 ejusdem
1130 5350 1222 5395 aut
1277 5341 1487 5396 consilii
1517 5341 1860 5403 auctoribus,
1890 5347 1984 5392 aut
2010 5339 2086 5391 illi

519 5437 963 5501 assentientibus,
1013 5437 1140 5490 dutn
1180 5437 1243 5489 de
1274 5436 1435 5488 tantis
1471 5434 1635 5490 rebus
1668 5434 1846 5487 adhuc
1879 5433 2084 5487 delib’e-
2132 5477 2135 5480 ι

479 5535 492 5548 ⁴
517 5540 718 5595 rarent,
749 5539 894 5584 metu
929 5529 1160 5582 rationis
1191 5539 1412 5596 caperte
1446 5528 1727 5594 perCuIsos
1747 5542 1854 5579 non
1880 5525 2084 5594 perspi-

517 5628 638 5672 cere
698 5622 827 5688 quid
885 5620 1112 5675 honeste
1175 5632 1229 5673 et
1293 5608 1677 5674 utiliter'esset
1708 5619 2002 5686 agendum,
2033 5628 2086 5672 et

515 5711 753 5774 Studium
787 5753 802 5782 ,
863 5715 952 5772 ubi
1014 5731 1126 5771 rem
1174 5725 1298 5771 sunt
1353 5714 1640 5788 aggressi,
1699 5713 2081 5785 restinguere:

2189 4521 2366 4590 ἀρχὴν
2398 4518 2565 4585 ἐξῆν,
2603 4517 2719 4574 ἀλλ’
2750 4516 2848 4569 οὐκ
2904 4515 2962 4566 ὲν
3019 4511 3098 4582 τῷ
3156 4514 3389 4582 παρόντι
3451 4512 3754 4582 φροντίζειν

2191 4612 2366 4677 ἔξεστι
2407 4615 2533 4672 τοὺς
2569 4614 2626 4663 ἐν
2652 4610 2765 4669 τοῖς
2814 4606 2909 4660 τοῦ
2951 4607 3212 4676 πράττειν
3262 4607 3601 4674 ἀφιγμένους
3639 4621 3752 4658 και·

2191 4711 2325 4776 ροῖς.
2367 4707 2542 4758 Ὅπου
2603 4702 2659 4755 δὲ
2702 4701 2828 4754 οὐδὲ
2875 4702 2996 4754 τότε
3053 4698 3235 4770 χώραν
3275 4697 3503 4769 suam
3527 4699 3670 4769 ἔχειν
3691 4694 3751 4748 τὰ

2190 4797 2417 4862 τοιαῦτα
2449 4793 2559 4848 τῶν
2586 4791 2927 4862 κωλυμέτων
2963 4790 3116 4860 παρά
3146 4807 3210 4857 γε
3238 4788 3566 4849 τοῖςκαλῶς
3598 4787 3752 4840 εἰδόσι

2192 4885 2571 4958 βουλεύεσθαι,
2614 4883 2736 4945 πῶς
2783 4880 2848 4935 ἂν
2898 4882 3014 4950 δοίη
3050 4898 3134 4943 τις
3185 4878 3264 4949 τῷ
3294 4880 3543 4948 παρόντι
3587 4873 3751 4946 καιρῷ

2189 4983 2288 5052 τὴν
2327 4979 2456 5048 περὶ
2508 4973 2712 5029 τούτων
2757 4973 2965 5041 σκέψιν
3023 4969 3361 5040 ἀρμόττεινξ
3421 4968 3463 5038 ἢ·
3519 4968 3753 5032 πῶςοὺιι

2189 5070 2596 5142 ἐμφράττεσθαι
2631 5070 2729 5140 μὲν
2757 5060 2883 5127 τοὺς
2907 5065 3166 5132 λέγοντας
3193 5061 3309 5124 νῦν,
3353 5060 3750 5130 έγκαλύψεσθαι

2188 5165 2244 5218 δὲ
2271 5165 2417 5228 τοὺς,
2450 5162 2477 5214 ὂ
2527 5158 2862 5228 μηγένοιτο,
2899 5153 3368 5222 πεισθησομένους
3406 5155 3558 5207 πᾶσα
3599 5151 3754 5218 ἀνάγ-

2190 5272 2262 5322 κη
2289 5271 2303 5318 ;
2333 5252 2454 5305 οὐδὲ
2489 5253 2596 5317 γὰρ
2638 5248 2740 5319 τὴν
2788 5248 2911 5317 τσην
2959 5245 3073 5314 ἔχει
3122 5241 3462 5325 κατηγορίαν
3491 5241 3617 5295 οὕτε
3651 5243 3752 5302 τοῖς

2193 5342 2552 5415 βουλεύσασιν
2600 5335 2727 5391 οὕτε
2771 5337 2881 5398 τοῖς
2942 5332 3337 5402 πεπεισμένοις
3395 5333 3458 5386 τό
3513 5347 3574 5386 τε
3617 5330 3752 5398 ,περὶ

2188 5434 2527 5504 τηλικούτων
2560 5430 2640 5483 ἔτι
2673 5424 3100 5498 βουλευομένους
3121 5461 3141 5486 ,
3170 5421 3348 5493 ἀλόγῳ
3376 5423 3490 5477 δέει
3520 5425 3614 5476 τοῦ
3660 5437 3752 5476 ια·

2189 5528 2284 5580 λοῦ
2318 5527 2410 5579 καὶ
2446 5524 2821 5593 συμφέροντος
2875 5512 3174 5584 ὑπεριδεῖν,
3221 5513 3316 5568 καὶ
3365 5510 3463 5594 τοῦ
3502 5513 3752 5594 τεράτπιν

2191 5619 2534 5691 ἀρξαμένους
2566 5611 2946 5683 ιπισχεθῆναι.
2993 5607 3082 5676 Τῷ
3129 5608 3226 5677 μὲν
3262 5603 3573 5686 γὰρὴξςῆς
3602 5603 3752 5676 “an.

2194 5710 2322 5782 μίας
2346 5707 2539 5765 ὕπεστι
2580 5691 2711 5778 δόξα
2739 5739 2754 5768 ,
2796 5701 2855 5753 τὸ
2887 5699 2943 5752 δέ
2989 5695 3108 5752 οὐδὲ
3157 5693 3271 5759 τῶν
3311 5694 3410 5778 τῆς
3443 5693 3631 5760 ἀνοίας
3671 5697 3749 5780 ιγ-
