3966 6328
147 278 246 343 469

1306 274 1592 344 ORATIO
1632 282 1687 342 11
1715 283 1831 355 an
1868 272 2258 346 SYNODUM.

3328 283 3437 344 470

149 398 432 470 κλημάτων
465 400 816 469 ἀπήλλακται
845 417 857 431 ·
902 402 1146 471 κάκείνῳ
1185 403 1286 472 μὲν
1337 404 1516 466 οὐδεὶς
1576 405 1726 458 συνέ-

1835 404 1964 457 illud
1992 403 2140 459 enim
2172 404 2334 458 habet
2362 403 2677 473 opinionem
2715 400 3000 463 socordio,
3036 402 3139 454 hoe
3180 416 3309 453 vero
3337 403 3429 455 de-

151 492 365 553 ζευκται
398 492 654 556 κίνδυνος
680 534 694 558 ,
730 495 924 547 τούτου
974 494 1022 549 δ’
1059 496 1248 552 εῖνεκα
1291 498 1385 551 καὶ
1438 498 1567 569 περὶ
1617 498 1726 552 τῶν

149 583 494 655 ὑπαρχόντων
520 584 859 639 κινδυνεύειν
888 588 1131 660 ἀνάγκη.

210 760 422 814 Τούτων
452 760 636 817 τοίνυν
664 762 996 845 ἀμφοτέρων
1024 767 1133 822 τῶν
1160 769 1504 839 κωλυμάτων
1535 774 1725 841 σαφῶς

149 852 570 921 ἐξελεγχθέντων
628 854 735 911 ὑπὸ
790 858 887 915 τοῦ
943 860 1108 928 λόγου
1137 906 1151 927 ,
1210 864 1505 931 δοκεῖτοῖς
1539 866 1726 931 ἀλλοις

147 943 259 996 οὐδὲ
287 947 580 1015 προσέχειν
624 947 835 1006 δίκαιον
884 953 1058 1017 ὅλως’
1111 949 1191 1009 ὧν
1247 954 1351 1025 τὴν
1413 958 1727 1029 σαθρότητα

154 1038 423 1110 πόρρωθεν
486 1041 669 1107 ἔξεστι
716 1048 834 1110 τοῖς
898 1047 1255 1117 βουλομένοις
1316 1054 1454 1105 πᾶσι
1511 1056 1726 1126 φωρᾷν.

150 1131 342 1185 Λύτίκα
393 1133 477 1198 τίς
526 1137 626 1190 οὐκ
683 1132 793 1192 οἵδε
824 1142 953 1204 τοὺς
986 1134 1428 1213 θρυλλουμένους
1472 1146 1602 1215 περὶ
1630 1144 1725 1199 τοῦ

152 1223 219 1293 μή
243 1225 353 1279 δεῖν
389 1227 530 1296 μήτε
587 1232 942 1313 προατιθέναι
991 1237 1119 1305 μήτ’
1156 1238 1417 1307 ἀφαιρεῖν
1450 1236 1545 1290 τοῦ
1579 1239 1729 1307 Συμο

150 1315 294 1372 δόλου
322 1312 673 1393 διορισμοὺς,
706 1325 979 1396 ἐπήρειαν
1026 1328 1204 1393 ἄλλως
1234 1330 1394 1395 ὄντας
1434 1332 1509 1396 ὡς
1536 1331 1588 1384 οἱ
1640 1332 1729 1386 λέ-

151 1426 329 1476 γοντες
379 1413 581 1481 αὐτοὺς
629 1417 1041 1489 ἐκλαμϐάνουσι
1068 1464 1082 1489 ,
1118 1427 1213 1479 καὶ
1248 1426 1412 1497 χάριν
1455 1427 1549 1481 τοῦ
1597 1443 1730 1493 συγ-

151 1502 437 1559 καλύπτειν
468 1508 569 1579 τήν
602 1510 667 1564 ἐκ
700 1515 799 1584 τῆς
836 1515 1175 1583 φιλονεικίας
1201 1519 1471 1589 αἰσχύνην
1498 1521 1727 1593 ἐξευρητ

151 1596 377 1666 μένους;
424 1603 472 1654 εἰ
510 1603 611 1673 μέν
648 1604 755 1676 γὰρ
800 1606 955 1661 ἔσται
990 1627 1044 1663 τι
1094 1600 1280 1666 πεῖθον
1315 1614 1590 1684 Γραικοὺς
1626 1616 1731 1685 τὴν

147 1687 247 1741 τῶν
276 1690 520 1747 Λατίνων
560 1697 963 1753 ἀπαναίνεσθαι
1017 1701 1197 1769 δόξαν,
1234 1704 1329 1759 καὶ
1369 1706 1725 1775 προστιθέναι

1833 498 2049 554 ιηοιιιίςε
2084 514 2305 567 quoque
2351 499 2564 553 crimen
2612 516 2719 553 non
2753 498 2941 569 ellugit
2972 517 2984 552 :
3016 508 3068 551 et
3104 499 3176 551 illi
3209 499 3428 565 quidem

1838 587 2051 641 nullum
2091 596 2174 643 est
2217 587 2557 666 adjunctum
2594 588 2927 659 periculum,
2974 603 3071 655 per
3106 587 3213 640 hoc
3245 596 3427 641 autem

1834 694 2058 735 necesse
2086 690 2168 735 est
2195 696 2406 735 summa
2444 697 2668 753 quoque
2700 681 2781 737 rei
2818 681 3184 751 periclitetur.

1902 771 2039 828 Cum
2068 788 2199 844 ergo
2225 775 2661 831 demonstratum
2688 776 2758 829 sit
2792 790 2889 843 per
2921 789 2984 831 ea
3020 789 3143 844 quze
3170 772 3431 838 dix‘uuus,

1830 875 2129 938 utrumque
2181 866 2288 923 hoc
2340 865 2839 935 impedimentum,
2895 880 3018 936 quat
3086 866 3304 936 pondus
3332 865 3436 920 alt-

1830 961 1976 1031 quod
2031 961 2234 1017 hahere
2285 960 2571 1037 violentur,
2635 959 2777 1016 nihil
2828 960 3329 1032 obstaretreliqua
3360 976 3429 1015 ne

1831 1044 2277 1111 consideratione
2333 1054 2559 1127 quidem
2614 1054 2728 1110 ulla
2776 1063 2905 1111 snnt
2958 1056 3145 1126 digna.
3176 1070 3298 1126 quae
3326 1053 3427 1108 fri-

1830 1147 1953 1203 vola
2025 1163 2149 1203 esse
2208 1148 2625 1220 deprehendere
2668 1149 2877 1220 poterit
2905 1163 2935 1203 e
2964 1148 3267 1223 longinquo
3300 1146 3426 1218 qui-

1831 1255 2051 1310 cunque
2100 1242 2357 1297 voluerit.
2396 1241 2452 1296 In
2490 1242 2681 1312 primis
2707 1241 2855 1297 enim
2894 1241 3022 1310 quis
3057 1242 3292 1310 ignorat.
3326 1242 3428 1296 de-

1829 1340 2048 1386 cantata
2105 1330 2195 1386 illa
2261 1332 2505 1399 decreta,
2546 1333 2694 1403 quod
2730 1333 2870 1405 nihil
2923 1333 2977 1387 in
3020 1331 3290 1403 Symbolo
3331 1330 3429 1387 au‘t

1830 1422 2050 1484 addere,
2082 1431 2177 1478 aut
2200 1424 2422 1479 demere
2453 1423 2639 1492 liceat,
2663 1425 2820 1495 juxta
2845 1436 3069 1479 sensum
3104 1439 3294 1477 eorum
3329 1422 3425 1492 qui

1830 1515 2100 1585 objiciunt
2156 1533 2281 1573 esse
2339 1518 2502 1589 plane
2559 1520 2895 1587 calumnias,
2937 1519 3003 1573 ad
3058 1516 3424 1588 obtegendam

1830 1610 2201 1666 contentionis
2233 1612 2594 1683 ignominiam
2635 1594 2965 1669 adiuventas
3000 1609 3186 1666 iNam
3220 1610 3266 1665 si
3294 1609 3426 1679 quid

1831 1706 1935 1762 est,
1975 1699 2117 1765 quod
2172 1702 2501 1769 persuadeat
2545 1701 2776 1767 Grecis,
2806 1710 2866 1756 ut
2907 1709 3173 1771 respuant
3208 1710 3431 1755 senten-

148 1778 217 1849 τῷ
246 1782 507 1855 Συμϐόλῳ
555 1786 760 1857 ταύτην
788 1790 1083 1858 ἀπαξιοῦν,
1119 1793 1279 1859 ἄλλος
1310 1797 1377 1849 ἂν
1415 1769 1502 1868 in;
1540 1798 1720 1865 λόγος·

1835 1789 1960 1845 tiam
2004 1790 2327 1846 Latinorum
2356 1834 2370 1857 ,
2412 1793 2817 1863 prohibeatque
2852 1769 3013 1848 illam
3036 1792 3299 1863 Symbolo
3328 1792 3428 1847 ad-

148 1873 234 1928 καὶ
262 1874 359 1945 τήν
382 1876 482 1946 τῆς
512 1879 735 1935 συνόδου
778 1881 960 1953 ψῆφον
995 1886 1214 1958 ἐκείνην
1254 1888 1433 1961 ὑγιῶς
1458 1889 1725 1954 νοοῦντας

147 1964 309 2035 οὐδεὶς
345 1968 677 2028 αἰτιάσεται.
710 1975 870 2030 Κατά
916 1978 1027 2048 γάρ
1054 1979 1177 2041 τῶν
1238 1980 1568 2053 ὑφαιρέσεσί
1613 1998 1724 2036 τισι

150 2060 235 2109 καὶ
269 2060 614 2133 προσθήκαις
663 2064 764 2138 τήν
807 2068 992 2124 πίστιν
1031 2052 1477 2143 λυμαινομένων,
1512 2074 1609 2126 καὶ
1639 2075 1724 2126 νό-

150 2148 233 2204 θον
261 2154 592 2222 εἰσαγόντων
636 2157 942 2230 θεολογίαν,
990 2163 1342 2234 ἐξενήνεκται
1375 2165 1477 2238 τὴν
1517 2166 1720 2236 ἀρχήν

150 2241 208 2310 ήν
244 2243 619 2316 αίδουμένους,
669 2250 870 2317 αὐτούς
918 2270 979 2307 τε
1025 2254 1160 2325 μηδὲ
1205 2254 1445 2310 τοιοῦτον
1480 2256 1722 2326 τολμᾷν,

150 2332 238 2387 καὶ
265 2338 374 2401 τοῖς
396 2339 764 2411 τετολμηκόσι
816 2344 891 2416 μή
923 2348 1204 2401 κοινωνεῖν
1231 2349 1390 2416 φαῖεν
1414 2347 1504 2401 -ἂν
1544 2348 1724 2402 ᾶπαν-

149 2442 252 2488 τες.
298 2431 395 2485 Ἂν
431 2431 489 2485 δὲ
546 2434 861 2490 τούναντίον
921 2439 1123 2509 μᾶλλον
1188 2441 1572 2512 ἀληθεστάτην
1626 2442 1723 2496 καὶ

149 2520 248 2580 τοῖς
291 2521 390 2592 τῆς
420 2525 659 2592 πίστεως
707 2528 985 2599 θεμελίοις
1023 2531 1230 2601 σφόδρα.
1287 2533 1753 2604 συμϐαίνουσανν

149 2611 385 2689 καὶτοῖς
423 2616 605 2686 ἀγίοις
658 2619 923 2682 δοκοῦσαν
978 2625 1079 2693 τὴν
1132 2624 1291 2691 δόξαν
1330 2624 1538 2697 ταύτην
1581 2624 1723 2681 είναι

152 2705 425 2772 πεισθῶσι,
456 2711 688 2780 μάταιος
719 2715 752 2785 ή
787 2717 925 2784 πρὸς
951 2718 1135 2771 ἐκεῖνα
1166 2720 1484 2789 καταφυγή·
1517 2720 1579 2774 οὗ
1612 2720 1723 2791 γὰρ

151 2795 356 2865 λέγουσι
382 2801 477 2871 τήν
499 2804 610 2858 τῶν
640 2806 902 2879 Πατέρων
931 2808 1359 2882 διαστρέφοντες
1388 2812 1594 2882 ψῆφον,
1616 2813 1723 2878 ἕως

154 2892 214 2944 ἀν
231 2894 423 2948 ἐκεῖνοι
452 2896 511 2950 τὸ
533 2889 732 2966 ψεῦδος
762 2905 1257 2972 προαναιροῦντες,
1282 2907 1342 2959 οὐ
1368 2905 1469 2969 τὰς
1500 2906 1749 2977 ἀληθεῖς,

153 2982 496 3054 ἐκϐάλλοντες
528 2990 708 3059 δόξας,
745 2994 954 3065 ταύτην
976 2996 1301 3070 ἐξήνεγκαν.
1344 3000 1472 3064 Τοῖς
1493 3000 1603 3071 γὰρ
1629 2999 1722 3053 ἀλλ

151 3075 240 3172 λην
267 3080 447 3134 πίστιν
477 3086 900 3155 συγγράφουσιν
927 3089 1235 3155 ἀπειλοῦσι,
1267 3091 1359 3145 καὶ
1382 3094 1508 3156 τοὺς
1539 3091 1724 3146 ὁτιοῦν
1752 3109 1799 3172 c

151 3170 249 3224 τῶν
280 3172 730 3248 ὡμολογημένων
755 3181 1100 3252 προσθήκαις
1134 3185 1277 3237 τισὶν
1316 3184 1591 3249 ἐναντίαις
1622 3185 1718 3239 καὶ

152 3262 457 3337 ύφαιρέσεσι
476 3270 725 3342 δολεραῖς
736 3273 1071 3345 ἀνατρέπειν
1090 3275 1526 3348 βουλησομένους
1543 3279 1722 3350 ἀνείρ-

155 3373 350 3425 γουσιν.
384 3362 551 3418 Ὥστε
583 3365 728 3419 καθά
748 3368 1030 3443 ,προσήκει
1064 3370 1368 3443 νοουμένης
1392 3372 1490 3442 τῆς
1510 3373 1719 3443 ψήφους

156 3446 267 3502 οῦτε
287 3452 504 3508 Λατῖνοι
532 3456 771 3526 τάληθὲς
801 3459 1192 3529 προστιθέντες
1223 3462 1529 3531 ἐγκαλοῖντ’
1552 3465 1619 3519 ἀν
1650 3466 1726 3522 δι-

156 3544 335 3609 καίως,
360 3548 450 3600 καὶ
472 3548 746 3619 Γραικοὺς
777 3554 1226 3621 συμφωνοῦντας-
1248 3556 1346 3625 μὲν
1368 3556 1524 3611 οὐδὲν
1545 3560 1730 3628 ἀμαρ-

156 3634 348 3700 τάνειν,
392 3637 517 3691 ἄλλο
564 3638 622 3692 δέ
672 3657 724 3692 τι
778 3640 1045 3709 λέγοντας
1098 3644 1430 3713 ἐπηρεάζειν
1464 3646 1726 3718 ἄντικρυς

158 3722 411 3801 λείπεται.
447 3729 683 3785 Ἔπειτα
713 3732 758 3784 εί
789 3733 885 3785 καὶ
915 3733 1169 3795 Λατίνοις
1200 3734 1438 3805 μόνοιςῆ
1470 3737 1727 3807 Γραικοῖς

158 3817 387 3873 Λατίνων
427 3822 598 3892 χωρὶς
628 3822 730 3875 οὐκ
771 3822 952 3889 ἔξεστι
989 3826 1087 3879 καὶ
1127 3824 1310 3900 ὁτιοῦν
1345 3827 1726 3901 προστιθέναι,

161 3907 284 3963 ἀλλά
314 3928 375 3978 γε
423 3913 526 3982 τὴν
563 3915 948 3987 οίκουμενικὴν
997 3916 1215 3971 σύνοδον
1262 3920 1435 3981 οὐδεὶς
1480 3922 1634 3974 τουτὶ
1669 3921 1732 3974 τδ

162 4004 321 4073 γέρας
365 4006 671 4075 ἀφελέσθαι
718 4007 1053 4078 δυνήσεται·
1103 4010 1227 4064 ἐπεὶ
1266 4012 1363 4065 καὶ
1411 4011 1510 4077 τὰς
1561 4012 1732 4077 ἀλλας

164 4096 402 4161 συνόδους
427 4099 771 4171 προσθήκαις
798 4103 910 4154 τισὶ
938 4102 1038 4172 τὴν
1066 4103 1331 4174 ἀληθινήν
1368 4104 1733 4170 ἀναδειξάσας

162 4188 368 4263 οἴδαμεν
394 4192 579 4247 πίστιν
603 4210 619 4225 ⁶
651 4194 746 4247 καὶ
786 4196 814 4248 ὀ
853 4195 952 4265 τῆς
993 4196 1319 4267 προσθήκης
1352 4196 1737 4267 καταψηφιζό-

166 4303 315 4354 μενος
346 4290 488 4362 ὄρος,
525 4289 594 4361 ήν
636 4288 704 4343 ἀν
734 4308 819 4354 τις
859 4284 940 4351 εἷς
972 4290 1048 4345 ὢν
1083 4293 1177 4346 καὶ
1206 4291 1363 4359 δόξαν
1400 4292 1539 4347 ίδίαν
1568 4292 1737 4363 δημο-

168 4383 353 4438 σιεύων
385 4385 698 4454 ποιήσαιτο,
723 4385 823 4456 οὐχ
853 4384 923 4455 ἥν
957 4384 1023 4440 ἂν
1055 4384 1275 4448 σύνοδος
1319 4386 1413 4457 ὅλη
1444 4385 1734 4457 βουληθείη

168 4475 502 4544 προσθεῖναι,
560 4476 765 4548 ταύτην
823 4478 1085 4533 ἐλαύνει*
1142 4479 1382 4547 οὐδαμοῦ
1451 4478 1562 4550 γὰρ
1618 4482 1736 4535 ἐκεῖ

170 4568 376 4623 συνόδου
418 4571 634 4639 γίνεται
669 4572 882 4643 μνήμη,
912 4570 1050 4624 ἀλλὰ
1082 4569 1275 4641 μηδενί
1314 4588 1481 4641 φησιν
1512 4569 1734 4636 ἐξεῖναι.

169 4662 269 4716 Καὶ
304 4663 406 4735 μὴν
434 4665 469 4720 ἀ
496 4664 699 4719 κωλύει
725 4664 1030 4729 πιστεύειν,
1050 4662 1223 4719 ταῦτα
1258 4666 1355 4719 καὶ
1386 4664 1738 4733 προστιθέναι

169 4752 237 4824 τῷ
278 4750 538 4828 Συμϐόλῳ
570 4757 670 4827 τῆς
718 4757 958 4818 πίστεως
1006 4750 1108 4809 οΐδκ
1140 4758 1204 4827 ἐᾷ
1229 4772 1244 4788 ·
1276 4755 1451 4810 ταῦτα
1486 4755 1544 4810 δέ
1591 4756 1739 4809 ἐστιν

168 4848 334 4902 ὁπόσα.
382 4851 494 4913 τοῖς
559 4848 819 4920 ἀληθέσιν
873 4848 1244 4917 ἐναντιοῦται,
1290 4850 1385 4903 καὶ
1432 4850 1546 4913 τοῖς
1604 4847 1742 4918 μετὰ

173 4940 639 5021 πολλοὺςάγῶνας
685 4936 1103 5013 κεκρατηκόσιν
1141 4942 1202 4996 οὐ
1241 4943 1547 5019 συμφωνεῖ.
1585 4942 1650 4994 ’Δ
1682 4941 1740 4994 δὲ

174 5034 440 5089 πιστεύειν
484 5035 687 5100 ἔξεστι,
716 5033 895 5088 ταῦτα
943 5034 1039 5089 καὶ
1069 5032 1354 5106 ὁμολογεῖν
1386 5038 1742 5106 συγκεχώρη-

172 5147 253 5182 ται
279 5146 293 5161 ο
331 5131 425 5205 τὴν
458 5133 568 5203 γὰρ
592 5130 686 5185 τοῦ
708 5129 993 5199 Συμᾶόλου
1032 5129 1302 5202 δήπουθεν
1325 5129 1640 5201 ὁμολογίαν,
1682 5131 1743 5183 «co

179 5221 246 5290 μή
269 5220 374 5275 δεῖν
395 5222 685 5277 λανθάνειν
725 5222 903 5287 ἐνίους
941 5223 1072 5294 περὶ
1118 5224 1219 5292 τήν
1265 5222 1452 5275 πίστιν
1480 5220 1745 5293 διεφθαρ-

178 5312 379 5384 μένους,
408 5316 717 5389 ἀναγκαίαν
753 5314 1056 5388 πεποίηκεν
1081 5330 1095 5346 ο
1133 5314 1202 5387 ἣν
1228 5314 1425 5384 ἐφόσον
1453 5315 1564 5378 τοῖς
1593 5315 1744 5370 ἀκιν-

178 5403 339 5471 ἰύνως
366 5391 783 5481 πιστευομένοις
817 5407 1217 5482 συμφωνοῦσαν
1246 5405 1476 5477 ποιῆται
1504 5422 1613 5474 τις,
1644 5406 1745 5461 οὐκ

180 5494 245 5553 ἂν
292 5495 511 5563 δικαίως
567 5497 849 5569 νομίζοιτο
903 5499 1348 5577 παραδλάριτειν.
1415 5495 1625 5567 Ἀλλως
1687 5497 1745 5553 δέ

181 5589 266 5642 καὶ
296 5590 750 5663 καταψευσόμεθα
782 5594 874 5648 τοῦ
916 5593 1198 5665 Συμδόλου
1231 5595 1334 5665 τῆς
1362 5594 1625 5657 πίστεως,
1651 5592 1747 5646 καὶ

171 5680 804 5755 ’ματηνθάναγνωσόμεθα
832 5683 1013 5752 τοῦτο,
1037 5683 1138 5756 τῆς
1170 5682 1230 5752 ἐξ
1260 5684 1426 5739 αὑτοῦ
1452 5683 1746 5753 γινομένης

188 5772 467 5841 ἀσφαλείας
516 5776 619 5848 ήδη
673 5779 1091 5851 πεπατημένης,
1121 5776 1263 5839 Οὔτε
1309 5778 1416 5850 γὰρ
1471 5775 1746 5848 Σύμϐολον

1827 1881 1978 1945 dere,
2016 1882 2122 1936 alia
2157 1897 2245 1978 res
2268 1891 2397 1938 est:
2437 1895 2488 1939 et
2533 1898 2693 1939 nemo
2733 1884 3016 1940 decretum
3060 1884 3194 1940 illud
3229 1885 3425 1955 synodi

1827 1990 1962 2031 sane
2012 1976 2381 2046 intelligbntes
2441 1977 2750 2047 culpaverit
2781 1994 2795 2031 :
2840 1977 3011 2033 latum
3042 1978 3248 2049 quippe
3278 1983 3364 2033 est
3397 1992 3427 2033 a

1827 2068 2099 2137 principio
2138 2069 2192 2121 in
2226 2084 2323 2124 eos
2347 2110 2361 2135 ,
2417 2063 2512 2139 qui
2542 2069 2983 2126 detractionibus
3020 2080 3183 2144 atque
3212 2068 3427 2125 additae

1828 2160 2030 2217 mentis
2083 2160 2415 2229 quibusdam
2474 2162 2640 2218 [idem
2696 2162 3043 2233 depravant,
3102 2171 3159 2219 et
3210 2162 3426 2223 adulte-

1828 2249 2012 2305 rinam
2053 2249 2324 2304 invehdnt
2358 2250 2692 2324 theologiam
2727 2268 2742 2305 :
2787 2252 2953 2321 cujus
2984 2251 3293 2307 reverentia
3319 2265 3424 2305 nec

1828 2341 1931 2397 sibi
1976 2342 2087 2398 tale
2146 2343 2428 2413 quidpiam
2464 2344 2781 2399 audendmn
2810 2385 2824 2408 ,
2862 2360 2963 2400 nec
2992 2344 3036 2399 si
3068 2343 3159 2421 qui
3203 2345 3415 2410 ausint,

1829 2434 2204 2491 admittendos
2246 2451 2372 2493 esse
2424 2437 2489 2489 ad
2540 2424 3018 2499 communionem,
3054 2448 3246 2489 onmes
3278 2434 3422 2489 aﬂir-

1829 2529 2122 2609 maverint.
2152 2528 2308 2596 Quod
2348 2530 2391 2584 si
2432 2531 2615 2599 potius
2644 2546 2675 2585 e
2700 2531 2981 2585 contrario
3021 2529 3418 2598 persuadeatur

1829 2622 1962 2686 illis,
2015 2623 2348 2677 sententiam
2416 2622 2565 2677 illam
2619 2638 2743 2678 esse
2795 2622 3164 2688 verissimam,
3201 2633 3254 2676 ct
3290 2638 3416 2677 cum

1828 2713 2205 2769 fundamentis
2262 2714 2388 2769 ﬁdei
2445 2715 2600 2769 valde
2661 2724 3092 2786 congruentem,
3126 2723 3179 2769 et
3210 2714 3417 2771 sanctis

1828 2804 2113 2875 probatam
2145 2826 2158 2859 :
2191 2806 2357 2860 inane
2394 2817 2477 2862 est
2513 2808 2579 2861 ad
2617 2806 2707 2861 illa
2742 2806 3013 2879 refugium
3048 2825 3063 2863 :
3096 2808 3230 2862 nihil
3270 2808 3419 2864 enim

1828 2894 2017 2954 dicunt
2046 2914 2298 2969 perverse
2328 2901 2681 2970 intelligendo
2710 2902 2987 2956 decretum
3022 2900 3268 2963 Patrum,
3298 2916 3423 2953 cum

1828 2990 1934 3045 hoc
1971 2990 2049 3044 illi
2080 2991 2377 3059 ediderint,
2409 3005 2468 3047 ut
2507 2993 2793 3047 mendacio
2831 2994 2971 3047 viam
3003 2992 3425 3061 praecluderent,

1829 3098 1940 3139 non
1974 3093 2032 3138 ut
2059 3099 2217 3140 veras
2271 3086 2576 3141 sententias
2613 3086 2965 3140 eliminarent
3004 3126 3017 3148 ,
3049 3086 3233 3141 minas
3276 3086 3421 3155 enim

1832 3176 1883 3230 in
1922 3192 2017 3233 eos
2052 3177 2286 3244 iactant,
2312 3180 2405 3247 qui
2443 3179 2605 3233 aliam
2628 3180 2796 3234 fidem
2834 3179 3190 3234 conscrihunt
3222 3197 3235 3233 :
3272 3188 3323 3235 et
3354 3178 3420 3234 iis

1828 3268 2027 3326 tollunt
2060 3271 2375 3326 facultatem
2434 3273 2527 3341 qui
2556 3272 2868 3341 adjiciendo
2889 3273 3019 3338 quid
3059 3271 3422 3335 contrarium,

1805 3371 1880 3418 .ct
1911 3362 2137 3419 subdole
2161 3362 2459 3430 auferendo
2484 3364 2769 3435 quodlibet
2790 3381 2854 3420 ex
2880 3364 3146 3420 confessis
3170 3369 3421 3419 evertere

1828 3453 2121 3511 voluerint.
2142 3454 2321 3521 Quare
2343 3456 2387 3510 si
2416 3456 2693 3511 decretum
2735 3455 3156 3526 intelligatur-ita
3190 3463 3426 3526 utopor-

1832 3553 1930 3610 tet,
1966 3562 2144 3616 neque
2162 3545 2349 3601 Latini
2380 3548 2632 3618 culpandi
2670 3556 2818 3615 sunt,
2844 3553 2887 3603 si
2933 3548 3251 3618 adjecerunt
3278 3548 3426 3617 quod

1830 3653 2018 3693 verum
2046 3647 2153 3703 est,
2174 3653 2354 3709 neque
2383 3637 2603 3695 Graecos
2631 3655 2816 3695 errare
2852 3641 3172 3707 dicendum,
3208 3640 3253 3695 si
3286 3656 3427 3695 con-

1831 3728 2104 3784 senserint
2139 3750 2152 3784 :
2182 3717 2423 3800 alioquin
2445 3740 2637 3795 restat,
2670 3739 2729 3784 ut
2755 3731 2900 3785 aliud
2935 3732 3184 3787 dicentes
3210 3733 3424 3789 calum-

1833 3823 1953 3876 nias
2015 3828 2162 3876 certe
2214 3829 2455 3881 struant.
2528 3823 2736 3881 Deinde
2788 3824 2834 3880 si
2897 3824 3110 3880 Latinis
3139 3825 3294 3887 solis.
3324 3834 3422 3880 aut

1834 3911 2042 3971 GTEBCiS
2070 3916 2279 3985 absque
2315 3916 2526 3971 Latinis
2566 3933 2672 3972 non
2701 3919 2827 3974 licet
2865 3919 3064 3973 addere
3105 3919 3417 3989 quidlibet;

1837 4017 1892 4065 at
1931 4011 2290 4065 mcumenicm
2340 4012 2553 4082 synodo
2604 4013 2867 4069 honorem
2919 4013 3067 4067 hunc
3112 4028 3271 4068 nemo
3325 4027 3427 4082 po-

1839 4101 1967 4157 terit
2025 4117 2265 4171 negare:
2320 4118 2443 4156 nam
2499 4113 2552 4157 et
2585 4104 2719 4158 alias
2751 4104 2994 4175 synodos
3025 4103 3426 4174 adjectionibus
3463 4143 3477 4152 -

1839 4191 2173 4260 quibusdam
2224 4192 2433 4248 scimus
2494 4210 2678 4248 veram
2742 4194 3054 4252 declarasse
3114 4194 3298 4261 fidem,
3362 4207 3424 4252 et

1839 4286 2122 4339 decretum
2152 4325 2167 4348 ,
2203 4301 2311 4355 quo
2363 4286 2689 4355 reprobatur
2718 4287 3173 4355 additamentum,
3209 4291 3281 4345 ita
3324 4290 3432 4349 hnc

1842 4375 2109 4443 excludit,
2165 4376 2211 4431 si
2261 4377 2329 4430 ab
2360 4393 2473 4432 uno
2496 4379 2756 4449 quopiam
2792 4380 2882 4433 fiat
2918 4381 3192 4451 propriam
3248 4383 3431 4437 divul-
3506 4385 3515 4390 “

1769 4459 1812 4513 ι)
1843 4480 2002 4539 gante
2036 4470 2392 4533 sententiam,
2422 4486 2530 4525 non
2566 4472 2608 4525 si
2640 4480 2751 4526 tota
2788 4474 3030 4543 synodus
3066 4474 3300 4530 voluerit
3330 4474 3458 4540 adt

1842 4560 1975 4617 dere
1999 4601 2013 4625 ,
2060 4561 2207 4616 nulla
2239 4564 2385 4617 enim
2423 4564 2475 4615 in
2502 4577 2579 4616 ’ρο
2615 4563 2674 4618 lit
2696 4566 2889 4635 synodi
2928 4567 3157 4633 mentio,
3191 4565 3287 4639 sed
3323 4582 3427 4625 nc.

1844 4654 1978 4708 mini
2009 4698 2023 4720 ,
2060 4654 2280 4725 inquit,
2312 4648 2494 4714 liceat.
2522 4656 2791 4713 Praaterea
2824 4674 2943 4728 quae
2974 4660 3227 4729 prohibet
3256 4660 3427 4725 credi,

1843 4764 1905 4803 ea
1948 4764 2173 4820 quoque
2224 4766 2335 4805 non
2391 4750 2662 4821 permittit
2702 4751 2828 4805 addi
2873 4750 3135 4823 Symbolo
3174 4752 3434 4810 lidei:ca

1846 4858 1975 4897 vero
2011 4850 2166 4907 sunt,
2201 4858 2323 4912 quas
2348 4843 2563 4898 veritati
2597 4843 2977 4907 adversantur,
3010 4854 3063 4900 et
3093 4861 3200 4901 non
3233 4862 3437 4904 conso-

1847 4947 1980 4990 nant
2026 4937 2095 4992 iis
2152 4952 2274 5007 qua:
2335 4944 2456 5007 post
2524 4937 2727 4993 multos
2775 4936 2992 4993 labores
3028 4949 3247 5011 recepta
3282 4953 3433 4998 sunt.

1847 5029 1979 5098 Quae
2010 5042 2177 5105 porro
2211 5027 2342 5084 licet
2377 5029 2625 5091 credere,
2656 5028 2813 5085 fateri
2843 5028 3065 5102 quoque
3094 5033 3431 5102 permissum

1846 5130 1949 5180 est.
1999 5119 2245 5193 Symboli
2279 5119 2427 5176 enim
2463 5118 2864 5176 confessionem
2907 5123 3039 5178 illud
3070 5125 3200 5181 fecit
3234 5141 3428 5183 neces-

1847 5199 2078 5278 sariam,
2154 5213 2301 5282 quod
2354 5226 2463 5267 non
2500 5220 2751 5280 oporteat
2783 5211 2955 5268 latere
2985 5214 3201 5284 aliquos
3238 5215 3292 5270 in
3328 5215 3434 5271 fide

1847 5312 2165 5376 corruptos,
2194 5318 2359 5377 quam
2402 5317 2561 5359 nemo
2600 5303 2800 5358 laedere
2821 5304 2948 5376 jure
2976 5306 3290 5363 censendus
3324 5315 3435 5372 est,

1846 5400 1977 5457 dum
2033 5398 2183 5454 illam
2243 5406 2469 5469 prastat
2518 5397 2586 5452 iis
2654 5399 3130 5463 consentientem,
3161 5413 3285 5467 quas
3316 5397 3438 5453 sine

1851 5492 2094 5571 periculo
2127 5490 2451 5546 creduntur.
2486 5489 2746 5561 ﬁlioquiu
2776 5490 2901 5551 ﬂdei
2933 5490 3251 5569 Symbolum
3291 5490 3437 5545 falso

1849 5572 2249 5659 appellabimus
2296 5584 2526 5654 nomine
2555 5623 2571 5647 ,
2605 5592 2659 5637 et
2683 5582 2887 5640 frustra
2911 5583 3043 5639 illud
3077 5581 3438 5638 recitabimul

1852 5682 2169 5754 proculcata
2217 5678 2331 5750 jam
2389 5679 2509 5743 illa,
2560 5687 2683 5749 quae
2708 5688 2772 5741 ex
2814 5694 2881 5733 eo
2917 5678 3186 5749 provenit,
3214 5676 3437 5733 haesita-

1855 5770 2027 5835 tionis
2063 5762 2409 5833 liberatione.
2446 5771 2635 5845 Nequ’e
2668 5772 2814 5828 enim
2842 5771 2946 5826 erit
2987 5770 3225 5839 amplius
3265 5770 3436 5837 Sym-
