3966 6328
494 284 633 379 ιτδ.

1610 284 1858 344 ΒΕΝΝΛ
1875 286 1989 345 DiI
2032 232 2155 350 CPT
2182 288 2625 350 PATRIARCII
2640 286 2699 345 Αἰ

3654 277 3740 342 476

490 402 823 473 generalium
872 402 1227 474 synodorum,
1266 392 1514 458 instructi
1563 400 1716 467 estis,
1753 418 1875 474 qure
1907 420 2070 473 pares
2108 408 2130 462 Α

2215 409 2327 478 πάσῃ
2366 406 2716 476 παρασκευῇ,
2748 404 2911 475 εἴπερ
2942 421 3026 465 τις
3053 402 3164 456 τῶν
3198 400 3421 455 πώποτε
3456 402 3743 468 γενομένων

489 493 836 553 difﬁcultates
867 494 1030 551 simili
1079 496 1275 550 robore
1324 503 1454 549 tunc
1484 494 1768 559 vicerunt;
1806 497 1950 553 inest
1975 514 2074 551 au-

493 597 600 643 tem
626 597 682 643 et
708 589 999 643 vehemens
1030 587 1178 657 pacis
1210 587 1564 649 desiderium,
1598 597 1651 644 et
1678 588 1881 645 nullam
1914 588 2076 642 aliam
2117 603 2124 610 '

493 678 566 733 cb
598 693 713 733 rem
748 678 972 749 profecti
1022 678 1176 738 estis,
1214 676 1279 731 ad
1309 677 1730 739 decertandum,
1777 688 1937 747 turpe
1968 685 2076 740 est,

494 773 837 828 venerabiles
884 772 1092 832 Patres,
1139 778 1322 839 turpe,
1367 784 1617 839 personat
1662 785 1825 840 quam
1864 769 2077 841 geritis,

496 877 657 937 atque
687 863 1064 935 appellationis
1100 864 1278 919 ordini
1325 880 1432 919 non
1474 864 1827 934 respondere,
1867 872 1921 918 et
1953 864 2081 918 abs-

496 959 687 1014 cedere
732 956 995 1011 minorem
1056 966 1381 1012 consecutos
1435 958 1659 1030 gloriam
1688 1000 1701 1023 ,
1772 972 1937 1027 quam
1984 957 2080 1012 alii

496 1048 591 1120 qui
648 1048 926 1118 proposita
979 1050 1081 1105 sibi
1134 1052 1334 1106 similia
1396 1051 1690 1109 certamina
1745 1051 1809 1106 ad
1864 1048 2101 1135 felicem.

498 1140 701 1195 exitum
740 1139 1133 1208 perduxerunt.
1169 1141 1337 1197 Nemo
1366 1145 1510 1198 enim
1540 1158 1638 1199 vos
1672 1144 1876 1209 audiet,
1904 1144 1950 1199 sl
1984 1159 2084 1199 ex-

500 1233 799 1289 cusationis
834 1248 1001 1288 causa
1037 1236 1376 1305 protuleritis
1406 1236 1795 1307 impedimenta
1846 1244 1900 1292 et
1946 1235 2086 1292 ditii-

502 1326 753 1389 cultntes.
789 1342 913 1381 cum
949 1328 1088 1383 sciat
1118 1344 1283 1399 quam
1317 1330 1477 1400 pleno
1507 1330 1764 1386 veneritis
1796 1338 2083 1400 apparatu.

503 1419 697 1485 quavis
738 1420 959 1488 quidem
1009 1422 1114 1475 alia
1150 1438 1211 1477 re
1245 1424 1521 1489 validiori,
1555 1438 1651 1493 per
1680 1424 1853 1479 solam
1904 1432 2084 1479 autem

508 1512 777 1580 ignaviam
834 1513 1098 1583 proiecto.
1138 1516 1213 1570 Ad
1250 1517 1367 1572 haec
1412 1516 1525 1571 fieri
1563 1532 1667 1572 non
1706 1526 1903 1587 potest,
1954 1516 2084 1585 quin

508 1607 627 1661 aliis
675 1622 896 1677 quoque
950 1607 1168 1677 probris
1223 1607 1513 1671 vexetnini,
1548 1624 1670 1677 quae
1703 1623 1887 1663 secum
1932 1608 2089 1663 ali‘ert

510 1716 612 1769 pax
660 1700 917 1768 impedita
956 1718 969 1754 :
1008 1703 1109 1757 hoc
1143 1702 1288 1756 enim
1338 1700 1607 1771 superbia
1644 1700 1849 1756 crimen
1900 1700 2085 1767 infert,

513 1794 642 1847 illud
679 1796 985 1851 timiditatis
1013 1796 1513 1865 reprehensionem,
1548 1796 1695 1853 aliud
1728 1796 2094 1853 contentionis

512 1886 737 1952 vitium;
790 1898 952 1957 atque
986 1887 1056 1942 ita
1098 1888 1242 1943 aliud
1298 1888 1390 1943 alii
1431 1889 1790 1953 conjuuCtum
1822 1898 1901 1944 est
1931 1888 2097 1945 dede-

515 1996 633 2043 cus,
666 1982 863 2051 quibus
899 1998 963 2035 ne
998 1983 1191 2037 merito
1224 1982 1363 2036 fiatis
1388 1984 1635 2047 obnoxii,
1672 1984 1976 2039 curandum
2007 1999 2098 2038 ro-

517 2076 596 2130 bis
634 2087 716 2131 est
748 2084 799 2129 ct
832 2076 1059 2143 singulis
1087 2085 1141 2131 et
1181 2060 1504 2135 universis:
1538 2093 1695 2148 aeque
1728 2078 1872 2134 enim
1917 2078 2099 2133 omnia

517 2167 808 2236 plurimum
846 2166 1094 2223 distanta
1117 2178 1293 2223 vestra
1323 2168 1524 2223 virtute
1544 2178 1597 2223 et
1620 2183 1877 2240 Spe,quae
1912 2169 2016 2224 sita
2047 2172 2098 2222 in

519 2261 671 2315 vobis
705 2270 807 2316 est.
860 2260 1117 2317 Omnium
1172 2278 1359 2332 porro,
1394 2279 1516 2332 qua:
1560 2264 1702 2319 dicta
1748 2276 1896 2327 sunt,
1930 2274 2100 2334 caput

522 2356 625 2409 lmc
668 2360 791 2409 est:
826 2354 1017 2423 reliqui
1069 2363 1216 2409 certe
1261 2368 1455 2409 omnes
1504 2356 1751 2412 homines
1800 2355 2104 2411 manifestis

524 2450 674 2503 hisce
724 2463 784 2503 ac
816 2447 1159 2517 perspicuis,
1208 2463 1328 2511 qua:
1375 2463 1439 2503 ex
1478 2464 1610 2517 pace
1660 2450 2108 2519 proficiscuntur,

526 2541 680 2595 bonis
706 2539 969 2603 fruentur,
996 2555 1227 2609 quorum
1258 2541 1361 2595 erit
1384 2540 1811 2610 pulcherrimum
1862 2539 2110 2593 veritatis

525 2625 786 2701 cngiiitio,
834 2643 897 2686 ct‘
936 2648 1159 2689 suarum
1215 2633 1362 2689 salus
1400 2634 1705 2686 animarum
1738 2652 1750 2688 :
1787 2626 1882 2687 vos
1930 2641 2111 2686 autem

527 2728 686 2796 primi
724 2726 1015 2781 utilitatem
1040 2742 1104 2781 ex
1134 2726 1285 2781 hisce
1320 2726 1477 2781 bouis
1504 2727 1916 2797 perspicientes,
1943 2741 2117 2794 eoque

530 2822 687 2874 titulo
722 2820 988 2888 iusiguiti,
1014 2818 1159 2889 quod
1192 2834 1285 2889 per
1310 2833 1406 2873 vos
1435 2828 1690 2873 auctores
1723 2818 1810 2871 illa
1842 2822 1895 2872 in
1928 2831 2117 2871 omnes

529 2911 808 2973 fluxerint,
846 2910 1151 2965 mercedem
1206 2910 1371 2964 etiaut
1423 2909 1678 2965 utilitatis
1735 2917 2001 2979 percepta:
2053 2909 2119 2962 ab

532 3005 654 3059 aliis
682 3002 981 3073 accipietis.
1016 3001 1219 3057 Prmter
1257 3003 1373 3057 haec
1418 3003 1574 3057 adest
1608 3017 1825 3072 quoque
1856 3001 1997 3057 Deus
2026 3018 2118 3055 ve-

2181 497 2579 567 οίκουμενικῶν
2640 497 2899 559 συνόδων,
2949 495 3287 565 ἐξῆρτυσθε,
3346 492 3405 545 αἶ
3460 492 3571 544 τῶν
3632 490 3745 543 ίσων

2178 592 2514 663 δυσχερειῶν
2565 591 2705 661 μετὰ
2740 590 2842 658 τῆς
2883 588 3082 657 ὁμοίας
3121 587 3305 659 ἰσχύος
3350 573 3741 653 τότεπεριεγέ-

2180 704 2357 753 νοντο,
2396 685 2659 757 πρόσεστι
2702 683 2759 739 δὲ
2797 682 2894 736 καὶ
2940 684 2974 752 ἡ
3023 680 3231 751 σφοδρᾶ
3258 683 3357 751 τῆς
3389 679 3616 750 είρήνης
3644 676 3745 731 ἐπι-

2182 780 2377 851 θυμία,
2411 780 2506 835 καὶ
2534 782 2594 833 τὸ
2626 777 2858 849 μηδενὸς
2889 777 3053 830 ἄλλου
3098 776 3261 847 χάριν
3294 774 3473 830 ἐλθεῖν
3502 775 3743 841 ἀγωνιου-

2187 873 2405 944 μένους,
2476 870 2704 942 αἰσχρόν
2768 872 2958 933 ἐστιν,
3029 861 3076 922 ὦ
3146 867 3437 937 σεϐάσμιοι
3502 865 3744 933 Πατέρες,

2183 966 2411 1037 αίσχρὺν
2440 966 2539 1036 τὴν
2569 966 2669 1020 τοῦ
2702 964 2985 1036 σχήματος
3020 961 3119 1017 xui.
3141 962 3240 1032 τῆς
3271 958 3594 1029 ἐπωνυμίας
3614 954 3747 1022 τάξιν

2182 1063 2402 1125 λιπεῖν,
2455 1059 2553 1113 καὶ
2611 1057 2725 1111 τῶν
2779 1057 2969 1113 ἄλλοτε
3040 1054 3494 1124 κατωρθωκότων
3551 1054 3608 1107 ἐν
3656 1052 3751 1113 τοῖς

2184 1152 2393 1222 ὁμοίοις
2422 1151 2598 1219 ἀγῶσι
2627 1151 2800 1221 χείρω
2847 1148 3117 1213 λαϐόντας
3170 1146 3330 1211 δόξαν
3364 1145 3749 1213 ἀπαλλαγῆναι.

2186 1245 2378 1308 υύδεὶς
2407 1246 2515 1315 γὰρ
2559 1244 2691 1313 ὑμῖν
2740 1246 2808 1298 τὰ
2842 1243 3147 1312 κωλύματα
3178 1238 3277 1296 καὶ
3320 1238 3422 1302 τὰς
3446 1237 3753 1307 δυσχερείας

2186 1337 2488 1406 ἀπολογίαν
2518 1338 2869 1408 προτείνουσι
2900 1334 3199 1407 προσέχειν
3226 1331 3475 1399 ἐθελήσει
3502 1330 3596 1382 τὸν
3624 1328 3753 1394 νοῦν,

2186 1433 2285 1502 τὴν
2316 1429 2589 1500 ὑμετέραν
2628 1428 2786 1492 είδὼς
2815 1429 2903 1483 διὰ
2932 1429 3155 1481 πάντων
3186 1422 3552 1495 παρασκευὴν
3584 1421 3757 1475 πασῶν

2187 1522 2351 1576 οὖσαν
2384 1516 2763 1592 ἰσχυροτέραν,
2803 1520 3051 1593 ῥᾳθυμίᾳ
3076 1516 3134 1572 δὲ
3164 1516 3301 1587 μόνῃ
3346 1512 3761 1584 προδεδομένην.

2190 1616 2335 1687 Πρὸς
2384 1615 2441 1670 δέ
2500 1614 2714 1679 τούτοις
2766 1614 2887 1669 ούδέ
2942 1614 3056 1675 τοῖς
3111 1610 3297 1672 ἄλλοις
3351 1606 3617 1661 ὀνείδεσιν
3669 1600 3765 1655 ἐσθ’

2193 1710 2340 1771 ὅπως
2379 1708 2479 1779 οὐχ
2522 1707 2909 1768 ὑποκείσεσθε,
2939 1705 2975 1760 ἃ
3025 1704 3137 1758 τῶν
3172 1703 3273 1772 τῆς
3319 1700 3551 1769 είρήνης
3595 1698 3761 1766 ιχεται

2198 1801 2545 1871 κωλυμόιτων
2567 1818 2583 1834 ο
2618 1800 2697 1870 τῷ
2746 1800 2845 1868 μὲν
2886 1798 2997 1868 γὰρ
3040 1796 3223 1850 αὐτῶν
3252 1794 3315 1848 τδ
3354 1794 3459 1858 τῆς
3495 1794 3768 1859 ὑπερηφα-

2200 1897 2319 1960 νίας
2351 1895 2583 1951 ’ὕπεστιν
2631 1894 2911 1963 ἔγκλημα,
2954 1890 3049 1945 τοῦ
3082 1889 3127 1945 δ’
3177 1890 3210 1959 ἡ
3246 1888 3343 1957 τῆς
3380 1885 3591 1947 δειλίας
3621 1883 3774 1955 ἠρτη-

2202 2007 2295 2042 ται
2324 1987 2554 2059 μέμψις,
2586 1986 2664 2056 τῷ
2695 1986 2752 2039 δέ
2792 1984 2983 2051 τὸτῆς
3020 1980 3362 2059 φιλονεικίας
3397 1976 3773 2041 συνέζευκται,

2202 2086 2300 2139 καὶ
2325 2080 2504 2143 ἄλλοις
2529 2078 2666 2133 ἄλλα
2694 2076 2943 2130 σύνεστιν
2970 2074 3139 2144 αῐσχη
3170 2090 3184 2105 ·
3215 2067 3297 2135 οἷς
3320 2072 3472 2134 ὅπως
3511 2070 3616 2124 οὐκ
3646 2069 3777 2135 ἐνέξ-

2204 2174 2331 2230 εσθε
2391 2172 2651 2237 δικαίως,
2702 2170 2923 2239 ἐκάστῳ
2979 2185 3040 2222 τε
3100 2167 3255 2237 ὑμῶν
3309 2164 3405 2220 καὶ
3452 2165 3627 2219 πᾶσιν
3679 2164 3780 2232 ἅμα

2206 2270 2408 2339 πρέπει
2436 2263 2760 2337 φροντίσαι*
2793 2264 2971 2317 πάντα
2996 2262 3107 2333 γὰρ
3136 2260 3342 2331 ὁμοίως
3381 2260 3481 2327 τῆς
3516 2256 3780 2327 ὑμετέρας

2208 2362 2413 2432 ἀρετῆς
2449 2359 2546 2414 καὶ
2576 2357 2685 2411 τῶν
2715 2356 2801 2425 ἐφ’
2836 2355 2966 2425 ύμῖν
3012 2352 3246 2407 ἐλπίδων
3286 2351 3546 2406 πλεῖστον
3580 2349 3782 2417 ἀπέχει.

2222 2455 2511 2509 Ἀπάντων
2560 2450 2617 2505 δέ
2672 2448 2784 2502 τῶν
2834 2446 3143 2514 είρημὲνων
3192 2444 3311 2498 ἐστὶ
3360 2442 3694 2511 κεφάλαιον·
3744 2438 3786 2493 οἱ

2217 2548 2317 2615 μὲν
2376 2546 2527 2600 ἄλλοι
2610 2542 2811 2603 πάντες
2868 2540 3150 2619 ἄνθρωποι
3200 2538 3309 2589 τῶν
3355 2533 3826 2605 ὁμολογουμένων

2216 2639 2423 2691 τούτων
2454 2637 2542 2688 καὶ
2576 2634 2713 2687 πᾶσι
2768 2632 3055 2701 προδήλων
3099 2632 3164 2684 ἐκ
3192 2629 3292 2697 τῆς
3325 2627 3553 2697 είρήνης
3582 2624 3791 2695 ἀγαθῶν

2220 2731 2643 2793 ἀπολαύσονται,
2671 2721 2745 2780 ὧν
2784 2726 2815 2796 ἡ
2847 2724 3049 2791 γνῶσις
3087 2721 3187 2789 τῆς
3215 2721 3473 2791 ἀληθείας
3506 2719 3605 2772 καὶ
3632 2720 3663 2789 ἡ
3698 2716 3793 2770 τῶν

2218 2825 2405 2895 ψυχῶν
2458 2821 2643 2883 αὐτοῖς
2696 2818 2945 2887 σῳτηρὶα
2991 2816 3052 2869 τὸ
3098 2815 3390 2869 κάλλιστον
3422 2813 3580 2867 ἔσται
3610 2830 3626 2845 ⁸
3656 2812 3796 2882 ὑμεῖς

2220 2920 2275 2973 δὲ
2333 2917 2542 2987 πρῶτοι
2607 2912 2714 2968 τῶν
2768 2910 2992 2981 ἀγαθῶν
3037 2911 3397 2981 ἀπονάμενοι,
3436 2909 3532 2963 καὶ
3572 2909 3654 2978 τῷ
3700 2909 3798 2968 τοῖς

2223 3012 2355 3064 πᾶσι
2393 3007 2650 3077 γενέσθαι
2690 3004 2898 3060 τούτων
2950 3006 3117 3058 αῐτιοι
3150 3002 3549 3072 κοσμηθέντες,
3584 2998 3799 3068 καὶτῆς

535 3105 773 3167 strorunt
822 3090 988 3146 animi
1032 3104 1274 3150 motuum
1328 3103 1602 3163 spectator
1635 3092 1905 3163 etjudex,
1954 3107 2116 3162 quem

2222 3106 2330 3160 τῶν
2357 3102 2535 3158 ἄλλων
2558 3098 2829 3169 ὠφελείας
2874 3096 3105 3165 ἀφέξετε
3132 3096 3261 3158 τοὺς
3296 3094 3549 3164 μισθούς.
3592 3094 3727 3163 Πρὸς
3753 3091 3804 3145 δέ

537 3199 697 3241 nemo
729 3187 893 3241 latere
931 3196 1104 3256 potest
1148 3196 1244 3242 aut
1272 3187 1516 3256 segniter
1551 3186 1738 3259 agens,
1776 3195 1872 3241 aut
1899 3187 2123 3241 mollitie

537 3278 734 3340 ﬂuens.
766 3287 861 3332 aut
893 3279 1145 3333 carnales
1178 3288 1233 3334 et
1262 3280 1504 3336 caducas
1544 3280 1908 3350 cogitationes
1942 3279 2123 3349 operi—

537 3372 639 3426 bus
669 3369 788 3440 ejus
819 3372 1160 3426 immiscens.
1194 3369 1351 3426 llunc
1391 3372 1555 3442 igitur
1587 3388 1778 3427 omnes
1812 3387 1922 3441 pra:
1952 3370 2126 3426 oculis

540 3476 756 3531 semper
808 3463 1095 3530 habentes,
1146 3473 1199 3517 et
1246 3478 1367 3518 eam
1420 3480 1540 3535 quae
1584 3474 1865 3534 sequetur,
1913 3464 1959 3519 si
2014 3478 2125 3518 rent

2224 3198 2438 3260 τούτοις
2467 3195 2561 3249 καὶ
2598 3192 2731 3256 Θεὸς
2758 3194 3025 3262 πάρεστιν
3058 3190 3161 3261 ἤδη
3196 3190 3305 3244 τῶν
3334 3189 3624 3259 ὑμετέρων
3662 3185 3805 3241 ἐνθυ-

2232 3291 2505 3363 μημάτων
2552 3287 2797 3355 ἐπόπτης
2872 3284 2967 3338 καί.
3019 3282 3327 3353 δικαστής”
3383 3281 3444 3334 ὃν
3510 3282 3614 3335 οὒκ
3672 3280 3809 3355 ἐστιν

2228 3381 2423 3434 οὐδένα
2461 3378 2709 3447 λαθεῖνῆ
2769 3375 3125 3447 ῥᾳθυμοῦντα
3174 3373 3271 3427 καὶ
3326 3370 3808 3443 βλακευόμενον,ἢ

2233 3470 2583 3541 σωματικούς
2623 3486 2778 3531 τινας
2812 3468 3115 3537 λογισμοὺς
3170 3467 3267 3519 καὶ
3325 3464 3703 3537 προσκαίρους
3728 3463 3813 3516 αὖα

542 3542 802 3623 pracclare
858 3554 1165 3625 gesseritis,
1217 3555 1503 3611 utilitatem
1553 3566 1603 3610 cl
1648 3558 1915 3626 gloriam,
1967 3571 2130 3612 omne

2233 3563 2330 3619 τοῦ
2383 3565 2498 3627 τοῖς
2557 3562 2743 3635 ἔργοις
2800 3559 3203 3630 ἀναμιγνύντα.
3265 3557 3467 3613 Τοῦτόν
3526 3574 3587 3611 τε
3646 3556 3816 3609 τοίνυν

545 3646 760 3715 qui-lem
808 3647 949 3715 quod
976 3647 1319 3713 adversatur,
1354 3645 1608 3705 frivolum
1639 3658 1692 3703 et
1732 3650 1898 3703 inane
1940 3656 2128 3704 osten-

550 3739 723 3804 detis;
754 3748 1060 3809 exoptatam
1090 3757 1217 3797 vero
1249 3757 1437 3812 pacem
1474 3742 1911 3812 quamcitissime
1932 3758 1997 3799 ac
2026 3743 2132 3797 uti-

553 3827 819 3885 lissimam
855 3837 1036 3885 vestro
1074 3832 1293 3888 decreto
1320 3834 1601 3889 sancietis.

2238 3655 2347 3725 πρὸ
2405 3653 2707 3723 ὀφθαλμῶν
2765 3654 2855 3706 ἀεὶ
2913 3653 3008 3706 καὶ
3074 3652 3173 3723 τὴν
3228 3655 3291 3705 ἐκ
3351 3648 3449 3703 τοῦ
3524 3646 3817 3719 κατορθοῦν

2238 3746 2510 3824 ὠφέλειάν
2567 3764 2627 3800 τε
2688 3745 2782 3798 καὶ
2833 3743 2993 3808 δόξαν
3048 3743 3293 3807 ἅπαντες
3344 3744 3583 3812 ἔχοντες,
3631 3739 3820 3809 σαθρδν

2243 3841 2359 3907 μὲν,
2397 3840 2599 3906 δείξετε
2664 3840 2771 3892 πᾶν
2820 3838 3157 3906 ἐναντίωμα.
3200 3838 3300 3907 τὴν
3362 3835 3419 3888 δέ
3474 3833 3816 3903 ποθουμένην

2245 3932 2469 4002 είρήνην
2500 3933 2584 3985 ὅτι
2614 3931 2849 3999 τάχιστα
2884 3928 2979 3983 καὶ
3014 3926 3473 3995 λυσιτελεστάτην
3505 3923 3817 3996 ψηφιεῖσθε.

3329 4201 3715 4219 ἰ’-*α

1418 4350 1647 4437 ΤΟΥ
1724 4346 2106 4437 ΑΥΤΟΥ
2160 4345 2532 4471 ΛΟΓΟΣ
2604 4343 2995 4431 ΤΡΙΤΟΣ

1317 4532 1409 4586 Ἐν
1463 4528 1509 4602 ᾧ
1568 4533 1780 4587 τίθεται
1834 4533 1904 4588 τὰ
1978 4532 2279 4604 ποιήσοντα
2355 4530 2454 4602 τὴν
2527 4526 2787 4601 τοιαύτην
2863 4526 3111 4598 είρήνην.

1581 4870 2123 4965 ΕιῐυΞῡἘΜ
2180 4865 2642 4960 ORATIO
2706 4864 2851 4953 Ill

1086 5077 1160 5139 In
1198 5090 1321 5156 qua
1349 5077 1766 5153 exponuntur
1796 5084 1890 5143 ea,
1934 5084 2052 5150 per
2088 5069 2232 5147 queo
2265 5081 2392 5145 pax
2428 5058 2800 5143 hujusmodi
2853 5057 3084 5122 confici
3116 5056 3335 5136 possit.

544 5402 547 5405 λ
658 5385 781 5440 llaec
814 5393 964 5449 sunt,
986 5398 1107 5454 qua;
1135 5381 1374 5435 maxima
1402 5389 1455 5434 et
1486 5377 1805 5434 dimcillima
1827 5377 1978 5447 pacis
1998 5353 2163 5444 huius
2197 5376 2249 5436 D

589 5479 984 5551 impedimenta
1012 5477 1190 5531 visum
1216 5474 1281 5528 iri
1314 5472 1648 5535 existimavi,
1679 5485 1801 5541 qme
1858 5485 1955 5525 vos
1988 5479 2167 5523 tamen

2350 5373 2418 5425 Ἀ
2463 5369 2562 5437 μέν
2598 5364 2782 5422 τοίνυν
2810 5363 3071 5435 νενόμικα
3105 5362 3216 5416 τῶν
3243 5360 3339 5431 τῆς
3369 5357 3600 5430 είρήνης
3633 5349 3861 5423 ταυτησὶ

2281 5460 2620 5531 κωλυμάτων
2669 5458 2905 5530 μέγιστα
2946 5456 3039 5510 καὶ
3090 5452 3499 5531 δυσχερέστατα
3532 5448 3731 5513 δόξειν,
3769 5443 3864 5498 καὶ

589 5526 1001 5631 rutisiderantes
1024 5565 1177 5622 ulltill
1207 5576 1339 5635 puto
1380 5563 1614 5628 facietis,
1675 5561 1768 5617 sed
1797 5559 2083 5623 ambabus,
2118 5575 2130 5612 ι

2282 5555 2317 5610 δ.
2348 5526 2757 5621 σκοπουμένους
2796 5544 2952 5611 αὖθις
2986 5548 3131 5617 ὑμᾶς
3162 5546 3293 5635 περί
3316 5526 3529 5606 οὐδενὸς
3572 5541 3641 5595 ἂν
3681 5538 3863 5635 ἐκεῖνα

592 5663 767 5727 aiunt,
798 5658 1067 5716 manilius
1100 5666 1437 5727 strenueque
1490 5668 1677 5725 pacem
1750 5649 2174 5721 amplectemini,

596 5755 737 5811 uiltii
761 5752 1263 5826 praetcrtttitteutes,
1293 5748 1438 5822 quod
1470 5764 1567 5821 pcr
1613 5762 1711 5807 vos
1780 5744 1897 5803 ficri
1952 5743 2125 5816 possit
2160 5762 2174 5801 ι

2284 5648 2443 5716 λόγου
2494 5642 2838 5715 ποιήσεσθαι.
2868 5641 2984 5697 ἀλλ’
3033 5626 3395 5711 ἀμφοτέραις,
3431 5636 3730 5705 ὃλέγεται,
3774 5629 3869 5710 καὶ

2289 5737 2552 5811 γενναίως
2610 5734 3001 5809 ἀντιλήψεσθαι
3068 5732 3276 5807 ταύτης
3336 5731 3446 5788 τῶν
3502 5730 3581 5794 είς
3636 5726 3870 5817 ,δύναμιν
