3966 6328
605 219 722 286 479
791 239 804 248 '

1621 277 1625 280 _
1708 180 2098 285 GENNADII
2141 225 2256 285 cr.

2307 224 2534 284 PATRl
2559 224 2825 285 \RCHE
3778 220 3866 285 880

610 342 791 398 gasse,
831 343 1069 399 quorum
1106 332 1378 402 praecipue
1405 332 1491 388 illa
1523 347 1661 403 opus
1693 335 1988 388 exstiterit.
2012 329 2200 400 Neque

2343 333 2459 400 μῶν
2517 333 2618 403 τὴν
2665 334 2892 404 είρήνην
2944 332 3347 394 ἀναϐαλέσθαι,
3403 324 3482 386 ὧν
3540 330 3762 402 μάλιστ’
3814 337 3865 388 ἂν
3929 324 3935 386 l

612 423 757 477 enim
793 433 1008 480 vestras
1041 425 1108 480 de
1142 441 1272 496 pace
1329 427 1685 494 cogitationes
1743 427 1897 481 tollet
1948 424 2194 482 certandi

612 513 882 579 studium,
916 533 1094 586 neque
1134 516 1806 586 apparens,discrepantia
1845 531 1942 570 vos
2009 516 2196 569 turba-

613 605 714 668 bit,
750 615 806 659 ut
835 623 1024 662 earum
1088 623 1207 676 qua:
1237 607 1496 675 utrinque
1552 617 1682 669 sunt
1713 599 2028 677 suspirione
2060 604 2197 659 dim-

619 699 884 753 cultatum
923 709 973 754 et
1009 699 1401 768 periculorum,
1439 701 1792 755 temerarium
1819 717 1942 757 esse
1995 701 2062 754 de
2115 701 2199 756 his

617 792 820 860 aliquid
857 792 1207 860 pronuntiare
1238 792 1587 848 existimetis.
1617 794 1797 859 Quare
1829 810 1892 846 ex
1937 793 2037 848 hoc
2066 801 2199 847 tem-

619 886 769 955 poris
810 884 1072 938 beneﬁcio
1101 883 1161 937 lit
1190 886 1364 950 vobis,
1394 896 1452 940 ut
1481 887 1780 957 perfectum
1830 887 2199 957 judicantium

623 979 916 1048 obtineatis
940 988 1166 1042 statum,
1206 995 1330 1033 eum
1371 981 1590 1035 labores
1612 981 1702 1034 alii
1739 981 1988 1036 studiose
2012 997 2199 1036 susce-

616 1071 818 1139 perint,
855 1081 908 1125 et
941 1082 1176 1127 vestram
1211 1077 1405 1140 solam,
1445 1083 1503 1127 ut
1545 1075 1616 1128 ita
1651 1073 1852 1138 dicam,
1886 1085 2205 1144 exspectent

619 1162 972 1228 sententiam,
1001 1177 1162 1231 quam
1200 1165 1343 1220 ferre
1377 1165 1530 1220 vobis
1554 1180 1661 1218 non
1723 1165 1827 1219 erit
1861 1166 2014 1220 valde
2054 1165 2204 1220 labo-

620 1254 1113 1326 riosum.0portet
1162 1259 1331 1324 igitur
1390 1274 1483 1313 vos
1543 1258 1762 1326 quidem
1832 1259 2119 1315 continere
2176 1273 2203 1312 ο

621 1348 837 1418 probris
868 1358 922 1404 et
951 1351 1318 1417 contumeliis,
1353 1360 1405 1405 et
1436 1351 1775 1420 argumentis
1834 1352 1899 1405 ad
1965 1352 2206 1407 absurda

620 1442 1039 1504 deducentibus.
1074 1454 1128 1498 et
1185 1443 1396 1498 caeteris
1444 1444 1722 1510 omnibus,
1775 1459 1896 1512 quae
1949 1444 2207 1500 diuturna

623 1536 746 1590 tulit
771 1535 1069 1601 discordia,
1105 1537 1311 1608 primos
1341 1547 1521 1591 autem
1560 1553 1745 1592 eorum
1775 1538 2094 1593 inventuros
2123 1554 2209 1592 ar-

626 1645 810 1701 guere,
848 1631 959 1685 imo
993 1646 1120 1686 vero
1157 1631 1391 1701 benigne
1425 1632 1532 1686 illis
1575 1632 1786 1686 veniam
1819 1631 1977 1696 dare,
2004 1643 2054 1686 et
2092 1630 2210 1686 s’olo

629 1727 893 1794 temporis
924 1727 998 1779 uti
1037 1726 1321 1790 beneﬁcio,
1352 1735 1406 1780 et
1434 1730 1656 1796 piOpter
1717 1726 1818 1780 hoc
1885 1742 2050 1778 unum
2107 1724 2212 1779 illis

629 1819 943 1873 hominibus
987 1833 1147 1888 agere
1181 1820 1409 1888 gratias,
1437 1818 1752 1886 quicunque
1779 1817 1920 1888 apud
1955 1830 2214 1885 utrosque

630 1911 868 1966 laborem
897 1913 1043 1964 hunc
1073 1911 1385 1975 subierunt,
1413 1925 1511 1965 nee
1540 1911 1662 1981 plus
1695 1911 1804 1966 illis
1856 1911 2098 1979 tribuere
2120 1926 2216 1965 au-

628 2005 925 2070 ctoritatis,
958 2019 1119 2074 quam
1153 2005 1411 2073 congruit
1435 2004 1776 2074 litigantibus
1812 2021 1825 2059 :
1863 2019 2038 2072 neque
2066 2004 2212 2060 enim

633 2099 876 2154 veritatis
909 2098 1102 2154 arbitri
1137 2109 1191 2153 et
1216 2099 1429 2170 iudices
1473 2098 1729 2152 luereilli
1781 2098 2064 2150 hominum
2120 2112 2215 2164 ge-

635 2193 770 2257 neri,
805 2204 862 2247 ut
882 2193 1014 2248 estis
1041 2209 1162 2259 vos,
1201 2201 1422 2263 propter
1452 2193 1594 2263 quod
1626 2193 1694 2246 sit
1725 2192 1832 2246 illis
1894 2191 2218 2246 tribuendus

633 2286 811 2341 honor
835 2287 1130 2348 maximus,
1162 2294 1214 2340 et
1245 2299 1359 2340 rata
1395 2285 1643 2340 habenda
1681 2301 1800 2354 qua:
1851 2284 2040 2340 dicunt
2073 2302 2086 2340 :
2123 2285 2217 2338 sed

631 2394 787 2434 suam
824 2379 1056 2447 quisque
1081 2387 1284 2449 partem
1319 2387 1526 2433 tutatus
1587 2389 1692 2441 est,
1752 2389 1806 2431 et
1850 2393 1946 2446 pro
2009 2377 2219 2432 viribus

634 2473 782 2526 illam
822 2471 1082 2538 defendit,
1123 2487 1286 2541 quam
1329 2471 1468 2525 bene
1516 2485 1644 2524 vero
1693 2470 1914 2534 dixerit,
1969 2469 2222 2538 judican-

636 2565 767 2620 dum
803 2564 1146 2634 reliquerunt
1174 2564 1504 2619 sententiam
1536 2563 1600 2617 de
1629 2563 1793 2617 rebus
1827 2563 1976 2617 hisce
2003 2561 2218 2618 laturis.

636 2659 704 2714 Et
741 2674 838 2728 pro
871 2658 936 2712 iis
964 2657 1207 2728 quidem,
1241 2673 1362 2728 qua:
1396 2659 1532 2711 bene
1563 2665 1691 2711 sunt
1727 2657 1794 2710 ab
1821 2656 1930 2710 illis
1961 2656 2126 2716 dicta,
2169 2666 2224 2710 et

635 2765 755 2820 qua:
784 2749 941 2805 vobis
979 2749 1413 2804 commodiorem
1447 2748 1589 2801 viam
1614 2747 1815 2801 fat-ient
1845 2747 1912 2800 ad
1951 2749 2248 2821 reperien:

635 2843 759 2898 dam
786 2843 1093 2905 veritatem,
1123 2849 1178 2895 et
1214 2840 1474 2895 habendae.
1532 2840 1637 2894 illis
1706 2841 1917 2910 gratim,
1967 2848 2020 2894 et.
2082 2839 2222 2894 dicta

638 2935 728 2988 illa
763 2932 1096 2988 conﬁdenter
1121 2931 1437 3002 usurpanda
1473 2951 1487 2986 :
1516 2949 1636 3001 quae
1670 2948 1798 2985 vero
1837 2931 2043 2996 prolata
2097 2939 2224 2986 sunt

2302 425 2466 493 ἔργον
2499 423 2639 494 αὕτη
2681 403 2914 493 γένοιτο.
2949 423 3086 479 Οὔτε
3132 425 3240 493 γάρ
3287 427 3319 496 ή
3367 423 3478 478 τῶν
3525 423 3761 487 ἀγώνων
3799 442 3867 492 φι-

2299 515 2522 584 λοτιμία
2561 519 2687 580 τοὺς
2716 518 3027 588 είρηνικοὺς
3053 518 3206 587 ὑμῶν
3238 517 3541 587 λογισμοὺς
3579 515 3864 583 ἀφελεῖται,
3933 497 3935 502 ί

2299 608 2414 662 οὔθ’
2465 608 2571 662 ὑπὸ
2613 610 2711 680 τῆς
2759 611 3097 681 φαινομένης
3146 611 3414 680 διαφορᾶς
3464 610 3864 681 ταραττόμενοι,

2302 704 2397 756 καὶ
2443 703 2542 766 τὰς
2584 703 2926 775 ἑκατέρωθεν
2971 707 3370 770 ὑποπτεύοντες
3419 707 3749 778 δυσχερείας
3795 709 3869 758 καὶ

2302 798 2428 860 τοὺς
2483 798 2788 865 κινδύνους,
2821 801 3096 869 προπετές
3137 819 3189 854 τι
3230 802 3360 872 περὶ
3406 801 3613 854 τούτων
3651 800 3870 866 arto-sal-

2304 891 2494 944 νεσθαι
2531 896 2795 962 νομιεῖτε.
2825 893 2976 947 Ὥστ⁹
3010 893 3072 947 ἔκ
3104 911 3166 963 γε
3196 896 3304 948 τῶν
3345 895 3614 949 τοιούτων
3648 895 3761 949 ἀπὸ
3791 891 3870 945 τοῦ

2301 983 2496 1055 χρόνου
2555 984 2920 1057 βοηθημάτων
2978 987 3037 1041 τό
3073 1005 3131 1040 τε
3187 986 3294 1041 τῶν
3330 986 3663 1052 δικαζόντων
3697 988 3873 1054 ἄκρα.-

2306 1075 2454 1146 φνῶς
2496 1076 2626 1146 ὑμῖν
2668 1078 3013 1148 περιγίνεται
3062 1079 3270 1150 σχῆμα,
3303 1078 3480 1133 ἀλλων
3524 1081 3638 1142 τοῖς
3682 1076 3874 1145 ἀγῶσιν

2306 1170 2937 1241 ἐμφιλοτιμησαμένων,
3005 1172 3101 1226 καὶ
3154 1172 3341 1243 μόνην,
3406 1172 3482 1236 ὡς
3534 1173 3734 1236 εἰπεῖν,
3793 1172 3876 1240 τὴν

2309 1265 2580 1335 ὑμετέραν
2603 1265 2785 1335 ψῆφον
2830 1266 3236 1334 ἀναμενόντων,
3273 1267 3367 1318 καὶ
3409 1265 3470 1319 εδ
3496 1264 3728 1335 γνώμην
3763 1265 3878 1316 ἀπο-

2309 1359 2598 1427 φαίνεσθαι
2633 1361 2798 1414 πόνον
2835 1359 2964 1426 ὑμῖν
2994 1359 3052 1412 ού
3100 1359 3275 1429 μέγαν
3307 1351 3559 1429 παρέξει.
3596 1359 3688 1410 Δεῖ
3718 1358 3880 1409 τοίνυν

2311 1452 2523 1522 ὕϐρεων
2579 1452 2673 1506 καὶ
2727 1451 3011 1522 λοιδοριῶν
3064 1453 3157 1503 καὶ
3214 1453 3324 1505 τῶν
3384 1452 3463 1514 είς
3522 1451 3702 1506 ἀτοπιι
3759 1453 3882 1503 ἀπα-

2310 1545 2529 1616 γωγῶν,
2563 1545 2656 1599 καὶ
2701 1539 2776 1601 ὧν
2827 1547 2858 1615 ὴ
2908 1544 3101 1615 μακρά
3145 1544 3426 1607 διάστασις
3457 1543 3735 1613 πεποίηκε
3766 1543 3885 1595 πάν-

2313 1656 2442 1700 των,
2479 1637 2675 1701 αὐτούς
2737 1655 2797 1692 τε
2868 1637 3304 1708 ἀποσχομένους,
3351 1636 3446 1690 καὶ
3509 1639 3624 1700 τοῖς
3674 1635 3884 1705 εὑροῦσι

2319 1731 2556 1802 πρώτοις
2604 1732 3062 1801 ὲπιτιμήσαντας,
3123 1729 3325 1799 μᾶλλον
3373 1727 3430 1782 δὲ
3487 1729 3886 1795 συνεγνωκότας

2317 1827 2420 1880 ὑπὸ
2457 1824 2894 1894 φιλανθρωπίας,
2924 1823 3071 1894 μόνῳ
3097 1822 3174 1892 τῷ
3210 1821 3361 1892 παρὰ
3391 1821 3488 1875 τοῦ
3524 1820 3722 1890 χρόνου
3765 1822 3886 1891 χρή-

2319 1921 2516 1975 σασθαι
2572 1919 2909 1990 βοηθήματι,
2942 1917 3034 1971 καὶ
3087 1917 3227 1988 ὑπὲρ
3279 1917 3471 1970 τούτου
3529 1917 3691 1985 μόνου
3746 1916 3889 1985 χάριν

2317 2016 2518 2070 εἰδέναι
2547 2013 2957 2084 τοίςάνδράσιν
2991 2009 3244 2076 ἐκείνοις,
3275 2010 3393 2063 ὅσοι
3429 2008 3561 2078 παρ’
3614 2007 3891 2075 ἑκατέροις

2318 2107 2411 2160 τὸν
2448 2107 2633 2175 ἀγῶνα
2663 2104 2855 2158 τοῦτον
2882 2103 3231 2173 ὑπέστησαν·
3269 2101 3405 2170 μηδὲ
3443 2101 3605 2154 πλέον
3629 2117 3677 2153 τι
3718 2101 3894 2168 νέμειν
3955 2103 3957 2116 ¹

2320 2200 2505 2260 αὐτοῖς
2550 2195 2950 2267 ἁξιώματος,ἥ
3013 2195 3136 2248 ὅσον
3194 2192 3577 2262 δικαζομένοις
3623 2190 3893 2262 ἁρμόττει.

2321 2295 2396 2347 Οὐ
2425 2292 2533 2360 γὰρ
2560 2291 2656 2358 τῆς
2687 2288 2946 2359 ἀληθείας
2976 2286 3266 2352 ἐξετασταὶ
3298 2287 3391 2338 καὶ
3421 2287 3609 2356 κριταὶ
3636 2284 3715 2350 τῷ
3747 2284 3895 2351 κοινῷ

2325 2384 2431 2437 τῶν
2477 2382 2786 2461 ἀνθρώπων
2837 2379 3111 2450 ὑπῆρξαν,
3165 2376 3322 2432 τοῦτο
3375 2377 3440 2448 δὴ
3498 2379 3558 2432 τὸ
3619 2378 3897 2447 ὑμέτερον,

2326 2476 2466 2528 ὥστε
2528 2473 2624 2526 καὶ
2699 2472 2812 2525 δεῖν
2864 2469 3050 2533 αὐτοῖς
3113 2468 3213 2539 τὴν
3278 2467 3551 2538 μεγίστην
3599 2467 3899 2522 ἀποδιδόναι

2326 2569 2510 2636 τιμὴν,
2551 2567 2646 2619 καὶ
2702 2563 2966 2634 νομίζειν,
2995 2562 3030 2615 ἀ
3085 2579 3219 2630 φασι
3269 2558 3472 2629 κύριαο
3509 2560 3647 2614 ἀλλὰ
3689 2559 3794 2629 τῆς
3837 2562 3901 2610 οἱ·

2326 2662 2480 2722 κείας
2531 2659 2754 2713 ἔκαστοι
2811 2656 3170 2726 προύστησαν
3220 2653 3438 2725 μοίρας,
3483 2655 3576 2705 καὶ
3608 2652 3792 2722 ταύτῃ
3829 2653 3904 2702 τὶν

2324 2753 2551 2807 δυνατὸν
2605 2748 3053 2822 συνηγωνίσαντο
3107 2747 3347 2818 τρόπον,
3404 2748 3516 2808 τοῖς
3566 2746 3634 2799 τά
3683 2744 3906 2800 τοιαῦτα

2326 2847 2614 2900 δικάσουσι
2646 2842 2744 2915 τὴν
2782 2841 2923 2912 ὑπὲρ
2954 2834 3029 2895 ὧν
3068 2835 3224 2893 εἷπον
3263 2838 3445 2908 ψῆφον
3485 2839 3905 2898 καταλιπόντες.

2327 2940 2449 2995 Τῶν
2491 2939 2590 3010 μὶν
2629 2938 2692 3008 δὴ
2744 2936 2926 2998 καλῶς
2979 2931 3313 3004 εἰρημένων,
3346 2931 3441 2985 καὶ
3490 2931 3590 2985 ὅσα
3649 2931 3798 3000 πρὸς
3826 2930 3910 2997 τὴν

637 3025 1012 3082 contentionis
1050 3025 1253 3090 studio,
1282 3037 1334 3081 et
1359 3029 1647 3095 praestabat
1679 3025 1896 3080 silentio
1934 3023 2222 3093 praeteriri,

2334 3033 2434 3103 τῆς
2493 3030 2752 3102 ἀληθείας
2816 3027 3035 3098 εὕρεσιν
3108 3027 3238 3095 ύμῖν
3306 3023 3495 3092 μέλλει
3568 3022 3909 3080 λυσιτελεῖν,

640 3136 703 3175 ea
738 3118 956 3191 penitus
1001 3118 1319 3189 rejicienda.
1354 3119 1493 3185 Quin
1539 3121 1650 3175 imo
1685 3120 1900 3174 illorum
1932 3118 2220 3173 hominum

642 3212 844 3282 scripta
873 3227 1278 3281 supervacuum
1314 3228 1539 3282 prorsus
1571 3213 1811 3268 arbitror
1847 3213 1948 3284 legi
1985 3229 2014 3267 a
2049 3212 2222 3276 vobis,

641 3304 841 3376 quippe
877 3320 1000 3374 (ιιιαι
1028 3305 1095 3359 ad
1127 3321 1369 3376 praesens
1403 3306 1680 3377 negotium
1733 3306 1935 3360 nullam
1999 3315 2232 3375 possunt

641 3399 842 3454 aﬂ'erre
873 3398 1164 3454 utilitatem
1200 3411 1214 3452 :
1253 3413 1433 3468 neque
1463 3399 1605 3453 enim
1645 3399 1792 3468 pacis
1823 3400 2044 3452 modum
2078 3396 2230 3453 vobis

642 3492 962 3558 ostendunt,
997 3499 1091 3547 aut
1120 3491 1396 3561 quomodo
1437 3492 1674 3546 maxime
1713 3491 1998 3562 utriusque
2024 3492 2230 3546 condu-

643 3596 753 3649 cat,
784 3586 879 3640 sed
912 3585 994 3641 vel
1031 3585 1257 3640 omnino
1285 3595 1498 3656 partem
1563 3588 1702 3640 hanc
1765 3586 2091 3649 omiserunt,
2148 3588 2230 3638 vel

646 3679 960 3738 diﬂicillima
990 3680 1288 3750 postulant,
1313 3679 1380 3733 de
1415 3679 1507 3734 illo
1566 3689 1772 3734 tantum
1835 3694 2230 3748 usquequaque

647 3757 892 3840 solliciti,
923 3773 1200 3843 quomodo
1228 3773 1514 3828 victoriam
1553 3774 1623 3827 ab
1652 3774 1821 3826 altera
1857 3785 2007 3840 parte
2037 3787 2230 3839 repor-

649 3873 761 3921 tent
799 3882 812 3918 :
845 3875 898 3919 at
928 3865 1082 3920 vobis
1114 3866 1453 3935 propositum
1511 3874 1593 3920 est
1656 3879 1847 3936 pacem
1898 3878 2143 3935 qurerere
2178 3871 2231 3918 et

648 3959 1014 4031 cognitionem
1048 3959 1317 4014 veritatis.

2339 3127 2512 3180 ἰστέον
2553 3141 2610 3177 τε
2657 3124 2816 3195 χάριν
2851 3121 3036 3183 αὐτοῖς
3079 3119 3174 3173 καὶ
3209 3114 3558 3189 θαρρούντως
3586 3115 3748 3183 σφίσι
3784 3131 3910 3183 χρηο

2338 3216 2528 3270 στέον·
2567 3216 2652 3286 ιφ’
2688 3213 2722 3268 ἀ
2755 3214 2799 3268 δ’
2839 3212 2942 3266 ὑπὸ
2978 3209 3315 3281 φιλονεικίας
3349 3206 3740 3279 προήχθησαν,
3774 3204 3913 3258 καὶᾶ

2339 3308 2595 3378 σιγᾶσθαι
2632 3307 2838 3375 βέλτιον
2864 3300 2954 3375 ἦν,
2988 3305 3195 3356 τούτων
3230 3300 3487 3364 καθάπαξ
3533 3299 3911 3352 ἀποστατέον·

2341 3401 2543 3473 μᾶλλον
2599 3399 2656 3453 δὲ
2712 3397 2806 3452 καλ⁴
2858 3394 3208 3450 παντάπασιν
3237 3387 3395 3463 οἶμαι
3443 3390 3509 3444 τὰ
3549 3389 3666 3445 τῶν
3713 3389 3914 3460 ἀνδρῶν

2337 3494 2562 3550 ἐκείνων
2616 3489 2886 3561 παρέλκον
2943 3484 3084 3540 εἶναι
3139 3484 3549 3557 μεταχειρίζειν
3605 3483 3787 3552 ἡμᾶς,
3829 3481 3914 3534 az:

2339 3587 2508 3657 μηδὲν
2551 3585 2686 3656 πρδς
2714 3583 2812 3650 τὴν
2871 3578 3153 3651 παροῦσαν
3205 3577 3398 3647 σκέψιν
3451 3576 3510 3641 ἐξ
3553 3577 3740 3629 αὐτῶν
3787 3576 3916 3641 ὠφε-

2335 3679 2693 3749 λησομένους.
2766 3675 2899 3730 Οὐδὲ
2951 3673 3061 3744 γάρ
3121 3673 3213 3725 τὸν
3279 3671 3378 3740 τῆς
3436 3671 3664 3740 εἰρήνης
3726 3670 3918 3738 τρόπον

2336 3774 2464 3842 ὑμῖν
2509 3765 2927 3840 ὑφηγοῦνται,ἢ
2969 3766 3044 3828 ὼς
3085 3765 3151 3818 ἂν
3197 3765 3399 3832 ἀμφοῖν
3446 3764 3781 3830 συνενέγκαι
3829 3761 3918 3828 μά-

2335 3864 2529 3918 λισταο
2566 3860 2680 3915 ἀλλ’
2732 3859 2765 3930 ἢ
2817 3860 3077 3927 παρῆκαν
3121 3857 3300 3926 παντη
3347 3853 3504 3908 τοῦτο
3550 3853 3610 3904 τὸ
3671 3853 3864 3922 μέρος,
3895 3850 3918 3914 ἦ

2339 3954 2408 4008 τὰ
2462 3954 2826 4024 χαλεπώτατα
2881 3947 3149 4015 ἀξιοῦσιν,
3205 3947 3356 4010 ὅπως
3419 3943 3778 4016 περιέσονται
3827 3941 3924 3993 τῶν

651 4054 881 4125 ἐτέρων,
915 4053 1258 4125 πανταχόθεν
1297 4053 1456 4124 μόνον
1502 4050 1925 4124 φροντίζοντες·
1975 4050 2136 4121 ὑμεῖς
2177 4049 2234 4103 δὲ
2273 4048 2372 4118 τὴν
2409 4049 2635 4119 εἰρήνην
2667 4047 2764 4101 καὶ
2796 4043 2895 4116 τὴν
2927 4043 3024 4113 τῆς
3056 4040 3316 4113 ἀληθείας
3378 4038 3582 4110 γνῶσιν
3648 4034 3926 4108 προύργου

652 4155 888 4228 ζητεῖτε.

729 4339 1003 4406 Quoniam
1041 4339 1203 4411 igitur
1263 4336 1340 4391 rei
1383 4343 1657 4398 naturam,
1689 4332 1754 4387 de
1788 4347 1895 4402 qua
1950 4331 2237 4400 quaeritur,

2434 4321 2589 4376 Ἐπεὶ
2619 4318 2798 4372 τοίνυν
2828 4315 2926 4383 τὴν
2949 4312 3042 4365 τοῦ
3073 4308 3406 4380 ζητουμένου
3444 4308 3608 4376 φύσιν
3635 4307 3696 4372 ἐξ
3739 4301 3818 4361 ὧν
3853 4308 3932 4361 53-

659 4445 775 4489 tum
810 4451 871 4488 ex
909 4434 1176 4502 oppositis
1208 4430 1437 4484 aliorum
1471 4426 1950 4482 lucubrationibus
1976 4423 2227 4494 engnitan

2355 4419 2434 4470 λοι
2469 4433 2528 4470 τε
2563 4409 2908 4484 ἠγωνίσαντο
2939 4408 3034 4459 καὶ
3064 4402 3220 4458 αύτοὶ
3280 4401 3510 4455 δύνασθε
3551 4404 3817 4473 συνορᾷν,
3855 4403 3936 4452 καὶ

660 4527 865 4583 habere
897 4524 1148 4594 potestis,
1182 4531 1294 4575 tum
1322 4535 1416 4590 per
1450 4535 1546 4574 vos
1586 4518 1688 4588 ipsi
1720 4519 1830 4586 jam
1868 4515 2247 4587 perspexistis,

660 4636 769 4675 non
802 4619 964 4673 modo
999 4626 1178 4671 vestra
1211 4615 1476 4679 scientes,
1506 4611 1599 4666 sed
1625 4620 1677 4665 et
1742 4613 1971 4665 aliorum
2035 4610 2253 4680 utrique

661 4712 1048 4768 altercationes
1082 4707 1303 4778 quidem
1347 4707 1479 4761 istas
1529 4705 1754 4758 omnino
1823 4705 2017 4759 missas
2051 4701 2253 4768 facere,

661 4805 728 4859 ad
787 4819 848 4857 ea
900 4816 1026 4855 vero
1075 4799 1258 4852 statim
1309 4803 1559 4872 Oportet.
1591 4793 1933 4856 incumbere,
2001 4808 2094 4862 per
2135 4807 2256 4862 quae

665 4897 779 4950 sola
806 4892 934 4948 licet
959 4889 1217 4958 consequi
1249 4901 1458 4957 pacem.
1496 4884 1877 4938 Consideranti
1909 4899 2068 4952 porro
2122 4882 2253 4936 mihi

667 4987 922 5044 vldcuutr
956 4985 1070 5036 haec
1129 4995 1293 5045 esse;
1355 4979 1529 5047 primu
1586 4974 1808 5044 quidem
1867 4990 2151 5028 recurrere
2191 4973 2257 5026 ad

670 5079 1024 5134 lundamenta
1092 5073 1237 5137 (idet,
1305 5084 1554 5140 veraeque
1610 5067 1899 5138 theologiae
1966 5066 2255 5136 principia,

670 5183 832 5237 atque
873 5171 938 5223 ad
992 5170 1108 5222 haec
1141 5176 1432 5235 utramque
1469 5163 1788 5232 opinionem
1841 5160 2178 5223 examinare,
2209 5167 2263 5212 et

669 5266 939 5334 dispicere
979 5271 1099 5318 utra
1137 5275 1259 5315 cum
1298 5259 1406 5312 illis
1455 5257 1690 5311 maxime
1722 5267 1986 5325 congruat
2019 5269 2032 5306 :
2066 5250 2264 5306 deinde

673 5360 969 5429 tnqnirere,
1035 5353 1307 5424 quomodo
1358 5362 1576 5422 accepta
1628 5351 1832 5404 fuerint
1891 5348 1957 5401 ab
2003 5344 2265 5400 Ecclesiae

673 5452 992 5509 uoctoribus
1039 5448 1390 5520 pronuntiata
1448 5445 1766 5515 Scripturm,
1833 5458 1952 5512 qua:
2010 5441 2266 5495 videntur

677 5556 922 5613 spectare
967 5544 1032 5600 ad
1089 5543 1230 5598 hanc
1266 5541 1542 5594 materiam
1576 5558 1587 5594 :
1620 5539 1683 5592 ad
1737 5538 1854 5593 haec
1899 5537 2026 5604 quid
2069 5533 2266 5604 singuli

679 5639 744 5693 de
777 5639 1005 5708 quaesito
1040 5638 1144 5692 hoc
1180 5634 1547 5706 philosophati
1592 5633 1810 5687 fuerint.
1849 5632 1912 5686 Et
1948 5630 2168 5700 quidem
2200 5643 2266 5682 ex

682 5751 747 5786 ω
780 5731 922 5801 quod
979 5732 1214 5802 primum
1255 5728 1386 5795 dixi,
1447 5727 1682 5784 arbitror
1722 5726 1962 5807 multant
1988 5736 2268 5808 cmergere

2358 4507 2574 4564 οἴκοθεν
2607 4505 2770 4575 ἥκετε
2827 4497 3225 4568 κατειληφότες
3260 4494 3386 4565 ἤδη,
3422 4492 3481 4545 ού
3518 4493 3684 4562 μόνον
3725 4496 3794 4547 τὰ
3824 4496 3933 4546 in.

2358 4603 2467 4658 τῶν
2493 4600 2719 4664 εἰδότες,
2744 4596 2879 4650 ἀλλὰ
2902 4598 2999 4646 καὶ
3038 4590 3106 4644 τὰ
3133 4588 3240 4642 τῶν
3299 4587 3474 4641 ἄλλων
3508 4586 3794 4656 ἑκάτεροι,
3848 4586 3940 4636 nisi

2363 4696 2466 4763 μὲν
2500 4689 2907 4761 ἀγωνισμάτων
2957 4682 3165 4738 τούτων
3227 4677 3490 4742 καθάπαξ
3537 4678 3852 4748 ὑπεριδεῖν,
3886 4676 3941 4729 δι’

2309 4776 2313 4784 ’
2360 4781 2435 4839 ὧν
2465 4785 2520 4837 δδ
2559 4782 2721 4852 μόνον
2747 4779 2957 4832 ἔνεστιν
3013 4775 3234 4844 εἰρήνης
3299 4771 3504 4840 τυχεῖν,
3543 4769 3760 4824 τούτων
3798 4770 3945 4832 sliat;

2363 4873 2611 4945 ἅψασθαι
2646 4871 2749 4924 δεῖ.
2798 4867 2878 4920 Τά
2910 4865 2953 4918 δ’
3005 4863 3177 4930 ἐστὶν,
3235 4861 3309 4925 ὡς
3359 4861 3481 4928 ἐμοὶ
3515 4859 3668 4913 δοκεῖ
3725 4878 3945 4914 6101:04-

2371 4970 2539 5038 μένῳ,
2577 4963 2796 5034 πρῶτον
2832 4961 2930 5028 μὲν
2964 4957 3100 5028 πρὸς
3137 4957 3262 5017 τοὺς
3292 4953 3572 5023 θεμελίους
3608 4956 3946 5024 ἀναδραμόν-

2364 5079 2464 5121 τας
2492 5058 2591 5128 τῆς
2647 5055 2908 5117 πίστεως,
2966 5049 3061 5102 καὶ
3112 5047 3209 5110 τὰς
3254 5045 3355 5112 τῆς
3402 5043 3635 5114 ἀληθοῦς
3674 5046 3948 5112 Θεοληγῖαξ

2369 5151 2576 5224 ἀρχὰς,
2614 5147 2829 5208 τούτοις
2858 5141 3126 5211 ἑκατέραν
3156 5136 3316 5201 δόξαν
3349 5136 3678 5207 προσάγειν,
3716 5133 3952 5204 καὶ⁰ἣτις

2369 5248 2436 5302 ἂν
2469 5245 2703 5305 ἐκείνοις
2744 5237 3039 5308 συμϐαίνοι
3074 5233 3310 5303 μάλιστα
3350 5225 3578 5302 θεωρεῖν
3603 5246 3618 5258 ο
3657 5231 3748 5283 ἔτι
3778 5245 3840 5296 γε
3865 5231 3954 5297 μὴ..

2368 5344 2416 5396 οι
2447 5339 2544 5408 τῆς
2589 5334 2924 5404 Ἐκκλησίας
2961 5331 3275 5386 διδάσκαλοι
3330 5328 3446 5390 πῶς
3510 5324 3848 5394 δξειλήφασι
3901 5327 3955 5373 τι

2367 5435 2465 5504 τῆς
2501 5433 2724 5501 Γραφῆς
2781 5425 3096 5495 ἀξιώματα,
3145 5423 3180 5478 ἀ
3222 5423 3358 5496 πρὸς
3416 5419 3624 5489 ταύτην
3681 5420 3788 5489 τὴν
3838 5419 3956 5483 ὓλην

2371 5529 2567 5584 τείνειν
2595 5523 2776 5578 δοκεῖ·
2815 5519 2950 5588 πρὸς
2999 5519 3054 5571 δὲ
3087 5516 3324 5579 τούτοις,
3377 5516 3431 5568 τί
3457 5513 3590 5582 περί
3637 5513 3741 5565 τοῦ
3803 5513 3958 5581 ζηιῄο

2377 5639 2543 5693 ματος
2587 5615 2953 5684 ἐθεολόγησαν
2972 5614 3218 5666 ἕκαστοι.
3245 5605 3347 5662 Ὧν
3377 5611 3441 5662 εκ
3469 5609 3568 5678 μὲν
3606 5606 3705 5660 τοῦ
3749 5608 3957 5677 πρώτη..)

2376 5717 2636 5792 ῥηθέντος
2672 5711 2873 5782 πολλὴν
2910 5705 3154 5779 ἡγοῦμαι
3205 5702 3529 5774 δυσχέρειαν
3578 5701 3954 5757 ἀνακύπτων

3955 2158 3959 2430 1
