3966 6328
94 401 195 464 481

96 613 394 681 διαφορὰς,
457 608 515 671 ἐξ
549 603 622 659 ὧν
685 601 794 657 τῶν
830 597 1315 671 συμπερασμάτων
1365 597 1679 664 ἐναντιότης

97 698 401 770 συνάγεται
423 715 438 729 ο
469 698 534 759 ἀς
563 695 675 749 οὔτ’
705 696 954 763 ἀναιρεῖν
977 690 1274 760 εὐπρεπὲς,
1308 689 1550 759 λήσομεν
1571 687 1681 754 γὰρ

99 790 694 852 πολλαπλασιάσαντες
722 787 782 838 τὸ
825 786 1001 839 δεινὸν
1039 784 1135 838 καὶ
1168 781 1386 844 πολλοῖς
1427 795 1570 833 τισιν
1595 781 1682 832 ai-

98 886 233 946 τίοις
268 879 675 952 ἀπορραγέντες
703 878 972 947 ἀλλήλων,
1026 876 1083 927 ὲν
1133 867 1218 936 οἷς
1276 871 1427 924 ἔσται
1457 887 1540 932 τις
1588 869 1715 940 καὶ⁴

98 974 462 1046 χαλεπωτέρα.
496 971 591 1041 τῆς
616 969 894 1038 παρούσης
925 967 1217 1034 διαφορᾶς,
1253 961 1366 1056 ούτ*
1393 961 1539 1056 εἰκός
1564 963 1680 1056 ἔστι

100 1068 411 1136 συγχωρεῖν
463 1062 587 1116 οὔτε
647 1055 772 1123 τοὺς
821 1061 1041 1128 ἑτέρους
1091 1057 1202 1117 τοῖς
1257 1052 1468 1115 ἀλλοις,
1509 1052 1680 1147 ’τούτο

99 1164 206 1226 γὰρ
248 1158 448 1210 ταυτὸν
483 1156 637 1208 ἔσται
702 1157 795 1206 καὶ
855 1151 953 1220 τὴν
1010 1145 1185 1222 ἧτταν
1228 1140 1532 1216 ὁμολογεῖν,
1566 1140 1681 1194 οὔτ’

100 1251 359 1319 ἀλλήλοις
383 1266 394 1277 ·
432 1249 528 1302 καὶ
561 1247 734 1315 ταύτῃ
767 1243 876 1312 γάρ
907 1241 1220 1311 ἀσύμϐατοι
1281 1239 1441 1312 μέχρι
1479 1235 1680 1297 παντὸς

100 1343 364 1410 ἐσόμεθα,
401 1340 469 1392 τά
504 1338 846 1392 ἀντικεῖσθαι
895 1333 1157 1388 δοκοῦντα
1212 1330 1682 1400 συμπεραίνοντες

105 1435 162 1498 έξ
195 1429 594 1500 ἀντικειμένων
631 1428 840 1498 ἀρχῶν,
875 1428 967 1478 καὶ
1005 1425 1141 1495 πρὸς
1176 1421 1402 1485 ἑαυτοὺς
1442 1421 1539 1490 τὴν
1570 1421 1680 1474 τῶν

104 1525 316 1595 ἑτέρων
363 1521 520 1586 δόξαν
559 1506 1043 1589 ἀντιμεθιστάντες
1085 1517 1360 1585 ἑκάτεροι.
1403 1514 1680 1583 Συμφέρει

102 1616 166 1685 δὴ
193 1615 300 1676 τὰς
326 1615 563 1682 μάλιστα
597 1611 941 1681 ἀρεσκούσας
986 1609 1240 1678 ἀλλήλοις
1279 1605 1680 1675 ἐκλεξαμένους

100 1709 303 1777 ἀρχὰς,
333 1707 397 1757 ix
425 1704 633 1758 τούτων
667 1704 968 1772 ἐπιχειρεῖν
988 1718 1002 1732 ο
1031 1701 1082 1754 εί
1115 1699 1162 1753 δ’
1187 1695 1300 1752 οἷόν
1332 1715 1392 1750 τε
1432 1698 1527 1750 καὶ
1551 1695 1682 1766 περὶ

100 1800 282 1860 πάσας
314 1799 414 1860 τὰς
447 1798 612 1860 ἄλλας
645 1793 956 1848 δείκνυσθαι
1004 1791 1450 1862 συμφωνούντας,
1478 1789 1682 1858 σκέψα-

1179 359 1185 362 ’
1254 336 1648 451 omnem
1690 385 1787 445 AD
1827 386 2203 446 SYNODUM.

97 523 232 591 περὶ
258 519 370 589 γὰρ
388 519 485 581 τὰς
514 517 608 583 τῆς
636 515 871 572 πίστεως
901 509 1074 579 ἀρχὰς
1107 505 1252 570 εἰκὸς
1282 504 1420 560 εἶναι
1459 507 1678 565 πλείους

1788 505 1906 558 ιΙξίῖἱι
1929 507 2176 560 ullalem'.
2237 505 2370 560 Nam

3260 374 3369 438 482

2421 511 2435 528 ⁶
2477 507 2627 562 circa
2671 505 2938 577 principia
2987 503 3106 559 ﬁdei
3151 505 3226 575 (Ι)
3270 521 3368 573 par

1786 612 1906 650 €5.38
1955 597 2167 652 multas,
2211 599 2634 667 discrepantias,
2697 596 2766 653 et
2829 599 3030 668 quibus
3082 601 3369 654 contrarias

1787 681 2166 744 conclusiones
2216 690 2544 747 inferuntur.
2607 693 2680 747 Ea
2715 708 2903 764 porro
2950 708 3050 745 nec
3085 691 3370 745 destruere

1787 778 1965 844 det-et,
1997 783 2066 834 ita
2099 781 2241 834 enim
2279 782 2387 846 fiet,
2417 794 2474 837 ut
2504 785 2649 838 aliud
2701 787 2909 855 agendo
2941 779 3370 853 multiplicemur.

1789 872 2034 935 malum,
2102 872 2386 942 simusque
2474 875 2657 930 multis
2739 878 3008 932 decansis
3065 876 3368 946 disjuncti,

1785 963 1850 1017 (le
1889 964 2088 1032 quibus
2115 963 2296 1034 aliqua
2336 965 2442 1019 erit
2480 965 2697 1033 gravior
2733 983 2889 1036 quam
2935 982 3177 1036 prazseus
3213 967 3371 1021 dim:-

1787 1055 1981 1118 rentia,
2021 1069 2194 1122 neque
2247 1071 2345 1125 pztt'
2391 1065 2476 1110 est
2528 1066 2622 1109 aut
2673 1055 2897 1108 alteram
2954 1068 3159 1125 partem
3211 1057 3368 1112 alteri

1786 1146 2108 1210 concedere,
2177 1145 2278 1201 hoc
2326 1148 2471 1201 enim
2517 1148 2655 1200 idem
2708 1157 2854 1200 esset
2903 1162 3064 1217 atque
3099 1165 3157 1203 se
3194 1150 3368 1204 victos

1787 1235 1942 1289 fateri
2001 1247 2095 1292 aut
2149 1250 2439 1308 utramque
2499 1241 2654 1294 alteri
2712 1257 2727 1296 :
2786 1239 2891 1295 bac
2947 1241 3091 1294 enim
3154 1245 3366 1296 ratione.

1787 1341 2067 1393 nunquam
2111 1329 2518 1393 conveniemus,
2572 1330 2907 1383 deducentes
2962 1345 3083 1400 qum
3118 1332 3367 1386 videntur

1786 1420 2037 1487 opposita
2071 1434 2138 1472 ex
2169 1421 2440 1489 oppositis
2469 1422 2775 1492 principiis,
2833 1435 2887 1477 et
2921 1423 3145 1478 alterius
3197 1426 3366 1493 partis

1786 1510 2114 1563 sententiam
2137 1512 2354 1581 utrique
2377 1513 2429 1566 in
2463 1528 2562 1568 nos
2593 1515 2741 1583 ipsos
2765 1515 3369 1584 transferentesﬂperte

1784 1601 2014 1669 pretium
2033 1617 2163 1673 ergo
2185 1612 2264 1658 est
2287 1604 2514 1674 seligere
2538 1607 2801 1676 principia
2822 1609 3058 1664 maxime
3117 1611 3366 1680 utrisque

1784 1696 2034 1763 probata,-
2089 1704 2140 1750 et
2172 1696 2295 1750 inde
2329 1710 2649 1767 argumenta
2681 1699 2880 1755 ducere
2914 1715 2928 1752 :
2964 1702 3106 1770 quod
3152 1706 3196 1759 si
3251 1705 3367 1760 lieri
3431 1725 3435 1728 '

1785 1789 1985 1856 poterit
2017 1792 2081 1842 de
2103 1790 2221 1844 aliis
2251 1791 2413 1845 etiam
2451 1793 2708 1848 omnibus
2736 1792 3072 1862 consentire,
3101 1798 3151 1851 id
3179 1809 3367 1867 postea

101 1892 229 1943 σθαι
269 1890 407 1960 μετὰ
439 1889 645 1943 ταῦτα’
676 1890 725 1939 εί
761 1887 948 1957 μήτις
997 1885 1166 1938 οἴοιτο
1226 1882 1484 1952 περιττὸν
1535 1875 1677 1933 εἶναι

1788 1880 2243 1935 considerandum
2303 1883 2634 1953 relinquere,
2684 1887 2788 1943 nisi
2852 1892 2977 1959 quis
3028 1890 3365 1960 superﬂuum

99 1988 214 2045 τοῖς
254 1983 386 2051 περὶ
423 1983 484 2034 τὸ
517 1980 894 2050 συμπέρασμα
922 1979 1236 2046 συμφωνεῖν
1273 1974 1552 2044 δυνηθεῖσι
1577 1975 1678 2037 τας

99 2074 279 2142 ἀρχάς
310 2073 609 2136 ἐξετάζειν,
635 2072 692 2135 ἐξ
720 2064 792 2123 ὧν
818 2071 852 2138 ἡ
886 2070 1128 2138 προιέρα
1156 2067 1310 2138 μάχη
1345 2067 1677 2136 συνήπτετο.

103 2166 242 2234 Περὶ
279 2166 337 2217 δὲ
390 2163 456 2217 τά
502 2164 665 2216 λοιπά
693 2162 786 2215 δύο
851 2160 1130 2231 μηδεμίαν
1168 2158 1376 2226 εἴποιμ’
1429 2158 1494 2211 ἂν
1540 2153 1682 2210 εἶναι

99 2257 463 2328 δυσχέρειαν·
503 2256 604 2321 τάς
643 2271 703 2308 τε
733 2254 841 2326 γὰρ
869 2253 1156 2322 ἐξηγήσεις
1202 2252 1309 2305 τῶν
1341 2251 1681 2305 διδασκάλων

104 2349 292 2420 ῥᾴδιον
342 2345 496 2418 οἶμαι
546 2349 742 2417 χρῆμα
779 2351 888 2409 τοῖς
918 2362 981 2414 γε
1048 2345 1116 2398 τά
1163 2343 1391 2398 τοιαῦτα
1444 2343 1682 2414 μάλιστα

103 2443 434 2514 δεινοτέροις
463 2440 712 2511 ἀκριϐῶς
751 2439 1010 2502 συνιδεῖν,
1045 2438 1250 2500 ὁπόσας
1278 2440 1390 2500 τοῖς
1423 2437 1521 2506 τῆς
1541 2437 1683 2507 Γρα·

105 2534 216 2605 σῆς
251 2538 476 2604 χωρίοις
499 2533 790 2587 ἀπέδωκαν
815 2548 829 2563 ο
869 2533 920 2584 εί
953 2531 1010 2584 δέ
1042 2548 1186 2595 τινες
1220 2534 1278 2584 έν
1321 2532 1451 2601 ὑμῖν
1499 2530 1684 2600 διαφό-

107 2646 214 2699 ρως
251 2629 350 2682 καὶ
381 2627 586 2686 ταύτας
613 2631 808 2691 νοοῖεν,
841 2629 952 2690 τοῖς
993 2625 1323 2694 σοφωτέροις
1354 2626 1447 2677 καὶ
1475 2625 1681 2677 πλείοσι

103 2723 204 2788 τὴν
248 2722 409 2791 νίκην
440 2719 798 2792 ἀφορίζεσθαι
829 2719 948 2772 δεῖ·
990 2717 1148 2772 τοῦτο
1182 2719 1291 2786 γὰρ
1333 2719 1428 2772 καὶ
1475 2717 1685 2785 δίκαιον

105 2814 202 2867 καὶ
232 2813 522 2883 προσῆκον
556 2814 622 2867 ἀν
656 2813 742 2882 εἴη
764 2828 776 2841 ·
804 2810 903 2875 τάς
935 2828 992 2865 τε
1038 2810 1148 2866 τῶν
1189 2811 1364 2876 ἀγίων
1419 2811 1548 2881 περὶ
1576 2812 1685 2866 τῶν

106 2907 492 2976 προκειμένων
525 2905 682 2972 δόξας
717 2906 1082 2974 έφαρμόττειν
1107 2904 1391 2975 ἀλλήλαις,
1429 2903 1686 2975 καὶπρὸς

112 3000 244 3068 μίαν
277 2998 505 3060 ἁπάσας
525 2997 755 3068 γνώμην
781 2998 1058 3064 συνάγειν,
1092 2999 1194 3052 κάν
1219 2998 1368 3049 ἐστιν
1395 2995 1455 3048 οὖ
1486 2995 1685 3050 δοκῶσι

106 3090 480 3160 διενηνέχθαι,
513 3091 612 3142 καὶ
639 3090 914 3161 προσῆκον
942 3084 1098 3160 οἶμαι
1129 3093 1223 3144 καὶ
1257 3092 1460 3163 ῥᾴδιον.
1486 3093 1560 3145 Οὐ
1579 3098 1684 3162 γὰρ

1785 1981 1953 2040 putet,
1985 1974 2055 2027 ab
2079 1975 2183 2028 illis
2213 1975 2303 2044 qui
2339 1970 2562 2045 potuere
2594 1979 2646 2032 in
2682 1995 2846 2034 unam
2899 1979 2966 2035 de
3007 1985 3366 2040 conclus:one

1782 2066 2075 2120 convenire
2134 2068 2506 2134 sententiam,
2568 2071 2871 2125 examinari
2928 2073 3239 2143 principia,
3295 2092 3363 2130 ex

1782 2157 1982 2227 quibus
2011 2159 2161 2227 prior
2191 2175 2370 2230 pugna
2399 2162 2818 2216 conserebatur.
2845 2161 3071 2233 Reliqua
3099 2179 3227 2220 vero
3255 2165 3366 2219 duo

1784 2251 1985 2311 nullam
2046 2252 2167 2306 dico
2216 2253 2418 2308 habere
2466 2252 2839 2318 dﬂicultatem,
2908 2270 3033 2311 nam
3086 2268 3139 2313 et
3177 2258 3367 2314 docto-

1787 2357 1907 2396 rum
1940 2343 2310 2412 expositiones
2337 2344 2496 2401 facile
2527 2363 2686 2418 posse
2742 2350 2974 2419 perspici
3000 2351 3195 2421 opinor
3216 2367 3247 2407 a
3277 2338 3366 2408 r1-

1786 2449 1906 2488 rum
1982 2434 2296 2510 liujusmodi
2365 2438 2596 2506 peritis,
2669 2455 3013 2511 quaecunque
3069 2442 3369 2514 Scriptura:

1787 2523 1921 2577 locis
1954 2525 2171 2580 tributa:
2209 2527 2277 2581 ab
2317 2529 2423 2583 illis
2455 2539 2582 2584 sunt
2611 2547 2625 2584 :
2655 2531 2700 2586 si
2743 2532 2836 2602 qui
2888 2549 3014 2588 vero
3071 2547 3199 2596 sunt
3222 2524 3372 2591 inter

1785 2631 1901 2678 vos.
1942 2618 2034 2688 qui
2071 2629 2125 2674 et
2178 2621 2279 2675 bos
2342 2622 2500 2678 aliter
2548 2625 2876 2696 intelligant,
2934 2628 3367 2698 sapieutinrlbus

1785 2721 1838 2765 et
1863 2711 2110 2781 pluribus
2150 2715 2372 2768 victoria
2403 2716 2580 2770 danda
2617 2727 2720 2784 est,
2762 2720 2866 2791 hoc
2895 2724 3041 2775 enim
3072 2737 3290 2791 aequum
3315 2733 3368 2777 et

1789 2814 2212 2860 consentaneum
2272 2816 2354 2862 est
2383 2825 2398 2863 :
2431 2819 2483 2864 et
2535 2789 2846 2865 sanctorum
2899 2807 2966 2867 de
2998 2828 3055 2868 re
3091 2818 3368 2884 proposita

1786 2897 2086 2953 sententias
2123 2899 2421 2956 conciliare
2460 2912 2513 2956 et
2542 2904 2606 2958 ad
2651 2921 2813 2958 unam
2861 2919 3051 2960 omnes
3099 2907 3367 2978 redigere,

1790 2989 1917 3044 licet
1977 2992 2032 3045 in
2093 2991 2275 3064 aliquo
2313 2994 2607 3050 dissentire
2669 2998 2975 3064 videantur,
3036 3001 3368 3055 conveniens

1791 3080 2033 3137 arbitror
2061 3091 2115 3136 et
2151 3071 2308 3138 facile
2337 3100 2479 3141 esse.
2538 3085 2722 3155 Neque
2757 3088 2898 3142 enim
2933 3088 3245 3144 audiendus
3265 3091 3368 3146 erit

108 3182 188 3235 δεῖ
225 3198 293 3250 γε
325 3182 641 3251 προσέχειν,
676 3181 731 3234 εῐ
754 3199 837 3244 τις
871 3183 1353 3252 καταψηφίζεσθαί
1384 3201 1529 3248 τινος
1557 3184 1682 3254 βού-

1792 3175 1838 3228 si
1881 3175 2002 3245 quis
2032 3177 2161 3229 velit
2201 3178 2494 3247 reprobare
2525 3181 2831 3259 quempiam
2857 3195 2922 3236 ex
2961 3182 3048 3248 iis,
3083 3199 3217 3254 quos
3249 3185 3368 3238 uni-

109 3275 254 3328 λοιτο
279 3276 388 3328 τῶν
416 3274 520 3328 ὑπὸ
561 3273 657 3327 τοῦ
710 3274 892 3327 κοινοῦ
935 3275 1033 3345 τῆς
1085 3276 1412 3346 Ἐκκλησίας
1459 3292 1685 3347 τετιμη-

113 3369 318 3436 μένων,
343 3366 376 3436 ἢ
426 3366 749 3436 διεφθάρθαι
770 3368 867 3436 τὴν
895 3369 1106 3422 ἐκείνου
1136 3368 1417 3437 θεολογίαν
1442 3368 1548 3422 ὑπὸ
1576 3371 1685 3422 τῶν

110 3459 332 3512 οἰκείων
363 3458 557 3520 τιθεὶς,
596 3459 694 3521 τὰς
721 3457 852 3527 παρ’
878 3460 1041 3512 αὑτοῦ
1093 3460 1172 3529 μὴ
1228 3458 1507 3528 προσίοιτο
1543 3477 1686 3530 μαρο

111 3547 304 3616 τυρίας
327 3533 353 3577 ί
377 3547 523 3612 πλὴν
549 3548 616 3601 ἂν
654 3549 727 3617 μή
773 3550 826 3601 τί
861 3566 962 3601 που
1022 3549 1271 3618 φανερῶς
1298 3548 1577 3620 διεφθορὸς
1625 3545 1679 3623 ᾖ,

112 3640 204 3691 καὶ
236 3643 562 3708 συγχωρῆτε
594 3639 692 3708 μὲν
716 3639 989 3708 ἑκάτεροι,
1052 3643 1304 3710 μαρτυρῇ
1358 3641 1414 3692 δὲ
1470 3642 1566 3696 καὶ
1618 3659 1682 3694 τα

112 3731 240 3798 παρ’
277 3732 566 3800 ἑκατέροις
602 3731 779 3797 βιὸλία
811 3731 913 3799 τῆς
965 3731 1140 3799 λύμης
1170 3732 1373 3801 ταύτης
1402 3731 1685 3800 ἀπηλλαγ-

115 3826 273 3891 μένα,
299 3823 398 3875 καὶ
427 3823 486 3875 τὸ
516 3825 742 3894 γνήσιον
789 3825 1003 3886 ἑαυτοῖς
1053 3823 1453 3893 περισώζοντα.
1503 3822 1680 3877 Καθός

111 3916 201 3967 λου
239 3916 341 3984 μὲν
370 3911 462 3968 οὖν
525 3915 617 3967 ἐπὶ
673 3919 768 3984 τὴν
827 3915 1026 3983 γνῶσιν
1075 3916 1172 3984 τῆς
1225 3914 1484 3992 ἀληθείας
1535 3917 1682 3989 τρισὶ

110 4011 321 4072 τούτοις
352 4009 754 4080 ὀδηγηθήσεσθε
776 4024 796 4041 ο
827 4011 939 4071 τοῖς
987 4009 1088 4078 τῆς
1121 4008 1347 4079 Γραφῆς
1382 4006 1681 4076 ἀξιώμασι,

111 4081 360 4175 δηλονότι
384 4107 505 4166 ταῖς
530 4102 708 4155 αὐτῶν
736 4101 1091 4165 ἀναπτύξεσι,
1135 4103 1227 4154 καὶ
1246 4105 1363 4164 ταῖς
1400 4100 1556 4160 ἰδίαις
1576 4099 1684 4152 τῶν

110 4196 447 4250 δ.δασκαλων
502 4192 748 4262 γνώμαις
795 4191 862 4254 ἀς
935 4191 1272 4259 ὁπουδήποτε
1302 4190 1420 4246 ,τῶν
1465 4191 1682 4242 οίκείων

110 4289 282 4354 λόγων
323 4289 440 4348 τοῖς
489 4286 669 4346 ἄλλοις
717 4284 1040 4354 κατέμιξαν,
1104 4282 1412 4352 μνησθῆναι
1455 4281 1554 4351 τῆς
1588 4281 1680 4333 τοῦ

111 4378 431 4449 Πνεύματος
472 4376 702 4445 προόδου
755 4375 978 4445 δεῆσαν.
1037 4376 1122 4438 Ὠς
1161 4374 1216 4427 δὲ
1279 4375 1449 4427 ταῦτα
1502 4374 1683 4452 πάντα

110 4471 376 4542 διάθησθε
411 4470 680 4523 κάλλιστά
737 4486 797 4522 τε
851 4470 946 4521 καὶ
996 4467 1419 4539 προχειρότατα,
1472 4467 1566 4528 τάς
1623 4481 1681 4519 τε

1793 3282 1947 3322 versa
1981 3267 2216 3322 honorat
2263 3268 2546 3336 Ecclesia;
2597 3281 2690 3326 aut.
2715 3273 2838 3342 ejus‘
2885 3275 3198 3330 testimonia
3255 3292 3363 3329 non

1789 3357 2061 3421 admittat.
2107 3361 2248 3428 quod
2280 3370 2433 3430 putet
2481 3363 2596 3431 ejus
2653 3362 2973 3434 theologiam
3022 3361 3215 3421 a'suis
3246 3381 3364 3422 car-

1796 3458 2043 3519 ruptam;
2099 3451 2203 3504 nisi
2283 3451 2413 3521 quid
2481 3455 2554 3507 sit
2620 3455 2905 3522 perspicuae
2987 3455 3362 3527 depravatum,

1791 3540 1953 3609 idque
1987 3540 2196 3609 utrique
2253 3541 2552 3606 aﬂirmetis,
2589 3551 2641 3597 et
2668 3543 2896 3612 probent
2927 3544 3214 3616 utriusque
3238 3563 3363 3617 par-

1793 3637 1860 3686 lis
1913 3632 2034 3685 libri
2077 3633 2168 3686 tali
2217 3635 2525 3703 corruptela
2561 3635 2739 3701 liberi,
2775 3639 3200 3709 germanamque
3257 3640 3365 3696 lec-

1791 3726 1990 3778 tionem
2021 3724 2074 3777 in
2108 3739 2167 3778 se
2217 3736 2626 3782 conservantes.
2671 3725 2911 3783 Omnino
2964 3731 3131 3798 igitur
3188 3729 3366 3787 tribus

1792 3816 1937 3870 hisce
1973 3816 2246 3871 dueemini
2284 3819 2350 3872 ad
2390 3821 2821 3889 cognoscendam
2869 3826 3185 3890 veritatem;
3221 3825 3367 3879 vide-

1791 3909 1920 3963 licet
1956 3909 2250 3979 Scriptura:
2280 3912 2719 3978 auctoritatibus,
2744 3928 2932 3968 earum
2963 3918 3365 3986 esplnnationi-

1791 4001 1913 4069 bus,
1942 4012 1994 4055 et
2032 4005 2269 4072 propriis
2317 4005 2943 4073 doctorum'seuteutils,
2973 4023 3108 4079 quas
3141 4009 3214 4063 illi
3248 4013 3364 4066 suis

1791 4096 1844 4150 in
1886 4097 2228 4151 sermonibus
2259 4098 2486 4165 sparsim
2521 4101 2817 4168 protulere,
2863 4116 2986 4154 cum
3035 4118 3171 4171 opus
3219 4113 3364 4159 easet

1792 4191 2118 4244 mentionem
2148 4189 2323 4246 facere
2357 4190 2425 4246 de
2454 4192 2690 4261 Spiritus
2723 4199 3092 4261 processione.
3118 4196 3192 4253 Ut
3229 4214 3357 4254 vero

1792 4283 1903 4333 haec
1935 4282 2136 4350 optime
2187 4283 2554 4353 facillimeque
2586 4289 2875 4354 praestetis,
2937 4289 3185 4346 tollendae
3232 4304 3364 4349 sunt

1790 4373 2101 4443 anticipata:
2131 4376 2314 4431 animo
2367 4377 2674 4447 opiniones,
2706 4393 2760 4434 et
2815 4385 3170 4440 contentiosa;
3222 4387 3363 4441 relu-

1790 4468 2078 4534 ctationes,
2107 4477 2268 4539 atque
2310 4471 2523 4526 inﬁrma
2554 4472 2772 4545 effugia,
2821 4493 2939 4546 qua:
2984 4477 3143 4532 facile
3185 4483 3362 4536 redar-

108 4563 415 4634 προλήψεις
440 4563 535 4616 καὶ⁵
563 4563 902 4630 φιλονείκους
932 4561 1213 4623 ἐνστάσεις
1233 4559 1564 4630 ἐξαιρετέον,
1590 4559 1684 4612 καὶ

1789 4557 1878 4629 gui
1913 4569 2138 4628 possunt
2164 4576 2178 4626 ;
2214 4571 2267 4616 et
2292 4562 2494 4633 ubique
2521 4564 2677 4634 ‘plana
2699 4566 3031 4637 ingenuitate
3059 4576 3316 4628 utendum
3344 4593 3359 4629 :

107 4657 200 4720 τάς
257 4655 471 4725 σαθράς
524 4655 616 4706 καὶ
677 4653 880 4724 ῥᾳδίως
935 4652 1316 4721 έξελέγχεσθαι
1379 4651 1688 4721 δυναμένας

107 4744 429 4814 ἀποφυγὰς,
472 4745 564 4797 καὶ
594 4744 872 4813 πανταχοῦ
903 4744 1044 4811 μετά
1097 4743 1192 4812 τῆς
1228 4742 1473 4809 ἰσότητος
1504 4757 1688 4811 χωρη-

106 4838 222 4889 τέον
251 4854 264 4867 ⁸
296 4838 361 4889 οὐ
391 4835 499 4904 γὰρ
547 4834 751 4903 μᾶλλον
781 4833 876 4885 νῦν
906 4832 1171 4903 ἀλλήλους
1199 4831 1486 4899 καθήμεθα
1537 4832 1690 4883 δικα-

109 4931 230 4982 σταὶ
260 4929 398 4998 περὶ
429 4929 534 4979 τῶν
561 4925 1102 4996 ἀμφισσητουμένων
1132 4926 1162 4995 ἦ
1192 4927 1258 4994 τῇ
1286 4941 1342 4976 τε
1389 4925 1510 4994 θείῃ
1549 4925 1688 4993 Γρα-

109 5025 178 5092 φῇ
211 5021 310 5074 καὶ
339 5022 454 5083 τοῖς
483 5022 686 5090 ταύτης
730 5020 1025 5089 ἐξηγηταῖς
1085 5037 1143 5070 τε
1203 5022 1298 5074 καὶ
1341 5019 1689 5084 διδασκάλοις

108 5114 202 5182 τῆς
236 5113 556 5181 ἀναγκαίας
577 5113 902 5182 συμφωνίας
931 5111 1222 5182 έφευρεταὶ
1246 5115 1340 5164 καὶ
1373 5113 1686 5182 συνήγοροι.

112 5209 275 5263 Ὅθεν
329 5210 437 5261 οὐκ
493 5202 668 5279 ὀρθῶς
722 5209 1058 5279 κεχρημένοι
1121 5212 1233 5273 τοῖς
1282 5212 1686 5280 προκειμένοις,

110 5303 326 5364 πολλοῖς
354 5301 457 5354 καὶ
516 5302 787 5362 ποικίλοις
839 5304 1181 5373 ἀδικήμασιν.
1219 5285 1538 5372 ένεξόμεθα.
1577 5305 1684 5356 Οὐ·

111 5393 233 5446 κούν
261 5395 339 5456 ὡς
363 5390 466 5461 τῆς
510 5393 843 5461 φιλονεικίας
877 5394 970 5445 ἐπὶ
996 5395 1183 5446 πλεῖον
1213 5394 1322 5447 τῶν
1360 5395 1683 5463 ἀνηκέστων

111 5486 250 5552 ἡμᾶς
287 5485 909 5555 δυναμένηςηὲκφέρειν,
947 5485 1172 5556 ἀπέχειν
1207 5488 1306 5556 μὲν
1346 5487 1517 5556 αὐτῆς
1549 5505 1685 5539 παν-

109 5573 297 5640 τελῶς,
335 5575 664 5645 συμμάχους
698 5575 755 5628 δέ
783 5578 874 5629 ἐπὶ
908 5576 1065 5628 τοῦτο
1105 5580 1202 5643 τήν
1230 5595 1289 5630 τε
1345 5578 1481 5648 πρὸς
1514 5579 1682 5644 ἀλλή-

113 5665 228 5729 λους
259 5665 510 5733 εὔνοιαν,
540 5669 634 5720 καὶ
661 5669 719 5720 τὸ
756 5670 890 5738 μετὰ
925 5669 1022 5737 τῆς
1056 5669 1312 5740 ἀληθείας
1352 5673 1570 5724 ἅπαντα
1595 5671 1680 5724 λέ-

1788 4667 1965 4721 neque
1991 4655 2134 4708 enim
2166 4671 2306 4709 nunc
2350 4659 2522 4727 magis
2583 4657 2738 4713 alteri
2786 4661 2971 4718 alteris
2995 4663 3207 4732 jUdilCS
3229 4681 3365 4721 con-

1792 4747 2069 4799 troversiae
2106 4747 2383 4814 sedemus,
2408 4765 2568 4819 quatit
2596 4751 2792 4806 divina:
2818 4753 3114 4823 Scriptum
3136 4758 3363 4828 ejusque

1792 4837 2143 4907 interpretum
2194 4857 2255 4895 ac
2299 4844 2611 4908 doctorum,
2664 4861 2896 4913 quorum
2929 4856 3012 4902 est
3048 4855 3363 4906 necessario

1789 4931 2184 4987 admvenienda
2235 4936 2543 4999 consensio,
2602 4937 2979 4993 coneiliatores
3020 4949 3074 4994 et
3127 4947 3362 5011 patroni.

1793 5021 1973 5086 Quare
2004 5023 2047 5075 si
2080 5026 2420 5093 propesitum
2453 5027 2728 5095 negotium
2763 5043 2872 5081 non
2911 5041 3058 5084 recte
3093 5041 3365 5088 tractave-

1791 5113 1984 5176 rimus.
2046 5115 2339 5170 multorum
2401 5135 2465 5174 ac
2524 5121 2866 5176 diversorum
2930 5125 3006 5177 rei
3069 5126 3361 5182 criminum

1793 5209 2020 5264 timus.
2053 5211 2186 5264 Cum
2221 5212 2386 5280 igitur
2409 5220 2686 5269 contentio
2711 5233 2809 5271 nos
2846 5218 3016 5286 possit
3047 5219 3279 5298 ulterius
3309 5223 3360 5274 iu

1792 5299 1930 5354 mala
1960 5303 2278 5372 gravissima
2321 5307 2610 5371 devehere,
2658 5308 2960 5380 abiicienda
3005 5312 3228 5366 omnino
3272 5313 3363 5366 illa

1789 5402 1891 5460 est,
1918 5406 1971 5448 et
2020 5398 2339 5452 assumenda
2373 5398 2501 5453 sunt
2537 5401 2695 5456 nobis
2730 5403 2976 5458 subsidio
3006 5415 3116 5457 tum
3172 5415 3361 5459 mutua

1789 5487 1930 5543 inter
1966 5504 2065 5544 uos
2096 5492 2489 5559 benevolentia,
2521 5504 2635 5548 tum
2701 5495 2956 5550 voluntas
3010 5481 3247 5549 enitendi
3306 5505 3366 5551 ut

1789 5578 1968 5630 omnia
2003 5595 2124 5631 eum
2158 5581 2382 5635 veritate
2419 5581 2789 5649 proferantur.
2831 5583 2896 5638 Et
2934 5584 3109 5653 primo
3139 5585 3362 5654 quidem

1792 5683 1894 5722 ιιοιι
1926 5670 2006 5725 de.
2029 5682 2080 5724 et
2117 5672 2248 5728 velle
2303 5673 2486 5728 omnia
2539 5675 2756 5731 disertis
2813 5677 2992 5730 verbis
3022 5691 3051 5731 e
3081 5675 3364 5746 Scriptum

175 5849 249 5924 tl)
328 5847 388 5904 id
447 5856 551 5916 est,
605 5847 749 5902 circa
810 5850 1078 5927 print-ipa
1116 5850 1238 5906 tidei
1274 5849 1424 5905 varie
1492 5849 1785 5906 intellectu.
