3966 6328
38 78 455 127 π-τ-’“⁴³’
498 78 501 79 ⁷

64 328 172 393 489

1232 312 1520 379 ORATIO
1547 313 1637 375 III
1678 314 1777 374 AD
1809 311 2191 374 SYNODUM.

3269 306 3374 368 tto
3418 391 3422 395 _

68 414 335 516 σπουδξς.
376 444 481 500 Τὸν
509 444 619 513 γάρ
643 442 807 498 αὐτὸν
858 440 997 511 ὺπέρ
1053 456 1109 493 τε
1166 439 1356 493 τούτου
1422 452 1517 492 και
1568 437 1669 505 τῆς

1802 448 1892 486 um
1927 433 2204 501 privatim,
2229 432 2425 503 quovis
2462 431 2603 495 loco,
2633 440 2685 487 et
2717 430 2943 503 quando
2991 446 3078 487 res
3105 432 3179 485 ita
3226 429 3368 485 fere-

68 538 339 610 ἀληθείας
364 538 459 590 καὶ
492 535 591 603 τῆς
613 534 797 588 αὐτῶν
829 532 1107 604 σωτηρίας
1141 530 1341 602 ᾔδεσαν
1365 528 1497 584 ὅντα
1543 528 1665 597 σφί-

1773 526 1887 591 hat,
1918 525 2024 580 hoc
2050 534 2175 580 ante
2207 526 2390 581 omnia
2422 535 2713 584 curarunt.
2749 534 2811 579 ut
2841 526 2925 581 sui
2974 524 3149 587 studii
3182 518 3367 592 caput.

70 650 152 687 σιν
185 635 380 702 ἀγῶνα
412 650 426 663 ’
451 633 548 686 καὶ
580 631 703 703 μετ’
738 629 912 685 αὐτοῦ
948 629 1049 700 μὲν
1072 629 1143 683 τά
1162 627 1326 682 λοιπά
1380 622 1667 695 κατορθώ-

1799 618 1921 674 dem
1950 616 2153 687 quippe
2185 628 2463 699 certamen
2507 635 2603 690 pro
2634 620 2741 674 hoc
2770 618 2915 688 ipso,
2968 634 3068 689 pro
3114 618 3379 689 veritate,

70 742 207 792 σειν,
239 725 302 779 ἐν
335 724 393 777 δὶ
424 723 632 777 τούτων
668 721 1031 792 περιιδόντες,
1063 720 1157 774 καὶ
1187 718 1298 773 τῶν
1327 714 1534 772 λοιπῶν
1579 714 1672 767 ὲκ-

70 816 369 871 πεσεϊσθαι
405 814 627 881 πάντως
666 813 943 886 ἐνόμιζον.

138 1082 371 1137 Τούτων
394 1079 573 1135 τοίνυν
600 1079 747 1134 οὕτω
780 1079 1076 1150 κειμένων,
1104 1080 1201 1135 καὶ⁸
1242 1079 1474 1152 μηδενὸς
1494 1081 1674 1154 ἄλλως

71 1172 226 1226 ταῦτ’
267 1164 417 1240 ἔχειν
451 1171 701 1233 εἰπόντος
736 1170 825 1232 ἂν,
867 1170 969 1225 κάν
1018 1169 1229 1241 σφόδρα
1278 1171 1584 1242 φιλόνεικος
1614 1165 1673 1243 ᾗ,

73 1264 166 1317 καὶ
204 1263 362 1333 ὑμᾶς
388 1264 489 1334 τὴν
520 1261 696 1333 αὐτὴν
730 1261 951 1316 ἑλέσθαι
988 1264 1128 1335 πρὸς
1157 1263 1224 1318 τὰ
1257 1262 1506 1333 παρόντα
1532 1259 1687 1329 γνώ-“

77 1367 186 1421 μην
244 1352 588 1419 ἐπάναγκες,
636 1352 729 1405 καὶ
781 1351 879 1405 τοῦ
926 1353 1048 1415 ταῖς
1092 1352 1343 1423 Γραφαῖς
1388 1352 1677 1422 γινόμενον

72 1442 461 1499 διασώσασθαι
513 1443 692 1498 πάντα
726 1444 885 1512 ἀγειν
933 1443 1165 1499 ἐλάττω.
1222 1444 1350 1497 Είτε
1397 1443 1508 1514 γὰρ
1539 1443 1676 1513 πρὸς

75 1534 318 1589 ἕκαστον
360 1533 472 1588 τῶν
516 1536 807 1607 μακαρίων
837 1534 1069 1597 ἱκείνων
1113 1535 1221 1608 χρὴ
1250 1536 1486 1602 ἀπιδεῖν,
1517 1536 1678 1607 ὑμεῖς

70 1628 229 1692 ὄντες
257 1626 510 1682 τοσοῦτοι
528 1628 871 1700 δικαιότερον
897 1630 963 1683 ἀν
981 1629 1078 1683 καὶ
1100 1628 1457 1701 βουληθείητε
1475 1632 1673 1695 ταῦτα,

77 1722 170 1775 καὶ
199 1720 663 1793 καταπράξαισθε
686 1738 701 1753 ·
721 1722 831 1777 εῖτε
854 1721 1065 1786 πάντας
1096 1719 1233 1793 ὁμοῦ
1277 1720 1542 1789 λογιεῖταί
1572 1738 1678 1784 τις,

1772 725 1984 781 proque
2008 726 2105 765 sua
2147 710 2403 780 ipsorum
2433 713 2609 767 salute
2663 714 3008 783 propositum
3062 711 3169 769 sibi
3222 712 3372 767 scie-

1771 806 1909 860 bant
1943 821 1956 857 :
1994 814 2046 859 et
2081 818 2205 858 cum
2240 802 2367 873 ipso
2392 788 2640 875 quidem,
2674 815 2827 859 recte
2860 822 2920 862 se
2964 805 3074 861 alia
3117 812 3374 876 peractu-

1778 913 1890 961 ros,
1931 898 2034 952 hoc
2064 905 2249 951 autem
2280 909 2390 951 uno
2438 894 2775 965 posthabito,
2811 897 3029 967 reliqua
3074 898 3247 954 etiam
3310 911 3373 954 se

1777 989 2089 1044 amissuros
2124 987 2282 1058 plane
2314 988 2640 1043 censebant.
2968 1034 2973 1039 .

1848 1079 1947 1135 His
1978 1080 2139 1149 igitur
2172 1081 2245 1135 ita
2277 1095 2337 1136 se
2358 1080 2716 1145 habentibus,
2741 1094 2864 1152 qua
2894 1080 3052 1137 aliter
3084 1096 3143 1138 se
3169 1081 3378 1138 habere

1778 1185 1937 1226 nemo
1977 1185 2217 1240 unquam
2267 1170 2485 1233 dixerit,
2538 1170 2627 1225 vel
2681 1170 2915 1225 nimium
2968 1172 3376 1235 contentiosus,

1779 1276 2006 1319 necesse
2055 1271 2140 1317 est
2188 1276 2285 1316 vos
2321 1262 2491 1317 etiam
2528 1260 2723 1317 eodem
2760 1277 2891 1333 erga
2933 1261 3222 1316 materiam
3256 1275 3383 1331 pro-

1780 1353 2014 1425 positam
2049 1354 2233 1409 animo
2263 1353 2407 1415 sitis.
2438 1362 2492 1409 et
2536 1354 2885 1423 postponatis
2928 1354 3117 1407 omnia
3147 1366 3384 1407 concor-

1777 1447 1881 1505 diae
1900 1446 2338 1517 'Scripturarum.
2365 1444 2499 1502 Sive
2520 1446 2664 1501 enim
2688 1453 2905 1517 Oportet
2928 1442 3383 1515 inspieere,'quid

1780 1551 2003 1596 sanctus
2055 1542 2291 1611 quisque
2345 1540 2563 1611 egerit:
2597 1554 2715 1603 vos,
2764 1539 2857 1609 qui
2911 1548 3066 1593 tanto
3102 1537 3239 1592 estis
3282 1550 3387 1591 nu-

1777 1646 1958 1698 mero,
1979 1632 2181 1700 lustius
2204 1633 2309 1688 hoe
2333 1631 2476 1687 idem
2512 1641 2569 1688 et
2592 1632 2729 1687 velle
2763 1628 2977 1687 debetis
3002 1642 3059 1685 et
3085 1631 3381 1699 perlicere;

1783 1728 1899 1785 sive
1941 1725 2066 1796 quis
2120 1726 2282 1780 etiam
2316 1741 2412 1781 eos
2464 1725 2781 1781 consideret
2822 1726 3115 1781 universos
3142 1766 3157 1790 ,
3202 1740 3386 1795 opem

75 1814 133 1867 τὸ
174 1814 302 1884 μετ’
336 1813 580 1877 ικεξνους
615 1814 697 1878 είς
755 1814 857 1885 τὴν
908 1813 1081 1887 αὐτὴν
1129 1812 1322 1885 χρείαν
1380 1814 1547 1883 ὑμᾶς,
1592 1812 1684 1866 καὶ

1799 1819 2025 1890 pretium
2052 1824 2138 1873 est
2164 1830 2263 1871 vos
2282 1816 2471 1903 eadem
2497 1824 2620 1887 post
2643 1816 2766 1873 illos
2788 1816 3119 1873 necessitate
3136 1816 3388 1884 adactos,

76 1906 304 1977 ζηλοῦν,
346 1905 634 1978 βούλεσθαι
663 1903 942 1971 λυσιτελές
960 1922 975 1940 ·
1001 1906 1096 1961 uati.
1111 1904 1208 1978 τὴν
1240 1905 1493 1962 ιναντίαν
1518 1907 1679 1971 ίοῦσι,

78 1999 265 2070 ψόγων
292 1998 475 2053 αἴτιον
508 1998 686 2054 ἔσται.
724 1999 921 2053 Καίτοι
950 2000 1062 2063 τοῖς
1097 1999 1222 2068 μὶν,
1258 2000 1307 2059 εί
1339 2000 1432 2054 καὶ
1468 2000 1543 2071 μὴ
1574 2000 1682 2053 πᾶ·

82 2108 187 2158 σιν,
215 2091 363 2146 ἀλλά
395 2093 506 2155 τοῖς
543 2109 607 2162 γε
644 2092 937 2163 προτέροις
977 2094 1032 2148 αἱ
1069 2091 1287 2165 Γραφαὶ
1321 2092 1485 2163 μόνον
1517 2090 1685 2163 προῦο

76 2203 284 2250 κειντο,
308 2184 378 2249 ἃς
409 2185 690 2255 δυσχερὲς-
726 2185 825 2255 μιν
878 2180 968 2257 ἦν,
1017 2185 1169 2254 ὅμως
1196 2185 1240 2239 δ’
1278 2187 1508 2256 ίσχυσαν
1547 2202 1685 2255 συμ-

81 2272 315 2335 ϐιϐάσαι
336 2294 352 2311 ⁸
379 2280 509 2349 ὑμῖν
538 2278 585 2333 δ’
616 2279 676 2333 οὐ
708 2282 884 2351 μικρά
915 2279 1171 2351 βοηθείας
1203 2280 1518 2351 προσθήκη,
1546 2279 1683 2333 ἀλλὰ

80 2373 278 2445 σχεδὸν
307 2372 453 2441 αὐτὴ
477 2374 539 2427 τὸ
566 2374 675 2427 πᾶν
698 2371 853 2440 οὖσα,
888 2372 1034 2427 αἵτε
1066 2373 1176 2428 τῶν
1223 2372 1563 2429 διδασκάλων
1592 2372 1685 2426 ἐπὶ

84 2468 201 2530 ταῖς
235 2467 494 2538 Γραφαῖς
524 2464 841 2536 ιξηγήσεις,
871 2466 963 2519 καὶ
999 2465 1151 2520 ἄλλοι
1197 2465 1404 2519 τούτων
1448 2465 1681 2533 ἀγῶνες,

82 2560 176 2622 οὓς
207 2561 305 2612 ἰπὶ
338 2556 549 2629 ἐλέγχῳ
579 2561 679 2628 μιν
724 2557 835 2611 τῶν
878 2557 1295 2628 ἀνθισταμένων
1330 2560 1397 2629 τῇ
1428 2557 1684 2628 ἀληθεία,

87 2650 391 2721 βεϐαιώσει
431 2649 488 2703 δὲ
537 2650 649 2704 τῶν
702 2650 920 2704 οἰκείων
974 2651 1072 2704 καὶ
1125 2650 1467 2722 πειθομένων
1502 2653 1686 2716 αὐτοῖς

85 2745 459 2816 ἐνεστήσαντο
477 2762 489 2773 ·
522 2742 598 2799 ὧν
623 2744 895 2801 τοσούτων
919 2744 1095 2799 ὄντων
1124 2745 1220 2799 καὶ
1251 2745 1686 2817 μαρτυρούντων

89 2836 349 2907 ἀλλήλοις
383 2836 486 2907 τὴν
517 2836 857 2906 συμφωνίαν,
880 2836 1072 2906 ὥσπερ
1102 2836 1299 2907 ὁδηγόν
1320 2853 1442 2889 τινα
1468 2835 1687 2905 ἀπλανῆ

87 2928 185 2995 τῆς
222 2928 575 2999 ζητουμένης
630 2927 895 2997 ἀληθείας
950 2927 1142 2983 λαϐεῖν
1179 2928 1487 3001 ’πρόχειρόν
1540 2929 1689 2982 ἔστιν
1725 2929 1729 2934 ’

89 3020 245 3077 οὐδὲν
278 3014 447 3093 ἧττον
482 3020 512 3090 ἢ
546 3019 773 3075 δίκαιον.
808 3020 985 3075 “and:
1015 3020 1084 3075 τά
1116 3021 1215 3091 μὲν
1242 3022 1370 3093 περὶ
1403 3021 1514 3075 τῶν
1544 3020 1693 3075 διδα-

96 3113 323 3166 σκάλων
358 3112 593 3179 αὐτίκα,
633 3112 702 3165 τὰ
732 3112 789 3166 δὲ
837 3113 945 3165 τῶν
995 3113 1232 3183 Γραφῶν
1280 3113 1572 3185 ἀξιώματα
1605 3114 1687 3168 δεῖ

1787 1913 2005 1969 illorum
2048 1911 2188 1967 velle
2221 1910 2392 1990 .seq‘ui
2436 1910 2704 1980 vestigia;
2754 1910 3008 1980 opposita
3053 1926 3185 1967 vero
3238 1911 3390 1966 ince—

1784 2007 1978 2063 dentes
2029 2006 2121 2062 ria
2154 2005 2643 2075 reprehensionem
2698 2019 2803 2059 non
2854 2001 3151 2075 eﬂ‘ugietis.
3200 2003 3392 2071 Quan-

1785 2115 1948 2171 quam
1985 2099 2093 2154 illis
2123 2098 2367 2168 quidem,
2399 2097 2503 2153 etsi
2546 2112 2654 2151 non
2689 2096 2970 2161 omnibus,
3010 2107 3067 2151 at
3102 2106 3250 2153 certe
3274 2096 3388 2166 prl-

1788 2193 1892 2248 mis
1916 2232 1930 2254 .
1965 2191 2096 2247 sola:
2133 2188 2433 2263 Setipturae
2464 2199 2622 2244 erant
2648 2188 2724 2243 ob
2748 2189 2964 2254 oculos,
3000 2205 3136 2261 quas
3168 2188 3388 2246 diﬂicile

1786 2285 2028 2357 quidem,
2066 2281 2292 2355 potu'ere
2341 2292 2523 2338 tamen
2574 2283 2629 2337 in
2678 2297 2843 2337 unam
2889 2296 3157 2337 revocare
3189 2296 3392 2337 conre-

1788 2369 2048 2436 nientiam
2080 2395 2096 2432 :
2148 2372 2204 2433 ai
2235 2377 2395 2433 vobis
2434 2391 2544 2431 non
2587 2390 2752 2446 parva
2804 2374 3106 2443 adiumenti
3140 2373 3392 2432 accessio

1787 2478 1895 2537 est,
1933 2472 2043 2527 imo
2064 2485 2196 2527 vero
2232 2469 2353 2540 ipsa
2398 2478 2571 2524 totum
2620 2468 2737 2523 fere
2780 2469 2964 2532 valet,
2996 2469 3142 2536 quod
3201 2467 3394 2523 docto—

1785 2579 1909 2620 rum
1959 2563 2333 2635 expositiones
2380 2562 2435 2617 in
2474 2560 2815 2631 Scripturas,
2852 2570 2908 2616 ct
2933 2560 3246 2615 certamina
3292 2573 3387 2615 eo-

1791 2670 1911 2711 rum
1952 2647 2163 2723 habetis
2212 2654 2528 2725 proposita,
2564 2668 2689 2723 quae
2738 2653 2813 2706 illi
2866 2660 2981 2707 tum
3025 2652 3093 2706 ad
3140 2648 3393 2706 veritatis

1794 2746 1979 2801 hostes
2019 2744 2453 2816 redarguendos,
2489 2752 2607 2797 tum
2661 2742 2727 2797 ad
2776 2756 2909 2798 suos
2956 2738 3390 2803 eonlirmaudos,

1793 2836 1956 2892 dictis
1981 2836 2190 2892 scilicet
2210 2850 2398 2891 eorum
2433 2835 2747 2900 audientes,
2772 2848 3088 2903 suscepere.
3116 2830 3390 2898 Quorum,

1794 2943 1917 2983 cum
1948 2927 2085 2982 adeo
2119 2926 2286 2997 multi
2332 2925 2553 2995 sibique
2586 2924 2825 2979 invicem
2873 2934 3038 2980 testes
3072 2924 3183 2977 sint
3208 2965 3223 2989 ,
3258 2936 3396 2977 εοιι-

1790 3020 2109 3076 sensionem
2147 3019 2304 3075 facile
2337 3018 2543 3088 pariter
2572 3031 2638 3071 ac
2680 3016 2888 3086 justum
2922 3024 3007 3071 est
3052 3028 3269 3070 sumere
3299 3027 3398 3068 ve-

1800 3113 1898 3168 luti
1936 3113 2128 3168 ducem
2158 3112 2527 3166 certissimum
2564 3110 2629 3165 ad
2663 3102 3397 3175 veritatemrindagandam.

88 3206 477 3263 ,συνάπτεσθαι
524 3205 763 3277 πρῶτον.
816 3206 975 3277 Ἔχει
1024 3207 1135 3275 γὰρ
1167 3207 1309 3261 οὕτω
1334 3225 1349 3240 ·
1381 3207 1453 3263 Τὸ
1490 3209 1589 3277 μὲν
1628 3211 1691 3264 ὲκ

1799 3211 1874 3263 Ac
1905 3208 1971 3263 dc
1991 3206 2277 3263 doctorum
2310 3204 2530 3274 quidem
2553 3216 2822 3259 consensu
2848 3212 3039 3270 postea
3069 3216 3083 3253 :
3122 3200 3275 3269 prius
3305 3212 3404 3252 au-

92 3300 186 3353 τοῦ
241 3300 465 3369 Πατρὶς
515 3299 919 3370 ἐκπορεύεσθαι
946 3300 1008 3354 τὸ
1037 3288 1265 3371 Πνεῦμα
1305 3300 1365 3355 τὸ
1394 3302 1551 3371 ἀγιον
1579 3304 1693 3356 κεῖ-

96 3409 183 3445 ται
210 3392 317 3462 μὲν
346 3390 649 3463 διαρρήδην
669 3393 726 3447 ὲν
746 3394 812 3463 τῇ
844 3392 1065 3474 Γραφῇ,
1086 3392 1429 3474 ῥμολογεῖται
1457 3394 1514 3448 δὲ
1542 3397 1695 3467 παρά

100 3486 329 3539 πάντων
360 3484 539 3556 ήμῶν,
574 3486 672 3546 καὶ
713 3486 775 3540 οὐ
812 3466 1192 3557 [sanasse-pb;
1231 3487 1490 3559 Γραικῶν
1520 3489 1552 3559 ἢ
1588 3466 1695 3543 Λα-

100 3576 265 3630 τίνων
293 3576 504 3646 ’ἐστηκε
541 3576 720 3642 τοῦτο,
751 3575 860 3631 οὗθ’
900 3576 1048 3631 ἐστιν
1081 3577 1146 3630 ἐκ
1175 3576 1368 3634 τούτου
1414 3577 1565 3634 λύειν
1598 3578 1698 3647 τὴν

100 3668 565 3740 ἀμφισϐήτησιν·
598 3668 723 3722 οὔτε
780 3669 890 3738 γάρ
942 3670 1160 3740 ἀνάγκη
1206 3671 1301 3723 καὶ
1343 3671 1405 3723 ὲκ
1437 3668 1531 3724 τοῦ
1569 3669 1697 3724 Υίοῦ

105 3761 363 3827 προϊέναι
398 3761 461 3814 τὸ
499 3761 724 3830 Πνεῦμα
752 3752 943 3814 τούτου
974 3763 1256 3831 κειμένου,
1289 3760 1402 3815 οὔτ’
1429 3761 1696 3816 ἀδύνατον

105 3855 196 3907 καὶ
247 3854 316 3908 ὲκ
366 3853 461 3907 τοῦ
494 3852 626 3907 Υίοῦ
676 3854 1096 3925 ἐκπορεύεσθαι.
1140 3856 1203 3908 Ἠ
1243 3857 1351 3926 γάρ
1388 3857 1699 3924 κατάφασις

106 3946 248 4015 αὕτη
288 3943 390 4017 τὴν
422 3945 615 4015 ἑτέραν
641 3946 953 4013 κατάφασιν
978 3945 1101 3999 οὔτε
1131 3946 1368 4017 τίθησιν,
1395 3946 1507 3999 οὔτ’
1550 3948 1701 4002 ἀναι-

109 4044 191 4108 pa!
212 4080 225 4103 ,
256 4038 379 4092 ἀλλ’
404 4037 680 4107 ἐνδέχεται
711 4038 811 4108 μὲν
844 4041 908 4092 ὲκ
948 4038 1045 4093 τοῦ
1081 4039 1211 4093 Υἱοῦ
1244 4039 1518 4109 προϊέναι,
1553 4040 1702 4094 ἑνδέ-

107 4149 263 4203 χεται
296 4131 354 4184 δὲ
382 4130 477 4184 καὶ
511 4130 586 4199 μὴ
621 4131 871 4201 προϊέναι
900 4132 1023 4184 ὅσον
1052 4130 1116 4183 ἐκ
1145 4148 1208 4199 γε
1247 4132 1341 4185 τοῦ
1374 4133 1531 4200 λόγου
1553 4150 1566 4165 ο
1596 4133 1705 4186 ὥσ-

109 4242 213 4298 περ
267 4225 325 4278 ετ
367 4240 453 4287 τις
496 4223 646 4291 λέγοι
691 4222 783 4277 τὸν
828 4222 1113 4293 ἄνθρωπον
1160 4217 1301 4277 εῖναι
1354 4224 1528 4288 ζῶον,
1578 4223 1703 4277 οὔτε

110 4318 360 4387 λογικὸν,
386 4311 528 4369 εἶναι
559 4315 777 4383 τίθησιν
808 4314 867 4380 ἐξ
897 4314 1167 4385 ἀνάγκης,
1203 4314 1327 4369 οὕτε
1374 4315 1522 4369 τοῦτ’
1554 4320 1707 4370 ἀναι-

119 4411 245 4478 ρεῖ·’
272 4406 458 4462 καίτοι
495 4406 632 4476 πρὸς
665 4403 758 4458 τὸν
806 4406 906 4472 τῆς
940 4407 1170 4476 προόδου
1204 4406 1311 4460 τῶν
1343 4406 1504 4461 θείων
1536 4425 1708 4479 προσ-

112 4502 277 4556 ώπων
310 4501 523 4571 τρόπον
548 4501 835 4569 ἀφορῶσιν
866 4503 1000 4569 ἡμῖν
1032 4502 1125 4553 καὶ
1164 4500 1233 4570 ἢν
1266 4501 1315 4554 οί
1348 4500 1483 4555 θεῖοι
1530 4502 1707 4555 um.

116 4611 203 4663 ρες
229 4593 451 4655 τούτοις
480 4592 774 4646 ἀπέδωκαν
800 4592 977 4658 τάξιν,
1007 4592 1188 4660 τίθησι
1218 4593 1312 4647 καὶ
1344 4592 1477 4645 πολὺ
1504 4592 1707 4663 μᾶλλον

115 4686 143 4754 ἡ
197 4686 520 4759 κατάφασις
566 4684 665 4754 τὴν
701 4684 1042 4752 κατάφασιν.
1089 4684 1211 4737 Τῶν
1260 4684 1369 4755 γάρ
1418 4683 1494 4754 τῷ
1531 4687 1708 4755 Πατρὶ

114 4778 436 4846 προσόντων
477 4777 571 4853 καὶ
598 4776 690 4828 τὸν
714 4776 841 4829 Υἱὶν
866 4776 945 4828 δεῖ
970 4777 1273 4841 κοινωνεῖν,
1303 4777 1371 4832 ἂν
1406 4779 1479 4849 μή
1513 4794 1565 4830 τι
1597 4796 1703 4831 κω-

76 4864 77 4867 “
114 4870 215 4942 λύῃ
240 4888 254 4901 ·
293 4871 394 4923 καὶ
432 4871 494 4922 τὸ
523 4869 611 4923 διά
641 4886 788 4931 τινος
829 4868 891 4922 ἔκ
917 4886 1061 4933 τινος
1097 4870 1377 4935 οὐσιωδῶς
1411 4873 1602 4941 προϊὸν
1626 4874 1708 4926 atl-

114 4968 231 5017 τίαν
262 4963 388 5034 ἔχει
422 4964 518 5016 καὶ
544 4963 605 5015 τὸ
653 4962 721 5016 δι’
747 4961 807 5015 οὗ
846 4963 1062 5033 πρόεισι
1083 4979 1098 4996 ⁸
1132 4964 1385 5035 καθάπερ
1417 4966 1577 5029 εἴτις
1607 4965 1706 5037 τὴν

80 5020 334 5127 impr-,7;
370 5058 434 5111 ὲκ
466 5054 561 5108 τοῦ
608 5053 762 5125 ήλίου
806 5020 1177 5127 προέρχεσθαι
1229 5020 1399 5125 λέγοι,
1428 5059 1490 5111 τὸ
1516 5020 1611 5112 καὶ
1644 5020 1708 5112 ἐκ

116 5153 209 5221 τῆς
250 5151 482 5209 ἀκτῖνος
513 5147 765 5216 προϊέναι
825 5147 997 5217 αὐτὴν
1031 5147 1155 5201 οὔτε
1197 5148 1410 5220 τίθησιν
1436 5147 1547 5203 οὔτ’
1575 5153 1710 5205 ἀνα-

100 5244 311 5311 τρέπει
335 5257 351 5270 ·
378 5238 575 5292 οὔκουν
606 5238 668 5291 ἐκ
699 5254 762 5306 γε
793 5238 887 5294 τοῦ
914 5240 1077 5306 λόγου
1107 5256 1120 5270 ⁸
1155 5243 1331 5295 καίτοι
1354 5244 1537 5314 τίθησι
1571 5246 1711 5315 μᾶλ-

122 5334 229 5398 λον,
263 5333 334 5388 ἄν
376 5348 462 5393 τις
493 5330 583 5385 τὸν
614 5329 713 5400 τῆς
757 5331 985 5401 προόδου
1028 5333 1231 5400 τρόπον
1278 5334 1569 5403 λογίζοιτο,
1616 5337 1713 5391 καὶ

122 5427 180 5476 τὸ
212 5422 512 5493 μεσιτεῦον
541 5423 609 5491 ἦν
640 5439 762 5476 τινα
786 5422 939 5487 τάξιν
966 5425 1102 5493 πρὸς
1128 5425 1391 5496 ἑκάτερον
1416 5427 1529 5497 ἔχει
1549 5444 1563 5459 ’
1590 5430 1713 5482 τότε

82 5070 86 5170 l

84 5170 111 5440 l

124 5628 221 5679 ’της

96 5628 224 6233 Et;

124 5613 221 5679 τῆς
269 5611 350 5675 ὡς
407 5609 471 5662 εκ
523 5609 831 5679 προσεχοῦς
885 5612 1065 5675 αἰτίας
1100 5613 1467 5684 προέρχεσθαι
1499 5616 1717 5678 πάντως

128 5705 237 5771 ἐρεῖ
259 5720 275 5733 ·
306 5702 452 5765 τέως
486 5700 543 5753 δὲ
579 5701 671 5754 τὸν
709 5701 867 5768 λόγον
915 5703 1077 5771 μόνον
1111 5706 1464 5770 σκοποῦντες,
1490 5704 1713 5759 οὐδέτε-

255 5795 317 5862 ig
353 5794 608 5861 ἀνάγκης
644 5793 1081 5864 ἀποφαινόμεθα.
1120 5794 1246 5871 Ἆρ’
1277 5796 1370 5855 οὖν
1400 5798 1543 5853 οὕτω
1574 5799 1715 5855 κάπὶ

460 5888 733 5949 ΡΑτῑιοῐ..
774 5886 889 5947 GR.
917 5886 1075 5959 CLX

1744 4546 1786 4601 ι)

124 5522 229 5587 γὰρ
260 5517 326 5569 τὸ
358 5515 452 5567 διὰ
483 5514 583 5584 τῆς
616 5517 833 5580 ἀκτῖνος
880 5518 1127 5585 φυσικῶς
1174 5518 1364 5590 προϊὸν
1407 5522 1501 5573 καὶ
1533 5520 1594 5587 ἐξ
1622 5522 1719 5575 αὑ-

1794 3309 1906 3355 ιειιι
1933 3300 2199 3370 agendum
2216 3298 2382 3353 estde
2410 3294 2799 3351 cettvenietttia
2826 3291 3229 3348 sententiarum
3250 3288 3397 3345 Scri-

1799 3398 1995 3461 pturaz,
2032 3390 2232 3444 etenim
2278 3404 2368 3443 res
2398 3388 2472 3442 ila
2501 3403 2559 3442 se
2588 3386 2753 3440 habet
2782 3403 2795 3438 :
2832 3383 3097 3454 Spiritum
3141 3387 3394 3435 sanctum

1800 3496 1867 3537 ex
1894 3480 2055 3537 Patre
2080 3480 2401 3550 procedere,
2422 3487 2659 3533 testatur
2687 3475 2977 3530 manifeste
3001 3470 3312 3539 Scriptura,
3346 3479 3399 3521 rt

1798 3576 2168 3631 communiter
2216 3589 2409 3627 omnes
2462 3571 2700 3625 fatemur
2733 3611 2747 3633 ,
2803 3582 2907 3623 nec
2963 3565 3140 3636 magis
3187 3562 3398 3618 Graecis

1804 3682 1965 3736 quam
1999 3667 2207 3721 Latinis
2246 3664 2297 3719 id
2334 3665 2500 3725 favet,
2537 3678 2637 3717 nec
2666 3660 2905 3717 solvitur
2960 3674 3065 3728 per
3108 3658 3213 3711 hoc
3242 3654 3404 3709 dubi-

1804 3759 1957 3814 tatio.
1991 3758 2103 3814 lloc
2132 3758 2278 3812 enim
2314 3755 2515 3826 posito.
2563 3767 2742 3823 neque
2775 3750 3155 3806 necessarium
3222 3761 3403 3816 neque

1803 3848 2148 3919 impossibile
2178 3857 2285 3913 est,
2308 3847 2474 3901 etiam
2508 3860 2575 3899 ex
2610 3844 2749 3925 Filio
2777 3842 3077 3914 procedere
3106 3840 3399 3909 Spiritum,

1807 3954 1932 3995 cum
1980 3939 2095 3993 haec
2134 3925 2429 3993 affirmatio
2467 3952 2569 3991 nec
2616 3945 2782 4005 ponat
2838 3950 2941 3990 nec
2976 3935 3133 3989 tollat
3172 3934 3401 4007 alteram

1809 4032 2255 4096 afﬂrtnalionent,
2291 4029 2386 4085 sed
2420 4028 2683 4099 possibile
2714 4027 2785 4081 sit
2812 4042 2878 4081 ex
2915 4027 2961 4079 vi
2986 4027 3164 4097 hujus
3206 4038 3406 4094 propov-

1810 4127 2029 4183 sitionis
2090 4124 2383 4194 procedere
2418 4132 2514 4176 aut
2549 4136 2655 4175 non
2699 4120 2993 4189 procedere
3020 4133 3085 4171 ex
3126 4115 3303 4183 Filio;
3345 4125 3406 4171 ut

1811 4218 1903 4286 qui
1943 4216 2078 4271 dicit
2118 4214 2395 4270 hominem
2425 4227 2547 4267 esse
2577 4210 2804 4275 animal,
2841 4224 2942 4264 nec
2973 4208 3201 4263 rationis
3233 4208 3410 4278 parti-

1814 4312 1990 4381 cipent
2040 4309 2191 4363 illum
2246 4304 2557 4361 necessario
2605 4300 2826 4361 asserit.
2878 4316 3057 4370 neque
3112 4300 3165 4354 id
3218 4309 3405 4370 negat.

1814 4404 2139 4473 Quanquam
2172 4400 2218 4456 si
2253 4400 2473 4453 modum
2521 4393 2896 4464 processionis
2931 4391 3244 4448 divinarum
3278 4408 3407 4464 per-

1816 4470 2078 4553 sonarum
2108 4502 2441 4563 spectemus,
2472 4491 2837 4558 ordinemque
2875 4487 2983 4541 illis
3009 4488 3352 4557 assignatum
3382 4504 3411 4543 τι

1816 4588 2023 4651 sanctis
2063 4586 2339 4648 Pati-ibus,
2376 4584 2551 4638 multo
2588 4581 2761 4650 magis
2788 4579 3085 4635 afﬁrmatio
3126 4580 3280 4649 ponit
3321 4580 3410 4634 af-

1817 4662 2182 4753 firmationem
2236 4694 2249 4731 :
2293 4692 2419 4731 nam
2452 4690 2517 4730 ea
2544 4688 2666 4743 quae
2698 4670 2856 4726 Pater
2886 4670 3072 4735 habet,
3111 4672 3221 4724 sint
3247 4670 3408 4728 etiam

1814 4774 1954 4829 Filio
1988 4769 2304 4827 communia
2342 4783 2572 4824 necesse
2606 4773 2719 4831 est,
2773 4763 2878 4818 nisi
2930 4762 3134 4832 aliquid
3174 4761 3359 4819 obstet
3392 4781 3407 4818 :

1813 4877 1867 4922 et
1910 4866 2057 4936 quod
2098 4880 2161 4921 ex
2221 4863 2407 4933 aliquo
2456 4876 2553 4935 per
2600 4857 2804 4927 aliquid
2856 4856 3228 4913 essentialiter
3287 4869 3413 4924 pro-

1814 4962 1930 5024 dit,
1987 4972 2207 5014 causam
2251 4956 2415 5010 habet
2455 4952 2588 5007 illttd
2649 4950 2813 5005 etiam
2866 4964 2964 5020 per
3013 4949 3159 5019 quod
3210 4948 3409 5015 prodit,

1812 5064 1873 5112 ut
1906 5054 1951 5109 si
1989 5052 2113 5121 quis
2163 5048 2398 5104 calorem
2449 5061 2479 5100 ε
2532 5044 2646 5098 sole
2702 5042 2847 5095 dicat
2885 5041 3041 5104 oriri,
3078 5039 3228 5095 illum
3261 5057 3291 5095 e
3325 5056 3413 5095 rae

1818 5148 1908 5203 dio
1951 5157 2172 5215 quoque
2225 5141 2355 5194 oriri
2413 5152 2589 5207 neque
2647 5134 2725 5189 ait
2784 5148 2963 5202 neque
3023 5141 3204 5204 negat,
3258 5132 3406 5202 quod

1819 5238 2014 5294 attinet
2033 5237 2101 5290 ad
2133 5235 2309 5305 ipsam
2336 5230 2793 5303 propositionem,
2828 5242 3145 5298 quanquam
3181 5224 3409 5280 :tlIirtnat

1825 5332 2023 5403 magis,
2056 5330 2102 5386 si
2141 5330 2268 5398 quis
2321 5326 2543 5381 modum
2582 5321 2966 5394 productionis
3001 5319 3333 5382 consideret,
3358 5326 3413 5371 ct

1823 5427 2075 5482 ordinem
2102 5436 2263 5493 quem
2296 5420 2459 5482 habet
2487 5417 2555 5471 ad
2592 5425 2889 5484 utrumque
2919 5428 3008 5468 res
3048 5409 3411 5474 intcrmedia;

1820 5529 1953 5575 tunc
1988 5518 2133 5575 enim
2162 5517 2320 5585 plane
2348 5530 2455 5568 non
2486 5511 2707 5581 negabit
2737 5525 2801 5564 ex
2830 5512 2950 5580 ipso
2981 5510 3139 5601 etiam
3170 5504 3320 5558 radio
3352 5514 3413 5561 ut

1820 5612 2068 5685 proxima
2100 5624 2265 5666 causa
2303 5607 2459 5670 oriri,
2496 5604 2642 5673 quod
2683 5617 2780 5673 per
2812 5602 2961 5656 illum
2998 5604 3218 5653 emanat
3251 5606 3414 5651 natu.

1822 5706 2009 5761 raliter
2044 5718 2059 5759 :
2090 5703 2306 5760 interim
2348 5702 2401 5757 id
2428 5700 2605 5756 solum
2640 5696 3073 5757 considerantes,
3109 5691 3254 5763 quod
3288 5707 3415 5761 pro-

1823 5799 2136 5857 nuntiatum
2192 5805 2300 5865 est,
2350 5803 2608 5851 neutrum
2661 5789 3022 5861 exprimimus
3069 5782 3409 5845 necessarie.

2972 5878 3041 5941 16
