3966 6328
187 253 310 323 ιντ,
1369 265 1656 328 onATto
1680 267 1780 328 tu
1817 236 2331 336 Anemonem
2561 320 2565 323 .
3359 286 3466 349 498

191 387 317 439 γειν
352 377 484 444 περὶ
529 366 645 430 τῶν
682 376 1245 450 αὐτῶν,;ὲμαχόμεθα
1272 422 1286 446 ,
1340 384 1436 438 καὶ
1489 383 1627 453 πρὸς
1676 383 1776 453 τὴν

1904 385 2105 454 lentur,
2141 395 2358 460 quando
2389 394 2668 450 silentium
2695 395 2882 451 civlles
2916 411 3134 468 quoque
3181 399 3324 470 leges
3377 419 3470 459 su-

189 465 458 537 ἀλήθειαν
490 469 664 540 αὐτὴν
693 467 1095 540 ἠναντιούμεθα
1133 475 1199 527 ἄν
1227 491 1238 504 ·
1274 473 1306 545 ἢ
1337 477 1431 540 τὰς
1463 475 1574 529 τῶν
1601 475 1777 531 ὄντων

1904 489 2053 532 nunt-
2076 495 2172 548 pro
2203 496 2427 537 assensu
2465 501 2479 548 ;
2516 502 2636 540 cum
2667 465 3002 543 assentiente
3046 465 3178 544 vero
3231 465 3470 560 conﬂigit

196 561 465 632 ὑπάρξεις
505 563 573 616 ἐκ
624 563 835 616 πολλῶν
879 581 1044 618 τινων
1094 568 1190 619 καὶ
1224 566 1494 639 διαφόρως
1539 570 1780 640 ὲνυπαρυ

1904 587 2071 638 temo,
2106 571 2154 627 si
2209 575 2403 641 sapiat.
2659 584 2663 594 '
2756 561 2763 565 ’

187 654 399 740 χόντων
456 657 642 718 αὐτοῖς
706 659 1057 713 συνίστασθαι
1114 661 1382 729 βούλεται.
1460 663 1599 719 Οὔτε
1649 664 1830 721 τοίνυν
1881 666 1974 720 ἐπὶ
2029 666 2240 729 τούτοις
2296 667 2697 739 διαφερόμεθα,
2748 671 2869 729 οὔτε
2926 674 3082 743 λόγος
3133 676 3228 727 καὶ
3289 673 3468 745 σιωπὴ

187 750 508 820 πεφύκασιν
543 753 691 823 ἡμᾶς
722 755 1120 826 συρῤηγνύναιο
1148 759 1464 840 τούναντίον
1491 760 1598 831 γὰρ
1653 745 1856 832 μᾶλλον
1885 751 1982 844 καὶ
2010 764 2353 819 διαλλάττειν
2388 764 2658 828 δοκοῦσιν.
2729 769 2884 840 εἴπερ
2922 773 2977 823 ὲν
3027 771 3128 841 ἴσῳ
3204 775 3270 844 τῇ
3337 788 3467 840 συγ-

187 849 489 903 καταθέσει
548 853 609 903 τὸ
657 852 758 922 τῆς
797 852 956 922 σιγῆς
1005 856 1102 908 καὶ
1152 856 1257 911 ὑπὸ
1308 857 1420 913 τῶν
1470 859 1768 913 πολιτικῶν
1809 841 2156 930 λαμϐάνεται
2235 864 2418 935 νόμων
2456 879 2469 896 δ
2509 865 2645 936 πρὸς
2696 864 2754 919 δὲ
2797 865 2888 918 τὸν
2923 841 3281 922 συναινοῦντα
3311 868 3476 922 πόλε-

191 959 297 1011 μος
329 942 504 1006 οὐδεὶς
529 943 651 998 οὐδὲ
687 945 838 1016 μάχη
868 947 947 1017 τῷ
974 965 1037 1015 γε
1072 949 1200 1002 νοῦν
1244 952 1446 1021 ἔχοντι.

267 1038 331 1089 Εἰ
364 1037 462 1106 μὲν
480 1035 575 1091 οὖν
607 1039 763 1092 ἄλλον
786 1042 911 1095 τινὰ
936 1042 1144 1113 τρόπον
1168 1045 1237 1108 ἐκ.
1270 1045 1382 1097 τῶν
1411 1045 1514 1116 τῆς
1551 1046 1785 1116 Ἐκκλη-

189 1130 318 1193 si];
346 1130 686 1185 διδασκάλων
728 1133 949 1204 εῖχομεν
987 1135 1296 1206 εἰληφότες,
1401 1138 1502 1205 τάς
1547 1120 1784 1206 ἐξεκεί-

187 1242 303 1277 νων
367 1227 500 1296 ἡμῖν
571 1229 1015 1300 ἀποτικτομένας
1062 1234 1513 1306 ἀμφισϐητήσεις
1558 1237 1782 1292 λύεσθαι

188 1317 298 1379 δεῖ,
329 1322 422 1380 καὶ
452 1312 494 1387 ᾧ
530 1320 877 1391 δυνησόμεθα
912 1329 1214 1380 συνάπτειν
1240 1330 1488 1394 ἐκείνους
1513 1319 1580 1383 ἐν’
1604 1326 1686 1394 οἷς
1717 1331 1782 1385 ἂν

190 1409 588 1482 διαφερόμενοι
653 1416 977 1485 φαίνοιντο,
1050 1420 1163 1478 τῶν
1227 1423 1360 1492 ἡμῖν
1421 1424 1784 1493 ἑγνωσμένων

187 1503 408 1557 τούτων
443 1507 834 1578 ἠμελημένων,
894 1512 986 1583 καὶ
1023 1506 1107 1575 οἷς
1152 1514 1392 1583 χρῆσθαι
1448 1515 1582 1584 πρὸς
1621 1516 1786 1587 ἀλλή-

190 1595 327 1657 λους
358 1596 655 1667 εἰώθαμεν,
682 1601 876 1672 ἐκείνῳ
904 1602 969 1672 δὴ
999 1605 1095 1657 καὶ
1120 1607 1414 1675 χρηστέον.
1454 1607 1515 1661 Εἰ
1542 1608 1600 1665 δὲ
1626 1609 1785 1663 τοῦτο

195 1687 303 1756 μιν
336 1689 436 1741 οὐκ
488 1690 634 1746 ἔστιν
684 1694 889 1763 εὑρεῖν,
926 1696 986 1748 οὐ
1014 1697 1121 1768 γὰρ
1153 1696 1421 1767 ἠδύναντο
1473 1688 1787 1772 ἀνθρώποις

1967 1042 2024 1096 Si
2048 1041 2170 1112 quis
2200 1042 2362 1112 igitur
2387 1051 2468 1097 est
2498 1044 2639 1100 alius
2666 1041 2908 1099 modusa
2940 1041 3257 1100 doctoribus
3285 1043 3472 1099 Eccle-

1894 1132 1991 1192 sia-
2027 1135 2182 1192 nobis
2239 1135 2494 1200 traditus,
2553 1152 2664 1208 quo
2716 1137 3038 1193 dirimendaa
3087 1137 3200 1191 sint
3245 1144 3471 1193 contro-

1893 1226 2105 1290 versiaa,
2134 1242 2252 1297 quae
2277 1242 2371 1296 per
2427 1227 2552 1283 illos
2614 1215 2888 1290 oriuntur,
2938 1231 2993 1284 et
3045 1242 3155 1297 quo
3198 1225 3474 1298 possimus

1893 1320 2194 1375 conciliare
2234 1305 2354 1374 illos
2387 1320 2526 1374 inter
2562 1335 2641 1384 se,
2678 1320 2768 1374 ubi
2825 1320 3120 1376 dissentire
3173 1319 3429 1376 videntur
3460 1337 3474 1385 ;

1895 1412 2228 1485 posthabitis
2260 1413 2409 1468 hisee
2439 1429 2578 1482 quos
2606 1413 2879 1478 novimus,
2908 1421 2962 1466 et
2986 1413 3187 1482 quibus
3223 1414 3302 1469 uti
3334 1412 3478 1467 inter

1899 1519 1996 1561 nos
2027 1508 2291 1566 solemus,
2322 1519 2419 1572 age
2447 1504 2596 1557 illum
2626 1503 3000 1559 adhibeamus.
3047 1502 3156 1559 Sed
3211 1505 3256 1560 si
3312 1504 3473 1560 talem

1896 1598 2138 1670 reperire
2169 1598 2386 1652 modum
2423 1598 2724 1664 nonlieet;
2761 1613 2937 1668 neque
2996 1598 3142 1653 enim
3199 1606 3472 1668 poterant,

1896 1704 2022 1744 cum
2056 1702 2238 1743 sermo
2268 1687 2377 1741 illis
2406 1697 2549 1742 esset
2575 1688 2640 1742 ad
2671 1688 2920 1742 homines
2952 1697 3194 1742 nostram
3225 1697 3279 1742 ct
3342 1687 3476 1758 ipsis

190 1796 255 1833 τε
288 1780 668 1853 διαλεγόμενοι
723 1785 819 1839 καὶ
879 1789 1040 1842 αὐτοὶ
1088 1790 1186 1858 τὴν
1241 1791 1522 1861 ἡμετέραν
1564 1791 1783 1862 ἔχοντες

1904 1791 2148 1835 naturam
2189 1778 2518 1836 habentibus
2553 1800 2567 1847 ;
2595 1790 2648 1836 et
2677 1798 2770 1852 per
2787 1791 3078 1839 consuetos
3109 1784 3273 1848 hosce
3291 1782 3479 1836 conci-

193 1871 391 1947 φύσιν,
424 1869 506 1937 οἷς
541 1876 588 1928 δ’
629 1877 722 1929 ἐπὶ
752 1878 864 1930 τῶν
903 1880 1143 1951 Γραφῶν
1193 1884 1348 1937 αὐτοὶ
1398 1887 1512 1948 τοῖς
1571 1885 1789 1939 εἰωθόσι

190 1964 416 2027 τούτοις
473 1967 585 2020 τῶν
637 1969 947 2042 διαλλαγῶν
999 1975 1313 2045 ἐχρήσαντο
1369 1979 1637 2048 τρόποις,
1695 1980 1792 2034 καὶ

192 2058 336 2127 ἡμῖν
367 2058 581 2114 ἐοίκασι
610 2065 1012 2132 συμὸουλεύειν
1049 2068 1171 2140 μηδ’
1205 2068 1296 2123 ἐπ’
1331 2071 1518 2126 αὐτῶν
1546 2072 1791 2143 βελτίους

191 2150 396 2214 ἄλλους
431 2151 654 2220 ζητεῖν,
689 2156 854 2225 ἡνίκα
891 2158 958 2212 ἂν
1008 2160 1104 2230 δέῃ
1154 2164 1591 2231 συμφωνοῦντας
1627 2163 1794 2236 ἀλλή-

141 2259 145 2262 '
195 2243 312 2306 λοις
342 2245 686 2314 δείκνυσθαι,
729 2249 854 2303 οὕτε
893 2254 1290 2329 παραιτεῖσθαι
1321 2257 1405 2310 δεῖ
1434 2258 1532 2328 τὴν
1564 2259 1794 2314 ἐκείνοιν

195 2337 465 2407 εἰρήνην,
506 2333 574 2411 ἦς
615 2340 852 2413 ἢρτηται
894 2345 960 2398 τά
996 2345 1096 2414 τῆς
1150 2347 1310 2417 ἡμῶν
1344 2351 1622 2418 ὁμονοίας,
1666 2350 1792 2406 οὔτε

191 2430 460 2500 δυσχερές
513 2430 663 2487 ἐστιν
721 2433 801 2501 οῖς
860 2439 946 2507 ἐφ’
989 2440 1148 2510 ἡμῶν
1203 2442 1544 2514 ἐχρησάμεθ“
1577 2447 1644 2500 ἂν
1696 2448 1791 2516 τῆς

198 2526 460 2592 ὁμονοίας
492 2529 764 2598 σημείοις,
820 2532 910 2585 διὰ
959 2535 1171 2588 τούτων
1207 2536 1307 2605 τὴν
1342 2538 1652 2609 σύμπνοιαν
1701 2542 1793 2594 καὶ

197 2621 260 2671 τὸ
291 2625 516 2687 φρονεῖν
547 2622 754 2692 ἁδελφά
784 2626 1067 2692 κάκείνοις
1101 2628 1463 2700 ψηφίζεσθαι.
1495 2634 1633 2688 Οὔτε
1672 2638 1792 2688 κίν-

195 2713 356 2766 δυνόν
380 2732 504 2768 τινα
537 2719 819 2782 προσεῖναι
857 2719 938 2789 τῷ
985 2721 1274 2792 πράγματι
1341 2727 1628 2781 πιστεύειν
1657 2729 1794 2793 ὅλως

195 2808 376 2871 εἰκός.
409 2810 651 2877 Ἔμοιγε
677 2812 786 2883 γάρ
816 2814 1131 2870 τούναντίον
1183 2818 1389 2887 μᾶλλον
1418 2797 1586 2885 δοκεῖ,
1627 2825 1798 2894 μηδὲν

200 2903 270 2956 ἇν
297 2904 720 2976 ἀσφαλέστερον
750 2907 946 2961 τούτου
975 2911 1236 2978 γενέσθαι
1267 2916 1384 2976 τοῖς
1413 2915 1646 2979 εὐθύνας
1679 2917 1794 2988 βίου

199 3014 261 3049 τε
317 2997 415 3049 καὶ
454 2997 614 3066 δόξης
648 3000 853 3066 ὁμοίως
908 3003 1104 3056 δώσειν
1139 3004 1551 3074 ὑπειληφόσιν..
1581 3009 1640 3062 El
1689 3013 1796 3082 γὰρ

201 3090 298 3141 καὶ
328 3091 429 3159 τῆς
476 3090 735 3160 ἀληθείας
786 3093 1101 3163 ,ἐμέλλομεν
1157 3090 1354 3170 ταύτῃ
1383 3099 1793 3170 διαμαρτάνειν,

199 3187 370 3255 ἱκανὴ
403 3188 540 3256 τῳδί
571 3186 704 3240 Θεὸν
738 3189 872 3258 ἡμῖν
913 3190 979 3244 ἂν
1009 3190 1098 3256 εἴη
1155 3193 1512 3263 παραίτησις,
1556 3196 1617 3248 τὸ
1665 3195 1794 3267 βου-ο

200 3278 442 3349 ληθῆναι
502 3283 601 3351 μὲν
655 3285 884 3352 εἰρήνην
946 3284 1106 3352 ἄγειν
1181 3285 1324 3356 μετά
1384 3288 1656 3357 πολέμους
1691 3309 1809 3360 tta-5

203 3372 400 3441 κροῦς,
433 3375 529 3428 καὶ
561 3377 661 3444 τὴν
701 3375 872 3446 αὐτὴν
919 3378 1050 3445 περὶ
1102 3378 1212 3431 τῶν
1246 3381 1377 3448 πρὶν
1408 3381 1791 3453 ἀμφισϐητου-

203 3467 388 3532 μένων
413 3467 642 3537 γνώμην
676 3460 882 3536 λαϐεῖν,
927 3469 1148 3534 ἑαυτοῖς
1177 3473 1234 3526 δὲ
1267 3471 1491 3546 θαρρεῖν
1517 3475 1617 3528 οὐκ
1644 3474 1796 3544 ἔχον-

201 3574 305 3620 τας
339 3560 432 3611 ἐπὶ
467 3558 568 3622 τάς
605 3560 828 3630 Γραφάς
866 3561 1085 3614 ἀπιδεῖν
1121 3564 1374 3627 καὶτοὺς
1415 3563 1792 3631 διδασκάλους·

200 3648 550 3722 φαινομένης
580 3645 646 3703 δέ’
683 3668 831 3731 τινος
870 3651 975 3705 κάν
1023 3652 1242 3716 τούτοις
1292 3654 1592 3728 διαφορᾶς,
1642 3656 1797 3712 ἐνθυ-

205 3742 490 3811 μηθέντας
531 3744 604 3807 ὼς
660 3744 927 3799 ἀδύνατον
985 3750 1100 3811 τοῖς
1164 3748 1270 3802 ὑπὸ
1320 3748 1413 3802 τού
1481 3749 1798 3820 Πνεύματος

202 3835 600 3904 ὲνηχουμένοις
655 3837 1029 3907 ὲναντιότητός
1107 3857 1161 3892 τι
1222 3841 1319 3894 καὶ
1379 3840 1588 3912 πλάνης
1655 3844 1798 3913 tivo;

205 3928 523 3996 προσεῖναι,
558 3929 656 3983 καὶ
705 3929 1073 4002 βουληθέντας
1125 3933 1294 3988 πᾶσιν
1319 3932 1530 4003 δμοίως
1563 3936 1666 4006 τὴν
1702 3937 1802 4005 τῆς

204 4018 531 4088 ἁγιωσύνης
569 4019 730 4083 δόξαν
783 4023 1003 4090 τηρεῖν,
1035 4022 1367 4087 διαλλακτὰς
1406 4025 1612 4094 μᾶλλον
1661 4026 1693 4096 ἦ
1727 4027 1805 4081 δι-

208 4111 424 4174 καστὰς
477 4109 660 4164 αὐτῶν
692 4113 1027 4180 γεγονέναι·
1063 4115 1160 4167 καὶ
1198 4116 1437 4186 συνάψαι
1481 4116 1582 4186 μὲν
1633 4117 1801 4187 ἀλλή-

206 4203 328 4267 λοις
364 4203 612 4267 ἐκείνους
675 4204 750 4267 ὼς
801 4205 1088 4276 ἐνεχώρει,
1149 4207 1490 4277 συναφθῆναι
1540 4208 1587 4262 δ’
1615 4209 1803 4263 ἔπειτα

207 4297 310 4349 καὶ
364 4296 544 4362 αὐτοὶ,
598 4296 694 4348 καὶ
748 4296 960 4369 ταύτην
1004 4298 1080 4363 ὠς
1133 4299 1554 4372 ἀσφαλεστέραν
1589 4302 1805 4357 ἑλέσθαι

203 4388 317 4457 τῆς
368 4389 596 4458 εἰρήνης
628 4389 770 4457 όδδν,
804 4391 930 4453 ταῖς
975 4391 1177 4454 ἄλλαις
1200 4390 1416 4445 πολλῶν
1449 4410 1508 4446 τε
1540 4396 1636 4449 καὶ
1671 4412 1806 4466 προ-

1897 1873 2182 1928 liationum
2219 1872 2435 1936 modos,
2465 1873 2664 1942 quibus
2693 1872 2792 1941 ipsi
2821 1873 2903 1928 usi
2935 1882 3067 1928 sunt
3126 1873 3192 1927 ad
3251 1887 3477 1941 compo-

1896 1967 2077 2022 nenda
2111 1966 2409 2035 Scripturm
2438 1967 2576 2031 loca,
2610 1966 2770 2023 nobis
2796 1967 2847 2022 id
2881 1967 3098 2022 concilii
3129 1967 3261 2022 dare
3291 1967 3479 2022 viden.

1896 2071 2008 2123 tur,
2045 2053 2103 2115 ut
2133 2059 2313 2114 nullos
2338 2075 2649 2129 quaeramus
2680 2059 2958 2126 meliores,
2989 2076 3082 2129 per
3124 2075 3264 2129 quos
3317 2075 3480 2129 opor-

1898 2164 2029 2219 teat,
2066 2172 2188 2210 cum
2219 2169 2357 2224 Opus
2390 2154 2570 2216 fuerit,
2608 2155 2839 2225 probare
2875 2154 3118 2224 ipsorum
3142 2169 3360 2223 quoque
3383 2154 3480 2208 do-
3565 2205 3568 2208 .

1894 2261 2108 2302 ctorum
2138 2247 2612 2312 convenientiam;
2643 2245 2888 2316 profectio
2917 2261 3016 2300 nec
3045 2259 3236 2316 pacem
3261 2245 3474 2300 illorum

1896 2340 2156 2395 debemus
2200 2339 2420 2394 missaln
2458 2340 2661 2407 facere,
2691 2355 2754 2392 ex
2789 2354 2896 2410 qua
2920 2339 3332 2409 pendet‘nostra
3352 2354 3482 2393 con-

1896 2437 2078 2489 cordia
2112 2453 2126 2501 ;
2162 2451 2259 2489 nec
2285 2434 2502 2489 dillieile
2532 2443 2635 2497 est,
2675 2449 2768 2503 per
2795 2450 2915 2503 qua:
2941 2447 3040 2488 nos
3059 2433 3212 2502 signa
3234 2441 3479 2489 nostram

1898 2529 2340 2600 signiticaremns
2371 2515 2740 2594 concordiam,
2779 2543 2872 2597 per
2900 2527 3013 2582 haec
3045 2528 3234 2583 eadem
3263 2527 3478 2590 illorurt

1898 2625 2334 2679 convenientiam
2367 2614 2421 2678 et
2468 2626 2884 2678 consensionem
2945 2621 3243 2677 declarare.
3298 2620 3482 2689 Neque

1900 2719 2068 2771 ullutn
2101 2718 2326 2780 omnino
2357 2716 2458 2770 hae
2484 2717 2536 2769 in
2567 2732 2622 2769 re
2646 2715 2946 2784 periculum
2978 2715 3208 2769 subesse
3246 2730 3478 2768 censen-

1885 2791 2026 2864 idum
2053 2823 2138 2864 est
2168 2825 2184 2874 ;
2215 2808 2346 2862 mihi
2374 2809 2519 2863 enim
2549 2809 2763 2862 videtur
2801 2809 2984 2877 potius
3006 2806 3371 2869 contrarium,
3397 2808 3477 2863 ni-

1901 2903 1972 2958 hil
2005 2919 2164 2975 posse
2195 2905 2366 2959 tutius
2397 2904 2712 2975 contingere
2753 2903 3090 2963 hominibus,
3127 2903 3232 2971 qui
3255 2916 3312 2956 se
3333 2903 3478 2955 exis-

1903 2999 2096 3051 timant
2125 2996 2435 3053 reddituros
2470 2997 2734 3073 rationem
2772 2998 2891 3050 vita!
2927 2996 3126 3065 [imiter
3157 3011 3221 3048 ac
3274 2995 3488 3063 opinio.

1904 3091 2010 3147 nis.
2043 3089 2306 3156 Quamvis
2338 3091 2480 3144 enim
2513 3092 2582 3144 ita
2620 3089 2860 3144 futurum
2889 3101 3055 3152 esset,
3091 3098 3144 3142 ut
3175 3104 3203 3141 a
3258 3087 3487 3143 veritate

1897 3185 2306 3249 aberraremus,
2339 3184 2532 3238 idonea
2563 3192 2745 3238 tamen
2779 3182 2937 3237 nobis
2965 3186 3109 3238 esset
3140 3182 3283 3252 apud
3320 3181 3485 3236 Deum

1896 3277 2202 3341 excusatio,
2237 3279 2401 3348 quod.
2449 3293 2636 3346 pacem
2703 3277 2902 3331 habere
2963 3275 3301 3330 voluerimus
3367 3286 3487 3344 post
3544 3299 3549 3303 ι

1899 3361 2058 3441 longa
2093 3368 2344 3433 dissidia,
2368 3356 2737 3439 depositisque
2762 3367 3161 3423 controversiis
3204 3371 3259 3421 in
3321 3381 3484 3420 unam

1898 3476 2092 3518 omnes
2124 3463 2203 3518 ire
2241 3467 2568 3518 sententiam
2607 3480 2622 3518 :
2654 3479 2776 3517 cum
2812 3478 2939 3515 vero
3008 3460 3164 3515 nobis
3227 3459 3329 3530 ipsi
3378 3475 3488 3514 non

1898 3556 2321 3620 conlideremus,
2347 3555 2415 3610 ad
2449 3554 2757 3624 Scripturas
2789 3555 3193 3609 :tccurrerimus
3222 3562 3276 3608 et
3296 3553 3488 3611 docto-

1900 3663 1988 3703 res
2021 3657 2360 3718 :apparente
2395 3663 2522 3702 vero
2556 3647 2611 3701 in
2655 3647 2721 3702 iis
2752 3647 2914 3700 etiam
2948 3645 3317 3716 discrepantia
3350 3661 3490 3715 qua-

1900 3739 2050 3802 dam.
2083 3738 2618 3795 consideraverimus
2646 3739 2854 3792 nullum
2877 3751 2997 3792 esse
3015 3752 3176 3806 posse
3202 3736 3488 3805 vestigium

1901 3850 2095 3904 pugnae
2124 3845 2178 3889 et
2210 3831 2419 3888 erroris
2460 3833 2512 3887 in
2547 3833 2660 3887 illis
2693 3833 2788 3902 qui
2835 3843 2965 3888 sunt
3015 3831 3254 3902 Spiritus
3306 3830 3487 3886 aﬂlatu

1903 3927 2132 3983 edocti:
2170 3925 2525 3996 volentesque
2593 3926 2851 3981 omnibus
2921 3941 3075 3996 aeque
3163 3941 3490 3981 conservare

1905 4020 2217 4090 opinionem
2247 4017 2578 4083 sanctitatis,
2640 4017 3021 4071 conciliatores
3074 4017 3254 4084 potius
3316 4030 3478 4085 quam

1901 4109 2116 4180 judices
2144 4110 2386 4179 ipsorum
2418 4108 2724 4164 sederimus
2760 4124 2774 4161 :
2805 4115 2858 4162 et
2889 4108 2962 4161 illi
2999 4107 3216 4176 quidem
3254 4123 3283 4160 a
3322 4107 3479 4162 nobis

1906 4199 2085 4271 quoad
2103 4201 2223 4270 ejus
2245 4200 2358 4255 ﬁeri
2382 4200 2556 4270 potuit
2594 4199 2646 4252 in
2674 4216 2834 4253 unam
2869 4199 3076 4255 reducti
3110 4184 3482 4265 concordiam,

1907 4303 2098 4365 postea
2132 4309 2260 4348 vero
2286 4300 2339 4347 et
2369 4308 2466 4348 nos
2496 4292 2634 4346 uniti
2669 4292 2956 4357 fuerimus,
2990 4293 3306 4362 delectaque
3335 4307 3364 4344 a
3388 4307 3484 4344 no-

1913 4370 1996 4442 bis
2028 4388 2142 4442 tuaac
2174 4387 2321 4456 pacis
2353 4386 2438 4439 via
2467 4386 2546 4440 ttti
2573 4385 2760 4452 tutior,
2811 4385 2935 4440 aliis
2978 4384 3147 4438 multa
3197 4391 3252 4438 et
3314 4383 3488 4437 mani-

119 4521 122 4523 .
209 4480 407 4550 φανῶν
458 4481 727 4536 κινδύνων
783 4481 1242 4554 συνεζευγμένων
1293 4484 1508 4550 τούτοις
1564 4490 1797 4560 ἡγοῦμαι

1912 4483 2051 4537 festa
2090 4480 2418 4535 habentibus
2467 4478 2759 4548 conjuncta
2815 4477 3077 4549 pericula.
3121 4476 3268 4550 llaec
3330 4477 3490 4544 plane

207 4575 313 4630 καὶ
362 4576 507 4630 πάνυ
538 4576 631 4629 τὸν
666 4563 1060 4649 φιλάνθρωπον
1108 4578 1612 4651 δυσωπηθήσεσθαι
1652 4582 1806 4636 δικα-

209 4668 375 4737 στὴν,
408 4670 506 4722 καὶ
555 4671 897 4740 συγγνώμης
955 4671 1217 4736 ἀξιώσειν
1271 4672 1480 4740 πολλῆς
1525 4675 1653 4737 τοὺς
1688 4676 1808 4728 ἐπι-

207 4763 580 4833 θυμήσαντας
619 4764 718 4832 μὲν
761 4763 872 4817 τῶν
928 4764 1211 4834 μεγίστων
1238 4804 1253 4830 ,
1297 4763 1591 4835 ἑλομένους
1642 4766 1699 4819 δέ
1753 4785 1807 4820 τι

209 4857 314 4911 καὶ
349 4856 846 4927 παρακινδυνεύειν
882 4857 1025 4928 ὑπὲρ
1059 4857 1266 4923 αὐτῶν,
1297 4858 1411 4912 τῶν
1447 4859 1502 4912 δὲ
1540 4859 1807 4912 κινδύνοιν

210 4951 541 5016 συνιδόντας
570 4968 628 5005 τε
666 4952 761 5004 καὶ
793 4951 1125 5022 στέρξαντας
1173 4953 1266 5004 τὸν
1313 4953 1673 5023 κουφότερον.
1710 4947 1806 5016 Οἷς

208 5043 326 5116 γὰρ
377 5043 598 5096 ἅπαντα
663 5041 917 5111 θεμένοις
973 5041 1158 5105 καλῶς
1211 5043 1312 5096 οὐκ
1369 5029 1651 5112 ἐξεγένετο
1705 5046 1806 5113 τῆς

209 5136 572 5206 ποθουμένης
611 5135 874 5206 ἀληθείας
919 5137 1107 5205 τυχεῖν
1139 5179 1153 5201 ,
1188 5137 1398 5190 τούτων
1449 5137 1509 5188 οὐ
1568 5138 1807 5208 πονηρίᾳ

207 5227 470 5302 γνώμης,
502 5226 645 5281 ἀλλά
679 5229 746 5296 τῇ
777 5227 1072 5299 δυσχερείᾳ
1119 5229 1219 5300 τῆς
1267 5228 1535 5299 ἀληθείας
1575 5229 1807 5299 ἐπιγρά-

134 5375 140 5380 _
210 5321 423 5388 φεσθαι
453 5319 622 5372 δεῖτὸ
654 5318 938 5390 ἀτύχημα.
978 5321 1101 5379 Ὀτι
1134 5321 1235 5391 μὲν
1264 5322 1446 5374 τοίνυν
1473 5323 1598 5385 τοὺς
1635 5322 1710 5393 μὴ
1740 5322 1810 5376 τά

209 5409 359 5463 αύτά
406 5411 521 5472 τοῖς
579 5410 800 5465 πλείοσι
853 5412 1168 5480 φάσκοντας
1221 5412 1532 5482 θεολόγους,
1584 5415 1683 5484 ούχ
1733 5415 1809 5477 ὡς

209 5502 456 5566 ὲκείνοις
511 5502 897 5571 ἀντιλέγοντας
930 5546 946 5571 ,
986 5503 1102 5557 ἀλλ’
1134 5504 1209 5569 ὡς
1271 5504 1400 5558 ἄλλο
1457 5523 1510 5558 τι
1550 5504 1811 5574 βουλομέ-

212 5610 347 5660 νους
379 5594 490 5649 τῶν
544 5595 862 5663 ἀναγκαίων
905 5598 1398 5669 ἐπισημαίνεσθαι,
1458 5599 1588 5667 περὶ
1641 5597 1686 5652 δ’
1735 5593 1810 5652 ὧν

213 5685 382 5740 εἶπον
437 5688 643 5740 ἐκεῖνοι
703 5690 803 5757 τὴν
870 5691 994 5760 ἴσην
1054 5691 1281 5760 ἔχοντας
1319 5690 1572 5759 γνώμην,
1611 5691 1810 5762 πρέπει

213 5782 390 5848 νοεῖν,
449 5781 512 5833 ὲκ
568 5779 781 5836 πολλῶν
835 5783 1011 5839 ἄλλων
1052 5784 1254 5853 ὁμοίων
1291 5783 1619 5853 συνάγεσθαι
1650 5784 1811 5837 δυνα-

1911 4576 2149 4631 arbitror
2207 4571 2698 4628 clementissimum
2754 4571 2992 4642 judicent
3055 4573 3195 4637 aequi
3252 4570 3490 4638 bonique

1914 4669 2210 4731 facturum,
2248 4665 2570 4734 veniamque
2601 4665 2816 4718 abunde
2848 4666 3098 4718 daturam
3155 4660 3488 4722 hominibus;

1911 4760 2004 4830 qui
2043 4775 2225 4813 rerum
2261 4757 2484 4828 quidem
2515 4758 2876 4810 maximarum
2909 4755 3088 4810 all‘ecti
3120 4753 3322 4808 iuerint
3346 4753 3492 4806 desi-

1910 4851 2083 4915 derio,
2112 4859 2320 4920 proque
2356 4848 2466 4903 illis
2493 4848 2711 4916 aliquod
2737 4847 2898 4901 etiam
2933 4846 3238 4917 periculum
3303 4843 3492 4922 subire

1912 4943 2224 4996 voluerint:
2258 4957 2321 4993 ex
2378 4939 2649 5010 periculis
2695 4946 2874 4993 autem
2933 4936 3290 5005 cognoverint
3343 4934 3494 4988 adie-

1911 5036 2130 5106 rintq’ne
2167 5034 2526 5089 levissimum.
2563 5032 2773 5100 Quibus
2804 5030 2970 5094 enim,
3015 5031 3105 5084 ubi
3134 5030 3317 5084 omnia
3351 5037 3496 5083 recte

1911 5140 2074 5199 atque
2112 5129 2302 5184 ordine
2325 5127 2740 5197 disposuissent,
2788 5140 2894 5179 non
2945 5123 3208 5178 successit
3232 5131 3496 5191 exoptatze

1913 5221 2159 5275 veritatis
2209 5220 2498 5284 assecutio,
2537 5217 2678 5273 haud
2716 5232 2897 5286 prava:
2944 5216 3164 5271 illorum
3221 5215 3491 5269 voluntati

1911 5312 2071 5366 debet
2098 5310 2294 5365 ascribi
2317 5311 2494 5365 exitus
2525 5307 2734 5369 infelix.
2761 5309 2851 5364 sed
2881 5309 3063 5362 ardua:
3121 5306 3361 5362 veritatis
3411 5305 3492 5358 itt-

1913 5405 2212 5475 dagationi.
2241 5404 2394 5472 Quod
2421 5403 2588 5474 igitur
2622 5403 3031 5470 intelligendum
3065 5401 3154 5465 sit,
3207 5395 3491 5470 theologos

1914 5497 2007 5566 qui
2040 5511 2146 5550 non
2179 5495 2511 5551 conveniunt
2538 5509 2660 5549 cum
2693 5494 2964 5563 pluribus,
2996 5505 3338 5560 nequaquam
3384 5491 3494 5547 illis

1915 5590 2218 5656 adversari,
2271 5589 2366 5642 sed
2427 5587 2564 5642 velle
2622 5586 2879 5655 quiddam
2951 5584 3094 5639 aliud
3123 5587 3490 5641 necessarium

1918 5685 2461 5755 signiticare,cadetn
2493 5699 2622 5738 vero
2664 5681 2868 5737 Settlire
2915 5693 3034 5748 quae
3091 5676 3162 5732 illi
3209 5678 3275 5732 de
3331 5679 3492 5734 rt‘blls

1921 5796 2013 5851 per
2037 5795 2128 5836 eos
2159 5779 2470 5849 explica‘is,
2509 5774 2689 5845 colligi
2711 5762 2884 5846 potest
2910 5787 2974 5827 ex
2998 5771 3182 5829 multis
3200 5773 3318 5829 aliis
3343 5773 3495 5828 simi-
