3966 6328
657 219 736 283 79
805 237 817 245 ·

1633 275 1639 281 .
1721 182 2113 288 omnem
2155 228 2268 287 cr.
2320 227 2838 290 manner”:

3785 229 3875 295 480

623 340 804 395 gasse,
844 340 1083 397 quorum
1119 331 1391 402 praecipue
1417 332 1504 387 illa
1536 348 1674 404 opus
1706 336 2002 388 exstiterit.
2025 331 2212 403 Neque

2340 337 2472 403 υμῶν
2529 337 2631 406 τὴν
2678 339 2906 409 εἰρήνην
2957 338 3359 401 ἀναϐαλέσθαι,
3417 331 3493 393 ὧν
3553 337 3769 410 μάλιστ’
3821 345 3873 397 ἂν

624 420 770 474 enim
806 431 1021 480 vestras
1054 424 1120 478 de
1155 440 1285 496 pace
1343 421 1698 494 cogitationes
1755 427 1910 482 tollet
1961 426 2206 483 certandi

624 511 894 577 studium,
927 531 1106 584 neque
1147 516 1818 586 apparensjiscrepantia
1857 533 1954 571 vos
2021 518 2208 572 turba-

626 602 726 665 bit,
762 613 818 657 ut
847 621 1036 659 earum
1100 622 1219 674 qua:
1249 606 1508 674 utrinque
1563 619 1693 671 sunt
1725 601 2040 679 suspirione
2071 606 2209 662 dim-

631 696 897 750 cultatum
934 707 986 753 et
1020 698 1413 766 periculorum,
1451 702 1804 755 temerarium
1831 718 1954 759 esse
2007 702 2073 756 de
2127 702 2210 759 his

628 789 832 857 aliquid
868 790 1218 857 pronuntiare
1250 791 1598 848 existimetis.
1628 795 1808 860 Quare
1840 811 1903 848 ex
1947 795 2048 850 hoc
2077 803 2211 849 tem—

630 883 781 952 poris
821 881 1083 936 beneﬂcio
1113 881 1173 936 fit
1200 885 1374 950 vobis,
1405 896 1463 940 ut
1492 887 1790 957 perfectum
1841 888 2210 958 judicantium

634 975 927 1044 obtineatis
951 986 1176 1040 statum,
1217 994 1342 1032 cum
1382 981 1601 1035 labores
1623 982 1712 1035 alii
1751 982 1998 1038 studiose
2022 999 2209 1039 susce-

627 1067 828 1136 perint,
865 1079 918 1123 et
951 1080 1186 1125 vestram
1220 1075 1423 1140 solani,
1456 1082 1514 1127 ut
1555 1075 1627 1128 ita
1661 1074 1862 1139 dicam,
1896 1087 2215 1146 exspectent

629 1160 982 1226 sententiam,
1011 1175 1172 1230 quam
1210 1163 1352 1219 ferre
1388 1166 1540 1220 vobis
1564 1180 1671 1219 non
1733 1167 1836 1220 erit
1871 1168 2025 1221 valde
2063 1168 2213 1222 labo-

630 1251 1124 1324 riosum.0portet
1172 1257 1341 1324 igitur
1400 1273 1493 1314 vos
1553 1258 1773 1327 quidem
1842 1261 2128 1317 continere
2186 1276 2213 1315 ο

630 1345 846 1415 probris
877 1357 931 1402 et
960 1351 1328 1417 contumeliis,
1362 1360 1414 1405 et
1445 1352 1784 1421 argumentis
1843 1353 1908 1406 ad
1974 1354 2215 1410 absurda

629 1439 1048 1503 deducentibus,
1083 1454 1137 1497 et
1195 1444 1405 1497 caeteris
1454 1444 1731 1510 omnibus,
1785 1461 1905 1514 quae
1958 1446 2217 1503 diuturna

632 1533 755 1587 tulit
780 1534 1078 1600 discordia,
1113 1537 1320 1608 primos
1349 1548 1529 1591 autem
1569 1554 1754 1593 eorum
1784 1539 2102 1594 inventuros
2131 1556 2218 1595 ar-

634 1643 820 1699 guere,
857 1629 967 1684 imo
1001 1645 1129 1685 vero
1166 1631 1400 1701 benigne
1433 1632 1539 1686 illis
1583 1632 1794 1686 veniam
1827 1633 1985 1698 dare,
2012 1645 2063 1688 et
2100 1633 2218 1688 solo

637 1725 902 1792 temporis
933 1725 1006 1778 uti
1045 1725 1329 1790 beneﬁcio,
1360 1735 1414 1780 et
1442 1730 1664 1796 pippter
1725 1727 1826 1781 hoc
1893 1744 2058 1780 unum
2115 1726 2220 1781 illis

637 1816 951 1870 hominibus
995 1833 1154 1886 agere
1189 1821 1417 1886 gratias,
1444 1818 1760 1886 quicunque
1787 1818 1928 1889 apud
1963 1833 2221 1888 utrosque

637 1909 876 1964 laborem
905 1910 1050 1963 hunc
1080 1910 1392 1975 subierunt,
1420 1925 1517 1965 nec
1547 1911 1669 1981 plus
1703 1912 1811 1966 illis
1863 1912 2105 1980 tribuere
2127 1928 2222 1968 au-

635 2003 932 2069 ctoritatis,
965 2017 1126 2072 quam
1160 2005 1417 2072 congruit
1441 2004 1783 2074 litigantibus
1819 2023 1832 2060 :
1869 2021 2046 2074 neque
2073 2006 2219 2062 enim

639 2096 882 2152 veritatis
916 2096 1108 2152 arbitri
1144 2098 1436 2168 etjudices
1479 2098 1633 2152 fuere
1659 2098 1736 2153 illi
1787 2099 2070 2152 hominum
2126 2115 2221 2167 ge-

641 2192 776 2254 neri,
811 2191 1019 2246 utestis
1047 2207 1168 2258 vos,
1206 2201 1428 2262 propter
1458 2193 1601 2262 quod
1632 2193 1701 2247 sit
1731 2193 1838 2248 illis
1901 2192 2224 2248 tribuendus

639 2283 816 2339 honor
841 2284 1135 2347 maximus.
1168 2293 1220 2338 et
1251 2296 1366 2339 rata
1401 2286 1649 2340 habenda
1686 2301 1806 2355 qua:
1857 2286 2046 2341 dicunt
2079 2304 2092 2342 :
2129 2287 2223 2341 sed

637 2391 792 2431 suam
829 2376 1061 2446 quisque
1086 2387 1289 2447 partem
1324 2386 1531 2433 tutatus
1591 2389 1698 2442 est,
1757 2390 1811 2433 et
1855 2395 1952 2448 pro
2016 2379 2225 2434 viribus

639 2470 787 2524 illam
827 2469 1087 2536 defendit,
1129 2486 1291 2540 quam
1334 2470 1474 2525 bene
1521 2486 1650 2524 vero
1698 2471 1919 2535 dixerit,
1974 2471 2228 2539 judican-

641 2563 771 2617 dum
809 2562 1150 2632 reliquerunt
1179 2563 1510 2618 sententiam
1541 2563 1606 2617 de
1634 2563 1798 2618 rebus
1832 2563 1981 2618 hisce
2008 2564 2223 2620 laturis.

641 2655 708 2710 Et
745 2671 843 2725 pro
875 2655 940 2710 iis
969 2656 1211 2726 quidem,
1246 2672 1367 2727 qua:
1400 2658 1536 2711 bene
1567 2666 1696 2711 sunt
1731 2658 1798 2711 ab
1825 2657 1934 2712 illis
1965 2658 2130 2720 dicta.
2174 2668 2228 2713 et

639 2761 760 2816 quae
789 2747 945 2803 vobis
983 2748 1417 2802 commodiorem
1451 2748 1594 2801 viam
1618 2746 1819 2802 farient
1849 2748 1916 2802 ad
1955 2749 2252 2825 reperien;

639 2840 762 2894 dam
790 2840 1096 2904 veritatem,
1127 2848 1182 2894 et
1218 2839 1479 2895 habenda:
1536 2840 1641 2894 illis
1710 2842 1921 2910 gratiae.
1970 2850 2024 2897 et
2086 2841 2226 2896 dicta

641 2931 732 2984 illa
766 2929 1099 2985 conﬁdenter
1125 2931 1441 3001 usurpanda
1477 2950 1491 2986 :
1520 2949 1639 3001 qu.e
1673 2949 1801 2986 vero
1840 2933 2046 2998 prolata
2100 2941 2228 2989 sunt

2314 427 2478 496 ἔργον
2512 428 2651 499 αὕτη
2695 430 2928 498 γένοιτο.
2963 428 3099 484 Οὔτε
3145 431 3253 500 γάρ
3301 434 3332 503 ἡ
3380 431 3490 486 τῶν
3538 431 3767 495 ἀγώνων
3805 451 3876 502 φι·
3964 467 3966 552 ι

2314 518 2528 552 Ἄρη-...1-
2573 522 2700 552 ηιξ...
2729 523 3039 552 ..μ-...αλια
3251 523 3554 552 a-...-..-:.-
3594 523 3852 552 1..--\-2--.

2311 518 2534 588 λοτιμία
2573 522 2700 584 τοὺς
2728 523 3039 593 εἰρηνικοὺς
3066 524 3219 593 ὑμῶν
3251 523 3554 594 λογισμοὺς
3590 523 3872 592 ἀφελεῖται,
3964 518 3966 572 ἓ

2311 610 2426 664 οὗθ’
2476 611 2583 667 ὑπὸ
2624 614 2724 684 τῆς
2772 616 3109 687 φαινομένης
3158 617 3426 687 διαφορᾶς
3475 618 3872 689 ταραττόμενοι,
3964 629 3966 648 ¹

2313 707 2409 760 καὶ
2455 706 2554 770 τὰς
2595 707 2937 780 ἑκατέρωθεν
2983 713 3382 778 ὑποπτεύοντες
3431 714 3772 786 δυσχερείας
3799 717 3876 767 καὶ

2313 801 2439 864 τοὺς
2493 803 2800 870 κινδύνους,
2832 806 3109 874 προπετές
3148 825 3201 861 τι
3241 808 3372 878 περὶ
3417 808 3624 862 τοὺτων
3664 808 3877 875 ἀποφαί·
3964 831 3966 866 |

2314 894 2504 948 νεσθαι
2541 901 2807 966 νομιεῖτε.
2836 898 2987 952 ”Ωστ’
3021 899 3083 954 ἐκ
3115 919 3178 970 γε
3207 902 3315 954 τῶν
3357 903 3625 957 τοιοὺτων
3661 903 3766 957 ἀπὸ
3796 900 3876 954 τοῦ

2312 987 2506 1058 χρόνου
2565 988 2931 1062 βοηθημάτων
2988 993 3048 1047 τό
3084 1010 3142 1045 τε
3198 993 3305 1048 τῶν
3341 993 3674 1058 δικαζόντων
3705 996 3879 1063 ἀκραι-
3964 969 3966 990 Ι

2316 1078 2464 1149 φνῶς
2505 1079 2637 1151 ὑμῖν
2678 1083 3024 1152 περιγίνεται
3072 1085 3280 1156 σχῆμα,
3314 1085 3490 1139 ἄλλων
3533 1088 3649 1149 ταῖς
3692 1085 3879 1154 ἀγῶάιν

2316 1173 2947 1246 ἐμφιλοτιμησαμένων,
3016 1177 3111 1232 καὶ
3164 1178 3352 1248 μόνην,
3416 1179 3491 1243 ὡς
3542 1181 3739 1244 εἰπεῖν,
3797 1181 3881 1249 τὴν
3964 1173 3966 1206 ¹

2318 1269 2590 1338 ὑμετέραν
2613 1269 2794 1340 ψῆφον
2840 1271 3247 1340 ἀναμενόντων,
3283 1273 3377 1324 καὶ
3419 1272 3480 1326 τὸ
3505 1272 3733 1343 γνώμην
3767 1273 3882 1325 ἀπο-

2318 1363 2608 1430 φαίνεσθαι
2642 1365 2807 1418 πόνον
2843 1364 2974 1431 ὑμῖν
3003 1364 3062 1418 οὑ
3110 1364 3285 1434 μέγαν
3316 1357 3569 1436 παρέξει.
3605 1367 3697 1418 Δεῖ
3724 1367 3883 1418 τοίνυν

2319 1455 2532 1525 ὕϐρεων
2588 1456 2682 1510 καὶ
2735 1455 3020 1527 λοιδοριῶν
3072 1459 3166 1510 καὶ
3223 1459 3332 1511 τῶν
3393 1459 3472 1522 είς
3531 1458 3709 1513 ἄτοπα
3762 1462 3886 1512 ἀπα-

2319 1549 2537 1618 γωγῶν,
2571 1550 2664 1604 καὶ
2709 1543 2784 1605 ὧν
2835 1551 2866 1621 ή
2917 1549 3110 1620 μακρά
3154 1549 3434 1615 διάστασις
3466 1551 3738 1622 πεποίηκε
3768 1551 3888 1604 πάν-

2321 1659 2450 1704 των,
2488 1641 2683 1705 αὑτοῦς
2746 1660 2805 1697 τε
2877 1644 3313 1714 ἀποσχομένους,
3359 1644 3455 1698 καὶ
3518 1647 3632 1708 τοῖς
3684 1643 3887 1714 εὑροῦσι

2327 1735 2563 1805 πρώτοις
2612 1737 3070 1806 ὲπιτιμήσαντας,
3132 1736 3333 1805 μᾶλλον
3382 1735 3438 1790 δὲ
3495 1737 3888 1804 συνεγνωκότας

2325 1830 2428 1883 ὑπὸ
2464 1828 2902 1899 φιλανθρωπίας,
2932 1829 3078 1900 μόνῳ
3105 1828 3182 1898 τῷ
3217 1829 3496 1899 «rapit-06
3531 1828 3726 1898 χρόνου
3767 1829 3889 1900 χρήο

2326 1924 2523 1978 σασθαι
2579 1923 2916 1994 βοηθήματι,
2949 1923 3041 1977 καὶ
3093 1923 3235 1993 ὑπὲρ
3286 1923 3478 1977 τοῦτου
3535 1924 3699 1994 μόνου
3747 1923 3891 1994 χάριν

2325 2020 2524 2073 εἰδέναι
2553 2017 2964 2088 τοῖςάνδράσιν
2998 2015 3250 2084 ἐκείνοις,
3282 2017 3400 2070 ὅσοι
3436 2015 3568 2086 παρ’
3620 2015 3892 2084 ἑκατέροις

2324 2110 2417 2163 τὸν
2455 2111 2639 2178 ἀγῶνα
2670 2109 2861 2162 τοῦτον
2889 2109 3204 2179 ὑπέστησαν
3226 2127 3238 2141 ·
3275 2108 3413 2178 μηδὲ
3449 2108 3610 2161 πλέον
3635 2126 3686 2160 τι
3721 2109 3894 2176 νέμειν

2326 2203 2511 2264 αὐτοῖς
2557 2199 2956 2272 ἀξιώματος,ἦ
3019 2201 3143 2254 ὅσον
3200 2199 3582 2269 δικαζομένοις
3629 2199 3894 2270 ἁρμόττει.

2327 2298 2402 2351 Οὑ
2431 2295 2539 2363 γὰρ
2566 2295 2662 2362 τῆς
2691 2292 2951 2364 ἀληθείας
2983 2292 3273 2357 ἐξετασταὶ
3304 2294 3398 2345 καὶ
3427 2294 3615 2362 κριταὶ
3641 2293 3718 2358 τῷ
3747 2293 3895 2360 κοινῷ

2329 2386 2437 2440 τῶν
2483 2386 2791 2457 ἀνθρώπων
2842 2384 3117 2455 ὑπῆρξαν,
3171 2383 3328 2439 τοῦτο
3381 2385 3445 2455 δὴ
3503 2386 3562 2439 τὸ
3624 2386 3895 2455 ὑμέτερον,

2331 2478 2471 2532 ὥστε
2515 2451 2628 2530 ’κεὶι
2705 2477 2817 2529 δεῖν
2869 2451 3055 2539 αὐτοῖς
3117 2475 3219 2546 τὴν
3283 2451 3555 2545 μεγίστην
3603 2451 3898 2530 ἀποδιδόναι

2331 2572 2515 2640 τιμὴν,
2555 2571 2650 2623 καὶ
2707 2567 2971 2638 νομίζειν,
2999 2567 3035 2622 ὅ.
3089 2585 3224 2636 φασι
3273 2565 3477 2636 κὺριαο
3513 2567 3651 2622 ἀλλὰ
3697 2568 3792 2637 τῆς
3833 2570 3900 2620 ol-

2329 2665 2483 2726 κεὶας
2536 2662 2758 2716 ἕκαστοι
2815 2661 3174 2732 προῦστησαν
3225 2660 3442 2732 μοίρας,
3487 2663 3580 2713 καὶ
3611 2661 3789 2731 ταῦτῃ
3825 2661 3902 2712 τὸν

2329 2756 2556 2810 δυνατὸν
2609 2753 3058 2826 συνηγωνίσαντο
3111 2753 3352 2824 τρόπον,
3409 2756 3520 2816 τοῖς
3569 2755 3638 2807 τά
3690 2751 3903 2808 τοιαῦτα

2330 2851 2617 2904 δικάσουσι
2650 2847 2748 2919 τὴν
2786 2847 2926 2917 ὑπὲρ
2958 2840 3032 2900 ὧν
3072 2841 3227 2900 εἷπον
3267 2845 3448 2915 ψῆφον
3490 2846 3900 2906 καταλιπόντες.

2332 2943 2452 2998 Τῶν
2494 2943 2593 3013 μὶν
2633 2942 2696 3012 δὴ
2747 2940 2929 3004 καλῶς
2982 2928 3317 3010 εἰρημένων,
3349 2938 3445 2992 καὶ
3494 2938 3593 2992 ὅσα
3652 2937 3793 3007 πρὸς
3821 2937 3904 3005 τὴν

641 3023 1015 3079 contentionis
1053 3025 1257 3089 studio,
1285 3037 1338 3080 et
1362 3029 1650 3094 praestabat
1683 3027 1899 3081 silentio
1937 3026 2225 3094 praeteriri,

2340 3036 2437 3106 τῆς
2496 3034 2754 3106 ἀληθείας
2819 3032 3037 3104 εὕρεσιν
3111 3032 3241 3102 ὑμῖν
3309 3030 3499 3100 μέλλει
3571 3030 3905 3090 λυσιτελεῖν,

643 3132 706 3172 ea
741 3115 959 3188 penitus
1004 3117 1322 3187 rejicienda.
1357 3119 1496 3184 Quin
1542 3121 1654 3174 into
1687 3120 1902 3175 illorum
1935 3120 2223 3174 hominum
2255 3145 2258 3148 λ

644 3209 846 3279 scripta
876 3224 1282 3279 supervacuum
1317 3227 1542 3282 prorsus
1574 3213 1814 3268 arbitror
1849 3214 1951 3286 legi
1987 3231 2016 3268 a
2052 3215 2225 3278 vobis,

643 3301 843 3372 quippe
879 3318 1002 3372 quae
1030 3303 1097 3357 ad
1129 3319 1372 3375 praesens
1405 3306 1682 3377 negotium
1736 3306 1937 3361 nullam
2001 3317 2234 3376 possunt

643 3395 844 3451 aﬂ'erre
875 3395 1166 3453 utilitatem
1202 3409 1216 3450 :
1255 3412 1434 3467 neque
1464 3399 1608 3453 enim
1647 3399 1794 3468 pacis
1825 3402 2046 3454 modum
2079 3399 2232 3455 vobis

643 3490 964 3556 ostendunt,
999 3497 1093 3545 aut
1122 3490 1397 3560 quomodo
1439 3492 1676 3546 maxime
1715 3493 1999 3563 uti-iusque
2025 3494 2232 3548 condu-

643 3593 754 3646 cat,
785 3584 880 3638 sed
914 3584 996 3639 vel
1033 3585 1258 3638 omnino
1285 3594 1499 3655 partem
1564 3589 1704 3641 hanc
1766 3587 2092 3651 omiserunt,
2148 3590 2231 3641 vel

647 3676 961 3734 difﬁcillima
992 3678 1288 3749 postulant,
1314 3679 1380 3732 de
1415 3679 1508 3734 illo
1566 3689 1774 3734 tantum
1835 3695 2231 3750 usquequaque

648 3753 892 3838 solliciti,
923 3772 1201 3841 quomodo
1229 3772 1515 3827 victoriam
1554 3774 1624 3827 ab
1652 3774 1822 3827 altera
1857 3785 2008 3841 parte
2038 3789 2230 3841 repor-

650 3870 761 3918 teut
800 3880 812 3916 :
845 3873 898 3917 at
928 3864 1082 3918 vobis
1114 3865 1453 3934 propositum
1511 3873 1594 3920 est
1655 3878 1847 3936 pacem
1899 3880 2144 3936 qurerere
2178 3874 2230 3920 et

648 3956 1014 4027 cognitionem
1048 3957 1317 4013 veritatis.

2341 3131 2514 3183 ίστέον
2555 3145 2612 3181 τε
2660 3128 2820 3199 χάριν
2854 3126 3039 3188 αὐτοῖς
3081 3125 3176 3178 καὶ
3211 3121 3559 3195 θαρρούντως
3589 3122 3744 3190 σφίσι
3779 3138 3905 3192 χρη.

2340 3219 2530 3273 στέον·
2569 3220 2654 3289 ἐφ’
2691 3217 2724 3273 ἃ
2757 3218 2802 3272 δ’
2841 3217 2945 3271 ὑπὸ
2981 3215 3317 3286 φιλονεικίας
3351 3213 3736 3286 προήχθησαν,
3769 3212 3857 3266 καὶ
3882 3213 3908 3265 ἃ

2340 3311 2597 3380 σιγᾶσθαι
2633 3312 2840 3380 ξέέλτιον
2866 3305 2955 3380 ἦν,
2990 3310 3197 3362 τούτων
3231 3306 3488 3370 καθάπαξ
3535 3306 3905 3360 ἀποστατέονο

2342 3404 2544 3476 μᾶλλον
2600 3403 2657 3457 δὲ
2713 3401 2807 3456 καὶ
2859 3399 3210 3456 παντάπασιν
3239 3394 3396 3468 οἶμαι
3445 3397 3511 3451 τά
3551 3396 3662 3452 τῶν
3709 3396 3909 3468 ἀνδρῶν

2338 3497 2562 3552 ἐκείνων
2617 3494 2887 3565 παρέλκον
2944 3489 3086 3546 εἶναι
3140 3491 3550 3563 μεταχειρίζειν
3607 3490 3780 3559 ἡμᾶς,
3822 3489 3907 3542 άτε

2340 3589 2509 3660 μηδὲν
2551 3590 2687 3660 πρὶς
2715 3588 2813 3655 τὴν
2872 3584 3154 3657 παροῦσαν
3205 3583 3397 3654 σκέψιν
3451 3583 3512 3649 ἐξ
3553 3584 3734 3637 αὐτῶν
3780 3583 3910 3649 ὠφε-

2335 3682 2694 3752 λησομὲνους.
2766 3679 2900 3734 Οὐδὲ
2951 3678 3061 3749 γὰρ
3121 3679 3213 3731 τὸν
3280 3677 3378 3746 τῆς
3437 3678 3661 3747 εἰρήνης
3721 3677 3911 3747 τρόπον

2336 3776 2464 3846 ὑμῖν
2509 3770 2927 3844 ὑφηγοῦνται,ή
2969 3771 3043 3833 ὡς
3086 3770 3151 3824 ἂν
3197 3771 3399 3839 ἀμφοῖν
3445 3771 3773 3836 συνενέγκαι
3820 3768 3911 3838 μά-

2335 3867 2529 3921 λιστα·
2565 3865 2681 3919 ἀλλ’
2733 3863 2765 3935 ἢ
2817 3865 3078 3932 παρῆκαν
3121 3863 3300 3932 πάντη
3346 3859 3504 3914 τοῦτο
3549 3860 3611 3911 τὸ
3667 3858 3910 3929 μέρος,ῆ

2339 3957 2408 4010 τά
2461 3957 2826 4028 χαλεπώτατα
2880 3952 3149 4020 ἀξιοῦσιν,
3205 3953 3356 4016 ὅπως
3418 3950 3770 4023 περιίσονται
3816 3949 3913 4002 τῶν

650 4036 880 4122 ἑτέρωνί
915 4051 1258 4123 πανταχόθεν
1296 4052 1456 4123 μόνον
1502 4051 1925 4124 φροντίζοντεςο
1974 4052 2135 4122 ὑμεῖς
2176 4051 2233 4106 δὲ
2272 4051 2372 4122 τὴν
2408 4052 2634 4122 εἰρήνην
2666 4051 2763 4106 καὶ
2795 4048 2894 4120 τὴν
2926 4048 3023 4118 τῆς
3055 4046 3315 4119 ἀληθείας
3377 4045 3582 4117 γνῶσιν
3646 4041 3916 4116 προῦργου

652 4151 888 4226 ζητεῖτε.

728 4337 1001 4403 Quoniam
1039 4337 1202 4409 igitur
1261 4335 1339 4390 rei
1381 4342 1656 4398 naturam,
1687 4332 1753 4388 de
1787 4348 1893 4403 qua
1949 4333 2236 4400 quaeritur,

2432 4325 2587 4380 Ἐπεὶ
2617 4323 2796 4376 τοίνυν
2826 4319 2924 4388 τὴν
2947 4317 3040 4370 τοῦ
3071 4314 3404 4386 ζητουμένου
3443 4315 3606 4384 φύσιν
3633 4314 3690 4379 ἐξ
3731 4308 3808 4368 ὧν
3841 4314 3921 4368 ἆ)-

657 4442 773 4486 ιυιη
808 4447 869 4485 ex
907 4400 1174 4499 oppositis
1206 4429 1435 4483 aliorum
1468 4426 1947 4481 lucubrationibus
1973 4425 2231 4496 cognitan‘

2353 4421 2433 4473 λοι
2467 4436 2526 4472 τε
2561 4413 2905 4488 ἠγωνίσαντο
2936 4413 3031 4464 καὶ
3061 4408 3218 4463 αὑτοὶ
3278 4408 3508 4463 δύνασθε
3549 4411 3807 4481 συνορᾷν,
3843 4410 3925 4460 καὶ

658 4523 863 4580 habere
894 4522 1146 4592 potestis,
1180 4529 1292 4575 tuin
1320 4535 1414 4590 per
1447 4533 1544 4574 vos
1584 4518 1686 4588 ipsi
1717 4518 1828 4587 jam
1866 4517 2244 4588 perspexistis,

657 4633 766 4673 non
799 4616 962 4671 modo
995 4625 1176 4670 vestra
1209 4613 1472 4679 scientes,
1503 4611 1597 4667 sed
1622 4621 1674 4666 et
1739 4613 1968 4666 aliorum
2032 4612 2250 4682 utrique

658 4709 1045 4766 altercationes
1079 4706 1299 4777 quidem
1345 4706 1475 4760 istas
1526 4705 1751 4758 omnino
1819 4706 2014 4761 missas
2048 4704 2249 4771 facere,

658 4802 724 4856 ad
784 4816 845 4854 ea
896 4814 1022 4852 vero
1071 4797 1255 4851 statim
1305 4804 1556 4872 Oportet.
1588 4794 1930 4858 incumbere,
1997 4810 2091 4863 per
2131 4810 2252 4865 quae

661 4894 775 4946 sola
802 4889 930 4946 licet
955 4889 1214 4956 consequi
1246 4901 1455 4956 pacem.
1493 4883 1873 4938 Consideranti
1905 4901 2065 4954 porro
2119 4885 2249 4939 mihi

662 4983 1066 5043 videnturhaec
1125 4993 1288 5043 esse;
1351 4979 1526 5047 primo
1582 4975 1815 5044 quidem
1863 4991 2146 5030 recurrere
2187 4975 2253 5029 ad

665 5076 1020 5131 fundamenta
1087 5072 1233 5136 ﬁdei,
1300 5084 1550 5139 veraeque
1605 5068 1895 5140 theologim
1961 5068 2251 5138 principia,

665 5181 827 5234 atque
868 5169 933 5222 ad
988 5168 1104 5220 haec
1136 5175 1427 5234 utramque
1464 5164 1783 5232 opinionem
1836 5161 2173 5225 examinare,
2204 5169 2258 5215 et

664 5263 935 5332 dispicere
974 5269 1094 5316 utra
1131 5274 1254 5314 cum
1294 5258 1402 5312 illis
1451 5257 1685 5312 maxime
1717 5270 1980 5327 congruat
2013 5271 2027 5308 :
2061 5252 2259 5308 deinde

667 5357 964 5426 inquirere,
1030 5351 1302 5423 quomodo
1353 5363 1571 5422 accepta
1622 5350 1827 5405 fuerint
1885 5350 1951 5403 ab
1996 5346 2260 5403 Ecclesiae

667 5450 987 5506 doctoribus
1033 5447 1384 5517 pronuntiata
1442 5446 1761 5515 Scriptnrm,
1827 5460 1946 5513 qua:
2004 5444 2260 5498 videntur

671 5553 915 5610 spectare
962 5541 1026 5598 ad
1083 5541 1224 5596 hanc
1260 5541 1536 5594 materiam
1570 5558 1581 5594 :
1614 5538 1678 5593 ad
1731 5538 1848 5593 hsce
1892 5539 2020 5606 quid
2063 5537 2259 5608 singuli

672 5637 739 5691 de
770 5637 1000 5706 qttatsito
1034 5636 1138 5690 hoc
1173 5633 1540 5705 philosophati
1585 5634 1804 5688 iuerint.
1842 5633 1906 5687 Et
1941 5632 2160 5703 quidem
2193 5646 2259 5685 ex

675 5747 740 5783 eo
772 5728 914 5798 quod
973 5731 1207 5800 primum
1248 5727 1379 5796 dixi,
1440 5727 1676 5784 arbitror
1715 5727 1936 5783 multant
1980 5739 2261 5810 cmergere

2356 4510 2571 4567 οἴκοθεν
2604 4510 2768 4579 ἥκετε
2824 4503 3223 4573 κατειληφότες
3257 4500 3384 4572 ήδη,
3419 4499 3479 4553 οὐ
3516 4501 3678 4571 μόνον
3717 4504 3784 4555 τὰ
3812 4503 3922 4553 ἐαυ-

2355 4606 2465 4661 τῶν
2490 4603 2715 4669 εἰδότες,
2741 4600 2877 4654 ἀλλὰ
2899 4604 2996 4652 καὶ
3036 4597 3102 4650 τὰ
3130 4595 3237 4648 τῶν
3296 4593 3472 4648 ἄλλων
3506 4593 3783 4664 ἑκάτεροι,
3835 4593 3927 4643 τᾶν

2360 4699 2463 4767 μὲν
2497 4693 2904 4765 ἀγωνισμάτων
2954 4688 3162 4744 τούτων
3224 4684 3487 4749 καθάπαξ
3535 4685 3838 4756 ὑπεριδεῖν,
3873 4683 3927 4737 δι’

2307 4779 2310 4787 ’
2357 4785 2432 4843 ὧν
2461 4789 2516 4841 δὲ
2555 4786 2717 4855 μόνον
2743 4783 2954 4836 ἔνεστιν
3010 4781 3230 4849 εἰρήνης
3296 4779 3501 4847 τυχεῖν,
3541 4777 3748 4831 τούτων
3786 4777 3930 4839 εὐθὺς

2360 4876 2608 4948 ἅψασθαι
2642 4875 2744 4928 δεῖ.
2794 4872 2874 4925 Τὰ
2906 4871 2949 4923 δ’
3001 4869 3173 4936 ἐστὶν,
3230 4867 3305 4931 ὡς
3355 4869 3478 4936 ἐμοὶ
3511 4866 3663 4921 δοκεῖ
3714 4885 3931 4922 axem.-

2366 4973 2535 5042 μένῳ,
2573 4968 2792 5038 πρῶτον
2828 4966 2926 5033 μὲν
2960 4963 3096 5033 πρὸς
3133 4962 3258 5023 τοὺς
3287 4961 3569 5029 θεμελίους
3604 4963 3932 5032 ἀναδραμόν-

2359 5081 2460 5125 τας
2487 5062 2586 5131 τῆς
2643 5059 2903 5121 πίστεως,
2961 5054 3056 5108 καὶ
3107 5050 3204 5116 τὰς
3249 5051 3351 5119 τῆς
3397 5050 3632 5121 ἀληθοῦς
3666 5053 3934 5120 θεολ‹,γξας

2364 5155 2571 5227 ἀρχάς,
2609 5151 2825 5212 τούτοις
2852 5146 3122 5217 ἑκατέραν
3152 5143 3311 5208 δόξαν
3344 5145 3669 5214 προσάγειν,
3703 5140 3935 5212 καὶ⁶ἦτις

2363 5251 2430 5305 ἂν
2463 5248 2699 5309 ἐκείνοις
2739 5242 3033 5314 συμϐαίνοι
3069 5239 3304 5310 μάλιστα
3345 5233 3573 5310 θεωρεῖν
3597 5254 3612 5266 ·
3651 5238 3735 5291 ἔτι
3764 5253 3826 5305 γε
3849 5237 3938 5305 μὴν

2363 5348 2410 5400 ol
2441 5342 2538 5412 τῆς
2583 5339 2918 5409 Ἐκκλησίας
2955 5337 3269 5393 διδάσκαλοι
3325 5335 3441 5398 πῶς
3504 5326 3833 5402 ἑξειλήφασι
3884 5333 3938 5380 τὰ

2361 5439 2460 5508 τῆς
2495 5437 2718 5505 Γραφῆς
2776 5431 3090 5500 ἀξιώματα,
3139 5429 3174 5484 ἀ
3215 5430 3352 5502 πρὸς
3409 5425 3618 5496 ταύτην
3671 5427 3773 5497 τὴν
3822 5425 3938 5490 ὓλην

2364 5533 2561 5587 τείνειν
2589 5528 2770 5582 δοκεῖ’
2809 5524 2943 5594 ’πρὸς
2993 5525 3048 5577 δὲ
3080 5522 3317 5585 τούτοις,
3370 5522 3424 5574 τί
3451 5520 3584 5591 περί
3631 5520 3727 5572 τοῦ
3788 5519 3938 5589 ζητή-

2371 5642 2536 5696 ματος
2580 5620 2946 5689 ἑθεολόγησαν
2965 5620 3211 5672 ἕκαστοι.
3239 5612 3340 5668 *Ων
3369 5617 3434 5668 ἐκ
3463 5615 3561 5685 μὲν
3598 5614 3694 5668 τοῦ
3735 5614 3938 5684 πρώτω

2369 5721 2630 5795 ῥηθέντος
2664 5716 2866 5786 πολλὴν
2903 5710 3148 5784 ἠγοῦμαι
3199 5709 3521 5782 δυσχέρειαν
3571 5709 3935 5764 anatinam-
