3966 6328
111 371 205 434 tst
1192 329 1197 333 ’
1266 307 1660 421 ORATIOJII
1701 357 1799 416 AD
1839 357 2214 418 eronun.

114 493 240 561 περὶ
266 490 378 559 γάρ
396 489 494 552 τὰς
524 488 621 554 τῆς
650 485 882 542 πίστεως
911 480 1086 550 ἀρχὰς
1119 475 1264 541 εἰκὸς
1293 475 1432 531 εἶναι
1471 477 1690 536 πλείους

1798 476 1918 529 (lilii.
1941 478 2188 532 ultatetu'.
2249 477 2382 531 Nam

113 583 403 651 διαφορὰς,
467 579 526 641 ἐξ
561 573 635 629 ὧν
698 572 806 627 τῶν
841 567 1327 642 συμπερασμάτων
1376 568 1691 635 ἐναντιότης

115 667 410 741 συνάγεται
433 685 447 699 ⁶
480 669 545 730 ἀς
574 665 688 719 οὔτ’
718 667 966 734 ἀναιρεῖν
989 661 1287 730 εὐπρεπὲς,
1320 660 1562 730 λήσομεν
1582 658 1693 726 γὰρ

116 761 706 822 πολλαπλασιάσαντες
734 759 793 810 τὸ
837 756 1014 810 δεινὸν
1051 756 1146 808 καὶ
1180 753 1397 815 πολλοῖς
1438 767 1582 804 τισιν
1607 752 1692 803 αἰ-

114 857 241 916 τίοις
277 849 687 923 ἀπορραγέντες
715 849 984 918 ἀλλήλων,
1038 847 1095 899 ἐν
1145 839 1229 906 οἷς
1288 842 1438 894 ἐσται
1469 859 1551 904 τις
1599 841 1726 912 καῖ

114 944 474 1016 χαλεπωτέρα
507 941 602 1011 τῆς
628 939 905 1009 παρούσης
937 938 1228 1005 διαφορᾶς,
1265 932 1378 1027 ούτ⁹
1405 933 1550 1027 εἱκδς
1575 933 1692 1027 ἐστι

117 1038 422 1107 συγχωρεῖν
473 1033 598 1087 οὗτε
659 1025 784 1094 τοὺς
832 1032 1052 1107 ἐτέρους
1102 1028 1214 1088 τοῖς
1268 1023 1692 1118 άλλοιςίιτούτο

114 1133 215 1197 γάρ
257 1128 460 1180 ταυτὸν
494 1127 648 1179 ἐσται
713 1128 806 1176 καὶ
867 1122 965 1191 τὴν
1021 1116 1196 1192 ἧτταν
1239 1111 1544 1187 ὁμολογεῖν,
1577 1111 1692 1166 οὒτ’

116 1221 370 1288 ἀλλήλοις
393 1236 405 1248 ’
443 1220 539 1273 καὶ
572 1217 745 1286 ταύτῃ
778 1214 888 1283 γὰρ
918 1212 1232 1282 ἀσύμϐατοι
1292 1211 1452 1285 μέχρι
1490 1206 1692 1268 παντὸς

116 1313 375 1380 ἐσόμεθα,
411 1309 480 1363 τά
515 1308 858 1362 ἀντικεῖσθαι
906 1304 1168 1358 δοκοῦντα
1224 1301 1693 1372 συμπεραίνοντες

121 1405 174 1469 ἐξ
205 1400 605 1470 ἀντικειμένων
642 1398 851 1468 ἀρχῶν,
887 1400 979 1449 καὶ
1016 1395 1152 1466 πρὸς
1187 1392 1413 1456 ἑαυτοὺς
1453 1392 1550 1461 τὴν
1581 1392 1692 1445 τῶν

119 1495 325 1565 ἐτέρων
375 1491 532 1557 δόξαν
569 1477 1054 1559 άντιμεθίστάντες
1096 1488 1371 1556 ἑκάτεροι.
1413 1485 1690 1554 Συμφέρει

118 1586 178 1656 δὴ
203 1585 308 1647 τὰς
335 1585 574 1653 μάλιστα
608 1581 952 1652 ἀρεσκούσας
997 1579 1252 1648 ἀλλήλοις
1290 1575 1692 1646 ἐκλεξαμένους

115 1679 311 1748 ἀρχὰς,
344 1677 407 1728 ἐκ
435 1674 643 1728 τούτων
678 1675 980 1743 ἐπιχειρεῖν
999 1688 1013 1702 ο
1043 1672 1093 1724 εἰ
1127 1670 1172 1724 δ’
1198 1666 1311 1723 οἷόν
1343 1686 1402 1722 τε
1442 1665 1692 1737 καὶπερὶ

116 1770 292 1830 πάσας
323 1769 424 1830 τάς
457 1768 624 1830 ἄλλοις
655 1764 968 1819 δείκνυσθαι
1015 1761 1460 1833 συμφωνοῦντας,
1489 1761 1692 1829 σκέψα-

3272 346 3381 410 482

2433 483 2447 500 ⁶
2490 478 2639 534 circa
2683 477 2950 548 principia
3000 476 3118 532 ﬁdei
3164 478 3238 546 (ἰ)
3282 493 3380 546 par

1798 583 1918 621 88πῦ
1967 569 2179 624 multas.
2224 571 2645 638 discrepantias,
2709 569 2778 624 et
2841 572 3042 640 quibus
3093 573 3381 626 contrarias

1799 652 2177 716 conclusiones
2228 662 2556 719 inferuntur.
2619 665 2691 719 Ea
2727 681 2915 735 porro
2961 679 3062 718 nec
3097 663 3382 718 destruere

1799 749 1976 816 decet,
2008 754 2077 825 ita
2111 753 2253 806 enim
2291 753 2398 817 tiet,
2428 766 2485 808 ut
2515 757 2660 810 aliud
2713 759 2920 827 agendo
2953 751 3382 825 ιηιιιιὶρίἱεειιιιιε

1800 843 2046 906 malum,
2113 843 2397 913 simusque
2485 847 2668 902 multis
2751 849 3020 904 decausis
3077 849 3380 918 disjunrti,

1797 935 1862 989 de
1901 936 2099 1003 quibus
2125 935 2307 1005 aliqua
2348 936 2454 991 erit
2491 937 2709 1004 gravior
2744 955 2901 1009 quam
2947 955 3188 1009 praesens
3224 939 3384 994 dim;-

1798 1026 1993 1090 rentia,
2032 1041 2205 1094 neque
2258 1042 2356 1097 pur
2403 1037 2488 1081 est
2539 1039 2633 1081 aut
2684 1027 2908 1081 alteram
2966 1041 3170 1097 partem
3223 1029 3380 1085 alter!

1797 1117 2119 1180 concedere,
2188 1117 2289 1172 hoc
2337 1120 2482 1172 enim
2529 1120 2666 1172 idem
2719 1129 2865 1172 esset
2915 1134 3076 1189 atque
3111 1137 3168 1175 se
3205 1123 3379 1177 victos

1799 1207 1953 1260 lateri
2012 1219 2106 1263 aut
2160 1221 2450 1280 utramque
2510 1212 2666 1267 alteri
2723 1230 2739 1268 :
2797 1211 2903 1267 hac
2958 1214 3102 1267 enim
3165 1217 3377 1269 ratione.

1797 1312 2078 1364 nunquam
2121 1301 2528 1366 conveniemus,
2583 1303 2918 1355 deducentes
2973 1318 3094 1372 quae
3129 1305 3379 1358 videnlur

1797 1392 2048 1458 opposita
2082 1406 2149 1444 ex
2181 1394 2451 1460 appositis
2480 1394 2786 1464 principiis,
2844 1407 2898 1449 et
2932 1396 3156 1451 alterius
3208 1399 3378 1466 partis

1797 1482 2124 1534 sententiam
2149 1484 2364 1553 utrique
2389 1484 2440 1538 in
2474 1501 2574 1540 nos
2604 1486 2752 1554 ipsos
2776 1488 3380 1558 transferentesterzn

1794 1571 2025 1640 pretium
2045 1588 2174 1644 ergo
2196 1584 2275 1629 est
2298 1576 2524 1646 seligere
2549 1579 2812 1648 principia
2833 1583 3070 1636 maxime
3129 1584 3377 1653 utrisque

1794 1668 2044 1734 probata,-
2100 1675 2151 1721 et
2183 1668 2307 1722 inde
2340 1682 2659 1739 argumenta
2692 1672 2892 1728 ducere
2925 1688 2939 1725 :
2975 1675 3117 1743 quod
3163 1679 3208 1732 si
3263 1678 3378 1732 lieri
3442 1696 3447 1701 ’

1795 1760 1996 1827 poterit
2028 1763 2091 1814 de
2113 1762 2232 1816 aliis
2261 1763 2424 1816 etiam
2463 1765 2719 1820 omnibus
2747 1765 3083 1835 consentire,
3112 1770 3162 1824 id
3190 1782 3378 1840 postea

117 1862 238 1914 σθαι
279 1861 417 1931 μετὰ
449 1860 656 1914 ταῦτα·
687 1860 735 1910 εἰ
772 1857 960 1928 μήτις
1008 1855 1176 1908 οἴοιτο
1236 1853 1494 1923 περιττὸν
1545 1846 1687 1904 εἶναι

1798 1852 2254 1907 considerandum
2314 1855 2645 1925 relinquere,
2695 1860 2799 1914 nisi
2863 1865 2987 1931 quis
3039 1862 3376 1933 superﬂuunt

115 1957 224 2016 τοῖς
263 1953 396 2022 περὶ
434 1953 494 2005 τὸ
528 1950 905 2021 συμπέρασμα
933 1949 1247 2017 συμφωνεῖν
1283 1945 1563 2015 δυνηθεῖσι
1587 1947 1688 2008 τὰς

115 2045 289 2114 ἀρχὰς
319 2043 619 2107 ἐξετάζειν,
647 2043 703 2106 ἐξ
730 2034 802 2094 ὧν
828 2041 862 2108 ἡ
897 2041 1139 2109 προιέρα
1166 2038 1320 2110 μάχη
1355 2038 1490 2107 συνή
1504 2054 1687 2091 πτετο.

118 2136 252 2204 Περὶ
287 2137 345 2188 δὲ
400 2135 467 2187 τὰ
512 2135 675 2186 λοιπά
704 2133 797 2185 δύο
862 2131 1141 2201 μηδεμίαν
1178 2129 1386 2197 εἴποιμ’
1439 2129 1504 2182 ἂν
1550 2124 1692 2181 εἶναι

115 2228 474 2297 δυσχέρειανο
515 2226 615 2292 τάς
654 2242 713 2279 τε
743 2224 852 2296 γὰρ
878 2223 1167 2293 ἐξηγήσεις
1213 2223 1320 2276 τῶν
1351 2222 1691 2276 διδασκάλων

119 2319 300 2391 ῥᾴδιον
353 2316 507 2388 οἶμαι
558 2320 752 2388 χρῆμα
790 2321 898 2380 τοῖς
929 2333 992 2385 γε
1059 2316 1126 2369 τά
1173 2314 1402 2370 τοιαῦτα
1454 2313 1692 2384 μάλιστα

118 2413 444 2484 δεινοτέροις
474 2411 722 2481 ἀκριϐῶς
761 2409 1021 2472 συνιδεῖν,
1055 2409 1260 2471 ὁπόσας
1289 2411 1401 2471 τοῖς
1433 2408 1531 2476 τῆς
1551 2408 1693 2479 Γρα-

121 2504 228 2575 of};
260 2508 486 2575 χωρίοις
510 2503 800 2557 ἀπέδωκαν
825 2519 840 2534 ο
879 2503 930 2554 εἰ
964 2501 1020 2555 δέ
1053 2519 1197 2566 τινες
1230 2505 1289 2555 ἐν
1332 2503 1461 2572 ὑμῖν
1509 2501 1694 2572 διαφό-

123 2615 227 2669 ρως
263 2600 361 2652 καὶ⁸
391 2597 596 2656 ταύτας
623 2601 817 2662 νοοῖεν,
851 2600 963 2660 τοῖς
1003 2596 1333 2665 σοφωτέροις
1365 2597 1458 2648 καὶ
1485 2596 1692 2648 πλείοσι

118 2693 217 2759 τὴν
259 2693 419 2762 νίκην
450 2690 807 2762 ἀφορίζεσθαι
838 2690 959 2743 δεῖ·
1000 2688 1158 2744 τοῦτο
1192 2690 1301 2758 γάρ
1343 2690 1438 2742 καὶ
1485 2688 1696 2757 δίκαιον

119 2785 214 2838 καὶ
244 2783 532 2853 προσῆκον
566 2785 633 2837 ἀν
667 2783 752 2852 εῖη
773 2798 786 2812 ο
814 2781 913 2846 τάς
945 2799 1003 2836 τε
1048 2781 1158 2836 τῶν
1200 2782 1374 2847 ἀγίων
1429 2783 1558 2852 περὶ
1586 2783 1696 2838 τῶν

121 2877 502 2946 προκειμένων
535 2875 692 2942 δόξας
726 2877 1092 2945 ἐφαρμόττειν
1118 2875 1402 2946 ἀλλήλαις,
1439 2875 1696 2946 καὶπρὸς

126 2969 254 3038 μίαν
287 2966 515 3031 ἁπάσας
536 2968 764 3038 γνώμην
791 2969 1068 3034 συνάγειν,
1103 2969 1203 3024 κάν
1230 2969 1379 3020 ἐστιν
1405 2966 1465 3020 οὗ
1497 2966 1694 3022 δοκῶσι

120 3060 489 3132 διενηνέχθαι,
524 3062 622 3113 καὶ
648 3061 925 3131 προσῆκον
952 3056 1108 3131 οἶμαι
1139 3065 1233 3115 καὶ
1267 3063 1470 3135 ῥᾴδιον.
1495 3064 1569 3117 Ού
1589 3069 1693 3133 γὰρ

123 3151 201 3205 δεῖ
237 3169 302 3220 γε
335 3153 650 3221 προσέχειν,
687 3152 740 3204 ετ
764 3170 847 3215 τις
880 3154 1363 3223 καταψηφίζεσθαί
1393 3172 1539 3220 τινος
1567 3155 1693 3225 βού-
1725 3184 1767 3242 c

123 3245 265 3298 λοιτο
290 3247 398 3299 τῶν
425 3245 529 3299 ὑπὸ
571 3243 666 3298 τοῦ
719 3245 902 3298 κοινοῦ
945 3245 1043 3316 τῆς
1095 3247 1421 3317 Ἐκκλησίας
1469 3264 1694 3319 τετιμη-

127 3339 326 3406 μένων,
352 3337 387 3406 ἢ
435 3337 758 3407 διεφθάρθαι
780 3339 876 3406 τὴν
903 3340 1116 3393 ἐκείνου
1146 3339 1427 3408 θεολογίαν
1452 3339 1558 3393 ὑπὸ
1586 3342 1694 3393 τῶν

124 3429 340 3482 οἰκείων
372 3429 567 3490 τιθεὶς,
605 3430 703 3492 τὰς
731 3429 862 3499 παρ’
887 3430 1052 3482 αὐτοῦ
1103 3431 1181 3501 μὴ
1238 3429 1516 3500 προσίοιτο
1553 3448 1696 3502 μαρο

126 3518 314 3587 τυρίας
337 3504 363 3547 ί
388 3517 532 3583 πλὴν
559 3519 625 3572 ἃν
663 3520 737 3588 μή
783 3521 835 3571 τί
871 3537 972 3572 που
1031 3519 1281 3590 φανερῶς
1307 3519 1587 3592 διεφθορὸς
1633 3516 1688 3594 ᾖ,

127 3610 217 3661 καὶ
247 3612 572 3678 συγχωρῆτε
603 3610 701 3678 μὲν
726 3609 999 3679 ἑκάτεροι,
1062 3614 1314 3682 μαρτυρῇ
1367 3612 1424 3664 δέ
1479 3613 1575 3667 καὶ
1627 3631 1692 3666 τα

127 3701 253 3768 παρ’
289 3701 575 3771 ἑκατέροις
611 3701 790 3767 βιὸλία
820 3702 922 3771 τῆς
975 3702 1150 3770 λύμης
1180 3702 1382 3772 ταύτης
1411 3703 1694 3770 ἀπηλλαγ-

129 3794 285 3861 μένα,
309 3793 407 3845 καί
437 3794 495 3845 τὸ
525 3797 751 3864 γνήσιον
799 3795 1012 3858 ἑαυτοῖς
1064 3794 1462 3864 περισώζοντα.
1511 3793 1690 3848 Καθόο

125 3885 214 3937 λου
251 3886 351 3954 μὲν
380 3881 471 3938 οὖν
534 3885 626 3937 ἐπὶ
681 3889 778 3956 τὴν
837 3886 1036 3954 γνῶσιν
1085 3887 1182 3956 τῆς
1234 3885 1493 3963 ἀληθείας
1544 3888 1692 3961 τρισὶ

123 3981 330 4042 τούτοις
362 3979 763 4050 ὀδηγηθήσεσθε
787 3995 805 4011 ο
836 3982 949 4041 τοῖς
996 3980 1097 4049 τῆς
1130 3979 1356 4050 Γραφῆς
1391 3978 1690 4048 ἀξιώμασι,

124 4055 370 4145 δηλονότι
394 4077 514 4136 ταῖς
539 4073 718 4126 αὐτῶν
745 4071 1101 4136 ἀναπτύξεσι,
1145 4074 1237 4125 καὶ
1255 4076 1372 4135 ταῖς
1409 4072 1565 4131 ἰδίαις
1585 4071 1693 4124 τῶν

123 4166 456 4219 δ.δασκάλων
511 4163 757 4232 γνώμαις
803 4161 873 4225 ἀς
945 4163 1282 4230 ὁπουδήποτε
1321 4161 1428 4214 τῶν
1475 4162 1691 4213 οἰκείων

123 4258 294 4324 λόγων
334 4259 450 4318 τοῖς
499 4256 678 4316 ἄλλοις
725 4254 1050 4324 κατέμιξαν,
1114 4254 1420 4323 μνησθῆναι
1463 4252 1563 4322 τῆς
1597 4252 1688 4304 τοῦ

124 4348 440 4418 Πνεύματος
481 4347 712 4416 προόδου
764 4346 988 4416 δεῆσαν.
1046 4348 1130 4408 Ὡς
1170 4345 1225 4397 δὲ
1287 4345 1458 4398 ταῦτα
1511 4345 1692 4423 πάντα

123 4440 386 4512 διάθησθε
419 4440 689 4494 κάλλιστά
745 4457 806 4492 τε
861 4440 955 4492 καὶ
1005 4438 1428 4509 προχειρότατα,
1481 4438 1576 4500 τάς
1631 4453 1690 4490 τε

1795 1953 1964 2011 putet,
1996 1947 2066 1998 ab
2090 1947 2194 2001 illis
2224 1947 2314 2016 qui
2350 1943 2573 2017 potuere
2605 1951 2656 2004 in
2693 1968 2857 2006 unatn
2910 1951 2978 2008 de
3018 1957 3377 2012 conclus:one

1793 2038 2086 2093 convenire
2145 2040 2517 2106 sententiam,
2578 2043 2882 2097 examinari
2939 2045 3250 2115 principia,
3306 2065 3374 2102 ex

1792 2129 1992 2199 quibus
2022 2132 2172 2200 prior
2202 2147 2381 2203 pugna
2409 2134 2828 2189 conserebatur.
2857 2133 3082 2206 Reliqua
3110 2153 3238 2192 vero
3265 2137 3377 2191 duo

1795 2222 1996 2283 nullam
2056 2223 2178 2278 dico
2228 2227 2428 2280 habere
2477 2225 2849 2290 dlIicultatem.
2918 2243 3044 2284 nam
3097 2241 3149 2286 et
3188 2231 3378 2287 docto-

1797 2329 1918 2368 rum
1950 2316 2320 2384 expositiones
2348 2316 2507 2374 facile
2537 2335 2697 2390 posse
2752 2322 2984 2392 perspici
3011 2324 3206 2394 opinor
3227 2339 3258 2380 a
3288 2311 3377 2380 rt-

1795 2421 1916 2459 rum
1992 2406 2306 2482 ltujusmodi
2375 2411 2606 2478 peritis,
2679 2428 3024 2484 quaecunque
3079 2415 3380 2486 Scriptura:

1797 2494 1932 2550 locis
1965 2497 2182 2552 tributae
2219 2499 2287 2553 ab
2327 2501 2434 2556 illis
2465 2511 2592 2556 sunt
2622 2520 2635 2555 :
2665 2504 2710 2558 si
2752 2505 2847 2574 qui
2898 2521 3024 2560 vero
3081 2519 3209 2571 sunt
3241 2509 3382 2564 inter

1795 2603 1912 2650 vos,
1953 2590 2045 2660 qui
2081 2601 2135 2645 et
2189 2592 2289 2647 bos
2353 2595 2510 2650 aliter
2559 2598 2886 2668 intelligant,
2944 2601 3378 2671 sapientioribus

1796 2693 1848 2737 et
1873 2683 2120 2753 pluribus
2160 2687 2382 2740 victoria
2413 2688 2591 2743 danda
2627 2699 2730 2756 est,
2772 2692 2876 2774 hoc
2905 2697 3051 2748 enim
3082 2710 3301 2764 aequum
3325 2705 3379 2750 et

1799 2786 2222 2832 consentaneum
2281 2786 2364 2834 est
2393 2797 2408 2835 :
2441 2791 2493 2836 et
2545 2791 2856 2838 sanctorum
2909 2779 2976 2840 de
3008 2801 3065 2840 re
3101 2791 3378 2857 proposita

1797 2869 2097 2924 sententias
2133 2871 2431 2928 conciliare
2470 2884 2523 2928 et
2552 2876 2616 2930 ad
2661 2892 2822 2930 unam
2871 2891 3062 2933 omnes
3110 2880 3377 2950 redigere,

1800 2960 1927 3015 licet
1987 2964 2042 3017 in
2103 2963 2285 3036 aliquo
2323 2965 2617 3023 dissentire
2661 2970 2985 3037 ‘videautur,
3046 2974 3378 3028 conveniens

1801 3051 2043 3107 arbitror
2072 3062 2126 3108 et
2161 3042 2318 3110 facile
2346 3072 2489 3114 esse.
2548 3057 2732 3127 Neque
2767 3061 2908 3114 enim
2943 3046 3245 3117 audiendus
3276 3065 3379 3119 erit

1802 3147 1847 3201 si
1891 3146 2012 3216 quis
2042 3149 2171 3202 velit
2211 3149 2504 3219 reprobare
2535 3153 2841 3222 quempiam
2867 3168 2932 3208 ex
2970 3155 3058 3221 iis,
3093 3171 3227 3226 quos
3259 3158 3378 3210 uni-

1803 3255 1957 3294 versa
1991 3239 2227 3294 honorat
2272 3240 2555 3308 Ecclesia;
2608 3225 2847 3314 a'utejus‘
2895 3247 3208 3302 testimonia
3265 3265 3373 3302 non

1800 3329 2071 3392 admittat.
2117 3333 2257 3401 quod
2290 3342 2442 3402 putet
2490 3334 2606 3403 ejus
2663 3335 2983 3406 theologiam
3032 3334 3224 3393 a'suis
3255 3355 3374 3394 cer-

1806 3429 2053 3491 ruplam;
2108 3422 2213 3476 nisi
2293 3424 2422 3493 quid
2491 3427 2564 3479 sit
2630 3428 2915 3494 perSpictte
2997 3427 3372 3499 depravatum,

1801 3512 1963 3581 idque
1996 3513 2206 3581 utrique
2263 3513 2561 3578 aﬂirmetis,
2599 3523 2651 3570 et
2677 3515 2906 3584 probent
2937 3517 3223 3588 utriusque
3248 3537 3372 3590 par-

1802 3608 1869 3658 tis
1922 3605 2043 3658 libri
2087 3606 2178 3658 tali
2227 3608 2534 3675 corruptela
2571 3607 2748 3674 liberi,
2784 3612 3210 3682 germanamque
3267 3613 3375 3669 lec-

1801 3698 1999 3749 tionem
2030 3695 2084 3748 in
2117 3712 2176 3750 se
2227 3709 2635 3754 conservantes.
2681 3697 2920 3755 Omnino
2973 3704 3140 3770 igitur
3197 3703 3375 3760 tribus

1801 3787 1946 3841 hisee
1982 3787 2255 3843 dueemini
2293 3791 2359 3844 ad
2399 3794 2831 3860 cognoscendam
2878 3799 3194 3862 veritatem;
3230 3797 3376 3852 vide-

1801 3881 1929 3934 licet
1965 3881 2259 3950 Scriptura:
2289 3884 2728 3950 auctoritatibus,
2754 3901 2942 3940 earum
2973 3891 3374 3958 esplanationi—

1801 3972 1922 4040 bus,
1951 3983 2003 4027 et
2041 3976 2278 4044 propriis
2326 3977 2628 4031 doctorum-
2647 3981 2952 4046 sententiis,
2983 3995 3118 4051 quas
3150 3981 3222 4036 illi
3257 3987 3373 4038 suis

1800 4067 1853 4121 in
1895 4068 2238 4122 sermonibus
2267 4070 2495 4137 sparsim
2530 4074 2826 4140 protulere,
2872 4089 2996 4126 cum
3044 4090 3180 4144 opus
3228 4080 3373 4132 eSsct

1801 4162 2127 4216 mentionem
2157 4161 2332 4217 facere
2366 4162 2434 4218 de
2463 4164 2698 4234 Spiritus
2732 4172 3102 4234 processione.
3127 4169 3200 4226 Ut
3238 4187 3366 4228 vero

1801 4254 1912 4305 lure
1944 4253 2144 4322 optime
2195 4255 2563 4325 facillimoque
2595 4261 2884 4326 praestetis,
2946 4262 3194 4319 tollendae
3241 4277 3372 4322 sunt

1799 4344 2110 4414 anticipata:
2141 4348 2323 4403 animo
2375 4349 2684 4418 opiniones,
2715 4366 2769 4407 et
2824 4358 3179 4413 contentiosa:
3230 4360 3371 4414 relu-

1799 4440 2086 4505 ctationes,
2116 4449 2278 4511 atque
2319 4442 2532 4498 inﬁrma
2563 4443 2781 4517 eﬂ‘ugia,
2830 4465 2948 4518 qua:
2992 4450 3152 4505 facile
3193 4455 3372 4508 redar-

121 4533 422 4603 προλήψεις
448 4534 543 4586 καὶ
571 4533 911 4601 φιλονείκους
942 4532 1222 4593 ἐνστάσεις
1241 4530 1573 4601 ἐξαιρετέον,
1598 4530 1692 4583 καὶ

1798 4528 1886 4600 gul
1921 4541 2188 4599 possunt;
2223 4543 2276 4588 et
2301 4534 2503 4605 ubique
2529 4537 2686 4606 plana
2708 4538 3040 4608 ingenuitate
3067 4549 3324 4600 utendqu
3353 4566 3368 4603 :

119 4626 213 4689 τὰς
270 4626 479 4695 σαθράς
532 4625 624 4677 καὶ
687 4624 889 4694 ῥαδίως
944 4623 1325 4691 ἐξελέγχεσθαι
1388 4622 1697 4692 δυναμένας

119 4715 436 4784 ἀποφυγὰς,
480 4715 573 4768 καὶ
603 4714 881 4783 πανταχοῦ
913 4714 1053 4782 μετά
1105 4713 1200 4782 τῆς
1237 4713 1482 4780 ἰσότητος
1512 4729 1696 4781 χωρη-

119 4808 236 4859 τέον
263 4824 278 4837 ο
309 4807 372 4858 οὐ
399 4805 507 4874 γάρ
555 4804 760 4873 μᾶλλον
791 4803 885 4855 νῦν
915 4802 1179 4873 ἀλλήλους
1207 4802 1495 4870 καθήμεθα
1545 4803 1699 4855 δικαο

121 4900 242 4951 σταί
273 4899 406 4967 περί
436 4899 543 4950 τῶν
569 4895 1110 4966 ἀμφισσητουμένων
1141 4897 1171 4965 ἦ
1201 4898 1266 4966 τῇ
1294 4911 1350 4947 τε
1396 4896 1518 4965 θέίξι
1557 4896 1696 4965 Γρα-

122 4994 192 5062 φῇ
225 4991 463 5054 καὶτοῖς
490 4992 695 5060 ταύτης
740 4990 1033 5059 ἐξηγηταῖς
1093 5007 1152 5042 τε
1211 4993 1306 5043 καὶ
1350 4990 1697 5055 διδασκάλοις

119 5083 215 5152 τῆς
248 5083 564 5151 ἀναγκαίας
585 5083 911 5152 συμφωνίας
939 5082 1230 5153 ἐφευρεταὶ
1254 5085 1348 5135 καὶ
1381 5084 1694 5154 συνήγοροι.

124 5177 288 5232 Ὅθεν
342 5180 443 5232 οὐκ
500 5170 677 5250 ὀρθῶς
730 5180 1067 5249 κεχρημένοι
1129 5183 1242 5243 τοῖς
1290 5183 1694 5250 προκειμένοις,

122 5271 338 5333 πολλοῖς
367 5271 464 5325 καὶ
523 5271 795 5332 ποικίλοις
848 5274 1189 5343 ἀδικήμασιν.
1227 5257 1546 5344 ἐνεξόμεθα.
1585 5276 1692 5327 Οὐ-

123 5362 247 5414 κοῦν
274 5364 353 5424 ὼς
375 5361 473 5432 τῆς
517 5362 852 5431 φιλονεικίας
885 5365 978 5416 ἐπὶ
1004 5365 1190 5417 πλεῖον
1222 5365 1330 5418 τῶν
1368 5366 1691 5434 ἀνηκέστων

122 5455 264 5521 ἡμεῖς
300 5455 624 5523 δυναμένης·
642 5456 917 5525 ἐκφέρειν,
955 5456 1180 5527 ἀπέχειν
1214 5458 1314 5526 μὲν
1354 5457 1525 5528 αὐτῆς
1557 5475 1693 5510 παν-

120 5542 310 5609 τελῶς,
348 5546 673 5615 συμμάχους
707 5546 763 5598 δὲ
791 5548 882 5599 ἐπὶ
915 5546 1073 5599 τοῦτο
1112 5551 1210 5614 τήν
1237 5566 1296 5600 τε
1353 5550 1490 5619 πρὸς
1522 5550 1690 5616 ἀλλή-

79 5695 81 5697 ,
123 5633 240 5698 λους
271 5634 516 5703 εὔνοιαν,
549 5639 642 5690 καὶ
667 5639 727 5694 τὸ
765 5641 899 5709 μετὰ
933 5639 1029 5707 τῆς
1064 5639 1320 5712 ἀληθείας
1359 5644 1578 5695 ἅπαντα
1603 5642 1687 5695 λέ-

1800 4639 1974 4692 neque
2000 4627 2143 4680 enim
2174 4642 2316 4681 nunc
2358 4630 2530 4698 magis
2591 4630 2746 4686 alteri
2795 4633 2980 4691 alteris
3004 4635 3216 4705 judites
3237 4654 3374 4693 con-

1801 4718 2078 4770 trovcrsia:
2115 4719 2392 4786 sedemus,
2417 4737 2577 4790 quatit
2605 4723 2801 4779 divina:
2827 4725 3122 4796 Scriptum
3145 4729 3372 4801 ejusque

1801 4809 2153 4878 interpretum
2203 4829 2264 4867 ac
2308 4815 2620 4880 doctorum,
2672 4833 2905 4886 quorum
2938 4829 3020 4874 est
3057 4828 3372 4879 necessario

1798 4902 2193 4959 admvenienda
2244 4908 2552 4971 consensio,
2611 4910 2987 4966 conciliatores
3029 4922 3082 4967 et
3135 4919 3370 4984 patroni.

1801 4992 1981 5057 Quare
2013 4994 2056 5047 si
2089 4999 2429 5064 prOpOsitum
2462 4999 2736 5067 negotium
2771 5015 2881 5053 non
2919 5014 3067 5056 recte
3102 5012 3373 5061 tractave-

1801 5084 1992 5147 rimus.
2055 5087 2347 5142 multorum
2409 5107 2474 5146 ac
2533 5093 2874 5149 diversorum
2938 5098 3015 5150 rei
3077 5099 3370 5156 criminum

1800 5179 2028 5235 timus.
2061 5181 2195 5235 Cum
2230 5183 2394 5252 igilur
2417 5191 2695 5242 contentio
2719 5206 2817 5244 nos
2854 5191 3024 5258 possit
3055 5191 3288 5272 ulterius
3317 5197 3368 5247 in

1800 5271 1939 5326 mala
1968 5275 2287 5344 gravissima
2330 5279 2618 5342 devehere,
2666 5280 2976 5352 abjiciettda~
3014 5285 3236 5340 omnino
3280 5286 3371 5340 illa

1797 5374 1900 5432 est,
1925 5377 1979 5419 et
2027 5370 2347 5425 assumenda
2382 5382 2509 5425 sunt
2546 5373 2704 5428 nobis
2739 5375 2985 5429 subsidio
3015 5389 3125 5430 tum
3181 5388 3369 5432 mutua

1798 5459 1938 5515 inter
1975 5475 2074 5515 nos
2104 5464 2498 5530 benevolentia,
2531 5476 2643 5520 tum
2709 5467 2965 5522 voluntas
3019 5469 3256 5522 enitcudi
3314 5479 3374 5524 ut

1797 5549 1976 5601 omnia
2011 5567 2132 5603 cum
2166 5552 2390 5606 veritate
2428 5553 2798 5621 proferantur.
2839 5555 2905 5610 Et
2942 5557 3118 5626 primo
3148 5558 3370 5627 quidem

1800 5654 1901 5694 n0n
1934 5641 2014 5696 de.
2037 5653 2088 5696 et
2125 5643 2257 5700 Vt‘llc
2311 5645 2495 5700 omnia
2548 5647 2765 5703 disertis
2821 5649 3000 5703 verbis
3030 5663 3060 5703 e
3089 5647 3372 5719 Scriptum

187 5819 261 5892 (ἰ)
342 5815 398 5874 Id
456 5826 559 5885 est,
614 5817 757 5874 circa
818 5820 1086 5898 princip'a
1123 5820 1246 5878 tidei
1282 5820 1432 5876 varie
1500 5819 1792 5877 intellectu.
