3966 6328
120 323 211 387 489

1253 310 1542 376 ORATIO
1569 311 1658 373 HI
1699 311 1798 372 AD
1830 310 2212 373 SYNODUM.

3291 308 3395 370 tto
3438 393 3444 398 .

122 440 359 510 σπουδῆς.
399 438 502 494 Τὸν
531 438 640 508 γὰρ
664 436 829 493 αύτδν
880 435 1019 506 ὺπέρ
1074 452 1130 489 τε
1187 435 1377 489 τούτου
1444 449 1538 489 και
1590 434 1691 502 τῆς

1812 446 1913 485 .nm
1949 432 2225 500 privatim,
2250 432 2446 503 quovis
2484 431 2625 495 loco,
2653 441 2705 487 et
2738 431 2965 503 quando
3012 446 3100 489 res
3126 433 3200 487 ita
3247 432 3390 488 fere-

121 532 361 603 ἀληθείας
386 533 481 585 καὶ
513 530 611 598 τῆς
634 529 818 583 αὐτῶν
850 527 1128 599 σωτηρίας
1163 527 1361 599 ᾔδεσαν
1386 526 1518 582 ὄντα
1564 526 1686 594 σφί-

1794 522 1908 589 hat,
1939 523 2045 578 hoc
2071 533 2197 579 ante
2228 526 2411 580 omnia
2444 535 2734 584 curarunt.
2770 535 2831 579 ut
2862 526 2947 581 sui
2996 526 3170 589 studii
3202 520 3388 595 caput.

121 644 197 681 σιν
221 629 401 696 ἀγῶνα
432 644 447 656 ·
471 627 569 680 καὶ
601 626 723 698 μετ’
758 625 933 681 αὐτοῦ
969 625 1070 696 μὲν
1093 625 1164 679 τά
1182 623 1347 679 λοιπά
1400 619 1688 693 κατορθώ-

1812 616 1942 672 idem
1971 615 2174 686 quippe
2206 628 2484 699 certamen
2527 635 2623 690 pro
2652 621 2761 675 hoc
2791 619 2936 689 ipso,
2989 634 3089 689 pro
3135 620 3401 691 veritate,

121 737 239 787 σειν,
266 719 323 773 ἓν
357 718 413 772 δὶ
444 718 652 771 τούτων
688 716 1051 787 περιιδόντες,
1084 716 1178 770 καὶ
1208 715 1318 770 τῶν
1347 712 1555 769 λοιπῶν
1600 712 1692 765 2x—

120 810 390 866 πεσεῖσθαι
425 809 648 874 πάντως
686 808 963 881 ἐνόμιζον.

178 1076 391 1130 Τούτων
413 1074 592 1130 τοίνυν
620 1075 767 1129 οὕτω
801 1075 1096 1145 κειμένων,
1124 1076 1221 1132 καὶ
1262 1076 1694 1151 μηδενδςνάλλως

117 1166 255 1219 ταῦτ⁸
291 1165 436 1234 ἔχειν
471 1165 721 1229 εἰπόντος
756 1165 844 1227 ἂν,
886 1165 989 1221 κᾶν
1038 1166 1249 1237 σφόδρα
1298 1168 1603 1239 φιλόνεικος
1633 1163 1692 1241 ᾖ,

118 1257 205 1311 καὶ
237 1257 381 1328 ὑμᾶς
407 1258 507 1328 τὴν
539 1256 715 1328 αὐτὴν
749 1256 970 1312 ἑλέσθαι
1007 1260 1147 1331 πρὸς
1176 1259 1244 1314 τά
1277 1259 1526 1330 παρόντα
1551 1258 1694 1327 γνώ-

120 1362 221 1414 μην
271 1346 607 1414 ἐπάναγκες,
654 1347 749 1399 καὶ
800 1346 898 1400 τοῦ
945 1349 1067 1411 ταῖς
1111 1349 1362 1419 Γραφαϊς
1407 1350 1695 1419 γινόμενον

114 1436 481 1493 διασώσασθαι
532 1438 711 1493 πάντα
745 1438 903 1507 ἄγειν
953 1438 1184 1495 ἐλάττω.
1240 1440 1368 1494 Em
1416 1440 1527 1512 γὰρ
1558 1441 1694 1511 πρὸς

116 1528 338 1583 ϊκαστον
378 1528 491 1583 τῶν
534 1531 826 1602 μακαρίων
855 1530 1088 1593 ὶκείνων
1131 1531 1239 1605 χρὴ
1269 1533 1505 1599 ἀπιδεῖν,
1536 1533 1696 1604 ὑμεῖς

111 1621 257 1686 ὄντες
283 1621 528 1677 τοσοῦτοι
546 1623 890 1695 δικαιότερον
915 1625 982 1679 ἀν
999 1625 1096 1679 καὶ
1118 1624 1476 1698 βουληθείητε
1494 1630 1692 1692 ταῦτα,

116 1715 203 1769 καὶ
230 1715 682 1788 καταπράξαισθε
704 1732 719 1748 ⁸
739 1717 849 1772 εἴτε
872 1717 1084 1782 πάντας
1114 1716 1251 1789 ὁμοῦ
1296 1717 1560 1786 λογιεῖταί
1590 1736 1696 1782 τις,

1793 723 2004 779 proque
2028 724 2126 765 sua
2168 709 2629 792 ipsorumsalnte
2684 715 3029 783 propositum
3083 713 3189 771 sibi
3242 713 3392 770 scie-

1791 804 1929 858 bant
1963 818 1976 855 :
2014 812 2066 857 et
2101 817 2226 857 cum
2261 802 2388 873 ipso
2412 804 2661 874 quidem,
2695 816 2847 861 recte
2880 823 2941 863 se
2985 806 3094 862 alia
3136 814 3394 878 peractu-

1762 924 1765 927 η
1798 911 1909 959 ros,
1950 896 2054 951 hoc
2084 904 2269 950 autem
2299 909 2411 950 uno
2458 895 2796 965 posthabito,
2836 898 3049 969 reliqua
3094 899 3267 956 etiam
3329 914 3393 956 se

1797 987 2108 1043 amissuros
2143 986 2302 1057 plane
2334 988 2660 1043 censebant.
2987 1034 2993 1040 .

1868 1077 1965 1135 His
1997 1079 2163 1148 igitur
2192 1080 2264 1135 ita
2296 1095 2357 1136 se
2377 1080 2736 1146 habentibus,
2760 1095 2884 1153 qua:
2914 1081 3072 1138 aliter
3104 1098 3163 1139 se
3188 1084 3397 1140 habere

1796 1184 1956 1224 nemo
1996 1184 2236 1239 unquam
2286 1170 2505 1234 dixerit,
2556 1171 2647 1226 vel
2700 1170 2936 1226 nimium
2987 1174 3395 1238 contentiosus,

1798 1275 2026 1318 necesse
2073 1270 2158 1326 est
2207 1276 2304 1316 vos
2340 1262 2509 1317 etiam
2547 1261 2741 1317 eodem
2779 1278 2910 1335 erga
2951 1263 3241 1318 materiam
3274 1277 3402 1333 pro-

1799 1352 2033 1423 positam
2068 1352 2252 1408 animo
2282 1353 2426 1416 sitis,
2456 1362 2511 1409 et
2555 1355 2903 1423 postponatis
2946 1355 3136 1408 omnia
3166 1368 3404 1409 concor-

1796 1445 1900 1503 dia:
1924 1444 2356 1516 Scripturarum.
2384 1445 2517 1502 Sive
2538 1446 2683 1502 enim
2706 1454 2924 1518 oportet
2946 1446 3403 1517 inspieere,'quid

1797 1550 2021 1595 sanctus
2073 1541 2309 1611 quisque
2364 1540 2581 1611 egerit:
2615 1555 2734 1603 vos,
2782 1540 2876 1610 qui
2929 1549 3085 1595 tanto
3120 1539 3257 1595 estis
3300 1552 3405 1594 nu-

1794 1638 1976 1696 mero,
1997 1630 2199 1699 lustius
2222 1632 2327 1687 hoc
2350 1630 2494 1687 idem
2529 1641 2587 1688 et
2610 1633 2747 1688 velle
2781 1620 2994 1688 debetis
3022 1643 3077 1687 et
3103 1632 3399 1700 perlicere;

1801 1726 1916 1783 sive
1959 1724 2084 1795 quis
2137 1725 2300 1779 etiam
2333 1740 2430 1781 eos
2482 1724 2799 1781 consideret
2840 1727 3132 1782 universos
3160 1768 3175 1792 ,
3220 1742 3405 1798 opera

112 1807 167 1861 τὸ
204 1808 323 1877 μετ’
354 1807 598 1871 ἐκείνους
632 1809 714 1873 είς
773 1810 875 1880 τὴν
926 1809 1098 1883 αὐτὴν
1147 1808 1340 1881 χρείαν
1398 1811 1564 1880 ὑμᾶς,
1610 1810 1702 1869 καὶ

1812 1818 2043 1889 pretium
2070 1822 2155 1872 est
2182 1829 2281 1871 vos
2300 1816 2489 1903 eadem
2515 1825 2638 1887 post
2661 1816 2783 1873 illos
2806 1818 3136 1875 necessitate
3154 1818 3405 1886 adactos,

113 1900 324 1971 ζηλοῦν,
364 1900 651 1973 βούλεσθαι
680 1898 959 1967 λυσιτελές
978 1918 993 1936 ο
1018 1902 1114 1957 καὶ
1129 1900 1226 1975 τὴν
1258 1902 1511 1958 ιναντίαν
1536 1904 1696 1969 ἰοῦσι,

112 1993 289 2063 ψόγων
314 1992 492 2048 αἴτιον
525 1993 703 2049 ἔσται.
741 1995 938 2048 Καίτοι
967 1996 1080 2060 τοῖς
1115 1996 1240 2064 μὲν,
1276 1997 1324 2056 εί
1355 1997 1449 2051 καὶ
1485 1998 1560 2069 μὴ
1591 1999 1699 2050 πᾶ-

115 2102 216 2152 σιν,
243 2084 379 2141 ἀλλά
412 2088 522 2150 τοῖς
560 2104 624 2157 γε
660 2087 954 2159 προτέροις
994 2089 1049 2143 αἱ
1086 2088 1304 2160 Γραφαὶ
1338 2088 1502 2159 μόνον
1534 2088 1701 2160 προῦ-

108 2178 395 2244 κειντο,ἃς
426 2180 707 2251 δυσχερὲςρ
743 2180 843 2251 μεν
894 2175 985 2252 ἦν,
1033 2181 1187 2250 ὅμως
1213 2181 1256 2235 δ’
1294 2184 1525 2253 ἴσχυσαν
1564 2199 1702 2253 συμ-

112 2265 335 2329 ϐιϐάσαι
355 2288 371 2305 ⁸
396 2274 526 2343 ύμῖν
555 2273 602 2328 δ’
631 2273 693 2329 οὐ
725 2277 900 2347 μικρά
931 2274 1188 2347 βοηθείας
1219 2276 1534 2349 προσθήκη,
1562 2277 1700 2331 ἀλλά

110 2366 299 2441 σχεδὸν
327 2366 469 2436 αὐτὴ
494 2367 554 2421 τὸ
582 2369 692 2423 πᾶν
714 2364 869 2436 οὖσα,
905 2368 969 2422 αϊ
992 2386 1050 2421 τε
1083 2369 1193 2424 τῶν
1240 2368 1579 2426 διδασκάλων
1608 2370 1701 2423 ἐπὶ

112 2462 227 2524 ταῖς
260 2461 512 2531 Γραφαῖς
541 2459 857 2532 ιξηγήσεις,
887 2462 979 2514 καὶ
1015 2460 1167 2515 ἄλλοι
1213 2462 1420 2516 τούτων
1464 2463 1697 2530 ἀγῶνες,

110 2552 203 2617 οὒς
232 2555 325 2606 ἰπὶ
356 2551 565 2624 ἐλέγχῳ
595 2557 695 2623 μὶν
739 2552 850 2607 τῶν
894 2553 1311 2624 ἀνθισταμένων
1346 2557 1413 2626 τῇ
1444 2555 1699 2626 ἀληθείᾳ.

112 2644 406 2715 βεϐαιώσει
447 2644 504 2698 δὲ
552 2646 664 2699 τῶν
716 2646 936 2700 οἰκείων
989 2647 1087 2700 καὶ
1140 2646 1482 2719 πειθομένων
1518 2650 1701 2714 αὐτοῖς

111 2739 504 2810 ἐνεστήσαντο·
538 2736 614 2794 ῶν
638 2739 910 2796 τοσούτων
934 2740 1110 2797 ὄντων
1140 2742 1234 2795 καὶ
1266 2742 1701 2814 μαρτυρούντων

112 2829 366 2901 ἀλλήλοις
399 2830 501 2902 τὴν
532 2832 872 2901 συμφωνίαν,
895 2831 1087 2902 ὥσπερ
1117 2833 1314 2904 ὁδηγόν
1336 2850 1457 2886 τινα
1483 2833 1702 2902 ἀπλανῆ

110 2921 211 2989 τῆς
244 2921 590 2994 ζητουμένης
645 2923 909 2993 ἀληθείας
966 2923 1157 2980 λαϐεῖν
1193 2925 1502 2998 ’πρόχειρόν
1554 2927 1704 2980 ἐστιν
1739 2928 1744 2933 ’

112 3014 265 3070 οὐδὲν
298 3007 462 3087 ἦττον
497 3014 527 3085 ἢ
561 3014 787 3071 δίκαιον.
824 3016 999 3072 ’Ἀλλὰ
1029 3016 1098 3070 τὰ
1130 3017 1229 3087 μὲν
1256 3019 1385 3089 περὶ
1418 3018 1528 3073 τῶν
1559 3018 1708 3073 διδα-

117 3106 337 3160 σκά“ιων
373 3107 607 3174 αὐτίκα,
647 3107 718 3160 τά
746 3107 804 3162 δὲ
851 3108 960 3162 τῶν
1010 3109 1246 3180 Γραφῶν
1294 3110 1586 3182 ἀξιώματα
1619 3112 1702 3165 δεῖ

1804 1912 2022 1967 illorum
2065 1910 2205 1966 velle
2238 1910 2409 1990 'seq‘ui
2454 1910 2721 1980 vestigia;
2772 1912 3025 1982 opposita
3070 1928 3202 1969 vero
3256 1913 3407 1969 ince-

1800 2006 1994 2062 dentes
2046 2005 2138 2061 via
2171 2004 2659 2074 reprehensionem
2715 2020 2820 2060 non
2871 2002 3168 2077 eﬂ'ugietis.
3217 2005 3409 2073 Quan-

1802 2114 1965 2169 quam
2001 2098 2109 2153 illis
2139 2098 2384 2168 quidem,
2415 2097 2520 2152 etsi
2563 2112 2671 2152 non
2706 2097 2987 2162 erunibus,
3028 2108 3085 2153 at
3120 2108 3267 2154 certe
3292 2098 3405 2169 pri-

1804 2191 1947 2253 mis,
1982 2190 2113 2246 solae
2149 2188 2449 2263 Scriptum
2481 2199 2639 2244 erant
2664 2188 2741 2244 ob
2765 2190 2981 2254 oculos,
3017 2206 3153 2262 quas
3185 2190 3405 2248 diﬂicile

1802 2283 2045 2355 quidem,
2082 2281 2308 2353 potu’ere
2357 2292 2540 2337 tamen
2591 2284 2645 2338 in
2693 2298 2859 2337 unam
2905 2297 3173 2338 revocare
3206 2298 3408 2339 conve-

1803 2368 2064 2434 nientiam
2094 2394 2112 2431 :
2164 2372 2220 2432 at
2251 2376 2411 2432 vobis
2450 2392 2560 2431 non
2602 2391 2768 2447 parva
2820 2374 3123 2445 adiumenti
3157 2375 3409 2434 accessio

1803 2476 1911 2535 est,
1949 2471 2059 2525 imo
2079 2484 2212 2526 vero
2248 2469 2369 2539 ipsa
2413 2454 2586 2524 totum
2636 2467 2753 2523 fere
2796 2470 2980 2534 valet,
3012 2470 3159 2538 quod
3218 2469 3410 2525 docto-

1800 2578 1925 2618 rum
1974 2562 2349 2633 expositiones
2395 2562 2449 2617 in
2490 2560 2831 2631 Scripturas,
2868 2571 2924 2618 ct
2949 2562 3262 2617 certamina
3308 2575 3404 2617 eo-

1807 2669 1927 2708 rum
1967 2646 2179 2722 ltabetis
2227 2654 2544 2725 proposita,
2580 2668 2704 2724 qua:
2754 2654 2829 2707 illi
2881 2662 2997 2709 tum
3041 2653 3109 2708 ad
3156 2650 3409 2709 veritatis

1808 2744 1994 2799 hostes
2035 2744 2468 2816 redarguendos,
2504 2751 2622 2798 tum
2676 2743 2742 2797 ad
2791 2758 2924 2799 suos
2972 2740 3405 2805 confirmandos.

1807 2835 1971 2891 dictis
1996 2836 2206 2891 scilicet
2224 2849 2413 2890 eorum
2448 2834 2762 2901 audientes,
2786 2849 3103 2904 suscepere.
3132 2832 3406 2899 Quorum,

1808 2942 1932 2981 cum
1963 2925 2100 2981 adeo
2134 2925 2300 2995 multi
2346 2925 2567 2995 sibique
2601 2924 2840 2979 invicem
2888 2935 3053 2981 teStes
3087 2926 3198 2979 sint
3222 2966 3238 2991 ,
3273 2938 3411 2979 con-

1804 3019 2125 3075 sensionem
2161 3018 2320 3074 facile
2352 3019 2558 3088 pariter
2587 3032 2653 3072 ac
2695 3017 2902 3087 justum
2937 3025 3021 3073 est
3066 3031 3284 3071 sumere
3314 3029 3413 3071 ve-

1815 3112 1913 3167 luti
1950 3112 2143 3167 ducem
2173 3110 2541 3165 certissimum
2578 3110 2644 3165 ad
2678 3111 2965 3165 veritatem
2987 3102 2993 3107 ’
3018 3104 3412 3177 indagandam.

106 3199 491 3257 συνάπτεσθαι
538 3199 778 3273 πρῶτον.
831 3202 988 3273 Ἔχει
1039 3203 1149 3272 γάρ
1181 3204 1323 3258 οὕτω
1348 3222 1363 3237 ο
1395 3204 1467 3260 Τὸ
1504 3207 1603 3275 μὲν
1642 3209 1705 3262 ὲκ

1812 3210 1888 3261 Ac
1918 3207 1985 3261 dc
2005 3205 2291 3261 doctorum
2324 3205 2544 3274 quidem
2567 3217 2836 3259 consensu
2862 3212 3052 3271 postea
3083 3217 3097 3255 :
3136 3201 3289 3271 prius
3319 3214 3418 3254 au-

111 3293 210 3347 τοῦ
263 3294 479 3365 Πατρὶς
529 3293 933 3365 ἐκπορεύεσθαι
960 3296 1021 3350 τὺ
1050 3285 1279 3368 Πνεῦμα
1318 3298 1379 3353 τὸ
1407 3299 1565 3368 ἆγιον
1593 3301 1707 3353 κεῖ-

112 3402 207 3438 ται
232 3384 331 3456 μὲν
361 3384 663 3458 διαρρήδην
683 3388 741 3442 ὲν
760 3390 826 3459 τῇ
858 3387 1078 3471 Γραφῇ,
1099 3390 1443 3471 ύμολογεῖται
1470 3392 1527 3446 δὲ
1556 3394 1709 3464 παρά

116 3478 342 3533 πάντων
373 3479 553 3549 ἡμῶν,
587 3482 685 3541 καὶ
727 3481 789 3535 οὐ
826 3461 1205 3554 μᾶλλονπρὺς
1244 3484 1503 3555 Γραικῶν
1534 3486 1565 3557 ἢ
1601 3461 1708 3540 Aia-

114 3568 285 3623 τίνων
312 3571 516 3640 ἕστηκε
554 3571 733 3637 τοῦτο,
764 3571 873 3627 οὐδ’
912 3572 1061 3627 ἐστιν
1094 3574 1159 3627 ἐκ
1188 3573 1380 3630 τούτου
1427 3575 1578 3633 λύειν
1610 3576 1711 3645 τὴν

114 3661 579 3734 ἀμφισϐήτησιν·
612 3663 736 3717 οὔτε
794 3664 903 3734 γὰρ
954 3667 1173 3736 ἀνάγκη
1218 3668 1314 3721 καὶ
1356 3667 1419 3720 ὲκ
1450 3666 1543 3722 τοῦ
1581 3667 1709 3721 Υίοῦ

119 3754 376 3821 προϊέναι
412 3756 474 3808 τὸ
512 3756 737 3825 Πνεῦμα
765 3755 956 3810 τούτου
987 3760 1268 3828 κειμένου,
1301 3756 1413 3812 οὔτ’
1441 3758 1709 3813 ἀδύνατον

116 3847 219 3899 καὶ
266 3847 331 3901 ἐκ
380 3847 472 3902 τοῦ
506 3847 638 3901 Υῖοῦ
689 3849 1108 3921 ἐκπορεύεσθαι.
1152 3852 1216 3905 Ἥ
1256 3853 1363 3923 γὰρ
1400 3854 1711 3921 κατάφασις

115 3938 267 4008 αὕτη
306 3937 403 4011 τὴν
434 3939 627 4010 ἑτέραν
653 3940 964 4009 κατάφασιν
991 3940 1113 3995 οὔτε
1143 3943 1380 4013 τίθησιν,
1407 3942 1518 3997 οὒτ’
1561 3945 1713 3999 ἀναι-

117 4035 247 4102 ρεῖ,
275 4032 392 4085 ἀλλ’
417 4031 692 4103 ἐνδέχεται
723 4033 822 4104 μὲν
856 4036 920 4087 ἐκ
960 4034 1057 4088 τοῦ
1093 4036 1223 4089 Υίοῦ
1256 4036 1529 4106 προϊέναι,
1564 4037 1714 4091 ἑνδέ-

115 4141 282 4194 χεται
312 4124 367 4178 δὲ
395 4125 491 4178 καὶ
524 4124 598 4194 μὴ
632 4127 881 4196 προϊέναι
912 4128 1035 4180 ὅσον
1064 4126 1128 4180 ἐκ
1156 4144 1219 4195 γε
1259 4129 1352 4182 τοῦ
1386 4130 1542 4197 λόγου
1565 4148 1577 4163 υ
1608 4131 1717 4183 ὥσ·

114 4233 234 4291 περ
286 4218 340 4271 εί
380 4234 466 4280 τις
508 4217 658 4286 λέγοι
702 4218 795 4271 τὸν
839 4218 1125 4289 ἄνθρωπον
1172 4214 1312 4275 εἶναι
1365 4209 1540 4286 ζέῖιον,
1589 4221 1715 4275 οὔτε

116 4312 372 4380 λογικὸν,
399 4304 540 4364 εἶναι
570 4309 788 4377 τίθησιν
819 4309 879 4376 ἐξ
909 4310 1178 4381 ἀνάγκης,
1214 4310 1337 4366 οὔτε
1386 4313 1533 4367 τοῦτ’
1565 4316 1719 4368 ἀναι-

122 4402 266 4472 psi"
290 4400 469 4455 καίτοι
507 4400 643 4471 πρὸς
676 4399 769 4454 τὸν
816 4401 917 4468 τῆς
951 4403 1181 4471 προόδου
1215 4402 1321 4456 τῶν
1354 4403 1515 4459 θείων
1547 4422 1719 4476 προσ-

112 4494 295 4549 ώπων
325 4495 534 4565 τρόπον
560 4495 845 4563 ἀφορῶσιν
878 4498 1011 4565 ἡμῖν
1042 4498 1136 4549 καὶ
1175 4497 1243 4566 ἢν
1277 4497 1326 4550 οἱ
1358 4484 1495 4552 θεῖοι
1540 4499 1717 4553 Πατέ-

1808 3308 1920 3353 tem
1946 3299 2213 3369 agendum
2230 3298 2396 3353 estde
2424 3295 2812 3351 convenientia
2840 3292 3242 3349 sententiarum
3263 3290 3411 3346 Scri-

1812 3397 2009 3459 pturae,
2045 3388 2245 3443 etenim
2292 3403 2382 3442 res
2412 3388 2485 3442 ita
2514 3403 2573 3442 se
2602 3386 2767 3441 habet
2796 3404 2808 3438 :
2846 3384 3110 3455 Spiritum
3154 3389 3408 3437 sanctum

1813 3494 1881 3536 ex
1907 3478 2068 3535 Patre
2093 3480 2414 3549 procedere,
2435 3487 2672 3533 testatur
2701 3476 2990 3531 manifeste
3014 3472 3326 3542 Scriptura,
3359 3480 3413 3525 et

1811 3574 2181 3629 communiter
2229 3587 2421 3627 omnes
2475 3571 2713 3625 fatemur
2745 3611 2759 3635 ,
2815 3583 2920 3623 nec
2976 3567 3153 3638 magis
3199 3564 3411 3620 Grascis

1817 3680 1978 3734 quam
2012 3666 2220 3735 Latinis
2259 3664 2311 3718 id
2346 3664 2513 3725 favet,
2550 3678 2650 3717 nec
2679 3661 2917 3717 solvitur
2973 3675 3078 3729 per
3121 3660 3225 3714 hoc
3255 3657 3418 3712 dubi-

1817 3758 1969 3812 tatio.
2004 3757 2115 3813 lloc
2144 3758 2291 3812 enim
2326 3755 2528 3825 posito.
2576 3764 2755 3823 neque
2788 3752 3167 3807 necessarium
3235 3763 3417 3818 neque

1814 3847 2160 3917 impossibile
2190 3856 2298 3912 est,
2320 3846 2487 3900 etiam
2521 3859 2587 3899 ex
2622 3844 2761 3926 Filio
2789 3844 3089 3915 procedere
3119 3842 3411 3912 Spiritum,

1819 3952 1944 3993 cum
1991 3938 2108 3992 haec
2145 3924 2441 3993 afﬁrmatio
2479 3952 2581 3991 nec
2628 3924 2793 4005 ponat
2850 3951 2952 3991 nec
2988 3936 3145 3991 tollat
3185 3936 3413 4011 alteram

1820 4030 2267 4095 affirtnationem,
2302 4029 2398 4085 sed
2432 4028 2695 4099 possibile
2726 4028 2797 4082 sit
2824 4042 2889 4082 ex
2928 4027 2973 4081 vi
3013 4028 3176 4097 hujus
3219 4040 3419 4096 prope-

1822 4125 2040 4181 sitionis
2101 4123 2395 4193 procedere
2430 4132 2525 4176 aut
2560 4137 2667 4175 non
2711 4121 3005 4190 procedere
3032 4135 3097 4173 ex
3138 4117 3314 4186 Filio;
3357 4127 3418 4174 ut

1822 4216 1914 4284 qui
1954 4215 2089 4269 dicit
2130 4213 2406 4269 hominem
2436 4226 2558 4267 esse
2588 4211 2815 4276 animal,
2853 4225 2953 4267 nec
2984 4210 3212 4265 rationis
3245 4210 3422 4281 parti-

1826 4311 2001 4379 cipem
2050 4307 2202 4361 illum
2256 4304 2569 4360 necessario
2616 4301 2837 4362 asserit.
2890 4317 3068 4372 neque
3124 4302 3176 4356 id
3229 4312 3416 4373 negat.

1825 4402 2150 4471 Quanquam
2183 4400 2229 4455 si
2264 4399 2484 4453 modum
2532 4394 2907 4464 processionis
2942 4394 3254 4450 divinarum
3288 4410 3418 4466 per-

1826 4468 2089 4550 sonarum
2119 4501 2451 4563 spectemus,
2484 4490 2849 4559 ordinemque
2886 4488 2993 4543 illis
3020 4490 3363 4559 assignatum
3392 4507 3422 4545 a

115 4602 227 4657 ρες
251 4587 461 4650 τούτοις
490 4587 785 4640 ἀπέδωκαν
811 4587 987 4654 τάξιν,
1017 4588 1199 4656 τίθησι
1228 4590 1322 4643 καὶ
1353 4589 1487 4642 πολὺ
1514 4590 1708 4660 μᾶλλον

1826 4587 2034 4665 sanctis
2073 4584 2350 4647 Patribus,
2386 4582 2562 4638 multo
2599 4581 2771 4650 magis
2799 4580 3096 4637 afﬁrmatio
3136 4582 3291 4651 ponit
3332 4582 3420 4636 af-

112 4678 151 4747 ἠ
220 4680 530 4754 κατάφασις
576 4678 675 4749 τὴν
712 4679 1053 4747 κατάφασιν.
1100 4680 1221 4733 Τῶν
1270 4680 1379 4752 γὰρ
1428 4678 1505 4751 τῷ
1541 4685 1719 4753 Πατρὶ

110 4771 445 4839 προσόντων
487 4772 581 4849 καὶ
610 4771 701 4823 τὸν
725 4771 851 4824 re»
876 4772 956 4823 δεῖ
981 4774 1282 4838 κοινωνεῖν,
1313 4773 1381 4829 ἂν
1415 4776 1489 4846 μή
1523 4791 1575 4828 τι
1606 4793 1713 4829 κω-

110 4862 240 4934 λύῃ
264 4880 277 4893 ·
312 4865 403 4916 καὶ
442 4866 504 4916 τὸ
534 4863 622 4917 διά
651 4880 798 4927 τινος
840 4864 901 4918 ἔκ
927 4882 1072 4929 τινος
1106 4867 1386 4931 οὐσιωδῶς
1421 4870 1611 4939 προϊὸν
1636 4871 1718 4923 atl-

108 4958 255 5008 τίαν
283 4955 397 5027 ἔχει
431 4958 527 5011 καὶ
554 4957 616 5010 τὸ
662 4956 731 5011 δι’
757 4956 817 5011 οὗ
856 4959 1071 5029 πρόεισι
1092 4975 1107 4992 ο
1142 4961 1395 5032 καθάπερ
1426 4963 1481 5016 εί
1502 4980 1587 5026 τις
1616 4963 1716 5035 τὴν

111 5049 348 5117 θέρμην
379 5052 443 5105 ὲκ
474 5049 571 5102 τοῦ
618 5048 771 5119 ἡλίου
816 5037 1186 5122 προέρχέσθαι
1238 5053 1409 5121 λέγοι,
1437 5056 1499 5108 τὸ
1526 5057 1621 5109 καὶ
1653 5058 1718 5110 ἐκ

108 5144 235 5213 τῆς
275 5143 491 5205 ἀκτῖνος
522 5142 774 5210 προϊέναι
834 5142 1006 5212 αὐτὴν
1040 5143 1163 5198 οὔτε
1206 5144 1418 5216 τίθησιν
1445 5145 1556 5201 οὔτ’
1584 5150 1719 5201 ἀνα-

107 5234 329 5304 τρέπει
350 5250 363 5264 ⁸
388 5233 584 5286 οὔκουν
616 5233 677 5286 ἔκ
708 5249 770 5300 γε
801 5233 895 5289 τοῦ
924 5235 1086 5301 λόγου
1116 5252 1129 5267 ο
1164 5240 1340 5292 καίτοι
1363 5241 1547 5311 τίθησι
1580 5244 1719 5311 μᾶλ-

112 5326 255 5389 λον,
289 5324 350 5379 ἄν
386 5342 471 5387 τις
500 5325 591 5383 τὸν
622 5325 722 5395 τῆς
765 5326 993 5396 προόδου
1036 5329 1239 5395 τρόπον
1288 5330 1578 5400 λογίζοιτο,
1626 5334 1722 5388 καὶ

111 5416 190 5469 τὸ
234 5416 519 5483 μεσιτεῦον
549 5417 618 5486 ἦν
648 5434 770 5471 τινα
794 5418 948 5482 τάξιν
974 5420 1111 5489 πρὸς
1137 5422 1399 5493 ἑκάτερον
1424 5424 1537 5494 ἔχει
1557 5441 1572 5456 ’
1598 5427 1722 5479 τότε

108 5512 255 5578 γὰρ
285 5509 344 5560 τὸ
372 5509 459 5562 διὰ
491 5508 591 5579 τῆς
624 5512 841 5575 ἀκτῖνος
888 5513 1136 5581 φυσικῶς
1183 5515 1372 5586 προϊὸν
1415 5519 1510 5570 καὶ
1541 5516 1602 5583 ἐξ
1630 5518 1727 5573 αύ-

110 5604 248 5672 τῆς
296 5603 365 5667 ὡς
413 5604 479 5657 ὲκ
530 5605 838 5675 προσεχοῦς
893 5608 1073 5672 αἰτίας
1108 5609 1475 5681 προέρχεσθαι
1507 5613 1726 5676 πάντως

110 5696 301 5765 ἐρεϊέ
327 5696 459 5760 τέως
493 5695 551 5748 δὲ
586 5696 678 5749 τὸν
715 5696 875 5763 λόγον
923 5698 1085 5767 μόνον
1119 5702 1472 5767 σκοποῦντες,
1498 5701 1721 5755 ὀὐδέτε-

113 5804 244 5861 ρον
282 5786 339 5852 ὶξ
370 5788 615 5856 ἀνάγκης
651 5788 1089 5860 ἀποφαινόμεθα.
1127 5790 1254 5867 Ἆρ’
1284 5793 1377 5851 οὖν
1408 5794 1551 5850 οὕτω
1582 5795 1723 5853 κάπὶ

467 5881 739 5944 Panos.
780 5881 896 5943 Gn.
924 5881 1082 5955 CLX

1826 4680 2192 4753 iirmationem
2246 4694 2259 4730 :
2302 4692 2429 4731 nam
2462 4690 2527 4731 ea
2555 4689 2676 4745 qua:
2708 4670 2867 4726 Pater
2897 4672 3082 4736 habet,
3121 4673 3232 4725 sint
3257 4672 3418 4730 etiam

1824 4771 1964 4827 Filio
1998 4769 2313 4826 communia
2351 4783 2582 4824 necesse
2616 4774 2730 4831 est,
2783 4764 2889 4818 nisi
2939 4764 3144 4833 aliquid
3185 4763 3368 4821 obstet
3402 4783 3417 4821 :

1822 4874 1876 4920 et
1920 4864 2066 4935 quod
2108 4879 2171 4921 ex
2231 4862 2417 4933 aliquo
2466 4876 2563 4937 per
2609 4857 2813 4927 aliquid
2865 4858 3238 4913 essentialiter
3297 4872 3423 4927 pro-

1823 4960 1939 5022 dit,
1996 4972 2216 5013 causam
2260 4956 2425 5010 habet
2465 4953 2598 5007 illttd
2658 4950 2822 5005 etiam
2875 4965 2974 5020 per
3022 4951 3169 5020 quod
3220 4950 3419 5017 prodit,

1821 5063 1883 5110 ut
1915 5052 1960 5107 si
1998 5050 2122 5120 quis
2172 5048 2408 5103 calorem
2458 5061 2489 5101 e
2541 5044 2656 5098 sole
2711 5043 2857 5096 dicat
2894 5042 3050 5106 oriri,
3088 5041 3238 5097 illum
3271 5060 3301 5098 e
3334 5058 3422 5098 ra-

1827 5145 1917 5200 dio
1961 5156 2181 5214 quoque
2234 5141 2364 5194 oriri
2422 5153 2599 5207 neque
2656 5134 2733 5189 ait
2793 5150 2972 5203 neque
3032 5143 3214 5206 negat,
3268 5134 3416 5205 quod

1828 5236 2023 5292 attinet
2042 5236 2111 5290 ad
2143 5235 2318 5304 ipsam
2345 5231 2801 5303 propositionem,
2836 5244 3155 5299 quanquam
3190 5227 3419 5283 afﬁrmat

1834 5330 2033 5402 magis,
2065 5329 2111 5384 si
2150 5329 2276 5397 quis
2330 5326 2552 5380 modum
2590 5321 2975 5394 productionis
3009 5321 3342 5385 consideret,
3366 5329 3422 5375 ct

1832 5425 2083 5479 ordinem
2111 5435 2272 5492 quem
2305 5419 2467 5479 habet
2496 5417 2563 5470 ad
2600 5425 2897 5486 utrumque
2927 5430 3016 5470 res
3056 5410 3375 5468 iutcrmedia
3401 5426 3419 5477 ;

1828 5526 1963 5574 tunc
1997 5517 2142 5573 enim
2171 5516 2328 5584 plane
2356 5529 2462 5567 non
2494 5511 2715 5581 negabit
2744 5526 2809 5565 ex
2838 5513 2958 5581 ipso
2989 5512 3147 5603 etiam
3179 5506 3328 5561 radio
3360 5517 3422 5563 ut

1828 5610 2077 5683 proxima
2108 5622 2273 5664 causa
2311 5606 2467 5669 oriri,
2504 5604 2650 5672 quod
2691 5618 2788 5673 per
2820 5603 2969 5657 illum
3006 5606 3227 5655 emanat
3259 5607 3421 5653 natu“

1830 5704 2017 5758 raliter
2052 5716 2068 5757 :
2099 5702 2314 5758 interim
2356 5700 2408 5756 id
2436 5699 2613 5755 solum
2648 5697 3080 5758 considerantes,
3116 5693 3263 5765 quod
3295 5708 3423 5762 pro.

1831 5797 2144 5855 nuntiatum
2199 5804 2308 5865 est,
2357 5802 2615 5851 neutrum
2669 5790 3029 5862 exprimimus
3077 5783 3417 5847 necessario.
