3966 6328
519 154 632 187 υυά

494 320 784 416 :monium,
829 342 975 410 quod
1032 345 1236 414 primas
1277 347 1352 402 illi
1386 320 1611 406 tulerint
1653 354 1871 412 virtutis
1919 367 1971 412 et
2008 359 2104 413 do-

504 432 734 499 ctrinae,
771 435 1061 508 minasque
1086 455 1195 494 non
1227 443 1671 502 auscultantibus
1696 456 1953 521 proponi,
1986 468 2108 523 qua:

502 522 704 596 jactari
739 529 915 584 solent
953 531 1007 584 in
1054 548 1149 588 eos
1181 536 1276 605 qui
1319 553 1507 594 sacra-5
1539 542 1764 612 paginas
1799 560 1904 600 non
1941 522 2106 604 vene-

510 628 729 674 rantur.
765 620 952 690 Neque
983 627 1132 680 enim
1172 639 1267 683 aut
1298 631 1496 703 dogma
1541 636 1800 705 exiguum
1840 649 1964 706 est,
1989 643 2107 712 dig~

423 765 428 771 ,
507 728 748 783 numque
809 717 956 785 quod
1031 730 1469 793 contemnatur;
1532 739 1627 784 aut
1693 733 1918 800 putandi
1977 746 2106 791 sunt

504 804 623 869 illi,
675 809 825 877 quod
875 811 1073 869 fratres
1125 817 1373 873 colerent
1428 821 1943 897 observarentque,
2003 846 2105 885 vo-

503 899 672 956 luisse
743 901 1139 978 par-vipendere
1187 916 1697 989 sentcntiam,qu:e
1759 920 1862 977 sibi
1919 929 2104 980 tanto-

502 1006 632 1061 pere
680 995 1042 1068 displiceret,
1084 1014 1137 1057 et
1172 1014 1703 1079 corrumpendorum
1755 1027 2101 1086 posterorum

503 1087 752 1143 omnium
790 1102 1045 1151 auctores
1079 1098 1179 1167 ipsi
1212 1100 1404 1158 rideri.
1438 1104 1594 1170 Quod
1623 1107 1665 1162 si
1698 1124 1793 1174 per
1823 1111 1999 1166 solum
2030 1115 2105 1168 si-

506 1180 737 1238 lentium
776 1199 1071 1256 sperarunt
1103 1207 1162 1247 se
1195 1193 1479 1251 victoriam
1520 1212 1901 1271 reportaturus
1941 1206 2009 1261 ab
2041 1208 2106 1262 iis

508 1277 604 1345 qui
642 1281 806 1335 verba
837 1282 1102 1351 fecerunt,
1143 1296 1196 1341 et
1240 1304 1607 1358 persuasuros
1658 1299 1917 1356 omnibus
1946 1310 2005 1356 ut
2038 1303 2106 1356 ab

507 1365 722 1422 illorum
753 1376 1024 1428 sententia
1054 1377 1438 1443 abhorrerent.
1485 1401 1586 1442 nec
1626 1389 1936 1446 eruditione
1971 1410 2108 1461 pra:-

503 1461 806 1527 stantium,
855 1481 957 1521 nec
1006 1470 1297 1528 doctorum
1348 1474 1400 1527 id
1457 1475 1593 1534 foret
1635 1499 1648 1536 :
1694 1493 2107 1552 exspectassent

501 1553 649 1607 enim
685 1555 1073 1628 impossibilia,
1113 1580 1236 1635 quae
1272 1570 1434 1624 etiam
1471 1588 1580 1626 non
1614 1587 2102 1633 eveneruntznam

502 1652 743 1706 maxima
794 1663 847 1709 et
882 1661 1169 1725 potissima
1213 1665 1364 1719 orbis
1399 1675 1670 1724 terrarum
1719 1687 1843 1740 pars
1877 1687 1973 1728 eos
2015 1691 2105 1729 se-
2143 1660 2183 1718 Β

502 1745 713 1812 quitur,
759 1748 850 1815 qui
880 1751 946 1805 de
998 1753 1101 1809 hoc
1133 1759 1386 1828 dogmate
1437 1769 1566 1816 sunt
1600 1762 1792 1818 locuti.
1831 1766 1964 1822 Esse
2007 1785 2105 1823 au-

502 1845 607 1892 tem
638 1840 925 1898 ductorum
969 1847 1202 1906 dixerim
1230 1894 1244 1918 ,
1279 1871 1386 1909 non
1424 1873 1546 1926 qua:
1581 1870 1726 1914 recta
1763 1871 1891 1917 sunt
1924 1863 2104 1928 eﬂ‘ari,

503 1941 555 1983 ct
605 1946 782 2001 prava
837 1944 1049 1993 tantum
1106 1946 1492 2014 supprimere;
1531 1951 1625 2003 sed
1676 1952 1790 2008 haec
1842 1955 2003 2009 etiam
2053 1958 2104 2010 in
2146 1971 2149 1973 '

506 2023 748 2080 medium
788 2030 1056 2097 proferre,
1095 2045 1262 2105 atque
1309 2034 1500 2097 omnes
1553 2042 1758 2098 hortari
1813 2056 1871 2099 nt
1922 2063 1983 2101 ea
2024 2048 2108 2101 fu-

506 2117 694 2185 giant;
754 2129 808 2175 et
841 2139 905 2178 eo
955 2128 1128 2196 magis
1164 2139 1316 2195 tune,
1346 2147 1467 2185 eum
1507 2134 1621 2188 haec
1668 2138 1784 2204 ipsa
1815 2138 2108 2193 laudantur

503 2210 571 2264 ab
601 2212 746 2281 aliis,
784 2224 837 2270 et
873 2219 1094 2287 plurimi
1124 2222 1256 2277 tiunt
1293 2226 1425 2280 viris
1458 2237 1516 2281 et
1549 2229 1681 2298 ipsis
1714 2230 1910 2298 doctis,
1941 2241 2106 2303 atque

501 2304 567 2360 ad
604 2311 1048 2376 persuadendum
1088 2315 1322 2374 idoneis.
1351 2321 1459 2374 Aut
1487 2322 1530 2377 si
1563 2324 1788 2379 omnino
1819 2342 1914 2396 per
1942 2328 2106 2382 sileri-

503 2399 639 2454 tium
671 2401 718 2455 id
753 2418 811 2458 se
840 2404 1128 2464 eﬂecturos
1151 2411 1564 2479 existimabant,
1595 2426 1650 2470 at
1671 2425 1817 2472 certe
1845 2433 1873 2472 a
1903 2435 2106 2488 praeca-

502 2493 609 2548 niis
642 2497 943 2556 'abstinere
984 2503 1277 2570 debebant,
1307 2522 1356 2561 ει
1389 2521 1421 2562 a
1466 2523 1683 2564 summo
1717 2510 1944 2567 honoris
1970 2520 2104 2566 tem-

502 2602 696 2658 perare
732 2593 972 2658 cumulo,
1009 2594 1136 2649 dum
1170 2610 1264 2651 eos
1304 2608 1569 2654 ornarent
1597 2600 1877 2668 laudibus,
1910 2603 2002 2674 qui
2039 2607 2106 2660 de

503 2686 605 2740 hoc
639 2685 895 2755 dogmate
925 2689 1283 2760 disputarunt
1313 2711 1326 2748 :
1359 2695 1598 2751 scientes
1645 2712 1961 2753 sermonem
2008 2700 2106 2755 ho-

491 2779 788 2832 norarium
835 2781 1054 2836 silentio
1104 2784 1243 2838 nihil
1281 2793 1582 2844 attestante
1627 2789 1748 2858 plus
1783 2772 2101 2846 valiturum.

504 2871 805 2940 Oportebat
833 2874 976 2928 cnim
1013 2874 1148 2930 nihil
1182 2879 1408 2934 omnino
1440 2881 1640 2951 dicere,
1678 2893 1731 2939 et
1766 2899 1832 2940 eo
1872 2895 2102 2941 conteno

502 2973 588 3022 tos
626 2983 788 3035 esse,
829 2969 874 3024 si
917 2985 1108 3025 eorum
1146 2973 1238 3043 qui
1272 2974 1550 3044 dogmatis
1588 2979 1925 3039 mentionem
1963 2982 2101 3038 fece-

503 3070 631 3117 runt
666 3063 807 3118 dicta
844 3078 1018 3121 sacra:
1057 3064 1359 3139 Scripturae
1396 3072 1576 3128 verbis
1607 3076 2098 3145 erantcontraria;

506 3164 598 3209 aut
625 3156 671 3211 si
706 3172 801 3226 per
831 3157 923 3211 illa
953 3158 1117 3213 iiebat
1153 3170 1212 3215 ut
1248 3162 1462 3232 aliquid
1493 3179 1560 3220 ex
1599 3165 1870 3224 confessis
1924 3172 2097 3225 everti

501 3251 799 3307 manifeste
827 3254 1200 3324 contingeret.
1249 3257 1406 3314 Nunc
1451 3270 1634 3316 autem
1670 3277 1796 3317 cum
1829 3264 1963 3318 nihil
1999 3265 2104 3320 tale

475 3346 594 3410 sit,
628 3344 918 3418 suffragari
951 3350 1097 3403 nulla
1128 3365 1212 3404 res
1235 3361 1414 3421 potest
1450 3350 1642 3409 eoruin
1681 3356 1922 3424 silentio,
1956 3360 2102 3432 quod

500 3454 633 3494 sane
668 3456 932 3497 assensus
967 3444 1149 3512 potius
1182 3446 1501 3515 opinionem
1535 3463 1645 3518 pra:
1678 3464 1737 3505 se
1772 3448 1899 3518 fert,
1924 3468 2098 3523 quam

503 3533 645 3604 fuga:
704 3543 760 3590 et
809 3537 1138 3606 negationis.
1189 3537 1298 3594 Sed
1347 3551 1491 3607 esto,
1527 3540 1680 3596 ’nihil
1719 3543 1791 3598 illi
1837 3543 2099 3611 dixerint,

504 3629 881 3695 improbantcs
926 3630 1147 3699 quidem
1193 3635 1554 3698 sententiam,
1589 3638 1683 3691 sed
1733 3636 1964 3693 fratrum
2008 3640 2104 3695 ho-

505 3722 626 3776 neri
673 3723 1059 3789 consulentes,
1098 3725 1333 3797 litesque
1362 3735 1415 3783 et
1450 3745 1664 3800 pugnas
1716 3733 1959 3788 excitare
2009 3749 2104 3788 no-

505 3821 706 3888 lentes,
748 3836 859 3877 rem
915 3822 1525 3894 obvolvcrintsilentio,
1559 3829 1799 3898 atqu-ein
1831 3830 2107 3900 profundo

504 3915 688 3971 cordis
735 3915 1142 3972 dissensionem
1203 3918 1556 3976 occultarint.
1607 3921 1810 3978 Verum
1842 3927 1924 3995 {ex
1978 3926 2102 3990 hoc,

507 4024 635 4063 cum
668 4009 975 4064 l‘ormidinis
1003 4020 1057 4065 et
1091 4013 1376 4081 pravitatis
1409 4015 1728 4085 suspicione
1760 4031 1867 4072 tton
1902 4029 2105 4082 careat,

506 4101 754 4155 futurum
788 4111 906 4156 erat
961 4111 1020 4156 ut
1063 4118 1168 4157 non
1207 4105 1382 4176 magis
1421 4107 1602 4160 cmteri
1656 4122 1847 4164 omnes
1879 4125 2001 4164 cum
2043 4111 2109 4165 iis

507 4193 1006 4263 cunjuugcrentur,
1044 4210 1210 4266 quam
1248 4195 1436 4265 ap'erte
1468 4197 1942 4270 disjongerentur.
1971 4200 2105 4256 Nam

509 4298 636 4343 ante
667 4291 853 4344 omnia
899 4289 967 4344 de
1022 4289 1251 4345 veritate
1283 4291 1552 4348 sollicitos
1606 4308 1732 4348 esse
1780 4293 1903 4350 illos
1947 4311 2110 4365 opor-

1574 173 1950 208 uununu11
1983 160 2092 214 LP.

2210 158 2656 226 i'l'liIARCIL‘E
3700 176 3786 242 504

511 254 704 296 eorum
731 245 1070 306 mentionem
1103 251 1236 319 fieri,
1263 261 1315 308 et
1350 254 1754 326 amplissimum
1805 259 1923 316 dari
1961 264 2105 318 testi-

2223 269 2377 342 ἱερὰς
2403 278 2629 348 Γραφάς
2664 280 3031 351 ἀτιμάζουσιν
3067 285 3334 342 ἀπειλεῖν.
3382 285 3525 343 Οὔτε
3565 288 3670 358 γὰρ
3721 310 3791 360 μι·

2215 370 2347 437 κρόν
2378 387 2430 424 τι
2456 371 2515 424 τὸ
2538 372 2716 444 δόγμα
2741 374 2834 427 καὶ
2862 371 2973 430 οἷον
2999 377 3065 429 ἂν
3112 380 3630 450 καταφρονηθῆναι,
3682 381 3787 435 οὕτε

2213 468 2278 536 τῇ
2313 467 2442 535 περὶ
2480 469 2606 532 τοὺς
2644 469 2914 540 ἀδελφοὺς
2947 471 3208 543 εὐλαϐείᾳ
3238 473 3401 544 δόξης
3427 474 3604 539 οὕτως
3629 477 3788 537 αὐτοῖς

2213 563 2644 634 ἀπαρεσκούσης
2684 565 2974 634 ὀλιγωρεῖν
3014 566 3080 621 ἂν
3111 567 3530 638 ἠϐουλήθησαν,
3577 570 3665 622 καὶ
3705 570 3788 638 τῆς

2211 655 2321 708 τῶν
2349 657 2488 724 μετὰ
2521 656 2694 712 ταῦτα
2722 661 2942 713 πάντων
2976 661 3184 730 φθορᾶς
3222 663 3374 716 αὐτοὶ
3406 662 3587 715 δοκεῖν
3617 663 3782 717 αἴτιοι.

2225 749 2387 802 Ἀλλά
2418 749 2524 821 μὴν
2554 751 2603 802 εί
2632 750 2712 822 τῷ
2747 752 2973 820 σιγῆσαι
2999 753 3162 822 μόνον
3186 754 3427 822 ἤλπισαν
3455 752 3784 824 περιέσεσθαι

2141 881 2145 883 -
2212 843 2320 895 τῶν
2355 843 2640 908 εἰπόντων,
2672 846 2767 899 καὶ
2796 846 3008 898 πεὲσειν
3037 846 3247 909 πάντας
3278 849 3378 916 τῆς
3402 847 3626 899 ἐκείνων
3647 845 3784 913 δόξης

2213 939 2575 1005 ἀφίστασθαι,
2609 938 2733 993 οὔτε
2766 940 2902 1012 πρὸς
2938 933 3120 1010 σοφῶν
3141 941 3266 994 οὔτε
3300 942 3440 1010 πρὸς
3467 940 3802 994 διδασκάλων

2210 1032 2369 1086 τοῦτό
2396 1034 2448 1102 γ’
2480 1034 2545 1087 ἂν
2573 1030 2640 1106 ἦν
2668 1051 2681 1065 ’
2716 1037 2783 1088 τά
2808 1053 2861 1088 τε
2891 1037 2998 1106 γάρ
3045 1036 3289 1090 ἀδύνατα
3319 1035 3572 1104 γίνεσθαι
3608 1025 3800 1104 προσε-’

2210 1127 2408 1181 δόκων·
2443 1127 2637 1183 οὔκουν
2669 1131 2789 1184 οὐδὲ
2825 1131 3138 1199 γεγόνασιν,
3177 1130 3314 1184 ἀλλά
3340 1130 3402 1182 τὸ
3429 1129 3674 1182 πλεῖστον
3701 1127 3785 1180 νῦν

2209 1219 2310 1284 τῆς
2344 1221 2673 1291 οἰκουμένης
2707 1223 2800 1275 καὶ
2845 1222 3132 1275 κάλλιστον
3167 1221 3304 1290 μετά
3341 1220 3452 1274 τῶν
3502 1220 3784 1290 είρηκότων

2211 1314 2350 1366 ἔστί·
2378 1315 2472 1368 καὶ
2502 1313 2840 1368 διδασκάλων
2871 1315 3079 1384 εἴποιμ’
3113 1315 3179 1368 ἂν
3206 1315 3266 1368 οὐ
3299 1313 3359 1366 τὸ
3396 1313 3464 1366 τὰ
3503 1313 3600 1382 μὲν
3621 1312 3781 1378 ἀγαθά

2211 1399 2420 1477 λέγειν,
2458 1406 2525 1460 τὰ
2556 1407 2611 1461 δὲ
2666 1405 2845 1477 φαῦλα
2882 1410 3040 1476 μόνον
3098 1405 3280 1478 σιγᾷν,
3318 1406 3456 1459 ἀλλὰ
3483 1405 3582 1458 καὶ
3629 1404 3782 1457 ταῦτα

2212 1501 2488 1569 παράγειν
2528 1502 2608 1562 εἰς
2642 1500 2830 1569 μέσον,
2866 1500 2961 1552 καλ⁵
3010 1498 3234 1568 φεύγειν
3269 1499 3441 1552 ἅπασι
3475 1498 3782 1566 παραινεῖν·

2213 1595 2307 1648 καὶ
2347 1593 2525 1664 πολλῷ
2559 1593 2766 1661 μᾶλλον
2798 1595 2999 1647 ὁπόταν
3038 1593 3142 1647 ὕπὸ
3177 1609 3341 1646 τινων
3377 1592 3554 1645 ἄλλων
3581 1589 3785 1658 ἔπαινῆ-

2213 1705 2302 1740 ται
2329 1686 2522 1752 ταῦτα,
2563 1686 2658 1740 καὶ
2690 1686 2784 1740 τοῦ
2824 1685 3024 1747 παντὸς
3059 1685 3186 1750 ἄξια
3217 1687 3502 1755 κρίνηται,
3535 1685 3784 1739 κάκείνων

2215 1779 2397 1849 σοφῶν
2429 1782 2520 1832 καὶ
2550 1780 2760 1832 πείθειν
2793 1779 2960 1833 ὄντων
2988 1779 3176 1845 ἀξίων.
3211 1780 3274 1832 El
3306 1779 3363 1832 δὲ
3403 1781 3497 1832 καὶ
3523 1778 3620 1848 τὴν
3646 1776 3783 1845 σιγῆν

2213 1876 2348 1939 ὅλως
2380 1875 2633 1943 ἐνόμιζον
2669 1873 2816 1927 τοῦτ’
2843 1873 2976 1926 αὐτὸ
3015 1871 3501 1943 καταπράξασθαι,
3534 1873 3637 1924 ἔδει
3675 1873 3779 1939 φεί-

2211 1969 2398 2022 δεσθαι
2429 1968 2537 2020 τῶν
2564 1968 2986 2039 ἀνακηρύξεων,
3024 1969 3117 2020 καὶ
3154 1968 3230 2036 μὴ
3265 1970 3394 2030 τοῖς
3413 1969 3555 2021 κατά
3583 1967 3684 2019 τῶν
3714 1965 3780 2016 si-

2213 2061 2425 2113 πόντων
2453 2045 2698 2121 ἐπαίνοις
2733 2061 2914 2112 πᾶσαν
2941 2057 3256 2126 ὑπερϐολὴν
3290 2057 3456 2125 τιμῆς
3489 2053 3778 2126 παρελθεῖν,

2210 2153 2419 2216 εἰδότας
2453 2153 2528 2215 ὡς
2582 2154 2740 2221 λόγος
2776 2153 2916 2221 μετά
2967 2152 3137 2222 τιμῆς
3202 2150 3413 2219 σιωπῆς
3477 2147 3779 2219 ἁμαρτύῳν

2214 2246 2441 2316 βελτίων
2479 2245 2653 2299 ἔσται·
2689 2246 2798 2299 ἔδει
2834 2246 2942 2316 γὰρ
2968 2245 3258 2314 ἀγαπῆσαι
3298 2243 3461 2313 μόνον
3513 2241 3779 2309 σιγῶντας,

2211 2342 2258 2394 εί
2292 2339 2359 2393 τὰ
2400 2339 2509 2391 τῶν
2545 2341 2816 2392 εἰπόντων
2847 2340 2960 2402 τοῖς
2989 2337 3152 2408 ἱεροῖς
3177 2338 3382 2404 λογίοις
3415 2337 3721 2401 ἀνθίστατο,
3755 2335 3780 2403 ἢ

2209 2431 2262 2484 εί
2284 2448 2334 2483 τι
2358 2429 2467 2482 τῶν
2493 2429 2953 2500 ὁμολογουμένων
2977 2430 3035 2494 ἐξ
3065 2429 3246 2482 αὐτῶν
3275 2428 3528 2497 φανερῶς
3559 2427 3782 2480 συνέὅαι-

2187 2543 2299 2582 ,νεν
2358 2524 2745 2596 ἀναιρεῖσθαιο
2778 2523 2872 2577 νῦν
2932 2524 2988 2576 δὲ
3042 2522 3276 2593 μηδενδς
3327 2521 3482 2586 δντος
3533 2522 3778 2581 τοιοῦτον,

2209 2615 2517 2686 ἀϐοήθητος
2550 2614 2730 2678 αὐτοῖς
2767 2616 2800 2684 ἠ
2836 2614 3018 2685 σιωπὴ
3049 2610 3432 2686 κατελείπετο,
3463 2615 3559 2666 καὶ
3589 2629 3776 2679 συγκα-

2209 2709 2484 2772 ταθέσεως
2521 2707 2724 2779 μᾶλλον
2766 2707 2797 2776 ἧ
2833 2706 3016 2778 φυγῆς
3063 2707 3160 2760 καὶ
3208 2707 3498 2778 ἀρνήσεως
3558 2708 3777 2776 φέρουσι

2206 2802 2384 2869 δόξαν.
2418 2801 2632 2855 Κείσθω
2654 2801 2708 2855 δὲ
2749 2803 2847 2856 καὶ
2874 2804 3289 2870 κατεγνωκότας
3321 2800 3421 2870 μὲν
3469 2801 3572 2854 οὐκ
3604 2801 3777 2860 εἰπεῖν,

2209 2898 2383 2968 φειδοῖ
2415 2897 2472 2950 δὲ
2507 2897 2608 2967 τῆς
2639 2895 2749 2949 τῶν
2778 2895 3026 2965 ἀδελφῶν
3055 2895 3285 2966 ἀτιμίας
3331 2896 3429 2948 καὶ
3463 2895 3540 2965 τῷ
3573 2895 3645 2966 μὴ
3669 2892 3778 2964 βού-

2131 3028 2174 3089 c
2209 2991 2401 3044 λεσθαι
2431 2991 2672 3061 πόλεμον
2702 2990 2943 3060 ἐγείρειν
2975 2989 3070 3044 καὶ
3122 2990 3321 3061 μάχην,
3357 2989 3448 3042 ἐπὶ
3492 2989 3594 3060 τὴν
3638 2986 3778 3056 σιγὴν

2209 3086 2424 3142 ἀπιδεῖν
2468 3088 2563 3140 καὶ
2598 3086 2698 3157 τὴν
2759 3087 2818 3139 ὲν
2869 3084 2945 3157 τῷ
3000 3085 3154 3156 βάθει
3202 3085 3407 3156 κρύψαι
3485 3085 3776 3140 διάστασιν.

2221 3179 2385 3234 Ἀλλά
2427 3167 2587 3233 τοῦτο
2637 3177 2843 3241 δειλίας
2873 3175 3013 3246 ὁμοῦ
3047 3177 3142 3230 καὶ
3194 3162 3466 3246 πονηρίας
3515 3174 3638 3244 ἔχον
3669 3173 3778 3227 ὑπό-

2210 3290 2362 3329 νοιαν
2398 3273 2457 3326 οὺ
2493 3273 2696 3343 μᾶλλον
2731 3271 2960 3343 ἔμελλεν
3008 3272 3192 3335 αὐτοῖς
3218 3282 3220 3284 '
3242 3269 3626 3348 προσάξεσθαι
3662 3268 3779 3320 πάν-

2209 3384 2328 3431 τας,
2357 3366 2388 3436 ἢ
2422 3365 2740 3435 περιφανῶς
2764 3366 3119 3435 ἀποστήσειν.
3149 3365 3258 3418 Καὶ
3283 3362 3392 3432 γὰρ
3417 3361 3520 3431 πρὸ
3545 3361 3641 3431 τῆς
3669 3360 3780 3427 ἀλη-

2210 3459 2360 3524 θείας
2405 3460 2618 3521 οὐδενὸς
2660 3460 2970 3529 φροντίζειν
3027 3458 3216 3528 ἐχρῆν,
3274 3458 3371 3511 καὶ
3401 3457 3512 3511 τῶν
3568 3455 3778 3522 ἀγώνων

2209 3551 2364 3604 οὐδέν
2393 3551 2461 3603 ἂν
2486 3550 2637 3621 ἥδιον
2665 3545 2754 3622 ἦν,
2809 3549 2867 3616 ἐξ
2912 3545 2986 3604 ὧν
3017 3549 3174 3604 αὐτοί
3227 3565 3287 3601 τε
3339 3551 3434 3603 καὶ
3481 3549 3679 3611 πάντες
3723 3546 3778 3600 ἂν

2209 3645 2519 3715 ὠφελοῦντο
2548 3662 2564 3678 ο
2617 3643 2710 3709 οὓς
2755 3645 3114 3713 ἀναδυόμενοι
3182 3644 3345 3715 μέχρι
3397 3646 3624 3706 παντὸς,
3671 3639 3777 3694 οὔτε

2211 3734 2546 3804 θαρροῦντες
2580 3735 2766 3804 σφίσιν
2817 3735 3024 3799 αὐτοῖς,
3066 3734 3180 3788 οὗθ’
3210 3735 3352 3806 ὑπὲρ
3382 3735 3482 3806 τῆς
3529 3735 3637 3788 τῶν
3659 3734 3779 3787 ὅλων

2212 3827 2490 3896 σωτηρίας
2538 3828 2723 3880 πονεῖν
2780 3827 3102 3897 ἀνεχόμενοι
3156 3828 3377 3890 πάντως
3447 3825 3655 3892 ἔδειξαν
3703 3823 3778 3879 ἀν.

2223 3917 2363 3972 Ἀλλ’
2391 3918 2545 3970 οὐδὲν
2572 3916 2782 3971 τούτων
2816 3917 3075 3971 ἁπάντων
3104 3919 3214 3981 τοῖς
3249 3920 3550 3990 μακαρίοις
3570 3917 3780 3975 ἐκείνοις

2213 4011 2557 4082 προσάπτειν
2582 4011 2808 4075 εὖσεδές
2834 4013 2986 4064 ἔστιν
3007 4011 3143 4073 ὅλως
3179 4011 3268 4063 xa't
3299 4011 3515 4065 δίκαιον
3535 4026 3548 4040 ·
3579 4010 3779 4063 τούναν-

2210 4105 2325 4159 τίον
2360 4106 2469 4173 γάρ
2498 4105 2592 4159 καὶ
2621 4106 2852 4177 προνοίᾳ
2882 4108 2976 4158 καὶ
3002 4105 3164 4176 σοφία
3191 4104 3288 4158 καὶ
3317 4107 3383 4176 τῇ
3418 4106 3517 4169 τῆς
3540 4104 3779 4175 ἀληθείας

2214 4201 2418 4270 σπουδῇ
2448 4201 2611 4271 μέχρι
2639 4199 2733 4254 τοῦ
2782 4200 3074 4269 γινομένου
3113 4203 3318 4263 παντὸς
3356 4200 3690 4269 ἀφιγμένους
3716 4197 3780 4250 δι-

2213 4292 2464 4346 καιότατ’
2497 4293 2564 4346 ἀν
2605 4295 2725 4356 ταῖς
2759 4292 2864 4348 τῶν
2903 4293 3167 4362 Πατὲρων
3207 4293 3304 4346 καὶ
3342 4293 3680 4347 διδασκάλων
3713 4307 3780 4343 τι-

511 4385 694 4451 tebat;
728 4399 829 4439 nec
860 4383 1054 4440 fuisset
1115 4386 1417 4456 quidquam
1447 4387 1749 4456 jucundius
1786 4389 2100 4442 certamini-

2217 4385 2345 4452 μαῖς
2378 4383 2573 4446 αὐτοὺς
2607 4382 2991 4453 περιέποιμενο
3023 4383 3115 4435 καί
3159 4381 3381 4436 πάντων
3414 4383 3615 4454 ὁμοίως
3640 4376 3709 4437 ὧν
3733 4396 3781 4432 τε

511 4478 644 4541 bus,
680 4493 800 4547 quae
831 4477 938 4533 illis
972 4479 1104 4546 ipsis
1130 4491 1296 4548 atque
1325 4479 1584 4535 omnibus
1633 4481 1926 4535 utilitatem
1964 4490 2108 4536 attu-

512 4573 743 4628 lissent:
781 4581 1038 4628 creterum
1070 4573 1171 4644 ipsi
1206 4590 1266 4628 ea
1292 4576 1513 4644 penitus
1536 4574 1894 4645 refugientes,
1923 4584 2109 4631 osten-

515 4667 726 4722 dissent
781 4683 842 4724 se
898 4668 1058 4745 plane
1102 4683 1199 4723 nec
1253 4670 1493 4738 propriis
1549 4671 1826 4726 conlidere
1879 4671 2110 4736 viribus,

513 4773 613 4812 nec.
663 4759 801 4814 velle
848 4774 950 4830 pro
1015 4762 1298 4816 communi
1352 4761 1598 4816 omnium
1658 4763 1836 4818 salute
1893 4763 2111 4818 labores

517 4850 780 4922 perferre.
824 4854 990 4923 Atqui
1027 4853 1222 4909 horum
1264 4857 1512 4909 omnium
1550 4856 1950 4926 nihilJprorsus
1988 4857 2111 4909 bea-

516 4945 585 5000 tis
621 4945 727 4999 illis
763 4946 897 5001 vitis
927 4947 1202 5002 ascribere
1236 4947 1385 5016 pium
1428 4955 1478 5000 ct
1508 4947 1718 5015 justum
1750 4956 1835 5002 est
1866 4965 1878 5000 :
1919 4955 2109 5002 contra

515 5053 642 5092 vero
690 5039 1005 5108 mquissimc
1063 5038 1310 5093 debitum
1361 5040 1617 5095 Patribus
1678 5057 1742 5095 ac
1793 5039 2112 5095 doctmihus

516 5135 783 5188 honorem
830 5132 938 5186 illis
994 5134 1389 5201 tribuerimus;
1451 5144 1508 5189 ut
1570 5136 1661 5204 qui
1724 5135 2110 5205 providentia,

2164 5210 2169 5228 ί
2218 5227 2418 5288 εἰπεῖν,
2454 5224 2528 5286 ὡς
2555 5226 2601 5276 εἰ
2629 5223 2722 5276 καὶ
2767 5226 2841 5292 μὴ
2872 5221 3223 5275 παντάπασιν
3269 5219 3518 5289 ἀκριϐῶς
3549 5218 3778 5283 ἀποδεχο-

513 5226 1121 5296 scientia,virtutisque
1144 5229 1326 5282 studio
1364 5230 1735 5298 pervenerint,
1780 5245 1886 5299 quo
1927 5242 2112 5299 perve-

514 5323 634 5376 nire
671 5311 927 5377 homines
961 5322 1444 5394 possunt;ctjurc
1477 5323 1584 5380 illis
1631 5323 1863 5393 gratiam
1907 5324 2100 5378 habue-

517 5417 690 5472 rimus
731 5428 954 5487 propter
987 5417 1195 5479 omnia,
1225 5424 1336 5469 tnm
1372 5433 1489 5484 qua:
1531 5418 1760 5471 reticere
1794 5417 2109 5480 voluerunt,

516 5512 659 5577 quod
708 5526 879 5565 causa
915 5521 1106 5566 nostra
1161 5520 1460 5580 utrumque
1509 5509 1758 5576 fecerint,
1788 5521 1842 5564 ct
1892 5511 2110 5581 quidem

517 5601 792 5668 sapienter
827 5603 1149 5657 admodum.
1199 5601 1318 5655 Non
1368 5611 1592 5655 tacuere
1630 5599 1812 5669 igitur,
1851 5601 1978 5665 quia
2024 5616 2112 5653 nc-

518 5693 760 5749 ccssario
793 5695 1156 5762 damnarent;
1193 5709 1290 5752 ncc
1338 5694 1501 5750 infert
1547 5693 1824 5751 silentium
1873 5693 2112 5750 necessi-

2217 4472 2372 4530 εἶπον
2397 4470 2469 4531 ὧν
2509 4494 2566 4528 τε
2602 4477 2828 4545 σιγῆσαι
2856 4476 3196 4546 προείλοντο,
3251 4474 3471 4529 δικαίαν
3511 4478 3690 4539 αὐτοῖς
3718 4475 3781 4526 εἰ·

2214 4569 2439 4638 δείημεν
2462 4568 2646 4638 χάριν,
2692 4566 2767 4631 ὡς
2813 4567 2954 4636 ὑπὲρ
3000 4565 3158 4635 ἡμῶν
3203 4565 3599 4637 προελομένοις
3631 4562 3782 4635 ἀμψόε

2214 4678 2372 4731 τερα,
2422 4665 2518 4715 καί
2568 4663 2711 4715 πάνυ
2747 4661 2949 4728 σοφῶς.
3006 4661 3119 4714 Οὐκ
3151 4660 3260 4730 ἀρα
3296 4661 3702 4727 κατεγνωκότες
3736 4653 3781 4717 ἐξ

2217 4757 2470 4826 ἀνάγκης
2509 4757 2799 4825 ἐσίγησαν,
2841 4753 2954 4808 οὐδ’
2988 4755 3100 4824 ἔχει
3128 4770 3179 4806 τι
3211 4752 3349 4822 πρὸς
3371 4752 3618 4826 ἀνάγκης
3648 4750 3783 4818 λόγον

2217 4852 2250 4921 ἠ
2291 4850 2471 4920 σιωπὴ
2507 4853 2614 4908 τοῖς
2646 4867 2704 4918 γε
2738 4848 2880 4902 κατά
2923 4847 3017 4901 τοῦ
3060 4848 3222 4911 λόγου
3267 4845 3440 4917 ταύτῃ
3480 4845 3780 4917 χρωμένοις.

2220 4945 2359 4998 Εἰδὲ
2385 4944 2532 5013 λέγοι
2571 4961 2675 5008 τις,
2719 4941 2851 5012 μηδὲ
2894 4943 3213 4995 τούναντίον
3244 4940 3353 4993 δεῖν
3404 4937 3777 5009 ίσχυρίζεσθτι,

2217 5039 2291 5102 ὡς
2328 5038 2433 5107 ἄρα
2470 5039 2532 5106 τῇ
2566 5039 2745 5106 σιωπῇ
2771 5038 2870 5104 τὴν
2899 5036 3053 5098 δόξαν
3085 5035 3442 5104 κρατύνουσι,
3477 5035 3567 5088 καὶ
3592 5031 3782 5102 δηλοῦσι

2217 5131 2424 5201 ταύτην
2467 5130 2897 5200 ἀποδεχόμενοι·
2937 5128 3174 5197 μάλιστα
3208 5128 3306 5196 μὲν
3340 5127 3437 5180 καὶ
3482 5125 3623 5178 τοῦτ’
3657 5123 3782 5176 ἐστὶν

2221 5321 2400 5390 μένων
2435 5315 2502 5386 ῆν
2528 5319 2585 5370 τὸ
2612 5319 2792 5387 σιγᾷν,
2820 5316 2957 5370 ἀλλά
2993 5335 3056 5384 γε
3096 5315 3294 5385 μᾶλλον
3322 5314 3417 5367 τοῦ
3459 5314 3733 5374 συναινεῖν,
3759 5307 3781 5371 i‘,

2219 5411 2314 5464 τοῦ
2341 5413 2524 5479 μισεῖν
2557 5411 2649 5462 καὶ
2685 5411 3050 5479 καταφρονεῖν
3094 5408 3376 5472 ἀπόδειξιν
3410 5407 3526 5477 ἔχει
3556 5425 3570 5438 ·
3614 5401 3712 5469 ἐγὼ
3741 5397 3780 5450 δὲ

2220 5507 2450 5576 νομίζω,
2485 5508 2626 5575 μήτε
2666 5506 2928 5570 καθάπαξ
2973 5505 3376 5574 ἀτιμαζόντων,
3423 5506 3558 5572 μήτε
3603 5497 3778 5566 σφόδρα

2221 5599 2573 5670 θαρρούντων
2610 5596 2749 5653 εἶναι
2781 5602 2845 5670 τῇ
2878 5599 3024 5670 δόξῃ.
3073 5596 3458 5669 Ιιαραιτοῦμαι
3481 5596 3524 5648 δ’
3561 5590 3712 5663 ὑμᾶς,
3745 5590 3781 5640 ὼ

2225 5692 2473 5764 Γραικοὶ,
2503 5693 2627 5764 περ“;
2661 5687 2736 5750 ὧν
2764 5693 2941 5764 μέλλω
2969 5693 3179 5762 λέγειν·
3207 5691 3266 5744 οὐ
3297 5692 3406 5761 γὰρ
3437 5687 3779 5758 ἀποφαινόμε-
