3966 6328
102 250 190 315 5θῦ

1220 265 1505 327 ORATIO
1547 267 1631 327 ιιι
1667 270 1767 330 Al)
1802 272 2182 338 SY'VODUM.
2571 264 2587 276 “
3250 276 3366 339 nos

96 384 166 420 ve:
190 366 308 420 οὐδὲ
336 370 557 438 κρατεῖν
589 370 916 443 βουλόμενος
956 376 1154 445 ταῦτα,
1205 381 1326 434 οὐδὲ
1373 385 1504 453 περὶ
1536 401 1657 436 του-

1768 387 1891 440 tatis
1935 389 2197 444 rationem
2233 390 2299 445 iis
2358 392 2448 461 qui
2499 391 2790 446 silentium
2834 391 3071 446 alIerunt
3107 392 3171 445 ad
3201 392 3360 445 danv

95 463 206 516 τωνὶ
242 464 352 515 τῶν
404 466 789 535 προκειμένων
828 469 1033 537 μᾶλλον
1073 460 1201 544 ὑμῖν
1240 476 1428 547 ἦπερὶ
1458 478 1660 540 παντὸς

92 553 308 619 ἐκεὶνοις
344 559 717 629 σεσιγημένου
758 562 857 633 τὴν
896 564 1040 637 ἐμὴν
1075 567 1377 640 προτίθημι
1410 571 1657 642 γνώμην.

103 649 280 719 Ὁρᾶτε
314 652 425 722 γάρ
478 667 546 722 με
582 655 685 708 κάν
724 657 837 720 τοῖς
889 651 1202 730 ἔμπροσθεν
1244 661 1560 733 εἰρημένοις
1602 664 1663 718 τὸ

89 742 230 809 δόξαν
287 745 657 816 προσκρούειν
714 749 843 819 ὑμῖν
888 751 996 815 ἕως
1050 753 1181 823 ἐξῆν
1239 755 1657 826 φυλαξάμενον·

93 835 248 890 καίτοι
312 838 425 900 τοῖς
499 837 600 909 τῆς
673 840 934 912 ἀληθείας
999 845 1320 909 ἐξετασταῖς
1386 845 1509 900 οὔτε
1568 848 1656 901 λέ·

89 944 259 994 γουσιν
316 928 431 983 οὔτ’
500 930 795 989 ἀκούουσιν
859 937 1124 1009 ἁρμόττει
1194 938 1384 992 τούτου
1437 941 1656 1011 φροντί-

88 1019 206 1082 ζειν.

1768 477 1974 531 nandos
2014 493 2109 533 eos
2140 482 2234 548 qui
2279 496 2387 536 non
2430 491 2743 539 tacuerunt.
2779 482 2845 537 Si-
2871 481 3157 553 quisfvero
3189 483 3357 563 (licini,

1767 584 1943 637 neque
2005 572 2342 626 contrarium
2405 588 2527 630 esse
2586 576 2909 647 pugnaciter
2964 566 3397 635 inferendum,

1769 676 1964 732 nempe
1995 662 2063 716 ab
2108 661 2214 717 illis
2249 678 2342 732 per
2388 667 2667 723 silentium
2712 668 3030 739 opinionem
3082 665 3356 727 roborari,

1767 768 1943 823 eoque
1983 753 2185 809 indicio
2219 756 2539 825 significari,
2597 768 2888 827 receptam.
2933 758 3089 813 hanc
3126 771 3248 811 esse
3289 756 3358 806 ah

1768 845 1876 900 illis
1925 860 1938 898 :
1993 846 2312 915 responderi
2369 848 2586 916 quidem
2666 850 2870 919 optimc
2949 856 3187 920 potest:
3240 845 3355 902 Etsi

1764 942 1992 993 tacendo
2025 937 2352 1006 innuebant,
2384 954 2493 994 non
2534 941 2757 996 omnino
2794 942 2943 995 illam
2976 942 3081 996 sibi
3114 940 3356 1011 probari.

1764 1031 1947 1099 potius
1983 1039 2169 1085 tamen
2210 1031 2554 1101 signiﬁcasse
2598 1048 2910 1098 assensum,
2958 1048 3121 1104 quam
3166 1033 3353 1087 odiutn

86 1133 130 1179 ct
162 1135 554 1196 contemptum.
596 1124 708 1200 Ego
748 1141 877 1183 vero
924 1126 1183 1191 arbitror,
1234 1126 1509 1185 silentium
1553 1127 1654 1181 hoc
1728 1126 1898 1182 fuisse
1972 1126 2254 1181 hominum
2307 1142 2409 1182 nec
2448 1106 2672 1184 omnino
2705 1132 3109 1199 reprobantium
3139 1130 3354 1199 Opinio-

88 1242 213 1290 nem,
257 1240 357 1281 nec
396 1241 588 1281 rursus
621 1224 770 1281 velut
810 1224 1035 1279 omnino
1088 1232 1260 1279 tutam
1310 1225 1457 1279 illam
1508 1223 1919 1295 recipientium.
1957 1221 2155 1287 Quaeso
2188 1230 2370 1277 autem
2401 1237 2429 1276 a
2456 1221 2629 1286 vobis,
2672 1220 2867 1284 Graeci,
2936 1232 2995 1276 ut
3059 1241 3180 1294 qum
3239 1226 3356 1282 dic.

86 1325 223 1373 turus
274 1330 422 1380 sum,
476 1315 549 1370 ita
580 1331 608 1369 a
644 1331 729 1369 me
766 1314 870 1369 dici
927 1314 1437 1375 existitnetis.-nuu
1489 1316 1646 1384 quasi
1687 1314 1849 1368 velim
1901 1324 2108 1368 certam
2183 1313 2301 1385 ipse
2368 1315 2725 1385 pronuntiare
2753 1317 3104 1378 sententiam,
3145 1329 3197 1373 ct
3230 1328 3346 1375 rata

86 1429 192 1469 esse
212 1408 337 1483 quae
369 1410 589 1481 profero
624 1425 638 1463 :
681 1424 860 1479 neque
896 1408 1041 1463 enim
1076 1424 1177 1480 ego
1212 1426 1358 1466 nunc
1389 1412 1559 1481 magis
1592 1413 1657 1466 de
1693 1408 1971 1481 proposita
2012 1409 2241 1463 materia
2284 1410 2417 1481 quid
2451 1411 2684 1466 sentiam
2762 1410 3001 1481 profero,
3049 1427 3225 1480 quam
3286 1416 3353 1473 de

84 1510 178 1564 alia
204 1509 398 1580 quavis
442 1523 502 1563 re
542 1522 704 1577 quam
739 1505 816 1560 illi
865 1508 1153 1563 tacuerint.
1187 1507 1248 1563 Et
1293 1508 1487 1563 videtis
1536 1509 1646 1579 ipsi
1726 1515 1929 1578 quanta
2019 1522 2113 1577 per
2160 1514 2334 1561 totum
2373 1522 2681 1563 sermonem
2720 1510 3000 1579 diligentia
3036 1512 3164 1566 illud
3198 1526 3358 1566 cave-

85 1608 286 1672 rim,ne
318 1604 494 1675 quoad
524 1605 645 1677 ejus
682 1603 798 1659 ﬁeri
835 1613 1025 1674 posset
1069 1614 1279 1661 vestras
1312 1606 1648 1661 offenderem
1691 1620 1852 1660 aures
1905 1622 1918 1660 :
1976 1610 2293 1675 quanquam
2384 1604 2449 1659 iis
2500 1606 2594 1675 qui
2650 1607 2933 1663 veritatem
3029 1606 3361 1678 inquirunt,

83 1717 258 1759 curare
301 1701 354 1756 id
405 1700 635 1756 minime
685 1702 963 1763 convenit,
993 1702 1108 1757 sive
1155 1701 1342 1757 dicant
1388 1702 1515 1773 ipsi,
1545 1701 1661 1758 sive
1700 1701 1947 1755 audiant.
2288 1758 2295 1763 ,

155 1794 294 1862 Ἐγὼ
341 1792 545 1860 τοίνυν,
587 1792 726 1863 ὅπερ
772 1790 948 1858 εἷπον,
995 1796 1122 1879 τοὺς
1170 1796 1365 1866 ἁγίους
1410 1796 1656 1867 ἡγοῦμαι

1833 1791 1946 1863 Ego
1975 1792 2159 1862 igitur,
2184 1792 2326 1862 quod
2362 1780 2497 1855 dixi,
2539 1801 2765 1849 sanctos
2797 1793 3033 1849 arbitror
3079 1793 3213 1849 nihil
3239 1809 3358 1850 esse

86 1887 237 1958 μηδὲν
271 1874 749 1958 ἀποφαινομένους
786 1889 915 1958 περλ⁹
968 1881 1041 1943 ὧν
1082 1874 1262 1961 ἕτεροι
1294 1891 1516 1959 λέγουσι
1550 1908 1655 1957 φα-

83 1980 259 2052 νερῶς,
292 1979 416 2033 οὕτε
468 1980 678 2049 σφόδρα
740 1981 1207 2053 συνηγοροῦντας,
1242 1984 1291 2037 εί
1347 1983 1428 2036 δεῖ
1476 1982 1656 2050 λέγειν

80 2071 258 2140 οὕτως,
300 2070 416 2127 οὔτ’
444 2073 898 2145 ἐναντιουμένους
938 2075 1197 2142 καθάπαξ
1236 2075 1396 2131 τοῦτο
1442 2079 1654 2129 ποιεῖν·

80 2169 135 2221 τὸ
164 2168 259 2237 μὲν
294 2170 402 2238 γάρ
438 2169 630 2240 πόρρω
666 2168 765 2237 τῆς
804 2168 1031 2222 ἐκείνων
1079 2169 1285 2241 ἀρετῆς
1320 2171 1415 2225 καὶ
1465 2170 1659 2239 σοφίας

80 2258 208 2324 ἐστὶ,
239 2258 298 2313 τὸ
340 2258 384 2312 δ’
416 2254 563 2329 εῖχεν
613 2258 680 2312 ἂν
725 2258 885 2327 λόγον
914 2261 1109 2313 οὐδένα
1153 2262 1364 2324 πάντας
1394 2261 1528 2331 ὁμοῦ
1562 2279 1660 2314 κα.

84 2350 248 2421 θάπερ
311 2351 684 2421 συνθεμένους
741 2338 1013 2412 ἑλέσθαι(
1053 2350 1150 2402 καὶ
1216 2351 1449 2420 δόγματι
1508 2352 1675 2421 παρὰί

79 2443 280 2499 πολλῶν
342 2442 769 2513 ὀμολογουμένῳ
833 2443 1176 2513 συνηγορίαν
1236 2442 1383 2495 οὕτω
1457 2444 1659 2512 νεκρὰν

79 2534 509 2602 εἰσενέγκασθαι.
571 2533 713 2589 Ἀλλ’
771 2529 929 2604 οἶμαι
962 2534 1190 2600 τούτους
1246 2536 1277 2606 ἢ
1343 2534 1442 2605 τὴν
1502 2536 1659 2603 δόξαν

78 2626 512 2697 ἀεαφιγνοοῦντας
541 2625 617 2691 ὡς
664 2625 936 2697 ἀκινδύνῳ
986 2627 1300 2698 χρήσασθαι
1335 2631 1401 2699 τῇ
1436 2630 1585 2699 σιγῇ,
1626 2628 1658 2698 ἢ

80 2721 139 2790 τῇ
186 2720 284 2791 μὲν
326 2719 520 2792 γνώμῃ
571 2721 712 2791 μετὰ
743 2719 851 2774 τῶν
882 2721 1148 2774 είπόντων
1192 2721 1438 2788 ἑστάναι,
1470 2723 1565 2775 τοῦ
1594 2712 1658 2779 ⁴δέ

78 2809 417 2880 δημοσιεύειν
453 2811 627 2883 αὐτὴν
660 2811 1028 2881 ἀποσχέσθαι,
1069 2812 1259 2883 ἕτερόν
1310 2831 1363 2868 τι
1395 2831 1655 2885 προνοου-

82 2903 290 2971 μένους.
348 2904 457 2957 Καὶ
512 2902 723 2958 τούτων
788 2903 1051 2975 ἑκάτερον
1111 2904 1398 2967 εὐλαϐείας
1451 2923 1507 2958 τε
1564 2906 1657 2958 καὶ

83 2996 327 3066 προνοίας
370 2996 765 3067 προσηκούσης
796 2996 975 3064 ἁγίοις
1019 2997 1165 3050 ἐστὶν
1198 2998 1495 3063 ἀπόδειξις.
1530 2998 1656 3052 Εἴτε

90 3089 178 3157 γὰρ
215 3090 243 3143 ὃ
279 3089 354 3159 μὴ
393 3090 751 3145 παντάπασιν
802 3090 1073 3161 ἐθάρρουν
1133 3092 1330 3155 εἰπεῖν,
1367 3092 1481 3144 ἀλλ’
1534 3092 1656 3145 οὐδὲ

1764 1880 1979 1937 locutos
2007 1883 2074 1937 de
2103 1897 2193 1949 eo,
2234 1883 2377 1954 quod
2432 1884 2521 1937 alii
2553 1885 2744 1940 dicunt
2792 1894 2997 1955 aperte,
3063 1895 3353 1956 propterea

1763 1975 1907 2047 quod
1942 1974 2015 2030 illi
2050 1991 2152 2032 nec
2188 1977 2418 2033 multum
2450 1977 2718 2045 faverent,
2761 1977 2807 2033 si
2834 1976 2909 2032 ita
2942 1976 3231 2033 dicendum
3249 1988 3358 2040 est,
3440 2026 3441 2029 η

1763 2084 1862 2126 nec
1892 2070 2022 2125 illud
2056 2072 2283 2127 omnino
2309 2072 2596 2143 rejicerent
2623 2090 2636 2127 :
2673 2072 2779 2143 hoc
2807 2071 2950 2126 enim
2983 2086 3011 2125 a
3040 2071 3240 2126 virtute
3266 2085 3361 2126 eo-

1766 2180 1885 2219 rum
1916 2173 1973 2219 et
1994 2166 2223 2227 scientia
2258 2141 2444 2237 procul
2474 2166 2628 2222 abest
2656 2185 2668 2220 :
2716 2141 2846 2220 inud
2875 2174 3057 2220 autem
3087 2164 3235 2219 nulla
3262 2178 3355 2218 ra-
3382 2223 3392 2235 ε

1764 2254 1908 2309 tione
1936 2256 2239 2311 niteretur:
2275 2258 2430 2328 quasi
2466 2273 2658 2313 omnes
2709 2257 3134 2313 communicaris
3161 2256 3352 2313 consi-

1778 2347 1867 2403 liis
1903 2347 1954 2401 id
1992 2347 2196 2411 facere,
2245 2358 2297 2402 et
2321 2349 2518 2418 dogma
2567 2349 2887 2405 conlessum
2929 2364 2957 2404 a
2987 2350 3174 2405 multis
3221 2349 3359 2417 adeo

1764 2437 1957 2508 frigida
1988 2438 2202 2494 ratione
2234 2438 2425 2495 fulcire
2465 2442 2760 2496 voluerint.
2803 2442 2909 2496 Sed
2944 2451 3076 2511 puto
3106 2442 3228 2497 illos
3258 2451 3358 2496 aut

1762 2527 1828 2583 de
1860 2544 1915 2582 re
1940 2544 2060 2598 quae
2081 2529 2183 2585 sibi
2209 2537 2326 2585 erat
2357 2532 2609 2602 ambigua
2646 2517 3097 2600 tacuisseptntius
3124 2533 3229 2589 hoc
3256 2534 3357 2588 du-

1761 2632 1945 2679 centes
1973 2640 1987 2678 :
2017 2633 2110 2680 aut
2145 2624 2286 2680 idem
2313 2626 2551 2683 sensisse
2584 2629 2799 2699 quidem
2832 2630 2974 2700 quod
3006 2629 3093 2683 alii
3128 2644 3218 2699 qm
3242 2642 3353 2683 rem

1762 2726 1946 2785 aperte
1977 2712 2268 2784 dixerunt,
2297 2718 2390 2774 sed
2409 2721 2740 2776 abstinuisse
2758 2738 2786 2775 a
2805 2722 3091 2777 sententiae
3109 2722 3357 2791 divulga-

1762 2812 1928 2877 tionc,
1958 2811 2213 2881 quiddam
2246 2813 2391 2868 aliud
2420 2814 2812 2883 prospicientes
2839 2831 2853 2869 :
2885 2830 3119 2885 quorum
3144 2823 3359 2869 utrum-

1760 2920 1864 2973 que
1880 2905 2144 2960 cautelam
2162 2916 2211 2959 et
2237 2907 2626 2976 providentiam
2641 2924 2734 2964 cos
2753 2909 3089 2971 adhibuisse,
3107 2911 3363 2979 qum'sal-

1739 3006 1880 3065 tctos
1902 2995 2075 3062 decet,
2131 3005 2339 3053 certum
2375 3000 2635 3055 ittdicium
2685 3014 2786 3057 est.
2822 3002 2876 3057 Si
2907 3003 3052 3057 enim
3082 3004 3365 3073 praeterire

1776 3089 1996 3156 silentio
2028 3090 2077 3145 id
2105 3091 2417 3156 voluerunt,
2459 3094 2602 3163 quod
2641 3097 2866 3150 omnino
2902 3096 3085 3150 dicere
3117 3111 3223 3150 non
3259 3112 3357 3148 au.
3437 3164 3441 3168 ς

94 3181 176 3235 ’ὧν
221 3184 543 3254 ἀνηκέστων
590 3183 792 3255 ᾔδεσαν
826 3182 907 3247 ὃν,
950 3183 1111 3237 τοῦτο
1169 3185 1297 3255 σιγῇ
1346 3184 1661 3253 παρελθεῖν,

1779 3142 1985 3156 κ.
2118 3142 2417 3156 .--η-τη-.
2464 3142 2602 3163 ..π-
2904 3142 3085 3150 --ηη
3117 3142 3223 3150 ..υ-υ

1772 3183 1991 3245 dehant.
2014 3198 2113 3237 nec
2134 3192 2307 3238 tamen
2330 3199 2423 3253 pro
2436 3200 2655 3241 exsecra
2667 3187 2771 3241 ndo
2796 3186 3067 3243 habebant
3084 3180 3358 3250 dor'gmatc.

97 3275 163 3329 εαὶ
218 3276 319 3340 τὰς
371 3276 435 3330 ἐκ
484 3293 547 3329 τε
594 3275 690 3330 τοῦ
758 3279 1061 3347 μαρτυρεῖν
1097 3276 1161 3331 ἐκ
1205 3293 1265 3330 τε
1318 3274 1414 3331 τοῦ
1448 3277 1667 3332 διώκειν

97 3367 309 3437 οποψίας
338 3370 536 3438 φυγεῖν
570 3368 982 3431 ἐϐουλεύσαντο,
1022 3369 1333 3439 θαυμαστοὶ
1382 3372 1474 3440 τῆς
1507 3370 1667 3423 εὐλα-

100 3461 221 3525 είας
276 3460 405 3529 eici,
441 3458 512 3515 δι’
565 3461 633 3532 ἢν
687 3461 781 3514 καὶ
814 3463 927 3524 τοῖς
968 3460 1060 3515 ὑπ’
1116 3462 1299 3516 αὐτῶν
1340 3464 1665 3534 είρημένοις

102 3550 579 3625 ναμφισϐητήτως
658 3551 1024 3623 προσκεῖῑθαι
1091 3552 1299 3607 δίκαιον
1373 3546 1661 3619 ἅπαντας(⁵

101 3644 179 3698 ῖτε
207 3649 275 3700 ἐκ
311 3645 408 3698 τοῦ
439 3642 685 3715 φανερὰν
728 3643 1006 3699 ποιεῖσθαι
1049 3645 1149 3714 τὴν
1174 3644 1355 3714 δόξαν,
1389 3662 1667 3718 συνεωρα-

98 3737 226 3801 An;
274 3755 326 3791 τι
369 3736 484 3791 τῶν
518 3738 621 3791 οὐκ
672 3738 979 3807 ἀμεινόνων
1037 3737 1327 3809 ἑψόμενον,
1362 3741 1665 3811 κατασχεῖν

109 3831 240 3905 om
272 3834 330 3886 ἐν
364 3833 555 3903 σφίσιν
607 3834 895 3905 ἐνόμισαν,
930 3836 1211 3891 ἐπαινετοὶ
1250 3837 1353 3909 τῆς
1382 3837 1667 3909 προνοίας.

102 3926 133 3978 Ii
196 3924 309 3997 γὰρ
368 3927 479 3980 τῶν
544 3926 722 3995 λόγων
778 3926 965 3991 αὐτοῖς
1026 3927 1122 3983 ἅτε
1177 3929 1517 3985 διδασκάλων
1574 3933 1671 3986 καὶ

103 4019 335 4090 ίατέρων
384 4018 572 4090 ἔχουσι
617 4019 796 4086 τάξιν,
837 4022 871 4091 ή
916 4020 1027 4075 τῶν
1075 4022 1169 4076 ὑπ’
1198 4022 1398 4088 αὑτοὺς
1430 4024 1671 4093 ὠφέλεια

103 4111 219 4175 έλος
262 4112 493 4184 ἔμελλεν
527 4108 689 4177 εἶναι,
720 4113 823 4167 οὐκ
870 4112 975 4168 ἔδει
1025 4115 1096 4169 τὰ
1134 4114 1414 4186 βλάψοντα
1448 4134 1674 4185 προστι-

105 4206 221 4259 έναι
247 4223 264 4238 ’
302 4208 397 4261 καὶ
433 4206 527 4261 τὸν
563 4206 738 4279 ἀληθῆ
776 4209 873 4263 καὶ
898 4207 1080 4261 κοινὸν
1109 4208 1386 4265 κάντεῦθα
1415 4208 1669 4263 διδάσκα-

102 4317 157 4353 ον
204 4302 649 4372 προεστήσαντο,
690 4300 749 4361 ὃς
810 4300 983 4367 πολλὰ
1043 4301 1152 4356 τῶν
1201 4302 1502 4371 ἀξιολόγων
1557 4320 1663 4356 κατ-

105 4395 233 4464 εῖχε,
294 4394 466 4465 μήπω
543 4392 880 4461 δυναμένους
955 4394 1147 4447 ἐκεῖνα
1203 4393 1497 4465 βαστάζειν
1545 4395 1674 4458 τοὺς

1769 3274 2221 3345 suspicionesque
2253 3276 2531 3333 evitandas
2555 3287 2840 3347 putarunt,
2870 3294 2988 3349 quae
3014 3281 3252 3336 subortre
3270 3294 3361 3333 es—

1771 3368 2043 3429 sent.sive
2073 3368 2361 3440 illidogma
2391 3370 2739 3439 probassent,
2763 3371 2876 3427 sive
2908 3372 3314 3443 improbassent
3345 3392 3359 3427 :

1772 3459 2080 3515 admirabili
2116 3475 2253 3516 sane
2285 3462 2537 3517 cautione
2573 3473 2703 3517 sunt
2735 3464 2837 3531 usi,
2872 3463 2944 3520 ob
2966 3481 3131 3536 quam
3169 3482 3360 3521 omnes

1773 3550 1919 3607 dicta
1950 3542 2137 3606 earum
2176 3552 2331 3623 sequi
2362 3554 2480 3609 sine
2510 3553 2616 3608 ulla
2650 3555 2986 3611 haesitatione
3014 3556 3268 3613 debeant.
3300 3557 3358 3612 Si

1770 3658 1899 3700 vero
1930 3642 2153 3699 infausti
2185 3644 2395 3715 aliquid
2453 3661 2783 3716 prospexere
2812 3659 3249 3705 consecuturum
3296 3666 3361 3705 cx

1770 3736 2213 3807 promulgatione
2252 3736 2417 3808 hujus
2448 3742 2756 3807 sententiae,
2786 3748 2840 3795 et
2872 3741 3097 3810 proinde
3125 3743 3367 3798 retinen-

1771 3829 1895 3884 dam
1926 3828 2002 3907 illi
2030 3830 2173 3899 apud
2199 3844 2260 3886 se
2294 3829 2650 3902 iudicarunt:
2685 3833 2961 3889 laudanda
2995 3822 3246 3905 profecto
3272 3844 3358 3889 est

1773 3921 1889 3978 hate
1910 3920 2275 3992 providentia.
2305 3921 2443 3985 Cum
2464 3924 2611 3980 enim
2641 3926 2989 3983 sermonibus
3013 3941 3207 3982 eorum
3239 3926 3366 3982 linis

1775 4023 1921 4070 esset
1945 4016 2288 4085 propositus,
2316 4016 2525 4073 utilitas
2553 4017 2837 4073 hominum
2863 4017 2968 4074 sibi
2994 4018 3362 4079 subditorum.

1775 4121 1971 4178 nempe
1994 4114 2054 4162 ut
2089 4107 2345 4164 Patribus
2394 4125 2460 4165 ac
2492 4108 2837 4177 doctoribus,
2874 4110 3208 4182 proferenda
3250 4127 3358 4167 non

1774 4208 1939 4256 erant
1998 4201 2069 4255 ab
2103 4200 2231 4268 illis,
2268 4215 2388 4271 qua:
2438 4202 2635 4258 obesse
2682 4213 2967 4276 poterant:
3007 4203 3168 4274 idque
3198 4204 3364 4260 etiam

1775 4291 2026 4363 exemplo
2076 4292 2188 4347 veri
2220 4288 2643 4365 communis’que
2670 4294 2918 4350 omnium
2976 4295 3248 4367 magistri,
3273 4297 3362 4367 qui

1780 4384 1947 4440 multa
1963 4384 2106 4440 scitu
2125 4385 2287 4456 digna
2311 4400 2419 4441 non
2446 4388 2662 4458 aperuit
2680 4386 2863 4445 sciens
2880 4401 2941 4442 ea
2970 4389 3213 4443 nondum
3238 4402 3368 4443 suos

108 4486 401 4560 ποστόλους
440 4484 601 4548 εἰδώς
628 4500 641 4517 °
672 4484 729 4539 τί
775 4488 885 4554 γὰρ
918 4485 1113 4556 ὄφελος
1159 4486 1425 4559 ἀληθείας
1459 4488 1663 4559 ὑψηλο·

1775 4476 1918 4532 l'erre
1946 4492 2108 4547 posse
2147 4478 2450 4547 apostolos.
2482 4478 2626 4545 Quid
2657 4479 2803 4535 enim
2837 4479 3059 4551 prodest
3084 4479 3371 4535 sublimior

108 4578 231 4649 ερας
256 4580 370 4642 τοῖς
402 4577 499 4631 ἐπὶ
541 4575 653 4630 τῶν
681 4576 1098 4649 ταπεινοτέρων
1126 4574 1414 4645 ἀϐεϐαίοις
1458 4580 1539 4633 ἔτι
1569 4584 1662 4636 καὶ

107 4671 492 4742 λονουμένοιςς
529 4669 656 4723 Ὀτι
714 4666 759 4721 δ’
810 4668 1076 4741 ἑκάτερον
1131 4669 1342 4724 τούτων
1401 4672 1540 4726 πολὺ
1600 4673 1662 4725 τὸ

108 4757 294 4830 ἱλογον
320 4760 455 4831 ἔχει,
489 4759 585 4812 καὶ
610 4748 747 4812 πολὺ
789 4758 993 4830 μᾶλλον
1027 4760 1060 4832 ἢ
1108 4760 1169 4813 τὸ
1197 4762 1460 4815 τάναντία
1502 4761 1663 4829 δοξά-

109 4871 179 4909 ειν
208 4854 341 4919 τοὺς
373 4850 966 4917 διδασκάλους,οίικουν
989 4850 1132 4907 ὥστε
1166 4855 1261 4908 καὶ
1292 4854 1665 4925 παραϐάλλειν

108 4948 296 5014 ξεῖναι,
343 4949 440 5000 καὶ
490 4946 575 5001 ὅτι
634 4948 955 5011 συνάπτειν,
1014 4945 1090 5008 ὡς
1141 4945 1384 5017 εἴρηται,
1439 4946 1664 5009 τούτους

112 5036 219 5090 ιδέν
284 5036 402 5088 ἔστι
468 5034 728 5105 χαλεπὸν,
780 5037 1046 5101 ὁπότερον
1092 5034 1160 5090 ἂν
1215 5036 1422 5091 τούτων
1476 5037 1664 5108 μέλλοι

114 5130 326 5196 σατεῖν,
358 5127 586 5181 αὐτόθεν
645 5123 801 5197 οἶμαι
858 5127 1019 5197 δῆλον
1073 5129 1249 5183 ἅπασι
1306 5131 1663 5187 καθεστάναι.

115 5223 127 5275 ί
184 5221 296 5294 μὲν
349 5221 459 5292 γάρ
514 5220 719 5288 ἀγαθόν
762 5237 811 5273 τι
869 5208 1062 5290 χρῆμα
1111 5222 1209 5276 καὶ
1268 5222 1470 5294 πολλῆς
1514 5224 1666 5290 ἄξιον

118 5314 353 5385 φημίας
401 5315 434 5381 ἡ
475 5315 605 5382 περὶ
635 5312 791 5367 ταῦτ’
842 5313 1105 5367 εὐλάϐεια
1143 5315 1280 5369 πᾶσι
1336 5314 1508 5399 ὁρμεῖ,
1546 5317 1665 5381 πῶς

111 5428 124 5459 ι
174 5406 265 5460 δεῖ
334 5404 540 5475 ταύτην
591 5407 703 5469 τοῖς
764 5405 1011 5478 ἀρίστοις
1078 5407 1493 5477 προσάπτεσθαι
1561 5410 1667 5463 τῶν

108 5499 416 5571 νθρώπωνς
456 5500 504 5553 εί
550 5498 609 5553 δέ
660 5498 753 5554 καὶ
804 5500 902 5570 μὴ,
942 5499 1035 5553 καὶ
1086 5500 1289 5562 πάντες
1320 5501 1539 5555 ἅπαντα
1583 5503 1669 5556 λέ-

109 5611 264 5647 ουσιν
289 5591 352 5646 οὔ
394 5608 455 5661 γε
492 5592 631 5663 μετὰ
662 5593 761 5661 τῆς
793 5594 913 5663 ἴσης
949 5592 1142 5661 σοφίας
1180 5595 1278 5647 καί⁵
1323 5595 1423 5664 τῆς
1459 5595 1668 5650 ἄνωθεν

106 5684 455 5756 ἀριτος,ἁ).λ’
496 5685 615 5738 ἔστι
646 5702 727 5748 τις
756 5686 812 5739 ἐν
848 5687 1034 5751 αὐτοῖς
1071 5687 1324 5758 καθάπερ
1358 5686 1670 5757 ἁγιωσύνης

108 5778 164 5833 αἱ
196 5778 319 5833 τῶν
352 5776 492 5851 ὑπὲρ
540 5776 821 5845 εὐσεϐείας
856 5780 1106 5850 ἀγώνων,
1138 5779 1281 5839 οὕτω
1323 5782 1418 5837 καὶ
1477 5781 1667 5852 σοιρίας

1737 4560 1969 4624 ’νει-ηαδ
1993 4568 2063 4626 iis
2081 4571 2177 4639 qui
2213 4570 2396 4625 adhuc
2428 4570 2483 4625 in
2528 4570 2919 4629 humilioribus
2962 4573 3191 4628 nutant?
3214 4572 3369 4641 Quod

1768 4671 1951 4719 autem
1974 4672 2270 4735 utrumque
2287 4664 2483 4721 horum
2506 4664 2677 4721 solida
2698 4666 2913 4722 ratione
2930 4666 3159 4734 nitatur,
3174 4668 3374 4722 multo.

1767 4774 1875 4829 que
1896 4758 2070 4828 magis
2100 4757 2170 4815 sit
2203 4759 2401 4814 rationi
2428 4766 2886 4826 consentaneum,
2920 4774 3083 4830 quam
3125 4775 3373 4816 asserere

1768 4853 2024 4908 doctores
2057 4852 2199 4907 inter
2235 4866 2293 4906 se
2321 4863 2583 4922 pugnare,
2617 4860 2678 4907 ut
2708 4851 2855 4907 nulla
2883 4862 3049 4924 queat
3076 4851 3221 4908 inter
3257 4853 3371 4906 luce

1768 4958 1886 4999 esse
1903 4945 2258 5013 comparatio:
2283 4944 2556 5013 quodque,
2578 4944 2893 5000 utrumlibet
2922 4959 3108 5000 verum
3132 4945 3367 5003 dicatur.

1770 5038 1919 5092 nullo
1960 5038 2179 5108 negotio
2207 5036 2423 5108 possint
2454 5037 2533 5093 illi
2564 5039 2703 5093 inter
2732 5054 2792 5095 se
2818 5038 3128 5106 conciliari,
3152 5054 3247 5110 per
3310 5054 3370 5094 se

1772 5130 1948 5197 ipsum
1989 5130 2225 5185 arbitror
2282 5145 2405 5186 esse
2434 5131 2689 5187 omnibus
2737 5131 3114 5188 manifestum.
3156 5131 3289 5186 Nam
3321 5133 3368 5186 si

1774 5223 1913 5277 bona
1953 5236 2040 5277 res
2067 5222 2119 5276 et
2146 5222 2331 5277 multis
2351 5222 2513 5295 digna
2541 5224 2837 5294 prmeoniis
2874 5226 3087 5281 videtur
3112 5225 3367 5303 omnibus

1769 5315 1947 5370 cautio
1976 5315 2029 5369 in
2058 5314 2367 5386 hujusmodi
2408 5318 2660 5387 negotiis,
2689 5334 2787 5374 cur
2805 5319 3028 5391 optimis
3060 5307 3372 5376 hominibus

1773 5410 1860 5465 illa
1890 5423 1997 5464 non
2026 5408 2301 5464 tribuatur
2327 5408 2350 5464 ?
2381 5406 2478 5465 Sitt
2506 5425 2635 5465 vero
2674 5412 2854 5479 aliter,
2892 5422 2943 5469 ct
2968 5427 3157 5468 omnes
3176 5414 3362 5488 omnia

1773 5502 1963 5557 dicunt
1998 5517 2106 5557 non
2132 5501 2249 5572 pari
2275 5489 2524 5558 doctrina
2562 5504 2881 5576 caelestique
2934 5506 3127 5575 gratia,
3151 5504 3244 5558 sed
3277 5512 3365 5557 cst

1727 5649 1731 5652 .
1777 5597 1916 5651 inter
1956 5610 2052 5651 eos
2085 5596 2161 5649 uti
2237 5596 2546 5652 sanctitatis
2624 5597 2980 5669 laborumque
3027 5613 3123 5667 pro
3172 5597 3372 5668 pietate

1776 5697 2185 5758 susceptorum,
2235 5689 2310 5743 ita
2356 5704 2575 5759 quoquc
2609 5691 2851 5743 scientim
2892 5688 3267 5760 ίςιοιιιιιιίςείιιιυ
3294 5708 3357 5744 ac

1776 5782 1975 5839 divina:
2000 5782 2209 5853 gratim,
2270 5798 2363 5852 per
2395 5799 2557 5853 quam
2586 5783 2699 5839 lnec
2727 5784 2905 5868 ontnia
2934 5783 3131 5839 dantur
3158 5794 3209 5841 et
3242 5800 3373 5839 Con-
3466 5816 3474 5832 ρ
