3966 6328
524 237 529 243 ’
571 211 678 276 οη

1569 226 1576 232 ·
1619 194 2029 260 ὀΕΝΝΑ-ῡιι
2067 193 2165 256 CP.

2269 192 2722 257 ιτιιιΑιιοΗΑς
2884 178 2889 183 ’
3749 199 3830 265 se

572 273 628 370 in
660 295 993 384 quibus'ahl
1035 310 1156 367 aliis
1196 271 1560 368 coriﬂdetttlus
1608 311 1755 379 loqui
1787 311 2062 375 videntur,
2095 314 2154 363 ut

2269 308 2590 379 γράμματα.
2628 311 2688 363 ἓν
2735 289 2816 373 όῖς
2876 310 3027 365 ἄλλοι
3085 312 3286 383 μᾶλλον
3340 310 3521 367 ἄλλων
3582 310 3826 384 τεθαῤῥη.

572 410 811 481 quisque
840 410 1071 466 scientia
1124 419 1219 465 aut
1266 407 1468 464 collata
1499 409 1673 477 gratia
1706 408 1947 479 pollebat
1980 425 1994 462 :
2060 421 2160 480 nec

575 505 752 575 magis
783 503 962 558 Latini
994 519 1024 557 a
1051 503 1276 568 Graecis,
1331 517 1498 574 quam
1557 502 1732 575 ϐπερὶ
1789 503 1931 558 inter
1965 516 2024 558 se
2058 502 2160 556 hac

579 596 792 651 ratione
821 595 1098 650 diﬂ‘erunt.
1138 593 1240 649 Sed
1278 609 1455 664 neque
1481 594 1840 664 impossibile,
1865 603 1960 649 aut
1987 593 2158 648 statui

574 703 766 744 earum
829 688 1046 744 videtur
1079 688 1260 745 minus
1295 703 1627 760 congruens,
1660 686 1703 744 si
1765 689 1890 760 quis
1923 695 2157 753 asserat,

569 781 699 850 illos
729 779 949 851 quidem
995 782 1208 852 absque
1245 780 1353 836 ulla
1401 782 1748 838 haesitatione
1781 781 1971 837 eadem
2031 795 2159 835 sen-

573 873 710 929 sisse
741 890 861 944 qua:
897 876 987 928 alii
1017 892 1030 929 :
1067 875 1270 932 veritos
1316 885 1499 931 autem
1533 891 1676 937 esse,
1711 891 1779 931 ne
1833 885 2020 945 aperta
2081 875 2159 930 rei

572 964 848 1021 confessio
922 966 1232 1037 periculosa
1303 968 1449 1025 foret
1525 968 1982 1038 simplicioribus.
2056 967 2160 1034 Qui

572 1056 741 1122 enim,
802 1074 868 1115 ne
900 1061 1190 1131 quisquam
1225 1077 1324 1132 per
1349 1077 1411 1117 ea
1457 1076 1578 1133 quae
1605 1061 1952 1127 dicebantur,
1989 1061 2158 1115 ullnrn

573 1151 927 1207 contraheret
956 1152 1260 1222 damnum,
1281 1158 1456 1227 palam
1493 1154 1938 1211 contradicentes
1985 1170 2046 1209 ea
2076 1154 2162 1209 di—

574 1245 830 1301 centibus
899 1248 1157 1305 reStitere
1188 1266 1201 1302 :
1238 1250 1452 1307 necnon
1511 1264 1569 1304 ea
1628 1248 1775 1304 credi
1817 1247 2162 1318 proferrique

576 1337 929 1406 prohibuere,
965 1356 1086 1408 qua:
1109 1338 1418 1397 aliis'erant
1444 1342 1528 1397 vel
1564 1331 2022 1412 ipsoirespirandi
2060 1356 2160 1397 usu

576 1429 748 1500 magis
814 1429 1143 1488 familiaria:
1196 1448 1319 1488 cum
1373 1443 1553 1488 tamen
1618 1432 1753 1505 ipsis
1816 1434 2160 1503 potissimum

576 1519 858 1578 consta'ret
896 1540 1018 1578 vera
1076 1525 1165 1580 illa
1215 1540 1366 1591 esse;
1433 1541 1530 1581 cnr
1593 1525 1852 1582 censendi
1890 1542 1996 1580 non
2052 1525 2164 1581 sint

2265 399 2425 463 κότες
2465 400 2836 468 ὀρῶνται,²ὣς
2883 401 3115 468 ἕκαστος
3169 405 3485 476 ἐπιστήμης
3541 405 3575 475 ἢ
3629 406 3824 473 χάριτος

2265 491 2377 561 εἶχε
2405 509 2420 523 ·
2453 497 2549 551 καὶ
2601 495 2758 549 οὐδὲν
2809 497 3014 566 μᾶλλον
3053 497 3274 555 Λατῖνοι
3311 498 3590 576 Γραικῶν,
3623 498 3654 570 ἢ
3688 499 3824 567 Γραι-

2264 585 2351 640 κοὶ
2401 587 2552 658 πρὸς
2587 579 2818 655 ἑαυτοὺς
2865 591 3040 662 ταύτῃ
3105 592 3394 661 φαίνονται
3457 587 3822 663 διενηνοχότες.

2291 679 2438 734 Αλλά
2476 683 2585 753 μὴν
2638 683 2732 738 καὶ
2784 685 2844 739 τὸ
2889 673 3066 740 ταυτά
3107 689 3222 750 τοῖς
3280 689 3465 758 ᾷλλοις
3514 686 3822 758 φρονοῦντας

2263 772 2676 842 ἀναμφιϐόλως,
2710 777 2811 850 τὴν
2843 778 3139 849 ὁμολογίαν
3193 779 3270 843 ὡς
3325 783 3424 834 οὐκ
3477 781 3693 852 ἀσφαλῆ
3731 783 3824 843 τοίς

2267 865 2663 937 ἁπλουστέροις
2709 870 3073 939 φυλάξασθαι,
3106 872 3221 926 οὔτ’
3272 873 3562 941 ἀδύνατον,
3597 874 3714 927 οὔτε
3745 875 3823 942 τῆς

2263 960 2490 1014 ἐκείνων
2533 961 2743 1027 τάξεως
2803 967 3008 1038 ἀπᾷδον
3061 961 3202 1021 εἶναι
3235 970 3408 1043 δοκεῖ.
3446 970 3510 1022 Ol
3547 970 3652 1040 γὰρ
3685 969 3824 1022 ἕνεκα

2262 1048 2359 1104 τοῦ
2429 1052 2638 1120 μηδένα
2688 1054 2757 1108 ἂν
2815 1057 3036 1112 ἐκτῶν
3095 1059 3269 1126 λόγων
3315 1058 3514 1129 βλάϐος
3558 1077 3609 1112 τι
3638 1061 3822 1121 παθεῖν,

2265 1144 2517 1214 φανερῶς
2568 1147 2684 1209 τοῖς
2748 1147 3001 1217 λέγουσιν
3052 1151 3429 1214 ἀντειπόντες,
3485 1151 3580 1204 καὶ
3632 1155 3822 1221 φρονεῖν

2266 1233 2363 1287 καὶ
2391 1233 2572 1303 λέγειν
2606 1239 3095 1309 ἀπαγορεύσαντες
3137 1243 3172 1298 ἀ
3217 1246 3332 1305 τοτς
3381 1243 3565 1309 ἄλλοις
3602 1246 3691 1298 καὶ
3725 1246 3819 1306 τοῖς

2265 1329 2540 1402 ἀναπνοῆς
2573 1333 2746 1403 αὐτῆς
2781 1336 3174 1411 συνηθέστερα,
3204 1341 3385 1394 καίτοι
3419 1341 3620 1404 παντὸς
3649 1340 3824 1407 μᾶλλον
3922 1329 3923 1394 l

2265 1421 2424 1477 αὐτοὶ¹
2453 1424 2610 1479 ταῦτ’
2639 1424 2840 1497 ᾔδεσαν
2880 1429 3089 1500 ἀληθῆ,
3115 1432 3232 1496 πῶς
3267 1433 3367 1486 οῦκ
3412 1433 3580 1488 αὐτοῦ
3621 1434 3682 1504 δὴ
3722 1434 3825 1486 τού-

2225 1516 2227 1518 ’
2265 1535 2357 1570 του
2387 1517 2550 1588 χάριν
2582 1520 3000 1593 προθυμότερον
3026 1525 3293 1594 ἐσίγησαν
3323 1527 3419 1588 ἀνς
3459 1526 3520 1579 τὸ
3551 1527 3659 1596 γὰρ
3695 1526 3825 1594 σιγῆ⁶

579 1616 722 1672 hanc
748 1617 919 1688 ipsam
957 1620 1027 1674 ob
1059 1635 1283 1675 causam
1347 1621 1606 1676 libentius
1643 1620 1918 1676 tacuisse?
1977 1608 2160 1674 lliitius

2269 1628 2361 1664 σαι
2397 1610 2492 1674 τοῦ
2525 1613 2705 1665 δοκεῖν
2750 1615 3065 1686 ἀντιλέγειν
3101 1617 3275 1683 δήπου
3331 1619 3657 1689 πραότερον.
3692 1618 3826 1677 Εἰκὸς

571 1710 721 1763 enim
747 1710 905 1780 plane
925 1723 1043 1766 erat
1075 1713 1332 1780 tacuissm
1353 1728 1514 1784 quam
1540 1714 1706 1769 videri
1739 1713 2157 1769 contradixisse.

551 1799 833 1858 Fortasse
867 1819 994 1859 vero
1027 1805 1094 1860 iis
1126 1808 1219 1876 qui
1251 1805 1511 1877 Spiritum
1573 1822 1637 1863 ex
1693 1807 1830 1862 Filio
1867 1807 2163 1876 procedere

571 1893 886 1960 audiebant,
937 1911 1038 1952 nec
1092 1897 1298 1953 dictum
1370 1901 1526 1955 valde
1595 1898 1910 1970 capiebant,
1989 1899 2161 1954 multa

573 1984 736 2064 etiam
779 1988 882 2043 alia
917 1990 969 2045 in
1015 2002 1253 2046 mentem
1278 1992 1522 2049 absurda
1565 1994 1880 2060 veniebant,
1937 2003 1993 2050 et
2048 1995 2162 2050 haec

569 2082 718 2153 "ipsa,
755 2086 808 2138 in
843 2101 966 2155 qua:
1013 2084 1238 2143 Latinos
1295 2087 1597 2154 deducunt,
1647 2090 1739 2160 qni
1793 2099 1988 2146 contra
2041 2091 2162 2146 illos

573 2176 793 2233 edidere
825 2179 982 2251 longa
1017 2179 1327 2244 volumina;
1357 2161 1426 2237 et?
1444 2198 1566 2253 quae
1602 2184 1916 2260 necessario
1972 2185 2165 2240 dicunt

574 2285 639 2325 ex
668 2271 923 2341 dogmate
957 2275 1110 2344 sequi
1155 2291 1168 2328 :
1204 2285 1262 2329 ut
1294 2285 1445 2345 puta,
1479 2276 1690 2342 opinari
1727 2276 1834 2332 duo
1864 2278 2160 2348 principia,

574 2372 630 2418 et
673 2364 994 2423 inferiorem
1033 2383 1156 2422 esse
1181 2368 1443 2438 Spiritum
1477 2368 1598 2423 aliis
1625 2368 1828 2425 divinis
1886 2370 2160 2438 personis,

575 2468 631 2513 et
671 2459 878 2530 reliqua
931 2461 1276 2530 hujnsmodi.
1321 2461 1456 2517 Nam
1513 2462 1558 2518 si
1590 2461 1769 2527 Latini
1814 2463 1882 2516 ad
1917 2463 2032 2518 haec
2077 2479 2164 2517 re-

580 2551 938 2619 spondentes,
967 2561 1020 2608 et
1055 2569 1233 2625 neque
1267 2570 1325 2610 se
1356 2556 1425 2610 ita
1464 2557 1686 2621 sentire,
1722 2571 1901 2626 neque
1927 2556 2165 2610 absurda

577 2644 667 2700 illa
703 2646 1013 2702 necessario
1048 2647 1202 2718 sequi
1228 2647 1607 2711 ostendentes,
1647 2648 1885 2702 nondum
1916 2650 2017 2703 hoc
2045 2664 2163 2717 per-

579 2739 810 2793 suadere
846 2737 1046 2794 Grzecis
1089 2752 1363 2811 poruere;
1417 2741 1512 2797 sed
1570 2750 1762 2812 putant
1814 2741 1908 2810 illi-
1946 2741 2166 2812 quidvis

586 2832 791 2909 potius,
823 2846 988 2902 quam
1031 2831 1348 2888 Latinorum
1378 2833 1708 2888 sententiam
1742 2833 1828 2888 his
1863 2833 2165 2888 incommo-

576 2924 662 2978 dis
691 2939 904 2979 carere.
951 2923 1101 2978 Adeo
1136 2923 1296 2995 longe
1329 2924 1485 2979 aliter
1518 2923 1584 2978 de
1616 2923 1990 2980 additamenta
2038 2940 2162 2981 scn-

2269 1703 2377 1774 γάρ
2419 1699 2512 1775 ἦν,
2541 1706 2668 1769 τοὺς
2723 1705 3024 1791 ἀκούοντας
3054 1709 3118 1762 ἐκ
3145 1709 3240 1763 τοῦ
3299 1710 3430 1763 Υίοῦ
3492 1711 3735 1782 προῖέναι
3777 1711 3826 1764 τὸ
3922 1699 3923 1752 ἶ

2267 1794 2515 1864 Πνεῦμα,
2551 1799 2647 1851 καὶ
2699 1799 2773 1868 μὴ
2813 1799 3128 1869 χωροῦντας
3186 1795 3332 1856 πάνυ
3373 1803 3466 1855 τὸν
3511 1804 3685 1873 λόγον,
3713 1803 3825 1859 ἄλλα

2266 1904 2331 1957 γε
2362 1887 2531 1943 πο).λά
2565 1890 2675 1944 τῶν
2718 1889 2939 1946 ἀτόπων
2989 1894 3394 1966 ἐνθυμηθῆναι,
3445 1896 3542 1950 καὶ
3587 1898 3750 1950 ταῦτα
3775 1898 3825 1964 δὴ

2269 1982 2404 2050 πρὸς
2453 1982 2488 2036 ἀ
2521 1983 2789 2048 Λατίνους
2821 1986 3132 2056 ἀπάγουσιν
3169 1989 3219 2041 ei
3256 1989 3324 2043 τά
3381 1991 3573 2060 μακρὰ
3615 1989 3728 2042 κατ’
3751 1992 3826 2047 αὖ.
3922 2025 3923 2030 η

2266 2075 2374 2128 τῶν
2407 2077 2768 2142 ἐκδεδωκότες
2822 2082 3260 2152 συγγράμματα,
3296 2084 3391 2137 καὶ
3443 2084 3478 2138 ἀ
3534 2101 3704 2153 φασιν
3723 2086 3826 2138 ἀκο-

2267 2169 2479 2224 λουθετν
2512 2171 2568 2239 ἐξ
2617 2173 2863 2244 ἀνάγκης
2894 2174 2972 2244 τῷ
3014 2175 3253 2246 δόγματι
3279 2193 3294 2209 ⁶
3338 2171 3452 2231 οἷόν
3502 2183 3619 2232 ἐστι
3669 2179 3752 2232 καὶ
3783 2178 3828 2230 τὸ

2267 2264 2450 2328 διττὰς
2504 2267 2749 2337 νομίζειν
2803 2268 3001 2340 ἀρχὰς,
3035 2270 3131 2324 καὶ
3180 2270 3241 2324 τὸ
3292 2272 3402 2325 τῶν
3459 2273 3642 2326 ἀλλων
3695 2272 3829 2325 θείων

2271 2357 2584 2428 προσώπων
2631 2355 2773 2414 εἶναι
2846 2362 2905 2415 τὸ
2967 2363 3196 2435 Πνεῦμα
3252 2367 3710 2437 καταδεέστερον,
3755 2368 3829 2418 καὶ

2268 2451 2436 2505 τᾶλλα
2469 2453 2534 2523 δὴ
2585 2453 2652 2507 τά
2701 2453 3039 2528 τοιαῦταεΕί
3071 2455 3182 2527 γὰρ
3227 2459 3450 2511 Λατῖνοι
3482 2460 3613 2530 περὶ
3651 2459 3829 2514 τούτων

2224 2625 2228 2628 ι
2270 2547 2721 2618 ἀπολογούμενοι,
2775 2550 2869 2603 καὶ
2916 2544 3060 2620 ’μήτε
3117 2555 3340 2622 φρονεῖν
3390 2554 3556 2617 αὐτὰ,
3613 2552 3736 2622 μήτ’
3783 2551 3830 2617 ἐξ

2270 2641 2515 2711 ἀνάγκης
2568 2643 2800 2697 ἕπεσθαι
2861 2647 2926 2715 τῇ
2983 2645 3109 2716 δόξῃ
3173 2646 3507 2713 δεικνύντες,
3557 2648 3707 2702 οῦπω
3753 2651 3829 2703 καὶ

2267 2737 2510 2806 τήμερον
2543 2738 2726 2789 πεῖσαι
2765 2737 3036 2807 Γραικοὺς
3070 2730 3445 2810 ἠδυνήθησαν,
3489 2741 3609 2794 ἀλλ’
3650 2743 3830 2798 οἴονται

2269 2830 2448 2883 πάντα
2503 2829 2703 2898 μᾶλλον
2753 2831 2785 2901 ἢ
2829 2830 2940 2884 τῶν
2994 2833 3218 2886 ἀτόπων
3264 2834 3616 2906 ἀπηλλάχθαι
3650 2838 3830 2890 τούτων

2269 2922 2369 2992 τὴν
2410 2921 2602 2988 δόξαν·
2639 2923 2815 2987 οὕτως
2847 2924 3113 2978 ἀκούουσι
3143 2927 3243 2997 τῆς
3275 2929 3623 2998 προσθήκης,
3656 2931 3748 3000 οὐχ
3771 2931 3832 2993 ὡς

580 3017 741 3079 tiunt,
769 3032 931 3086 quam
969 3018 1135 3071 relint
1167 3018 1261 3087 qni
1311 3017 1442 3072 illud
1478 3031 1729 3074 asserunt
1759 3036 1772 3072 :
1806 3019 1936 3090 quid
1992 3019 2162 3075 factu-

2272 3017 2336 3070 at,
2369 3018 2418 3069 οί
2457 3016 2708 3085 λέγοντες
2747 3018 3062 3088 βούλοιντο,
3097 3019 3151 3073 τί
3201 3020 3396 3074 παθεῖν
3429 3022 3578 3085 είκὺς
3622 3018 3689 3090 ἦν
3727 3021 3831 3084 τοὺς

576 3125 668 3164 ros
702 3104 952 3165 homines
993 3111 1404 3175 existimamus,
1439 3113 1651 3167 sanctis
1676 3113 2031 3168 omnibusex
2059 3112 2166 3168 Fi-

576 3203 648 3258 lio
668 3201 931 3271 Spiritum
959 3202 1375 3269 afﬁrmantibus,
1411 3212 1464 3256 et
1494 3204 1839 3272 simpliciter,
1899 3213 1958 3260 ut
1991 3206 2172 3261 moris

576 3306 661 3352 est
695 3297 822 3363 illis,
851 3297 1046 3368 dogma
1091 3295 1195 3351 hoc
1230 3295 1656 3366 proferentibns,
1691 3307 1747 3353 et
1778 3298 1913 3352 nihil
1954 3299 2163 3354 adden-

576 3391 722 3444 tibus
765 3405 829 3444 ex
871 3389 1114 3460 iis,'qu:e
1145 3405 1293 3445 nunc
1338 3405 1366 3443 a
1419 3388 1630 3445 Latinis
1688 3389 1981 3446 adinrenta
2037 3400 2193 3448 sunt‘

580 3498 750 3542 causa
790 3481 1116 3537 defendendi
1176 3483 1469 3552 degmatis,
1504 3493 1557 3537 et
1591 3481 1856 3538 evadendi
1911 3485 2027 3538 haec
2084 3483 2168 3538 in-

578 3569 907 3627 commoda?
945 3569 1055 3641 Ego
1085 3572 1230 3626 enim
1286 3572 1529 3626 arbitror
1578 3571 1823 3633 futurum
1885 3576 2057 3629 fuisse
2108 3584 2169 3630 ut

580 3665 698 3720 have
732 3665 950 3734 quidem
985 3664 1061 3717 illi
1095 3666 1252 3734 sequi
1307 3665 1546 3720 absurda
1577 3667 1975 3739 epinarentur;
2025 3684 2156 3724 con-

579 3762 883 3817 tradicente
908 3775 1038 3815 vero
1072 3759 1315 3824 nemine,
1356 3774 1453 3814 nec
1493 3759 1734 3814 cavenda
1772 3760 1860 3814 illa
1892 3775 2013 3815 esse
2046 3762 2156 3815 ad-

581 3863 862 3918 monente,
923 3861 977 3909 et
1007 3835 1856 3922 sententiamamplecterentur,
1905 3861 2165 3922 tanquam

580 3948 728 4002 nulla
759 3947 845 4002 sui
880 3960 944 4003 ex
977 3955 1134 4017 parte
1181 3946 1297 4017 ipsa
1337 3944 1686 4012 inferentem,
1717 3954 1771 4001 et
1804 3944 2169 4001 incommodis

579 4041 732 4096 hisce
755 4049 1016 4110 tanquam
1043 4039 1188 4095 veris
1225 4037 1382 4095 facile
1409 4039 1833 4095 assentirentur.
1865 4036 1999 4104 Quae
2033 4052 2169 4092 sane

579 4133 767 4188 omnia
809 4148 907 4204 par
943 4140 1025 4187 est
1067 4131 1325 4188 doctores
1353 4130 1699 4202 prrevidisse,
1735 4129 1967 4199 ideoque
1999 4129 2168 4184 absti-

583 4227 772 4282 nuisse
816 4242 846 4280 a
885 4224 1212 4297 proferenda
1274 4225 1575 4290 sententia,
1629 4223 1892 4296 quodque
1938 4224 2168 4278 multum

579 4321 777 4376 laedere
805 4330 1040 4391 poterat,
1067 4321 1313 4377 siluisse.
1345 4322 1481 4376 Cum
1518 4319 1667 4376 enim
1704 4319 1783 4374 illi
1813 4317 1883 4374 de
1906 4317 2171 4374 securita-

578 4427 633 4470 te
653 4413 1052 4484 discipnlorum
1095 4413 1254 4467 valde
1285 4412 1505 4469 solliciti
1555 4427 1652 4468 eos
1711 4410 1915 4481 ubique
1965 4413 2166 4465 cohor-

577 4517 762 4562 tentur
796 4515 853 4561 ut
883 4507 1000 4563 sola
1045 4514 1354 4577 sequantur
1392 4505 1695 4579 Scriptura:
1720 4504 1909 4569 verba,
1951 4515 2008 4559 et
2032 4503 2167 4558 nihil

574 4601 722 4656 aliud
761 4601 978 4657 curiose
1036 4603 1341 4671 inquirant,
1399 4614 1565 4670 quam
1603 4599 1775 4654 etiam
1829 4598 1900 4653 ob
1939 4611 2166 4662 causam

577 4695 749 4749 multa
781 4695 1079 4766 Scriptura:
1101 4695 1221 4750 loca
1248 4693 1525 4764 explicant
1553 4699 1745 4749 contra
1774 4707 2168 4762 quamomnes,

576 4798 631 4840 et
681 4788 899 4856 ipsimet
950 4788 1111 4843 etiam
1142 4789 1430 4853 sentirent,
1457 4800 1559 4842 nec
1603 4784 1773 4841 videri
1836 4785 2171 4841 erubescunt

582 4882 897 4952 hujusmodi
936 4883 1332 4938 sententiarum
1375 4880 1522 4954 plani
1557 4876 1901 4951 interpretes,
1931 4889 1985 4935 et
2038 4893 2169 4949 pro-

578 4975 743 5030 funda
781 4989 888 5029 non
945 4982 1314 5045 penetrantes,
1346 4989 1416 5030 eo
1475 4979 1689 5028 tantum
1752 4970 2007 5035 consilio,
2059 4983 2170 5040 quo

577 5068 795 5121 valeant
839 5069 1171 5137 persuadere
1224 5067 1368 5133 aliis,
1410 5075 1468 5121 ut
1529 5065 1847 5121 contineant
1900 5076 1963 5118 se
2027 5061 2171 5117 intra

577 5163 873 5226 terminos,
933 5168 987 5215 et
1037 5161 1361 5217 temeritatis
1428 5159 1674 5232 pericula
1736 5160 1942 5216 evitent
1985 5175 1998 5212 :
2037 5156 2170 5228 quid

581 5257 802 5320 mirum,
838 5255 883 5310 si
920 5255 1015 5309 has
1047 5256 1401 5324 COgitationes
1424 5255 1627 5320 secuti,
1653 5254 1768 5308 haec
1800 5253 1916 5324 ipsa
1949 5267 2172 5322 quoque

577 5358 896 5413 tacuerunt,
928 5358 983 5402 ut
1016 5349 1182 5402 multa
1214 5348 1339 5409 alia,
1367 5362 1486 5418 qua:
1521 5348 1587 5401 ab
1620 5347 1726 5400 illis
1759 5345 2174 5416 poterantcitra

582 5444 880 5512 periculum
923 5441 1242 5497 enuntiari?
1275 5441 1576 5512 Oportebat
1620 5441 1765 5496 enim
1820 5456 1926 5494 nen
1990 5440 2169 5495 solum

584 5538 764 5591 verbis
789 5553 1143 5592 comnronere
1163 5535 1291 5606 quid
1321 5534 1436 5589 fieri
1469 5534 1681 5598 deceat,
1710 5533 1804 5588 sed
1836 5533 2011 5602 reipsa
2037 5547 2176 5602 quo-

587 5644 694 5698 que
720 5632 894 5696 palum
921 5628 1120 5693 facere,
1147 5639 1198 5684 et
1233 5644 1289 5682 se
1324 5627 1471 5697 ipsos
1505 5625 1817 5696 exemplum
1850 5626 2173 5680 adhibendae

586 5722 856 5778 cautionis
892 5723 1154 5795 prtebcre.
1222 5722 1478 5780 Sciebant
1515 5721 1711 5793 quippe
1768 5721 1868 5777 hoc
1914 5735 2170 5777 verorum

2270 3105 2614 3178 ἀνθρώπους,
2645 3107 2751 3161 τῶν
2804 3108 2977 3176 ἁγίων
3029 3109 3287 3162 ἁπάντων
3337 3110 3403 3162 ἐκ
3457 3109 3555 3163 τοῦ
3610 3108 3735 3162 Υίοῦ
3785 3109 3831 3160 τὸ

2272 3199 2496 3268 Πνεῦμα
2521 3199 2812 3268 λεγόντων,
2857 3203 2951 3255 καὶ
2989 3200 3150 3255 τοῦτο
3181 3203 3632 3271 δογματιζόντων
3669 3201 3831 3263 ἅπλῶς

2271 3292 2346 3355 ὡς
2387 3293 2510 3355 ἔθος
2563 3292 2769 3357 αὐτοῖς,
2809 3294 2979 3363 μηδὲν
3031 3292 3089 3346 δὲ
3147 3293 3561 3364 προστιθέντων
3611 3294 3715 3348 τῶν
3755 3293 3832 3346 νῦν

2270 3386 2522 3448 Λατίνοις
2550 3386 2630 3448 είς
2665 3385 2974 3454 ἀπολογίαν
3005 3385 3397 3458 ἐξευρημένων
3427 3386 3524 3440 τοῦ
3565 3387 3828 3456 δόγματος,

2271 3481 2365 3534 καὶ
2405 3478 2541 3549 πρὸς
2571 3477 2671 3543 τάς
2697 3479 2809 3532 τῶν
2855 3481 3078 3534 ἀτόπων
3127 3479 3336 3534 τούτων
3387 3480 3704 3548 ἀποφυγάς;
3739 3477 3830 3546 ἐγὼ

2269 3573 2378 3643 γάρ
2431 3566 2607 3643 οἶμαι,
2639 3574 2704 3644 τῇ
2760 3573 2862 3641 μὲν
2925 3573 3055 3645 δόξῃ
3105 3573 3443 3644 νομίσαντας
3502 3573 3727 3626 ἕπεσθαι
3774 3571 3829 3624 τὰ

2269 3665 2518 3732 τοιαῦτα,
2567 3664 2945 3732 ἀντιλέγοντος
2996 3665 3052 3718 δὲ
3107 3666 3358 3736 μηδενὸς,
3426 3666 3605 3719 ταῦτα
3655 3664 3832 3733 φυλάτ-

2270 3756 2460 3809 τεσθαι
2512 3755 2933 3826 παραινοῦντος,
2961 3757 3054 3810 καὶ
3100 3758 3202 3827 τὴν
3233 3758 3393 3823 δόξαν
3441 3759 3516 3822 ὡς
3562 3757 3832 3828 οὐδαμόθεν

2272 3848 2478 3902 τούτων
2506 3850 2688 3902 αἰτίαν
2731 3851 2923 3921 τιμᾷν,
2965 3853 3060 3903 καὶ
3101 3851 3175 3914 ὡς
3221 3852 3454 3924 ἀληθέσι
3482 3856 3596 3916 τοῖς
3634 3853 3832 3916 ἀτόποις

2273 3940 2485 4002 τούτοις
2516 3941 2719 4013 ῥᾳδίως
2754 3941 2821 3994 ἂν
2867 3942 3234 4012 προσθέσθαι.
3275 3945 3341 3997 Ἃ
3371 3945 3435 4015 δὴ
3471 3932 3650 4000 πάντα
3677 3963 3831 4016 προει-

2272 4033 2532 4103 δομένους
2580 4034 2726 4097 είκὸς
2770 4033 2887 4088 ἐστι
2928 4034 3218 4104 φείσασθαι
3262 4035 3364 4106 τῆς
3427 4036 3587 4107 δόξης
3615 4039 3732 4101 τοὺς
3768 4036 3831 4089 δι-

2273 4115 2731 4191 δασκάλους,·καὶ
2786 4131 3012 4198 σιγῆσαι
3046 4128 3106 4183 τὸ
3145 4130 3363 4200 μεγάλα
3395 4129 3660 4202 βλάπτειν
3696 4132 3834 4185 δυνά·

2277 4235 2458 4288 μενον.
2521 4218 2582 4271 El
2639 4219 2696 4273 δὲ
2754 4223 2851 4274 καὶ
2910 4222 3009 4292 τῆς
3069 4221 3178 4276 τῶν
3240 4222 3506 4293 μαθητῶν
3559 4223 3832 4293 ἀσφαλείας

2277 4311 2484 4382 σφόδρα
2513 4311 2919 4382 φροντίζοντες,
2951 4313 3230 4385 πανταχοῦ
3262 4316 3626 4386 παραινοῦσιν
3667 4318 3828 4379 αὺτοῖς

2203 4374 2247 4430 D
2275 4374 2382 4460 τύλν
2416 4374 2486 4460 ’ὲν
2653 4374 2844 4477 Γραφῇ
2880 4374 3212 4494 ⁷λεγοιιένων
3263 4374 3491 4480 ἔχεσθαι
3546 4411 3723 4482 μόνον,
3754 4374 3832 4463 καί.

2277 4498 2446 4575 μηδὲν
2477 4500 2946 4569 περιεργάζεσθαι
2985 4500 3150 4554 πλέον
3176 4517 3189 4533 '
3229 4501 3372 4557 ὥστε
3422 4504 3522 4557 καὶ
3566 4505 3731 4557 πολλὰ
3755 4503 3833 4571 τῆς

2273 4591 2495 4665 Γραφῆς
2527 4593 2855 4665 ἐξηγοῦνται
2891 4598 2956 4667 τῇ
2989 4614 3048 4649 τε
3080 4597 3301 4651 πάντων
3333 4596 3462 4672 δόξῃ
3488 4600 3584 4653 καὶ
3611 4602 3673 4670 τῇ
3705 4597 3828 4664 σφῶν

2273 4692 2454 4746 αὐτῶν
2502 4694 2804 4757 ἐναντίωςο
2858 4694 2968 4747 οὐδ’
3021 4694 3294 4748 αἰδοῦνται
3355 4696 3419 4749 τὺ
3467 4696 3618 4763 δόξαι
3667 4696 3831 4763 σαφεῖς

2274 4801 2416 4847 τινες
2443 4785 2596 4850 ὄντες
2627 4789 2722 4840 καὶ
2753 4788 3070 4841 ἐπιπόλαιοι
3124 4787 3235 4842 τῶν
3269 4788 3535 4843 τοιούτων
3571 4788 3829 4859 ἐξηγηταὶ.

2277 4881 2435 4951 μόνον
2473 4881 2561 4935 ἵνα
2587 4881 2862 4952 δυνηθῶσι
2892 4885 3078 4937 πεῖσαι
3111 4885 3242 4948 ’τοὺς
3270 4882 3468 4948 ἄλλους
3507 4885 3641 4939 εἴσω
3678 4884 3832 4956 μένειν

2273 4973 2382 5046 τῶν
2421 4975 2586 5046 ὅρων,
2619 4976 2716 5030 καὶ
2742 4977 2855 5030 τῶν
2899 4979 2964 5031 ἔκ
3009 4978 3108 5048 τῆς
3139 4979 3480 5048 προπετείας
3513 4977 3829 5049 ἀπηλλάχθαι

2276 5065 2541 5122 κινδύνων
2568 5086 2581 5100 ·
2633 5067 2687 5120 τί
2721 5069 3062 5139 θαυμαστὸν,
3095 5070 3144 5122 εί
3179 5070 3393 5134 τούτοις
3444 5071 3703 5142 ἑπόμενοι
3742 5069 3829 5128 τοῖς

2276 5160 2559 5231 λογισμοός
2587 5162 2882 5218 καὶταῦτα
2931 5164 3222 5236 ἐσίγησαν,
3253 5163 3445 5235 ὥσπερ
3491 5163 3643 5237 εὖροι
3677 5180 3750 5225 τις
3775 5160 3827 5212 ἂν

2278 5253 2480 5318 αὐτοὺς
2523 5258 2614 5309 καὶ
2661 5257 2836 5309 πολλὰ
2868 5257 3003 5312 ἄλλα
3038 5257 3148 5311 τῶν
3181 5257 3483 5322 ἀκινδύνως
3517 5258 3584 5311 ἀν
3630 5254 3827 5327 εἰρημέ-

2278 5363 2385 5401 νων
2417 5332 2809 5420 σεσιγηκόταςς
2853 5351 2961 5406 ἔδει
3013 5351 3120 5424 γὰρ
3159 5351 3233 5422 μὴ
3265 5351 3409 5421 λόγῳ
3449 5351 3614 5419 μόνον
3658 5350 3712 5404 τὸ
3734 5348 3828 5399 δέον

2279 5441 2668 5511 ὑπαγορεύειν,
2719 5444 2857 5498 ἀλλὰ
2907 5445 2999 5496 καὶ
3058 5445 3204 5514 ἔργῳ
3253 5444 3526 5514 φανεροῦν
3573 5445 3718 5508 αὐτὸ,
3755 5439 3829 5494 καὶ

2281 5537 2631 5605 παράδειγμα
2688 5540 2828 5607 σφᾶς
2881 5539 3081 5601 αὐτοὺς
3129 5537 3333 5591 διδόναι
3373 5538 3476 5607 τῆς
3531 5537 3825 5602 ερλαὗείσς¹

2281 5625 2440 5679 τοῦτο
2494 5628 2599 5698 γὰρ
2650 5630 2924 5699 ἀληθινῶν
2977 5629 3315 5683 διδασκάλων
3353 5630 3555 5701 ᾔδεσαν
3588 5631 3664 5683 δν.
3706 5625 3857 5680 ‘Eﬁtl'

2284 5720 2336 5774 δὲ
2390 5723 2478 5774 καὶ
2534 5722 2632 5795 τὴν
2661 5722 2920 5793 ἀλήθειαν
2969 5721 3077 5778 ἀπό
3110 5738 3171 5790 γε
3227 5721 3335 5776 τῶν
3373 5725 3695 5792 σοφωτέρων
3723 5712 3829 5788 κρί-
