3966 6328
82 239 186 321 {>13

1160 233 1163 238 ’
1218 258 1504 322 ORATIO
1548 261 1642 323 ιιι
1672 264 1780 325 an
1820 264 2189 351 SYNODUM

3246 267 3355 331 514

74 373 232 412 πτειν
265 357 371 413 οὐκ
419 358 563 417 ἔδει·
606 357 642 434 ἦ
675 362 784 434 γὰρ
828 362 897 418 ἂν
945 364 1168 435 ἠδίκουν
1198 371 1265 441 τῇ
1298 373 1405 428 τῶν
1435 373 1655 428 ἀσθενε-

1758 366 2203 432 essedoctorum.
2250 365 2518 446 Quoniam
2564 392 2690 437 vero
2720 378 3085 451 sapientiores
3126 397 3349 455 quoque

76 452 285 519 στέρων
363 453 535 524 φειδοῖ
608 456 735 519 τοὺς
811 456 1037 528 ἄμεινον
1096 467 1659 537 παρεσκευασμένους

75 540 471 616 ἀτελεστέρους
500 544 718 613 έῶντες,
761 548 905 620 μηδὲ
933 551 1030 605 καὶ
1057 550 1274 618 τούτοις
1307 557 1657 627 συμμετρεῖν

73 632 171 717 τὸν
204 634 313 703 τῆς
360 634 711 702 διδασκαλίας
762 637 921 709 λόγον
965 639 1289 707 ἐθέλοντες·
1324 644 1488 701 ἄλλον
1537 649 1661 703 τινὰ

73 725 273 796 τρόπον
322 722 421 781 καὶ
466 728 677 805 τούτοις
719 732 823 803 τὴν
869 732 1047 805 ἀληθῆ
1097 736 1468 806 προύτίθεσαν
1498 740 1661 806 δόξαν

74 818 353 890 ἀρκοῦντα
409 824 596 892 σοφοῖς
624 839 638 855 ·
683 822 937 896 καθάπερ
987 824 1098 881 οὐδ’
1145 826 1302 883 αὐτοὶ
1353 832 1502 907 παρὰ
1552 832 1662 886 τῶν

75 912 313 983 Γραφῶν
363 913 557 979 αὐταῖς
604 916 834 989 ἐζήτουν
860 914 1045 984 λέξεσι
1094 919 1195 992 τὴν
1221 920 1662 995 ἀληθειαν,.ἀλλ’

74 1004 169 1059 ὅσα
215 1007 339 1070 τοῖς
384 1006 687 1080 διαρρήδην
732 1009 1053 1081 λεγομένοις
1104 1014 1202 1085 τὴν
1256 1014 1380 1086 ίσην
1426 1015 1658 1087 δύναμιν

74 1094 203 1166 ἔχει,
241 1098 343 1151 καὶ
387 1096 423 1152 ἀ
471 1102 592 1163 ταῖς
650 1101 1115 1173 ὁμολογουμέναις
1164 1108 1295 1177 περὶ
1347 1108 1458 1164 τῶν
1496 1109 1660 1165 θείων

78 1188 305 1255 ἐννοίαις
341 1196 649 1264 συνᾴδουσι,
692 1194 829 1265 πρδς
867 1194 964 1268 τὴν
996 1196 1200 1269 ταύτης
1247 1199 1427 1271 θήραν
1469 1203 1659 1273 σφίσῖν

75 1284 336 1354 ἐκόμισαν
366 1284 639 1359 ἐξαρκεῖν.
676 1287 894 1359 Ταύτην
928 1291 1022 1344 καὶ
1060 1292 1109 1345 οί
1143 1292 1322 1348 λοιποὶ
1369 1294 1479 1350 τῶν
1511 1296 1660 1351 διδαο

77 1374 286 1429 σκάλων
314 1377 537 1458 εἴλοντο
582 1378 680 1449 τὴν
727 1380 848 1433 ὁδὸν
897 1383 954 1435 ὲν
1011 1379 1092 1448 οἷς
1146 1384 1536 1455 ὲδογμάτισαν.
1566 1390 1681 1462 Μὴ’

78 1465 179 1534 γὰρ
218 1467 303 1521 ὅτι
352 1468 554 1539 ταύτην
585 1469 799 1534 ἐξεῖπον
860 1472 959 1542 τὴν
1005 1474 1164 1541 δόξαν
1202 1476 1383 1543 ἄλλοις
1428 1496 1661 1549 aecum-

81 1558 243 1629 μένην
274 1564 553 1615 σκοπείτω
580 1578 685 1627 τις,
720 1562 837 1616 ἀλλ’
867 1564 950 1619 ὅτι
986 1567 1230 1622 κάκεῖνοι
1277 1570 1452 1624 πολλά
1490 1571 1662 1626 κατέ-

1763 468 1944 523 cclare
1992 471 2275 526 veritatem
2335 488 2443 529 non
2500 473 2824 530 debebam:
2885 474 3154 545 alioquin,
3212 476 3341 532 dum

1759 560 2072 616 consultum
2100 562 2352 618 volebant
2379 564 2855 632 imbecillioribus,
2882 564 3055 635 iniqui
3092 566 3145 620 in
3166 570 3345 638 mag'a

1762 653 1988 710 idoneos
2035 639 2768 730 exstitissent,imperfectos
2814 657 3198 731 relinquendo,
3241 672 3340 714 nec

1761 744 1995 803 valendo
2028 747 2139 803 illis
2171 749 2337 804 etiam
2371 748 2682 819 impendere
2703 750 2972 807 doctrina:
3002 764 3337 814 sermonem,

1761 839 1872 894 alio
1902 839 2140 908 quodam
2187 839 2351 895 modo
2382 850 2435 896 et
2462 839 2567 896 illis
2590 856 2769 898 veram
2802 842 3186 913 proponebant
3220 856 3347 898 sen-

1763 929 2132 998 tentiam,qui
2159 930 2501 1001 sapientibus
2541 932 2674 987 satis
2729 944 2918 991 esset:
2975 933 3344 1004 quemadino—
3403 958 3408 962 -

1761 1023 1889 1078 dum
1921 1032 1974 1077 et
2025 1024 2126 1093 ipsi
2159 1024 2446 1079 veritatem
2479 1040 2510 1080 e
2543 1024 2842 1097 Scripturis
2871 1043 2983 1083 non
3022 1026 3189 1083 nudis
3217 1041 3343 1082 ver-

1762 1113 1846 1169 bis
1877 1116 2181 1185 expositam
2221 1116 2598 1186 requirebant,
2632 1116 2727 1172 sed
2779 1120 2845 1173 ad
2898 1118 3346 1190 comperiendam

1760 1206 1908 1263 illam
1941 1208 2076 1263 satis
2104 1222 2226 1264 esse
2259 1208 2361 1263 sibi
2399 1217 2693 1279 putarunt,
2748 1223 2866 1280 qua:
2902 1212 3125 1281 perinde
3163 1210 3348 1266 valent

1734 1305 1927 1368 .-atque
1961 1297 2075 1369 ipsa
2126 1309 2313 1368 aperte
2345 1299 2722 1370 pronuntiata,
2753 1314 2982 1371 qumque
3033 1310 3346 1374 congruunt

1762 1408 1887 1449 cum
1921 1394 2091 1449 certis
2116 1401 2167 1447 et
2206 1392 2527 1450 indubitatis
2555 1394 2723 1449 animi
2765 1394 3117 1464 conceptibus
3154 1396 3218 1451 de
3256 1411 3345 1452 re-

1765 1484 1867 1541 bus
1889 1483 2111 1541 divinis.
2159 1482 2309 1543 lianc
2363 1485 2625 1540 etczeteri
2672 1485 2928 1541 doctores
2976 1485 3146 1540 secuti
3216 1498 3342 1540 sunt

1763 1578 1930 1642 viam,
1970 1577 2099 1631 dum
2140 1588 2473 1648 exponerent
2495 1578 2771 1650 dogmata.
2804 1576 2914 1633 Nec
2950 1570 3079 1631 illud
3116 1592 3342 1647 perpen-

79 1669 199 1722 σχον
230 1655 365 1723 παρ’
413 1654 629 1719 ἑαυτοῖς
665 1650 739 1709 ῶν
763 1657 1026 1728 ἠδύναντο
1074 1660 1255 1730 λέγειν
1283 1681 1295 1694 ·
1329 1663 1367 1719 ι
1415 1664 1658 1737 τοσούτῳ

1764 1668 1857 1725 dat
1904 1669 2199 1739 quispiam,
2236 1670 2390 1740 quod
2437 1670 2581 1727 banc
2628 1670 2955 1725 sententiam
2992 1670 3342 1742 protulerint,

80 1746 247 1815 μείζω
294 1747 544 1801 κίνδυνον
593 1751 725 1813 ἴσως
770 1750 1003 1820 ἤνεγκεν
1034 1752 1103 1807 ἂν
1135 1757 1230 1808 καὶ
1259 1754 1417 1810 οὕτω
1446 1752 1658 1812 πλείοσι

1766 1737 1933 1832 quam
1962 1737 2054 1817 alii
2084 1737 2378 1829 tacuerint,
2420 1763 2515 1819 sed
2557 1765 2700 1832 quod
2729 1772 2782 1818 et
2837 1762 2914 1817 illi
2956 1737 3126 1819 multa
3180 1778 3347 1833 penes

77 1841 547 1912 τῶνάνθρώπων,
578 1844 689 1915 ὅσῳ
730 1848 825 1901 καὶ
852 1844 1163 1918 βαθυτέρας
1192 1851 1304 1912 τοῖς
1336 1848 1435 1905 ὑπ’
1475 1852 1660 1906 αὐτῶν

76 1934 389 2004 λεγομένοις
424 1936 506 1989 δεῖ
554 1937 817 2004 διανοίας,
855 1942 950 1992 καὶ
996 1940 1177 2008 πολλῷ
1204 1940 1476 2011 βελτίονος
1510 1945 1660 2015 ἐδέη-

80 2046 167 2084 σεν
210 2029 277 2083 ἂν
317 2033 432 2094 τοῖς
476 2034 883 2102 σιωπωμένοις.
918 2033 1114 2105 Ἑτέρα
1166 2035 1224 2089 δέ
1278 2054 1385 2090 τινι
1438 2035 1655 2111 μηχανῇ

77 2122 317 2199 κάκεῖνοι
356 2123 481 2186 τοὺς
530 2118 966 2193 παρακολουθεῖν
1006 2126 1341 2196 δυναμένους
1376 2122 1451 2184 ὧν
1495 2133 1660 2201 ἐφρό-

78 2231 196 2267 νουν
229 2219 559 2283 πεποίηνται
589 2217 880 2281 κοινωνούς
903 2231 918 2247 ·
951 2220 1042 2272 καὶ
1087 2219 1236 2292 τοῦτ’
1265 2221 1381 2276 ἐστι
1424 2226 1659 2279 συνιδεῖν

79 2308 127 2361 εί
144 2326 226 2371 τις
264 2308 451 2362 αὐτῶν
479 2310 591 2373 τοῖς
632 2309 814 2378 λόγοις
843 2315 1125 2384 προσέχοι.
1171 2314 1236 2369 '0
1266 2316 1323 2369 δὲ
1351 2317 1481 2374 τοὺς
1514 2319 1659 2372 διδα-

81 2404 306 2467 σκάλους
332 2405 604 2467 ἑκάστους
636 2405 835 2481 παθεῖν
884 2407 1030 2469 εἰκός
1068 2409 1187 2463 ἔστι
1231 2408 1369 2480 πρὸς
1398 2411 1524 2474 τοὺς
1566 2411 1659 2465 ὑπ’

83 2497 257 2551 αὐτῶν
316 2495 693 2567 μυουμένους,
750 2496 908 2551 τοῦτο
963 2499 1143 2570 πολλῷ
1200 2502 1467 2573 πρότερον
1522 2504 1659 2573 πρὸς

81 2591 254 2644 πᾶσαν
324 2588 493 2645 αὐτοῦ
555 2588 655 2659 τὴν
717 2580 1052 2663 Ἐἶκλησίαν
1121 2595 1537 2666 ᾠκονομηκέναι
1599 2586 1707 2650 ἰδ’

84 2682 303 2752 Πνεῦμα
331 2684 433 2752 τῆς
462 2683 723 2753 ἀληθείας
756 2683 910 2739 οὐδὲν
958 2686 1185 2751 ἀπεικὸς
1218 2687 1509 2759 θαυμαστῇ
1550 2706 1657 2743 τινι

82 2774 164 2827 καί
180 2776 358 2829 πάντα
381 2774 764 2847 λόγονμνικώσῃ
791 2779 1041 2849 προνοίᾳ.
1062 2782 1371 2852 Προύνόησε
1394 2783 1499 2848 γὰρ
1524 2783 1652 2837 ἑκκ-

83 2870 233 2939 τέρας
284 2868 395 2921 τῶν
429 2868 738 2938 ἀνθρώπων
788 2870 887 2939 τῆς
936 2870 1123 2943 ἕξεως,
1163 2875 1256 2927 καὶ
1296 2873 1655 2940 διδασκάλους

82 2960 283 3013 πλάσαν
330 2958 561 3023 ταύταις
600 2960 1025 3031 συμϐαίνοντας,
1058 2964 1172 3025 τοῖς
1223 2963 1323 3032 μὲν
1366 2966 1654 3019 ἀτελεστέ-

84 3068 188 3121 ροις
225 3053 355 3116 τοὺς
392 3051 655 3123 εὐλαϐείᾳ
706 3055 1090 3123 χρησαμένους
1140 3056 1430 3126 ἐπέστησε,
1461 3059 1575 3122 τοῖς
1607 3058 1653 3112 δ’
1680 3091 1726 3154 c

86 3144 434 3214 ὑψηλοτέροις
463 3144 559 3198 τδν
607 3144 736 3199 νοῦν
766 3145 892 3210 τοὺς
944 3146 1181 3215 μάλιστα
1242 3148 1655 3221 τεθαρρηκότας

87 3237 246 3307 ίφῆκε
274 3253 291 3267 ’
336 3236 433 3290 καὶ
476 3234 723 3290 δῖδάσκει
766 3236 865 3308 μὲν
914 3236 1012 3309 τὴν
1056 3239 1368 3307 ἀναγκαίαν
1396 3241 1656 3313 ἀληθειαν

84 3329 163 3383 διὰ
203 3329 427 3385 πάντων
461 3329 686 3399 ὁμοίως,
714 3323 784 3401 ἦς
824 3329 856 3399 ἡ
888 3322 1075 3396 πίστις
1125 3334 1273 3387 ποιεῖ
1317 3335 1443 3398 τοὺς
1476 3335 1656 3404 σωθη-

83 3422 335 3494 σομένους
358 3438 371 3454 ·
397 3422 469 3476 ἂν
502 3421 557 3475 δέ
597 3438 683 3485 τις
711 3420 1195 3494 θεωρητικώτερος
1236 3423 1310 3479 ὣν
1343 3427 1437 3480 καὶ
1472 3427 1656 3498 κρείτ-

81 3508 180 3567 των
227 3514 468 3585 ὑποψίας
525 3513 811 3580 κινδύνων,
870 3514 1008 3584 πρὸς
1064 3517 1161 3579 τὰς
1216 3517 1326 3570 τῶν
1386 3518 1655 3586 μειζόνων

86 3608 198 3675 άγει
229 3607 483 3678 μυήσεις,
516 3606 614 3659 καὶ
643 3605 818 3681 τούτῳ
857 3606 948 3660 τὸν
994 3606 1161 3661 πόθον
1217 3610 1651 3680 παραμυθεῖται,

84 3698 343 3763 διακόνοις
372 3696 465 3760 οὓς
504 3696 651 3760 ίδίως
688 3696 824 3769 πρὸς
856 3696 1031 3752 ταῦτα
1074 3702 1464 3771 παρεσκεύακε
1509 3702 1653 3775 χρώ·

89 3807 257 3859 μενον.
293 3790 447 3844 Ὠστ“
479 3790 529 3843 εί
557 3778 665 3843 τῶν
696 3790 871 3858 ἁγίων
898 3790 1027 3856 τοὺς
1068 3792 1169 3861 μὲν
1218 3793 1650 3866 ἐπαινεσόμεθα,

86 3886 188 3949 τοῖς
218 3883 265 3938 δ’
304 3884 710 3953 έπιτιμήσομεν
758 3883 856 3953 τῆς
914 3884 1077 3953 σιγῆς
1124 3883 1155 3955 ἢ
1186 3885 1295 3939 τῶν
1331 3886 1526 3955 λόγων,
1560 3888 1655 3942 καὶ

84 3976 199 4041 τοὺς
231 3975 333 4048 μιν
375 3973 768 4046 ἐγκρινοῦμεν,
794 3974 921 4039 τοὺς
960 3974 1004 4028 δ’
1034 3975 1107 4040 ὡς
1158 3979 1290 4048 ἡμῖν
1344 3968 1654 4051 ἀχρήστους

87 4065 517 4139 ἀποπεμψάμεθα
544 4081 559 4097 ο
599 4064 806 4133 ἐξέστω
849 4065 946 4120 καὶ
1003 4066 1147 4121 κατὰ
1191 4068 1285 4123 τοῦ
1335 4069 1655 4143 Πνεὺματος

86 4158 253 4212 έκεῖνα
294 4158 527 4229 τολμᾷν,
566 4158 627 4212 ού
682 4161 844 4230 μόνον
881 4154 964 4224 οἷς
1011 4164 1113 4231 τῆς
1159 4166 1377 4233 σιωπῆς
1420 4165 1654 4219 καὶτῶν

84 4247 245 4319 λόγων
275 4250 496 4320 ἑκάστῳ
522 4248 746 4318 γέγονεν
776 4250 975 4316 αἴτιον,
996 4254 1091 4305 καὶ
1119 4257 1400 4307 κοινωνεῖν
1433 4255 1651 4329 ἀνάγκη

85 4342 163 4397 διά
190 4342 349 4397 τοῦτο
385 4342 493 4397 τῶν
520 4341 699 4413 τιμῶν
730 4344 823 4397 καὶ
851 4345 961 4399 τῶν
1002 4344 1237 4417 ὖόρεων,
1270 4347 1408 4402 ἀλλὰ
1436 4350 1531 4403 καὶ
1572 4349 1653 4415 οἷς

1707 4240 1715 4254 ὃ

1766 1865 1826 1906 se
1849 1851 2203 1921 retinuerint,
2252 1868 2374 1920 quze
2422 1854 2701 1923 potuerint
2764 1851 2918 1907 οσατί
2957 1871 2973 1909 :
3028 1869 3150 1922 qua:
3191 1862 3348 1908 tanto

1766 1941 1943 2012 majus
1974 1940 2209 1997 fortasse
2241 1942 2543 2012 periculum
2582 1940 2923 2003 attulissent,
2972 1949 3027 1994 et
3065 1955 3130 1995 eo
3178 1939 3347 2009 plurio

1764 2032 1868 2088 bus
1919 2033 2235 2088 hominibus
2295 2013 2689 2104 perniciosum,
2737 2041 2944 2102 quanto
3000 2030 3347 2101 profundiori
3410 2074 3414 2078 Α

1763 2141 1900 2193 opus
1931 2136 2014 2181 est
2048 2126 2404 2198 intelligentia
2472 2124 2539 2181 ad
2582 2126 2932 2196 percipienda
2972 2141 3095 2196 qua:
3125 2125 3201 2179 illi
3262 2126 3347 2180 di-

1762 2226 1922 2281 cunt,
1954 2228 2009 2271 et
2045 2217 2217 2272 multo
2241 2218 2405 2271 etiam
2437 2216 2672 2271 acntiori
2693 2230 2832 2286 opus
2862 2224 3008 2278 esset
3033 2216 3098 2270 ad
3128 2230 3192 2271 ea
3227 2231 3347 2286 quae

1766 2318 2081 2383 tacuerunt.
2110 2309 2216 2364 Sed
2246 2319 2298 2363 et
2324 2308 2400 2362 illi
2431 2308 2691 2378 praeclara
2729 2308 2964 2378 quadam
2987 2307 3097 2361 alia
3133 2309 3349 2363 ratione

1764 2418 1859 2459 eos
1892 2401 1975 2457 sui
2010 2417 2209 2457 sensus
2271 2400 2451 2471 fecere
2507 2399 2829 2471 participes,
2892 2400 2983 2469 qui
3024 2398 3346 2469 bujusmodi

1765 2510 1852 2550 res
1884 2493 2103 2563 assequi
2132 2501 2385 2563 possunt,
2413 2491 2463 2546 id
2521 2491 2665 2561 quod
2731 2491 3043 2561 perspicere
3089 2493 3238 2559 licet,
3299 2493 3345 2546 si

1764 2587 1888 2656 quis
1940 2600 2132 2640 eorum
2182 2583 2355 2639 libros
2396 2583 2539 2653 legat
2598 2584 2882 2637 attentius.
2947 2581 3103 2649 Quod
3161 2594 3341 2640 autem

1764 2693 1858 2747 par
1892 2688 1974 2731 est
2004 2676 2237 2747 singulis
2271 2675 2571 2747 contigisse
2621 2673 2940 2731 doctoribus
2996 2676 3050 2730 in
3095 2676 3161 2731 iis
3201 2691 3341 2746 quos

1762 2752 2142 2836 instituebant,
2174 2771 2279 2826 hoc
2313 2770 2485 2827 multo
2515 2779 2672 2825 antea
2700 2768 2869 2826 fuisse
2902 2784 2931 2823 a
2962 2770 3167 2840 Spiritu
3204 2770 3348 2825 veri-

1728 2858 1889 2920 ‘tatis
1942 2863 2225 2933 provisum
2270 2863 2323 2918 in
2380 2862 2635 2919 universa
2669 2878 2767 2918 sua
2801 2864 3049 2919 Ecclesia
3104 2878 3211 2920 non
3264 2872 3347 2919 est

1760 2956 2221 3018 dissentaneum,
2280 2956 2587 3011 admirabili
2646 2955 2883 3025 quadam
2949 2964 3002 3013 et
3054 2966 3349 3027 superante

1761 3062 1978 3115 omnem
2032 3047 2251 3103 dicendi
2286 3049 2592 3105 facultatem
2644 3046 3022 3105 Providentia.
3054 3050 3348 3106 Consuluit
3388 3102 3393 3107 .

1760 3139 1903 3193 enim
1933 3140 2155 3210 utrique
2181 3139 2467 3195 hominum
2493 3140 2694 3207 ordini,
2727 3152 3203 3213 congruentesque
3230 3142 3341 3198 illis

1762 3230 2006 3286 formans
2037 3231 2322 3299 doctores,
2349 3232 2854 3303 imperfectioribus
2884 3235 3106 3304 quidem
3141 3234 3340 3304 praefe-

1759 3325 1833 3382 cit
1860 3328 2077 3383 cautela
2112 3343 2263 3393 usos,
2287 3328 2637 3384 eminentiorl
2670 3339 2853 3384 autem
2883 3329 3165 3385 intellectu
3196 3346 3344 3401 pra:-

1758 3418 1887 3475 ditis
1945 3418 2096 3474 dedit
2144 3421 2518 3477 confidentius
2562 3422 2799 3477 locutos.
2852 3421 2918 3477 Et
2965 3424 3337 3479 necessariam
3392 3413 3398 3420 ’

1758 3510 1977 3586 quidem
2008 3525 2104 3581 per
2129 3526 2323 3567 omnes
2342 3526 2502 3583 aeque
2532 3512 2690 3568 docet
2726 3512 3030 3581 veritatem,
3067 3530 3171 3584 qua
3204 3514 3339 3571 fides

1759 3602 1958 3659 imbuit
1988 3603 2280 3661 salvandos
2310 3620 2323 3656 :
2357 3604 2402 3660 si
2437 3607 2565 3675 quis
2601 3619 2735 3663 vero
2774 3606 2969 3675 maiori
3018 3607 3215 3677 polleat
3255 3608 3341 3664 in-

1758 3696 1899 3767 genii
1945 3697 2220 3763 acumine,
2266 3712 2366 3755 nec
2402 3700 2645 3769 pericula
2684 3698 2963 3768 formidet,
2998 3700 3146 3757 hunc
3178 3717 3209 3757 a
3251 3718 3348 3759 su-

1756 3787 2010 3843 blimiora
2030 3789 2381 3861 intelligenda
2407 3790 2610 3857 evehit,
2647 3800 2703 3846 et
2737 3790 3009 3849 satisfecit
3034 3793 3151 3865 ejus
3194 3794 3346 3851 desi-

1757 3878 1910 3935 derio
1939 3893 2035 3950 per
2066 3894 2161 3937 eos
2186 3896 2327 3953 quos
2356 3882 2421 3936 ad
2455 3882 2568 3937 haec
2607 3885 2960 3954 peculiariter
3012 3891 3347 3959 praeparavit

1758 3969 2142 4030 administros.
2184 3972 2363 4039 Quare
2391 3973 2436 4029 si
2471 3985 2786 4032 sanctorum
2812 3978 2949 4049 alios
2978 3980 3195 4051 quidem
3228 3983 3348 4037 lau-

1757 4066 2033 4131 dabimus,
2070 4066 2209 4122 alios
2235 4074 2415 4121 autem
2453 4071 2941 4141 reprehendemus,
2972 4075 3117 4144 quod
3151 4085 3343 4132 moue-

1758 4160 1867 4214 rint
1901 4157 2340 4227 expresserintve
2368 4159 2600 4239 aliquid,
2632 4170 2687 4215 et
2748 4160 2849 4217 bos
2885 4165 3105 4232 quidem
3147 4167 3345 4235 proba-

1754 4248 1962 4313 bimus,
2014 4249 2153 4303 alios
2183 4264 2335 4316 vero,
2366 4252 2509 4320 quod
2543 4266 2652 4306 non
2690 4252 2799 4307 sint
2828 4255 2989 4311 nobis
3023 4257 3163 4323 usui,
3212 4258 3342 4328 reji-

1757 4342 1966 4397 ciemus
2005 4358 2017 4395 :
2073 4343 2235 4398 liceat
2270 4346 2383 4400 hmo
2412 4344 2604 4400 eadem
2638 4346 2841 4403 audere
2900 4358 3095 4406 contra
3158 4351 3340 4421 ipsum

86 4434 161 4504 ἔφ’
210 4437 445 4491 ἑκάστου
505 4437 857 4506 χρησάμενον
921 4437 1214 4504 φαίνεται,
1275 4440 1369 4493 καὶ
1434 4440 1503 4495 τά
1562 4441 1658 4513 μιν

1768 4434 2061 4505 Spiritum,
2095 4451 2205 4492 non
2253 4436 2428 4493 solum
2458 4439 2585 4508 quia
2627 4432 2674 4495 is
2706 4440 2870 4495 fuerit
2906 4450 3117 4510 auctor,
3156 4459 3254 4499 cur
3290 4445 3344 4501 lii

86 4529 304 4599 σιγῆσαν
327 4529 396 4583 τά
436 4528 488 4599 δέ
516 4527 739 4598 είρηκδς
770 4527 857 4582 διά
898 4528 1008 4582 τῶν
1051 4528 1415 4596 διδασκάλων,
1448 4525 1531 4605 οἷς
1566 4534 1656 4587 τὸν

86 4617 171 4688 τῆς
202 4617 463 4689 ἀληθείας
492 4617 651 4686 λόγον
702 4618 938 4671 ένέπνει.
974 4618 1038 4673 Εί
1070 4618 1115 4672 δ’
1147 4620 1205 4673 ἐν
1244 4622 1396 4676 ἐστιν
1449 4624 1653 4692 ἐκεῖνο,

91 4710 172 4763 καὶ
198 4710 463 4782 ἀληθείας
494 4711 731 4781 Πνεῦμα
766 4711 1107 4780 πιστεύεται,
1136 4714 1228 4768 καὶ
1262 4716 1426 4769 πᾶσιν
1454 4717 1657 4785 ὁμοίως

90 4802 355 4875 εὐεργετεῖ
376 4805 503 4867 τοὺς
535 4799 885 4876 ἀνθρώπους,
922 4806 1045 4859 οὐδὲ
1076 4809 1139 4860 τά
1175 4808 1287 4862 τῶν
1316 4808 1656 4866 διδασκάλων

92 4894 251 4960 άλλως
280 4896 427 4967 ἔχειν
457 4896 663 4951 οῖεσθαι
692 4898 816 4967 χρή.
856 4896 995 4950 Ἀλλ’
1030 4897 1115 4951 ἵνα
1166 4898 1241 4970 μὴ
1277 4899 1447 4953 πολλά
1478 4901 1654 4970 λέγων

93 4988 207 5058 ὑμῖν
254 4988 479 5058 ινοχλῶ,
529 4988 652 5042 ὅθεν
721 4990 829 5043 τῶν
877 4989 1053 5059 λόγων
1106 4991 1315 5045 τούτων
1350 4992 1653 5076 ἠρξάμην,

93 5080 253 5135 ἐκεῖσε
292 5081 457 5136 πάλιν
502 5081 781 5151 ἐπάνειμι.
816 5083 877 5137 Ei
911 5084 1012 5153 μὲν
1048 5085 1155 5155 γὰρ
1203 5086 1456 5157 φανερῶς
1504 5087 1655 5143 ἀντι-

94 5172 374 5240 φάσκοντες
423 5174 473 5228 oi
504 5176 605 5247 τῆς
645 5174 969 5244 Ἐκκλησίας
1021 5176 1277 5244 ἑωρῶντο
1322 5176 1653 5248 διδάσκαλοι,

94 5266 173 5318 καὶ
216 5247 339 5338 δίχα
386 5267 753 5339 διαιρεθέντες
813 5269 859 5321 οἱ
922 5261 1022 5337 μὲν
1073 5268 1261 5340 ἔλεγον
1316 5271 1417 5325 οὐκ
1464 5274 1533 5327 ὲκ
1559 5247 1653 5328 τοῦ

94 5357 211 5411 Υίοῦ
250 5360 513 5432 προϊέναι
544 5360 604 5413 τὸ
652 5359 897 5430 Πνεῦμα,
932 5361 979 5413 οί
1009 5360 1065 5414 δὲ
1099 5361 1259 5416 τοῦτο
1308 5366 1654 5437 κατέφασκον

96 5443 133 5518 ᾧ
166 5449 255 5505 νῦν
284 5453 502 5522 λέγουσι
531 5451 743 5523 τρόπῳ,
778 5452 885 5505 εδει
915 5453 1011 5523 τὴν
1044 5453 1143 5524 μὲν
1166 5454 1457 5526 ἀντίφασιν
1491 5457 1654 5531 μέχρι

95 5543 189 5599 τῶν
216 5546 386 5616 λόγων
414 5542 556 5601 εἶναι
604 5547 923 5616 νομίζοντας
953 5547 1047 5600 καὶ
1082 5548 1181 5619 τὴν
1215 5548 1422 5619 μάχην,
1455 5551 1567 5617 τοῖς
1596 5553 1653 5606 δὲ

98 5638 312 5708 νοήμασι
366 5640 460 5695 καὶ
514 5640 723 5711 σφόδρα
784 5640 1054 5711 συνῆφθαι
1118 5628 1343 5707 τούτους
1402 5644 1653 5716 ἀλλήλοις

99 5728 507 5804 ὑποτιθεμένοις,
560 5732 856 5805 πειρᾶσθαι
922 5732 1021 5804 τῆς
1097 5735 1344 5812 έν-τοῖς
1407 5734 1653 5809 ῥήμασιν

1763 4526 2055 4593 tacuerint,
2114 4528 2191 4581 illl
2238 4529 2631 4599 expresserim,
2679 4547 2788 4598 quo
2821 4530 2878 4586 fit
2916 4541 2974 4587 ut
3027 4538 3342 4591 necessario

1759 4626 1815 4675 et
1869 4619 1985 4689 ipse
2042 4620 2332 4691 participet
2381 4622 2619 4678 honores
2679 4628 2735 4679 et
2784 4628 3145 4684 contumelias
3184 4642 3197 4681 :
3232 4631 3343 4698 {sed

1759 4711 1920 4797 etiam
1972 4712 2117 4782 quod
2148 4727 2282 4768 usus
2329 4713 2671 4784 singulorum
2725 4730 2912 4786 Opera,
2956 4718 3072 4773 liter.
3117 4722 3337 4791 quidem

1730 4795 1889 4873 ipse
1926 4805 2181 4869 tacuerit,
2226 4806 2315 4860 illa
2385 4820 2513 4861 vero
2552 4822 2647 4877 per
2686 4807 2940 4864 doctores
2984 4814 3339 4881 expresserit,

1760 4896 1961 4967 quibus
1991 4913 2303 4954 sermonem
2360 4900 2606 4955 veritatis
2640 4899 2979 4958 infundebat.
3012 4904 3077 4957 At
3122 4905 3166 4959 si
3199 4921 3342 4961 unus

1759 4989 1849 5044 ille
1875 4998 1978 5056 est,
2025 4999 2078 5044 et
2116 4992 2615 5062 spiritus-creditur
2654 4995 2922 5060 veritatis,
2953 5004 3006 5051 et
3058 4998 3341 5056 beneflciis

1758 5080 1922 5138 allicit
1952 5083 2207 5140 homines
2251 5086 2475 5156 adaeque
2511 5101 2604 5156 per
2635 5084 2979 5151 omnia,‘nec
3020 5106 3109 5147 res
3157 5093 3343 5154 docto-

1760 5188 1879 5228 rum
1918 5176 2076 5230 aliter
2097 5191 2155 5231 se
2178 5177 2378 5233 habere
2404 5180 2661 5248 putanda:
2694 5184 2843 5238 sunt;
2903 5183 3009 5239 Sed
3048 5200 3115 5241 ne
3172 5186 3343 5242 multa

1761 5268 1990 5324 dicendo
2019 5272 2121 5324 sim
2164 5270 2319 5326 vobis
2348 5272 2631 5339 molestus,
2663 5275 2731 5331 ad
2761 5291 2823 5332 ea
2851 5287 3097 5334 revertor
3121 5279 3187 5334 de
3215 5280 3342 5350 qui-

1757 5363 1859 5418 bus
1902 5379 2063 5433 agere
2114 5373 2412 5435 creperum;
2473 5366 2530 5423 Si
2584 5374 2727 5427 enim
2778 5371 3038 5459 Ecclesiae
3086 5373 3339 5451 doetores

1758 5460 2101 5531 apertissime
2125 5470 2437 5531 pugnarent
2479 5464 2621 5520 inter
2647 5481 2729 5532 se,
2761 5476 2925 5538 atque
2966 5468 3103 5524 duas
3135 5469 3187 5523 iu
3211 5484 3336 5539 par-

1759 5562 1839 5607 tes
1875 5552 2054 5617 divisi,
2100 5553 2154 5607 bi
2193 5555 2413 5623 quidem
2461 5569 2727 5628 negarent
2755 5560 3049 5631 ~Spiritum
3092 5577 3155 5623 ea
3197 5562 3339 5621 Filio

1756 5644 2072 5716 procedere,
2104 5645 2157 5700 lii
2200 5662 2330 5702 vero
2390 5649 2727 5707 allirmarent
2757 5662 2813 5707 ut
2868 5670 3015 5710 nunc
3072 5654 3285 5713 faciunt
3320 5676 3337 5715 :

1754 5744 2049 5809 oporteret,
2105 5730 2508 5800 contrariorum
2566 5744 2926 5804 assertionem
2988 5757 3043 5805 et
3099 5750 3340 5824 pugnam
3402 5804 3407 5811 .
