3966 6328
476 230 589 334 διο

1578 217 1959 278 GENNADlI
1987 214 2097 280 ΟΡ.
2134 208 2657 275 ΡΑΤΠΙΑΠΕΠΕ

3671 203 3766 262 Ξεῖυ

484 315 600 408 haec
630 348 794 405 etiam
842 356 971 402 sunt
1002 340 1325 416 iudicanda.
1369 339 1505 395 Nam
1547 355 1670 411 quae
1701 339 1910 394 vocatis
1939 352 2064 394 con-

2185 332 2483 400 ιιαταφάσει
2519 322 2930 396 συνηγοροῦντα
2964 321 3181 382 πάντως
3223 317 3472 390 ἐδέχοντο
3503 331 3515 347 ·
3566 317 3627 369 οὗ
3649 315 3762 371 τοῦ·

486 443 653 499 traria
681 437 996 495 nostrorum
1027 425 1255 489 fratrum
1289 432 1590 496 axiomata,
1629 447 1736 486 non
1771 447 1881 486 uno
1907 425 2069 484 modo

483 535 551 586 a‘b
587 532 847 588 omnibus
879 527 1154 584 intellecta
1187 532 1337 586 sunt,
1374 538 1403 577 a
1437 521 1768 601 quibusdam
1811 523 1958 577 enim
1992 520 2070 575 sic

475 630 708 693 accepta
746 630 891 684 sunt,
920 615 1077 688 quasi
1107 614 1462 685 negationem
1493 613 1873 670 concludentia
1908 630 1920 667 :
1951 613 2071 681 qni-

485 720 610 771 dam
663 727 792 768 vero
847 711 974 776 illa,
1030 719 1089 763 ut
1155 707 1510 762 aﬂirmationi
1561 721 1788 778 prorsus
1835 705 2069 760 faventia

488 809 911 869 intellexerunt;
944 818 1127 873 neque
1160 803 1212 856 id
1251 801 1455 867 solum,
1489 802 1583 857 sed
1629 800 1817 855 multis
1849 812 2070 869 quoque

492 899 616 953 aliis
645 898 929 950 doctorum
959 893 1380 948 auctoritatibus
1415 893 1497 947 usi
1527 899 1655 946 sunt
1682 900 1874 944 vestra:
1905 903 2070 956 nega-

478 993 654 1046 tionis
689 989 1031 1043 defensores.
1071 987 1257 1053 Quare
1295 985 1442 1057 quod
1474 986 1537 1038 ad
1577 985 1690 1038 haec
1713 982 2071 1052 pronuntiata

487 1086 705 1158 attinet,
751 1096 853 1135 non
901 1079 1077 1150 magis
1114 1077 1346 1132 aliorum
1394 1076 1611 1133 silentio
1663 1074 1917 1128 standum
1966 1083 2070 1140 est,

486 1191 652 1247 quam
712 1173 919 1229 nostris
965 1171 1144 1226 dictis.
1197 1170 1385 1242 Neque
1435 1183 1564 1224 vero
1616 1167 1946 1238 confugietis
2001 1166 2069 1220 ad

492 1253 880 1338 ignorantiam,
909 1265 1001 1338 qui
1031 1264 1145 1319 haec
1174 1265 1354 1318 omnia
1385 1263 1549 1332 probe
1582 1261 1760 1322 scitis.
1790 1269 1844 1315 et
1869 1260 2072 1315 multos

483 1364 629 1415 alios
664 1360 873 1412 habetis
929 1357 1044 1411 Suis
1077 1353 1541 1409 obtestationibus
1577 1368 1639 1406 ea
1678 1352 1835 1408 vobis
1875 1365 2073 1421 propo-

482 1464 720 1517 nentes;
767 1452 1087 1505 nihil-enim
1139 1458 1242 1512 est,
1308 1447 1456 1518 quod
1505 1445 1900 1515 impedimento
1951 1459 2074 1499 esse.

483 1548 683 1617 ,possit,
722 1545 824 1598 nisi
862 1559 968 1598 una
1003 1543 1274 1597 voluntas.
1309 1539 1466 1608 Quod
1502 1540 1547 1594 si
1586 1539 1818 1594 aliorum
1857 1553 2075 1610 quoque

484 1651 810 1696 sanctorum
837 1635 1183 1706 proferantur
1213 1633 1473 1704 querelae,
1502 1647 1640 1703 quas
1664 1633 1864 1688 missas
1894 1631 2075 1686 facere

2172 443 2233 478 το
2272 425 2326 477 δὲ
2360 423 2544 492 μόνον,
2580 418 2717 473 ἀλλὰ
2741 417 2838 470 καὶ
2885 415 3106 476 πολλοῖς
3139 413 3322 474 ἄλλοις
3349 414 3414 464 ὲκ
3473 409 3585 463 τῶν
3631 409 3764 463 διδα-

2175 517 2394 572 σκάλων
2418 516 2465 568 οί
2501 514 2600 585 τῆς
2656 511 2934 580 ὑμετέρας
2982 506 3380 577 προϊστάμενοι
3439 503 3762 572 ἀποφάσεως

2174 609 2426 681 ἐχρῶντο
2457 608 2641 678 ῥητοῖς
2678 620 2693 636 °
2737 605 2860 658 ὅθεν
2891 602 2952 655 ἐκ
2985 618 3050 669 γε
3078 600 3186 654 τῶν
3226 599 3488 654 τοιούτων
3523 598 3586 651 οὒ
3636 596 3761 666 μᾶλ-

2174 705 2265 757 λον
2298 704 2364 773 τῇ
2400 702 2582 770 σιωπῇ
2606 698 2719 751 τῶν
2744 697 2920 750 ἀλλων
2950 695 2981 765 ἦ
3014 697 3126 757 τοῖς
3163 693 3457 763 ἡμετέροις
3476 691 3660 759 λόγοις
3693 690 3760 742 τί·

2176 795 2369 850 θεσθαι
2407 794 2537 864 χρή.
2573 791 2683 844 Καὶ
2709 789 2815 860 μὴν
2843 788 2956 841 οὔτ’
2988 787 3080 840 ἐπὶ
3105 786 3206 854 τήν
3239 784 3468 847 ἄγνοιαν
3493 781 3761 850 καταφεύ·

2178 886 2356 952 ξεσθε,
2395 883 2549 940 αὐτοί
2579 901 2637 937 τε
2672 881 2847 937 ταῦτα
2899 880 3077 933 πάντα
3119 878 3344 940 εἰδότες,
3405 876 3502 930 καὶ
3561 873 3762 928 πολλῶν

2175 981 2354 1036 ἄλλων
2386 973 3094 1046 ὑμῖνδιαμαρτυρομένων,
3143 970 3237 1022 καὶ
3282 967 3377 1021 τοῦ
3452 969 3528 1039 μὴ
3587 966 3762 1038 βούλε-

2179 1071 2303 1124 σθαι
2332 1069 2500 1139 μάνου
2529 1066 2748 1137 εῐργειν-
2769 1065 3011 1134 ἔχοντος.
3043 1063 3107 1114 Ei
3140 1060 3195 1113 δὲ
3233 1060 3328 1114 καὶ
3363 1061 3516 1128 παρά
3541 1059 3650 1112 τῶν
3675 1058 3761 1111 ἀλ-

2176 1165 2284 1217 λων
2315 1162 2490 1228 ἀγῖων
2514 1157 2832 1230 προτεθεῖεν
2875 1155 3075 1225 ὀνείδη,
3133 1148 3216 1217 οἷς
3249 1153 3551 1224 προσέχειν
3611 1150 3763 1219 δῆθεν

2180 1256 2503 1327 βουλόμεθα,
2532 1253 2625 1307 καὶ
2653 1253 2838 1305 δίκαια
2875 1251 2975 1321 μὲν
3008 1247 3296 1303 αἰτιᾶσθαι
3327 1246 3452 1309 τοὺς
3483 1246 3758 1314 ἀδελφοὺς,

2179 1349 2325 1418 ἡμᾶς
2358 1347 2414 1399 δὲ
2451 1344 2702 1416 φανερῶς
2728 1345 2958 1407 ἀδικεῖν,
2982 1341 3132 1394 αὐτοὶ
3161 1339 3206 1394 δ’
3239 1339 3295 1393 ὲν
3319 1338 3491 1408 ¹τιμῆς
3530 1337 3761 1406 προσχή-

2183 1459 2315 1512 ματι
2373 1437 2772 1511 συνηδικῆσθαι
2827 1437 2924 1490 καὶ
2989 1431 3458 1501 συνεκῢεϐλῆσθαι
3541 1434 3762 1500 φήσειαν

2182 1534 2557 1605 παρελθόντες
2580 1549 2593 1561 ’
2628 1533 2689 1601 ού
2723 1533 2852 1600 γὰρ,
2885 1526 3064 1600 οἶμαι,
3093 1528 3438 1583 στασιάσουσι
3489 1526 3627 1596 προς
3681 1524 3765 1576 ἀ).

2179 1626 2398 1696 λήλους,
2434 1625 2526 1678 καὶ
2564 1623 2824 1677 τάναντία
2854 1625 2993 1693 περὶ⁷
3035 1622 3193 1692 ἡμῶν
3249 1620 3583 1692 ψηφιοῦνται
3617 1636 3632 1652 ·
3690 1620 3763 1681 τίς

496 1730 720 1785 minime
773 1728 1053 1791 volumus,
1093 1726 1237 1795 quod
1275 1725 1471 1779 fratres
1505 1724 1729 1794 quidem
1763 1723 1909 1794 juste
1941 1738 2075 1777 con-

2185 1722 2313 1792 ἡμῖν
2370 1719 2560 1773 λοιπὸν
2595 1719 2748 1771 ἔσται
2781 1719 3113 1786 καταφυγὴ;
3153 1714 3211 1768 τὸ
3259 1715 3314 1768 δὲ
3360 1715 3570 1784 μεῖζον,
3614 1714 3766 1766 ἀπαι.

420 1837 430 1842 ·
494 1831 818 1894 querantur,
873 1834 972 1874 nos
1010 1833 1139 1873 vero
1188 1818 1472 1886 propalam
1520 1816 1663 1871 haud
1719 1832 1875 1886 aequa
1924 1817 2078 1870 lance

496 1928 737 1979 utamur,
773 1929 940 1982 seque
972 1913 1158 1967 dicant
1196 1912 1423 1966 honoris
1453 1920 1716 1981 praetextu
1755 1910 1918 1965 simul
1951 1925 2075 1964 cum

496 2009 605 2063 illis
637 2007 865 2062 alTectos
919 2018 1044 2060 esse
1101 2004 1325 2072 injuria,
1375 2004 1650 2072 simulque
1703 2002 1981 2072 explosos.
2033 2001 2086 2076 si.

493 2100 824 2171 prodeuntes
874 2097 929 2151 in
989 2096 1232 2149 medium
1275 2093 1390 2148 haec
1427 2094 1503 2147 illi
1546 2093 1810 2163 objiciant
1850 2111 1863 2148 :
1902 2107 2081 2161 neque

493 2193 640 2248 enim
665 2191 737 2245 ibi
766 2201 988 2259 quoque
1011 2187 1338 2248 contrarias,
1364 2185 1581 2254 Opinor,
1619 2195 1920 2254 sequentur
1953 2198 2080 2252 par—

489 2297 599 2351 tes,
631 2295 684 2340 et
723 2283 1026 2338 sententias
1059 2279 1123 2334 de
1168 2279 1327 2333 nobis
1369 2278 1811 2348 pronuntiabunt
1856 2278 2077 2347 opposi-

495 2386 580 2433 tas
609 2395 620 2430 :
655 2375 781 2446 quid
815 2374 998 2440 nobis,
1029 2385 1236 2440 quaeso,
1270 2369 1465 2439 refugii
1497 2369 1803 2440 supererit?
1838 2353 1904 2424 Et
1937 2368 2080 2438 quod

497 2470 680 2537 majus
729 2473 836 2529 est,
882 2463 1188 2533 reposcenti
1228 2480 1255 2514 a
1312 2462 1474 2517 nobis
1511 2462 1734 2516 domino
1786 2475 1997 2529 pacem,
2031 2469 2084 2513 et

492 2557 746 2612 veritatis
803 2553 1218 2625 cognitionem;
1280 2567 1513 2622 quarum
1571 2553 1661 2608 illa
1712 2553 1933 2623 quidem
1967 2566 2085 2607 ser-

499 2649 674 2704 vanda
707 2653 826 2702 erat
856 2661 886 2700 a
922 2645 1082 2701 nobis
1113 2644 1286 2699 veluti
1322 2645 1615 2699 ltzeredilas
1648 2645 1894 2714 quaedam
1928 2659 1941 2697 :
1970 2644 2084 2699 haec

497 2754 630 2797 vero
669 2754 731 2794 ex
770 2740 874 2792 hac
907 2737 1016 2792 vita
1045 2737 1401 2806 asportanda,
1432 2736 1576 2806 quod
1613 2752 1706 2805 per
1733 2751 1894 2790 unam
1936 2736 2082 2790 illam

492 2834 572 2889 sit
617 2830 776 2887 nobis
819 2830 967 2885 salus
1007 2847 1020 2884 :
1061 2829 1188 2900 quid
1229 2829 1390 2899 plane
1426 2831 1823 2898 respondentes
1862 2843 1970 2881 non
2005 2829 2083 2881 vi-

500 2927 733 2981 deamur
772 2924 999 2992 insuper
1050 2930 1104 2977 et
1154 2921 1466 2991 petulantes
1517 2935 1659 2984 esse,
1711 2935 1775 2974 ac
1821 2919 1969 2990 digni
2018 2919 2084 2975 de

498 3018 704 3089 quibus
769 3017 1055 3085 graviores
1115 3028 1290 3084 poena:
1338 3013 1669 3068 sumantur?
1725 3010 1858 3066 Nam
1909 3017 2084 3082 neque

497 3111 913 3179 Scripturarum
956 3106 1347 3161 obscuritatem
1402 3104 1717 3168 ati'eremus,
1753 3104 1910 3175 cujus
1950 3105 2086 3160 adeo

500 3203 704 3258 multos
738 3199 1023 3255 constituit
1059 3200 1218 3253 nobis
1270 3201 1601 3267 interpretes
1634 3216 1649 3252 :
1687 3213 1863 3268 neque
1898 3189 2088 3253 docto;

503 3311 590 3351 res
620 3294 1012 3350 advocabimus
1041 3297 1326 3362 patronos,
1357 3291 1469 3363 jam
1500 3292 1628 3346 olim
1659 3302 1807 3347 certe
1841 3293 2086 3347 damnati

500 3390 569 3444 ab
603 3389 729 3443 illis.
763 3385 918 3453 Quod
944 3387 988 3439 si
1033 3385 1196 3439 etiam
1239 3377 1512 3449 aﬂuerint,
1550 3386 1602 3439 lii
1639 3384 1858 3453 quidem
1896 3401 2088 3441 rursus

503 3489 787 3547 tacentes,
822 3478 899 3534 illi
935 3494 1069 3534 vero
1104 3488 1294 3548 aperte
1327 3478 1603 3533 contraria
1637 3478 1954 3533 testimonio
1987 3492 2088 3533 suo

502 3574 767 3638 dicentes,
807 3587 914 3624 non
945 3571 1266 3647 permittjent
1305 3570 1502 3639 jndici,
1543 3581 1602 3624 ut
1644 3571 1733 3625 diu
1767 3569 1831 3625 de
1863 3570 2085 3624 ferenda

498 3663 775 3720 sententia
824 3663 1045 3730 c0gitct.
1105 3661 1215 3716 See.
1269 3678 1448 3730 neque
1495 3663 1823 3718 audebimus
1880 3663 2083 3728 dicere,

502 3757 703 3813 melius
760 3772 791 3813 a
848 3757 1009 3810 nobis
1046 3769 1211 3825 quam
1279 3758 1347 3808 ab
1401 3756 1506 3811 illis
1557 3753 2084 3825 omnibus-intelligi

501 3852 818 3924 Scripturas
847 3870 859 3906 :
889 3866 1064 3919 neque
1094 3848 1226 3904 illud
1260 3850 1418 3902 enixe
1451 3847 1868 3915 alﬁrmabimus,
1895 3865 2083 3918 pacem

497 3959 719 4019 Optasse
773 3947 1016 4018 quidem,
1067 3944 1163 4000 sed
1216 3943 1437 4012 assequi
1486 3958 1595 3998 non
1651 3944 1944 4012 potuisse:
1980 3957 2084 4011 qua

497 4043 646 4097 enim
684 4041 863 4094 fronte
898 4041 1001 4093 hoc
1030 4039 1302 4101 dicamus,
1337 4037 1429 4106 qui
1463 4037 1717 4091 doctores
1747 4037 1911 4090 etiam
1948 4037 2087 4090 inter

463 4121 555 4192 ise
591 4136 939 4190 committere
977 4133 1336 4194 voluerimus,
1377 4147 1613 4202 quorum
1660 4131 1952 4185 concordia
1990 4131 2083 4185 de-

496 4229 656 4284 bebat
708 4244 738 4283 e
793 4227 972 4281 medio
1034 4226 1224 4280 tollere
1283 4235 1474 4280 nostra
1537 4223 1843 4278 seandala?
1897 4222 2083 4279 Satius

499 4323 661 4392 plane
694 4322 797 4376 erit
834 4329 1038 4382 tacere,
1069 4334 1191 4374 cum
1228 4319 1374 4373 nulla
1411 4319 1567 4373 nobis
1599 4318 1783 4371 futura
1817 4317 1886 4372 sit
1916 4332 2083 4371 excu-

2181 1816 2366 1869 τοῦντι
2402 1813 2478 1886 τῷ
2501 1814 2735 1883 δεσπότῃ
2761 1811 2892 1882 παρ’
2924 1811 3084 1880 ἡμῶν
3114 1809 3211 1879 τὴν
3236 1811 3461 1880 εἰρήνην
3519 1810 3614 1864 καὶ
3675 1807 3763 1878 τὴν

2181 1907 2388 1976 γνῶσιν
2453 1907 2553 1977 τῆς
2600 1903 2886 1976 ἀληθείας,
2941 1899 3017 1958 ὧν
3062 1904 3159 1975 τὴν
3191 1905 3289 1972 μὲν
3338 1903 3595 1972 καθάπερ
3652 1902 3765 1953 τινὰ

2183 2000 2387 2071 κλῆρον
2423 1997 2531 2052 ἔδει
2563 1997 2973 2068 διαφυλάττειν,
3017 1997 3116 2067 τὴν
3146 1997 3202 2051 δὲ
3239 1998 3430 2068 φέρειν
3456 1995 3630 2066 ἐχρῆν
3668 1994 3766 2048 ἀπὸ

2182 2095 2280 2162 τῆς
2317 2092 2551 2148 ἐνταῦθα
2583 2091 2754 2161 ζωῆς,
2779 2090 2854 2153 ὡς
2883 2089 2951 2144 δι’
2987 2093 3203 2162 ἐκείνης
3236 2083 3406 2160 μόνης
3456 2088 3758 2159 σωθησομέ-

2176 2206 2327 2255 νους,
2357 2189 2408 2241 τί
2433 2188 2541 2241 τῶν
2583 2188 2839 2242 ἁπάντων
2868 2187 3112 2250 εἰπόντες
3145 2187 3267 2257 ουχὶ
3321 2187 3418 2240 καὶ
3476 2201 3765 2257 προσαναιο

2187 2283 2439 2354 σχυντεῖν
2464 2281 2726 2351 δόσαιμεν
2767 2278 2834 2334 ἂν
2882 2279 2976 2330 καὶ
3012 2278 3231 2350 χείρους
3286 2277 3442 2343 δίκας
3493 2277 3765 2346 δφείλεινς

2185 2377 2310 2429 οὒτε
2363 2376 2473 2445 γὰρ
2521 2372 2618 2444 τὴν
2649 2373 2760 2426 τῶν
2813 2372 3047 2444 Γραφῶν
3103 2371 3342 2444 ἐροῦμεν
3388 2374 3664 2440 “iw”
3707 2367 3766 2443 ἧς

2185 2470 2483 2529 τοσούτους
2512 2464 2927 2538 ἠμῖνδὲκάθισεν
2958 2465 3243 2536 ἑρμηνεῖς,
3267 2463 3394 2520 οὗτε
3448 2467 3576 2529 τοὺς
3631 2465 3765 2518 διδα·

2191 2562 2434 2625 σκάλυυς
2469 2562 2802 2632 συνηγόρους
2856 2559 3194 2631 καλέσομεν,
3248 2560 3768 2630 προκατεγνωκότας

2192 2656 2411 2718 πάντως
2444 2654 2620 2725 ἡμῶν.
2656 2653 2716 2706 Ei
2745 2654 2800 2706 δὲ
2829 2654 2923 2706 καὶ
2957 2655 3204 2724 μέλλοιεν
3238 2653 3521 2722 παριέναι,
3570 2654 3621 2705 oi
3677 2653 3768 2724 μὲν

2195 2747 2376 2802 αὐτῶν
2413 2751 2504 2801 καὶ
2539 2746 2703 2800 πάλιν
2743 2747 3030 2814 σιγῶντες,
3069 2747 3115 2798 οἱ
3147 2745 3203 2798 δὲ
3250 2745 3520 2799 τάναντία
3571 2762 3769 2816 μαρτυ-

2184 2839 2408 2907 ροῦντες
2440 2835 2776 2906 περιφανῶς,
2807 2837 2928 2890 οὐδὲ
2950 2836 3247 2907 διατρίϐειν
3272 2837 3496 2892 ὶάσουσι
3525 2839 3653 2908 περὶ
3675 2839 3766 2900 τὰς

2186 2933 2401 3002 ψήφους
2447 2930 2540 2984 τὸν
2593 2929 2878 2999 δικαστήν.
2926 2927 3071 2983 Ἀλλ’
3117 2929 3225 2981 οὐδ’
3264 2930 3489 3000 ἄμεινον
3551 2929 3768 2981 ἐκείνων

2112 3055 2155 3114 C
2187 3025 2446 3079 ἁπάντων
2471 3022 2539 3076 τὰ
2561 3023 2670 3076 τῶν
2700 3021 2933 3092 Γραφῶν
2962 3021 3118 3076 αὐτοὶ
3149 3024 3290 3090 νοεῖν
3316 3021 3669 3093 τολμήσομεν
3688 3023 3767 3074 λέ-

2194 3133 2309 3185 γειν
2341 3131 2354 3144 '
2383 3114 2506 3168 οὔτε
2527 3117 2623 3185 τῆς
2648 3117 2874 3186 εἰρήνης
2905 3116 3243 3186 ἐπιθυμῆσαι
3272 3148 3277 3150 -
3303 3116 3428 3186 μὲν,
3471 3117 3532 3169 ού
3591 3117 3766 3186 τυχεῖν

2140 3242 2147 3247 -
2191 3209 2249 3262 δὲ
2278 3209 2729 3280 διισχυριούμεθα
2762 3226 2776 3241 ο
2815 3209 2930 3273 πῶς
2956 3211 3062 3282 γὰρ
3096 3211 3142 3262 οί
3189 3211 3281 3262 καὶ
3332 3211 3459 3274 τοὺς
3516 3212 3761 3266 διδασκὰ-

2191 3303 2316 3365 λους
2371 3302 2621 3373 ἀλληλοις
2682 3302 3023 3372 ἐκπολεμοῦν
3093 3304 3487 3374 βουληθέντες,
3551 3301 3625 3360 ὧν
3674 3307 3764 3376 τὴν

2190 3395 2448 3464 ὁμόνοιαν
2477 3395 2586 3449 τῶν
2610 3397 2663 3448 ἒν
2696 3396 2831 3467 ἡμῖν
2859 3395 3176 3450 σκανδάλων
3213 3398 3321 3451 ἔδει
3381 3400 3634 3466 γίνεσθαι
3681 3400 3765 3453 λύ-

2192 3492 2310 3568 σινῇ
2338 3485 2526 3541 Ἧπου
2561 3489 2721 3559 σιγᾷν
2754 3488 2853 3559 μὲν
2912 3491 3141 3558 ἄμεινον
3189 3491 3344 3545 ἔσται
3400 3493 3579 3563 ,μηδὲν
3627 3494 3766 3565 ἔχου-

2191 3596 2275 3632 σιν
2308 3581 2387 3641 είς
2415 3581 2714 3649 ἀπολογίαν
2748 3581 3156 3654 προϐάλλεσθαι
3195 3600 3208 3615 ·
3261 3586 3381 3638 ἀντὶ
3416 3587 3473 3639 δὲ
3521 3587 3621 3657 τῆς
3664 3589 3761 3641 τῶν

2189 3671 2553 3742 ἐγκλημάτων
2576 3673 2874 3743 ὁμολογίας
2907 3673 2978 3728 τὰ
3030 3675 3132 3747 τῆς
3207 3681 3424 3748 σιωπῆς
3468 3682 3764 3749 ἀποχρήσει

2189 3763 2266 3834 τῷ
2293 3763 2544 3841 δικαστῇ.
2578 3763 2766 3829 Οὕτως
2793 3768 2922 3836 ἡμῖν
2949 3768 3184 3840 διαιρεῖν
3229 3770 3357 3832 τοὺς
3415 3771 3765 3832 διδασκάλους

2189 3856 2287 3925 τῆς
2315 3856 2647 3925 Ἑκκλησίας
2678 3861 2797 3922 ταῖς
2831 3859 3106 3929 γνώμαις,
3137 3862 3167 3930 ἢ
3219 3864 3552 3932 μαχομένοις
3610 3864 3766 3932 ἀλλή-

2189 3946 2385 4018 λοις,ἢ
2429 3948 2612 4011 κακῶς
2636 3950 3012 4018 εἰρηνεύουσιν
3058 3954 3438 4024 ἀπαραίτητον
3494 3956 3608 4027 ἔχει
3643 3975 3768 4009 παν-

2190 4041 2417 4110 ταχόθεν
2454 4041 2552 4112 τὴν
2579 4044 2794 4114 μέμψιν
2829 4061 2842 4074 ο
2870 4044 2931 4096 τὸ
2964 4045 3017 4098 δὲ
3053 4048 3347 4100 συνάπτειν
3374 4050 3640 4113 ἐκείνους,
3698 4050 3766 4111 ὡς

2190 4133 2577 4204 καὶπρότερον
2614 4136 2851 4206 εἴρηται,
2884 4138 3021 4202 πρὸς
3065 4141 3245 4194 πᾶσαν
3277 4143 3448 4211 τύχην
3498 4144 3676 4210 ἀρκεῖ.
3711 4147 3763 4197 Εἰ

2189 4226 2297 4293 γὰρ
2336 4226 2410 4297 μὴ
2455 4229 2548 4279 κα)¹
2580 4228 2645 4282 τὰ
2677 4231 2774 4298 τῆς
2801 4231 3060 4300 ἀληθείας
3093 4235 3260 4302 quiti;
3295 4235 3497 4296 οὑτωσὶ
3548 4236 3762 4305 περιγέ-

2188 4335 2353 4384 νοιτο,
2389 4320 2559 4372 πολλὰ
2591 4321 2657 4374 τὰ
2692 4321 2789 4391 τὴν
2828 4322 3160 4395 συγγνώμην
3214 4326 3493 4396 πράξοντα
3549 4330 3763 4390 δικαίως

498 4404 686 4467 satio:
731 4413 974 4480 satisque
1016 4414 1120 4467 erit
1166 4411 1336 4480 judici
1385 4409 1750 4465 confessionis
1801 4409 1922 4462 loco
1974 4423 2077 4461 no-

2190 4410 2485 4472 προσέσται
2522 4426 2534 4440 ·
2563 4414 2656 4463 καὶ
2685 4417 2749 4484 τῇ
2785 4415 2919 4484 πρὸς
2947 4418 3072 4479 τοὺς
3105 4419 3246 4470 αίδοῖ
3292 4420 3507 4472 πολλῶν
3555 4421 3762 4489 ἀγαθῶν

497 4515 673 4558 strum
716 4504 1016 4557 silentium.
1063 4502 1136 4556 ita
1187 4502 1367 4565 nobis,
1415 4503 1460 4557 si
1515 4503 1769 4556 doctores
1823 4499 2079 4555 Ecclesiae

495 4595 870 4650 distrahamns
930 4596 981 4648 in
1039 4596 1349 4649 contrarias
1394 4594 1718 4656 sententias,
1779 4601 1873 4645 aut
1919 4591 2080 4646 dissi-

496 4687 781 4752 dentibus,
813 4697 902 4740 aut
937 4702 1042 4741 non
1078 4688 1218 4742 bona
1246 4702 1380 4757 pace
1407 4685 1887 4750 convenientibus,
1922 4682 2076 4750 facit,

500 4792 561 4834 ut
599 4780 747 4833 nulla
781 4794 844 4834 ex
877 4790 1030 4849 parte
1063 4782 1335 4851 possimus
1375 4781 1782 4836 accusationem
1822 4777 2075 4843 evitare;

496 4875 541 4930 si
594 4888 724 4928 vero
779 4873 904 4927 illos
949 4873 1003 4927 in
1057 4874 1409 4929 concordiam
1468 4872 1836 4935 reducamus,
1876 4879 1935 4923 ut
1965 4869 2078 4939 jam

2188 4502 2356 4571 ἐσμδν
2378 4507 2803 4577 συνεπαγομένῃ
2849 4510 2946 4569 τὰς
2986 4509 3196 4562 ἐκεῖθεν
3231 4510 3467 4574 εὐθύνας
3502 4513 3762 4581 ὲξωνησὸ-

2189 4592 2347 4663 μεθα.
2381 4593 2524 4646 Ἀλλ’
2550 4596 2648 4648 ούκ
2677 4596 2791 4648 ἔστι
2816 4597 2926 4650 τῶν
2962 4600 3341 4668 ἐνδεχομένων
3367 4603 3468 4671 τῆς
3510 4605 3759 4672 ἀληθεί;.ς

2185 4682 2535 4753 διαμαρτεῖν,
2569 4687 2717 4754 ἡμᾶς
2753 4687 2856 4738 ὑπὸ
2889 4690 2952 4758 τῇ
3011 4689 3119 4739 τῶν
3166 4690 3510 4744 διδασκάλων
3559 4674 3756 4763 εἰρήνῃ,

2186 4775 2246 4826 οὐ
2315 4777 2519 4844 μᾶλλον
2560 4779 2591 4847 ἢ
2641 4780 2929 4843 κάκείνους
2964 4781 3125 4833 τοῦτο
3169 4783 3358 4836 παθεῖν
3411 4785 3519 4837 ὑπὸ
3572 4789 3633 4856 τῇ
3675 4785 3756 4838 τοῦ

2190 4869 2516 4938 Πνεύματος
2562 4871 2776 4942 ὁδηγίᾳ.

495 4983 654 5025 antea
692 4971 892 5023 dictum
934 4981 1035 5035 est,
1071 4975 1135 5025 ad
1179 4988 1392 5026 omnem
1442 4971 1546 5025 hoc
1621 4970 1756 5024 satis
1823 4976 1905 5023 est
1947 4967 2250 5022 fortunam.
2335 4965 2470 5021 Nam
2553 4968 2679 5023 licet
2727 4971 2800 5023 ita
2846 4970 3007 5024 etiam
3085 4987 3189 5026 non
3246 4974 3437 5029 fiamus
3493 4983 3754 5045 compotes

494 5067 761 5133 veritatis,
799 5067 966 5121 multa
1003 5078 1182 5123 tamen
1219 5079 1401 5133 erunt,
1431 5069 1502 5123 ob
1528 5083 1649 5137 quae
1681 5066 1806 5136 jure
1843 5065 2059 5120 veniam
2107 5079 2415 5118 mereamur
2453 5082 2468 5120 :
2504 5074 2555 5119 et
2590 5067 2919 5130 reverentia,
2947 5084 3110 5136 quam
3170 5071 3435 5124 adversus
3510 5071 3753 5125 doctores

496 5163 1045 5224 adhibebimusmum
1071 5165 1366 5219 multorum
1399 5182 1584 5221 secum
1623 5166 2066 5227 all'eratexamcn
2112 5164 2405 5227 bonorum,
2444 5163 2574 5218 illud
2617 5165 2781 5218 etiam
2818 5167 3118 5233 praestabit,
3189 5175 3246 5220 ut
3293 5166 3498 5221 nuliam
3587 5166 3753 5220 futuro

495 5260 662 5333 iudici
697 5259 996 5315 debeamus
1019 5261 1242 5315 reddere
1264 5263 1552 5318 rationem.
1586 5263 1783 5317 Verum
1821 5264 1938 5317 fieri
2004 5275 2112 5315 non
2187 5271 2385 5329 potest,
2430 5274 2502 5316 .ut
2547 5279 2680 5332 pace
2737 5265 2876 5319 inter
2923 5266 3177 5319 doctores
3217 5265 3538 5320 confirmata
3587 5281 3682 5320 nos
3730 5276 3752 5315 a

497 5357 729 5409 veritate
775 5351 931 5407 aberr
964 5367 1123 5417 mus;
1157 5353 1300 5407 sicut
1343 5369 1495 5424 aeque
1530 5355 1654 5411 illOs
1701 5354 2070 5409 hallucinatos
2108 5368 2230 5408 esse
2310 5353 2651 5424 impossibile
2725 5367 2828 5422 est,
2901 5372 3021 5412 cum
3081 5357 3276 5411 ducem
3324 5358 3611 5414 habuerint
3653 5357 3757 5426 δρία

501 5441 695 5496 ritum.

576 5529 665 5583 Est
724 5529 888 5599 igitur
943 5529 1047 5584 hac
1086 5529 1170 5583 via
1223 5531 1507 5600 utendum,
1560 5549 1682 5603 qua:
1735 5551 1860 5590 vera
1919 5545 2082 5604 atque

504 5622 754 5690 expedita
791 5632 889 5689 est,
942 5637 1045 5677 nec
1099 5638 1204 5678 non
1243 5637 1632 5696 usquequaque
1668 5629 1962 5684 tutissima.
2025 5628 2080 5682 Si

501 5728 630 5772 vero
666 5716 734 5770 sit
768 5716 906 5772 alius
939 5719 1131 5775 modus
1163 5735 1248 5784 eo,
1301 5735 1460 5789 quem
1520 5719 1653 5786 dixi,
1715 5723 2082 5790 prtcstantior,

2269 5535 2488 5606 ναύτην
2509 5536 2690 5589 τοίνυν
2729 5535 2947 5589 ἑλέσθαι
2997 5535 3079 5588 δεῖ
3128 5536 3224 5606 τὴν
3254 5536 3431 5608 ἁληθῆ
3490 5559 3547 5594 τε
3608 5542 3759 5596 οὖσαν

2196 5629 2290 5682 καὶ
2319 5626 2632 5698 πρόχειρφῗ,
2662 5631 2756 5680 καὶ
2813 5628 2948 5698 πρὸς
3005 5628 3214 5694 τούτοις
3275 5633 3557 5701 γέμουσαν
3603 5637 3756 5696 acrea-

2197 5721 2366 5785 λείας.
2406 5723 2465 5774 Et
2506 5724 2546 5779 δι’
2579 5722 2724 5775 ἔστιν
2760 5720 2916 5776 ἄλλον
2958 5723 3080 5778 τινὰ
3117 5723 3352 5792 συνάψαι
3388 5725 3594 5794 τρόπον
3649 5727 3754 5783 τοὶς
