3986 6328
142 387 238 442 5‘29
962 393 1055 453 ET
1098 395 1340 457 MARCI
1378 398 1689 461 EPHESII

1799 405 2214 465 ΕςΤιΜυΝιΑ
2252 406 2537 468 MUTUA.
2613 397 2618 400 ’
3144 409 3149 413 ’
3266 413 3369 477 Ξ30

584 547 2164 577 __.._______________________________

1049 712 1406 776 EUSEBII
1456 713 1984 780 RENAUDOTII
2043 716 2465 782 MONITUM.

205 1033 518 1102 -Sttperiori
551 1036 924 1095 Dissertationi
958 1039 1256 1107 fragmenta
1291 1037 1407 1092 hmo
1456 1038 1710 1107 adjicere,
1749 1054 1866 1107 qua:
1901 1039 2058 1093 nobis
2081 1038 2246 1094 codex
2278 1038 2496 1106 Regius,
2527 1055 2583 1094 η.
2616 1038 2780 1105 2965,
2807 1037 3255 1099 subministravit,
3289 1033 3366 1087 vi-

137 1141 252 1179 sum
289 1137 367 1182 est
405 1143 586 1198 operm
615 1132 865 1200 pretium,
895 1145 1018 1202 cum
1051 1129 1328 1183 historiam
1366 1127 1627 1183 Gennadii
1661 1145 1984 1199 magnopere
2016 1130 2304 1191 illustrent.
2335 1137 2388 1185 et
2411 1133 2760 1202 quaestionem
2789 1132 2854 1186 de
2884 1146 2989 1186 uno
3013 1131 3092 1183 vel
3118 1126 3364 1198 pluribus

140 1217 462 1286 Gennadiis,
490 1221 592 1274 nisi
629 1221 971 1278 vehementer
1004 1202 1263 1283 fallimur,
1303 1219 1609 1279 absolvant,
1638 1229 1752 1272 tum
1783 1220 1927 1286 quod
1963 1234 2023 1278 ca
2050 1219 2180 1273 alibi
2211 1228 2426 1276 exstare
2459 1237 2566 1276 non
2609 1222 3004 1277 existimemus.
3037 1217 3209 1272 Verba
3241 1220 3387 1270 suut'

138 1312 302 1367 Marci
343 1313 559 1381 Ephesii
593 1313 660 1370 de
683 1313 985 1380 Scholario,
1011 1322 1072 1368 .et
1104 1313 1168 1366 ad
1196 1328 1318 1367 eum
1347 1313 1706 1381 praesentibus
1736 1312 1939 1368 Grmcis
1967 1315 2148 1368 multis
2190 1313 2449 1382 dignitate
2473 1316 2804 1387 conspicuis,
2827 1323 2879 1370 et
2901 1330 2928 1367 a
2948 1297 3245 1369 Latinismo
3276 1324 3362 1364 ro-

138 1407 460 1462 motissimis
487 1407 652 1468 dicta,
675 1406 870 1471 quibus
893 1405 994 1475 ipsi
1029 1420 1215 1458 curam
1253 1405 1502 1459 Ecclesiae
1525 1404 1872 1462 defendendae
1900 1408 2211 1472 committit,
2236 1408 2379 1463 illius
2419 1399 2627 1463 scilicet
2655 1424 2796 1477 quae,
2819 1406 3031 1463 Unione
3059 1404 3367 1461 Florentium

138 1499 364 1566 insuper
399 1499 607 1562 habita,
642 1513 670 1550 a
705 1496 1021 1551 Latinorum
1051 1496 1435 1551 communione
1477 1505 1623 1550 esset
1654 1496 2013 1554 alienissima.
2043 1496 2152 1552 Illis
2186 1495 2833 1568 subjungitur-Scholarii
2865 1495 3203 1566 Responsio,
3247 1493 3370 1564 qui-

137 1591 233 1644 bus
256 1589 552 1658 pollicetur
585 1603 645 1643 se
670 1586 836 1641 Marci
859 1585 1081 1655 Ephesii
1115 1585 1238 1643 loco
1274 1585 1339 1639 ad
1369 1587 1554 1640 ultima
1583 1601 1751 1657 usque
1777 1589 1968 1643 mortis
1997 1587 2238 1657 pericula
2270 1582 2370 1656 pro
2402 1589 2541 1643 avita
2573 1588 2676 1643 fide
2721 1597 3109 1659 pugnaturum.
3132 1586 3262 1641 Haec
3289 1586 3370 1639 al-

140 1680 235 1735 teri
259 1695 431 1748 quam
459 1667 742 1734 Gennadio
770 1677 1059 1733 convenire
1087 1691 1194 1732 non
1234 1688 1480 1746 possunt,
1516 1678 1562 1732 ei
1597 1680 1806 1734 scilicet
1847 1682 1936 1748 qni
1963 1689 2121 1748 capta
2153 1680 2624 1753 Constantinopoli
2674 1681 2981 1750 patriarcha
3025 1681 3367 1735 renuntiatus

133 1783 251 1839 est;
285 1789 472 1842 neque
505 1773 648 1827 enim
681 1772 876 1826 cadere
931 1771 984 1825 in
1036 1772 1201 1824 alium
1230 1773 1477 1838 quemvis
1510 1779 1738 1840 possunt
1769 1773 1960 1825 laudes
2001 1772 2213 1825 eximite
2241 1770 2503 1827 dectrinze
2529 1782 2582 1826 et
2612 1774 2952 1841 eloquentiae,
2989 1783 3100 1827 tum
3133 1773 3368 1842 dignitas
3452 1827 3455 1831 ,

133 1867 422 1934 ἄρχοντος,
453 1872 642 1937 nempe
668 1862 766 1918 viri
800 1862 1064 1932 primarii,
1099 1863 1276 1932 qualis
1303 1861 1624 1918 Scholarius
1657 1863 1776 1927 fuit,
1812 1863 1977 1932 iudex
2011 1877 2203 1932 nempe
2227 1862 2279 1916 itt
2324 1864 2444 1916 aula
2478 1863 2764 1932 imperiali.
2795 1863 2950 1930 Quod
2982 1862 3144 1916 etiam
3181 1861 3233 1937 in
3271 1875 3366 1916 ne-

132 1933 273 2025 gotio
310 1953 439 2008 fidei
465 1933 686 2006 humani
724 1952 927 2018 aliquid
981 1967 1196 2020 passus,
1234 1969 1341 2007 non
1377 1953 1663 2008 manifeste
1692 1952 2003 2008 Graecorum
2040 1953 2341 2007 sententias
2382 1962 2796 2036 prOpttgnasset,
2839 1960 2962 2007 eum
3018 1935 3185 2018 satis»
3215 1951 3360 2005 desi-

133 2053 315 2116 gnant,
352 2060 531 2114 eoque
555 2046 786 2114 pertinet
815 2045 1040 2114 epistola
1071 2060 1233 2115 quam
1273 2045 1554 2099 Etnericus
1600 2045 1844 2113 Bigotius
1867 2045 2060 2099 Allatio
2081 2045 2524 2110 communicavit,
2550 2056 2604 2100 et
2627 2046 3014 2117 quam-Regius
3041 2046 3176 2101 alter
3199 2044 3366 2099 codex

133 2147 517 2205 repraesentat;
556 2137 608 2189 in
631 2151 736 2205 qua
762 2135 974 2192 Marcus
991 2135 1266 2204 Ephesius
1298 2134 1642 2191 Scholarium
1668 2135 2015 2190 vehementer
2051 2137 2325 2205 redarguit
2357 2136 2459 2204 (ι),
2486 2137 2626 2203 quod
2659 2138 2835 2192 media
2867 2147 2920 2193 et
2944 2145 3368 2206 temperantcnta

134 2230 329 2297 quibus
366 2231 498 2284 unio
527 2229 640 2283 fleri
665 2236 868 2300 posset,
925 2243 1032 2284 non
1087 2238 1493 2299 aspernaretur,
1550 2228 1751 2283 sed‘ea
1779 2229 2052 2298 probaret.
2101 2227 2236 2282 Nam
2297 2228 2639 2284 Scholarium
2689 2229 3018 2285 Florentiam
3057 2231 3267 2287 venisse
3302 2248 3368 2286 co

134 2319 336 2384 animo,
374 2332 486 2371 non
529 2319 647 2396 ejus
673 2320 836 2373 modo
867 2322 931 2372 ad
981 2318 1330 2374 Ambrosium
1363 2317 1834 2373 Camaldulensem
1867 2319 2130 2387 Epistola,
2163 2329 2215 2397 et
2257 2321 2392 2374 Acta
2429 2317 2658 2383 Graeca,
2691 2321 2783 2377 sed
2817 2319 3117 2391 Syropulus
3149 2321 3365 2390 ipsete-

132 2421 326 2474 statur,
357 2426 488 2463 cum
524 2411 569 2466 is
597 2410 884 2466 formulam
921 2412 1120 2468 referat
1141 2413 1209 2466 ab
1234 2413 1326 2468 illo
1356 2411 1702 2477 delineatam,
1740 2413 2035 2466 Secundum
2067 2429 2228 2482 qnam
2259 2416 2633 2490 controversia
2657 2414 2725 2470 de
2757 2401 3110 2485 processione
3135 2410 3367 2483 Spiritus

131 2507 296 2560 sancti
336 2515 784 2572 componeretur.
825 2508 900 2561 Ex
936 2507 1120 2561 verbis
1143 2507 1430 2572 Gennadii,
1468 2506 1667 2575 quibus
1699 2506 1877 2560 Marco
1907 2508 2239 2576 respondens
2280 2523 2500 2578 operam
2560 2524 2774 2563 omnem
2804 2523 2958 2563 suam
2991 2510 3261 2578 pollicitus
3287 2519 3369 2564 est

128 2598 192 2652 ad
223 2599 484 2654 Ecclesia:
513 2599 713 2653 Graccte
748 2599 1147 2663 defensionem,
1180 2601 1315 2654 satis
1364 2609 1604 2668 apparet,
1642 2599 1914 2652 neminem
1964 2597 2173 2655 Latinis
2220 2600 2401 2655 minus
2441 2601 2712 2656 addictum
2763 2602 2932 2658 fuisse
2980 2618 3045 2657 eo
3073 2602 3164 2671 qui
3191 2595 3371 2656 fidem

134 2690 304 2743 amico
343 2695 527 2743 datam
558 2690 968 2744 accuratissime
1001 2693 1272 2759 praestitit.
1299 2691 1453 2744 'Cum
1481 2701 1659 2744 autem
1687 2703 1847 2754 opera
1882 2689 2146 2765 Gennadii
2181 2691 2302 2746 sive
2323 2690 2589 2763 Scholarii
2627 2694 2793 2747 multa
2836 2695 2890 2748 in
2936 2693 3126 2747 eodem
3173 2692 3365 2751 codice
3454 2706 3460 2712 '

131 2781 403 2849 descripta
439 2781 565 2842 sint,
595 2795 719 2849 qua:
752 2780 896 2836 illius
933 2797 1054 2836 esse
1095 2782 1418 2838 certissimis
1443 2799 1504 2836 cx
1550 2782 1774 2837 historia
1813 2783 2139 2837 testimoniis
2169 2782 2598 2848 demonstratur,
2637 2796 2832 2854 etquae
2867 2786 3057 2841 referri
3105 2803 3208 2841 non
3243 2800 3368 2852 pos-

129 2885 251 2930 sunt
279 2879 345 2930 ad
371 2877 540 2930 alium
572 2876 640 2930 ab
664 2891 729 2930 eo
752 2876 843 2944 qui
881 2891 1004 2929 cum
1031 2875 1240 2930 Joatme
1262 2867 1574 2945 'Palaeologo
1604 2878 1656 2930 in
1696 2875 1906 2931 Italiam
1941 2876 2276 2946 navigaverit
2308 2895 2324 2933 :
2356 2893 2421 2932 ex
2447 2878 2555 2934 illis
2581 2881 2842 2935 nonnulla
2870 2889 3084 2935 exstent
3114 2883 3168 2934 in
3199 2880 3365 2933 Brun-

129 2967 320 3021 dusino
350 2977 544 3020 nostro
583 2967 792 3034 codice,
816 2968 905 3036 qui
942 2967 1229 3021 Homiliam
1267 2969 1335 3021 de
1367 2967 1705 3022 Eucltaristia
1755 2977 2122 3037 repraesentat,
2146 2967 2213 3023 de
2243 2967 2389 3024 illius
2424 2968 2680 3041 αὐθεντίᾳ
2711 2969 2779 3025 iis
2813 2969 3056 3033 moveri,
3101 2970 3204 3023 nisi
3267 2984 3364 3040 per
3418 2959 3422 2962 ’

128 3069 397 3109 summam
432 3056 781 3117 calumniam,
811 3057 951 3110 nulla
977 3064 1173 3126 potest.
1202 3057 1296 3112 llis
1318 3057 1662 3127 adiungimus
1683 3066 1923 3112 extrema
1955 3057 2118 3113 Marci
2150 3057 2375 3128 Ephesii
2408 3059 2598 3125 verba,
2627 3059 2783 3129 plena
2819 3059 2929 3114 odii
2968 3067 3023 3114 et
3047 3060 3239 3115 veneni
3271 3059 3366 3115 ad-
3407 3073 3411 3076 ‘

129 3161 313 3201 versus
345 3147 574 3203 Latinos
611 3159 661 3204 et
686 3148 950 3204 Unionem
977 3157 1292 3204 renovatam
1328 3164 1491 3219 opera
1529 3149 1718 3204 Isidori
1746 3145 2048 3207 cardinalis
2091 3150 2250 3222 legati
2284 3152 2590 3223 apestolici,
2622 3152 2711 3208 cui
2734 3151 3031 3224 Gregorius
3056 3150 3363 3224 patriarcha

128 3249 520 3304 consenserat,
548 3241 747 3310 cuique
781 3241 1095 3297 Gennadius
1121 3257 1228 3311 prae
1253 3242 1465 3297 caeteris
1486 3244 1795 3308 obstiterat,
1831 3253 1889 3297 ut
1916 3244 2092 3298 Ducas
2126 3256 2382 3301 accurate
2404 3246 2645 3315 scripsit.

195 3327 416 3399 Scripta
448 3343 568 3386 sunt
597 3346 776 3387 autem
803 3335 855 3387 in
884 3351 948 3390 eo
968 3351 1126 3405 quem
1161 3336 1405 3390 diximus
1432 3336 1597 3408 Regio
1621 3337 1828 3404 codice,
1860 3352 1970 3392 non
2000 3338 2186 3393 eadem
2218 3355 2382 3395 manu
2410 3357 2516 3410 qua
2550 3342 2721 3398 codex
2754 3345 2890 3413 ipse,
2924 3342 3022 3399 sed
3052 3342 3180 3408 alia,
3207 3343 3362 3397 docta
3410 3380 3414 3385 -

127 3423 364 3488 quidem,
410 3438 597 3477 verum
634 3425 949 3492 incleganti,
983 3427 1158 3494 qualis
1181 3442 1323 3495 smpe
1348 3429 1587 3481 virorum
1622 3427 1904 3484 doctorum
1945 3445 2066 3486 esse
2099 3431 2255 3486 solet.
2332 3478 2343 3482 ν
2751 3467 2776 3480 ι

194 3511 462 3579 Sequitur
510 3513 827 3583 Exccrptutn
860 3533 924 3571 ex
965 3518 1204 3586 Epistola
1239 3518 1500 3573 Gennadii
1543 3520 1608 3574 ad
1643 3520 1934 3576 Maximum
1987 3522 2324 3590 Sophianum
2354 3532 2422 3579 'ct
2469 3533 2683 3581 ascetas
2724 3527 2927 3596 montis
2962 3525 3114 3591 Sina,
3168 3526 3220 3580 in
3252 3541 3357 3595 qua

129 3605 334 3662 Latinis
369 3608 651 3677 religionis
679 3626 843 3665 causa
892 3612 1229 3703 venientibus
1263 3622 1408 3666 vetat
1461 3612 1576 3668 dari
1613 3615 2029 3683 Eucharistiam,
2061 3617 2153 3671 sed
2188 3607 2482 3687 ἀντιδωρον
2519 3599 2612 3676 seu
2646 3635 2838 3690 pauent
2861 3619 3201 3677 benedictum
3242 3619 3359 3676 dari

128 3701 394 3766 permittit
423 3719 438 3755 :
480 3703 624 3757 unde
647 3713 793 3772 patet
827 3719 984 3773 quam
1014 3701 1205 3773 parum
1254 3706 1355 3775 ipsi
1385 3722 1505 3762 cum
1537 3707 1777 3763 Romana
1818 3708 2057 3766 Ecclesia
2093 3711 2425 3768 conveniret.
2694 3761 2696 3765 .
3027 3724 3029 3726 '

189 3877 266 3951 (1)
304 3879 446 3935 Vide
467 3878 609 3935 infra
643 3883 695 3934 in
725 3881 902 3936 Marco
939 3881 1195 3951 Ephesio.
1228 3879 1381 3937 Enn.

1863 4108 2280 4126 -———777—7_.._.—__
2295 4113 2819 4126 mh.—_—-—

767 4258 1230 4397 ΠΡΟΣ
1336 4265 1682 4458 TON
1757 4267 2745 4460 ΣΧΟΑΑΡΙΟΝ,
2827 4203 2833 4216 ’

1377 4516 1603 4603 ⁷1⁷οΥ
1641 4519 2103 4606 ΕΦΕΣΟΥ.

626 4857 1010 4952 VERBA
1114 4863 2054 5006 MARCLEPHESII
2186 4867 2877 4974 MORIENTIS

1165 5071 1265 5133 AD
1317 5071 1732 5138 GEORGIUM
1786 5078 2310 5143 SCIIOLARIUM.

1294 5229 1391 5288 (Ea:
1426 5228 1542 5280 Cod.
1571 5231 1678 5283 us.
1705 5229 1833 5283 Bibl.
1861 5235 1973 5299 Reg.
1999 5236 2160 5298 2963.)

188 5490 346 5554 Λέγω
403 5487 504 5539 καὶ
562 5487 924 5555 ἀποφαίνομαι
981 5494 1108 5557 περὶ
1160 5493 1254 5544 τοῦ
1308 5494 1560 5564 ἄρχοντος
1595 5498 1690 5551 τοῦ

1875 5500 1947 5557 De
1973 5501 2212 5571 principe
2239 5500 2523 5559 Seltolario
2557 5504 2671 5560 haec
2695 5523 2807 5563 mea
2843 5519 2930 5565 est
2950 5512 3238 5569 sententia.
3269 5514 3355 5584 lp-

125 5575 443 5644 Σχολαρίου,
477 5571 568 5628 ὅτι
596 5570 710 5627 οἴδα
745 5578 902 5630 αὐτὸν
934 5579 992 5643 ἐξ
1025 5578 1105 5631 ἔτι
1144 5581 1278 5637 πάνυ
1310 5585 1432 5646 νέας
1460 5587 1561 5654 τῆς
1592 5587 1686 5639 αὑ-

1835 5609 1912 5645 nn
1955 5593 2245 5647 admodum
2284 5595 2536 5663 juvenem
2572 5599 2718 5666 novi,
2769 5596 3076 5672 aﬂ'ectuque
3120 5605 3269 5659 illunt
3302 5617 3356 5662 et
3407 5659 3409 5662 .

122 5667 206 5718 τοῦ
266 5669 522 5738 ἡλικίας,
582 5669 676 5720 καὶ
727 5669 969 5746 διάὒεισιν
1022 5676 1117 5728 καὶ
1171 5675 1391 5744 ἀγάπην
1446 5679 1554 5747 ἔχω
1607 5680 1686 5744 εἰς

1793 5685 2060 5740 charitate
2117 5701 2329 5741 summa
2397 5703 2717 5759 prosequor,
2772 5702 2825 5746 et
2875 5701 3128 5763 tanquam
3185 5698 3351 5753 lilium

122 5761 289 5826 αὑτὸν,
321 5763 416 5815 κκὶ
440 5761 532 5824 ’ὡς
584 5761 709 5830 ἐμὶν
752 5763 862 5817 υἱὸν
909 5766 999 5820 ml.
1033 5767 1182 5832 φίλον
1227 5771 1434 5840 στέργω
1471 5774 1668 5828 αὐτόν’

1792 5793 1970 5832 meum
2028 5765 2080 5832 et
2116 5779 2348 5836 anticum
2402 5781 2565 5851 diligo
2590 5825 2605 5850 ,
2640 5784 2902 5843 cbaritate
2931 5761 3132 5853 quanta
3181 5799 3355 5856 potest
