3986 6328
585 389 688 454 513

1619 385 1999 446 GENNADII
2043 384 2158 449 cp.
2190 354 2700 445 PATntAncuaa
3709 374 3798 436 tu

589 501 818 556 suadere
855 497 1047 565 voluit,
1087 513 1210 554 cum
1242 498 1496 568 patientia
1542 512 1806 567 gratoque
1853 499 2033 554 animo
2075 498 2150 553 fe-

2256 475 2419 547 κείων
2461 492 2687 560 ἀλόγου*
2737 492 2837 546 οὐκ
2888 485 2955 560 ἦν
3004 489 3151 556 αὐτῷ
3200 490 3430 559 μάλιστα
3483 487 3800 557 προῦργουδ

589 594 810 645 ιυιιιιειηι
849 608 970 646 esse
1014 600 1263 653 t'nortem,
1309 592 1416 644 imo
1442 590 1603 644 etiam
1641 604 1831 660 cogere
1869 605 2152 661 aggressus

588 692 671 733 est
711 697 803 733 eos
843 683 938 749 qui
981 682 1135 734 aliter
1169 681 1329 749 impie
1363 680 1534 734 acturi
1567 690 1767 742 essent,
1802 694 1894 734 attt
1921 680 2046 750 quia
2072 681 2153 734 di.

587 769 767 821 vinam
799 771 1106 840 ignorarent
1130 770 1662 837 praedestinatiouem
1704 784 1717 819 :
1761 768 1843 822 vel
1875 785 1997 823 cum
2033 784 2149 822 eam

587 870 1007 930 cognoscerent,
1039 862 1156 929 ejus
1192 871 1367 916 tamen
1401 877 1588 916 curam
1619 861 1882 914 haberent
1917 860 2148 924 nullam,

593 965 700 1018 pra:
746 950 1034 1003 temeraria
1086 950 1165 1003 sui
1217 966 1551 1018 suorumque
1607 950 1730 1002 vita:
1788 949 2079 1018 cupiditate
2135 967 2149 1002 :

591 1054 768 1092 nonne
805 1055 984 1094 sermo
1022 1042 1088 1094 de
1145 1041 1325 1093 divina
1378 1040 1826 1110 ρηιιοτόίιιιιιὶοιιε
1871 1050 2153 1108 susceptus

589 1131 823 1183 maxime
871 1128 1234 1182 conducibilis
1274 1129 1371 1195 ipsi
1424 1137 1538 1182 erat
1565 1166 1580 1189 ,
1622 1128 1712 1197 qui
1751 1143 1873 1182 cum
1925 1129 2152 1182 veritate

589 1219 816 1271 suadtre
846 1218 1098 1272 volebat?
1125 1235 1190 1271 an
1233 1233 1336 1272 non
1372 1219 1532 1272 ctiam
1569 1220 1925 1282 discentibus,
1950 1221 1992 1273 si
2031 1220 2151 1288 qui-

588 1309 708 1361 dem
740 1310 1114 1378 obtemperare
1149 1312 1491 1374 statuissent,
1534 1311 1878 1364 utilissimum
1922 1312 2148 1376 fuisset,

588 1384 705 1450 cum
734 1399 801 1452 ob
838 1401 887 1452 id
926 1401 1160 1453 maxime
1187 1399 1966 1466 persuaderentur?Quocirca
1997 1399 2152 1470 plane

590 1491 835 1560 ineptum
868 1502 948 1546 est
995 1494 1065 1544 ita
1105 1496 1448 1562 expostulare
1482 1493 1549 1546 de
1595 1509 1658 1547 eo
1694 1493 1782 1561 qui
1818 1492 1964 1569 omni
1995 1494 2149 1560 cuipa

587 1591 762 1634 vacat.
800 1581 992 1635 Verum
1028 1584 1346 1652 prudentius
1394 1593 1874 1654 conquererentur,
1921 1583 1964 1636 si
2009 1581 2152 1636 dice-

589 1685 706 1726 rent
753 1690 765 1727 :
804 1673 916 1727 Non
948 1683 1004 1727 ut
1040 1675 1253 1740 doctus,
1288 1677 1500 1745 sapiens
1541 1691 1603 1729 ac
1655 1676 1894 1740 divinus,
1949 1675 2042 1727 sed
2095 1683 2151 1726 ιιι

588 1762 748 1817 homo
781 1765 881 1818 hac
921 1767 970 1818 in
1002 1777 1155 1832 parte
1185 1766 1448 1820 duntaxat
1488 1766 1775 1836 ignoravit,
1827 1779 1924 1818 nec
1977 1763 2150 1832 potuit

2255 586 2381 653 περὶ
2415 585 2510 651 τῆς
2566 584 2715 646 θείας
2769 582 3166 651 προδιατάξεως
3213 582 3390 646 λόγος,
3419 577 3496 646 τῷ
3550 581 3682 648 μετά
3710 580 3798 647 τῆς

2254 679 2512 746 ἀληθείας
2544 679 2752 730 πείθειν
2779 676 3034 739 ἐθέλοντι,
3069 677 3100 745 ἢ
3151 674 3270 742 οὐχὶ
3297 675 3392 727 καὶ
3421 676 3533 736 τοῖς
3568 673 3798 725 διδασκο-

2257 773 2436 841 μένοις
2471 772 2626 839 εἴπερ
2682 768 2975 839 ἠβούλοντο
3007 766 3309 831 πείθεσθαι,
3355 766 3799 834 προύργιαίτατον

2253 863 2318 915 ἂν
2349 857 2439 930 ἦν,
2464 861 2535 923 ὡς
2563 861 2650 914 διὰ
2675 859 2833 912 τοῦτο
2859 859 3090 927 μάλιστα
3119 856 3482 925 πειθομένοις,
3502 854 3640 907 ὥστε
3671 856 3797 907 πάνυ

2252 954 2468 1021 χυδαῖον
2514 953 2687 1014 οὕτως
2733 949 3074 1015 ἑξαιτιᾶσθαι
3108 948 3199 1000 τὸν
3247 944 3509 1009 καθάπαξ
3554 946 3796 998 ἀναίτιον.

2266 1045 2425 1097 Ἀλλά
2475 1042 2885 1112 φρονιμώτερον
2917 1040 2980 1092 ἂν
3012 1039 3302 1110 ὲξῃτιῶντο
3348 1037 3621 1105 λέγοντες,
3656 1037 3724 1096 Lb;
3757 1039 3799 1087 εί

2254 1138 2415 1204 σοφὸς
2450 1132 2517 1205 ῆν
2551 1137 2642 1187 καὶ
2674 1133 2835 1196 θεῖος,
2870 1130 2983 1184 ἀλλ’
3016 1131 3090 1191 ὠς
3135 1128 3418 1197 ἄνθρωπος
3451 1128 3716 1196 ἠγνόησεν
3749 1129 3801 1178 ὲν

2253 1228 2426 1298 τούτῳ
2454 1229 2528 1297 τῷ
2565 1228 2741 1297 μέρει,
2776 1227 2868 1277 καὶ
2903 1225 3000 1278 οὐκ
3033 1223 3270 1293 ἠδυνήθη
3311 1221 3490 1282 καλῶς
3530 1221 3630 1288 τῆς
3679 1219 3802 1286 ἀλη-

2253 1321 2376 1381 θοῦς
2410 1312 2502 1372 καὶ
2560 1321 2732 1388 σοφῆς
2761 1317 3048 1381 ἐφικέσθαι
3078 1314 3298 1382 γνώμης
3348 1313 3441 1365 καὶ
3470 1313 3800 1382 διακρίσεως.

2263 1412 2402 1464 Ἀλλ’
2422 1412 2538 1463 οὐδὲ
2565 1410 2724 1462 τοῦτο
2754 1409 2912 1476 λόγον
2942 1407 3061 1476 ἔχον
3085 1405 3251 1458 ἐστίν.
3291 1403 3477 1474 ἸΙμείς
3504 1404 3611 1471 γὰρ
3637 1405 3802 1456 καίτοι

2252 1503 2341 1556 τον
2395 1501 2569 1570 μέγαν
2625 1500 2828 1560 εἰδότες
2859 1500 2918 1552 οὑ
2971 1496 3131 1566 σοφίᾳ
3188 1496 3348 1563 μόνον
3395 1494 3802 1564 παρεληλακότα

2254 1594 2478 1658 πάντας,
2513 1593 2649 1645 ἀλλά
2703 1585 2796 1658 καῖ
2831 1593 2941 1653 τοῖς
2973 1593 3034 1643 ὲκ
3075 1589 3210 1641 Θεοῦ
3244 1589 3546 1656 (mansueti;
3589 1587 3805 1656 διαπρέ-

2251 1686 2444 1753 ψαντα,
2485 1685 2631 1752 ὅμως
2662 1684 2760 1735 οὐκ
2795 1681 2943 1751 αὒτῷ
2984 1680 3245 1749 τιθέμεθα
3291 1681 3492 1748 μᾶλλον
3521 1680 3554 1748 ἢ
3589 1678 3806 1731 Ἀθανα-

2255 1775 2375 1842 σίῳ,
2436 1776 2528 1827 καὶ
2578 1775 2859 1844 Γρηγορίῳ
2892 1774 2967 1844 τῷ
3016 1773 3285 1841 Θεολόγῳ,
3317 1773 3413 1824 καὶ
3463 1771 3538 1839 τῷ
3597 1770 3804 1837 Νύσσης

588 1855 810 1920 pulchre
851 1871 1034 1908 veram
1066 1858 1388 1925 doctamque
1421 1859 1744 1912 sententiam
1774 1855 2144 1910 discernendi-

2255 1833 2420 1934 αὐτῷ,
2453 1866 2545 1918 καὶ
2587 1833 2962 1934 Ᾰὺγουσέίνῳ,
2999 1857 3078 1926 οἷς
3110 1833 3278 1915 πᾶσίν.
3319 1863 3346 1914 ὁ
3379 1833 3551 1931 μέγας
3582 1833 3807 1914 ἐνταῦθα

588 1961 693 2012 que
729 1947 832 2000 vim
888 1947 1136 2015 adipisci.
1171 1951 1332 2016 Atqui
1389 1965 1453 2003 ne
1503 1949 1644 2002 istud
1689 1949 1904 2016 quidem
1952 1945 2146 1999 rationi

583 2050 1010 2091 consentaneum
1044 2050 1146 2094 est.
1183 2041 1391 2095 Etenim
1427 2043 1638 2095 tametsi
1667 2041 1997 2109 exploratum
2033 2054 2148 2107 per-

583 2139 936 2198 spectumque
972 2130 1268 2187 habeamus
1316 2121 1568 2201 magnum
1613 2133 1869 2187 Basilium
1908 2150 2013 2187 non
2051 2133 2148 2186 d0-

583 2220 757 2273 ctrina
812 2230 1020 2274 tantum
1073 2224 1192 2277 aliis
1249 2224 1540 2279 anteivisse
1590 2226 1874 2288 omnibus,
1949 2241 2138 2278 verum

512 2297 516 2302 ’
583 2312 744 2363 etiam
799 2311 1291 2368 illuminationibus
1348 2330 1375 2366 a
1435 2315 1541 2367 Deo
1601 2316 1833 2385 acceptis
1881 2317 2143 2385 insignem

587 2401 902 2455 exstitisse:
963 2418 1068 2455 non
1114 2405 1234 2470 plus
1269 2414 1444 2457 tamen
1502 2406 1578 2458 illi
1624 2407 1931 2464 tribuimus.
1985 2421 2143 2475 quam

581 2492 898 2558 Athanasio,
942 2492 1200 2558 Gregorio
1247 2495 1546 2564 Thcologo,
1589 2506 1641 2548 et
1691 2495 1938 2561 Nysseno
1985 2508 2148 2565 atque

583 2583 905 2650 Augustino,
944 2585 1142 2652 quibus
1172 2586 1427 2640 omnibus
1467 2601 1695 2654 magnus
1740 2587 1825 2641 hic
1870 2588 2144 2651 concimt,

581 2683 633 2726 ct
667 2672 724 2727 hi
758 2659 947 2746 omnes
975 2674 1048 2726 illi
1078 2677 1443 2729 consentiunt.
1479 2676 1582 2740 Qui
1611 2684 1787 2728 autem
1827 2676 1940 2729 tieri
1977 2684 2151 2744 potest

584 2774 644 2816 ut
672 2764 807 2817 tanti
833 2765 1094 2818 doetorcs
1149 2766 1201 2817 in
1249 2765 1350 2819 hac
1398 2766 1699 2820 assertione
1749 2766 1909 2829 simul
1961 2780 2146 2821 errore

583 2852 798 2905 abducti
835 2851 1076 2906 fuerint?
1113 2853 1264 2918 Quod
1313 2862 1492 2906 autem
1536 2853 1721 2906 multis
1771 2855 1821 2906 in
1871 2853 2004 2908 locis
2035 2853 2149 2906 haac

583 2941 768 2995 eadem
795 2949 1020 3007 asserat,
1049 2953 1100 2996 et
1125 2958 1246 2996 cum
1278 2959 1408 2998 cura
1435 2953 1485 2996 et
1508 2943 1931 3011 exaggeratione
1959 2942 2148 3006 multa,

583 3046 643 3087 ut
675 3033 720 3087 si
755 3035 850 3090 hac
879 3035 943 3088 de
978 3051 1034 3086 re
1061 3037 1354 3090 orationem
1393 3037 1458 3089 ad
1495 3037 1780 3090 utilitatem
1817 3036 2144 3105 susciperet,

584 3141 648 3180 ac
682 3126 919 3180 futurum
960 3137 1106 3182 esset
1136 3136 1192 3180 ut
1221 3142 1314 3180 eos
1342 3128 1585 3183 veritatis
1612 3128 1876 3182 sententia
1913 3127 2151 3198 juvpret,
2181 3173 2223 3230 Ο

584 3214 675 3282 qui
725 3215 977 3284 subsequi
1022 3231 1085 3270 ac
1135 3219 1413 3287 percipere
1447 3228 1665 3286 possent
1708 3234 1722 3270 :
1763 3219 1980 3272 attende
2025 3219 2153 3286 quid

586 3305 691 3357 alio
718 3305 834 3360 loco
857 3306 1036 3371 dicat;
1082 3316 1136 3361 et
1179 3311 1280 3362 hac
1328 3308 1571 3363 studiosa
1603 3309 1891 3363 sedulitate
1925 3323 2158 3378 compca

586 3395 714 3460 rics,
749 3397 1163 3466 haudquaquam
1189 3397 1467 3454 fortuitum
1496 3402 1782 3468 qttem-Jam
1821 3414 2150 3455 concursum

517 3540 522 3545 .
586 3503 775 3541 eorum
823 3505 941 3557 qua:
992 3491 1303 3544 hominibus
1353 3491 1486 3545 ﬁunt
1536 3491 1930 3545 enuntiandum
1974 3506 2141 3545 esse:

591 3565 845 3648 tauquam
903 3583 946 3634 si
999 3582 1178 3636 nullus
1224 3583 1533 3636 moderator
1596 3593 1648 3636 et
1703 3598 1954 3652 princeps
2002 3584 2145 3636 hunc

588 3671 852 3724 mundum
879 3681 1107 3740 regeret,
1129 3687 1322 3739 pravas
1356 3672 1450 3726 tibi
1481 3672 1766 3739 opiniones
1793 3674 2151 3742 suggerendo;

590 3762 848 3814 duntaxat
874 3776 901 3814 a
930 3761 1189 3816 limitibus
1221 3762 1433 3830 pietatis
1467 3763 1717 3816 excidere
1746 3777 1994 3825 caveas;
2019 3762 2151 3816 Nam

590 3851 680 3921 qni
722 3865 820 3906 nos
856 3851 1011 3904 tinxit
1037 3863 1086 3904 et
1120 3852 1383 3904 animavit
1415 3852 1579 3915 Deus,
1613 3854 1893 3924 proprium
1929 3868 2152 3908 conces-

589 3949 659 4001 Sit
689 3946 888 4015 cuique
912 3947 1104 4000 anima:
1129 3946 1385 4016 degendae
1419 3947 1545 4001 vitae
1570 3957 1792 4010 statum,
1819 3959 1981 4018 atque
2020 3949 2154 4003 alios

591 4038 712 4091 aliis
747 4037 944 4091 limites
983 4039 1157 4092 exitus
1193 4039 1326 4092 tixit.
1370 4038 1579 4093 Etenim
1611 4040 1752 4093 hunc
1787 4041 2000 4108 quidem
2039 4040 2154 4108 plu-

588 4144 675 4185 res
715 4128 766 4183 iu
804 4130 944 4185 mole
975 4131 1218 4198 corporis
1256 4141 1307 4184 ct
1330 4131 1448 4186 luce
1484 4146 1661 4186 moras
1697 4131 1873 4185 facere
1901 4129 2153 4186 Numinis

587 4221 920 4290 dispensatio
959 4207 1149 4276 statuit
1187 4237 1202 4274 :
1233 4222 1384 4275 illum
1429 4236 1556 4276 vero
1581 4222 1744 4276 citius
1773 4222 2001 4276 vinculis
2032 4237 2154 4276 cor-

595 4313 774 4379 poreis
830 4312 962 4366 solvi
992 4311 1293 4374 constituit,
1333 4311 1485 4378 juxta
1523 4312 1900 4366 inenarrabilis
1942 4296 2153 4381 sapien-

585 4405 674 4458 tize
700 4419 762 4458 ac
800 4391 1021 4473 justitiae
1054 4419 1163 4458 suae
1199 4403 1453 4458 rationes.
1493 4403 1954 4468 Quemadmodum
1985 4405 2149 4467 exjis

2259 1960 2474 2028 συνᾴδει
2505 1957 2804 2020 Βασίλειος,
2831 1958 2924 2010 καὶ
2955 1949 3100 2009 οὗτοι
3136 1957 3335 2015 πάντες
3356 1952 3526 2023 αὐτῷ.
3560 1953 3667 2006 Καὶ
3699 1952 3807 2013 πῶς

2256 2045 2366 2102 οἷον
2415 2067 2470 2102 τε
2524 2049 2876 2116 τηλικούτους
2910 2047 3260 2107 διδασκάλους
3305 2044 3444 2113 ὁμοῦ
3474 2045 3603 2114 περὶ
3659 2045 3809 2095 τοῦτο

2255 2138 2593 2206 πλανηθῆναι
2617 2138 2675 2188 τὸ
2699 2136 2865 2205 μέρος
2891 2153 2904 2200 ;
2929 2138 3008 2188 ὅτι
3031 2136 3085 2188 δὲ
3107 2135 3374 2203 πολλαχοῦ
3399 2135 3467 2186 τὰ
3491 2133 3626 2185 αὐτὰ
3647 2133 3810 2185 ταῦτά

2257 2243 2412 2294 φησι,
2438 2228 2530 2278 καὶ
2563 2226 2699 2292 μετά
2723 2224 2922 2299 πολλῆς
2944 2227 3040 2294 τῆς
3068 2221 3484 2299 έπεξεργασίας,
3514 2223 3587 2283 ὡς
3618 2221 3810 2291 προῦρ-

2257 2333 2352 2383 γου
2381 2319 2471 2368 τῗιν
2499 2317 2628 2386 περὶ
2662 2316 2866 2368 τούτων
2894 2313 3049 2381 λόγον
3087 2314 3429 2382 ποιούμενος,
3464 2315 3557 2367 καὶ
3586 2313 3812 2381 ὠφελεῖν

2260 2406 2466 2474 μέλλων
2497 2408 2561 2475 τῇ
2600 2405 2725 2474 δόξῃ
2771 2404 2868 2473 τῆς
2916 2403 3172 2472 ἀληθείας
3203 2405 3330 2467 τοὺς
3383 2404 3813 2472 παρακολουθεῖν

2254 2500 2586 2566 δυναμένους
2612 2515 2626 2529 ο
2653 2499 2816 2552 άκουε
2841 2498 2892 2550 τί
2923 2496 3366 2567 φησιν-ἀλλαχοῦ,
3401 2498 3493 2549 καὶ
3515 2495 3815 2556 σπουδάσας

2258 2591 2532 2660 εὑρήσεις,
2565 2589 2638 2660 μὴ
2679 2589 2985 2658 αὐτόματόν
3021 2604 3138 2641 τινα
3171 2588 3335 2658 εἴπῃς
3385 2587 3675 2656 συντυχίαν
3711 2586 3814 2638 τῶν

2260 2681 2555 2751 γινομένων
2601 2679 2930 2748 ἀνθρώποις,
2974 2680 3051 2743 ώς
3106 2680 3329 2749 μηδενὸς
3372 2679 3679 2748 προστάτου
3729 2677 3816 2729 τὸν

2257 2772 2459 2840 κόσμον
2488 2769 2924 2837 οἰκονομοῦντος,
2963 2770 3176 2837 πονηρὰ
3216 2768 3460 2836 δόγματα
3495 2766 3813 2836 ὑποτιθέμε-

2258 2880 2346 2924 νος
2383 2863 2614 2930 σεαυτῷ,
2657 2861 2790 2931 μηδὲ
2819 2860 3054 2931 ὲκπέσῃς
3083 2859 3189 2913 τῶν
3214 2861 3356 2928 ὅρων
3384 2860 3480 2927 τῆς
3513 2860 3813 2919 εὐσεϐείας.

2265 2973 2283 3006 ι
2308 2956 2368 3008 Ὀ
2397 2956 2502 3024 γὰρ
2539 2955 2749 3015 πλάσας
2776 2955 2923 3024 ἡμᾶς
2955 2955 3049 3006 καὶ
3066 2951 3325 3028 ψυχώσας
3346 2951 3499 3016 Θεὸς,
3530 2951 3666 3004 ίδίαν
3695 2952 3819 3003 ἔδω·

2259 3061 2354 3098 κεν
2381 3045 2585 3114 ἑκάστῃ
2617 3043 2762 3112 ψυχῇ
2791 3041 2888 3111 τὴν
2920 3040 3012 3094 τοῦ
3049 3041 3162 3109 βίου
3191 3040 3488 3112 διαγωγὴν,
3519 3042 3614 3093 καὶ
3642 3041 3820 3102 ἄλλοις

2227 3132 2444 3194 ’ἄλλους
2477 3133 2634 3201 ὄρους
2692 3130 2860 3200 ἔπηξε
2899 3131 2996 3200 τῆς
3038 3129 3241 3193 ἐξόδου.
3292 3128 3394 3181 Τὸν
3428 3129 3531 3197 μὲν
3581 3130 3691 3197 γὰρ
3737 3129 3822 3180 ἐπὶ

2259 3223 2442 3275 πλεῖον
2475 3224 2787 3292 περιμεῖναι
2823 3224 2888 3293 τῇ
2929 3221 3200 3292 παρουσίᾳ
3247 3221 3346 3288 τῆς
3387 3219 3591 3298 σαρκὸς
3623 3219 3821 3290 ᾠκονό-

2262 3329 2436 3382 μησεο
2473 3313 2564 3366 τὸν
2593 3313 2648 3365 δὲ
2699 3313 2893 3366 θάττον
2945 3311 3282 3380 ἀπολυθῆναι
3328 3311 3436 3364 τῶν
3478 3307 3696 3380 δεσμῶν
3727 3310 3820 3364 τοῦ

2260 3404 2509 3475 σώματος
2537 3405 2838 3471 διετάξατο,
2885 3406 3023 3458 κατὰ
3051 3405 3176 3468 τοὺς
3205 3405 3304 3474 τῆς
3343 3405 3589 3477 apparot:
3631 3407 3822 3473 σοφίας

2259 3496 2452 3548 ἑαυτοῦ
2483 3497 2578 3549 καὶ
2607 3493 2951 3565 δικαιοσύνης
2994 3479 3206 3563 λόγους.
3245 3496 3462 3566 Ὠσπερ,
3500 3493 3593 3550 οὖν
3622 3497 3670 3549 oi
3707 3500 3823 3559 ταῖς

2258 3588 2502 3656 είρκταῖς
2529 3587 2917 3655 ἐμπίπτοντες,
2953 3589 3004 3639 οἱ
3039 3587 3136 3654 μὲν
3163 3586 3256 3639 ἐπὶ
3283 3587 3504 3640 πλείονα
3539 3589 3823 3657 χρόνον-τῇ

2257 3678 2500 3728 κακώσει
2550 3675 2658 3726 τῶν
2703 3674 3091 3743 δεσμωτηρίων
3139 3674 3578 3730 ὲναποκλείονται
3606 3715 3620 3739 ,
3666 3677 3717 3727 οἱ
3769 3677 3825 3728 δὲ

2254 3767 2557 3835 ταχυτέραν
2604 3765 2921 3835 εὑρίσκουσι
2953 3766 3052 3834 τὴν
3083 3768 3179 3834 τῆς
3220 3765 3597 3829 κακοπαθείας
3644 3767 3824 3818 ἀπαλ-

2254 3858 2427 3926 λαγήν
2453 3874 2466 3887 ⁸
2504 3857 2644 3910 οὕτω
2669 3856 2760 3908 καὶ
2793 3856 2849 3907 αἱ
2897 3857 3087 3926 ψυχαὶ,
3123 3857 3313 3929 αί-μὲν
3345 3858 3437 3908 ἐπὶ
3480 3858 3616 3911 πολὺ
3649 3875 3825 3929 προσ-

2257 3924 2577 4018 κατέχονται
2616 3951 2681 4018 τῇ
2715 3948 2828 4016 ζωῇ
2857 3924 3049 4018 ταύτῇ,
3082 3949 3137 3999 αἱ
3276 3945 3361 4000 ἐπ’
3405 3946 3648 4012 ἔλαττον,
3679 3924 3825 4002 κατὰ

2253 4039 2352 4108 τὴν
2396 4039 2553 4102 ἀξίαν
2583 4039 2677 4106 τῆς
2725 4037 3320 4105 ἀναλογίαςέκάστου,
3372 4040 3553 4106 σοφῶς
3585 4041 3677 4093 καὶ
3730 4041 3826 4109 βαο

2255 4132 2410 4195 θέως,
2442 4129 2516 4190 ὼς
2545 4130 2644 4181 οὐκ
2695 4127 2760 4181 ἂν
2797 4129 3040 4194 ἐφίκοιτο
3074 4128 3197 4192 νοῦς
3238 4127 3564 4198 ἀνθρώπων,
3598 4131 3665 4185 τὰ
3693 4136 3826 4202 περὶ

2253 4221 2483 4273 ἕκαστον
2519 4218 2678 4288 ἡμῶν
2721 4219 2815 4274 τοῦ
2851 4220 3662 4295 κτίσαντοςσπροόλεπομένου.
3710 4225 3827 4277 Ούκ

2252 4312 2468 4380 ἀκούεις
2501 4309 2745 4379 λέγοντος
2778 4310 2866 4363 τοῦ
2891 4309 3086 4362 Δαϐίδο
3124 4328 3142 4362 ι
3181 4310 3444 4379 Ἐξάγαγε
3474 4315 3538 4364 ὲκ
3573 4312 3826 4380 φυλακῆς

2250 4404 2348 4471 τὴν
2379 4403 2560 4473 ψυχήν
2596 4402 2745 4470 μους
2784 4419 2803 4454 ι
2832 4403 2932 4455 οὐκ
2982 4403 3219 4472 ἤκουσας
3249 4405 3376 4473 περὶ
3409 4404 3503 4456 τοῦ
3538 4405 3712 4471 ἁγίου,
3747 4407 3827 4459 ὅτι

585 4496 760 4563 quiin
788 4511 1056 4552 carcerem
1095 4487 1405 4563 truduntur,
1435 4496 1897 4562 ahiwdiuturniore
1935 4508 2140 4565 tempo—

2255 4494 2487 4566 ἀπελύθη
2517 4493 2681 4546 αὐτοῦ
2718 4495 2750 4562 ἡ
2784 4494 2967 4562 ψυχῆς
3005 4495 3055 4546 τί
3081 4495 3135 4546 δε
3185 4493 3429 4563 Συμεὼν.
3463 4497 3558 4550 ὅτε
3586 4499 3827 4564 ἔνηγκα-

584 4591 660 4642 t'is
685 4589 864 4657 spatio
887 4589 1146 4643 custodia;
1170 4602 1450 4642 carcerum
1479 4588 1721 4643 molestia
1747 4599 2029 4654 vexantur,
2059 4589 2147 4642 alii

583 4677 973 4746 promptiorem
1008 4677 1288 4730 inveniunt
1317 4691 1574 4730 aerumna:
1614 4676 1986 4734 liberationem
2027 4697 2040 4732 :
2074 4677 2152 4731 sic

582 4770 740 4821 etiam
783 4784 845 4822 ex
878 4768 1164 4822 animabus
1194 4769 1310 4822 alia;
1347 4767 1545 4838 perdiu
1601 4773 1724 4823 vitae
1774 4769 1937 4839 hujus
1985 4783 2148 4823 usura

586 4860 827 4913 fruentes
861 4857 1185 4925 detinentur,
1216 4859 1333 4914 aliae
1377 4861 1612 4915 breviori
1661 4861 1919 4930 temporis
1981 4863 2150 4916 inter-

582 4954 745 5014 vallo,
782 4967 880 5021 pro
911 4952 1087 5005 meriti
1143 4952 1409 5021 cujusque
1445 4951 1652 5006 ratione
1684 4961 1737 5006 ct
1777 4953 2147 5022 pr0portione,

581 5057 705 5095 cum
747 5053 852 5095 tam
902 5041 1006 5094 alte
1053 5053 1106 5096 et
1147 5044 1415 5110 sapienter
1449 5043 1608 5110 (adeo
1644 5054 1701 5097 ut
1730 5058 1882 5097 mens
1913 5044 2149 5096 humana

587 5149 651 5186 eo
680 5135 962 5203 pervenire
995 5135 1249 5203 nequeat)
1277 5137 1368 5204 qui
1401 5137 1601 5191 creavit
1638 5151 1736 5190 nos
1773 5137 2062 5205 prospiciat
2088 5152 2147 5189 ea

584 5211 708 5291 quas
733 5225 800 5279 ad
836 5225 1078 5295 singulos
1108 5229 1364 5282 mortales
1396 5230 1687 5295 pertinent.
1712 5225 1827 5282 Non
1863 5228 2017 5283 audis
2048 5215 2151 5281 D‘a-

584 5317 760 5369 videm
792 5307 1093 5380 canentem,
1123 5316 1301 5372 «Educ
1322 5319 1388 5372 de
1411 5333 1627 5372 carcere
1652 5318 1884 5371 animam
1912 5318 2144 5373 meam?»

586 5405 702 5458 Non
745 5409 1082 5471 auscultasti,
1135 5409 1200 5462 de
1233 5417 1421 5462 sancto
1455 5408 1682 5473 dictum,
1724 5409 1951 5464 solutam
1986 5407 2152 5463 fuisse

588 5498 754 5566 ipsius
785 5501 1058 5552 animam?
1089 5500 1226 5564 Quid
1261 5516 1388 5554 vero
1415 5483 1668 5569 Symnon,
1703 5501 1921 5569 quando
1949 5503 2152 5569 ample-

588 5598 745 5644 satus
765 5599 848 5646 est
878 5591 1160 5646 Dominum
1187 5591 1456 5644 nostrum?
1472 5592 1683 5659 qualem
1715 5591 1896 5646 emisit
1931 5591 2152 5646 vocem?

581 5694 765 5734 nonne
795 5682 951 5747 hanc,
981 5683 1163 5736 «Nunc
1181 5682 1408 5736 dimittis
1430 5697 1644 5738 servum
1670 5692 1845 5746 tuum,
1872 5681 2145 5738 Domine?»

587 5768 720 5826 Nam
755 5773 819 5830 ad
860 5775 1016 5830 vitam
1051 5791 1168 5845 qua;
1219 5777 1270 5832 itt
1318 5774 1530 5845 superis
1566 5775 1701 5831 locis
1744 5773 1998 5844 agitanda
2030 5783 2107 5830 est
2132 5813 2146 5842 ,

2250 4587 2434 4640 λίσατο
2464 4587 2555 4638 τὸν
2582 4587 2784 4656 Κύριον
2813 4586 2992 4656 ἡμῶν,
3026 4585 3184 4637 ποίαν
3214 4588 3398 4656 φωνὴν
3424 4589 3640 4658 ἀφῆκεν
3665 4605 3678 4653 ;
3704 4591 3828 4659 οὐχ,

2250 4679 2330 4731 ὅτι
2361 4696 2377 4728 ι
2407 4677 2520 4730 Νῦν
2544 4678 2797 4740 ἀπολύεις
2819 4677 2910 4728 τὸν
2932 4675 3118 4729 δοῦλόν
3140 4693 3254 4742 σου,
3273 4663 3518 4731 Δέσποτα
3542 4696 3556 4743 ;
3584 4698 3600 4729 ι
3619 4679 3694 4748 τῷ
3717 4682 3829 4748 γὰρ

2251 4773 2590 4840 ἐπειγομένῳ
2617 4770 2750 4838 πρὸς
2776 4769 2873 4838 τὴν
2894 4769 3008 4821 ἀνω
3027 4767 3306 4835 διαγωγὴν
3332 4767 3614 4838 βαρυτέρα
3643 4769 3828 4836 πάσης

2251 4861 2544 4921 κολάσεως,
2577 4861 2670 4910 καὶ
2704 4857 3085 4926 δεσμωτηρίου
3116 4855 3338 4920 παντὸς,
3371 4858 3402 4925 ἡ
3434 4859 3572 4926 μετά
3598 4859 3692 4910 τοῦ
3723 4859 3825 4911 σώ-

2255 4953 2420 5021 ματός
2450 4952 2562 5003 ἐστι
2585 4949 2855 5018 διατριϐή.
2884 4967 2902 4999 ι
2931 4946 3114 4999 Ταῦτα
3143 4940 3241 5013 μὲν
3263 4947 3320 4999 ἐν
3346 4948 3427 4998 ἑνὶ
3461 4949 3602 5016 λόγῳ
3633 4951 3824 5016 φησίν.

2262 5043 2360 5095 Ἐκ
2405 5041 2498 5094 τοῦ
2545 5042 2885 5109 παρήκοντος
2930 5038 3022 5091 οὖν
3050 5036 3365 5107 δογματίζει
3407 5039 3507 5108 τὴν
3547 5042 3827 5109 πατρικὴν

2250 5124 2386 5201 ὁμου
2415 5133 2508 5185 καὶ
2535 5131 2862 5199 δεσποτικὴν
2893 5131 3020 5200 περὶ
3053 5129 3154 5198 τῆς
3184 5128 3535 5200 ἀνθρωπίνης
3560 5131 3704 5198 ζωῆς
3729 5133 3829 5183 καὶ

2255 5228 2639 5295 μεταστάσεως
2679 5224 2938 5292 πρόνοιαν
2963 5237 2976 5253 ·
3015 5224 3107 5274 καὶ
3146 5220 3280 5284 ὅλως
3312 5222 3403 5273 τὸν
3436 5219 3580 5272 θεῖον
3627 5224 3684 5273 έν
3711 5224 3828 5286 τοῖς

2251 5315 2561 5383 ἀνθρώποις
2596 5311 2926 5381 προορισμὸν
2959 5311 3052 5362 καὶ
3088 5310 3450 5376 ὑποδείγμασι
3485 5310 3580 5362 καὶ
3615 5321 3826 5380 γραφι-

2253 5411 2376 5468 καῖς
2427 5403 2733 5468 ἀποδείξεσι
2786 5401 2923 5472 μετὰ
2977 5400 3174 5469 πολλῆς
3221 5398 3487 5454 δεικνύων
3541 5402 3825 5468 σπουδῆς;

2254 5501 2444 5553 Καίτοι
2477 5516 2562 5566 γε,
2588 5500 2633 5550 εἱ
2659 5499 2792 5566 πρὸς
2841 5494 3222 5561 ἀντιλέγοντας
3249 5496 3490 5545 ἐποιεῖτο
3517 5493 3610 5545 τὸν
3637 5495 3826 5559 λόγον,

2254 5587 2392 5652 εἶδες
2428 5589 2493 5641 ἂν
2526 5589 2708 5639 πᾶσαν
2738 5583 2834 5654 τὴν
2857 5581 3250 5652 ίεράνΓραφὴν
3271 5583 3434 5634 αὑτὸν
3463 5585 3824 5653 ἐπιφέροντα.

2265 5680 2426 5735 Ἀλλὰ
2475 5681 2565 5732 καὶ
2603 5673 2879 5743 πανταχοῦ
2924 5673 3032 5727 τῶν
3079 5673 3242 5725 αὑτοῦ
3293 5673 3488 5739 λόγων,
3531 5674 3827 5742 προδιατε-

2252 5772 2520 5842 τλγμένον
2555 5770 2609 5823 ὲν
2634 5767 2881 5828 ἑκάστοις
2911 5763 3009 5832 τῆς
3031 5763 3172 5833 ζωῆς
3195 5761 3429 5828 τὸτέλος
3466 5763 3622 5818 καλεῖ
3645 5781 3656 5795 ·
3697 5766 3824 5832 κάν-
