3986 6328
183 290 289 354 545
506 348 525 372 ε
831 319 835 324 -
1165 285 1529 348 EPISTOLA
1570 287 1665 348 DE
1727 288 2472 351 PREDESTINATIONE.
3316 305 3418 373 546

175 406 366 460 τεῦθεν
397 408 557 461 ἄνισα
599 409 692 462 καὶ
725 409 978 478 ἀνόμοιακ
993 405 1240 474 γίνεσθαι
1291 406 1404 466 τοῖς
1433 404 1721 475 ἀνθρώποις

1846 411 2176 480 properanti,
2220 412 2434 479 gravior
2479 420 2560 466 est
2611 413 2756 466 omni
2803 412 3068 482 supplicio
3131 423 3184 469 et
3227 426 3421 485 quovis

103 544 115 553 .
173 499 270 552 τοῦ
308 499 427 569 βίου
461 501 530 553 τά
575 502 811 571 πέρατα,
844 500 983 553 κατά
1011 499 1107 561 τὰς
1137 497 1266 568 περ)⁸
1298 496 1529 550 ἕκαστον
1558 495 1721 565 διαφό

1849 515 2067 556 carcere
2105 502 2462 556 commoratio
2492 505 2544 557 in
2599 518 2849 572 corpore.
2883 524 2900 555 ι
2937 505 3056 559 llzec
3086 516 3234 563 certe
3265 524 3422 563 enar-

176 607 306 657 ρους
340 594 433 646 καὶ
481 595 609 664 ήμῖν
653 592 1007 662 ἀνεννοήτους
1055 589 1147 643 τοῦ
1197 588 1342 642 θείου
1395 588 1714 657 οἰκονομίας

1851 604 1929 646 rat
1972 597 2024 645 in
2056 592 2287 659 quodam
2318 603 2570 647 tractatu.
2610 597 2690 647 Au
2737 597 2833 648 alis
2865 611 2922 649 re
2954 597 3117 665 igitur
3149 600 3420 669 negligen-

173 681 336 737 ἄνισα
366 685 465 753 μὲν
484 684 626 738 κατὰ
651 684 742 738 τὸν
773 684 964 755 χρόνον
985 682 1250 754 δηλονότι,
1277 682 1508 752 ἀνόμοια
1528 680 1584 733 δὲ
1609 682 1721 733 κατέ

1855 691 2044 751 terque
2071 682 2236 738 doeet-
2291 684 2685 753 providentiam
2725 696 2999 759 paternam
3042 688 3200 742 simul
3230 705 3294 743 ac
3322 682 3443 745 do?

173 779 266 830 τδν
295 778 520 846 τρόπον.
555 769 726 831 Λῦται
750 776 925 843 λέξεις
960 775 1194 830 ικείνου.

1854 773 2132 833 minicam,
2157 772 2225 827 de
2270 774 2379 828 vita
2413 774 2649 829 humana
2680 784 2732 830 et
2761 776 3152 848 demigratione
3183 780 3249 834 ab
3282 781 3374 834 illa
3402 824 3417 848 ,

171 883 297 923 cum
327 870 550 925 omnino
577 869 819 924 divinam
854 869 906 922 in
954 867 1265 923 hominibus
1326 864 1857 937 priedestinationcm
1918 872 2031 918 tum
2085 865 2370 934 exemplis,
2415 875 2527 921 tum
2588 867 2922 936 eloquiorum
2985 885 3264 926 sacrorum
3318 888 3419 927 au'

173 963 428 1016 etoritate
479 978 672 1033 magna
716 938 1334 1032 diligentia'studioque
1379 947 1737 1029 comprobet?
1783 957 1929 1023 Quin
1962 958 2127 1014 etiam
2159 961 2202 1014 si
2227 961 2294 1014 ad
2323 971 2682 1032 repugnantes
2711 978 2776 1018 ac
2837 948 3191 1025 refracmrios
3249 972 3416 1026 verba
3496 1027 3499 1030 .

175 1055 399 1120 faceret,
438 1056 652 1111 videres
693 1056 872 1126 ipsum
931 1065 1097 1112 totam
1149 1055 1487 1124 Scripturam
1532 1069 1742 1108 sacram
1769 1053 2058 1110 adducere.
2083 1053 2203 1109 Jam
2261 1071 2388 1111 vero
2447 1057 2648 1127 ubique
2675 1059 2999 1129 scriptorum
3029 1045 3254 1118 suorum
3284 1084 3418 1134 prae.

170 1150 423 1204 stitutum
457 1148 510 1204 in
539 1150 769 1220 singulis
803 1150 924 1204 vita:
952 1150 1161 1205 exitum
1191 1150 1462 1218 appellat;
1491 1144 1830 1217 proindeque
1889 1146 2188 1219 inaequales
2236 1165 2300 1204 ac
2375 1149 2668 1208 dissimiles
2728 1156 3024 1219 usuvenire
3102 1159 3418 1216 hominibus

170 1241 294 1294 vitae
323 1241 873 1303 limites,'secundum
905 1241 1215 1297 diﬂerentes
1263 1256 1364 1296 nec
1397 1243 1497 1296 sub
1543 1237 1956 1309 intelligentiam
2029 1253 2286 1294 nosuam‘
2323 1244 2580 1299 cadentes
2628 1244 2792 1301 divini
2843 1248 3084 1303 numinis
3137 1250 3420 1318 dispensa-

173 1333 382 1395 tioncs,
420 1333 712 1401 inzequales
768 1332 1007 1401 quidem,
1045 1335 1255 1387 ratione
1303 1334 1562 1389 nimirum
1616 1329 1900 1398 temporis,
1954 1329 2248 1387 dissimiles
2311 1342 2494 1387 autem
2558 1334 2740 1390 modo.
2802 1338 2979 1406 Atque
3037 1340 3150 1396 bme
3212 1331 3418 1410 ipsissi-

169 1441 256 1478 ma
289 1423 532 1480 auctoris
561 1425 703 1480 dicta
742 1440 1009 1493 sensaqne
1033 1435 1185 1486 sunt.

238 1515 364 1567 Ὀτι
397 1515 497 1583 μὲν
526 1511 617 1569 οὖν
641 1516 738 1569 οὐκ
763 1517 826 1570 ἐκ
848 1517 939 1570 τοῦ
963 1518 1303 1585 παρήκοντος
1331 1517 1515 1586 ἔλεγεν
1546 1515 1721 1570 ἐκεῖνα

1912 1509 2035 1564 llrcc
2071 1510 2332 1565 duntaxat
2371 1509 2464 1566 tibi
2501 1510 2790 1578 suliiciant,
2817 1513 3015 1583 quibus
3050 1513 3256 1584 liquido
3287 1530 3419 1570 con-

163 1606 234 1658 τὰ
268 1605 484 1674 πρῶτα,
534 1606 667 1659 ἀλλά
702 1606 997 1677 προῦργου,
1034 1610 1126 1661 καὶ
1174 1609 1250 1670 ὡς
1292 1607 1433 1662 οὕτω
1491 1610 1721 1677 φρονῶν,

1839 1611 1943 1658 stat
1977 1601 2232 1655 Basilium
2266 1602 2520 1670 superius
2555 1604 2684 1657 illud
2713 1605 3046 1673 propositum
3079 1621 3188 1659 non
3225 1608 3322 1661 abs
3354 1622 3414 1662 re

163 1697 412 1764 ἀρκείτω
445 1712 528 1749 σοι
559 1697 755 1751 ταῦτα.
799 1696 956 1750 Ἀλλὰ
1008 1699 1111 1767 μὴν
1141 1700 1232 1750 καὶ
1281 1699 1445 1762 ἀξίως
1471 1700 1569 1766 τῆς
1601 1717 1721 1752 ’παν¹

1842 1692 2076 1746 animive
2107 1700 2310 1746 tantum
2339 1707 2527 1756 causa,
2554 1694 2646 1748 sed
2678 1694 2930 1750 consulto
2971 1703 3023 1748 et
3053 1709 3117 1748 ex
3151 1710 3252 1750 usu
3287 1710 3410 1761 pro-

163 1788 320 1849 τοίας
354 1787 546 1854 σοφίας
573 1787 740 1841 αὑτοῦ
777 1788 867 1841 καὶ
907 1787 1283 1858 μεγαλονοίας,
1320 1791 1529 1842 καὶτοῦ
1563 1790 1721 1857 φωτί·

1848 1784 2062 1847 tulisse,
2093 1783 2349 1854 quodque
2379 1785 2448 1837 ita
2481 1785 2640 1853 plane
2676 1785 2922 1838 sentiret.
2971 1784 3236 1840 Praterca
3285 1802 3412 1842 vero

164 1875 350 1939 ζοντος
382 1879 540 1930 αὑτὸν
577 1879 911 1948 ίίνεύματος,
940 1879 1112 1943 οὕτως
1148 1881 1364 1950 ἐφρόνει
1411 1896 1470 1932 τε
1503 1881 1593 1932 καὶ
1620 1879 1729 1932 ἐδί-

161 1967 365 2021 δασκεν
403 1972 430 2023 ὁ
460 1970 639 2033 ἔνθεος
655 1971 762 2040 ,τῆς
802 1972 1126 2040 οίκουμένης
1164 1973 1410 2041 φωστὴρ.
1440 1972 1593 2042 ’ῌδει
1632 1972 1730 2041 μὲν

160 2062 269 2130 γὰρ
311 2062 370 2114 ἐν
404 2065 515 2125 τοῖς
546 2062 906 2132 ἀνθρωπίνοις
941 2064 1227 2132 πράγμασι
1262 2065 1353 2115 τὸν
1393 2061 1532 2116 θετον
1595 2082 1730 2117 παν-

163 2153 344 2220 σόφως
374 2153 466 2205 καὶ
496 2154 860 2221 πανταγάθως
911 2155 1236 2224 ἐνεργοῦντα
1272 2153 1635 2229 προορισμδον,
1667 2155 1726 2214 ὃς

159 2245 312 2296 ἐστιν
341 2247 372 2313 ή
413 2245 583 2308 ἀΐδιος
622 2249 678 2297 ὲν
706 2245 782 2313 τῷ
813 2246 931 2313 Θεῷ
956 2245 1106 2311 τάξις
1136 2248 1235 2314 τῆς
1284 2245 1379 2297 ἐπὶ
1419 2243 1517 2314 τὴν
1554 2262 1729 2314 μακα-

163 2335 287 2402 ρίαν
321 2336 466 2406 ζωὴν
493 2336 717 2404 ὁδηγίας
747 2335 839 2388 τοῦ
880 2336 1192 2406 ἀνθρώπου,
1228 2338 1406 2388 καίτοι
1435 2335 1728 2404 γινομένης

159 2425 218 2476 ὲν
269 2426 469 2494 χρόνῳ,
501 2425 596 2480 τοῦ
627 2427 761 2479 Θεοῦ
795 2428 1105 2495 πέμποντος
1147 2426 1310 2479 αὐτὸν
1345 2427 1435 2478 ἐπὶ
1480 2425 1571 2478 τὸν
1604 2427 1728 2493 ὅρον

161 2515 392 2576 ἐκεῖνον,
430 2517 501 2580 ὡς
533 2517 627 2571 τοῦ
673 2516 889 2582 τοξότου
923 2518 983 2590 τὸ
1032 2517 1182 2587 βέλος
1215 2516 1351 2586 πρὸς
1378 2516 1472 2569 τὸν
1503 2516 1725 2582 σκοπὸν,

159 2610 256 2660 καὶ
308 2609 639 2677 πέμποντος,
686 2609 761 2669 ὡς
809 2609 1020 2663 οἴκοθεν
1055 2610 1214 2678 μόνον
1266 2607 1650 2670 ἀδυνατοῦντα,
1679 2611 1726 2662 εί

163 2701 258 2753 καὶ
295 2701 430 2768 πρὸς
459 2702 615 2754 τοῦτο
641 2702 949 2772 γεγένηται.
995 2703 1102 2756 Καὶ
1132 2702 1218 2754 διὰ
1249 2699 1410 2753 τοῦτο
1436 2702 1532 2763 τὰς
1564 2701 1724 2752 ἀσθε-

162 2791 311 2848 νεία;
351 2793 444 2843 καὶ
480 2791 579 2856 τὰς
622 2791 887 2861 ἐλλείψεις
915 2796 1033 2854 ταῖς
1065 2794 1191 2863 περὶ
1229 2794 1327 2862 τὴν
1371 2791 1518 2862 ζωὴν
1550 2792 1728 2844 ποικί-

160 2882 284 2945 λαις
311 2884 652 2952 οἰκονομίαις
699 2883 888 2950 αὐτοῦ,
936 2883 1031 2938 καὶ
1061 2883 1160 2952 τὴν
1206 2881 1464 2952 τελευτὴν
1493 2883 1724 2950 ίωμένου

159 2971 255 3024 καὶ
287 2971 681 3042 Θεραπεύοντος
710 2973 775 3026 δι’
808 2972 988 3036 ἐλέους
1016 2972 1337 3043 ὑπερϐολήν.
1370 2991 1388 3023 ι
1429 2973 1504 3025 Οὐ
1534 2973 1641 3040 γὰρ
1667 2971 1726 3036 ἐξ

1835 1891 1932 1944 pro
1966 1875 2223 1942 dignitate
2251 1876 2416 1931 etiam
2443 1876 2622 1932 omnis
2653 1877 2863 1946 generis
2889 1877 3171 1941 doctrina,
3203 1893 3266 1932 ac
3294 1895 3407 1933 ma~

1840 1967 2139 2037 gnitudinis
2168 1968 2331 2022 animi
2371 1969 2579 2024 ratione
2609 1985 2712 2037 qua
2746 1971 3005 2039 praeditus
3047 1971 3147 2024 fuit
3184 1973 3265 2025 vir
3288 1983 3411 2026 lau-

1838 2066 1952 2120 tus,
1982 2067 2036 2111 et
2063 2072 2160 2126 pro
2196 2058 2472 2127 majestate
2500 2059 2738 2127 Spiritus
2765 2076 2874 2128 quo
2916 2061 3309 2128 illustrabatur,
3337 2064 3410 2116 ita

1844 2160 1895 2203 et
1924 2150 2096 2204 sensit
2128 2157 2181 2201 et
2207 2148 2410 2215 docuit,
2446 2149 2677 2205 Numine
2707 2153 2946 2204 alllatum
2981 2152 3082 2206 hoc
3119 2155 3269 2208 orbis
3296 2160 3408 2209 ter-

1830 2254 2008 2293 rarum
2041 2241 2240 2295 lumen.
2283 2240 2571 2297 Enimvero
2616 2244 2666 2296 in
2702 2243 2953 2312 humanis
2981 2244 3141 2300 rebus
3168 2246 3406 2302 divinam

1833 2331 2361 2400 praedestinationem
2394 2334 2793 2401 sapientissime
2823 2334 3132 2403 optimeque
3173 2350 3408 2403 operan-

1840 2431 1946 2476 tem
1978 2436 2239 2490 noverat;
2289 2439 2412 2494 qu,a2
2436 2425 2804 2495 sempiternus
2830 2436 2914 2481 est
2945 2427 3080 2481 ordo
3114 2426 3168 2479 in
3204 2428 3310 2481 Deo
3341 2428 3406 2481 ad

1832 2515 2206 2570 deducendum
2257 2516 2533 2571 hominem
2569 2517 2633 2571 ad
2672 2518 2882 2571 beatam
2916 2517 3081 2572 vitam
3130 2537 3144 2572 :
3191 2520 3408 2575 tametsi

1765 2619 1772 2625 '
1829 2619 1890 2659 ea
1924 2605 2174 2660 deductio
2205 2606 2294 2660 tiat
2323 2607 2374 2660 in
2399 2616 2656 2675 tempore,
2696 2623 2820 2662 cum
2850 2607 2994 2664 Deus
3040 2609 3202 2676 mittit
3235 2609 3408 2664 homi-

1829 2695 2047 2750 nem‘ad
2079 2710 2198 2750 eum
2233 2696 2479 2763 limitem,
2513 2706 2569 2750 ut
2615 2699 2927 2767 sagittarius
2976 2699 3137 2752 telum
3176 2701 3242 2754 ad
3295 2717 3406 2756 me-

1831 2798 1963 2842 tam.
1994 2785 2228 2856 ideoque
2275 2788 2462 2853 mittit,
2515 2787 2657 2857 quod
2695 2788 2914 2842 'viribns
2949 2798 3155 2843 tantum
3186 2791 3302 2847 suis
3336 2807 3407 2848 eo

1828 2877 2112 2947 pervenire
2162 2887 2411 2945 nequeat,
2455 2877 2668 2932 etiamsi
2716 2879 2780 2932 ad
2829 2879 2880 2932 id
2931 2890 3090 2934 natus
3132 2882 3218 2934 sit.
3259 2881 3404 2937 Idem

1831 2978 2108 3040 propterea
2141 2968 2483 3024 inﬁrmitates
2511 2979 2565 3023 et
2588 2969 2832 3026 defectus
2855 2974 3020 3027 variis
3048 2976 3190 3029 circa
3233 2978 3398 3028 vitam

157 3063 342 3130 ἔργων
392 3063 757 3135 δικαιοσύνης,
793 3059 868 3119 ὧν
918 3066 1078 3135 ἡμεῖς
1123 3065 1481 3135 ἐποιήσαμεν,
1508 3066 1538 3117 ὁ
1586 3063 1721 3125 θεῖός

1833 3071 1884 3116 ει
1933 3062 2139 3117 obitum
2192 3061 2688 3129 dispensationibus’
2723 3072 2880 3118 sanat
2914 3074 2964 3118 et
3010 3074 3162 3119 curat
3193 3068 3402 3123 miseri-

160 3167 330 3221 φησιν
352 3151 695 3218 Ἀπόστο).ος,
720 3153 851 3206 ἀλλὰ
876 3156 1014 3208 κατά
1041 3153 1133 3207 τὸν
1162 3152 1323 3207 αὑτοῦ
1352 3151 1498 3205 ῐλεον
1521 3153 1721 3207 ἔσωσεν

158 3244 332 3313 ἡμᾶς.
369 3261 388 3293 ›
428 3243 654 3297 Ἐκτοτε
691 3245 784 3297 καὶ
812 3241 930 3306 νῦν,
960 3246 1051 3297 καὶ
1077 3243 1180 3307 ἕως
1222 3243 1288 3296 ἂν
1317 3245 1349 3312 ή
1380 3243 1487 3295 τῶν
1513 3243 1723 3313 ἀνθρὼ-

159 3339 279 3389 πων
302 3335 517 3402 γένεσις
541 3333 598 3407 ᾖ,
622 3337 694 3398 ὼς
722 3332 869 3399 ἅπαξ
893 3337 1058 3406 οίκτῳ
1089 3337 1233 3404 μόνῳ
1263 3333 1466 3403 οἰκείῳ,
1495 3332 1592 3402 τὴν
1623 3334 1723 3403 τῆς

157 3425 313 3494 ζωῆς
340 3424 460 3485 ὁδὸν
491 3425 705 3488 ἀνοίξας
736 3427 894 3493 ἡμῖν.
935 3425 992 3478 ’0
1024 3425 1130 3492 γὰρ
1175 3424 1391 3477 πάντων
1424 3423 1531 3476 τῶν
1565 3440 1721 3493 ποιη-

158 3497 347 3581 μάτων
389 3513 552 3568 αὐτοῦ
589 3515 981 3584 προνοούμενος
1011 3515 1244 3580 εὐλόγως
1271 3514 1426 3579 Θεὸς,
1459 3513 1598 3566 κατὰ
1622 3514 1720 3582 τὴν

155 3607 407 3665 ἑκάστων
441 3606 597 3671 ἀξίαν
631 3607 722 3659 καὶ
754 3607 905 3671 τάξιν
932 3608 989 3658 ὲν
1015 3605 1094 3674 τῷ
1131 3610 1292 3658 παντὶ
1326 3594 1624 3676 ίδιαιτάτην
1651 3609 1717 3676 τῇ

154 3698 353 3767 λογικῇ
383 3696 540 3766 φύσει
575 3695 930 3766 χαριζόμενος
956 3696 1230 3766 πρόνοιαν,
1257 3687 1364 3763 τοῖς
1393 3695 1606 3762 δώροις,
1640 3693 1719 3758 οἷς

153 3790 328 3860 αὐτὴν
354 3790 627 3859 ἐκόσμησε
655 3789 992 3859 πρέπουσαν,
1030 3789 1122 3841 καὶ
1155 3788 1308 3852 τέλος
1344 3779 1604 3858 αὑτῇ’τοῦ
1633 3804 1720 3856 γε·

149 3883 370 3950 γονέναι
407 3887 500 3935 καὶ
531 3876 694 3944 εἶναι,
727 3879 826 3951 τὴν
867 3880 1144 3950 μακαρίαν
1173 3880 1339 3943 τάξας
1368 3880 1532 3947 ζωὴν,
1569 3881 1623 3931 έν
1653 3883 1716 3950 τῇ
1749 3930 1752 3932 ν

151 3974 442 4044 εἰλικρινεῖ
469 3975 562 4027 καὶ
591 3974 779 4043 ἀμέσῳ
807 3971 900 4025 τοῦ
948 3971 1084 4026 Θεοῦ
1108 3975 1211 4026 ικαὶ
1257 3975 1363 4025 τῶν
1395 3971 1553 4025 Θείων
1580 3971 1719 4040 γνῴ-

156 4084 239 4120 σει
267 4065 683 4135 συνισταμένην.
716 4082 734 4115 ι
767 4063 914 4133 Αὕτη
940 4064 1046 4134 γάρ
1067 4065 1200 4128 ἐστι,
1229 4066 1410 4131 φησὶν,
1437 4064 1469 4133 ή
1505 4062 1719 4126 αἰώνιος

149 4158 288 4227 ζωὴ,
324 4157 412 4210 ἵνα
436 4156 746 4224 γινώσκωσι
775 4155 835 4207 σὲ
862 4155 949 4207 τὸν
976 4154 1132 4224 μόνον
1159 4154 1410 4224 ἀληθινὸν
1439 4154 1591 4220 Θεὸν,
1624 4157 1720 4208 καὶ

149 4250 208 4304 ὃν
241 4248 574 4310 ἀπέστειλας
612 4246 815 4317 Ἰησοῦν
852 4247 1103 4316 Χριστὸν,
1142 4265 1161 4297 i
1189 4246 1454 4310 τουτέστι,
1503 4247 1570 4299 τὰ
1620 4249 1718 4315 τῆς

151 4340 437 4408 θεολογίας
477 4340 573 4393 καὶ
604 4340 914 4408 οἰκονομίας
940 4338 1248 4408 ἀπόρρητα,
1290 4339 1324 4391 ἃ
1352 4339 1443 4390 νῦν
1472 4341 1529 4390 ἐν
1561 4340 1716 4391 ἐσόπ-

1833 3152 2032 3206 cordia:
2065 3165 2177 3204 suae
2231 3151 2619 3205 immensitate.
2672 3170 2690 3202 ι
2726 3151 2842 3206 Non
2870 3153 3012 3210 enim
3049 3172 3111 3208 ex
3144 3158 3400 3225 operibus

1822 3243 2060 3313 justitize,
2081 3257 2200 3312 quae
2222 3257 2321 3301 nos
2345 3243 2589 3309 fecimus,
2607 3243 2804 3314 (inquit
2827 3247 3052 3300 divinus
3065 3247 3400 3315 Apostolus),

1826 3332 1923 3396 sed
1954 3333 2248 3387 secundum
2289 3334 2716 3390 misericordiam
2763 3352 2916 3400 suam
2962 3339 3140 3392 salvos
3172 3355 3269 3394 nos
3319 3340 3400 3394 fe-

1826 3423 1919 3476 cit.
1961 3441 1980 3473 ι
2032 3422 2114 3476 Ab
2154 3424 2300 3477 omni
2335 3439 2470 3491 aevo,
2503 3427 2664 3479 etiam
2714 3442 2880 3492 nunc,
2935 3438 2988 3483 et
3026 3431 3262 3498 qnandiu
3304 3431 3401 3486 bo-

1827 3500 2042 3564 minum.
2061 3513 2334 3580 generatio
2357 3515 2666 3569 constiterit
2698 3532 2712 3568 :
2755 3528 2811 3570 ut
2853 3519 2944 3582 qui
2976 3501 3141 3571 semel
3174 3524 3402 3574 commi-

1827 3603 2099 3657 seratione
2137 3604 2249 3657 sola
2279 3605 2607 3674 propriaque
2640 3609 2762 3661 vitm
2803 3607 2944 3660 viam
2976 3608 3134 3664 nobis
3165 3613 3400 3678 aperuit.

1824 3691 2034 3745 Etenim
2061 3693 2150 3761 qui
2173 3693 2427 3749 omnibus
2453 3695 2568 3750 suis
2595 3697 2850 3762 Operibus
2877 3697 3070 3752 rationi
3099 3714 3402 3768 congruen-

1824 3796 1906 3838 ter
1934 3785 2196 3855 providet,
2237 3801 2334 3858 pro
2360 3787 2696 3858 singulorum
2734 3789 2995 3859 dignitate
3019 3798 3071 3842 et
3096 3791 3309 3856 ordine,
3342 3792 3394 3846 in

1821 3874 1966 3932 omni
2010 3878 2193 3944 utique
2220 3879 2562 3946 ,peculiarem
2620 3882 2858 3935 maxime
2901 3881 3151 3934 rationali
3187 3890 3397 3938 naturae

1821 3968 2215 4036 providentiam
2251 3969 2527 4038 largiendo
2561 3969 2885 4025 muneribus
2921 3973 3123 4040 quibus
3151 3988 3269 4026 eam
3305 3973 3399 4028 de-

1822 4061 2036 4114 coravit
2066 4060 2355 4129 insignem,
2391 4060 2603 4130 ipsique
2653 4062 2954 4116 constituto
3002 4063 3104 4117 line
3137 4065 3399 4119 nascendi

1819 4160 1873 4205 et
1903 4151 2198 4205 exsistcndi
2223 4152 2274 4203 in
2301 4152 2457 4204 beata
2486 4152 2614 4217 vita,
2641 4167 2759 4218 quae
2791 4155 3024 4217 sincera,
3043 4169 3174 4222 pura
3211 4156 3400 4207 imme-

1821 4241 2071 4308 diataque
2107 4240 2201 4294 Dei
2232 4249 2284 4294 et
2323 4255 2504 4295 rerum
2537 4242 2842 4296 divinarum
2882 4244 3190 4311 cognitione
3222 4244 3397 4297 consi-

1819 4331 1934 4383 stit.
1972 4349 1991 4383 ι
2034 4329 2158 4384 Hatc
2186 4331 2329 4385 etiim
2365 4341 2469 4395 est,
2533 4332 2731 4401 inquit,
2770 4343 2970 4387 aeterna
3019 4335 3162 4399 vita,
3213 4344 3272 4389 ut
3305 4351 3399 4389 θοαί

148 4448 264 4504 τρῳ
323 4434 420 4485 καὶ
475 4430 757 4498 αίνίγματι
799 4429 1086 4498 βλέπουσιν
1118 4431 1164 4481 οἱ
1206 4431 1576 4492 πιστεύοντες’
1622 4431 1718 4481 αὑ-

1823 4431 2087 4490 gnoseant
2115 4432 2165 4474 te
2197 4423 2371 4476 solum
2420 4437 2608 4477 verum
2662 4424 2853 4490 Deum,
2896 4434 2948 4479 et
2990 4441 3150 4495 quem
3200 4426 3395 4482 misisti

145 4525 243 4588 τὸς
267 4523 407 4594 αὐτῇ
446 4522 535 4575 τὸν
561 4522 693 4590 ’ὅρον
726 4522 927 4573 ἐκεῖνον
959 4519 1162 4589 τίθησι,
1199 4523 1292 4573 καὶ
1325 4521 1383 4572 τὸ
1413 4521 1582 4586 τέλος,
1621 4522 1717 4575 καὶ

143 4614 239 4668 τὸν
283 4611 509 4680 σκοπὸν,
539 4613 751 4676 οὐδενὸς
777 4612 888 4675 τῶν
922 4613 1110 4678 όντων,
1143 4613 1262 4665 οὐδὲ
1312 4613 1527 4666 πάντων
1585 4613 1717 4682 ὁμοῦ

147 4706 314 4762 τοῦτό
343 4723 407 4774 γε
433 4706 766 4775 δυναμένων,
803 4705 963 4766 αὐτὸς
993 4709 1088 4756 καὶ
1121 4704 1255 4771 πρὸς
1284 4705 1488 4758 ἐκεῖνον
1521 4703 1716 4773 ὁρίζει.

147 4799 212 4852 El.
239 4799 354 4868 γὰρ
392 4797 487 4852 καὶ
517 4799 638 4867 ὅρος
663 4777 831 4862 αὐτῆς
876 4795 1043 4861 ἐστιν,
1087 4794 1229 4878 οῦτω
1260 4794 1337 4863 τῷ
1388 4794 1504 4862 Θεῷ
1536 4795 1715 4860 δόξαν,

145 4891 266 4946 ἀλλ’
319 4885 626 4958 ὑπερφυὴς,
660 4887 754 4940 καὶ
801 4887 974 4957 ὁρίζει
1031 4886 1324 4953 συγκινῶν,
1361 4885 1453 4963 κα)
1506 4886 1716 4938 οἴκοθεν

145 4981 500 5051 κινουμένην.
554 4979 668 5049 Τὴν
719 4980 828 5048 γὰρ
875 4978 1265 5048 προαιρετικὴν
1299 4976 1432 5048 αὐτῇ
1487 4977 1736 5047 δύναμιν-

143 5076 406 5138 δίδωκεν,
437 5070 511 5134 ὡς
553 5069 812 5123 δύνασθαι
843 5069 933 5122 καὶ
978 5069 1184 5121 οἴκοθεν
1216 5068 1349 5136 πρὸς
1394 5069 1598 5119 ἐκεῖνον
1627 5069 1714 5120 κι-

143 5169 359 5221 νεῖσθαι
391 5161 530 5233 μετὰ
554 5162 650 5230 τῆς
675 5160 876 5215 ἄνωθεν
902 5159 1144 5228 ὁδηγίας,
1174 5158 1383 5228 ὁδηγῶν
1409 5158 1502 5211 ἐπὶ
1533 5157 1709 5223 τοῦτο,

144 5251 519 5320 συνεπωοῶν,
535 5247 677 5304 λύων
707 5252 802 5311 τὰς
845 5249 1183 5320 δυσχερείας,
1217 5247 1707 5317 ἐπιφέρων-ἄλλας,

142 5343 250 5394 κᾶν
298 5341 404 5410 δέῃ
458 5315 597 5409 τῷδς
645 5315 976 5408 γυμνασίαν,
1019 5315 1712 5413 παραχωρῶνήὺπονοστεῖν

142 5430 234 5484 ἐπὶ
282 5428 360 5499 τῷ
397 5427 752 5498 συμφέροντι,
807 5423 1247 5501 ὑποστρέφοντας
1299 5429 1461 5493 εὐθὺς
1511 5431 1711 5486 ὶπανά-

49 5560 53 5564 ν
140 5533 277 5588 γων,
309 5511 666 5591 πᾶρακαλῶν,
697 5519 894 5574 θλίϐων
922 5517 1012 5585 αὖ,
1036 5522 1238 5576 ὁπόταν
1269 5520 1543 5576 καὶτοῦτο
1575 5531 1713 5593 σομ-

141 5614 306 5682 φέρῃ,
336 5614 406 5664 τὶ
441 5611 545 5680 μὲν
583 5611 815 5680 ἀφανῶς,
840 5607 909 5666 τά
933 5614 987 5666 δὲ
1017 5601 1110 5667 καὶ
1138 5613 1417 5683 προδήλως
1446 5615 1554 5679 τοῖς
1582 5617 1706 5694 ⁴περὶ

143 5701 320 5756 ταῦτα.
371 5701 738 5772 προσέχουσι·
771 5695 862 5781 καὶ
905 5704 970 5758 τὰ
1012 5705 1112 5774 μὲν
1149 5703 1367 5774 ἀμέσως
1398 5705 1462 5756 δι’
1512 5705 1704 5760 ἑαυτοῦ

1824 4511 2006 4566 Jesum
2033 4512 2362 4568 Christuma
2403 4513 2527 4568 Hcce
2552 4507 2678 4569 sunt
2714 4517 2995 4585 theologia:
3029 4529 3080 4571 et
3109 4519 3396 4588 dispensa-
3442 4553 3450 4557 -

1827 4603 1990 4659 tionis
2032 4619 2399 4674 arcana,quze
2435 4622 2574 4662 nunc
2625 4608 2677 4661 in
2733 4611 2953 4676 speculo
3010 4621 3061 4663 et
3113 4614 3398 4681 muigmale

1824 4696 2350 4778 credentcsvident;
2400 4698 2508 4764 ille,
2563 4699 2802 4767 inquam,
2840 4703 2959 4769 ipse
3015 4702 3157 4754 hunc
3203 4705 3418 4757 statuit‘

1761 4787 1776 4800 ‘
1829 4788 2121 4841 terminum
2157 4798 2210 4842 et
2265 4788 2424 4844 ﬁnem
2463 4799 2515 4843 et
2563 4805 2811 4859 scopum,
2849 4805 2970 4846 cum
3028 4793 3161 4847 nihil
3208 4811 3397 4850 eorum

1825 4893 1947 4946 qum
1981 4887 2125 4944 sunt,
2157 4893 2257 4933 nec
2288 4880 2472 4933 omnia
2509 4880 2670 4934 siutul
2715 4882 2818 4938 hoc
2864 4895 3122 4952 praestare
3154 4899 3396 4956 queant;

1823 4970 1939 5038 ipse
1966 4972 2127 5025 etiam
2162 4972 2228 5024 ad
2258 4971 2408 5025 illum
2447 4970 2647 5026 dilﬁnit
2669 4989 2684 5026 :
2709 4989 2831 5027 nam
2855 4978 3103 5043 quamvis
3132 4980 3398 5036 terminus

1820 5061 1938 5131 ejus
1964 5062 2053 5123 sit,
2085 5063 2304 5130 quando
2336 5063 2412 5117 ita
2449 5061 2558 5118 Deo
2587 5065 2766 5119 visum
2818 5075 2924 5129 est,
2978 5067 3280 5124 immensus
3317 5081 3397 5125 ta-

1822 5169 1942 5208 men
1973 5156 2448 5224 exsuperansque,
2502 5165 2555 5211 et
2603 5157 2950 5221 determinat.
3006 5164 3398 5216 commovendo

1819 5244 1982 5299 etiam
2029 5244 2096 5308 ab
2126 5245 2340 5308 origine
2384 5257 2711 5302 commotam
2752 5249 2885 5304 :sed
2918 5252 3083 5305 etiam
3115 5237 3395 5307 electivam

1820 5337 1918 5407 ipsi
1947 5336 2241 5407 potentiam
2272 5341 2580 5404 concessit,
2606 5350 2666 5393 ut
2702 5342 2875 5409 possit
2903 5350 3155 5412 tanquam
3179 5360 3209 5398 e
3236 5343 3398 5399 domo

1818 5427 1884 5481 ad
1923 5425 2075 5480 illum
2111 5425 2242 5480 cieri
2280 5441 2402 5481 cum
2439 5428 2862 5484 mauuductione
2889 5430 2959 5484 ab
2989 5433 3117 5498 alto,
3159 5431 3296 5485 viam
3331 5435 3394 5488 ad

1817 5520 1920 5574 ii‘oc
1971 5519 2262 5585 muniens,
2311 5522 2686 5590 compellens,
2748 5522 3092 5578 dilliculiates
3145 5527 3396 5592 solvens,

1817 5609 2056 5680 aliasque
2080 5609 2380 5678 inducens;
2422 5611 2584 5665 etiam
2611 5614 2657 5668 si
2688 5628 2826 5680 opus
2856 5614 2946 5675 sit,
2974 5613 3038 5667 ad
3071 5617 3396 5670 exercitium

1818 5701 2121 5761 decedendo
2160 5704 2375 5772 reverti,
2416 5705 2769 5761 emolumenti
2795 5707 2962 5775 gratia
2988 5721 3002 5774 ;
3027 5693 3182 5762 'divei
3201 5717 3394 5772 tenes.
