3986 6328
574 341 672 410 551

1613 332 1770 408 ,GEN
1781 332 1958 393 NADI
1975 333 1998 393 Ι
2027 332 2138 394 CP.
2178 331 2687 396 PATRIARCH/‘E

475 457 497 466 '
573 449 830 515 videntia,
870 461 974 517 qua
1008 445 1332 516 prospicitur
1380 445 1507 509 illis,
1536 445 1736 500 nullam
1772 446 1885 502 fere
1915 464 2130 517 compa-
2160 455 2178 505 ,Α

2283 433 2535 517 dum,
2571 467 2589 499 «
2612 447 2672 500 '0
2699 448 2902 516 Κύριος
2921 445 3135 508 ἔδωκεν,
3164 446 3192 498 6
3213 444 3413 512 Κύριος
3435 443 3706 512 ἀφείλετο,
3731 446 3798 506 ὡς
3880 433 3887 478 ’·

3705 326 3799 388 5ἷηῖ

575 541 843 604 rationem
894 535 1090 611 habeat
1173 549 1297 588 cum
1354 534 1690 603 providentia
1740 551 1844 603 qua
1907 537 2144 591 consulit

2283 542 2325 611 ᾦ
2359 540 2549 610 Κυρίῳ
2601 538 2797 604 ἔδοξεν,
2828 537 2969 590 οὕτω
2998 538 3092 590 καὶ
3138 537 3377 604 ἐγένετοο
3418 553 3437 586 ›
3464 535 3589 603 εἰκῆ
3634 536 3688 588 δὲ
3716 537 3800 586 καὶ

575 627 931 684 hominibus:
964 608 1193 678 ut'hanc
1229 633 1434 678 tantum
1468 622 1550 678 fas
1584 639 1645 678 ac
1679 640 1900 680 necesse
1922 627 1992 680 sit
2023 643 2147 682 vere

579 716 970 787 providentiam
1007 721 1061 769 ct
1094 729 1278 768 curam
1308 713 1544 767 divinam
1570 709 1791 784 'Optimo
1822 717 1943 784 jure
1969 717 2148 784 appel-

581 809 701 861 lari.
739 805 832 859 llis
861 814 1040 858 autem
1074 802 1321 866 sublatis,
1350 812 1407 855 ut
1435 803 1632 856 dictum
1677 813 1778 866 cst,
1813 812 2014 858 temere
2047 803 2150 859 Job

584 898 910 956 laudaretur,
935 896 1060 948 dum
1088 895 1183 954 ait,
1215 911 1234 945 «
1268 894 1528 948 Dominus
1554 893 1721 960 dedit,
1744 896 2004 950 Dominus
2031 897 2152 950 abs-
2199 913 2205 917 ·

587 991 709 1044 tulit
752 998 850 1042 :ut
887 988 1113 1041 Domino
1142 989 1316 1041 visum
1347 994 1450 1050 est,
1484 987 1558 1041 ita
1586 987 1781 1043 factum
1815 998 1914 1046 est.
1961 1008 1978 1041 ›
2011 989 2150 1045 Fru-

584 1093 696 1136 stra
741 1081 902 1134 etiam
954 1078 1120 1133 David
1178 1080 1430 1135 laudibus
1460 1079 1807 1135 extolleretur
1833 1081 2071 1150 quotidie
2101 1082 2153 1136 in

585 1172 848 1235 ecclesiis,
872 1172 963 1240 qui
993 1170 1046 1225 in
1081 1169 1334 1226 omnibus
1354 1173 1521 1244 ferme
1547 1171 1765 1240 psalmis
1792 1173 1904 1227 suis
1921 1173 2155 1226 divinam

2249 632 2417 687 Aa6‘t6
2443 635 2583 697 πάνυ
2613 632 2840 699 τιμᾶται
2873 628 2996 681 καθ’
3023 628 3236 698 ἡμέραν
3270 629 3328 678 ιν
3357 626 3694 697 ἐκκλησίαις,
3724 626 3801 677 διὰ

2257 721 2472 774 πάντων
2495 718 2661 771 αὑτοῦ
2689 718 2792 770 τῶν
2813 717 3038 786 ψαλμῶν
3057 717 3244 786 ⁵σχεδὸν
3271 715 3361 766 τὸν
3385 715 3528 768 θεῖον
3555 717 3802 784 ἀνυμνῶν

2249 812 2342 864 καὶ
2396 794 2677 879 κηρύττων
2734 810 3088 879 προορισιὸν,
3142 808 3243 862 οὐκ
3297 811 3391 880 ,ἐφ’
3446 809 3659 876 ἑκάστῳ
3715 809 3803 876 μό-

2252 920 2339 955 νον
2355 901 2626 972 ἀνθρώπῳ
2644 901 2844 967 λέγων·
2891 901 3044 961 «Tot;
3063 899 3309 965 ἀγγέλοις
3336 897 3497 950 αὐτοῦ
3523 899 3805 951 ἐντελεῖται

2254 995 2383 1062 περὶ
2415 994 2508 1046 σοῦ
2549 1012 2567 1046 ι
2605 994 2696 1046 καὶ
2731 994 2796 1044 τὰ
2827 991 2974 1060 ἑξῆς,
3011 991 3144 1044 ἀλλά
3170 989 3262 1043 καὶ
3292 989 3502 1043 ἔθνεσιν
3531 992 3691 1057 ὅλοις,
3723 994 3806 1043 καὶ

2265 1084 2588 1163 συνοικίαις,
2628 1083 2721 1136 καὶ
2770 1082 3011 1145 πόλεσιν,
3060 1080 3257 1162 Ἡσαΐᾳ
3287 1080 3592 1150 συμφώνως
3622 1083 3715 1134 καὶ
3740 1081 3809 1149 τῷ

2269 1175 2468 1243 Ἀμώς·
2485 1173 2561 1242 τῷ
2582 1173 2677 1244 μὲν
2694 1173 2957 1238 λέγοντι.ι
2978 1173 3038 1226 'O
3062 1173 3226 1225 ποιῶν
3243 1173 3487 1243 εἰρήνην,
3506 1174 3598 1226 καὶ
3620 1174 3809 1237 κτίζων

589 1266 826 1320 celebrat
875 1274 928 1322 ct
967 1264 1222 1331 praedicat
1291 1263 1838 1333 praedestinationem,
1869 1280 1990 1319 cum
2049 1282 2158 1320 non

2283 1258 2465 1317 ἴακά·»
2500 1263 2577 1331 τῷ
2605 1265 2679 1328 δὲ,
2731 1265 2875 1315 ιΟἰκ
2899 1263 3014 1314 ἔστι
3043 1262 3209 1314 κακία
3241 1264 3296 1314 ἐν
3325 1263 3494 1318 πόλει,
3523 1264 3590 1331 ἢν
3621 1264 3810 1332 Κέριος

593 1357 884 1424 unicuique
918 1365 1126 1411 tantum
1150 1356 1369 1428 Ibomini
1397 1359 1548 1424 dicit,
1581 1375 1599 1408 «
1628 1357 1848 1424 Angelis
1872 1358 1985 1413 suis
2012 1373 2162 1412 man-

2260 1356 2358 1407 οὐκ
2375 1357 2617 1428 ἐποίησε.
2635 1373 2654 1407 ι
2695 1355 2804 1408 Καὶ
2836 1353 2987 1416 αὖθις
3005 1353 3150 1424 αὑτῷ
3165 1353 3242 1422 τῷ
3266 1353 3483 1422 Ἡσαΐᾳ,
3519 1355 3726 1406 «Πάντα
3755 1357 3812 1407 τά

580 1449 752 1528 (ιω-ξε
769 1450 834 1503 de
863 1457 937 1514 te,
959 1466 978 1500 ι
1011 1455 1068 1503 et
1096 1464 1212 1515 quae
1242 1447 1497 1518 deinceps
1523 1464 1536 1501 :
1576 1462 1759 1503 verum
1791 1448 1954 1503 etiam
1983 1448 2163 1503 natio-

2283 1445 2507 1516 )pétepa
2535 1446 2671 1516 ἔργα
2692 1431 2952 1515 είργάσω,
2981 1446 3172 1514 Κύριε,
3194 1446 3252 1500 ιν
3286 1446 3473 1515 ἡμῖν.»
3510 1446 3643 1513 Είκῆ
3677 1447 3733 1498 ὀὶ
3767 1446 3813 1499 αι

595 1541 756 1595 nibus
789 1540 913 1592 totis
943 1537 1271 1608 familiisque
1319 1550 1371 1594 et
1425 1539 1672 1595 urbibus.
1705 1539 1836 1604 Quae
1868 1541 2166 1594 coneinunt

2283 1536 2373 1590 ςῶν
2402 1537 2708 1606 ἀγγελικῶν
2737 1535 3032 1604 ταγμάτων
3072 1536 3412 1599 ὶπιστασίαι,
3445 1534 3514 1589 δι’
3549 1531 3622 1590 ὧν
3652 1537 3814 1602 ταῦτα

521 1628 527 1634 ’
596 1631 749 1684 Isaiae
775 1639 827 1684 et
849 1631 1014 1684 Amos
1044 1630 1312 1684 vaticiniis
1343 1642 1357 1683 :
1396 1629 1450 1683 in
1476 1629 1674 1700 quibus
1704 1629 1791 1684 ille
1828 1629 2048 1699 quidem
2085 1629 2162 1684 di-

2283 1626 2726 1698 5πηρετουμένων
2753 1629 2872 1706 ταῖς
2905 1621 3084 1690 θείαις
3127 1627 3326 1696 ψήφοτς
3349 1627 3594 1682 ἀνύεται.
3621 1627 3726 1680 Τοῦ
3766 1629 3812 1682 δὲ

596 1722 690 1788 cit,
715 1721 844 1787 «Qui
872 1735 1057 1788 pacem
1079 1720 1276 1775 facitet
1298 1730 1445 1776 creat
1469 1721 1641 1787 mala;
1666 1739 1684 1772 ι
1718 1723 1806 1776 hic
1827 1737 1974 1787 vero,
2009 1740 2027 1773 «
2048 1720 2164 1776 Non

2283 1719 2472 1787 Κυρίου
2521 1719 2680 1789 ἡμῶν
2718 1718 2893 1787 Ἰησοῦ
2920 1718 3187 1786 λέγοντος,
3218 1719 3349 1771 ὅτιί
3371 1719 3523 1772 Ἀντυ
3556 1718 3650 1772 τοῦ
3682 1719 3811 1772 θείου

596 1821 680 1865 est
718 1812 916 1865 malum
950 1812 1002 1865 in
1035 1812 1275 1878 civitate,
1315 1813 1460 1882 quod
1497 1812 1642 1868 Deus
1676 1829 1780 1870 non
1818 1814 2057 1870 fecerit.»
2094 1815 2168 1867 Ae

2283 1808 2574 1882 θελήματος
2602 1807 2724 1861 οὐδὲ
2766 1806 2887 1878 θρὶξ
2921 1808 2984 1860 ὲκ
3010 1809 3105 1875 τῆς
3135 1807 3290 1875 ἡμῶν
3335 1807 3632 1860 ἀπόλλυται
3662 1825 3815 1875 step:-

599 1918 789 1957 rursus
825 1903 966 1970 apud
1023 1903 1217 1958 Isaiam
1257 1905 1533 1969 scribitur,
1569 1921 1586 1956 «
1621 1903 1811 1960 Omnia
1865 1921 2025 1975 opera
2068 1921 2168 1959 no-

599 2007 710 2047 stra
746 2001 998 2060 operatus
1027 2007 1106 2058 es,
1139 1993 1382 2059 Domine,
1418 1995 1588 2048 nobis.
1631 2015 1650 2048 ι
1687 1997 1924 2051 lnaniter
1958 2009 2172 2065 quoque

601 2085 985 2154 angelicorum
1019 2085 1271 2139 ordinum
1307 2087 1640 2153 praefectura:
1684 2095 1904 2150 essent,
1937 2087 2169 2156 quorum

519 2179 526 2184 ’
600 2178 899 2231 ministerio
952 2177 1152 2231 divinis
1199 2179 1312 2232 haec
1367 2178 1641 2248 suffragiis
1704 2189 2054 2249 peraguntur.
2110 2179 2176 2232 Et

598 2262 725 2319 .Iesu
762 2265 1202 2321 Dominonostro
1231 2268 1486 2334 dicente,
1523 2287 1542 2320 «
1581 2270 1710 2324 Sine
1753 2270 1844 2324 Dei
1902 2267 2190 2325 voluntate~

601 2369 667 2409 ne
696 2355 922 2423 capillus
951 2355 1168 2424 quidem
1216 2371 1246 2411 e
1278 2358 1453 2427 capite
1484 2367 1662 2414 vestro
1690 2355 1852 2427 perit,
1899 2347 1930 2413 ι’
1974 2368 2028 2415 et
2060 2375 2177 2429 quae

601 2431 938 2509 sequuntur;
987 2457 1048 2498 ac
1097 2444 1164 2498 de
1205 2458 1264 2498 se
1317 2447 1434 2514 ipso
1480 2447 1670 2502 iterum
1723 2449 1993 2518 loquente,
2029 2471 2046 2503 «
2095 2447 2172 2505 Ita

601 2534 862 2601 scriptum
894 2542 1015 2599 est,
1042 2545 1095 2589 et
1121 2536 1198 2591 sic
1235 2537 1473 2605 oportuit
1501 2537 1772 2594 Christum
1818 2543 1961 2608 pati,
2002 2551 2103 2596 etc.
2153 2559 2170 2592 ι

601 2613 843 2691 Itemque
869 2626 989 2689 hoc,
1022 2643 1042 2677 «
1079 2624 1183 2680 Sed
1209 2643 1310 2681 non
1339 2637 1396 2682 ut
1424 2643 1524 2697 ego
1559 2629 1712 2692 volo;
1744 2645 1927 2684 verum
1966 2642 2123 2703 tutu.
2147 2651 2171 2682 ο

604 2717 671 2770 Et
703 2717 868 2793 istud,
891 2737 909 2768 «
943 2715 1070 2773 Sine
1096 2734 1178 2773 me
1208 2734 1310 2773 nou
1345 2721 1569 2790 potestis
1603 2721 1781 2776 facere
1805 2723 2118 2792 quidquam,
2153 2745 2170 2777 ι

580 2798 657 2864 et
688 2811 854 2864 multa
899 2810 1166 2878 ejusmodi
1205 2826 1322 2880 qua:
1363 2813 1598 2867 divinam
1650 2814 1864 2868 tlrmant
1904 2816 2178 2883 praedesti-

607 2899 877 2952 nationem
910 2899 975 2952 de
1005 2900 1268 2968 cujusque
1300 2902 1402 2955 vita
1459 2912 1512 2956 et
1546 2917 1716 2956 nece:
1741 2905 2176 2973 quandoquidem

607 2988 770 3040 etiam
808 2988 943 3057 ipse,
970 2997 1028 3041 ut
1052 2991 1120 3042 de
1158 2990 1397 3053 homine,
1435 2991 1502 3046 de
1532 3008 1590 3046 se
1622 2994 1734 3047 haec
1766 2992 2088 3062 disserebat,
2125 3007 2179 3051 et

608 3078 764 3147 quasi
805 3079 1100 3132 secundum
1157 3080 1556 3137 humanitatem
1598 3096 1868 3153 pateretur
1905 3087 2018 3141 haec
2057 3103 2177 3140 om-

2273 1899 2425 1968 λῆς,›
2456 1898 2550 1952 καὶ
2572 1899 2643 1953 τὰ
2669 1899 2795 1968 ἑξῆς
2815 1914 2829 1928 ⁸
2861 1889 2953 1951 καῖ
2971 1897 3096 1968 περὶ
3127 1896 3322 1951 ἑαυτοῦ
3355 1899 3603 1966 λέγοντος
3631 1894 3716 1963 αὖ,
3745 1902 3812 1951 ὅτι

2278 2009 2299 2045 «
2327 1992 2480 2046 Οὕτω
2501 1991 2832 2060 γέγραπται,
2871 1992 2968 2056 καὶ
3001 1989 3171 2051 οὕτως
3204 1979 3310 2042 ἔδει
3334 1990 3525 2044 παθεῖν
3565 1992 3655 2043 τὸν
3676 1993 3813 2060 υΧρι-

2279 2083 2422 2150 στὸν,
2440 2101 2458 2135 ι
2488 2084 2580 2137 καὶ
2597 2085 2662 2136 τὰ
2693 2082 2818 2152 ἑξῆς
2850 2098 2864 2113 ·
2897 2083 2991 2135 καὶ
3014 2081 3094 2144 τδ,
3118 2080 3292 2149 «Πλὴν
3316 2081 3412 2149 οὐχ
3439 2080 3514 2144 ὡς
3544 2081 3654 2148 ἐγὼ
3675 2081 3814 2146 θέλω,

2281 2173 2397 2226 ἀλλ’
2421 2174 2496 2235 ὼς
2519 2173 2582 2225 σύ
2611 2188 2657 2224 ἰ
2687 2159 2778 2226 καὶ
2804 2173 2883 2237 τὸ,
2916 2172 3124 2241 «Χωρὶς
3157 2169 3290 2238 ἐμοῦ
3314 2170 3372 2222 οὐ
3406 2170 3633 2224 δύνασθε
3662 2175 3816 2224 ποιεῖν

2277 2265 2451 2326 οὐδὲν,
2483 2282 2502 2314 ›
2541 2264 2634 2316 καὶ
2665 2261 2834 2315 πολλά
2867 2260 3112 2324 τοιαῦτα,
3159 2262 3248 2313 τὸν
3292 2260 3434 2314 θεῖον
3467 2260 3820 2330 ὲπικυροῦντα

2278 2371 2504 2425 προορισ
2511 2354 2608 2423 μὸν
2620 2356 2748 2422 περὶ
2765 2355 2862 2422 τῆς
2879 2353 3107 2406 ἑκάστου
3126 2350 3265 2420 ζωῆς
3283 2351 3376 2404 καὶ
3390 2350 3665 2419 τελευτῆς.
3684 2351 3822 2404 Ἐπεὶ

2279 2446 2371 2498 καὶ
2400 2447 2583 2507 αὺτδς,
2631 2445 2706 2506 ὡς
2744 2445 2873 2516 περὶ
2911 2438 3200 2512 ἀνθρώπου
3254 2442 3442 2494 ἑαυτοῦ
3473 2444 3634 2495 ταυτὶ
3663 2443 3823 2495 διελέ-

2279 2552 2427 2602 γετο,
2467 2537 2558 2587 καὶ
2592 2534 2666 2596 ὼς
2698 2534 2839 2586 κατά
2870 2535 2930 2585 τὸ
2965 2533 3302 2600 ἀνθρώπινον
3338 2533 3636 2602 πάσχοντος
3661 2533 3826 2584 ταῦτα

2279 2629 2454 2680 πάντα
2508 2625 2814 2695 σπουδαίως
2869 2625 2962 2676 καὶ
3011 2623 3329 2692 θεοπρεπῶς
3375 2623 3677 2695 ὡρισμένα,
3733 2621 3830 2675 ποῦ

2278 2717 2548 2785 τάξομενς
2589 2715 2724 2768 Ἀλλ’
2776 2714 2867 2766 ἐπὶ
2894 2717 3013 2776 τοὺς
3046 2712 3374 2774 ἀποστόλους
3419 2713 3727 2782 ἐρχώμεθα.
3770 2711 3822 2764 Ὀ

2284 2810 2481 2876 Πέτρος
2509 2806 2894 2873 συμϐουλεύων
2919 2807 3053 2858 πᾶσι
3077 2791 3186 2867 τοῖς
3209 2805 3475 2874 ἀδελφοῖς,
3507 2807 3650 2868 ὅπως
3675 2823 3831 2858 σπου-

2279 2900 2480 2961 δὰζωσι
2526 2899 2594 2951 δι’
2626 2898 2848 2965 ἀγαθῶν
2890 2897 3065 2967 ἔργων
3116 2897 3336 2965 βεόαίαν
3381 2897 3481 2967 τὴν
3511 2899 3698 2966 κλῆσιν
3742 2899 3831 2949 καὶ

2281 2990 2509 3059 ἐκλογὴν
2542 2989 2831 3051 ποιεῖσθαι,
2877 2988 2943 3059 ἦν
2993 2987 3336 3059 ἐξελέγησαν’
3382 2990 3507 3057 περὶ
3547 2990 3603 3041 δὲ
3644 2987 3832 3041 ἑαυτοῦ

2281 3082 2452 3148 λέγων
2484 3081 2702 3141 εἰδέναι,
2733 3079 2804 3140 ὡς
2841 3079 2945 3148 ἄρα
2980 3081 3170 3148 ταχινή
3219 3082 3365 3132 ἐστιν
3395 3082 3426 3148 ἡ
3460 3081 3712 3142 ἀπόθεσις
3743 3079 3830 3132 τοῦ

611 3169 720 3232 nia,
756 3169 902 3224 serio
923 3179 974 3222 et
997 3181 1357 3238 congruenter
1387 3171 1498 3228 Deo
1534 3174 1774 3240 deﬁnita,
1829 3177 2048 3232 ubinam
2074 3189 2178 3233 sta«

2287 3169 2641 3238 σκηνώματος
2686 3168 2868 3231 αὐτοῦ,
2907 3169 2998 3220 καὶ
3031 3169 3058 3219 ὁ
3113 3167 3312 3236 Κύριος
3365 3170 3568 3238 Ἰησοῦς
3609 3171 3836 3240 Χριστὸς

614 3260 865 3318 tnembs?
898 3259 1001 3314 Sed
1031 3263 1096 3315 ad
1124 3255 1401 3331 apostolOs
1460 3265 1806 3319 accedamus.
1848 3266 2037 3321 Petrus
2069 3283 2184 3322 om-

613 3354 770 3407 nibus
806 3351 1062 3407 fratribus
1099 3354 1388 3409 consilium
1418 3356 1510 3410 dat
1560 3365 1617 3409 ut
1657 3357 1898 3426 impense
1933 3359 2185 3413 studeant

614 3458 710 3512 per
741 3458 902 3511 opera
944 3445 1079 3497 bona
1136 3444 1342 3499 firmam
1383 3448 1719 3509 vocationem
1767 3458 1820 3503 et
1867 3449 2184 3506 electionem

615 3531 862 3595 reddere,
894 3547 998 3600 qua
1027 3533 1182 3588 electi
1201 3533 1453 3589 ‘t‘uerant.
1481 3535 1556 3591 De
1577 3552 1636 3591 se
1667 3553 1810 3604 vero,
1859 3542 2026 3596 «scire
2057 3542 2187 3597 dicit

615 3622 863 3692 proxime
939 3625 1142 3678 instare
1184 3624 1574 3694 depositionem
1631 3628 1960 3683 tabernaculi
2011 3631 2114 3695 sui,
2163 3649 2182 3682 ι

569 3714 779 3782 -idque
847 3711 1128 3767 Dominum
1210 3714 1391 3770 Jcsum
1453 3717 1725 3778 Christum
1785 3720 1887 3774 sibi
1937 3722 2186 3776 declara-

615 3807 790 3870 visse;
832 3804 1031 3859 Paulus
1062 3816 1236 3858 autem
1262 3821 1320 3861 se
1347 3808 1777 3873 praedestinatum
1807 3812 2089 3866 nominans
2121 3813 2186 3866 ad

619 3895 970 3964 Evangelium
1016 3896 1130 3961 Dei,
1166 3897 1307 3965 quod
1337 3899 1722 3967 pra-nuntiavit
1764 3915 1860 3969 per
1899 3905 2186 3969 prophetas

619 3989 670 4040 in
710 3987 937 4056 eloquiis
981 3986 1170 4050 sacris,
1203 3996 1256 4040 et
1301 4003 1422 4058 qua:
1468 3989 1756 4058 deinceps;
1804 3991 2052 4061 idemque
2099 4009 2190 4062 per

615 4076 816 4130 Mosem
863 4076 1143 4131 stabiliens
1189 4077 1291 4131 hoc
1340 4077 1582 4146 profert:
1641 4096 1658 4130 «
1697 4078 1990 4136 Miserebor
2025 4099 2182 4151 quem

617 4173 900 4232 misereor,
921 4177 972 4219 et
1000 4168 1475 4223 commiseratione
1521 4184 1819 4240 prosequar
1849 4187 2004 4241 quem
2035 4189 2189 4228 como

617 4261 911 4324 misereor;
939 4277 958 4308 ι
993 4260 1066 4311 ita
1091 4259 1411 4325 perorando,
1437 4258 1636 4328 «Igitur
1669 4277 1777 4314 non
1816 4261 2060 4327 volentis,
2093 4279 2190 4318 nec

619 4357 907 4414 currentis,
938 4348 1030 4402 sed
1062 4349 1368 4403 miserantis
1395 4348 1484 4403 Dei
1508 4365 1558 4414 ς»
1600 4361 1673 4414 et,
1705 4369 1722 4401 «
1750 4351 1896 4417 Quos
1921 4354 2190 4422 prtescivit

621 4449 674 4492 et
716 4431 1138 4508 ['irccdcstiuavit,
1166 4441 1264 4492 hos
1297 4447 1349 4492 et
1371 4441 1630 4494 vocavit.»
1651 4439 1907 4511 Itemque
1932 4443 2049 4498 illos
2072 4433 2193 4513 qui-

620 4529 740 4582 dem
796 4546 813 4578 «
857 4529 982 4603 vasa
1018 4529 1111 4581 ira:
1172 4534 1294 4595 apta
1353 4528 1406 4580 in
1470 4530 1743 4583 interitum
1783 4549 1800 4582 ι
1851 4533 2052 4595 dicens,
2096 4536 2190 4588 hos

621 4633 750 4671 vero
771 4638 786 4669 «
817 4633 944 4671 vasa
969 4616 1352 4670 misericordia:
1378 4627 1671 4687 praeparata
1695 4631 1746 4672 et
1772 4628 1960 4673 vocata
1985 4621 2048 4674 ad
2075 4623 2191 4689 glo-

627 4711 814 4762 riam.»
847 4709 923 4762 Ac
953 4724 1162 4773 rursus,
1196 4707 1396 4761 «Nemo
1421 4709 1642 4778 (inquit)
1675 4710 1777 4769 sibi
1819 4710 1918 4779 ipsi
1951 4711 2103 4774 vivit,
2141 4722 2193 4766 et

621 4814 779 4850 ιιι-ιιιο
811 4798 909 4851 sibi
951 4798 1198 4850 moritur.
1248 4814 1266 4847 ι
1305 4795 1450 4850 Idem
1481 4811 1672 4851 rursus
1698 4800 1762 4852 ad
1797 4797 2057 4867 Ephesios
2089 4800 2186 4864 ait,

629 4905 646 4938 «
691 4888 856 4956 ΙίΙιιείι
889 4903 984 4941 nos
1020 4889 1072 4940 in
1120 4903 1178 4941 se
1218 4887 1404 4957 (Deus)
1443 4885 1566 4942 ante
1606 4889 1788 4942 mundi
1835 4891 2190 4945 consuitutio-

622 4995 763 5044 nem,
799 4979 888 5046 qni
915 4978 1317 5046 prredcstinavit
1337 4995 1436 5035 nos
1465 4981 1520 5034 in
1550 4980 1895 5048 adoptionem
1929 4982 2184 5045 filiorum,

621 5082 724 5123 clc.
766 5088 783 5120 ι
814 5069 1125 5138 Eodemque
1148 5069 1309 5124 modo
1339 5070 1406 5124 de
1436 5072 1737 5140 reprobatis
1762 5072 1827 5124 ab
1853 5081 2050 5125 :eterna
2079 5072 2184 5124 vita

623 5164 753 5215 dicit
782 5163 833 5214 in
870 5177 932 5215 ea
971 5177 1132 5229 quam
1169 5161 1235 5214 ad
1269 5150 1547 5226 Romanos
1595 5162 1813 5229 scripsit
1849 5178 1864 5217 :
1903 5180 1920 5212 «
1961 5161 2114 5227 Quod
2142 5163 2186 5216 si

625 5254 762 5307 Dens
815 5253 1003 5305 volens
1062 5252 1349 5306 ostendere
1404 5249 1538 5304 iram
1580 5269 1597 5301 ι
1652 5239 1776 5319 (hoc
1825 5259 1927 5314 est,
1966 5251 2188 5319 iustitiae

625 5343 879 5395 nmlctam
938 5341 1200 5410 dicamve)
1241 5360 1257 5391 «
1295 5350 1348 5393 et
1400 5352 1583 5393 notam
1644 5339 1826 5394 facere
1889 5342 2186 5409 potentiam

621 5449 797 5497 suam,
822 5431 1082 5486 sustinuit
1116 5450 1133 5481 ι
1176 5433 1298 5498 (hoc
1328 5441 1408 5485 est
1447 5433 1848 5500 condemnavit)
1883 5449 1902 5482 «
1939 5434 1990 5486 in
2021 5434 2188 5487 multa

623 5525 869 5599 patientia
899 5539 1024 5592 vasa
1062 5524 1156 5576 ira:
1186 5534 1366 5591 aptata
1399 5525 1448 5576 in
1477 5525 1750 5577 interitum
1784 5543 1797 5574 :
1835 5532 1889 5576 ut
1928 5525 2187 5578 ostende-

625 5623 703 5665 rut
733 5614 946 5667 dixitias
977 5611 1161 5681 gloriae
1204 5628 1312 5666 sua:
1344 5613 1396 5665 in
1441 5627 1568 5666 vasa
1611 5606 2020 5679 misericordur,
2055 5630 2180 5684 qua:

2288 3259 2432 3330 αὐτῴ
2474 3258 2628 3312 τοῦτο
2678 3259 2978 3328 ἐδήλωσεν·
3039 3261 3064 3312 ὁ
3113 3259 3170 3312 δὲ
3215 3260 3421 3321 Παῦλος
3465 3262 3838 3330 ἀφωρισμένον

2288 3352 2479 3404 ἑαυτὸν
2519 3351 2717 3416 καλῶν,
2767 3353 2846 3413 είς
2878 3352 3191 3418 εὐαγγέλιον
3241 3350 3373 3404 Θεοῦ
3403 3353 3430 3404 ὃ
3483 3356 3840 3420 προεπηγγεί-

2289 3441 2415 3493 λατο
2452 3441 2538 3494 διὰ
2573 3441 2683 3494 τῶν
2732 3443 3021 3513 προφητῶν
3055 3445 3111 3495 ὲν
3146 3443 3388 3511 Γραφαίς
3423 3444 3626 3510 ἀγίαις,
3657 3449 3749 3498 καὶ
3776 3446 3842 3499 τὰ

2288 3531 2435 3600 ἑξῆς*
2467 3532 2545 3596 ἔτι
2574 3533 2632 3587 τὸ
2661 3532 2748 3584 διὰ
2773 3532 2864 3584 τοῦ
2898 3534 3136 3596 Μωσέως
3165 3535 3412 3603 βεὸσιιῶν,
3455 3556 3471 3586 ι
3516 3537 3752 3604 Ἐλεήσω
3787 3539 3842 3589 ὃν

2291 3627 2356 3680 ἂν
2385 3627 2537 3689 ἐλεῶ,
2571 3628 2662 3680 καὶ
2706 3629 3028 3694 οἰκτειρήσω
3056 3628 3113 3679 ὃν
3149 3621 3228 3681 ἄν’
3249 3629 3557 3699 οἰκτείρω-ι
3595 3634 3679 3683 καὶ
3711 3648 3844 3700 συμ-

2296 3718 2593 3787 περαίνων,
2639 3719 2812 3785 «Ἄρα
2833 3715 2922 3769 οὖν
2952 3722 3010 3770 οὐ
3043 3718 3132 3769 τοῦ
3156 3717 3417 3782 θέλοντος,
3456 3722 3574 3773 οὐδὲ
3601 3722 3687 3772 τοῦ
3719 3724 3844 3791 τρέ-

2289 3824 2491 3875 χοντος,
2519 3806 2650 3859 ἀλλὰ
2677 3807 2768 3859 τοῦ
2805 3805 3086 3869 ἐλεοῦντος
3117 3809 3249 3860 Θεοῦ
3274 3827 3320 3858 ⁸)
3362 3810 3454 3861 καὶ
3482 3811 3635 3864 πάλιν
3655 3828 3668 3842 ο
3709 3812 3846 3872 «00;

2293 3900 2562 3965 προέγνω,
2591 3889 2698 3950 καὶ
2727 3899 3020 3967 προώρισε,
3055 3900 3276 3962 τούτους
3309 3903 3402 3953 καὶ
3431 3903 3656 3955 ἐκάλεσε
3677 3921 3720 3956 ⁵)
3753 3907 3847 3957 καὶ

2293 3978 2466 4052 αὖθις,
2485 3989 2607 4048 τοὺς
2635 3989 2731 4056 μὲν
2750 4007 2768 4038 «
2799 3988 2964 4058 σκεύη
2990 3990 3156 4060 ὀργῆς
3185 3994 3587 4061 κατηρτισμένα
3606 3997 3678 4057 είς
3699 3996 3848 4047 ἀπώ-

2291 4077 2462 4141 λειαν,
2503 4096 2520 4128 ι
2559 4079 2764 4145 λέγων,
2792 4081 2914 4140 τοὺς
2945 4080 2998 4130 δὲ
3030 4099 3046 4129 ι
3088 4081 3253 4146 σκεύη
3291 4081 3494 4143 ἐλέους,
3524 4101 3849 4153 προητοιμα-

2293 4169 2461 4234 σμένα
2493 4170 2586 4220 καὶ
2619 4167 2923 4236 κεκλημέναι
2969 4170 3046 4231 είς
3079 4169 3234 4233 δόξαν
3255 4186 3267 4198 ⁶
3304 4190 3322 4221 ι
3363 4175 3452 4238 καὶ
3475 4167 3626 4235 αὖθις
3653 4173 3844 4239 λέγων,

2303 4259 2515 4320 «Οὐδεὶς
2543 4259 2718 4328 ἐαυτῷ
2736 4261 2824 4329 ζῇ,
2847 4263 2940 4312 καὶ
2969 4261 3138 4320 οὐδεὶς
3161 4262 3334 4329 ἑαυτῷ
3353 4263 3560 4333 ἀποθνὴ
3577 4279 3732 4316 τκει·»
3758 4268 3850 4318 καὶ

2294 4349 2429 4417 πρὸς
2445 4348 2723 4415 Ἐφεσίους
2746 4348 2900 4410 αὖθις
2919 4349 3114 4415 λέγων’
3136 4368 3155 4400 «
3183 4349 3482 4415 Ἐξελέξατο
3503 4355 3643 4422 ἡμᾶς
3656 4357 3707 4406 ὲν
3725 4355 3850 4405 ὲαυ·

2295 4439 2369 4508 τῷ
2400 4442 2426 4492 ὁ
2458 4441 2587 4502 Θεὸς
2617 4440 2719 4508 πρὸ
2766 4441 3066 4508 καταϐολῆς
3111 4442 3337 4511 κόσμου,
3371 4445 3658 4514 προορίσας
3704 4446 3849 4511 ἡμᾶς

2298 4531 2700 4598 είς-υἱοθεσίαν,
2741 4549 2758 4581 ι
2785 4533 2878 4583 καὶ
2906 4531 2974 4583 τὰ
3018 4533 3142 4599 ἑξῆς
3169 4547 3182 4561 ⁸
3221 4534 3421 4600 ὁμοίως
3452 4537 3540 4586 καὶ
3592 4536 3711 4601 περὶ
3743 4536 3848 4583 τῶν

2298 4617 2882 4687 ἀποδεδοκιμασμένων
2914 4619 3018 4672 ἀπὸ
3048 4621 3145 4686 τῆς
3179 4619 3395 4671 αἰωνίου
3421 4620 3564 4687 ζωῆς
3595 4620 3763 4687 λέγω)
3790 4623 3866 4671 ἐν’

2299 4709 2363 4778 τῇ
2395 4708 2525 4777 πρὸς
2559 4709 2871 4776 Ῥωμαίους
2896 4725 2911 4740 ο
2949 4709 3038 4761 «Ei
3065 4708 3119 4760 δὲ
3159 4692 3373 4761 θέλωνό
3401 4708 3530 4770 Θεὸς
3559 4710 3718 4773 δεῖξαι
3753 4711 3852 4778 τὴν

2298 4799 2488 4868 ὀργὴν,
2518 4800 2762 4853 τουτέστι
2802 4800 2900 4868 τὴν
2937 4802 3032 4869 τῆς
3069 4801 3412 4871 δικαιοσύνης
3461 4803 3725 4864 ἁπότισιν,
3758 4805 3852 4854 καὶ

2299 4892 2570 4959 γνωρίσας
2621 4891 2717 4960 τὴν
2767 4880 2997 4958 δύναμιν
3046 4891 3233 4958 αὐτοῦ,
3269 4894 3554 4962 ὑπέμεινε,
3592 4894 3848 4957 τουτέστι,

2298 4981 2697 5049 συνεχώρησεν,
2731 4983 2786 5034 ὲν
2835 4982 3004 5053 πολλῇ
3056 4983 3425 5053 μακροθυμίᾳ,
3480 4986 3642 5056 σκεύη
3683 4988 3851 5054 ὀργῆς

2297 5071 2709 5140 κατηρτισμένα
2741 5074 2822 5134 εἰς
2862 5061 3157 5138 ἀπώλειαν,
3194 5074 3280 5126 ἵνα
3321 5076 3470 5146 δείξῃ
3495 5076 3595 5144 ,τὸν
3634 5076 3856 5127 πλοῦτον

2294 5164 2390 5231 τῆς
2422 5163 2581 5230 δόξης
2612 5164 2776 5217 αὑτοῦ
2809 5165 2900 5217 ἐπὶ
2936 5165 3102 5235 σκεύη
3137 5166 3341 5231 ἐλέους,
3372 5168 3408 5220 ἃ
3457 5168 3855 5237 προητοίμασεν

2296 5256 2372 5315 εἰς
2399 5255 2577 5318 δόξαν·
2597 5273 2614 5304 ι
2648 5256 2738 5307 καὶ
2764 5255 3040 5324 πανταχοῦ
3065 5257 3172 5308 τῶν
3204 5257 3416 5309 οίκείων
3445 5257 3733 5312 ἐπιστολῶν
3764 5258 3853 5310 τὸν

2295 5345 2438 5397 θεῖον
2479 5344 2621 5396 οὓτω
2656 5350 2990 5416 προορισμὶν
3028 5347 3283 5416 βεϐαιῶν,
3311 5348 3409 5417 τὴν
3441 5352 3571 5418 περὶ
3612 5349 3726 5406 τοὺς
3763 5349 3874 5401 ἀνῖ

2295 5436 2546 5505 θρώπους
2586 5437 2793 5506 δηλαδὴ
2832 5439 3036 5508 εἰδικὴν
3091 5442 3367 5507 πρόνοιαν,
3407 5443 3500 5491 καὶ
3558 5441 3656 5492 ὅσα
3682 5439 3855 5507 ταύτῃ

2294 5529 2422 5595 περὶ
2463 5527 2571 5577 τῶν
2602 5527 2959 5598 ἀνθρωπίνων
3003 5531 3341 5598 πραγμάτων
3384 5531 3696 5581 συνέτεται’
3733 5533 3856 5598 εἰκη

2294 5615 2468 5668 ταῦτα
2507 5617 2676 5684 λέγει,
2709 5607 2904 5685 μᾶλλον
2933 5618 2988 5669 δὲ
3023 5619 3311 5684 λέγουσινς
3346 5619 3511 5685 ἀπείη
3545 5634 3603 5684 γε
3632 5615 3805 5670 τοῦτο.

583 5709 937 5776 ~prmparavit
972 5707 1022 5760 in
1056 5707 1301 5777 gloriam.
1343 5727 1361 5762 ι
1434 5705 1495 5762 Et
1525 5707 1722 5779 ubique
1783 5722 2006 5764 suarum
2068 5707 2452 5780 Epistolarum,
2514 5710 2746 5786 divinam
2793 5717 2861 5764 ita
2911 5712 3439 5779 praedestinaliottcm
3503 5711 3850 5764 audiremus.
