3986 6328
180 321 281 387 553

1122 328 1493 391 EPISTOLA
1536 328 1632 388 DE
1678 327 2442 390 PRiEDESTlNATlONE.

3302 329 3405 393 554

171 439 456 511 specialem
511 441 771 497 nimirum
808 441 952 510 circa
1001 443 1249 500 homines
1295 443 1712 513 providentiam,
1745 449 1799 495 et
1837 456 2175 510 quaecunque
2211 444 2336 499 huic
2377 446 2430 498 in
2467 441 2745 499 hominum
2786 442 3011 513 negotiis
3038 450 3400 498 consentanea

154 542 295 592 sunt
336 553 350 588 :
383 549 448 589 an
488 535 765 589 incassum
816 536 929 592 haec
963 532 1113 600 dicit,
1154 537 1237 591 vel
1272 522 1449 604 potius
1476 533 1703 590 dicunt?
1731 531 1871 586 absit
1901 533 2002 588 hoc
2039 536 2214 602 plane.
3045 605 3048 608 λ

245 627 414 697 ,Ὁρᾷς
447 625 545 692 τῆς
577 626 825 691 ἐναντίας
848 627 1005 698 δόξης
1035 626 1286 695 τεθείσης
1317 627 1373 692 ἐξ
1407 627 1732 689 ὑποθέσεως,

1909 621 2102 689 Viden,
2147 632 2204 676 ut
2255 623 2506 692 opinione
2535 626 2808 680 contraria
2842 627 3139 682 constituta
3178 642 3242 681 ex
3281 641 3413 703 con-

141 717 268 771 -δσα
299 717 408 769 τῶν
443 714 662 785 ἀληθῶν
691 716 992 786 ἀναιρεῖται
1017 735 1031 784 ;
1065 716 1264 787 μᾶλλον
1283 715 1338 769 δὲ
1369 715 1520 770 οὐδὲν
1551 715 1736 784 σχεδὸν

167 807 539 879 ὑπολείπεται.
591 807 672 861 Τά
725 808 834 878 γὰρ
875 809 939 862 ἐκ
989 809 1087 877 τῆς
1120 809 1270 879 ίερᾶς
1317 806 1540 888 Γραφῆς
1588 823 1735 888 παρα

163 904 382 971 ηγμένα
435 901 710 969 νῦνηᾶλλο
779 903 877 972 μὲν
938 903 1101 981 ἄλλοι)
1165 901 1484 973 μυστηρίου,
1531 899 1735 968 πλῆρες

165 993 285 1047 ιστί
307 1011 321 1026 ’
356 993 530 1048 πάντα
555 993 787 1077 δὲιαύτά
822 994 918 1047 σὺν
948 995 1197 1057 ἐκείνοις,
1232 994 1363 1063 μιᾶς
1392 995 1486 1063 τῆς
1514 1007 1734 1077 προκει-

165 1087 338 1154 μένης
369 1087 500 1155 ἡμῖν
526 1085 659 1158 ὕλης
688 1087 992 1157 εὐρυτάτης
1035 1085 1219 1157 οὔσης,
1249 1085 1397 1141 ἔνδον
1429 1084 1596 1140 ἐστίν.
1626 1076 1734 1146 ’Ἦς

161 1175 536 1248 σαλευομένης
572 1177 659 1242 ἂν,
691 1177 844 1230 οὐδὲν
892 1177 1114 1230 ἐκείνων
1150 1178 1301 1246 μένει
1343 1175 1547 1230 λοιπόν.
1583 1175 1645 1228 El
1674 1173 1732 1227 δὲ

162 1253 370 1327 πάσαις
406 1269 672 1337 ἀνάγκαις
701 1271 728 1321 ὁ
759 1269 900 1331 θεῖος
943 1270 1137 1339 κρατεῖ
1179 1267 1532 1338 προορισμδς,
1567 1264 1733 1335 μέρος

159 1355 235 1407 ὢν
269 1350 367 1425 τῆς
399 1355 547 1418 θείας
594 1357 876 1426 Προνοίας,
903 1356 964 1409 τὸ
1011 1358 1264 1425 μέγιστον
1297 1356 1389 1410 καὶ
1425 1355 1601 1424 δόγμα
1631 1355 1732 1424 τῆς

159 1450 408 1510 πίστεως
446 1450 859 1520 ἀναντίρρητον.
888 1452 978 1503 καὶ
1025 1449 1273 1520 καθάπερ
1307 1448 1602 1518 σύνδεσμος
1635 1447 1734 1517 τῆς

159 1541 404 1604 πίστεως
464 1529 613 1608 ὅλης.
671 1543 778 1595 Καὶ
822 1541 872 1594 oi
931 1542 1028 1611 μὲν
1081 1542 1190 1596 τῶν
1237 1541 1539 1610 ἀνθρώπων
1598 1538 1733 1609 πρὸς

157 1633 262 1702 τὴν
287 1631 641 1692 αἰώνιόνείσι
688 1631 1087 1702 προωρισμὲνοι
1118 1631 1283 1702 ζωὴν,
1309 1627 1389 1693 οἷς
1410 1631 1503 1685 καὶ
1535 1631 1584 1684 οί
1621 1629 1735 1682 ἐλε-

157 1724 387 1787 ούμενοι
439 1724 982 1804 συναριθμείσθωσαν
1029 1723 1163 1778 νῦν·
1221 1725 1269 1778 οί
1320 1723 1375 1777 δὲ
1424 1721 1519 1777 ἀπ’
1565 1713 1735 1790 αὐτῆς

157 1814 728 1885 ἀποδεδοκιμασμένοι
784 1815 1019 1884 εὐλόγως
1062 1817 1154 1868 καὶ
1185 1815 1252 1868 τὰ
1282 1814 1422 1868 κατὰ
1456 1813 1557 1884 τὴν
1590 1812 1735 1881 ζωὴν

158 1909 400 1960 ἑκάστου
449 1907 546 1961 καὶ
595 1907 851 1977 τελευτὴν
887 1911 952 1977 τῇ
1005 1906 1275 1972 ἑπιτεύξει
1326 1905 1421 1960 τοῦ
1463 1903 1732 1974 τέλους,ῆ

1838 714 2073 781 ditione,
2104 725 2234 783 quot
2265 731 2391 770 vera
2421 716 2633 771 decreta
2662 711 2939 774 dc'mediu
2967 720 3248 776 tollantur?
3277 722 3409 791 quin

1837 803 1944 859 imo
1977 804 2111 859 nihil
2161 807 2552 875 pr0pemodum
2604 808 2795 876 reliqui
2843 819 2943 864 est.
2984 811 3192 865 Etenim
3229 825 3294 866 ex
3325 811 3412 867 his

1835 904 1956 959 quae
1987 906 2048 945 ex
2084 906 2241 947 sacra
2294 893 2576 963 Scriptura
2613 895 2771 949 modo
2804 900 3222 966 sunt-abducta,
3259 901 3407 955 aliud

1835 981 2053 1050 quidem
2086 983 2193 1038 alio
2240 986 2500 1054 mysterio
2531 983 2748 1053 plenum
2797 996 2898 1041 est.
2950 986 3051 1041 Sed
3086 992 3200 1045 haec
3225 993 3408 1048 omnia

1834 1086 1958 1128 eum
1995 1074 2103 1130 illis
2130 1075 2270 1130 intra
2298 1091 2462 1129 unam
2493 1091 2524 1131 e
2553 1077 2826 1147 proposita
2856 1078 3012 1133 nobis
3041 1084 3260 1136 materia
3290 1098 3412 1152 quas

1836 1163 2102 1221 latissime
2128 1177 2296 1235 patet,
2331 1165 2680 1222 continentur
2723 1184 2738 1223 :
2772 1185 2875 1239 qua
2918 1180 3164 1236 nutante,
3198 1173 3410 1227 illorum

1837 1255 1973 1309 nihil
2008 1257 2061 1309 in
2096 1267 2369 1324 posterum
2400 1269 2665 1335 remanet.
2694 1260 2848 1326 Quod
2879 1262 2921 1316 si
2953 1278 3108 1318 sacra
3140 1246 3416 1333 praedesti-

1836 1347 1984 1401 natio
2008 1348 2262 1402 omnibus
2285 1350 2561 1419 praepollet
2593 1353 3030 1418 necessitatibus,
3060 1371 3184 1411 cum
3218 1359 3414 1416 divinae

1836 1435 2189 1494 Providentiae
2222 1455 2347 1508 pars
2370 1441 2442 1496 sit
2479 1444 2737 1508 ntaxima,
2769 1453 2821 1499 et
2849 1446 2969 1500 ﬁdei
3005 1448 3280 1504 decretum
3321 1453 3410 1507 cui

1836 1531 2115 1585 adversari
2143 1547 2248 1587 non
2275 1533 2426 1598 licet,
2454 1549 2520 1592 ac
2543 1536 2704 1592 veluti
2737 1537 2860 1593 ﬁdei
2887 1541 3054 1596 totius
3077 1542 3411 1598 convinctio:

1834 1627 1887 1673 et
1923 1619 2169 1678 homines
2199 1623 2394 1692 partim
2429 1627 2496 1681 ad
2545 1637 2802 1683 aeternam
2840 1631 3001 1683 vitam
3031 1614 3162 1685 sunt
3207 1633 3416 1702 praede-

1837 1711 2047 1775 stinati,
2095 1729 2327 1782 quorum
2375 1732 2602 1775 numero
2639 1721 2801 1773 etiam
2852 1735 2996 1776 nunc
3046 1724 3412 1792 aseribautur,

1836 1802 2034 1870 quibus
2071 1804 2440 1878 misericordia
2475 1810 2534 1862 lit
2587 1826 2601 1862 :
2635 1810 2831 1878 partim
2884 1812 2953 1866 ab
2993 1811 3110 1879 ipsa
3143 1815 3416 1881 reprobatl

1839 1899 1968 1945 sunt
2008 1908 2021 1944 :
2051 1891 2174 1960 jure
2197 1895 2392 1949 merito
2412 1896 2577 1951 etiam
2613 1914 2733 1967 quae
2761 1900 2827 1954 ad
2858 1901 3021 1955 vitam
3067 1904 3331 1971 cujusque
3361 1913 3416 1958 et

159 1952 396 1960 -~-~-~~
450 1952 546 1961 ----
606 1952 845 1977 --η-ν--ι-
898 1952 952 1977 -υ
1005 1952 1275 1972 mnu."
1337 1952 1417 1960 -η
1474 1952 1668 1968 --η--η
1706 1952 1732 1974 -.

157 1995 479 2060 ἀποτεύξει,
525 1997 740 2059 οἰκείως
776 1994 1196 2050 συνδιατίθενται
1219 2011 1233 2027 ο
1273 1996 1348 2059 ὡς
1377 1995 1583 2048 ἐπίπαν
1617 1995 1736 2064 μὲν,

1844 1982 2048 2037 obitum
2100 1995 2398 2053 spectant,
2473 1989 2598 2044 tinis
2650 1992 3039 2047 consecutione
3075 1995 3159 2048 vel
3203 1996 3438 2062 repulsa

159 2089 388 2155 καὶτῆς
416 2090 643 2142 ἑκάστου
675 2088 942 2158 πονηρίας
973 2088 1004 2158 ἢ
1051 2088 1276 2157 ἀρετῆς,
1324 2089 1416 2140 καὶ
1455 2085 1739 2148 εὐϐουλίας

159 2184 192 2253 ἢ
224 2182 501 2245 ἀϐουλίας,
533 2183 598 2250 τῇ
633 2181 858 2253 τοιαύτη
890 2180 1256 2249 συνεργούσης
1281 2179 1475 2249 ἐφεξῆς
1500 2177 1739 2242 διατάξει

157 2275 256 2326 τοῦ
292 2262 465 2338 θείου,
489 2271 603 2326 ἔστι
645 2272 698 2325 δὲ
727 2273 814 2326 ὅτε
864 2273 956 2325 καὶ
987 2273 1137 2339 παρά
1160 2273 1256 2342 τὴν
1279 2270 1550 2340 ἑκατέρων
1576 2272 1634 2324 ἐν
1662 2269 1740 2340 τῷ

159 2361 485 2430 παραυτίκα
519 2360 747 2431 μελέτην
778 2378 837 2414 τε
869 2360 962 2413 καὶ
988 2361 1246 2430 σπουδὴν,
1279 2360 1339 2413 τὸ
1367 2361 1578 2429 πρέπον
1609 2362 1735 2422 ταῖς

136 2438 353 2506 αὐτῶν
383 2451 531 2516 ἕξεσι
566 2451 661 2504 καὶ
695 2449 894 2516 ἀξίαις,
924 2446 1016 2502 καὶ
1045 2449 1179 2514 ζῶσι
1204 2451 1296 2504 καὶ
1322 2451 1642 2505 τελευτῶσιν
1667 2452 1742 2505 οἰ-

157 2544 549 2612 κονομοῦντος,
585 2543 659 2604 ὡς
708 2542 776 2596 ἂν
830 2542 1101 2605 ποικίλαις
1149 2559 1206 2594 τε
1253 2543 1345 2597 καὶ
1380 2542 1745 2613 πολυτρόποις-

163 2633 441 2698 μεθὸδσις,
488 2633 580 2684 καὶ
615 2631 800 2695 ἄλλαις
856 2633 941 2684 ἐπ’
990 2633 1164 2685 ἄλλων
1199 2632 1566 2703 κρινομέναις,
1599 2633 1737 2686 κατά

158 2729 265 2794 τὴν
298 2725 603 2794 εὐρυτάτην
630 2725 723 2776 καὶ
748 2724 1022 2794 πάνσοφον
1045 2725 1206 2778 αὑτοῦ
1232 2725 1517 2794 διοίκησιν,
1546 2725 1573 2776 ὁ
1599 2722 1741 2787 θεῖος

159 2817 301 2885 περὶ
353 2816 551 2878 αὐτοὺς
581 2816 913 2886 προορισμὸς
957 2815 1252 2883 ὲξανύοιτο,
1293 2816 1325 2886 ή
1369 2815 1464 2868 τοῦ
1495 2817 1619 2884 ὅρου
1649 2815 1741 2884 δη-

160 2907 348 2959 λονότι
385 2910 481 2960 καὶ
523 2906 709 2969 τέλους
750 2905 1020 2971 ὲπίτευξις
1065 2905 1098 2976 ἢ
1147 2906 1453 2970 ἀπότευξις.
1489 2905 1741 2975 Εἰλήφθω

163 2998 281 3064 γὰρ
329 2994 424 3048 νῦν
455 2995 648 3059 κοινῶς
700 2997 1052 3065 προορισμὸς,
1083 2995 1156 3059 ὡς
1208 2996 1544 3066 προορισμοῦ
1589 2996 1742 3065 γένος

161 3087 265 3140 καὶ
296 3087 752 3156 ἀποδοκιμασίας.
781 3087 888 3156 Τῆς
917 3087 975 3140 δὲ
1014 3087 1121 3140 τῶν
1146 3087 1448 3158 ἀνθρώπων
1479 3088 1644 3158 ζωῆς,
1672 3087 1741 3158 ῆν

160 3179 232 3232 ἂν
265 3177 482 3231 οἴκοθεν
514 3178 933 3248 προαιροῖντο,ῆ
971 3179 1467 3247 συμπροισαγούσης
1495 3177 1573 3247 τῷ
1597 3177 1740 3231 τέλει

165 3270 312 3334 μετά
349 3269 448 3338 τῆς
481 3267 688 3322 ἀνωθεν
738 3270 1077 3338 συνεργείας,
1111 3268 1142 3339 ἢ
1173 3268 1485 3340 ἁφιστώσης
1521 3268 1612 3321 τοῦ
1651 3269 1737 3322 τέ·
1768 3291 1812 3351 c

162 3360 298 3422 λους
363 3361 502 3428 μετὰ
553 3361 652 3430 τῇς
703 3359 910 3413 ἐκεῖθεν
976 3359 1412 3429 ἐγκαταλείψεως
1442 3375 1455 3390 ·
1506 3358 1742 3425 εὐλόγως

161 3451 269 3504 καὶ
297 3452 333 3520 ἡ
373 3449 663 3518 μετάθεσις
704 3450 802 3518 μὲν
833 3449 940 3502 ἀπὸ
961 3452 1057 3520 τῆς
1092 3449 1349 3518 τοιαύτης
1383 3449 1550 3519 ζωῆς,
1580 3451 1647 3517 τῇ
1682 3464 1742 3502 τε

162 3543 314 3612 πρὸς
345 3544 406 3594 τὸ
431 3541 586 3603 τέλος
613 3539 739 3610 ὁδῷ,
767 3540 913 3594 τοῦτ’
956 3540 1071 3592 ἔστι
1103 3541 1168 3611 τῇ
1200 3540 1452 3610 παρούσῃ
1482 3540 1617 3610 ζωῇ,
1652 3539 1745 3595 καὶ

160 3635 236 3704 τῇ
281 3631 405 3701 μετ’
443 3631 612 3702 αὐτὴν
646 3631 822 3702 οἰκείᾳ
867 3628 962 3685 τοῦ
1006 3630 1192 3694 τέλους
1228 3629 1498 3697 amnes“
1539 3632 1571 3700 ἢ
1608 3632 1746 3683 ἀπο-

161 3725 377 3788 τεύξει,
427 3722 751 3792 σύμμορφὸς
787 3726 901 3775 ἐστι
928 3721 1022 3775 καὶ
1048 3721 1367 3792 συνᾴδουσα,
1399 3722 1588 3791 ὥσπερ
1622 3720 1749 3790 μεθ-

160 3817 324 3887 όριον
351 3810 487 3868 οὖσα
515 3813 626 3866 τῶν
657 3808 811 3875 ζωῶν
851 3813 1199 3884 ἀμφοτέρων,
1227 3813 1322 3866 καὶ
1347 3812 1448 3883 τῆς
1473 3812 1614 3879 ὁδοῦ,
1650 3814 1745 3867 καὶ

161 3907 269 3961 τοῦ
301 3907 493 3970 τέλους
524 3905 711 3976 ῶσπερ
759 3906 1023 3974 συνάφεια
1046 3921 1061 3938 '
1101 3906 1214 3959 ἔστι
1265 3906 1363 3975 μὲν
1398 3904 1487 3958 ὅτε
1522 3905 1613 3957 καὶ
1643 3921 1747 3974 φα-

159 3999 342 4070 νερᾶς
375 3997 542 4066 ούσης
571 3998 705 4052 πᾶσι
737 3995 836 4066 τῆς
859 3996 1136 4065 τελευτῆς,
1167 3996 1313 4060 ὅπως
1341 3991 1456 4067 ἔχει
1487 3995 1622 4066 πρὸς
1648 3995 1749 4066 τὴν

157 4092 341 4155 εὐθὺς
394 4088 777 4158 διαδεξομένην
816 4088 960 4159 ζωὴν
1008 4089 1219 4154 ἀθλίαν,
1269 4088 1302 4159 ἢ
1341 4088 1636 4157 μακαρίαν,
1672 4087 1749 4149 ὡς

156 4181 265 4234 ἐπὶ
299 4179 411 4233 τῶν
457 4177 803 4246 δικαιοσύνης
853 4178 1034 4243 ἕνεκα,
1065 4177 1098 4245 ἢ
1144 4177 1449 4241 εὐσεϐείας,
1485 4177 1748 4246 αἱρουμέ-

154 4289 276 4326 νων
310 4272 570 4342 θνήσκειν
599 4267 899 4339 προδήλως,
926 4269 1024 4322 οὑκ
1050 4268 1176 4321 ἀνευ
1205 4267 1338 4322 Θεοῦ
1367 4268 1461 4321 καὶ
1487 4268 1584 4338 τῆς
1613 4268 1768 4321 ἀνω-.

153 4365 258 4417 θεν
319 4360 634 4424 επιπνοίας,
665 4360 692 4412 ὃ
742 4352 1013 4430 προσήκει
1055 4362 1166 4423 τοῖς
1203 4359 1458 4429 μάρτ-υσι,
1487 4359 1584 4413 καὶ
1616 4360 1750 4413 πᾶσι

151 4458 281 4514 τοῖς
323 4453 444 4524 μετε
481 4453 686 4523 ἀρετῆς
733 4453 825 4506 καὶ
855 4453 925 4504 δι’
962 4445 1128 4520 αὐτὴν
1174 4451 1487 4515 τελευτῶσι,
1536 4451 1640 4506 κᾶν
1676 4452 1750 4521 μὴ

152 4544 430 4616 φανερῶς
466 4543 543 4615 τῷ
593 4544 876 4614 μαρτυρίῳ
925 4543 1333 4613 προσάγωνται,
1379 4543 1493 4596 ἀλλ’
1525 4544 1751 4597 ἐπιϐου-

1847 2074 2192 2141 peculiariter
2218 2091 2325 2132 una
2350 2077 2719 2146 disponuntur
2757 2097 2772 2134 :
2805 2084 2961 2150 quasi
2990 2085 3214 2140 omnino
3250 2087 3411 2142 unius

1841 2166 2108 2237 cujusque
2137 2168 2494 2238 improbitate
2528 2181 2582 2225 et
2610 2175 2831 2239 virtute,
2858 2183 2911 2229 et
2954 2176 3099 2231 bono
3138 2178 3221 2231 vel
3266 2180 3410 2235 malo

1841 2256 2068 2313 consilio
2103 2259 2230 2314 huic
2253 2261 2347 2315 Dei
2375 2263 2754 2319 constitutioni
2781 2267 3035 2336 deinceps
3064 2280 3414 2337 cooperante.

1842 2348 2118 2404 Interdum
2173 2351 2338 2406 etiam
2379 2353 2535 2422 juxta
2585 2363 2943 2426 utrorumque
2989 2374 3175 2413 curam
3215 2370 3270 2414 et
3301 2362 3417 2417 stu-

1842 2440 2016 2512 dium,
2051 2452 2270 2509 repente
2311 2442 2559 2512 vestigio,
2594 2447 2735 2514 quod
2767 2448 3010 2516 ipsorum
3053 2451 3326 2505 habitibus
3362 2465 3438 2510 ει»

1843 2529 2055 2585 meritis
2105 2532 2365 2613 decorum
2412 2541 2519 2598 est,
2553 2541 2607 2589 et
2640 2535 2950 2599 viventibus
2977 2547 3030 2593 et
3059 2541 3417 2599 morientibus

1840 2634 2042 2676 numen
2083 2622 2223 2692 regit
2256 2637 2319 2677 ac
2350 2625 2663 2682 moderatur
2690 2643 2706 2680 :
2741 2630 2881 2684 sicut
2908 2633 3071 2688 variis
3100 2649 3163 2689 ac
3185 2635 3419 2692 diversis

1843 2709 2134 2794 admodum
2163 2711 2341 2766 modis
2375 2721 2427 2767 et
2459 2716 2766 2773 rationibus
2794 2735 2914 2789 quae
2940 2721 3059 2776 alia:
3093 2723 3146 2777 in
3178 2725 3296 2781 aliis
3322 2727 3415 2794 ju-

1843 2792 2115 2882 dicantur,
2159 2804 2456 2857 secundum
2513 2805 2832 2863 latissimam
2870 2820 2922 2865 et
2957 2792 3413 2882 sapientissimum
3452 2792 3470 2806 ⁸

1843 2893 2014 2963 ipsius
2057 2881 2588 2952 administrationem
2613 2936 2629 2964 ,
2667 2899 2852 2956 divina
2883 2881 3033 2959 circa
3057 2921 3151 2961 eos
3206 2911 3415 2977 praede-

1843 2987 2062 3040 stiuatio
2091 2986 2350 3055 perlicere
2374 2995 2580 3056 posset,
2620 2990 2878 3046 nimirum
2905 2993 3087 3049 limitis
3109 3011 3172 3051 ac
3198 3002 3418 3055 termini

1843 3078 2157 3132 consecutio
2204 3077 2286 3130 vel
2325 3080 2560 3148 repulsa.
2590 3080 2848 3137 Sumatur
2872 3085 3017 3139 enim
3073 3075 3218 3142 nunc
3268 3105 3424 3145 com-

1843 3167 2079 3222 muniter
2106 3168 2509 3236 praedestinatio
2530 3187 2546 3236 ;
2564 3171 2711 3226 velut
2733 3188 2903 3241 genus
2928 3178 3436 3244 praedestinationis'

1844 3263 1897 3310 ct
1957 3259 2351 3325 reprdbationis
2402 3275 2416 3312 :
2463 3262 2683 3329 quando
2730 3263 3009 3321 hominum
3066 3268 3197 3336 vita,
3255 3287 3418 3338 quam

1847 3349 1988 3416 apud
2013 3363 2070 3402 se
2095 3350 2326 3419 quisque
2355 3350 2504 3405 domi
2536 3352 2759 3422 elegerit
2779 3393 2793 3416 ,
2826 3364 2918 3410 aut
2948 3357 3111 3412 simul
3149 3343 3216 3414 ad
3254 3361 3416 3417 .‘iuem

1847 3438 2066 3494 adducit
2098 3456 2220 3496 cum
2266 3443 2579 3513 adjumento
2613 3449 3012 3516 cooperationis
3045 3450 3111 3504 ab
3142 3451 3249 3506 alto
3275 3468 3290 3519 ;
3320 3462 3417 3508 aut

1847 3544 1878 3584 a
1909 3529 2014 3584 line
2047 3531 2264 3585 abducit
2297 3545 2420 3586 cum
2459 3533 2832 3598 derelictione,
2874 3553 2991 3606 qua)
3037 3538 3274 3596 indidem
3315 3545 3414 3611 (it;

1848 3632 2212 3678 consentanea
2243 3625 2403 3678 etiam
2431 3626 2728 3682 demutatio
2764 3629 2832 3684 ab
2857 3630 3122 3696 ejusmodi
3156 3634 3263 3711 vita
3292 3650 3423 3690 cou-

1848 3727 2048 3784 gruens
2076 3713 2174 3767 via:
2198 3729 2316 3781 quas
2345 3715 2410 3769 ad
2444 3715 2605 3770 linem
2637 3718 2916 3788 perducit;
2943 3721 3045 3774 hoc
3065 3732 3150 3777 est
3170 3729 3424 3793 praesenti

1847 3804 1991 3868 vitae,
2025 3814 2078 3860 et
2108 3807 2367 3874 peculiari
2399 3816 2518 3876 post
2553 3823 2672 3864 eam
2720 3811 2842 3866 linis
2886 3813 3158 3882 adeptioni
3213 3826 3305 3873 aut
3337 3834 3424 3874 re-

1788 3911 1798 3929 ·
1828 3895 2018 3966 pulsa:
2050 3895 2347 3966 conformis
2375 3907 2456 3953 est
2489 3908 2651 3968 atque
2685 3916 3013 3971 consonans;
3043 3907 3266 3974 perinde
3289 3925 3355 3966 ac
3374 3911 3422 3967 si

1850 3989 1905 4044 in
1941 3991 2177 4046 conﬁnio
2219 4005 2364 4048 esset
2412 3995 2701 4065 utriusque
2730 3999 2875 4063 vitae,
2926 4009 2979 4054 et
3017 4011 3274 4072 tanquam
3318 4009 3420 4063 via:

1851 4092 2014 4151 atque
2044 4082 2165 4138 linis
2196 4084 2408 4152 copula.
2454 4085 2761 4155 Aliquando
2809 4090 2951 4144 enim
2999 4108 3121 4147 eum
3172 4096 3422 4152 interitus

1850 4170 2109 4225 omnibus
2126 4171 2195 4225 sit
2217 4173 2566 4242 conspicuus,
2591 4183 2648 4228 ut
2675 4177 2834 4233 habet
2857 4197 2915 4235 se
2935 4182 3001 4236 atl
3029 4184 3193 4237 vitam
3223 4183 3458 4240 mrum-5

1851 4276 2038 4316 nosam
2089 4270 2182 4316 aut
2231 4265 2440 4318 beatam
2498 4281 2618 4334 quae
2675 4268 2858 4323 statim
2918 4281 3209 4342 exceptura
3265 4287 3348 4331 est
3401 4295 3416 4333 :

1851 4353 2306 4424 quemadmodum
2348 4356 2401 4410 in
2430 4356 2496 4412 iis
2531 4359 2622 4429 qui
2644 4359 2870 4427 justititP.
2900 4379 3067 4420 causa
3100 4377 3192 4422 aut
3214 4370 3424 4437 pietatis

1853 4449 2027 4518 palam
2071 4449 2208 4503 mori
2240 4449 2478 4515 voluere,
2511 4467 2617 4506 non
2666 4452 2872 4523 absque
2920 4455 3051 4524 Deo,
3084 4471 3137 4513 et
3183 4460 3422 4530 inspira-

1856 4540 2004 4594 tione
2033 4554 2152 4608 quae
2194 4540 2480 4594 desursum
2522 4544 2703 4610 venit;
2737 4548 2881 4613 quod
2928 4550 3255 4618 martyribus
3286 4568 3420 4608 con-

149 4615 462 4706 λευὸμενοι
494 4636 682 4706 βιαίως
723 4635 1025 4703 ὲξάγωνται
1054 4635 1152 4702 τῆς
1183 4634 1328 4704 ζωῆς
1356 4636 1451 4689 καὶ
1479 4651 1744 4705 συκοφαν-

1854 4633 2023 4697 venit,
2071 4638 2234 4699 atque
2282 4633 2540 4688 omnibus
2591 4635 2684 4703 qui
2728 4652 2847 4690 cum
2891 4615 3086 4693 virtute
3115 4650 3166 4696 et
3199 4637 3418 4713 propter

148 4730 455 4798 τούμενοι,
506 4729 539 4799 ἢ
601 4728 690 4781 ἐπὶ
744 4727 852 4780 τῶν
908 4727 1186 4797 φυγόντων
1235 4724 1602 4795 τὺνκόσμον,
1653 4730 1749 4782 καὶ

151 4817 406 4890 σταυρῷ
453 4817 771 4888 πρέπουσαν
818 4815 1100 4885 ζησάντων
1129 4815 1296 4885 ζωὴν,
1343 4816 1434 4869 καὶ
1464 4814 1654 4886 ὁμοίαν
1679 4817 1744 4886 τῇ

149 4907 278 4978 ζωῇ
345 4904 607 4973 τελευτὴν
659 4903 1074 4972 ἀπαράκλητον,
1125 4901 1281 4957 ἐνίων
1328 4902 1384 4956 δὲ
1417 4903 1510 4958 καὶ
1563 4903 1746 4958 ἄδικον

149 5000 587 5068 ὑφισταμένων,
628 4994 661 5068 ἢ
694 4995 1000 5049 τούναντίον
1030 4995 1123 5048 ἐπὶ
1159 4995 1268 5048 τῶν
1297 4995 1382 5047 ἐπ’
1417 4995 1621 5058 ἀδίκοις
1654 4995 1755 5067 καὶ,

151 5091 441 5163 πονηροῖς
469 5088 807 5159 τολμήμασι,
846 5089 939 5142 ml.
968 5090 1032 5157 τῇ
1063 5087 1158 5157 ὅλῃ
1199 5088 1543 5157 συμμόρφοις
1571 5087 1747 5140 αὐτῶν

149 5189 277 5256 ζωῇ
313 5183 422 5250 τὴν
452 5183 768 5252 πρέπουσαν
791 5179 1166 5248 ὑφισταμένων
1191 5179 1380 5250 βιαίως
1409 5177 1606 5243 ἔξοδον.

1857 4723 2030 4792 ipsam
2077 4722 2416 4788 mOtiunlur;
2453 4718 2982 4782 tametsimanifeste
3017 4731 3275 4798 martyrio
3309 4748 3419 4789 non

1853 4815 2282 4878 admoveantur;
2323 4811 2415 4867 sed
2451 4813 2666 4869 insidiis
2714 4825 2766 4870 et
2816 4817 3104 4874 calumniis
3155 4823 3421 4891 appetiti,

1855 4905 1965 4961 vita
2001 4905 2300 4974 spolientur
2332 4920 2347 4958 :
2377 4915 2472 4959 aut
2519 4905 2587 4961 iis
2630 4906 2722 4976 qui
2771 4907 2956 4977 fugere
3007 4911 3290 4979 mundum,
3340 4916 3428 4970 vel

1853 4996 2004 5052 cruci
2035 5007 2420 5066 congruentem
2441 4996 2713 5066 agitarunt
2737 4999 2920 5066 vitam,
2949 5015 3012 5055 ac
3040 5003 3269 5058 similem
3304 5005 3426 5062 vitae

1855 5088 2062 5162 obitum
2095 5087 2491 5143 consolationis
2534 5098 2808 5158 expertem
2842 5108 2854 5144 :
2891 5107 3013 5144 cum
3047 5081 3292 5150 nonnulli
3326 5097 3428 5150 ini-

1857 5193 2022 5250 quam
2053 5179 2175 5233 vita
2203 5179 2460 5247 degendae
2490 5181 2783 5250 mortisque
2826 5184 3121 5240 subeunda:
3160 5189 3425 5241 rationem

147 5279 444 5337 insistunt
482 5289 499 5326 :
534 5283 626 5328 aut
657 5281 864 5336 contra,
901 5271 970 5325 iis
999 5271 1533 5342 convenientemqui
1574 5272 1645 5328 ob
1673 5271 1873 5342 injusta
1909 5282 1961 5329 et
2009 5272 2276 5327 scelerata
2322 5270 2568 5327 facinora
2638 5274 2732 5328 toti
2806 5275 3051 5345 ipsorum
3116 5277 3237 5332 vitae
3287 5293 3424 5334 cou-

145 5387 457 5438 scntauea,
503 5377 894 5439 congruentem
954 5369 1229 5425 interitum
1285 5370 1546 5424 violenter
1595 5369 1886 5426 sutl‘eruut.

223 5473 312 5526 οὐ
349 5468 520 5538 μόνον
547 5464 604 5518 δὲ
633 5466 699 5533 τῇ
730 5464 908 5540 κρίσει
939 5463 1044 5517 τῶν
1069 5462 1370 5532 ἀνθρώπων
1399 5464 1574 5534 σαφής
1603 5465 1750 5516 ἐστιν

149 5570 184 5637 ἡ
218 5559 473 5627 τοιαύτη
502 5556 726 5626 τελευτὴ
753 5555 854 5610 ποῦ
873 5557 1047 5624 φέρει,
1075 5555 1211 5609 ἀλλά
1238 5557 1350 5618 τοῖς
1383 5554 1521 5622 ὑπὲρ
1549 5555 1750 5625 ἀρετῆς

151 5675 213 5713 τε
254 5654 368 5709 καὶ
405 5648 694 5711 εὐσεϐείας
737 5648 994 5715 θνήσκειν
1022 5648 1477 5719 προαιρουμένοις
1524 5647 1754 5716 λαμπρά

153 5749 257 5806 καὶ
288 5741 538 5810 ’ποικίλη
571 5742 606 5809 ὴ
647 5740 894 5808 οὐράνιος
940 5739 1286 5807 ἐπιφαίνεται
1337 5737 1631 5809 μαρτυρία,
1663 5744 1759 5802 καὶ,

541 5837 654 5895 PM
675 5852 812 5896 noL.
858 5837 970 5895 Gn.
1024 5834 1204 5896 CLX.

1930 5461 2132 5519 Verum
2167 5423 2272 5518 Ilion
2306 5462 2514 5530 judicio
2551 5471 2757 5518 tantum
2799 5464 3079 5519 hominum
3129 5461 3424 5519 dilucidum

1859 5565 1956 5617 est,
1986 5571 2094 5627 quo
2122 5556 2309 5610 tendat
2342 5571 2488 5612 mors
2518 5556 2784 5626 ejusmodi
2831 5571 2845 5609 :
2889 5559 2980 5611 sed
3011 5569 3108 5624 pro
3136 5556 3332 5609 virtute
3370 5562 3427 5610 et

1863 5648 2058 5716 pietate
2089 5648 2224 5701 mori
2264 5647 2631 5717 cupientibus.
2657 5649 2864 5703 clarum
2889 5656 2940 5703 et
2963 5649 3168 5701 varium
3201 5655 3428 5717 apparet

1861 5736 2079 5792 cmleste
2146 5729 2544 5807 testimonium,
2606 5749 2659 5797 et
2719 5738 3071 5816 familiarium
3119 5741 3306 5795 oculos
3362 5751 3428 5798 ac

2948 5832 3026 5895 18
