3986 6328
626 266 735 327 {~55

1727 263 2109 322 GENNADll
2150 263 2255 323 cr.
2306 260 2823 343 ΡΑῊιιΑιιςιΙίΕ

3790 261 3882 321 556

617 393 830 440 mentes
860 382 1122 448 percellit.
1156 380 1433 435 Interdum
1469 377 1629 430 etiam
1667 376 1867 430 multos
1897 373 2032 441 fugit
2062 388 2209 427 mor-

2315 372 2409 433 τὰς
2447 369 2553 422 τῶν
2585 363 2853 422 συνόντων
2884 366 3033 437 διιεις
3067 371 3159 425 καὶ
3187 371 3365 440 ψυχὰς
3414 369 3882 438 καταπλήττουσπ.

617 477 688 532 tis
728 477 1015 540 terminus,
1060 484 1252 542 praeter
1294 487 1386 525 eos
1425 486 1518 537 qui
1553 469 1875 522 sustinent:
1919 467 2210 536 aliquando

616 586 686 625 ne
719 571 854 640 ipsis
885 570 1101 637 quidem
1138 567 1223 619 hic
1256 562 1600 632 conspicitur
1631 559 1809 618 donec
1834 568 1964 614 sunt
2008 561 2059 614 in
2093 575 2212 615 cor-

617 676 773 730 pore,
805 661 883 713 vel
924 658 1052 711 dum
1089 657 1251 708 etiam
1291 654 1478 721 expiat
1515 651 1772 706 interitus
1802 651 1988 705 divina
2021 649 2210 720 benig-

619 755 811 812 nitate,
870 749 914 802 si
968 748 1241 800 violentus
1297 746 1402 809 sit;
1454 744 1654 813 quibus
1701 743 1981 796 decretum
2048 741 2211 796 fuerit

617 838 861 892 sufficere
897 852 1069 903 usque
1102 837 1238 889 adeo
1283 834 1531 904 expiari,
1565 844 1623 887 ut
1653 832 2083 888 misericordiam
2116 830 2212 884 ob-

620 929 850 980 tinentes
881 918 1040 978 liuent
1076 925 1298 977 beatum
1333 924 1721 978 nanciscantur
1757 941 1771 977 :
1808 921 1893 974 vel
1920 922 2048 977 dum
2076 921 2210 975 alios

610 1016 782 1082 juvat,
815 1016 858 1068 si
891 1014 1175 1068 exordium
1212 1013 1283 1068 sit
1332 1012 1669 1068 infelicitatis
1715 1027 1834 1081 qua:
1886 1012 1994 1065 illic
2019 1021 2124 1074 est,
2155 1020 2212 1065 et

619 1107 1006 1176 improbitatis,
1049 1122 1172 1174 qum
1221 1107 1308 1159 hic
1361 1116 1668 1169 exercetur,
1733 1113 1894 1172 atque
1947 1103 2218 1157 indicium

613 1199 1107 1252 animadversionis
1139 1207 1359 1266 propter
1394 1198 1594 1265 ipsam,
1648 1197 1696 1249 vi
1750 1195 2082 1260 inducatur;
2117 1201 2211 1247 aut

613 1296 983 1348 additamenta
1013 1295 1244 1346 miseria:
1273 1304 1390 1360 qum
1421 1292 1494 1344 ibi
1526 1299 1628 1356 est,
1664 1287 1807 1343 facto
1837 1289 1887 1342 in
1922 1288 2206 1358 improbis,

616 1386 658 1439 si
692 1388 900 1454 absque
938 1387 1183 1439 cruciatu
1216 1399 1361 1436 mors
1401 1382 1564 1437 fuerit
1597 1401 1610 1436 :
1657 1391 1747 1434 aut
1781 1382 1847 1436 ad
1885 1397 2208 1451 coiupensa-

615 1483 821 1535 tionem
854 1479 1090 1546 aliquam
1120 1477 1343 1546 iustitia:
1371 1476 1459 1530 hic
1501 1484 1657 1539 actm,
1691 1476 1849 1544 quasi
1882 1474 1985 1529 alia
2020 1476 2208 1546 pravi-

617 1581 701 1627 tas
736 1573 974 1642 ipsorum
1018 1571 1126 1624 illic
1207 1570 1347 1636 quod
1387 1585 1482 1638 par
1529 1577 1583 1623 et
1636 1567 1916 1638 proprium
1946 1576 2029 1622 est
2059 1582 2210 1622 accc.

618 1666 755 1733 perit
778 1662 1024 1732 ;justitia
1051 1662 1136 1715 hic
1163 1661 1403 1715 exhibita
1432 1660 1739 1715 viventibus
1764 1669 1816 1714 et
1843 1659 2204 1714 morientibus

2323 457 2478 509 Ἔστι
2521 456 2567 510 δ’
2597 458 2682 508 ὅτε
2728 458 2822 509 καὶ
2855 456 3107 510 λανθάνει
3145 459 3242 527 μὲν
3285 462 3410 521 τοὺς
3456 459 3686 519 πολλοὺς
3715 461 3773 511 τὸ
3801 459 3884 512 πέ-

2319 566 2418 620 ρας
2465 539 2876 618 τῆς’τε).ευτῆς,
2931 550 3067 620 πλὴν
3113 551 3291 604 αὐτῶν
3332 551 3437 604 τῶν
3487 550 3882 620 ὑφισταμένων,

2317 644 2485 697 ένίοτε
2521 640 2656 710 μηδὲ
2693 643 2875 705 αὑτοῖς
2915 643 3149 696 ἐνταῦθα
3191 635 3591 712 συ·.ορῶμενον,
3624 644 3724 706 ἕως
3757 643 3883 695 είσὶν

2315 737 2371 787 ὲν
2401 735 2476 803 τῷ
2507 733 2742 803 σώματι,
2780 737 2874 789 καὶ
2919 737 2949 806 ἢ
2989 737 3357 807 καθαιρούσης
3404 739 3502 806 τῆς
3533 737 3788 806 τελευτῆς
3829 739 3885 788 ἐκ

2315 829 2465 892 θείας
2494 828 2908 898 φιλανθρωπίας
2946 830 3012 883 ἂν
3045 830 3217 898 βίαιος
3260 827 3316 902 ᾖ,
3352 827 3430 894 οἷς
3463 833 3652 901 ἀρκεῖν
3686 832 3751 885 ἂν
3776 847 3887 894 κρι-

2315 919 2430 989 θείη
2463 919 2714 973 τοσοῦτον
2765 920 3105 990 καθήρασθαι
3138 922 3272 990 πρὸς
3316 923 3378 974 τὸ
3412 921 3596 992 τυχείν
3631 924 3882 991 ἐλεουμέ-

2314 1027 2436 1072 vati;
2471 1011 2660 1075 τέλους
2706 1013 3042 1078 εὐδαίμονος,
3088 1013 3119 1082 ἢ
3153 1013 3278 1077 τοὺς
3328 1013 3524 1076 ἄλλους
3555 1014 3880 1084 ὠφελούσης,

2315 1105 2382 1158 ἂν
2430 1104 2718 1176 προοίμιον
2757 1107 2852 1172 τῆς
2895 1109 3010 1158 ἐκεῖ
3053 1106 3502 1176 κακοδαιμονίας,
3552 1108 3644 1171 καὶ
3673 1108 3772 1176 τῆς
3807 1109 3920 1161 ὲν-“

2314 1198 2487 1251 ταῦοα
2518 1199 2804 1266 πονηρίας,
2837 1199 2932 1252 καὶ
2965 1198 3033 1251 δι’
3057 1199 3228 1269 αὑτὴν
3254 1200 3611 1269 ’ἀποστροφῆς
3647 1199 3883 1265 ἔνδειξις,

2315 1288 2509 1358 βιαίως
2562 1290 2859 1357 ὲπάγηται,
2907 1287 3059 1360 καὶῆ
3095 1271 3412 1361 προσθήκης
3457 1291 3520 1359 τῇ
3567 1290 3680 1341 ἐκεῖ
3726 1307 3884 1340 κακο-

2313 1381 2568 1452 δαιμονίᾳ
2596 1380 2760 1451 οὔσης
2803 1383 2859 1433 ἐν
2890 1384 2999 1443 τοῖς
3038 1385 3315 1450 πονηροῖς,
3349 1381 3412 1433 ἂν
3446 1375 3764 1451 ἀνώδυνοςῇ
3795 1397 3808 1411 ·
3850 1380 3878 1448 ἢ

2315 1473 2451 1542 πρὸς
2485 1473 2722 1542 ἀμοιῦήν
2764 1490 2883 1528 τινα
2941 1473 3285 1543 δικαιοσύνης
3333 1460 3570 1526 ἐνταῦθά
3617 1487 3781 1534 τινος,
3813 1471 3880 1532 ὡς

2313 1564 2378 1617 ἂν
2411 1565 2510 1634 τῆς
2542 1565 2710 1633 ἄλλης
2763 1566 3032 1634 πονηρίας
3071 1567 3251 1618 αὐτῶν
3286 1567 3402 1618 ἐκεῖ
3453 1565 3511 1616 τὸ
3547 1564 3660 1616 δέον
3694 1562 3787 1615 καὶ
3813 1563 3879 1612 οὶ-

2314 1660 2458 1710 κεῐον
2511 1658 2988 1730 προσληψομένης,
3039 1661 3071 1730 ἡ
3133 1659 3368 1711 ἐνταῦθα
3425 1657 3736 1723 δικαιοσύνη
3792 1657 3880 1709 καὶ

619 1771 726 1809 non
787 1770 1016 1824 prorsus
1071 1753 1319 1807 mercede
1387 1752 1633 1806 fraudata
1682 1752 1846 1807 fuerit
1879 1769 1892 1804 :
1927 1752 2198 1806 interdum:

2315 1751 2448 1812 ζῶσι
2471 1722 2566 1804 καί
2599 1722 3017 1823 τελεύτέῦσιίμὴ
3051 1722 3308 1818 καθάπαξ
3329 1753 3557 1822 ἄμισθος
3687 1722 3880 1804 Ἐνίοτε

617 1847 782 1901 etiam
821 1846 1204 1902 nonnullorum
1239 1845 1492 1914 precibus
1538 1860 1739 1900 numen
1768 1845 2048 1912 elargilur.
2089 1843 2204 1899 Non

616 1941 760 1992 enim
787 1938 1043 1992 omnibus
1076 1952 1252 2006 neque
1280 1938 1526 1990 omnium
1563 1939 1700 1991 votis
1737 1937 2094 2006 gratificatur;
2145 1951 2206 1990 ac

616 2033 883 2086 diversam
915 2030 966 2083 in
993 2030 1132 2096 ipsis
1163 2030 1283 2082 vita:
1306 2040 1514 2083 sortem
1552 2027 1817 2082 decernit.
1849 2028 2059 2081 Etenim
2085 2029 2205 2094 qni-

615 2125 737 2178 dam
770 2122 892 2176 vita:
932 2123 1138 2174 exitum
1168 2121 1355 2174 dolore
1388 2129 1667 2188 carentem
1721 2129 1773 2173 et
1803 2128 2052 2189 pacatum
2101 2119 2204 2172 sibi

617 2225 984 2285 apprecantur
1013 2231 1024 2267 :
1050 2213 1137 2267 alii
1164 2227 1485 2282 generosum
1515 2212 1696 2281 potius
1722 2222 1774 2268 et
1799 2213 1890 2281 qui
1923 2210 2206 2265 materiam
2241 2249 2244 2252 ι

618 2311 752 2384 ipsis
776 2309 1028 2363 exhibeat
1061 2309 1344 2377 sapientia:
1377 2307 1583 2371 studii,
1614 2316 1666 2360 et
1708 2307 1864 2361 home
1898 2306 2038 2376 spei.
2071 2303 2204 2359 Nam

617 2403 702 2458 sic
739 2419 767 2456 e
800 2403 909 2455 vita
943 2400 1198 2469 migrare,
1237 2399 1323 2453 vel
1362 2413 1690 2452 coronarum
1739 2407 2092 2466 augmentum
2145 2398 2208 2450 iis

625 2493 718 2565 qui
756 2495 1006 2558 honeste,
1044 2492 1210 2560 probe
1247 2493 1440 2559 pieque
1469 2490 1761 2544 admodum
1806 2489 2077 2554 vixerunt,
2111 2497 2204 2544 aut

615 2575 995 2658 expiationem
1016 2584 1309 2654 perfectam
1342 2583 1855 2651 absolutionemque
1879 2581 2057 2638 omnis
2087 2598 2207 2636 rea-

627 2691 715 2734 tus
752 2679 819 2732 iis
851 2679 942 2748 qui
982 2676 1116 2746 lapsi
1145 2687 1294 2741 sunt,
1325 2688 1645 2743 comparare
1675 2683 1881 2727 certum
1911 2683 2018 2726 est.
2062 2675 2206 2728 Sub-

617 2775 898 2830 ninistrat
930 2784 1114 2827 autem
1150 2772 1334 2826 divino
1359 2771 1503 2824 circa
1545 2769 1793 2837 quemvis
1826 2769 2053 2836 judicio,
2093 2778 2204 2822 tuin

619 2862 876 2916 diversus
905 2861 1030 2914 vita)
1065 2869 1260 2924 status,
1308 2861 1442 2914 ordo
1476 2869 1527 2911 et
1573 2859 1943 2926 propositum,
1982 2860 2032 2912 in
2073 2875 2207 2914 uno-

617 2969 858 3023 quoque,
892 2963 1005 3006 tum
1037 2951 1321 3009 electionis
1344 2948 1746 3016 voluntatisque
1777 2965 1966 3004 rursus
1999 2950 2050 3003 in
2087 2951 2204 3018 plu-

621 3050 805 3113 ribus,
832 3058 885 3102 et
904 3047 1112 3101 ordinis
1132 3045 1540 3106 communione,
1565 3043 1629 3095 ad
1649 3043 1918 3097 diversum
1947 3043 1999 3096 in
2019 3043 2207 3111 siugu-
2236 3067 2279 3124 ο

617 3141 706 3202 iis,
733 3147 787 3190 et
817 3140 1064 3194 eumdem
1110 3139 1160 3190 in
1199 3135 1444 3205 pluribus
1479 3136 1598 3189 vitze
1629 3149 1910 3188 excessum
1946 3135 2209 3189 delinien-

616 3234 772 3288 dum.
810 3221 1339 3300 Eequzenam'porro
1392 3242 1546 3280 mens
1596 3227 1729 3279 satis
1769 3227 1965 3280 virium
1997 3234 2052 3280 et
2081 3241 2211 3280 acu-

617 3326 781 3380 minis
835 3323 1100 3385 haberet,
1155 3320 1220 3375 ad
1273 3318 1543 3377 infinitam
1596 3316 1688 3372 Dei
1743 3318 2207 3384 dispensationem

617 3417 1052 3486 in’ve‘stigandam
1087 3415 1138 3467 iu
1182 3412 1449 3481 ejusmodi
1491 3410 1655 3465 rebus
1687 3411 1924 3464 e‘sacris
1954 3411 2209 3480 feluquiis

617 3525 683 3565 ac
707 3507 907 3564 divinis
935 3508 1073 3562 actis
1097 3531 1100 3535 -
1123 3504 1479 3574 colligendam
1502 3503 1524 3556 ?
1544 3501 2010 3568 Quemadmodum
2045 3504 2211 3571 igitur

623 3599 1041 3670 sapit-ntissiina
1077 3607 1129 3652 et
1161 3596 1342 3651 ditina
1377 3593 1786 3648 administratio
1834 3595 1978 3647 circa
2019 3594 2209 3648 mortis

621 3690 843 3745 modum
875 3700 979 3751 est,
1005 3689 1153 3756 juxta
1181 3686 1540 3742 Providentia:
1562 3686 1736 3752 ipsius
1764 3686 2213 3741 constitutionem

620 3784 680 3836 in
715 3795 1044 3850 unoquoque
1074 3779 1355 3832 hominum
1395 3793 1408 3828 :
1454 3777 1535 3830 sic
1576 3776 1740 3830 etiam
1783 3776 1927 3830 circa
1961 3792 2211 3830 comnm-

620 3870 848 3924 tationis
881 3879 1092 3937 tempus
1121 3866 1395 3920 diversam
1419 3875 1472 3920 et
1502 3865 1708 3918 variam
1741 3865 2208 3934 dispensationem

618 3961 858 4016 divinam
894 3961 1074 4013 videre
1108 3966 1208 4012 est.
1252 3956 1383 4011 Nam
1418 3958 1484 4012 iis
1518 3958 1609 4027 qui
1645 3958 1695 4010 in
1721 3941 2008 4037 iuventute
2041 3960 2208 4012 vitam
2265 3964 2269 3969 '

585 4084 592 4088 -
621 4069 747 4109 cum
782 4061 958 4108 morte
986 4061 1346 4114 commutant,
1383 4049 1490 4104 vito
1519 4049 1775 4117 eripitur,
1807 4064 1872 4102 eo
1907 4049 2048 4118 quod
2076 4059 2212 4102 tem-

532 4179 541 4186 κ
622 4146 772 4217 poris
813 4144 1131 4199 accessione
1164 4143 1336 4196 virtus
1371 4151 1424 4196 et
1461 4141 1819 4211 intelligentia
1856 4142 2094 4210 ipsorum
2126 4143 2210 4196 in.

624 4250 966 4294 elementum
995 4245 1284 4305 acceptura
1315 4250 1421 4288 non
1460 4245 1643 4300 esset;
1689 4235 1782 4288 sed
1820 4235 1872 4287 in
1910 4234 2059 4303 pejus
2093 4251 2210 4288 lllll-

565 4328 568 4331 ’
618 4339 824 4384 tatura.
880 4329 1014 4383 Aliis
1061 4329 1168 4381 vita
1223 4339 1569 4395 prorogatur,
1625 4329 1718 4393 qui
1769 4341 2031 4381 concessa
2085 4328 2208 4381 vitae

2310 1843 2365 1894 δὲ
2403 1846 2496 1896 καὶ
2528 1845 2716 1915 εὐχαῖς
2768 1863 2925 1898 τινων
2959 1834 3318 1917 χαριζόμενον
3363 1845 3422 1899 τὸ
3475 1845 3636 1906 θεῖον,
3691 1846 3748 1896 οὑ
3780 1846 3881 1912 γὰρ

2312 1935 2513 1997 πάσαις
2543 1935 2664 1987 οὑδὲ
2697 1936 2914 1988 πάντων
2943 1938 3252 2006 χαρίζεται,
3282 1939 3381 2006 τὴν
3419 1937 3675 2006 διάφορον
3707 1935 3761 1988 ἓν
3791 1938 3880 1987 αὑ·

2311 2028 2420 2088 τοῖς
2451 2027 2544 2078 τοῦ
2582 2026 2698 2096 βίου
2726 2028 3224 2099 ψηφίζεται-λῆξιν.
3254 2031 3316 2084 Ol
3350 2032 3450 2099 μὲν
3486 2033 3591 2100 γὰρ
3618 2030 3880 2083 ἀνώδυνον

2312 2119 2405 2170 καὶ
2458 2120 2732 2188 εἰρηνικὸν
2780 2123 2963 2184 αὑτοῖς
3012 2121 3263 2192 εὖχονται
3311 2123 3372 2176 τὸ
3433 2123 3528 2175 τοῦ
3586 2122 3699 2192 βίου
3732 2122 3883 2182 τέλος

2312 2206 2578 2280 ὑπάρξειν
2603 2227 2618 2242 ⁸
2650 2215 2699 2267 oi
2744 2215 2797 2266 δὲ
2836 2215 3080 2282 γενναῖον
3138 2215 3360 2284 μᾶλλον,
3398 2217 3494 2268 καὶ
3542 2215 3673 2284 ὓλην
3700 2215 3883 2275 αὑτοῖς

2314 2305 2553 2374 παρέχον
2581 2305 2896 2373 φιλοσοφίας
2930 2308 3023 2360 καὶ
3058 2305 3268 2362 εὔελπι.
3302 2307 3375 2360 Τὸ
3406 2308 3516 2377 γὰρ
3551 2308 3688 2360 οὕτω
3717 2325 3883 2376 μετα-

2314 2397 2505 2464 στῆναι
2552 2395 2645 2449 τοῦ
2693 2397 2809 2466 βίου
2845 2398 2877 2468 ἢ
2920 2400 3199 2467 στεφάνων
3231 2399 3554 2469 προτθήκην
3585 2402 3691 2462 τοῖς
3721 2402 3884 2466 ἀκρι-

2315 2485 2423 2547 ϐῶς
2457 2485 2803 2554 βεϐιωκόσιν,
2840 2489 2871 2557 ἢ
2905 2489 3173 2559 κάθαρσιν
3206 2492 3422 2544 τελείαν
3456 2493 3549 2544 iui
3592 2491 3740 2542 λύσιν
3776 2492 3886 2542 ἐνο-

2314 2577 2414 2644 χῆς
2446 2578 2665 2649 ἁπάσης
2699 2583 2810 2642 τοῖς
2851 2583 3187 2646 ὲπςαικότιν,
3220 2582 3424 2634 οἴδασιν
3464 2585 3546 2634 δν.
3589 2582 3886 2652 ’Υπουργεί

2314 2669 2371 2720 δὲ
2399 2673 2461 2738 τῇ
2503 2670 2622 2740 θείᾳ
2676 2673 2801 2739 περ)⁵
2838 2673 3067 2725 ἕκαστον
3101 2676 3299 2742 -κρτσει
3341 2677 3374 2745 ἦ
3407 2692 3464 2726 τε
3505 2676 3758 2745 διάφορος
3799 2676 3884 2729 τοῦ

2315 2760 2436 2829 βίου
2467 2763 2618 2825 τάξις
2651 2775 2708 2814 τε
2739 2768 2830 2815 καὶ
2881 2765 3194 2834 προαίρεσις
3227 2768 3284 2819 ὲν
3328 2768 3566 2835 ἑκάστῳ,
3604 2773 3695 2821 καὶ
3730 2771 3758 2836 ἡ
3794 2769 3886 2834 τῆς

2313 2855 2684 2923 προαιρέσεως
2709 2852 2776 2908 αὖ
2809 2857 2864 2909 ὲν
2891 2858 3097 2910 πλείοσι
3125 2862 3214 2911 καὶ
3244 2863 3340 2930 τῆς
3375 2860 3580 2922 τάξεως
3613 2865 3885 2924 κοι·.ωνὶα,

2311 2945 2446 3012 πρὸς
2478 2945 2538 2997 τὸ
2574 2947 2830 3015 διάφορον
2864 2953 2923 3002 ἐν
2964 2951 3316 3022 έκάττοιςμῆ
3337 2953 3396 3004 τὺ
3423 2954 3556 3005 αὑτὸ
3585 2958 3641 3006 έν
3676 2955 3888 3015 πολλοῖς

2311 3038 2372 3088 τὸ
2401 3038 2498 3107 τῆς
2528 3036 2674 3108 ζωῆς
2707 3038 2986 3108 ὁρίζεσθαι
3021 3043 3192 3103 τέλος.
3245 3044 3354 3096 Καὶ
3385 3047 3537 3105 ποῖος
3571 3044 3637 3097 ἂν
3670 3046 3890 3112 ἐξαρκέ-

2319 3141 2430 3181 σειε
2462 3131 2583 3194 νοῦς
2632 3133 2730 3202 τὴν
2763 3133 2990 3202 ἄπειρον
3021 3137 3324 3203 ἀνιχνεύειν
3373 3135 3467 3187 τοῦ
3502 3135 3648 3187 θεί-υυ
3689 3139 3889 3188 οἰκονο-

2317 3222 2446 3290 μίαν
2475 3225 2534 3276 ὲν
2559 3226 2668 3287 τοῖς
2695 3224 2957 3286 τοιούτοις
2991 3226 3054 3278 ὲκ
3080 3225 3186 3278 τῶν
3209 3227 3366 3279 θείων
3386 3227 3639 3296 Γριφῶν,
3671 3231 3765 3281 καὶ
3789 3231 3893 3281 τῶν

2315 3310 2472 3365 θείων
2515 3314 2693 3383 ἔργων
2747 3315 3182 3385 συλλεγομένην;
3241 3318 3452 3386 Ὠσπερ
3502 3318 3595 3371 οὖν
3642 3322 3773 3391 περὶ
3806 3322 3893 3372 τὸν

2311 3407 2514 3475 τρόπον
2544 3406 2642 3468 τῆς
2692 3407 2946 3474 τελευτῆς
2982 3409 3350 3476 ποικιλωτάτη
3400 3413 3496 3460 καὶ
3540 3412 3819 3477 πάνσοφος
3866 3415 3891 3478 ἠ

2315 3498 2430 3550 θεία
2462 3499 2762 3567 οἰκονομία,
2796 3501 2937 3552 κατά
2965 3493 3062 3568 τὴν
3092 3501 3176 3570 ἐφ’
3210 3502 3425 3572 ἑκάστῳ
3447 3503 3558 3555 τῶν
3590 3503 3894 3574 ἀνθρώπων

2312 3590 2410 3658 τῆς
2459 3593 2625 3644 αὑτοῦ
2659 3592 2922 3661 Προνοίας
2983 3594 3225 3658 διάταξιν
3255 3613 3267 3624 ·
3307 3595 3448 3648 οὕτω
3499 3597 3590 3649 καὶ
3635 3599 3766 3666 περὶ
3809 3598 3893 3649 τὸν

2315 3681 2506 3749 χρόνον
2528 3680 2628 3749 τῆς
2664 3684 3052 3750 μεταστάσεως
3100 3685 3355 3754 διάφορον
3386 3687 3480 3738 καὶ
3512 3689 3768 3758 ποικίλην
3803 3691 3894 3757 τὴν)

2315 3772 2466 3825 θείαν
2495 3774 2809 3842 οίκονομίαν
2852 3775 3001 3829 ἐστιν
3035 3781 3188 3848 ὀρᾷν.
3221 3780 3284 3831 0i
3325 3781 3423 3848 μὲν
3457 3780 3565 3849 γὰρ
3600 3785 3656 3833 ὲν
3683 3782 3893 3851 νεότητι

2321 3865 2677 3933 μεθίστανται
2707 3869 2804 3936 τῆς
2832 3869 2976 3937 ζωῆς
3006 3871 3208 3938 ταύτης
3240 3873 3636 3942 ἁρπαζόμενοι,
3672 3875 3742 3935 ὠς
3798 3877 3892 3937 τῆς

2313 3957 2423 4006 τῶν
2476 3957 2681 4023 χρόνων
2735 3958 3052 4027 προσθήκης
3096 3960 3156 4011 οὑ
3188 3960 3286 4028 τὴν
3333 3963 3535 4030 ἀρετὴν
3587 3965 3770 4016 αὐτῶν
3806 3965 3895 4015 καὶ

2315 4047 2412 4114 τὴν
2445 4047 2659 4100 σύνεσιν
2691 4049 2872 4112 abisti:
2904 4050 3226 4120 μελλούσης,
3252 4054 3385 4106 ἀλλὰ
3416 4055 3780 4122 μεταϐάλλειν
3810 4059 3895 4110 ἐπὶ

2316 4141 2373 4192 τὸ
2432 4143 2648 4208 χεῖρον·
2703 4144 2749 4193 οἱ
2785 4141 2841 4194 δὲ
2898 4145 3314 4212 συγχωροῦνται
3350 4147 3448 4215 ζῇν
3483 4152 3548 4222 τῆ
3603 4152 3699 4216 τῆς
3753 4149 3896 4216 ζωῆς

2318 4233 2624 4304 προσθήκῃ,
2690 4234 3053 4303 προκόψοντες
3101 4237 3192 4288 ἐπὶ
3243 4237 3505 4304 τάγαθὸν,
3555 4240 3647 4292 καὶ
3703 4242 3894 4302 ἄλλους

2314 4321 2688 4389 ὠφελήσοντες
2721 4325 2798 4393 τῷ
2837 4326 2957 4376 καθ’
2991 4326 3217 4388 ἑαυτοὺς
3250 4328 3636 4397 ὑποδείγματι,
3680 4333 3711 4401 ῆ
3747 4333 3898 4384 τοὺ-έ-

621 4436 810 4484 usura,
855 4435 1080 4488 magnos
1126 4423 1176 4471 in
1224 4419 1366 4471 bono
1421 4419 1698 4485 profecms
1753 4417 1978 4484 facturi,
2036 4428 2203 4487 atque

2315 4416 2511 4477 αντίον,
2547 4412 2685 4466 ὥστε
2725 4415 2822 4484 τῆς
2853 4416 2962 4470 τῶν
2990 4418 3243 4488 πατέρων
3295 4420 3573 4490 ἀμαρτΐας
3605 4423 3898 4490 μέλλοντας

620 4514 748 4567 aliis
778 4510 1049 4579 profuturi
1082 4520 1209 4563 sunt
1253 4509 1502 4575 excituplo
1555 4525 1656 4561 suo
1694 4525 1707 4561 :
1741 4509 1821 4561 vel
1856 4522 1918 4561 ex
1950 4507 2199 4571 θύνει-ει),

624 4605 750 4671 quia
779 4600 1017 4654 futurum
1046 4609 1190 4652 esset
1217 4608 1278 4651 ut
1311 4607 1593 4666 parentum
1628 4599 1832 4667 peccati
1861 4599 2207 4666 tierent-par-

625 4695 834 4763 ticipes,
875 4706 936 4744 ac
965 4691 1168 4758 ﬂagitii,
1201 4705 1386 4743 eorum
1421 4704 1610 4756 poenas
1645 4689 1736 4742 hic
1769 4689 1998 4742 luerent.
2036 4691 2208 4744 imbe-

623 4787 849 4840 cillitate
887 4798 1011 4836 vero
1049 4791 1101 4836 et
1132 4781 1377 4849 corporis
1416 4780 1618 4833 morbis
1649 4780 1848 4833 vexati"
1873 4780 2205 4855 amiguntur,

625 4884 679 4929 et
709 4883 936 4928 mortem
967 4871 1188 4936 obeunt,
1225 4872 1466 4938 plerique
1508 4871 1709 4938 quibus
1743 4887 1890 4924 mors
1916 4882 2039 4924 ante
2063 4873 2204 4924 diem

627 4965 968 5024 conceditur,
1002 4973 1058 5015 ut
1093 4973 1269 5017 errata
1301 4963 1503 5016 leviora
1543 4963 1763 5016 interitu
1793 4963 2205 5016 continuentur:

627 5069 682 5115 at
714 5059 898 5113 vivunt
927 5057 1143 5125 quidam
1180 5057 1366 5124 utique
1401 5054 1607 5109 diutius
1663 5064 1719 5114 ut
1764 5056 2096 5124 plurimum,
2142 5055 2208 5108 ad

629 5167 787 5205 nsum
824 5160 874 5204 ct
904 5153 1103 5202 bonum
1139 5147 1409 5216 publicum
1438 5148 1560 5200 :alii
1606 5156 1794 5202 contra
1817 5148 1880 5201 ad
1914 5147 2207 5215 perniciem

628 5241 859 5311 reipuhl.
899 5256 1022 5294 cum
1059 5240 1208 5306 digni
1258 5239 1366 5292 sint
1416 5240 1633 5307 utrique
1691 5255 1703 5290 :
1754 5237 1810 5291 hi
1847 5239 2063 5305 quidem
2116 5238 2209 5306 qui

626 5312 1067 5390 subminisuent.
1100 5330 1171 5381 illi
1204 5339 1381 5381 autem
1413 5330 1501 5395 qui
1536 5330 1716 5382 divina
1744 5329 2082 5396 benignitate
2117 5347 2212 5396 p0-

626 5432 852 5485 ttantur,
897 5431 988 5473 aut
1018 5435 1204 5473 aversa
1230 5434 1259 5471 a
1304 5419 1408 5472 Deo
1435 5427 1638 5472 tuente.
1671 5417 2150 5486 Excedunt'porro
2182 5435 2224 5473 e.

627 5517 732 5568 vita
761 5515 824 5568 ad
862 5515 1148 5568 utilitatem
1198 5520 1342 5565 certe
1393 5525 1547 5562 suam
1585 5511 1842 5574 celerius,
1895 5510 1987 5564 sed
2017 5527 2208 5566 eorum

629 5609 825 5660 damno
867 5605 1063 5674 quibus
1099 5604 1316 5659 illorum
1349 5602 1452 5655 vita
1483 5601 1852 5654 emolumento
1883 5613 2019 5665 erat,
2065 5616 2211 5672 post-

621 5713 791 5768 quam
839 5699 1042 5768 indigni
1084 5699 1196 5767 ipsa
1245 5694 1468 5750 indicati
1533 5692 1754 5750 fuerint.
1807 5695 1880 5748 Ex
1921 5696 1985 5750 iis
2018 5707 2200 5753 autem

2321 4506 2563 4572 γίνεσθαι
2615 4510 2930 4571 κοινωνοὺς,
2967 4501 3191 4580 nais-qv
3237 4513 3335 4580 τῆς
3363 4514 3642 4582 ἁμαρτίας
3674 4516 3898 4567 ἐκείνων

2315 4598 2471 4667 δίκην
2501 4600 2721 4668 ὑπέχειν
2751 4601 3003 4656 ἐνταῦθα.
3038 4604 3100 4656 Οἱ
3125 4604 3179 4655 δὲ
3212 4605 3566 4678 ἀσθενοῦντες
3594 4608 3686 4660 καὶ
3719 4611 3897 4679 ἀρρω-

2321 4688 2570 4751 στοῦντες
2622 4691 2996 4744 κακοπαθοῦσι
3041 4694 3136 4745 καὶ
3171 4695 3501 4762 θνήσκουσιν
3533 4699 3736 4764 ἱκανοὶ,
3765 4695 3897 4766 alii:

2318 4780 2541 4849 τελευτὴ
2576 4782 2668 4834 καὶ
2704 4786 2808 4852 προ
2841 4783 2988 4852 ὥρας
3017 4790 3379 4855 συγχωρεῖται
3411 4807 3424 4820 ·
3455 4789 3601 4842 ὥστε
3626 4792 3694 4842 τὰ
3725 4794 3837 4859 ἀρε-α
3851 4810 3898 4860 ρ-

2318 4876 2536 4940 τήματα
2566 4875 2674 4926 τῶν
2725 4878 3066 4950 κουφοτέρων
3100 4878 3228 4932 ὄντα
3259 4883 3325 4951 τῇ
3365 4882 3589 4953 τελευτῇ
3641 4883 3898 4937 διαλύσα-

2322 4963 2469 5017 σθιι.
2524 4966 2629 5016 Καὶ
2679 4967 2812 5029 ζῶσι
2852 4970 2952 5037 μέν
3007 4987 3148 5032 τινες
3179 4972 3271 5023 ἐπὶ
3321 4972 3486 5025 πλέον
3533 4976 3898 5042 κοινωφελιέις,

2320 5054 2468 5108 ἄλλοι
2498 5056 2553 5108 δὲ
2585 5057 2892 5111 τούναντίον
2947 5063 3332 5126 κοινοὸλαὸῶς,
3363 5064 3529 5128 ἀξίων
3557 5067 3732 5119 ὄντων
3783 5071 3901 5122 ἑκα-

2319 5149 2627 5216 τέρωντῶν
2679 5151 2778 5220 μὲν
2836 5153 3150 5221 ὑπουργεῖν,
3198 5156 3308 5208 τῶν
3370 5158 3425 5209 δὲ
3476 5135 3778 5214 ἀπολαύειν
3811 5163 3900 5222 τῆς

2321 5240 2469 5303 θείας
2521 5244 2893 5317 εὑμενείας,ῆ
2948 5247 3046 5319 τεῆς
3100 5249 3249 5311 θείας
3300 5253 3678 5322 ἀποστροφῆς.
3741 5255 3901 5309 HLO-i-

2322 5348 2542 5386 στανται
2570 5335 2626 5387 δέ
2654 5351 2799 5400 τινες
2845 5339 3001 5402 αὖθις
3031 5341 3114 5393 ἐπ’
3152 5340 3524 5411 ὠφελείᾳομὶν
3559 5345 3777 5397 ἑαυτῶν
3812 5350 3900 5400 τά·

2322 5440 2457 5492 χιον,
2495 5426 2670 5497 ζημίᾳ
2717 5427 2772 5480 δὲ
2824 5418 2933 5482 τῶν
2968 5431 3028 5482 ὲκ
3083 5433 3180 5500 τῆς
3230 5431 3453 5484 ἐκείνων
3504 5431 3900 5506 ὠφελουμένων

2321 5513 2486 5582 ζωῆς,
2517 5518 2735 5572 ἐπειδάν
2767 5523 2936 5590 αὑτῆς
2968 5524 3235 5591 κριθῶσιν
3269 5526 3404 5590 ἁνάξ
3431 5545 3502 5579 οι.
3541 5529 3660 5579 Τῶν
3692 5529 3740 5580 δ’
3777 5533 3897 5582 ἑαυ-

2318 5610 2431 5670 τοῖς
2468 5611 2649 5676 μόνοις
2670 5613 2762 5664 καὶ
2784 5614 2902 5682 Θεῷ
2934 5614 3151 5676 ζώντων
3197 5617 3377 5680 ἄλλοις
3409 5621 3477 5672 δι’
3511 5622 3671 5685 ἄλλας
3705 5624 3851 5675 αἰτέει
3872 5643 3898 5684 -,

2317 5699 2627 5772 ὠφελίμους
2671 5707 2934 5776 αὑτοῖς,ή
2992 5709 3101 5780 ζωὴ
3150 5711 3488 5781 μακρύνεται
3529 5715 3560 5786 ἦ
3611 5717 3902 5785 συντέμνεο
