3986 6328
615 264 722 362 55s

1635 289 2003 381 causam!
2035 289 2145 354 er.
2182 290 2700 358 mmmam

3748 301 3832 362 560

610 418 993 480 congruenter,
1043 407 1165 462 vitae
1198 404 1418 461 modulo
1448 403 1514 460 ad
1552 417 1742 458 eorum
1772 403 1862 472 qui
1895 402 2164 458 destinant

2285 406 2350 460 ἐκ
2378 405 2472 458 τοῦ
2522 404 2754 475 ἐσχάτου
2799 401 2958 475 μέχρι
2993 405 3088 459 καὶ
3133 404 3227 460 τοῦ
3271 405 3505 476 ἐσχάτου
3567 407 3837 479 ίσχυρῶςό

612 515 699 558 tur
730 501 1151 556 emolumentum
1183 500 1386 564 utitur;
1417 506 1473 551 et
1507 497 1670 549 vitain
1705 496 1943 562 metitur.
1971 494 2064 564 qui
2091 509 2184 572 so-

613 595 698 648 lus
723 594 898 663 metiri
943 601 1120 673 potest
1149 607 1162 645 :
1195 599 1247 644 et
1277 603 1397 658 quae
1430 595 1654 642 mortem
1685 585 1906 656 pariunt
1950 585 2070 654 ipso
2094 585 2184 653 ju-

614 685 797 746 bente,
836 680 1294 742 antcoucedente,
1329 677 1516 730 saltem
1555 681 1660 729 n'ou
1693 685 1933 741 vetante,
1986 676 2182 730 interi-

612 785 720 826 tum
757 773 1009 826 cilicium.
1045 788 1063 820 ι
1101 767 1330 838 Attingit
1356 766 1498 821 enim
1529 783 1558 820 a
1589 766 1694 821 fine
1723 781 1898 835 usque
1924 767 1988 820 ad
2020 767 2178 820 finem

562 851 570 860 ’
611 866 857 919 fortiter:
887 881 904 912 ι
936 869 992 915 ut
1029 863 1079 914 in
1109 858 1383 928 Sapientia
1424 859 1642 914 dicitur.
1683 877 1701 910 ι
1729 856 1794 912 Ει
1827 857 1937 912 duo
1965 873 2179 927 passer-

611 959 713 1011 culi
743 971 861 1010 asse
895 968 1062 1023 parvo
1089 961 1378 1018 vmneunt;
1410 960 1576 1022 atque
1612 964 1754 1006 unus
1784 966 1846 1005 ex
1895 951 2028 1020 ipsis
2068 965 2177 1004 non

609 1032 761 1104 cadet
788 1047 836 1097 in
871 1057 1010 1099 terra
1040 1045 1242 1110 absque
1267 1045 1424 1098 Patre
1449 1057 1601 1098 meo:
1631 1061 1651 1095 ι
1685 1045 1900 1112 (etquae
1922 1043 2177 1112 deinceps

606 1137 929 1208 sequuntur)
956 1155 970 1192 :
1001 1136 1408 1210 Dominus‘ipse
1452 1144 1635 1190 noster
1667 1135 1766 1191 ait.
1807 1135 1962 1202 Quod
1995 1145 2174 1190 autem

606 1247 707 1284 non
732 1245 921 1284 omnes
951 1240 1075 1281 sunt
1102 1229 1353 1293 studiosi,
1385 1243 1557 1295 neque
1597 1228 1665 1281 ad
1694 1236 1950 1282 :cternam
1995 1228 2160 1282 vitam

604 1309 984 1390 praedesiinati,
1013 1322 1114 1376 hoc
1139 1321 1272 1375 nihil
1307 1319 1372 1374 ad
1401 1336 1532 1373 rem.
1559 1318 1765 1374 Etenim
1795 1318 1984 1374 sufﬁcit
2009 1321 2171 1374 etiam

604 1431 723 1468 cum
766 1430 959 1481 magno
985 1415 1143 1468 Patre
1169 1413 1391 1476 Basilio,
1425 1413 1567 1482 quod
1603 1413 1995 1482 praedestinatis
2031 1410 2171 1491 affixi

601 1519 726 1562 sunt
762 1506 851 1560 Dei
886 1520 1148 1561 concessu
1194 1504 1316 1559 vitae
1345 1503 1583 1569 limites;
1611 1513 1659 1557 et
1695 1503 1758 1558 ad
1783 1505 2170 1572 sempiternum

605 1601 802 1653 bunum
827 1599 961 1668 ipsis
993 1598 1361 1652 extenduntur
1389 1604 1482 1650 aut
1514 1595 1939 1658 contrahuntur,
1969 1597 2172 1664 pariter

588 1705 727 1745 .cum
767 1691 947 1745 aureis
998 1698 1161 1758 atque
1200 1687 1471 1758 argenteis
1525 1700 1756 1756 quaeque
1805 1686 1857 1739 in
1908 1685 2168 1740 honorem

2286 497 2436 560 Θεὸς,
2467 481 2486 547 .'
2511 497 2569 549 ἐν
2592 499 2656 567 τῇ
2681 496 2852 568 Σοφίᾳ
2870 497 3088 566 λέγεται
3114 513 3129 528 °
3153 501 3248 555 καὶ
3277 517 3296 552 ι
3331 498 3435 553 Δύο
3465 501 3724 569 στρουθία
3755 505 3833 556 ἀσ-

2285 590 2474 659 σαρίου
2499 590 2782 655 πωλεῖται,
2808 592 2899 646 καὶ
2917 590 2974 643 ἐν
2994 589 3054 656 ἐξ
3083 592 3262 646 αὐτῶν
3286 593 3346 646 οὐ
3378 595 3628 647 πεσεῖται
3647 595 3728 656 είς
3755 597 3835 667 τὴν

2282 681 2385 751 γῆν
2409 680 2537 733 ἄνευ
2561 679 2656 734 τοῦ
2679 681 2890 751 Πατρός
2911 699 3032 750 μου,
3064 700 3082 733 ι
3110 683 3205 735 καὶ
3239 683 3306 737 τά
3334 683 3481 755 ἑξῆς,
3507 685 3668 749 αὐτὸς
3690 687 3718 738 ό
3742 687 3835 740 Κύ-

2283 787 2398 842 ριος
2424 772 2582 842 ἡμῶν
2609 789 2767 843 φησι.
2803 772 2876 826 Τὸ
2908 773 2963 852 δὲ
3001 773 3075 844 μὴ
3100 774 3307 838 πάντας
3339 771 3480 830 εἷναι
3508 777 3832 844 σπουδαίως,

2281 864 2419 932 μηδὲ
2472 864 2609 934 πρὸς
2659 866 2761 937 τὴν
2799 867 3125 937 προαιώνιον
3173 871 3625 939 προωρισμένους
3669 870 3828 940 ζωὴν,

2277 953 2430 1008 οὐδὲν
2464 956 2598 1026 πρὸς
2648 957 2742 1010 τὸν
2790 957 2968 1026 λόγον.
3013 957 3199 1027 Ἀρκεῖ
3244 960 3351 1029 γὰρ
3401 961 3496 1014 καὶ
3543 963 3676 1030 ἡμίν
3715 960 3830 1032 μετά

2276 1046 2371 1101 τοῦ
2407 1049 2645 1116 μεγάλου
2681 1050 2890 1121 Πατρδς
2927 1051 3208 1104 Βασιλείου
3253 1052 3313 1105 τὸ
3349 1053 3464 1115 τοῖς
3498 1055 3827 1126 προωρισμέ-

2275 1131 2394 1203 νοις
2413 1141 2719 1212 πεπηγέναι
2747 1141 2933 1196 θεόθεν
2962 1144 3029 1196 τά
3057 1144 3158 1213 τῆς
3188 1141 3334 1212 ζωῆς
3366 1145 3561 1213 μέτρα,
3590 1146 3686 1198 καὶ
3714 1144 3827 1211 πρὸς

2274 1232 2335 1285 τὸ
2387 1232 2557 1287 ἀΐδιον
2593 1235 2872 1306 συμφέρον
2918 1238 3102 1297 αὐτοῖς
3151 1236 3505 1295 ὲκτείνεσθαι.
3545 1237 3578 1306 ἢ
3626 1238 3827 1292 συστέλ-

2273 1325 2462 1378 λεσθαι
2497 1328 2609 1390 τοῖς
2655 1313 2873 1396 χρυσοῖς
2910 1344 2966 1380 τε
3012 1327 3106 1381 καὶ
3145 1330 3406 1397 ἀργυροῖς
3449 1329 3541 1381 καὶ
3570 1330 3651 1392 εἰς
3680 1330 3825 1399 τιμὴν

2277 1416 2516 1481 σκεύεσι,
2555 1417 2697 1470 κατά
2731 1417 2821 1471 τὸν
2867 1419 3098 1484 Παῦλον,
3137 1419 3298 1488 οίπερ
3344 1419 3710 1489 ἀναρίθμητοι
3745 1423 3823 1488 μέν

2273 1505 2404 1571 είσι,
2435 1508 2526 1559 καὶ
2559 1507 2752 1562 τούτου
2791 1508 2952 1578 χάρις
2983 1511 3014 1580 ἡ
3069 1511 3422 1577 γένεσις,ἐίς
3455 1511 3823 1580 ἀναπλήρωσιν

2272 1596 2380 1648 τῶν
2416 1597 2692 1651 πεσόντων
2722 1599 3017 1670 οὐρανόθεν
3047 1601 3314 1669 ἀγγέλων.
3345 1601 3464 1672 Θεῷ
3491 1603 3546 1656 δέ
3579 1604 3823 1671 γινωσκό-

2277 1703 2430 1755 μενοι
2482 1687 2649 1760 μόνῳ,
2694 1691 2790 1744 καὶ
2844 1691 2936 1743 ὑπ’
2990 1693 3153 1745 αὑτοῦ
3203 1693 3564 1763 φανεροῦντσί
3606 1710 3748 1757 τινες
3773 1692 3822 1756 ἐξ

605 1790 732 1837 sunt
766 1782 934 1844 vasis,
967 1796 1029 1835 ex
1067 1779 1126 1833 Β.
1155 1779 1354 1845 Paulo;
1395 1779 1486 1846 qui
1518 1777 1732 1844 quidem
1763 1786 1891 1832 sunt
1916 1779 2164 1832 innume-

2271 1773 2472 1839 αὐτῶν,
2500 1776 2591 1840 οὓς
2616 1779 2684 1832 ἂν
2712 1779 2982 1850 βούλοιντο
3013 1782 3379 1851 φανεροῦσθαι
3422 1783 3719 1846 κάνταῦθα,
3747 1784 3821 1837 καὶ

605 1877 650 1928 ri
683 1893 693 1926 :
727 1885 886 1943 atque
915 1880 1198 1942 caprOpter
1227 1870 1506 1940 generatio
1532 1879 1616 1925 est
1646 1869 1709 1924 ad
1734 1871 2165 1940 supplementum

603 1968 919 2033 angelorum
950 1965 1043 2034 qui
1088 1979 1116 2018 e
1137 1963 1291 2018 ccel‘is
1319 1962 1659 2017 exciderunt.
1689 1959 1753 2014 lii
1780 1977 1900 2016 cum
1933 1960 2044 2018 Deo
2066 1963 2166 2018 soli

600 2048 1017 2128 cognoscantur,
1065 2064 1117 2110 et
1157 2055 1224 2109 ab
1263 2070 1328 2109 eo
1372 2053 1784 2108 manifestentur
1833 2054 2051 2128 quidam
2100 2070 2166 2109 ex

604 2152 756 2220 ipsis,
793 2163 930 2216 quos
965 2148 1125 2202 etiam
1162 2146 1248 2200 hic
1279 2143 1616 2199 manifestari
1653 2144 1900 2209 voluerit,
1932 2121 1997 2200 et!
2028 2161 2167 2215 quos

603 2243 776 2296 latere
825 2238 975 2293 nefas
1014 2245 1117 2293 est.
1168 2236 1387 2298 Deinde,
1436 2232 1892 2303 quemadmodum
1924 2233 2167 2303 providet

600 2335 818 2405 quidem
846 2331 1096 2388 omnibus
1133 2331 1184 2382 in
1219 2329 1324 2382 vita
1354 2326 1687 2390 hominibus,
1721 2327 1810 2380 sed
1837 2326 2174 2392 differenter,

602 2437 658 2482 et
694 2439 789 2492 pro
818 2424 1010 2478 merito
1042 2437 1104 2476 ac
1134 2420 1393 2492 dignitate
1433 2419 1704 2489 cujusque
1744 2435 1758 2471 :
1801 2419 1878 2472 sic
1908 2420 2068 2473 etiam
2099 2419 2167 2475 de

601 2520 706 2573 line
757 2517 1020 2584 ipsorum,
1058 2527 1152 2581 par
1193 2520 1273 2566 est
1310 2511 1518 2564 varium
1569 2510 1765 2564 habere
1817 2510 2063 2578 ordinem
2114 2519 2167 2566 et

601 2619 905 2679 respectum
938 2603 1340 2676 apuddivinum
1363 2602 1652 2673 judicium.
1683 2600 1893 2664 Etenim
1916 2603 2168 2658 omnibus

598 2702 814 2772 quidem
853 2697 1162 2753 hominibus
1207 2694 1432 2764 praeficit
1483 2695 1752 2764 angelum.
1791 2693 1893 2748 Sed
1936 2709 2042 2749 non
2076 2709 2168 2750 ea-

600 2792 723 2846 dem
767 2788 940 2858 angeli
966 2785 1328 2842 sollicitudine
1354 2785 1562 2854 potitur
1583 2784 1815 2837 inﬁdelis
1846 2793 2009 2853 atque
2041 2783 2167 2838 [ide-

603 2885 719 2942 lis:
753 2866 926 2950 neque
953 2879 1230 2948 improbus
1257 2877 1462 2947 pariter
1501 2891 1563 2930 ea
1597 2875 1796 2928 fruitur
1832 2890 1895 2929 ac
1941 2876 2163 2944 probus,

602 2974 819 3033 tametsi
845 2973 1003 3029 ambo
1037 2971 1145 3027 sint
1177 2969 1378 3024 fideles.
1417 2967 1603 3037 Itaque
1633 2967 1721 3022 hic
1753 2983 1969 3038 quoque
1999 2968 2163 3022 vitam

603 3076 844 3121 nostram
893 3061 1155 3125 omnium,
1203 3069 1258 3114 et
1303 3059 1503 3113 exitum
1542 3058 1825 3112 definitum
1867 3074 2008 3125 esse,
2039 3075 2163 3133 Vom-

601 3162 730 3212 nino
770 3168 1049 3210 necessum
1079 3143 1179 3206 est.
1213 3150 1381 3204 Porro
1407 3149 1664 3204 dilferens
1694 3151 1841 3205 circa
1874 3150 1990 3206 haec
2017 3151 2164 3221 judi-

601 3255 745 3306 cium
775 3228 924 3317 juxta
956 3260 1143 3300 eorum
1192 3243 1284 3312 qui
1329 3244 1520 3296 vivunt
1563 3242 1897 3306 discrimina,
1930 3243 2036 3299 Deo
2062 3243 2162 3298 soli

601 3350 945 3413 perspectum
969 3347 1069 3401 est,
1096 3351 1218 3389 cum
1244 3349 1416 3405 pauca
1448 3335 1603 3390 nobis
1628 3335 1735 3389 sint
1767 3335 2020 3399 revelata,
2049 3347 2162 3390 tum

597 3451 659 3488 ex
691 3431 890 3487 divinis
927 3428 1145 3483 Litteris
1175 3437 1286 3481 tum
1311 3442 1374 3481 ex
1411 3425 1649 3481 historiis
1687 3429 1883 3494 sacris,
1911 3438 1978 3482 tut
2008 3438 2163 3482 antea

599 3525 900 3580 luculenter
924 3519 1273 3594 exposuimus
1306 3536 1320 3573 :
1364 3531 1538 3586 neque
1586 3514 1798 3587 aequum
1835 3528 1917 3574 est
1947 3534 2045 3574 nos
2071 3535 2163 3589 ag-

598 3620 746 3688 gredi
795 3631 855 3669 ea
907 3628 1027 3683 qua:
1078 3626 1250 3679 neque
1300 3610 1684 3678 comprehendi
1731 3597 1940 3681 queunt
1992 3625 2163 3680 neque

524 3707 527 3710 ’
600 3707 736 3766 tradi
768 3722 780 3758 :
810 3716 864 3760 et
897 3706 964 3758 ab
998 3704 1065 3758 iis
1094 3717 1214 3771 quae
1259 3701 1629 3756 conceduntur
1675 3709 1729 3756 et
1775 3706 1974 3756 dantur
2007 3702 2164 3755 nobis

599 3798 665 3850 ad
698 3793 1153 3864 cognoscendum,
1180 3791 1494 3845 disSidendo
1525 3790 1840 3846 abscedere.
1885 3793 1951 3846 Et
1984 3802 2160 3845 tamen

598 3904 720 3943 cum
749 3885 1156 3954 reprobatorum
1187 3890 1240 3935 et
1269 3879 1700 3933 misericordiam
1727 3881 2043 3949 adeptorum
2080 3881 2161 3935 vi-

604 3990 711 4043 tam
750 3975 934 4029 divino
963 3973 1155 4041 subjici
1204 3971 1369 4040 jugo;
1420 3957 1529 4024 tum
1576 3970 1676 4040 ipsi
1710 3973 2007 4039 placentem
2036 3977 2165 4026 edu.

598 4073 828 4126 ctionem
861 4082 890 4121 e
925 4066 1034 4119 vita
1060 4104 1074 4130 ,
1110 4065 1209 4119 hos
1240 4077 1453 4132 quoque
1483 4060 1752 4116 sustinere
1791 4062 1972 4115 divina
2003 4062 2163 4117 docet

599 4165 896 4231 Scriptura.
930 4157 1232 4213 OSlelldttltl
1261 4154 1422 4208 etiam
1451 4153 1696 4219 violentae
1723 4162 1921 4208 mortes
1950 4155 2162 4223 populis

605 4253 844 4307 inductae
896 4259 949 4302 et
999 4244 1358 4317 principibus,
1397 4243 1607 4299 ardenti
1652 4244 1766 4297 zelo
1809 4244 2030 4314 justitize
2063 4259 2160 4298 an-

600 4347 845 4415 gelorutu
891 4337 1422 4402 subministrantium
1468 4351 1531 4390 ac
1597 4335 1997 4404 proplntarum,
2050 4351 2158 4390 non

2268 1864 2364 1930 οὒς
2395 1867 2682 1922 λανθάνειν
2717 1867 2998 1924 ἀδύνατον.
3038 1872 3289 1938 Ἔπειτα,
3334 1873 3587 1943 καθάπερ
3620 1876 3822 1943 προνοεῖ

2272 1958 2372 2028 μὲν
2403 1960 2621 2020 πάντων
2653 1960 2710 2014 ἐν
2743 1965 2809 2032 τῇ
2843 1961 2954 2032 ζωῇ
2987 1963 3095 2015 τῶν
3131 1952 3451 2034 ἀνθρώπων,
3488 1964 3624 2016 ἀλλά
3655 1964 3820 2030 διαφό-

2272 2066 2379 2120 ρως
2407 2053 2502 2104 καὶ
2556 2053 2694 2108 κατά
2726 2053 2826 2124 τὴν
2875 2053 3029 2118 ἀξίαν
3083 2055 3362 2109 ἑκάστων·
3403 2037 3548 2108 οὕτω
3589 2057 3821 2122 καὶπερὶ

2269 2142 2362 2194 τοῦ
2395 2143 2577 2207 τέλους
2613 2144 2793 2198 αὐτῶν
2822 2145 3074 2216 ποικίλην
3099 2146 3245 2209 είκδς
3265 2146 3407 2216 ἔχειν
3433 2147 3589 2217 παρὰ
3617 2150 3683 2218 τῇ
3713 2147 3816 2219 θείᾳ

2267 2233 2446 2302 κρίσει
2480 2235 2578 2305 τὴν
2612 2234 2764 2299 τάξιν
2795 2236 2888 2289 καὶ
2923 2235 3020 2309 τὴν
3061 2236 3383 2306 ἀπόδλεψιν.
3425 2238 3532 2289 Καὶ
3563 2239 3696 2292 πᾶσι
3728 2238 3816 2308 μὲν

2266 2326 2372 2393 γὰρ
2402 2328 2708 2395 ἀνθρώποις
2739 2330 3023 2397 ἐφίστησιν
3049 2329 3320 2398 ξάγγελον,
3355 2329 3472 2383 ἀλλ’
3513 2331 3576 2383 οὐ
3610 2331 3708 2399 τῆς
3737 2329 3820 2382 αὐ-

2265 2419 2363 2488 τῆς
2401 2419 2664 2475 ἀπολαύει
2703 2421 2796 2473 τοῦ
2831 2421 3060 2490 ἀγγέλου
3111 2422 3437 2491 κηδεμονίας
3477 2424 3505 2475 ὁ
3536 2424 3724 2483 πιστὸς
3751 2417 3820 2487 τῷ

2267 2511 2498 2580 ἀπίστῳ,
2544 2512 2652 2564 οὐδ’
2684 2513 2712 2565 ὁ
2751 2510 2949 2579 φαῦλος
2983 2513 3058 2582 τῷ
3091 2512 3301 2582 ἀγαθῷ,
3353 2513 3455 2566 κᾶν
3501 2505 3634 2565 ὦσιν
3668 2511 3820 2578 ἄμφω

2274 2603 2453 2654 πιστοί
2482 2620 2494 2634 ·
2527 2603 2669 2658 οῦτω
2700 2604 2977 2658 κάνταῦθα
3023 2605 3120 2676 τὴν
3153 2606 3251 2669 μὲν
3291 2604 3435 2674 ζωὴν
3465 2604 3625 2673 ἡμῶν
3663 2602 3822 2655 ἀπάν-

2269 2711 2375 2747 των
2407 2693 2502 2748 καὶ
2534 2696 2595 2747 τὸ
2620 2696 2771 2759 τέλος
2821 2676 3050 2765 ῶρὶσθαι
3092 2698 3238 2748 πᾶσα
3284 2695 3499 2763 ἀνάγκη
3524 2708 3538 2723 ⁵
3573 2694 3607 2762 ἡ
3634 2693 3689 2746 δέ
3720 2693 3822 2745 διά-ι

2268 2803 2433 2855 φορος
2465 2787 2592 2856 περὶ
2619 2774 2789 2839 ταῦτα
2827 2787 3005 2857 κρίσις
3042 2786 3182 2839 κατᾶ
3216 2786 3312 2846 τὰς
3337 2784 3444 2837 τῶν
3476 2783 3692 2849 ζώντων
3720 2783 3822 2834 δια-

2269 2881 2438 2945 φορὰς
2462 2877 2538 2947 τῷ
2572 2876 2689 2946 Θεῷ
2742 2877 3010 2944 ἔγνωσται
3046 2879 3219 2947 μόνῳ,
3235 2877 3431 2944 ὀλίγων
3467 2876 3600 2945 ἡμῖν
3626 2876 3822 2927 ἀποκα-

2265 2968 2571 3037 λυφθέντων
2598 2969 2659 3022 ἔκ
2681 2986 2738 3021 τε
2766 2969 2872 3022 τῶν
2897 2969 3054 3021 θείων
3083 2967 3337 3039 Γραφῶν,
3365 2967 3428 3021 ἐκ
3455 2984 3510 3019 τε
3536 2966 3644 3024 τῶν
3670 2967 3820 3034 ίερῗιν

2270 3061 2536 3130 ίστοριῶν,
2568 3060 2642 3124 ὼς
2682 3061 2980 3129 φθάσαντες
3012 3060 3383 3133 διεξήλθομεν.
3408 3060 3516 3112 Καὶ
3539 3061 3598 3114 οὐ
3626 3060 3823 3111 δῑκαιον

2267 3154 2436 3223 ἡμᾶς,
2465 3153 2550 3206 διὰ
2581 3154 2639 3205 τὸ
2672 3152 2746 3223 μὴ
2779 3153 3040 3206 δύνασθαι
3085 3154 3192 3214 τοῖς
3223 3153 3627 3222 ἀκαταλήπτοις
3653 3169 3710 3206 τε
3736 3151 3825 3203 καὶ

2271 3244 2345 3314 μὴ
2377 3243 2680 3312 δεδομένοις
2732 3246 3051 3314 ἐπιχειρεῖν,
3098 3243 3192 3297 καὶ
3235 3244 3343 3298 τῶν
3385 3243 3826 3312 ὁμολογουμένων

2267 3336 2360 3390 καὶ
2389 3335 2692 3404 δεδομένων
2745 3337 2880 3405 ἡμῖν
2910 3337 3106 3390 ειδέναι
3145 3336 3558 3400 διαπιστοῦντας
3595 3336 3824 3404 ἀφίστα-

2267 3427 2406 3480 σθαι.
2445 3427 2637 3480 Καίτοι
2675 3428 2735 3480 τὸ
2767 3428 2859 3480 καὶ
2883 3429 2980 3491 τὰς
3029 3428 3137 3481 τῶν
3185 3425 3820 3496 ἀποδεδοκιμασμένοινῆ

2262 3517 2575 3586 ὴλεημένων
2605 3519 2750 3580 ζωὰς
2781 3519 2855 3586 τῷ
2887 3518 3016 3586 θείῳ
3047 3515 3576 3585 ὑποκεῖσθαιιζυγῷ,
3606 3518 3698 3570 καὶ
3726 3515 3823 3584 τὴν

2264 3609 2410 3678 αὐτῷ
2448 3609 2713 3662 δοκοῦσαν
2755 3610 3038 3680 ἐξαγωγὴν
3079 3612 3141 3662 ἐκ
3182 3611 3277 3664 τοῦ
3327 3610 3444 3678 βίου
3480 3612 3570 3662 καὶ
3602 3609 3828 3669 τούτους

2262 3690 2614 3767 ὑφίστασθαι,
2655 3699 2862 3771 ήθεία
2912 3701 3153 3754 διδάσκει
3187 3701 3400 3771 Γραφή.
3450 3701 3559 3754 Καὶ
3605 3698 3826 3768 δηλοῦσι

2264 3793 2362 3863 μὲν
2397 3795 2444 3846 oi
2481 3793 2645 3864 βίαιοι
2691 3795 2910 3847 θάνατοι
2941 3783 3205 3863 πλήθεσιν
3254 3793 3581 3864 ἐπαχθέντες
3609 3795 3705 3845 καὶ
3731 3794 3828 3861 ἄρα

2263 3900 2440 3953 χουσι,
2488 3884 2635 3954 ζήλῳ
2684 3885 3030 3953 δικαιοσύνης
3056 3885 3322 3952 -ἀγγέλων
3372 3885 3827 3954 ὑπηρετουμένων

2262 3977 2356 4027 καὶ
2387 3978 2700 4046 προφητῶν,
2733 3978 2830 4030 οὐκ
2851 3977 2977 4030 ἄνευ
3002 3976 3137 4030 Θεοῦ
3158 3993 3173 4008 ·
3199 3975 3423 4046 δηλοῦσι
3447 3976 3504 4030 δέ
3531 3977 3584 4030 al
3608 3976 3700 4028 διὰ
3721 3975 3830 4027 τῶν

2264 4070 2559 4137 προφητῶν
2604 4069 2981 4139 ἀπειληθετσαι
3017 4066 3205 4122 πόλεσι
3249 4085 3317 4122 τι
3337 4069 3432 4122 καὶ
3465 4057 3677 4122 ’ἔθνεσιν
3707 4069 3827 4133 £50-

2261 4159 2606 4227 λοθρεύσεις’
2649 4161 2742 4212 καὶ
2781 4161 2812 4230 ἢ
2853 4161 3111 4232 μετανοίᾳ
3154 4161 3579 4229 καταφυγόντων
3605 4161 3703 4214 ἐπὶ
3735 4160 3827 4212 τὸν

2260 4252 2394 4304 Θεδιν
2424 4253 2796 4320 πεπαυμέναι,
2832 4251 2863 4320 ἧ
2913 4251 3299 4320 ἀμετανοήτων
3339 4252 3634 4317 μεινάντων
3668 4251 3828 4318 γενό-

2264 4359 2421 4414 μεναι
2445 4358 2459 4374 ⁸
2494 4343 2549 4396 αἱ
2585 4343 2894 4412 προσθῆκαι
2938 4345 3032 4408 τῆς
3063 4342 3208 4410 ζωῆς
3239 4343 3401 4405 ἐνίοις
3430 4344 3826 4412 μετανοήσασι,

600 4440 716 4492 sine
755 4434 997 4487 numine.
1030 4430 1086 4484 ιιι
1109 4442 1320 4498 quoque
1346 4427 1618 4482 declarant
1647 4427 1818 4480 ruinae
1845 4435 1898 4480 et
1921 4426 2156 4496 depopu-

2267 4437 2402 4505 μετὰ
2425 4435 2521 4506 τὴν
2546 4419 2651 4505 τῆς
2688 4434 2834 4504 ζωῆς
2866 4435 3251 4503 ἀπαγόρευσιν,
3298 4435 3363 4488 ἐκ
3402 4432 3537 4487 Θεοῦ
3566 4432 3831 4501 μηνυθείο

601 4529 846 4589 lationes,
868 4537 1004 4593 quas
1032 4535 1182 4575 vates
1203 4518 1426 4574 urbibus
1446 4526 1497 4572 et
1515 4519 1764 4589 gentibus
1788 4519 2158 4572 comminatim

602 4624 834 4682 fuerant,
881 4615 1186 4681 eaedemque
1226 4609 1305 4664 vel
1351 4610 1667 4679 paenitentia
1717 4625 1903 4664 eorum
1954 4610 2045 4678 qui
2095 4609 2160 4662 ad

605 4713 771 4764 Deum
807 4706 1182 4775 confugerant,
1205 4686 1530 4768 cessarunt;
1561 4702 1646 4754 vel
1670 4701 1738 4755 ob
1767 4701 2158 4770 impmnitentia

601 4802 896 4855 obduratos
931 4803 1324 4851 remanserunt.
1348 4792 1682 4848 Incrementa
1709 4795 1831 4847 vita:
1856 4795 1906 4847 in
1937 4794 2159 4862 quibus-

603 4898 724 4946 dam
759 4893 850 4961 qui
891 4890 1258 4961 rrsipuerant,
1289 4897 1575 4954 postquam
1600 4885 1667 4939 de
1704 4889 1807 4939 vita
1838 4886 2157 4954 despondis-

604 4994 748 5045 sent,
781 4970 1013 5035 interitu'
1033 4995 1060 5033 a
1091 4979 1198 5033 Deo
1239 4980 1509 5032 declarato
1539 4985 1593 5031 et
1623 4977 1790 5046 signis
1820 4979 2159 5046 ostentisque

604 5076 856 5128 omnibus
888 5071 1176 5140 conspicuo
1213 5068 1378 5122 facto.
1401 5069 1635 5122 Ananias
1668 5083 1794 5121 vero
1821 5077 1874 5122 et
1897 5068 2154 5138 Sapphira

598 5165 887 5223 exanimati
919 5172 1062 5226 sunt,
1099 5176 1203 5214 non
1256 5159 1428 5226 Petri,
1471 5160 1561 5213 sed
1596 5158 1688 5213 Dei
1734 5159 1950 5224 virtute,
1996 5175 2154 5229 quem

599 5263 911 5319 invocarat;
953 5269 1015 5308 ac
1061 5253 1221 5306 Petro
1264 5268 1370 5305 non
1405 5261 1665 5320 praesente
1709 5260 1761 5304 et
1811 5249 2153 5304 mendacium

598 5357 873 5417 arguente,
905 5344 1300 5412 exspirassent,
1326 5343 1399 5396 ita
1428 5345 1637 5397 volente
1665 5341 1791 5396 Deo.
1813 5342 1876 5395 Et
1903 5353 2030 5410 quot
2063 5345 2159 5396 bo-

601 5445 770 5496 tnines
800 5442 988 5494 insane
1021 5437 1110 5504 jus
1137 5436 1419 5499 violantes,
1447 5434 1707 5487 violenter
1746 5449 1775 5486 e
1805 5433 1951 5499 vivis
1995 5448 2156 5488 exce-

599 5534 775 5588 dunt?
808 5536 934 5586 dum
963 5530 1108 5584 alius
1134 5509 1513 5580 aliam‘suﬂ'ert
1544 5527 1874 5598 violentiam,
1899 5540 1960 5578 ac
1989 5526 2156 5581 latent

603 5627 868 5691 homines,
898 5624 1028 5696 dum
1059 5619 1327 5675 violentia:
1356 5619 1603 5671 etl'ectnm
1653 5629 1922 5687 patentem
1974 5620 2154 5672 consi-

599 5713 786 5768 derant
824 5727 1047 5767 :vcrum
1084 5707 1302 5765 cmleste
1325 5707 1388 5761 ad
1413 5706 1464 5761 id
1489 5715 1817 5760 momentum
1850 5706 2152 5764 subducere

2264 4544 2362 4595 σης
2389 4530 2489 4596 τῆς
2515 4527 2794 4594 τελευτῆς,
2836 4527 2929 4579 καὶ
2965 4525 3215 4595 σημείοις
3242 4525 3376 4587 πᾶσι
3402 4525 3639 4593 φανερᾶς
3674 4538 3830 4590 γενο-

2264 4618 2454 4686 μένης.
2502 4616 2748 4677 Ἀνανίας
2792 4615 2846 4667 δὲ
2876 4616 2970 4666 καὶ
2999 4616 3282 4683 Σάπφειρα
3319 4612 3724 4682 ἀποψύξαντες,
3767 4612 3826 4664 οὗ

2261 4712 2327 4777 τῇ
2360 4709 2452 4760 τοῦ
2506 4709 2732 4777 Πέτρου,
2765 4709 2828 4776 τῇ
2863 4705 2917 4758 δέ
2958 4705 3052 4758 τοῦ
3088 4705 3222 4757 Θεοῦ
3271 4705 3518 4771 δυνάμει,
3547 4705 3601 4756 ὂν
3646 4706 3677 4756 ὁ
3727 4704 3830 4756 Πέ-

2260 4814 2386 4865 τρος
2417 4795 2756 4856 ἐπεκαλεῖτο,
2791 4795 2883 4847 ml.
2914 4793 3008 4845 τοῦ
3057 4794 3261 4862 Πέτρου
3299 4792 3371 4863 μὴ
3403 4793 3701 4863 παρόντος,
3735 4794 3828 4844 καὶ

2261 4889 2318 4941 τὸ
2350 4888 2539 4956 ψεῦδος
2575 4886 2910 4954 ἐλέγχοντος,
2941 4874 3224 4951 ἀπέψυξαν
3268 4885 3334 4938 ἀν
3367 4900 3380 4915 ·
3403 4883 3545 4936 οὓτω
3570 4882 3663 4936 τοῦ
3687 4881 3829 4937 Θεοῦ

2263 4977 2607 5049 βουλομένου.
2647 4977 2756 5028 Καὶ
2803 4977 2960 5029 πόσοι
3007 4977 3117 5029 τῶν
3164 4974 3467 5044 ἀνθρώπων
3513 4976 3830 5043 ἀνηκέστως

2263 5068 2705 5137 παρανομοῦντες
2737 5065 2931 5134 βιαίως
2960 5066 3263 5133 ἐξάγονται,
3311 5065 3471 5128 ἄλλος
3499 5064 3665 5133 ἀλλην
3703 5065 3833 5132 ὑφι-

2264 5161 2523 5229 στάμενοι
2585 5159 2741 5228 βίαν,
2796 5159 3040 5220 καὶτοὺς
3095 5155 3415 5225 ἀνθρώπους
3475 5155 3829 5213 λανθάνουσι,

2262 5251 2670 5319 σκοπουμένους
2719 5252 2816 5319 μὲν
2848 5251 2906 5303 τὸ
2953 5252 3049 5320 τῆς
3097 5249 3216 5319 βίας
3247 5249 3592 5317 φαινόμενον,
3625 5245 3735 5315 τὴν
3764 5245 3830 5298 δι’

2260 5343 2511 5412 οὐράνιον
2551 5343 2686 5414 πρὸς
2743 5343 2903 5396 τοῦτο
2954 5344 3124 5413 ῥοπὴν
3173 5340 3488 5409 λογίζεσθαι
3535 5338 3657 5409 μηδ’
3695 5340 3835 5399 ὅλως

2260 5437 2711 5504 ἐφικνουμένους;
2735 5437 2798 5487 At
2821 5436 2874 5489 δὲ
2895 5436 3151 5506 πρόδηλοι
3169 5435 3276 5488 τῶν
3297 5433 3542 5491 θανάτων
3557 5433 3650 5486 καὶ
3675 5432 3835 5503 παρᾶ

2260 5528 2422 5595 φύσιν
2449 5528 2784 5595 ἀπαλλαγαὶ,
2832 5528 2931 5597 τῆς
2979 5529 3042 5580 ἐκ
3094 5527 3300 5597 νεκρῶν
3345 5526 3708 5588 ἀναστάσεως
3750 5528 3818 5578 ου

2258 5619 2345 5671 δὲν
2387 5618 2762 5688 διαφέρουσαι,
2817 5619 3198 5688 παρείσθωσαν
3228 5620 3284 5671 ἐν
3328 5620 3504 5687 τδὺτῳ
3536 5615 3610 5685 τῷ
3649 5616 3836 5686 μέρει,

2257 5709 2330 5773 ὡς
2357 5714 2419 5780 τῇ
2459 5712 2563 5764 τῶν
2592 5712 3025 5783 προωρισμένων
3068 5710 3220 5777 τάξει
3254 5709 3678 5782 σνμὸαίνουσιι,
3711 5711 3836 5763 τότε
