3986 6328
217 325 317 392 561

214 531 499 599 συμφέρον
528 530 736 592 αὐτοῖς,
786 528 879 582 καὶ
905 530 983 600 τῷ
1018 531 1185 584 αὑτοῦ
1242 533 1469 602 συνᾷδον
1504 532 1792 601 θελήματι,

209 622 401 674 ἄλλοτε
449 621 505 672 δέ
563 621 656 673 καὶ
717 622 786 673 δι’
843 622 1131 691 ἀμφότερα
1181 623 1592 693 συγχωροῦντος
1642 625 1795 692 σφίσι

212 714 596 783 μεθίστασθαι,
652 715 682 783 ἢ
726 716 825 782 τῆς
867 715 1083 783 φύσεως
1138 715 1540 784 ὑπουργούσης,
1589 717 1620 786 ἢ
1674 717 1795 788 βίας

206 808 541 874 τυραννικῆς
595 807 919 876 ἐξαγούσης.
966 808 1148 862 Ἱκανὰ
1198 809 1300 878 μὲν
1343 809 1436 862 οὖν
1481 811 1576 896 χοαὶ
1621 810 1794 865 ταῦτα

206 898 307 949 τὸν
361 899 626 966 ἡμέτερον
678 903 912 970 ἐκφῆναι
970 904 1175 954 σκοπὸν
1234 904 1329 955 ἐπὶ
1387 904 1646 957 συστάσει
1695 905 1796 973 τῆς

206 988 476 1054 ἀληθείας
515 991 610 1060 οὐχ
646 987 809 1064 ἧττον
842 995 873 1064 ἢ
931 994 1033 1064 τῆς
1059 995 1152 1047 τοῦ
1185 996 1510 1050 διδασκάλου
1543 998 1790 1066 γνώμης.

208 1082 274 1133 El
319 1081 373 1134 δὲ
424 1085 479 1134 ἐν
515 1087 579 1153 τῇ
607 1085 784 1155 ’Σοφίᾳ
834 1086 1074 1154 λέγεται,
1113 1103 1130 1137 ι
1174 1087 1232 1140 '0
1261 1087 1393 1150 Θεὸς
1421 1088 1652 1154 θάνατον
1694 1089 1794 1143 οὐκ

207 1174 437 1242 ἐποίησε
463 1192 478 1207 ο
522 1194 539 1227 ι
566 1176 725 1230 τοῦτο
759 1178 898 1229 κατὰ
922 1178 1018 1248 τὴν
1051 1179 1232 1232 αἰτίαν
1261 1179 1354 1233 τοῦ
1389 1183 1621 1235 θανάτου
1659 1183 1795 1235 νοεί-

207 1282 326 1319 ται.
355 1267 430 1318 Οὐ
458 1267 566 1335 γάρ
603 1267 748 1331 θέλει
775 1268 867 1321 τὸν
896 1268 1125 1323 θάνατον
1154 1270 1264 1324 τῶν
1294 1271 1598 1342 ἀνθρώπων
1625 1290 1795 1343 προη-

207 1359 521 1428 γουμένως,
549 1359 672 1414 οὔτε
711 1363 875 1427 ποιεῖ,
923 1361 1115 1434 ὥσπερ
1157 1362 1280 1416 οὐδὲ
1322 1363 1421 1433 τὴν
1456 1364 1634 1418 αἰτίαν
1673 1364 1796 1416 τού-

204 1468 307 1503 του
334 1453 435 1519 τὴν
461 1452 741 1523 ἁμαρτίαν
769 1469 782 1485 ·
817 1454 954 1508 ἀλλὰ
984 1455 1084 1525 τὴν
1129 1455 1227 1525 τῆς
1261 1456 1608 1528 δικαιοσύνης
1642 1458 1795 1523 τάξιν

206 1545 306 1595 καὶ
345 1545 488 1598 πάνυ
523 1544 866 1615 βουλόμενος,
893 1541 961 1619 ἧς
1000 1550 1116 1602 ἐστι
1165 1549 1224 1601 τὸ
1255 1552 1368 1612 τοῖς
1412 1551 1794 1622 ἁμαρτάνουσι

208 1635 374 1705 δίκην
405 1637 709 1705 ἐπάγεσθαι
756 1639 1002 1710 ἑπομένῃ
1032 1639 1456 1709 θελήσει,·θέλει
1501 1643 1666 1696 αὐτὸν
1701 1645 1809 1697 και

205 1731 395 1781 ποιετο
433 1730 482 1783 εί
532 1729 628 1785 καὶ
679 1731 866 1793 ἐλέους
901 1732 1200 1804 ὑπερϐολῇ.
1249 1734 1342 1787 καὶ
1387 1734 1789 1808 φιλανθρωπίᾳ,

1173 321 1547 384 EPISTOLA
1599 321 1695 382 DE
1725 321 2124 387 Pium-EST]
2139 325 2424 386 NATION
2438 326 2498 389 E.

216 439 319 507 μὲν
373 436 812 499 ἀπαλλάττοντος
856 436 949 489 τοῦ
995 435 1132 491 Θεοῦ
1167 439 1509 508 παραδόξως,
1559 438 1634 502 ὡς
1661 437 1798 492 οὕτω

1910 442 2229 512 neutiquam
2269 443 2664 513 aggrediuntur

3361 327 3474 392 {62

2715 459 2728 497 :
2778 445 2872 499 sed
2905 444 3205 497 manifeste
3236 462 3260 494 :i
3301 455 3476 498 tuor'e

1898 539 1952 584 et
1985 545 2104 597 quae
2141 543 2333 600 printer
2380 543 2627 587 naturam
2679 544 2805 589 sunt
2855 533 3225 594 liheralioncs,
3269 533 3398 585 nihil
3446 551 3473 586 ιι

1898 624 2303 677 resurrectione
2355 624 2665 680 diﬂ'erentes
2694 670 2707 692 ,
2767 625 3251 696 prwtcrmittautur
3290 624 3387 676 hac
3421 640 3474 677 tu

1899 722 2075 781 parte,
2121 725 2314 784 utpote
2356 734 2475 785 quae
2508 721 2684 773 ordini
2722 719 3231 788 praidestinatorum
3267 717 3477 771 comin-

1897 818 2026 877 gant
2059 823 2073 861 :
2109 815 2236 861 tunc
2263 811 2478 878 quidem
2516 813 2815 866 incredibili
2858 812 3018 866 modo
3055 812 3317 865 liberante
3347 811 3476 870 ι).‹›.

1896 897 2042 966 quod
2075 899 2152 952 sic
2191 899 2322 965 ipsis
2349 901 2638 970 expediat,
2673 911 2725 956 et
2761 918 2947 957 eorum
2981 903 3244 955 voluntati
3297 903 3478 956 conci-

1897 999 1990 1043 nat
2022 1006 2036 1043 :
2073 991 2209 1045 alias
2243 1007 2368 1045 vero
2407 993 2566 1046 etiam
2601 1003 2823 1064 propter
2858 1004 3149 1063 utrumque
3198 994 3304 1047 Deo
3345 1010 3477 1047 enn-

1896 1084 2125 1138 cedente
2156 1085 2289 1154 ipsis
2319 1093 2375 1137 ut
2407 1085 2641 1156 migrent
2675 1100 2705 1140 e
2741 1085 2872 1150 vita,
2911 1096 3005 1139 aut
3047 1096 3234 1139 natura
3267 1087 3474 1140 submi-

1897 1176 2186 1238 nistrante,
2219 1187 2312 1232 aut
2346 1178 2391 1228 vi
2424 1177 2704 1247 tyrannica
2744 1181 3013 1248 exigente.
3061 1166 3335 1233 Sulliriefit
3377 1179 3474 1247 igi—

1899 1278 1985 1323 tur
2037 1271 2150 1325 haec
2202 1270 2268 1324 ad
2318 1285 2542 1338 scopum
2589 1271 2846 1326 nostrum
2901 1273 3305 1336 elucidandum,
3365 1290 3471 1324 non

1899 1364 2080 1417 minus
2145 1362 2210 1415 ad
2267 1362 2513 1418 veritatis
2581 1360 3128 1426 cormncndationem,
3190 1378 3352 1433 quam
3412 1366 3476 1416 ad

1898 1454 2148 1511 Doctoris
2176 1455 2497 1510 sententiam
2536 1455 2815 1510 tuendam.
2850 1455 3004 1522 Quod
3037 1458 3078 1510 si
3115 1456 3165 1510 in
3197 1457 3473 1525 Sapit-utin

1897 1539 2143 1609 dicitur,‘
2182 1567 2201 1599 ι
2238 1547 2376 1602 Deus
2441 1557 2668 1601 mortem
2728 1564 2834 1601 non
2886 1547 3049 1609 fecit,
3091 1566 3109 1598 ι
3166 1547 3268 1601 hoe
3326 1548 3477 1616 juxm

1896 1656 2119 1696 causam
2182 1640 2375 1695 mortis
2428 1639 2766 1708 intelligitur.
2817 1638 2949 1692 Nam
2985 1654 3090 1692 nou
3139 1638 3252 1691 vult
3300 1638 3477 1691 homi-

1899 1747 2027 1785 num
2074 1741 2300 1785 mortem
2343 1731 2634 1800 praecipue,
2691 1744 2867 1799 neque
2924 1727 3090 1783 facit:
3123 1728 3267 1782 sicut
3301 1742 3477 1796 neque

208 1821 311 1874 καὶ
361 1821 548 1875 τοῦτον
596 1824 708 1887 τοῖς
741 1824 958 1888 τέκνοις
991 1825 1205 1897 μυρίοις
1249 1827 1470 1899 τρόποις
1518 1829 1795 1896 οίκονομεί

1904 1838 2117 1879 causam
2156 1823 2350 1893 ipsius,
2393 1830 2672 1893 peccatum
2715 1822 2853 1878 :sed
2897 1820 3038 1890 quod
3078 1821 3304 1892 justitiin‘
3330 1821 3476 1873 ordi-

205 1913 354 1983 πρὸς
387 1915 446 1968 τὸ
470 1915 701 1984 βέλτιον,
739 1917 834 1970 καὶ
879 1918 1019 1987 πρὸς
1051 1919 1376 1988 εὐεργεσίαν
1419 1922 1485 1991 τῇ
1511 1924 1663 1992 κοινῇ
1697 1922 1790 1976 τοῦ

204 2006 406 2073 γένους
439 2007 622 2076 ποινῇ,
651 2007 786 2078 πρὸς
817 2007 909 2071 οὓς
941 2010 1005 2063 ἂν
1029 2009 1295 2079 βούλοιτο,
1328 2013 1421 2066 καὶ
1447 2013 1655 2081 πρέπον
1681 2013 1787 2084 είη,

206 2098 500 2167 πατρικῶς
536 2101 868 2171 ἀποχρῆται.
906 2102 1016 2156 Καὶ
1049 2103 1134 2157 διὰ
1180 2103 1338 2157 τοῦτο
1365 2105 1423 2157 ἐν
1455 2108 1523 2176 τῇ
1562 2113 1609 2158 α’
1638 2119 1653 2137 ’
1683 2107 1792 2160 τῶν

208 2189 510 2243 Βασιλειῶν
527 2190 745 2258 λέγεται
771 2208 786 2223 ο
812 2210 832 2245 ι
864 2192 1068 2263 Κύριος
1092 2193 1314 2248 θανατοϊ
1330 2196 1423 2248 καὶ
1445 2194 1705 2264 ζωογονεϊ
1725 2216 1740 2230 ο
1769 2216 1787 2249 ι

202 2283 309 2351 οὐχ
341 2283 416 2344 ὡς
469 2283 574 2354 ἰδίᾳ
619 2285 951 2354 πράττοντος
1006 2286 1168 2356 μόνον
1217 2278 1500 2358 ἑκάτερον,
1537 2289 1565 2340 δ
1600 2293 1794 2343 ταυτόν

204 2373 332 2426 ἐστι
359 2373 438 2442 τῷ
475 2374 723 2438 Θέλοντος
765 2377 1030 2446 ἑκάτερον
1052 2377 1323 2443 γίνεσθαι,
1355 2378 1429 2442 ὡς
1455 2380 1620 2433 αὑτοῦ
1652 2381 1796 2449 ζωῆς

205 2463 578 2537 καζθανάτου
612 2467 711 2536 τὴν
766 2467 1016 2533 ἐξουσίαν
1060 2469 1302 2540 ἔχοντος,
1350 2469 1466 2524 ἀλλ’
1497 2469 1573 2534 ὡς
1609 2474 1702 2525 καὶ
1738 2475 1797 2524 ἐν

203 2558 286 2624 τῷ
341 2557 609 2613 θανατοῦν
661 2557 926 2623 πολλάκις
976 2561 1377 2630 ζωογονοῦντος
1425 2565 1521 2618 καὶ
1582 2567 1672 2620 τὸν
1704 2565 1828 2619 τοῦν

205 2649 449 2704 θανάτου
497 2631 689 2723 ᾖρόνον
719 2653 816 2708 καὶ
852 2655 1056 2723 τρόπον
1103 2657 1240 2725 πρὸς
1267 2655 1329 2709 τὸ
1374 2658 1675 2739 συμφέρφ,
1705 2659 1800 2711 καὶ

205 2742 312 2812 τὴν
353 2744 781 2814 πτιοωρισμένην
812 2742 982 2812 ζωὴν,
1015 2745 1233 2812 πολλοῖς
1266 2747 1680 2817 οίκονομοῦντος
1705 2750 1799 2802 καὶ

203 2835 524 2896 τάττοντος.
545 2836 653 2888 Καὶ
677 2830 833 2898 αὖθις
861 2836 908 2889 εἰ
931 2835 989 2889 ἐν
1007 2833 1085 2905 τῷ
1124 2834 1526 2907 Ἐκκλησιαστῇ
1555 2836 1795 2904 λέγεται,

210 2947 232 2982 ι
276 2929 522 2997 ’Δφῆκεν
546 2931 573 2983 ὁ
594 2929 728 2994 Θεδς
761 2929 853 2984 τὸν
877 2929 1169 3002 ἄνθρωπον
1197 2932 1256 2985 ἐν
1273 2934 1338 3002 τῇ
1373 2931 1537 3002 βουλῇ
1556 2933 1653 3002 τῆς
1685 2949 1800 3002 χει·

208 3022 312 3091 ρλις
336 3021 521 3086 αὑτοῦ,
557 3040 576 3074 ι
606 3021 654 3075 εἰ
689 3022 782 3078 καὶ
812 3023 1049 3093 μάλιστα
1091 3023 1237 3096 περὶ,
1266 3025 1374 3078 τῶν
1397 3025 1798 3096 ἀποδεδοκιμα-

205 3115 432 3181 σμένων
473 3114 632 3167 τοῦτο
669 3118 844 3169 νοοῖτο
871 3116 959 3181 ἂν,
991 3116 1124 3171 ἀλλὰ
1154 3117 1250 3172 καὶ
1283 3119 1448 3172 πᾶσιν
1480 3119 1668 3182 ἁπλῶς
1696 3120 1795 3190 τὴν

205 3209 311 3277 τῆς
335 3203 830 3278 ἀύτεξουσιότητος
881 3209 1194 3280 ἐλευθερίαν
1243 3216 1682 3283 προσμαρτυρεῖ.
1722 3212 1796 3266 Οὐ

204 3301 326 3370 γὰρ
376 3287 612 3364 ἄκοντας
665 3300 815 3356 ἕλκει
860 3302 999 3373 πρὸς
1055 3304 1334 3372 τάγαθόνο
1371 3299 1416 3372 ᾧ
1447 3303 1492 3358 δ’
1527 3304 1593 3359 ἂν
1648 3305 1805 3360 αὐτοὶ

205 3392 652 3462 προαιρούμενοι
680 3394 996 3466 πράττοιεν,
1032 3396 1272 3463 ἐπόπτης
1301 3395 1452 3449 ἐστὶν
1495 3396 1677 3460 αὐτὸς,
1707 3398 1803 3450 καὶ

203 3485 509 3554 διανομεὺς
561 3485 672 3540 τῶν
731 3482 1116 3557 ἆρμοττόντων
1173 3487 1417 3557 ἑκάστῳ,
1453 3490 1550 3543 καὶ
1583 3489 1672 3544 διὰ
1703 3488 1804 3560 τὴν

203 3574 675 3649 αὑτβξουσιότητα
694 3577 972 3649 τῆςθείας
1001 3581 1101 3632 οὐκ
1144 3579 1487 3649 ἐξαιροῦνται
1537 3581 1803 3652 Προνοίας

203 3667 332 3721 οὗτ⁹
372 3669 466 3721 ἐπὶ
492 3667 553 3722 τὺ
577 3671 783 3741 χεῖρον,
811 3669 925 3724 οὔτ’
949 3671 1041 3725 ἐπὶ
1068 3672 1127 3725 τὸ
1151 3670 1358 3743 βέλτιον
1383 3673 1590 3739 αὐτοῖς,
1616 3674 1806 3740 ἁπλῶς

200 3760 266 3815 δὲ
298 3761 513 3828 ἄγαθόν
543 3779 602 3816 τε
639 3762 732 3819 καὶ
764 3763 996 3821 δίκαιον.
1344 3757 1350 3765 ’

1897 1936 2020 1975 nem
2054 1917 2278 1970 omnino
2314 1916 2442 1971 velit
2474 1934 2487 1972 :
2518 1914 2676 1985 cujus
2727 1929 2923 1968 munus
2957 1922 3073 1978 est,
3120 1914 3471 1982 peccantibus

1895 2028 2089 2084 poenas
2116 2012 2375 2080 irrogare,
2395 2009 2748 2078 consequenti
2772 2006 3202 2084 voluntatecfvult
3230 2006 3402 2074 ipsam
3430 2014 3484 2058 et

1895 2067 2020 2159 iacit
2044 2123 2057 2170 ;
2086 2102 2189 2158 etsi
2223 2100 2612 2156 misericordiae
2642 2113 2890 2160 excessu,
2910 2106 2964 2152 et
2993 2067 3324 2169 bgiignitate
3350 2113 3479 2165 erga

1896 2193 2335 2254 homines,etiam
2370 2189 2557 2246 liberis
2583 2189 2790 2244 obitum
2821 2189 3121 2242 innumeris
3150 2189 3321 2242 modis
3374 2188 3485 2243 dis-

1896 2298 2088 2357 pensat
2138 2285 2205 2340 ad
2235 2277 2426 2340 melius
2454 2291 2509 2339 et
2539 2283 2604 2336 ad
2634 2282 3366 2342 beneﬁcentiam,communi
3393 2295 3482 2348 ge-

1899 2381 2044 2434 neris
2091 2377 2392 2446 supplieio;
2437 2390 2564 2445 erga
2612 2389 2705 2428 eos
2736 2387 2876 2441 quos
2912 2371 3164 2435 voluerit,
3195 2379 3249 2425 et
3285 2373 3483 2425 decens

1901 2470 2084 2535 fuerit,
2123 2478 2350 2540 paterno
2382 2465 2576 2520 all‘eetu
2618 2464 2975 2535 indulgendo.
3013 2461 3076 2516 Et
3110 2474 3390 2533 propterea
3429 2464 3481 2517 in

1899 2565 2073 2636 primo
2106 2564 2309 2631 [legum
2339 2563 2558 2628 dicitur,
2602 2561 2896 2616 «Dominus
2936 2558 3225 2614 mortitieat
3253 2565 3309 2613 et
3343 2557 3478 2612 vivi-

1902 2657 2045 2710 θεαί.
2076 2673 2095 2705 ι
2133 2653 2248 2708 Non
2286 2663 2540 2724 tanquam
2586 2651 2803 2721 preprie
2846 2665 3011 2721 agens
3067 2649 3246 2704 solum
3277 2649 3483 2702 alteru-

1900 2754 2044 2801 trum
2074 2764 2086 2799 :
2113 2745 2258 2816 quod
2290 2744 2428 2800 idem
2452 2754 2535 2800 est
2565 2759 2627 2798 ac
2655 2742 2700 2798 si
2719 2743 2922 2798 diceret
2969 2736 3156 2796 velens
3183 2752 3475 2810 utrumque
3520 2807 3534 2816 ε

1903 2841 2039 2904 ﬁeri,
2093 2855 2158 2894 eo
2204 2838 2350 2908 quod
2384 2837 2497 2907 ipse
2530 2837 2655 2891 vitze
2700 2845 2755 2891 et
2803 2835 2993 2890 mortis
3034 2844 3354 2906 potestatem
3387 2834 3488 2888 has

1901 2935 2024 2987 beat
2063 2947 2078 2986 :
2116 2931 2213 2988 sed
2244 2932 2400 3001 quasi
2426 2931 2588 2986 etiam
2630 2932 2685 2987 in
2721 2931 3099 2986 mortilieando
3135 2945 3277 2999 saipe
3309 2929 3482 2984 vii-ilia

1899 3033 2007 3089 cet,
2035 3039 2101 3099 ac
2131 3024 2326 3079 mortis
2359 3032 2574 3093 tempus
2609 3032 2663 3077 et
2711 3023 2931 3078 modum
2969 3023 3035 3077 ad
3064 3023 3115 3079 id
3151 3022 3294 3092 quod
3324 3036 3485 3091 expc-

1912 3119 2012 3182 dit,
2057 3126 2109 3173 et
2143 3117 2308 3172 vitam
2357 3115 2796 3186 praedestinatam
2847 3115 3031 3170 multis
3083 3115 3393 3170 moderetur
3426 3123 3480 3167 et

1906 3197 2141 3266 erdinet.
2168 3210 2245 3264 Ae
2272 3225 2463 3265 rursus
2495 3209 2541 3264 si
2575 3209 2629 3262 in
2657 3207 2979 3264 Ecclesiaste
3013 3207 3235 3270 dicitur,
3277 3226 3294 3258 ι
3336 3206 3482 3259 [teli-

1909 3306 2028 3372 quit
2079 3303 2222 3360 Deus
2295 3304 2572 3358 hominem
2625 3303 2677 3357 in
2746 3317 2939 3356 manus
2996 3315 3110 3355 suae
3178 3299 3428 3354 consilio.
3461 3316 3479 3350 ι

1913 3398 2133 3453 Etiamsi
2160 3397 2227 3452 de
2260 3395 2568 3466 reprobatis
2600 3396 2943 3467 potissimum
2972 3393 3073 3448 hoc
3103 3392 3330 3462 intelligi
3361 3406 3489 3462 pos-

1911 3490 2002 3555 sit,
2036 3484 2292 3557 omnibus
2339 3498 2518 3544 tamen
2567 3481 2821 3543 absolute
2863 3494 3152 3541 attestatur
3185 3484 3486 3538 libertatem

1913 3581 2125 3637 arbitrii
2164 3597 2177 3634 ι
2212 3565 2319 3636 n’on
2368 3580 2513 3637 enim
2566 3580 2764 3651 invitos
2813 3578 2880 3633 ad
2928 3579 3132 3633 bonum
3177 3576 3364 3631 trahit.
3418 3577 3492 3630 Αι

1911 3687 2098 3728 eorum
2124 3688 2245 3742 quae
2289 3673 2533 3729 volentes
2589 3671 2810 3741 agerent
2829 3670 3088 3724 Dominus
3108 3679 3190 3724 est
3216 3669 3321 3735 ius;
3342 3678 3490 3723 ector

1916 3775 1972 3825 et
2001 3764 2323 3821 distributor
2347 3778 2688 3834 eorumqua:
2714 3763 2984 3832 quadrant
3014 3762 3326 3832 unicuique.
3369 3761 3493 3816 Hice

201 3865 440 3927 propter
463 3857 693 3914 llberum
731 3858 1022 3916 arbitrium
1051 3874 1158 3916 non
1188 3859 1524 3919 'eximuntur
1559 3879 1586 3917 a
1619 3861 1807 3918 divina
1854 3859 2224 3928 Providentia,
2258 3874 2437 3930 neque
2461 3861 2515 3914 in
2556 3858 2752 3915 melius
2792 3874 2968 3931 neque
3030 3859 3084 3913 in
3118 3860 3271 3929 pejus
3335 3856 3488 3932 ipsis,

202 3951 311 4006 sed
356 3951 588 4008 omnino
618 3953 676 4008 in
707 3951 912 4007 bonum
941 3963 996 4008 et
1016 3953 1247 4022 justum.

279 4046 519 4109 Τούτοις
549 4049 644 4101 καὶ
690 4049 803 4112 τοῖς
849 4048 1112 4113 τοιούτοις
1158 4049 1187 4102 δ
1224 4050 1400 4119 μέγας
1445 4051 1584 4121 ἤχθη
1639 4049 1800 4103 Βασί-

202 4140 390 4201 λειος,
424 4139 610 4192 ἐκεῖνα
645 4139 775 4209 περὶ
803 4139 912 4194 τῶν
944 4140 1041 4210 τῆς
1075 4138 1221 4209 ζωῆς
1251 4141 1393 4210 ὅρων
1422 4141 1700 4195 διδάσκειν
1733 4142 1802 4195 τὸ.

200 4233 408 4293 τέκνα,
443 4233 539 4284 καὶ
565 4232 644 4300 τῷ
691 4231 823 4303 θείῳ
857 4234 1156 4302 προσάγειν
1190 4234 1389 4296 αὐτοὺς
1423 4235 1673 4287 ἐντεῦθεν
1712 4233 1802 4288 θε-

199 4322 451 4392 λήματι,
501 4319 779 4391 προύργου
815 4321 914 4391 μὲν
960 4322 1250 4390 θεολογῶν,
1294 4324 1574 4393 ἑπομένως
1620 4325 1678 4378 δὲ
1709 4327 1800 4379 καὶ

200 4412 356 4481 πρὸς
375 4412 461 4464 τιὰ
509 4411 617 4482 ἢθη
670 4410 988 4479 λυσιτελῶς,
1033 4412 1062 4464 δ
1096 4416 1207 4476 τοῖς
1257 4414 1598 4478 διδασκάλοις
1630 4417 1798 4470 πᾶσιν

1978 4043 2072 4101 His
2097 4057 2161 4103 ac
2189 4041 2385 4100 talibus
2407 4056 2634 4111 magnus
2658 4023 2881 4097 Basilius
2908 4040 3172 4096 adductus
3202 4050 3283 4095 est
3307 4050 3364 4094 ut
3401 4041 3490 4096 illa

1905 4141 1978 4213 de
2010 4143 2133 4197 vita:
2163 4141 2362 4196 ﬁnibus
2391 4141 2613 4194 doceret
2645 4138 2806 4202 ﬁlios.
2841 4146 3002 4208 atque
3034 4152 3128 4193 eos
3154 4141 3218 4191 ad
3250 4138 3488 4192 divinant

1904 4234 2236 4290 voluntatem
2272 4232 2398 4287 inde
2429 4231 2721 4285 adduceret
2749 4247 2768 4294 ;
2797 4230 3048 4284 consulto
3082 4229 3300 4298 quidem
3335 4231 3490 4285 theo-

1902 4329 2086 4400 logum
2118 4301 2282 4398 agen’s
2307 4327 2373 4381 de
2397 4324 2505 4381 Deo
2527 4324 2870 4386 disserendo.
2892 4331 3285 4391 consequenter
3307 4335 3486 4378 autem

1903 4424 2108 4477 utiliter
2141 4436 2424 4477 sermones
2465 4419 2532 4475 ad
2567 4435 2747 4475 mores
2777 4418 3098 4486 referendo;
3149 4421 3202 4472 in
3248 4436 3357 4488 quo
3391 4420 3490 4473 tlo-

198 4503 611 4578 ἐσπούδασται.
647 4504 758 4557 Καὶ
789 4505 838 4557 εί
870 4505 1184 4575 μηδαμόθεν
1215 4505 1437 4560 ἄλλοθεν
1470 4509 1537 4559 τὰ
1578 4508 1798 4564 τοιαῦτα

1910 4523 2094 4569 etores
2149 4530 2343 4571 omnes
2393 4515 2636 4568 studium
2699 4523 2862 4584 atque
2925 4529 3148 4584 operam
3199 4514 3484 4568 collocant.

199 4591 366 4666 εἶχεν
413 4594 631 4660 ειδέναι,
672 4593 767 4665 τοῦ
807 4595 941 4670 γοῦν
974 4598 1256 4668 προφήτου
1292 4598 1457 4652 Δαὸὶδ
1489 4600 1610 4653 καθ’
1665 4603 1803 4670 ἡμέ-

200 4704 317 4759 ραν
360 4687 530 4755 ﬁmus
566 4687 837 4754 λέγοντος,
876 4689 971 4741 καὶ
999 4688 1100 4742 οὐκ
1151 4689 1216 4744 ἂν
1244 4684 1356 4759 εἷχε
1398 4690 1490 4743 τὸν
1518 4689 1612 4745 τοῦ
1653 4690 1800 4746 θείου

197 4781 455 4849 κάτοχον
489 4778 965 4849 παρακρούεσθαι.
1002 4781 1207 4834 Ἤκουε
1234 4782 1290 4835 δὲ
1319 4781 1484 4836 αὐτοῦ
1517 4782 1796 4851 λέγοντος·

200 4891 222 4924 ι
267 4869 556 4936 Γνώρισόν
604 4886 719 4938 μοι,
747 4871 942 4942 Κύριε,
971 4870 1089 4925 ὁδὸν
1120 4866 1240 4945 ἐνῇ
1286 4876 1659 4947 πορεύσομαιο
1704 4877 1801 4930 καὶ

192 4963 489 5033 γνώρισόν
520 4979 612 5031 μοι
634 4961 694 5014 τὸ
712 4964 883 5032 πέρας
918 4981 1019 5034 μου
1041 4966 1133 5017 καὶ
1163 4965 1253 5017 τὸν
1274 4965 1507 5036 ἀριθμὸν
1528 4967 1637 5022 τῶν
1667 4970 1801 5039 ἡμε-

196 5056 324 5126 ρῶν
354 5070 463 5123 μου
483 5054 568 5118 τίς
590 5055 756 5110 ἐστιν.
789 5074 808 5109 ι
840 5055 1056 5111 Οὐκοῦν
1085 5058 1218 5128 παρ’
1243 5058 1443 5119 εἰδότος
1477 5059 1661 5130 ἐζήτει
1693 5080 1796 5132 μαι

195 5149 349 5211 θεῖν,
384 5145 462 5209 ὼς
492 5146 590 5198 καὶ
616 5147 926 5214 ὡρισμένον
960 5149 1183 5213 εἰδότος,
1213 5151 1307 5204 καὶ
1340 5152 1531 5221 μαθεῖν
1559 5154 1800 5224 ὡρισμέ-

196 5254 317 5292 νον.
355 5237 471 5289 Καὶ
508 5237 594 5290 ἵνα
630 5240 820 5310 μηδεὶς
850 5240 947 5312 ἔχῃ
979 5241 1181 5312 λέγειν,
1205 5242 1279 5306 ὡς
1311 5244 1428 5315 ᾔδει
1460 5245 1559 5312 μὲν
1595 5248 1620 5299 ὁ
1647 5246 1799 5313 Θεὸς,

195 5331 301 5384 καὶ
334 5328 434 5381 διά
461 5328 622 5383 τοῦτο
655 5331 1063 5388 ἀποκαλύπτειν
1097 5332 1275 5401 εἶπεν,
1323 5339 1482 5407 εἴπερ
1517 5340 1798 5407 ἠϐούλετο,

190 5422 304 5474 οὑκ
343 5413 467 5487 εἶχε
498 5418 554 5472 δέ
579 5421 842 5490 πράττειν
873 5425 931 5476 ἐν
964 5427 1076 5488 τοῖς
1115 5426 1382 5491 τοιούτοις
1415 5430 1480 5499 τῇ
1515 5430 1684 5498 φύσει·
1709 5433 1802 5484 καὶ

189 5515 316 5574 τοῖς
349 5509 542 5572 ἄλλοις
589 5512 781 5577 αίτίοις
827 5516 974 5578 ὅπως
1011 5517 1140 5571 ποτὲ
1167 5519 1321 5572 ταῦτ’
1349 5521 1674 5591 ἐπιτρέψας,
1707 5525 1800 5578 άλ-

191 5602 380 5675 λαχοῦ
413 5601 578 5655 πάλιν
597 5604 760 5672 φησίν
781 5618 792 5632 ⁸
815 5624 833 5656 ι
858 5607 1127 5677 Ἐξάγαγε
1147 5611 1209 5663 ἐκ
1230 5611 1479 5682 φυλακῆς
1501 5613 1600 5685 τὴν
1625 5615 1802 5687 ψυχήν

196 5716 337 5766 μου.
384 5712 406 5747 ι
435 5695 547 5749 Καὶ
571 5696 671 5749 οὐκ
693 5696 872 5766 ἐζήτει
905 5698 1084 5752 θανεῖν
1115 5702 1325 5770 ἁπλῶς,
1359 5705 1538 5758 εἴτουν
1559 5708 1801 5761 ἀπαλλα-

194 5790 406 5861 γῆναι,
456 5788 621 5844 τοῦτο
679 5790 785 5862 γὰρ
838 5793 930 5846 καὶ
979 5793 1056 5867 μὴ
1093 5795 1384 5866 ζητουντος
1427 5798 1618 5869 ἔμελλέ
1671 5820 1801 5857 ποτε

1906 4605 2059 4674 Quod
2083 4607 2125 4661 si
2151 4606 2569 4677 haudquaquam
2593 4606 2810 4660 aliunde
2835 4606 2957 4660 talin
2986 4619 3262 4676 perspecta
3289 4606 3487 4661 habere

1909 4709 2112 4770 posset,
2152 4700 2344 4754 saltem
2379 4699 2699 4769 prophetam
2731 4699 2984 4752 Davidcm
3016 4699 3258 4767 quotidie
3285 4701 3488 4752 dicen-

1909 4799 2016 4847 tcm
2063 4792 2405 4847 auscultabat
2459 4808 2473 4842 :
2533 4807 2633 4846 nec
2687 4791 2877 4861 utique
2931 4793 3196 4861 petuisset
3244 4792 3484 4846 alllatum

1906 4885 2133 4940 numine
2163 4884 2450 4953 explodere
2473 4901 2484 4937 :
2506 4884 2778 4949 audiebat,
2813 4885 3250 4954 inquam,vatcm
3280 4886 3484 4955 regium

1906 4974 2198 5038 dicentem,
2236 4995 2254 5026 ι
2294 4975 2484 5030 Notam
2520 4975 2603 5029 fac
2634 4975 2764 5030 n‘ihi
2793 4975 2932 5031 viam
2959 4977 3013 5029 in
3038 4991 3139 5046 qua
3182 4978 3484 5041 ambulem,

1906 5078 1962 5123 et
2009 5077 2196 5121 notum
2246 5068 2332 5122 fac
2381 5069 2513 5122 mihi
2571 5069 2770 5139 ﬁnem;
2825 5077 2880 5124 et
2925 5086 3216 5125 numerum
3277 5072 3484 5125 dierum

1907 5175 2153 5215 meorum
2197 5161 2318 5230 quis
2363 5170 2466 5216 est.
2521 5180 2539 5212 ›
2597 5161 2865 5229 Quocirca
2920 5165 2988 5217 ab
3029 5178 3100 5217 eo
3143 5164 3235 5233 qui
3277 5165 3486 5218 scit-hat

1907 5252 2121 5308 discere
2149 5255 2446 5323 qurerebat,
2472 5263 2530 5309 ut
2557 5255 2625 5310 ab
2655 5271 2720 5310 eo
2750 5255 2914 5312 etiam
2947 5256 3037 5325 qui
3062 5256 3482 5310 determination

1907 5347 2097 5409 sciret,
2145 5355 2199 5402 et
2251 5347 2465 5402 discere
2519 5349 2714 5404 avebat
2767 5350 2910 5420 quod
2967 5350 3294 5403 destinatum
3341 5361 3481 5405 erat.

1909 5440 2083 5507 Atque
2139 5446 2195 5493 ut
2244 5455 2403 5494 nemo
2452 5425 2637 5496 dicere
2672 5451 2839 5512 queat
2878 5441 3023 5512 quod
3060 5441 3226 5493 sciret
3259 5439 3482 5508 quidem

1909 5530 2071 5596 Deus,
2106 5541 2160 5586 et
2197 5514 2396 5587 idcirco
2433 5534 2673 5588 revelare
2711 5536 2914 5603 posset,
2951 5532 2994 5586 si
3027 5531 3244 5600 quidem
3281 5530 3482 5584 vellet:

1909 5633 2278 5677 verumtamen
2318 5640 2425 5678 non
2476 5625 2699 5678 haberet
2746 5638 2904 5694 agere
2939 5623 2988 5676 iu
3033 5622 3234 5674 talibus
3288 5631 3483 5674 natura

1908 5713 2137 5784 aliisque
2170 5717 2355 5772 causis
2390 5735 2402 5770 :
2432 5719 2703 5788 quomodo
2746 5719 2829 5772 his
2862 5715 3168 5785 permissis,
3198 5715 3324 5768 alibi
3366 5731 3486 5765 rur-

1910 5821 2005 5863 sus
2048 5807 2140 5874 iiit,
2176 5827 2193 5860 ‹
2236 5809 2384 5866 Educ
2420 5827 2449 5866 e
2499 5811 2747 5867 custodia
2779 5811 3017 5865 animam
3057 5825 3255 5864 meam.
3308 5825 3326 5858 ι
3384 5805 3482 5862 Ubi
