3986 6328
175 178 300 241 565

1137 190 1496 255 EPISTULA
1538 196 1633 255 DE
1662 196 2220 263 PRxEDESTlNAT
2235 208 2244 260 ἶ
2259 204 2354 264 ΟΝ
2367 205 2429 266 Ε.

3319 206 3421 261 {iiﬁ

177 290 534 382 καλυφθῆναι
562 297 673 351 τοῖς
696 296 901 361 τέκνοις
936 299 1218 370 ἠθέλησεν,
1247 300 1327 368 οἷς
1351 309 1629 378 εὐδόκησε,
1657 311 1744 380 τὴν

1859 309 2009 375 tiam,
2044 329 2148 366 non
2185 315 2522 378 claudicans,
2554 323 2604 367 et
2639 313 2957 382 priusquam
2988 311 3273 366 confessus
3309 319 3380 366 s:t
3407 353 3421 375 ,

166 381 573 466 ’ἁρμόττουσαν
620 388 801 451 αὐτοῖς
848 390 911 442 ὲκ
961 393 1276 461 φιλοσοφίας
1325 398 1486 449 δοῦσα
1537 401 1752 467 πρῶτον

179 478 574 545 παρασκευήν.
619 477 708 542 Ὦς
741 475 836 533 οὖν
896 482 1106 536 ἐκείνου
1151 502 1232 538 σοι
1285 487 1377 540 τοῦ
1408 490 1588 556 λόγου
1618 493 1753 561 πρὸς

179 565 378 618 πάντα
408 566 761 636 ἀρκέσαντος,
807 573 955 625 οὐδὲν
989 575 1083 626 νῦν
1113 579 1232 645 περὶ
1275 579 1464 632 τούτου
1493 599 1753 651 πραγμα-

175 657 486 725 τευόμεθα.
520 661 610 712 Σοὶ
650 664 726 730 δὲ,
774 666 1014 732 φίλτατε,
1049 669 1176 737 περὶ
1210 669 1307 737 μὲν
1337 650 1466 722 τῶνκ
1482 674 1622 743 ὅρων
1654 650 1751 743 τῆς

176 746 544 830 ἀνθρωπίνης
579 751 720 820 ζωῆς
770 756 1005 823 ἀρκείτω
1047 761 1180 828 πρὸς
1210 763 1652 829 τοὺς’ὲναντίους
1692 767 1752 818 τὸ

182 837 290 889 τοῦ
328 839 608 901 Βασιλείου
649 845 810 910 μόνον
838 845 1070 916 ἀξίωμα,
1097 852 1144 902 εί
1179 837 1261 921 μὴ’
1276 852 1498 906 δύνασαι
1531 856 1750 909 ἀντεπι-

175 928 402 994 χειρεῖν
447 929 629 992 αὐτοῖς
660 933 754 984 καὶ
798 932 946 987 λύειν
989 939 1086 1000 τὰς
1126 940 1357 1010 ἀπορίας
1394 957 1406 970 ·
1457 942 1605 995 τουτὶ⁵
1643 945 1751 1013 γὰρ

176 1019 370 1068 ποιεῖν
416 1020 473 1071 ὲν
524 1025 631 1085 τοῖς
673 1025 933 1089 τοιούτοις
975 1026 1250 1099 φρονίμων
1299 1034 1482 1086 εστίν·
1533 1034 1646 1102 ἅμα
1694 1035 1750 1087 δὲ

174 1108 286 1182 καί.
336 1109 443 1163 ὑπὸ
489 1113 596 1165 τῶν
651 1118 1041 1185 καθηγεμόνων
1078 1123 1180 1188 τῆς
1237 1124 1560 1192 Ἐκκλησίας
1609 1127 1750 1180 οὕτω

175 1204 370 1253 ποιεῖν
409 1210 857 1277 κεκανονισμένον
890 1213 1004 1263 ἐστὶ
1035 1217 1126 1266 καὶ
1151 1216 1581 1286 προωρίσμένον.
1614 1220 1750 1289 Περὶ

169 1289 238 1341 δὲ
278 1289 375 1342 τοῦ
413 1294 559 1346 θείου
590 1301 921 1368 προορισμοῦ
953 1303 1192 1373 ἀρκείτω
1220 1322 1302 1358 σοι
1331 1308 1390 1360 τὸ
1417 1308 1509 1361 τοῦ
1540 1310 1750 1363 Παύλου

171 1380 432 1450 ἀξίωμα,
487 1386 573 1438 ἴνα
620 1388 695 1458 μὴ
733 1389 874 1458 λέγω
925 1395 1020 1461 τῆς
1065 1396 1213 1465 ἱερᾶς
1247 1398 1461 1469 ἀπάσης
1509 1402 1748 1472 Γραφῆς.

107 1500 109 1502 -
185 1472 296 1525 Ἐκ
335 1479 654 1544 περιουσίας
682 1481 736 1534 δέ
761 1500 819 1535 σε
847 1487 908 1553 τῇ
945 1485 1068 1558 δόξῃ
1090 1488 1190 1558 τῆς
1219 1491 1471 1560 ἀληθείας
1497 1495 1748 1562 ἐνιδρύων

168 1562 364 1634 ταύτῃ
400 1567 602 1634 καλῶς,
631 1573 721 1623 τὸν
749 1575 921 1642 μέγαν
948 1579 1243 1652 προτίθημι
1265 1581 1533 1652 Μάξιμον,
1562 1585 1708 1638 ὥσπε

172 1758 304 1809 γων
333 1749 609 1817 σφραγῖδι,
639 1751 698 1803 ὃν
723 1755 917 1807 ταυτόν
947 1758 1059 1810 ὲστι
1095 1759 1180 1812 διὰ
1225 1762 1382 1815 τοῦτο
1419 1767 1512 1818 καὶ
1542 1767 1748 1831 πάντας

175 1833 509 1897 προσθεῖναι
558 1841 682 1902 τοὺς
717 1835 821 1911 πρὸ
865 1846 1046 1903 αὐτοῦ.
1093 1834 1333 1915 Ἐκεῖνος
1379 1855 1486 1924 γὰρ
1534 1857 1749 1920 πλείους

185 1924 596 1991 Ἐκατοντάδας
620 1934 928 2002 κεφαλαίων
981 1939 1212 2005 ἐξέθετο,
1250 1943 1284 1996 ἃ
1315 1933 1624 2002 Γνωστικὰ
1655 1950 1748 2002 καὶ

173 2019 521 2087 Θεολογικὰ
541 2024 855 2094 ἐπιγράφει,
889 2029 1048 2082 ἄλλου
1088 2033 1378 2100 κεφαλαίου
1407 2038 1747 2094 παντάπασιν

172 2107 362 2178 ἄλλην
391 2112 644 2166 ὑπόθεσιν
670 2116 1043 2184 διοριζομένου
1068 2139 1080 2153 ο
1115 2125 1207 2176 καὶ
1236 2125 1420 2195 ὥσπερ
1450 2127 1746 2198 ἀποφάσείς

176 2199 285 2252 καὶ
315 2203 474 2270 ὅρους
501 2205 666 2257 ταῦτα
695 2210 962 2273 συνέθετο,
997 2211 1070 2274 ὡς
1098 2215 1460 2287 Ἱπποκράτης
1489 2221 1586 2284 μέν
1621 2240 1746 2274 ποτε

171 2292 312 2354 τοὺς
333 2291 1084 2371 λεγομένουςᾎφορισμοὺς,
1100 2307 1222 2368 τοὺς
1242 2308 1297 2361 δὲ
1324 2309 1596 2378 Καρποῦς
1618 2289 1746 2365 nm;

171 2380 429 2449 λεμαῖος.
462 2386 546 2438 Τὸ.
563 2389 736 2443 τοίνυν
773 2398 822 2444 κ’
855 2395 1148 2470 κεφάλαιον
1182 2399 1344 2452 αὐτοῦ
1371 2401 1472 2470 τῆς
1512 2401 1553 2456 δ’
1590 2403 1748 2455 Ἑκα-

175 2475 443 2566 τοντάδος
471 2479 670 2533 οὑτωσὶ
696 2483 1020 2554 διορίζεται·
1046 2483 1115 2560 Ἴ)
1138 2494 1324 2561 τρόπῳ
1343 2492 1584 2562 βούλεται
1605 2499 1631 2549 ὁ
1648 2498 1746 2566 τὴν

175 2565 424 2658 ἑκάστου
479 2572 584 2641 πρὸ
631 2575 739 2627 τῶν
781 2577 992 2633 αἰώνων
1043 2581 1286 2650 διορίσας
1338 2587 1482 2658 ζωὴν
1530 2591 1556 2640 ό
1592 2565 1742 2657 Θεδε,

173 2657 418 2713 ἕκαστον
455 2666 590 2732 πρὸς
625 2669 686 2719 τὸ
714 2671 910 2723 οἰκεῖον
940 2674 1035 2743 τῆς
1066 2674 1209 2744 ζωῆς
1248 2678 1370 2747 ἄγει
1423 2657 1594 2747 τέλος,
1634 2686 1743 2738 εἴτε

171 2748 416 2814 δίκαιον,
450 2751 556 2806 εἴτε
595 2756 794 2813 ἄδικον.
831 2762 937 2814 Καὶ
971 2765 1126 2817 τοῦτο
1172 2768 1290 2820 ὅλον
1323 2771 1414 2822 καί
1453 2774 1613 2841 μόνον
1649 2776 1742 2828 αὺ-

170 2838 272 2890 τοῦ
302 2839 366 2892 τὸ
394 2847 441 2893 κ’
467 2845 582 2896 ἐστὶ
612 2849 922 2916 κεφάλαιον,
965 2853 1054 2917 Ὣς
1083 2855 1176 2908 οὖν
1210 2838 1740 2932 προωμολογημένου

180 1604 364 1634 nu.“
403 1604 602 1634 “ww”
642 1604 721 1623 ιυν
749 1604 921 1642 μεγαν
948 1604 1243 1652 πρυτιυημι
1265 1604 1533 1652 Μαςιμον,
1562 1604 1747 1656 ωσπερ

170 1653 611 1728 ὲπισφράγισμα
647 1666 713 1732 τῇ
744 1665 850 1717 τῶν
890 1668 1061 1733 ἁγίων
1095 1672 1186 1724 καὶ
1236 1675 1415 1740 σοφῶν
1447 1678 1540 1729 καὶ
1572 1677 1747 1730 θεολό-

1857 401 2077 463 tollens,
2116 410 2172 454 ut
2211 404 2393 454 multis
2431 419 2535 472 prae
2579 403 2880 472 ignorantia
2921 405 3196 465 usuvenit,
3234 418 3422 453 verum

1855 499 1912 542 ut
1944 491 2055 558 ipse
2087 493 2221 554 vult,
2259 504 2312 547 ut
2357 494 2604 558 ipsemet,
2643 494 2882 562 inquam,
2916 481 3124 545 amatus
3179 494 3420 553 numine.

1853 584 2040 652 utique
2074 585 2243 637 voluit
2277 586 2503 638 revelari
2536 585 2738 648 liberis,
2776 587 2828 638 in
2865 587 3080 654 .quihus
3129 583 3229 637 sibi
3275 598 3420 636 cow-

1852 674 2074 741 placuit,
2107 690 2230 727 eum
2265 675 2398 743 ipsis
2427 686 2815 744 congruentem
2845 691 2906 728 ex
2944 675 3284 742 philosophia
3314 674 3421 742 pri-

1854 746 2277 818 nlum‘tlederit
2339 775 2681 835 apparatum.
2739 766 3101 828 Quamobrem
3161 774 3416 831 tanquam

1852 862 2116 909 tractatus
2145 856 2235 910 ille
2263 856 2356 911 libi
2404 859 2468 910 ad
2513 858 2694 911 omnia
2727 856 3015 918 sutﬂ‘ecerit,
3048 855 3180 909 nihil
3208 855 3316 921 jam
3347 869 3414 907 ea

1853 950 1918 1002 de
1953 964 2010 1002 re
2041 957 2494 1005 commentamur.
2541 948 2663 1002 Tibi
2714 956 2918 1011 autem,
2956 947 3299 1007 charissima,
3352 946 3417 998 de

1850 1041 1973 1091 vitae
2012 1037 2262 1092 humanm
2297 1038 2583 1102 limitibus,
2625 1039 2756 1102 satis
2808 1037 2904 1091 sit.
2934 1046 3122 1089 contra
3169 1036 3416 1088 adversa-

1852 1130 1963 1182 rios
1993 1127 2177 1182 Basilii
2226 1129 2341 1182 sola
2380 1129 2676 1184 auctoritas
2704 1145 2717 1178 :
2745 1127 2847 1180 nisi
2887 1128 3060 1195 possis
3087 1125 3419 1194 argumentis

1850 1217 1970 1271 aliis
2007 1222 2243 1286 vincere,
2274 1225 2326 1272 et
2357 1219 2689 1286 quaestiones
2733 1215 2944 1268 solvere
2977 1231 2990 1266 ι
3033 1228 3154 1264 nam
3194 1213 3246 1265 id
3282 1227 3419 1279 prm-

1851 1315 1996 1359 stare
2025 1305 2127 1359 hac
2154 1305 2208 1361 in
2262 1321 2318 1358 re
2357 1306 2704 1374 prudentium
2739 1310 2821 1356 est
2855 1319 2868 1356 :
2905 1301 2970 1356 ad
3006 1303 3119 1355 luce
3149 1303 3310 1356 etiam
3346 1301 3414 1353 ah

1853 1397 2255 1451 institutoribus
2285 1395 2543 1450 Ecclesia:
2586 1394 2669 1448 sic
2703 1393 2878 1450 facere
2925 1395 3107 1464 regula
3149 1393 3417 1446 constitu-

1855 1499 1966 1542 tum
1999 1504 2060 1542 ac
2089 1489 2464 1557 praescriptum
2499 1495 2605 1543 est.
2650 1486 2914 1554 Pori-ode
2942 1485 3418 1553 prmdestinatione

1852 1582 2078 1635 sntiieiet
2105 1581 2202 1634 tibi
2225 1581 2284 1632 Β.
2314 1579 2463 1632 Pauli
2495 1579 2815 1642 auctoritas,
2843 1593 2909 1633 ne
2940 1579 3112 1632 dicam
3145 1577 3310 1630 totius
3333 1589 3416 1627 sa-

1850 1688 1955 1726 cra:
1984 1672 2266 1726 doctrina).
2319 1671 2424 1723 Sed
2471 1671 2672 1724 addens
2720 1667 2964 1727 cumulo,
3005 1675 3163 1733 teque
3209 1665 3262 1716 in
3314 1663 3417 1717 hac

1850 1764 2126 1834 agnitione
2156 1757 2427 1816 'veritatis
2471 1763 2734 1832 praeclare
2792 1758 3073 1816 stabiliens
3101 1798 3115 1822 ,
3175 1769 3416 1824 μυροηο

1849 1869 2101 1923 maguum
2155 1852 2475 1917 Maximum,
2526 1847 3186 1919 tanquam'corollarium
3244 1847 3416 1916 sigillo

1848 1953 2158 1998 sanctorum
2203 1953 2256 1997 et
2294 1945 2628 1998 eruditorum
2663 1943 3035 2010 theologorum
3063 1979 3078 2002 ,
3135 1954 3293 2008 quem
3333 1935 3427 1991 hic

1848 2035 1987 2088 idem
2015 2048 2185 2104 prope
2229 2041 2310 2088 est
2351 2045 2511 2101 atque
2555 2047 2744 2086 omnes
2790 2029 3102 2100 adjungere,
3137 2029 3228 2097 qui
3288 2042 3415 2080 eum

1847 2134 2256 2196 praecesserunt.
2293 2125 2505 2179 Etenim
2534 2125 2715 2194 plures
2746 2125 2835 2178 ille
2862 2122 3148 2177 Centurias
3179 2121 3415 2188 capitum

1824 2217 2132 2293 exposuit,
2159 2232 2278 2284 qua:
2298 2215 2564 2270 'Gnoslica
2587 2223 2639 2270 et
2666 2214 2990 2284 Theologiea
3022 2211 3290 2270 inscribit,
3310 2208 3416 2261 alio

1847 2307 2028 2376 capite
2051 2307 2192 2360 aliud
2221 2307 2444 2362 omnino
2469 2314 2852 2374 argumentum
2877 2304 3170 2357 deﬁniente
3198 2319 3211 2366 ;
3244 2301 3414 2369 siqui-

1847 2397 1967 2452 dem
2004 2399 2171 2453 veluti
2203 2398 2611 2453 enuntiationes
2655 2411 2717 2450 ac
2749 2396 3008 2451 terminos
3051 2395 3164 2447 haec
3192 2407 3413 2461 compo-

1846 2490 1975 2550 suit,
2005 2500 2060 2542 ut
2092 2474 2219 2544 olim
2267 2489 2623 2558 Hippocrates
2668 2488 2910 2543 celebres
2945 2485 3323 2556 Aphorismos,
3357 2491 3415 2536 et

1846 2579 2169 2634 Ptolemaeus
2201 2581 2427 2648 Carpos.
2465 2577 2627 2648 Igitur
2663 2578 2986 2632 vicesimum
3025 2584 3186 2643 caput
3216 2573 3412 2627 Centu-

1847 2672 2004 2725 ri:er
2031 2671 2242 2725 Maximi
2270 2672 2347 2726 sic
2373 2671 2692 2726 determinat
2726 2688 2740 2726 :
2773 2669 2894 2736 Quo
2936 2677 3095 2738 pacto
3117 2666 3228 2720 vult
3252 2664 3412 2726 Deus,

1843 2764 1934 2832 qui
1970 2771 2093 2815 ante
2114 2778 2276 2818 omne
2299 2743 2474 2816 aevum
2504 2762 2770 2832 cujusque
2789 2761 2954 2815 vitam
2982 2759 3188 2823 deﬁnit,
3221 2770 3412 2809 unum-

1842 2870 2111 2924 quemque
2144 2857 2209 2910 ad
2258 2855 2537 2924 proprium
2592 2856 2718 2909 vita:
2771 2853 2926 2907 finem
2977 2852 3126 2905 ducit
3165 2849 3280 2904 sive
3326 2846 3412 2914 ju-

173 2933 319 3023 πᾶσι
348 2934 440 2986 τοῦ
473 2941 561 2989 καθ.
610 2941 708 3008 τὴν
736 2942 882 3012 ζωὴν
927 2947 1154 3001 ἑκάστου
1184 2951 1544 3023 διωρισμένην
1579 2950 1737 3023 εἶναι,

1845 2954 2005 3010 stum,
2046 2947 2158 2999 sive
2185 2946 2471 3015 injustam.
2501 2945 2565 2996 Et
2597 2944 2698 2997 hoc
2729 2943 2904 2996 solum
2930 2955 3024 3010 per
3049 2949 3218 2994 totum
3252 2941 3411 3003 caput

171 3021 324 3082 κατὰ
353 3024 446 3076 τὸν
493 3029 703 3095 χρόνον,
740 3033 834 3085 καὶ
879 3035 940 3086 τὸ
970 3036 1143 3106 πέρας
1196 3042 1387 3110 αὐτῆς,
1435 3021 1740 3110 ἀκολούθως

172 3115 268 3164 καὶ
311 3114 405 3167 τὸν
457 3118 554 3186 τῆς
591 3120 846 3190 τελευτῆς
895 3127 1115 3195 τρόπον,
1167 3129 1245 3199 τῷ
1291 3131 1428 3202 θείῳ.
1477 3134 1740 3204 θελήματι

172 3205 518 3270 παραδίδωσι
540 3223 554 3239 ο
584 3210 656 3271 ὡς
696 3209 761 3263 ἄν
810 3215 904 3266 καὶ
937 3217 964 3267 ὁ
993 3208 1194 3286 τρόπος
1225 3222 1324 3288 τῆς
1369 3224 1621 3292 τελευτῆς
1665 3225 1740 3294 τῷ

175 3296 372 3366 μέτρῳ
405 3298 504 3366 τῆς
545 3300 689 3368 ζωῆς
726 3310 1245 3376 συμπροωρισμένος
1373 3315 1476 3381 πρὸ
1506 3316 1738 3379 αἰώνων,

171 3385 266 3437 καὶ
295 3386 531 3451 ἕκαστος
555 3389 663 3444 τῶν
692 3394 994 3464 ἀνθρώπων
1016 3399 1149 3467 πρὸς
1179 3401 1237 3454 τὸ
1261 3403 1357 3470 τῆς
1381 3401 1525 3473 ζωῆς
1555 3407 1739 3473 ἄγοιτο

173 3477 361 3544 τέλος,
399 3481 580 3544 καθὼς
631 3483 697 3537 ἂν
729 3485 807 3555 τῷ
854 3487 972 3558 Θεῷ
1015 3491 1217 3556 δόξειεν
1259 3496 1457 3547 οἰκεῖον
1505 3495 1639 3549 εἶναι
1673 3501 1736 3569 τῇ

170 3569 416 3624 ἐνταῦθα
447 3573 638 3627 τούτου
664 3576 797 3644 ζωῇ,
830 3581 924 3632 καὶ
949 3583 1012 3651 τῇ
1054 3582 1170 3651 μετ’
1197 3585 1363 3655 αὐτὴν
1393 3588 1736 3662 διαδεξομένῃ

173 3665 538 3724 καταστάσει.
584 3669 678 3721 καὶ⁸
707 3670 765 3722 τὸ
811 3671 1042 3735 δικαίως
1077 3675 1459 3746 ἀποθνήσκειν,
1489 3681 1596 3732 εἴτε
1629 3682 1740 3735 ἀδί-

173 3770 308 3815 κως,
350 3756 444 3806 καὶ
494 3758 602 3810 εἴτε
647 3763 769 3824 τοὺς
802 3763 1022 3826 δικαίως
1063 3765 1330 3834 βιοῦντας,
1373 3771 1480 3823 εἴτε
1518 3773 1735 3837 ἀδίκως,

173 3841 248 3911 τῷ
294 3846 524 3917 ποικίλῃ
561 3865 616 3899 τε
647 3851 736 3901 καὶ
769 3855 1026 3928 πανσόφῳ
1051 3856 1160 3907 ’τοῦ
1207 3857 1338 3911 Θεοῦ
1388 3861 1513 3928 περὶ
1548 3862 1738 3914 ἐκατέ-

173 3952 302 4003 ρους
345 3937 523 4006 κρίσει
560 3940 691 4010 μόνῃ
737 3944 1023 4012 προσήκει.
1067 3947 1247 4001 Ταῦτα
1279 3949 1335 4002 δὲ
1374 3953 1546 4025 ,ἡμεῖς
1579 3954 1735 4025 εὖρύο

171 4042 338 4092 τερον
370 4026 678 4095 διειλόμεθα
699 4031 805 4084 ⁴οὺκ
834 4033 1073 4105 οἴκοθεν,
1094 4036 1228 4089 ἀλλὰ
1256 4013 1575 4108 ταίςδίεραῖς
1607 4013 1735 4094 ἀκο-

171 4114 496 4181 λουθοῦντες
540 4120 798 4190 Γραφαῖς.
875 4125 935 4177 ’0
976 4127 1064 4180 δὲ’
1093 4131 1428 4202 φερωνύμως
1485 4133 1737 4201 μέγιστος

173 4202 329 4270 οὗτος
367 4210 469 4277 τῆς
507 4211 830 4282 Ἐκκλησίας
883 4218 1198 4285 διδάσκαλος
1253 4225 1310 4275 τὸ
1362 4226 1735 4296 συμπέρασμα

104 4357 107 4359 _
173 4300 506 4390 προστίθησι
551 4303 717 4389 ’,μόνον
742 4320 756 4334 °
788 4307 976 4378 ὥσπερ
1018 4314 1318 4378 νομοθετῶν
1350 4315 1508 4385 ἔχεις,
1542 4312 1586 4370 ὧ
1616 4320 1735 4386 φίλ-

175 4406 324 4464 τατε,
377 4394 475 4446 καὶ
509 4394 697 4449 τοῦτον
729 4400 885 4468 ἡμῶν
924 4405 987 4454 ἐκ
1029 4405 1127 4471 τῆς
1170 4407 1396 4474 ἡσυχίας
1439 4409 1529 4460 τὸν
1554 4407 1729 4476 λόγον.

173 4479 389 4535 Μᾶλλον
421 4483 480 4535 δὲ
510 4486 536 4536 ὀ
580 4488 748 4552 μέγας
774 4489 882 4558 ἔχει
915 4492 1211 4560 Βασίλειος,
1246 4498 1339 4549 καὶ
1368 4501 1393 4550 ὁ
1426 4498 1523 4569 τὴν
1554 4499 1732 4569 ψυχὴν

171 4570 383 4644 ἐκείνην
420 4575 688 4644 φωτίσας,
719 4572 762 4646 ᾧ
800 4582 833 4653 ὴ
863 4582 987 4650 δόξα
1014 4586 1095 4647 είς
1125 4587 1248 4650 τοὺς
1276 4589 1492 4652 αἰῶνας.
1535 4591 1727 4660 ’Δμήν.

1841 3058 1911 3096 xx
1944 3049 2219 3094 tractatur.
2248 3040 2452 3108 Itaque,
2475 3039 2654 3109 posito
2688 3036 2829 3104 quod
2867 3033 2918 3086 in
2947 3030 3194 3086 confesso
3223 3038 3306 3083 est
3361 3041 3409 3086 et

1846 3137 1910 3191 ab
1933 3135 2186 3190 omnibus
2212 3146 2337 3188 ante
2365 3147 2714 3191 concessum,
2748 3130 2912 3184 vitam
2947 3127 3204 3180 nimirum
3228 3125 3410 3193 cujus-

1843 3243 1945 3294 que
1986 3227 2398 3295 determinatam
2431 3223 2918 3291 praescriptamque
2947 3233 3068 3272 esse
3100 3215 3404 3270 secundum

1843 3325 2053 3384 tempus
2085 3323 2140 3369 et
2203 3317 2359 3369 tinem
2391 3316 2510 3382 ejus
2540 3329 2555 3377 ;
2591 3318 2984 3377 consequenter
3017 3307 3179 3360 etiam
3220 3306 3409 3357 interi-

1842 3416 1928 3461 tus
1961 3406 2176 3461 modum
2216 3405 2415 3460 divinae
2448 3401 2709 3458 voluntati
2752 3399 2951 3463 tradit;
3002 3407 3057 3450 ut
3103 3395 3297 3449 modus
3329 3396 3408 3447 in-

1843 3498 2033 3552 teritus
2081 3496 2244 3552 simul
2288 3511 2409 3551 cum
2451 3495 2572 3566 vine
2620 3490 2839 3552 modulo
2876 3487 3287 3558 praedestinatum
3338 3487 3408 3539 sit

1840 3601 1966 3643 ante
2012 3589 2230 3650 saecula,
2262 3596 2316 3640 et
2350 3587 2582 3654 quisque
2625 3581 2899 3636 hominum
2942 3580 3004 3632 ad
3052 3579 3173 3631 vitre
3201 3577 3406 3632 exitum

1840 3682 1962 3734 duci
1991 3680 2193 3748 possit;
2215 3676 2674 3748 quemadmodum
2703 3673 2808 3726 Deo
2832 3672 3106 3725 videretur
3129 3669 3404 3738 pr0prium

1837 3788 1957 3827 esse
1986 3773 2103 3838 ejus
2133 3771 2257 3825 vita:
2301 3785 2419 3838 qum
2468 3770 2554 3821 hic
2605 3766 2834 3835 degitur,
2870 3771 2924 3817 et
2957 3760 3124 3818 statui
3163 3759 3253 3830 qui
3290 3769 3407 3827 post

1841 3861 1985 3914 illam
2021 3858 2315 3915 succedet:
2348 3867 2400 3911 et
2429 3858 2577 3927 juste
2627 3855 2763 3908 mori
2823 3854 2938 3910 sive
2989 3853 3193 3920 injuste
3224 3864 3238 3900 :
3276 3845 3404 3900 item

1837 3968 1932 4005 seu
1955 3951 2100 4018 juste
2126 3953 2393 4013 viventes,
2423 3964 2516 4002 seu
2545 3947 2750 4014 inique,
2804 3943 3085 4010 multiplici
3115 3950 3167 3995 cl
3193 3936 3405 4007 sapien-

1839 4041 2048 4093 tissimo
2086 4040 2173 4092 Dei
2205 4039 2408 4108 judicio
2441 4037 2539 4091 soli
2579 4042 2850 4105 congruit.
2901 4031 3026 4086 llaec
3079 4039 3258 4084 autem
3308 4042 3406 4080 nos

1836 4130 2002 4183 latius
2027 4129 2421 4190 cnarravimus,
2452 4140 2557 4179 non
2590 4141 2653 4179 ex
2681 4124 2921 4194 ingenio,
2948 4125 3040 4176 sed
3071 4119 3405 4174 convenien-

1841 4231 1919 4275 ter
1968 4221 2185 4274 Litteris
2221 4221 2408 4273 sacris.
2467 4217 2660 4280 Verum
2697 4215 2966 4269 maximus
3004 4215 3090 4266 hic
3144 4210 3402 4264 Ecclesia:

1836 4288 2025 4366 doctor
2059 4321 2206 4364 tanto
2238 4311 2450 4364 nomine
2498 4309 2715 4377 dignus,
2754 4305 3154 4377 cpnclusioncm
3190 4309 3397 4354 tantum

1834 4404 2095 4472 adjungit,
2140 4402 2296 4470 quasi
2353 4401 2524 4469 legem
2587 4398 2856 4452 sanciens.
2897 4394 3004 4460 Tu,
3046 4392 3395 4455 charissimc,

1830 4497 1989 4550 etiam
2023 4497 2168 4548 hunc
2192 4510 2222 4548 a
2257 4493 2410 4547 nobis
2437 4498 2500 4545 ex
2529 4492 2638 4546 otio
2671 4504 2977 4544 sermonem
3017 4487 3183 4538 habes
3216 4502 3228 4541 :
3269 4485 3396 4550 quin

1831 4589 2009 4654 potius
2051 4580 2278 4654 magnus
2308 4583 2464 4635 habet
2500 4581 2747 4644 Basilius,
2773 4587 2823 4632 et
2855 4578 2943 4644 qui
2982 4583 3213 4629 mentem
3252 4575 3394 4628 illam

1830 4676 2141 4740 illustravit,
2174 4675 2261 4730 cui
2291 4675 2458 4744 gloria
2497 4673 2551 4726 in
2587 4685 2744 4724 omne
2776 4684 2970 4723 aevum.
3048 4669 3239 4719 Amen.
