3986 6328
154 268 260 368 559

1211 298 1309 361 DE
1343 300 1492 364 Ι)Εο
1548 300 1630 362 IN
1664 296 2094 360 TRINITATE
2129 301 2301 363 UNO.

3262 354 3265 355 ν
3280 310 3385 374 570

158 422 444 484 στεύοντας
475 419 703 487 πλάνην,
734 416 828 480 οὒς
857 416 925 471 ἂν
965 417 1235 473 αίσοοιντο
1273 421 1409 491 πρὸς
1434 419 1528 474 τὸν
1555 418 1719 472 αὑτὸν

1835 424 1879 469 [ιι
1930 417 2069 472 idem
2125 419 2253 481 ferri
2293 420 2686 492 praecipitium,
2720 422 2864 493 apud
2907 437 3099 480 omnes
3132 424 3387 494 pietatem

152 514 329 575 αὐτοῖς
379 511 626 583 κρημνὸν
670 509 959 579 φέρεσθαι,
1011 511 1149 581 πρὸς
1185 512 1431 574 ἅπαντας
1467 510 1711 565 εὐσεϐεῖν

152 601 763 673 προσποιοῦνται,“καὶ
817 600 1033 673 γλώττῃ
1087 603 1186 672 μὲν
1226 603 1551 674 ὁμολογοῦσι
1598 603 1712 666 τοῖς

151 696 327 758 ἄλλοις
373 696 508 747 πᾶσι
533 691 666 745 Θεὸν
698 687 875 756 εἶναι,
927 695 991 766 τῇ
1036 694 1092 748 δὲ
1143 694 1342 766 καρδίᾳ
1382 694 1474 747 τδν
1504 693 1579 746 [by
1613 694 1710 762 τῆς

150 785 463 856 ἀφροσύνης
494 784 885 855 ὲγκρύπτουσι,
916 786 996 840 διὸ
1026 788 1119 849 καὶ
1146 788 1398 857 μένουσιν
1428 788 1726 858 ἀνιάτρευ-’

149 894 258 931 τοι·
300 878 413 931 οὐδ’
447 878 503 930 έν
538 878 602 947 τῇ
641 876 851 946 διανοίᾳ
896 877 987 930 τὸν
1030 878 1279 932 τοιοῦτον
1327 878 1425 949 τῆς
1456 877 1713 942 ἀσεϐείας

150 956 460 1039 ἀϋροίζόυσι
493 967 772 1039 λογισμὸν,
822 969 1009 1039 πόρρω
1044 971 1153 1038 γὰρ
1186 968 1424 1032 διανοίας
1472 967 1647 1033 οὕτως
1684 970 1713 1023 ὁ

150 1063 323 1125 τόκος,
360 1058 475 1113 ἀλλ’
507 1061 565 1113 έν
610 1063 675 1130 τῇ
706 1061 898 1132 καρδίᾳ
936 1062 1035 1130 τὴν
1078 1060 1270 1114 ἀθεῒαν
1301 1059 1575 1125 ὠδίνουσι,
1617 1063 1713 1133 τῆς

154 1153 286 1222 πρὸς
317 1153 421 1222 τὴν
455 1151 709 1223 αἴσθησιν
742 1153 835 1206 καὶ
865 1151 963 1223 τὴν
996 1151 1128 1222 ὓλην
1161 1153 1508 1225 ἀλογωτάτης
1542 1153 1716 1225 ῥοπῆς

151 1243 315 1309 αὐτὴν
349 1242 765 1314 ἑνσπειρούσης.
810 1243 874 1296 Ei
898 1243 1007 1312 γὰρ
1031 1242 1245 1316 διανοίᾳ
1274 1245 1367 1297 καὶ
1392 1243 1534 1313 λόγῳ
1565 1244 1715 1315 χρῆ-

152 1334 272 1387 σθαι
294 1332 581 1403 ⁴ίιδύναντο,
614 1331 932 1404 δυνηθέντες
960 1332 1026 1386 ἂν
1071 1334 1254 1399 εὐθὺς,
1290 1334 1407 1404 εἴγε
1459 1336 1552 1391 καὶ
1587 1336 1717 1406 βου-

150 1425 398 1495 λομένοις
425 1421 494 1497 ἦν
521 1424 710 1497 ἁπάσῃ
738 1425 941 1495 σπουδῇ
972 1424 1033 1479 τὸ
1062 1424 1199 1480 Θεὸν
1224 1420 1386 1493 εἶναι,
1413 1429 1506 1481 καὶ
1537 1428 1718 1498 φωτὸς

149 1512 214 1587 ἦν
238 1516 305 1571 ἂν
329 1517 515 1580 αὐτοῖς
543 1516 959 1585 ἐναργέστερον,
1005 1516 1100 1570 καὶ
1144 1517 1245 1572 ὃσα
1293 1518 1391 1589 τῆς
1429 1518 1715 1583 εὐσεϐείας

150 1607 404 1661 ἐντεῦθεν
435 1608 645 1677 ἀνίσχει
675 1607 960 1676 δόγματα·
1010 1611 1107 1664 καὶ
1133 1607 1170 1663 ἀ
1222 1610 1320 1679 μὲν
1348 1611 1446 1673 τὰς
1483 1610 1592 1673 τῶν
1624 1626 1717 1663 σοι

151 1701 266 1767 φῶν
317 1698 562 1762 διανοίας
610 1699 1027 1769 καταλάμπουσι
1074 1698 1170 1753 τοῦ
1214 1700 1352 1755 Θεοῦ
1395 1700 1555 1771 ἔργα,
1604 1705 1719 1765 τοῖς

152 1791 366 1853 πολλοῖς
417 1789 687 1860 ἀνέφικτα
736 1790 1096 1865 καθορᾶσθαι,
1146 1791 1428 1861 παρείσθω
1471 1791 1587 1860 νῦν,
1629 1794 1721 1862 ὲγ-

150 1884 381 1954 κείμενα
412 1883 468 1936 δὲ
496 1886 608 1947 τοῖς
634 1883 813 1938 αὐτῶν
838 1883 1085 1953 βιϐλίοις,
1118 1882 1298 1948 ἔξεστι
1335 1884 1412 1955 τῷ
1434 1885 1720 1957 δυναμένῳ

152 1988 206 2024 τε
235 1972 330 2024 καὶ
361 1970 672 2042 βουλομένῳ
702 1970 908 2042 ζητεῖν,
939 1969 998 2036 ἐξ
1025 1966 1213 2027 ὧνίότι
1243 1990 1300 2027 τε
1328 1974 1539 2047 ἀνάγκη
1571 1977 1724 2032 πᾶσα

150 2063 239 2137 τὸν
272 2063 409 2117 Θεὸν
441 2057 607 2125 εἶναι,
655 2065 753 2117 καὶ
802 2063 879 2127 ὡς
927 2062 1192 2118 ἀδύνατον
1231 2064 1299 2120 ἂν
1344 2065 1418 2137 μὴ
1447 2062 1588 2123 εἶναι
1625 2069 1720 2123 καὶ

154 2156 293 2227 πέρα
313 2156 522 2219 παντὸς
544 2155 810 2211 ἀδυνάτου
842 2195 859 2221 ,
892 2155 1189 2212 δείκνυται.
1230 2158 1506 2230 Παρίεμεν
1536 2159 1591 2213 δὲ
1627 2162 1723 2218 καὶ

153 2249 248 2319 τὴν
278 2248 472 2320 κοινὴν
503 2247 761 2307 ἁπάντων
795 2248 1101 2321 ἀνθρώπων
1132 2249 1312 2319 δόξαν,
1344 2249 1487 2322 μέγα
1512 2269 1563 2307 τι
1586 2255 1724 2326 πρὸς

153 2342 247 2408 τὴν
279 2342 549 2412 ἀλήθειαν
577 2342 906 2415 δυναμένην,
950 2345 1109 2415 είπερ
1145 2344 1300 2398 οὐδέν
1339 2348 1489 2399 ἐστιν
1530 2346 1726 2417 ἀληθέ-

157 2450 342 2503 στερον
369 2434 485 2487 τῶν
530 2434 694 2504 φύσει
738 2436 908 2489 πᾶσιν
938 2436 1297 2506 ἐγνωσμένων
1327 2436 1509 2509 ἀρχῶν
1528 2454 1543 2469 ο
1583 2424 1726 2507 πλῆν

155 2526 260 2595 γὰρ
292 2525 595 2596 ἐλαχίστων
649 2526 793 2580 πάνυ
842 2527 952 2579 τῶν
1005 2527 1126 2582 λίαν
1173 2528 1613 2597 ἀφρονεστάτων,
1649 2530 1727 2592 ὼς

160 2616 397 2687 εἴρηται,
434 2616 569 2671 Θεὸν
602 2618 803 2682 πάντες
826 2617 1067 2672 έτίθεντό
1086 2635 1145 2673 τε
1168 2621 1264 2673 καὶ
1295 2618 1554 2686 τίθενται,
1586 2619 1725 2673 ὥστε

158 2710 248 2761 καὶ
276 2708 340 2762 τὸ
369 2707 426 2761 τί
457 2702 527 2779 ἦν
559 2704 697 2762 εἶναι
737 2710 832 2764 καὶ
857 2709 973 2773 πῶς
1005 2706 1146 2764 εἶναι
1176 2709 1361 2765 τοῦτον
1398 2710 1727 2781 ἐπιζητῆσαι

160 2798 487 2868 θελήσαντες
513 2798 605 2853 διὰ
640 2801 741 2869 τὴν
772 2802 831 2853 έν
865 2800 1074 2865 τούτοις
1100 2803 1445 2873 δυσχέρειαν,
1477 2803 1552 2866 ὠς
1578 2803 1721 2867 εἰκός

159 2888 272 2943 ἐστι
294 2891 428 2960 περὶ
455 2890 591 2944 Θεοῦ
622 2893 1037 2962 σκοπουμένοις,
1069 2896 1150 2958 είς
1179 2896 1469 2963 διαφόρους
1493 2913 1730 2965 κατεμε-

162 2980 426 3052 ρίσθησαν
456 2982 734 3054 ἄνθρωποι
780 2983 941 3048 δόξας
989 2986 1082 3040 καὶ
1129 2985 1231 3055 τῆς
1264 2986 1538 3057 προτέρας
1576 2986 1723 3056 ὅμως

1826 504 2083 562 simulant
2121 518 2176 565 et
2200 510 2381 582 lingua
2412 512 2631 581 quidem
2668 528 2775 568 una
2802 528 2927 568 cum
2970 516 3182 570 caeteris
3212 516 3389 569 omni-

1826 597 1929 655 bus
1952 599 2119 654 Deum
2145 617 2267 657 esse
2299 601 2649 672 conﬁtentur,
2709 606 2763 660 in
2805 606 2971 661 corde
3004 619 3133 662 vero
3162 606 3393 661 insaniae

1824 704 2093 746 venenum
2129 694 2437 750 abstrusum
2476 697 2748 767 retinent;
2795 706 2959 769 atque
2995 699 3119 755 ideo
3169 706 3393 754 manent
3459 725 3466 757 .-

1836 783 2189 842 insanabiles.
2235 786 2303 842 At
2336 804 2509 856 neque
2536 799 2715 846 mente
2745 799 2902 848 tenus
2930 792 3062 847 illud
3096 791 3394 861 impietatis

1826 876 2117 947 cogitatum
2173 880 2275 935 sibi
2333 881 2643 945 conferunt,
2703 885 2901 954 quippe
2957 886 3048 954 qui
3093 885 3305 941 alienus
3358 899 3390 939 a

1837 976 2020 1024 mente
2055 968 2220 1028 ftetus
2252 971 2394 1039 iste;
2436 956 2529 1026 sed
2579 975 2631 1027 in
2676 976 2839 1030 corde
2866 977 3191 1033 atheismum
3224 991 3393 1047 gene-

1827 1066 1974 1122 rant,
2011 1071 2337 1132 conceptum
2387 1063 2599 1118 scilicet
2639 1082 2701 1119 ex
2756 1068 3132 1124 amentissimo
3178 1069 3269 1123 illo
3318 1067 3387 1123 ad

1826 1151 2114 1208 sensibiles
2142 1162 2493 1223 terrenasque
2536 1169 2624 1210 res
2662 1157 2890 1228 impetu.
2924 1158 3059 1212 Nam
3126 1159 3171 1213 si
3206 1167 3390 1214 mento

1827 1243 2039 1313 possint
2079 1258 2143 1299 ac
2182 1246 2397 1300 ratione
2457 1247 2557 1310 uti,
2612 1249 2756 1319 quod
2790 1257 2937 1305 certe
2969 1249 3143 1306 facile
3168 1257 3392 1320 possent

1825 1331 1955 1386 dum
1997 1332 2146 1387 omni
2195 1333 2376 1388 studio
2404 1332 2577 1389 Deum
2605 1351 2724 1392 esse
2753 1337 2941 1401 velint,
2976 1338 3092 1408 ipsa
3119 1340 3243 1395 luce
3268 1339 3385 1393 cla-

1824 1424 1943 1480 rius
1992 1432 2046 1479 et
2091 1423 2275 1480 divina
2310 1426 2513 1482 veritas
2556 1437 2611 1483 et
2643 1439 2995 1500 quotcunque
3035 1433 3100 1485 ad
3132 1432 3388 1500 pietatem

1837 1517 1968 1573 inde
2009 1516 2278 1587 prodeunt
2307 1519 2556 1589 dogmata
2593 1521 2702 1577 illis
2746 1522 3091 1594 eﬂ‘ulgerent.
3125 1524 3296 1578 Porro
3326 1537 3389 1575 ea

1828 1608 2049 1679 quidem
2099 1608 2191 1665 Dei
2223 1624 2389 1680 Opera
2427 1624 2549 1679 quae
2581 1600 2889 1669 doctiorum
2948 1621 3162 1670 mentes
3191 1613 3395 1668 illumi-

1829 1711 1985 1768 nant,
2010 1701 2154 1773 vulgi
2189 1717 2315 1757 vero
2355 1704 2531 1759 oculis
2562 1714 2691 1759 sunt
2725 1705 3034 1771 inaccessa,
3061 1705 3206 1774 quod
3250 1717 3396 1758 nunc

1825 1802 1931 1858 est,
1984 1802 2404 1862 praetereamus;
2473 1796 2676 1850 atenim
2732 1800 2855 1865 qua
2907 1796 2960 1850 in
3015 1808 3203 1852 eorum
3243 1794 3395 1850 libris

1827 1889 2200 1939 memorantur
2219 1884 2398 1940 cuivis
2419 1885 2612 1942 idoneo
2637 1901 2701 1942 ac
2722 1887 2922 1943 volenti
2948 1887 3074 1942 licet
3096 1886 3394 1954 inquirere,

1831 1976 1973 2032 unde
2011 1975 2420 2035 dﬂnonstratur
2465 1986 2519 2041 et
2552 1983 2777 2036 necesse
2810 1980 3035 2034 omnino
3061 1993 3182 2034 esse
3224 1978 3395 2033 Deum
3500 2048 3502 2050 ν

1831 2068 2096 2129 exsistere
2113 2081 2348 2142 etsupra
2380 2088 2538 2142 quam
2564 2072 2672 2129 dici
2700 2079 2880 2144 potest
2905 2070 3241 2143 impossibile
3271 2076 3393 2125 c‘um

1833 2175 1942 2216 non
1974 2176 2119 2217 esse.
2173 2160 2278 2217 Sed
2313 2173 2370 2217 et
2419 2163 2564 2218 illam
2646 2166 3002 2232 praetermitto
3050 2177 3395 2219 communem

1828 2251 2078 2337 omnibus
2156 2253 2469 2309 hominibus
2519 2255 3043 2325 sententiam,quaa
3108 2269 3216 2317 non
3278 2268 3396 2308 mo-

1830 2342 2011 2399 dicum
2046 2360 2144 2413 pro
2172 2348 2403 2400 Veritate
2435 2346 2599 2413 valet;
2625 2347 2893 2417 siquidem
2933 2346 3216 2417 principiis
3239 2352 3401 2401 natu—

1833 2436 2019 2490 raliter
2049 2436 2191 2504 apud
2228 2450 2420 2491 omnes
2452 2437 2695 2505 acceptis
2747 2437 2884 2491 nihil
2923 2436 3223 2506 quidquam
3276 2451 3401 2490 σειν-τ

1830 2526 1961 2581 tius.
2008 2523 2168 2591 Nam,
2217 2533 2277 2578 ut
2309 2524 2571 2592 diximus,
2610 2536 2803 2595 praeter
2838 2541 2999 2595 quam
3044 2528 3403 2604 paucissimos

1830 2618 2123 2675 admodum
2154 2616 2490 2687 insanientes
2511 2662 2526 2685 ,
2567 2618 2732 2674 Deum
2764 2634 2955 2678 omnes
2986 2629 3319 2691 agnoverunt
3348 2629 3403 2674 et

1828 2724 2124 2781 agnoscunt
2143 2726 2158 2777 ;
2178 2709 2253 2765 ita
2277 2724 2468 2779 nempe
2490 2696 2545 2765 ut
2568 2725 2684 2765 cum
2706 2714 3124 2781 ejusessentiam
3139 2724 3190 2767 et
3214 2711 3403 2766 modos

1830 2802 2112 2873 explorare
2134 2802 2480 2870 tentaverint,
2496 2816 2678 2859 rerum
2696 2803 3005 2860 dillicultate
3023 2805 3215 2875 pressi,
3233 2814 3402 2871 utpar
3462 2822 3469 2829 ι

1826 2902 1912 2948 est
1935 2893 2004 2946 de
2028 2890 2136 2945 Deo
2170 2893 2606 2969 speculantibus,
2639 2894 2694 2950 in
2718 2910 2891 2951 varias
2923 2896 3061 2949 varii
3098 2894 3405 2949 dirisisunt

1832 2984 2141 3053 opiniones;
2174 2999 2273 3039 nec
2298 2993 2476 3040 tamen
2502 3001 2531 3040 a
2554 2987 2720 3055 priori
2743 2982 3213 3056 commitniorique
3237 3000 3398 3040 sensu

162 3072 252 3126 καὶ
306 3075 625 3145 κοινοτέρας
674 3074 775 3129 οὐκ
823 3077 1151 3146 ἀφίστανται
1203 3077 1430 3141 θέσεως.
1476 3077 1725 3148 Θαύματι

1835 3075 2113 3146 hucusque
2148 3074 2427 3131 deﬁciunt.
2460 3076 2627 3147 Atqui
2660 3078 3007 3133 admirationi
3033 3078 3317 3146 indulgent
3346 3083 3402 3129 et

164 3164 259 3233 μὲν
304 3161 401 3221 οὖν
457 3167 813 3236 ἀσμενίζουσι
872 3168 967 3221 καὶ⁵
1032 3169 1359 3240 κατέχουσιο
1408 3169 1469 3222 τὸ
1502 3169 1611 3239 γὰρ
1654 3168 1729 3239 μὴ

162 3256 417 3313 δύνασθαι
471 3259 547 3330 τῷ
595 3260 828 3330 έμφύτῳ
877 3260 1021 3331 λόγῳ
1072 3262 1360 3315 κατανοεῖν
1394 3261 1565 3315 ταῦτα
1601 3260 1730 3332 περὶ

162 3347 314 3415 Θεοῦ,
370 3350 511 3421 μηδὲ
569 3352 684 3416 τοῖς
726 3351 887 3421 φύσει
943 3353 1364 3423 γινωσκομένοις
1416 3353 1510 3407 καὶ
1560 3351 1731 3407 ταῦτα

164 3440 423 3514 σύστοιχα
452 3439 616 3511 εἶναι,
647 3444 743 3515 τοῦ
782 3445 915 3499 Θεὸν
946 3442 1087 3501 εἶναι
1120 3445 1396 3501 ποιοῦνται
1434 3447 1576 3517 μέγα
1603 3462 1733 3499 τεκο
1782 3504 1786 3509 ,

166 3538 397 3607 μήριον,
457 3537 616 3610 είπερ
662 3541 727 3608 τῇ
778 3538 874 3592 τοῦ
920 3539 1052 3593 Θεὸν
1101 3536 1241 3593 εἶναι
1291 3538 1473 3609 ἐννοίᾳ
1522 3538 1584 3593 τὸ
1631 3537 1733 3608 τὴν

162 3630 347 3683 οὐσίαν
386 3631 559 3685 αὑτοῦ
608 3630 683 3701 νῷ
725 3649 786 3685 τε
816 3630 1054 3703 ἄληπτον
1084 3629 1223 3686 εἷναι
1249 3631 1358 3685 ’καὶ
1388 3630 1601 3701 γλώττῃ
1634 3630 1734 3701 ἄῤ-

165 3724 345 3794 ρητον,
376 3724 562 3793 σοφῶς
596 3723 738 3779 πάνυ
770 3725 865 3779 καὶ
890 3725 1104 3789 οίκείως
1139 3724 1424 3779 ἀκολουθεῖ
1443 3741 1458 3756 ·
1488 3724 1609 3778 οὐδὲ
1633 3724 1733 3788 τάς

166 3813 342 3868 θεόθεν
374 3815 757 3887 ἀποκαλύψεις
801 3817 901 3886 τῆς
949 3821 1077 3887 περὶ
1106 3817 1272 3870 αὐτὸν
1302 3816 1560 3885 ἀληθείας
1592 3816 1737 3869 τίθε-

165 3923 264 3976 μεν
298 3906 421 3974 νῦν,
459 3923 597 3979 προς
627 3924 691 3977 γε
721 3908 820 3979 τὴν
862 3909 1054 3979 χρείαν
1084 3909 1179 3961 τοῦ
1219 3909 1329 3965 τῶν
1361 3907 1737 3979 ἀφρονευομέ-

164 4015 264 4051 νων
289 4000 545 4071 ἐλέγχου,
571 3999 691 4053 λίαν
715 4001 930 4063 οίκεὶως
961 4000 1242 4070 προϊόντος
1270 3997 1363 4054 τοῦ
1390 4000 1571 4069 λόγου,
1599 4000 1736 4069 πρὸς

167 4089 354 4163 ἑτέραν
406 4091 600 4163 χρείαν
650 4092 1115 4161 παραληψόμενοι.
1160 4090 1302 4146 Ἀλλ’
1342 4092 1467 4145 ἐπεὶ
1508 4091 1640 4145 Θεὸν
1672 4090 1732 4144 οὐ

168 4182 482 4252 νομίζοντες
516 4179 785 4254 εἶναιτὴν
836 4200 897 4238 τε
930 4183 1038 4238 τῶν
1088 4183 1259 4237 όντων
1308 4181 1592 4253 ἀναιροῦσι
1644 4182 1738 4253 δη·-

169 4276 461 4346 μιουργίαν
502 4278 593 4330 καὶ
640 4276 740 4347 τὴν
787 4277 866 4340 είς
897 4276 1075 4338 πάντα
1123 4275 1295 4330 ταῦτα
1344 4274 1733 4346 διατρέχουσαν

162 4366 254 4419 τοῦ
292 4367 653 4440 Δημιουργοῦ
680 4371 956 4439 πρόνοιαν,
989 4368 1296 4446 ἀκολούθως
1325 4370 1391 4438 τῇ
1424 4368 1734 4439 ένταθείσῃ,

1832 3165 2099 3221 inhaerent
2142 3184 2158 3222 :
2222 3182 2344 3223 cum
2393 3168 2539 3224 enim
2588 3170 2702 3224 haec
2755 3171 2823 3225 de
2866 3169 2978 3225 Deo
3033 3168 3254 3237 praat'ata
3302 3180 3402 3221 nec

1831 3259 2001 3315 indita
2034 3261 2245 3317 ratione
2272 3263 2481 3331 possint
2513 3262 2737 3334 intelligi
2762 3277 2939 3333 neque
2973 3263 3138 3317 rebus
3166 3248 3399 3315 natura-

1836 3351 1964 3407 liter'
1989 3353 2135 3408 notis
2165 3353 2638 3425 sintcongenerae,
2692 3354 2819 3409 hinc
2865 3355 3035 3409 Deum
3071 3357 3205 3408 'esse
3236 3366 3402 3421 argu-

1834 3451 2077 3497 mentum
2110 3459 2214 3499 non
2245 3445 2360 3499 leve
2391 3445 2491 3501 sibi
2531 3452 2849 3517 comparant
2881 3460 2896 3499 :
2928 3444 3194 3515 siquidem
3225 3443 3402 3513 posito

1835 3535 1987 3604 prius
2040 3535 2188 3589 illum
2224 3536 2508 3599 exsistere,
2560 3547 2671 3599 tum
2706 3538 2827 3609 ejus
2877 3537 3173 3594 essentiam
3225 3550 3405 3606 neque

1835 3623 2112 3680 intellectu
2142 3626 2533 3694 comprehendi
2568 3641 2668 3684 nec
2697 3642 2947 3684 sermone
2978 3626 3247 3683 declarari
3283 3641 3407 3695 pos-
3496 3678 3503 3689 ,

1837 3730 1917 3781 se,
1953 3731 2213 3787 perquam
2250 3718 2500 3788 apposite
2528 3734 2591 3774 ac
2641 3720 2875 3791 genuine
2916 3734 3258 3790 conseQucns
3301 3725 3405 3774 est.

1835 3807 2023 3880 Neque
2064 3810 2277 3865 divinas
2310 3811 2376 3865 de
2408 3810 2650 3881 ejusdem
2704 3810 2798 3867 Dei
2830 3818 3058 3868 veritate
3107 3810 3401 3866 revelatio-

1839 3917 1936 3958 ncs
1963 3903 2016 3957 in
2048 3904 2459 3973 praesentiarum
2502 3905 2766 3960 adducam
2794 3922 2808 3971 ;
2840 3920 2963 3960 cum
2989 3906 3055 3960 ad
3087 3919 3181 3960 eos
3214 3905 3409 3959 coniu-

1840 3994 2053 4063 tandos,
2084 3996 2177 4067 qui
2204 3996 2278 4050 ita
2313 3995 2654 4054 dcmenliunt
2704 3997 2987 4067 aptissime
3045 3995 3187 4051 ratio
3215 4011 3311 4065 per
3349 4010 3410 4049 se

1838 4087 2109 4158 proﬁciat,
2136 4098 2388 4144 caeterum
2423 4089 2544 4144 illas
2588 4087 2751 4143 alium
2794 4088 2860 4143 ad
2920 4088 3077 4143 [luem
3118 4088 3403 4142 allaturus.

1842 4176 1953 4235 Sed
1991 4179 2251 4250 quoniam
2282 4179 2451 4235 semel
2482 4179 2697 4248 abiecto
2732 4179 2843 4252 D’eo
2865 4178 3069 4235 entium
3102 4187 3403 4233 creatorem

1840 4272 2003 4327 simul
2055 4272 2313 4327 auferunt
2351 4280 2406 4326 et
2444 4270 2722 4328 Creatoris
2762 4288 2859 4342 per
2908 4273 3022 4327 haec
3065 4273 3247 4327 omnia
3279 4286 3405 4341 per-

1844 4369 2115 4417 meantem
2153 4362 2576 4429 Providentiam,
2620 4373 3050 4419 consentaneum
3088 4373 3193 4427 est,
3228 4378 3291 4417 ex
3327 4363 3409 4432 ip-

84 4492 87 4495 -
168 4432 441 4522 αὖτοίςέν
468 4432 547 4528 τῷ
565 4432 744 4513 ’παντί
769 4459 906 4528 τῷδε
935 4432 1088 4525 τάξει
1114 4458 1208 4512 καὶ
1228 4432 1554 4530 αὐτομάτως
1584 4459 1653 4514 τά

1845 4467 2031 4509 eorum
2058 4453 2123 4508 de
2157 4452 2242 4509 his
2274 4453 2547 4509 universis
2582 4454 2810 4509 inducto
2841 4463 3156 4524 systemate,
3189 4462 3247 4507 ut
3276 4468 3407 4508 casu

166 4557 290 4611 ὅντα
328 4550 476 4608 εἷναι
527 4553 598 4607 τά
645 4568 704 4604 τε
756 4550 1021 4620 γινόμενα
1067 4549 1317 4620 γίνεσθαι
1365 4550 1591 4615 οἴονται,
1645 4552 1742 4606 καὶ

170 4646 311 4709 ἄπας
341 4643 507 4706 ἄλλος
547 4641 719 4709 ἑσμὸς
757 4640 850 4694 τοῦ
881 4640 1111 4709 ψεύδους
1155 4640 1407 4695 ἐντεῦθεν
1433 4640 1739 4709 ἀκολουθεῖ,

166 4740 323 4810 ἀρκεῖ
371 4735 516 4806 πρὸς
561 4736 661 4804 τὴν
715 4733 999 4805 παροῦσαν
1050 4733 1242 4804 χρείαν
1295 4734 1565 4789 πυθέσθαι
1595 4735 1737 4799 τινὸς

166 4829 342 4886 αὐτῶν
366 4829 521 4885 ἁπλᾶ
542 4844 664 4880 τινα
686 4829 779 4881 καὶ
808 4825 948 4880 πάνυ
981 4825 1188 4898 βραχέα
1219 4827 1349 4896 περὶ
1378 4827 1547 4883 αὑτοῦ
1580 4826 1739 4897 μόνου

169 4922 257 4977 καὶ
314 4922 484 4993 μόνον
536 4919 698 4974 αὐτὸν
748 4918 972 4989 ἔλεγχον
1019 4919 1118 4988 τῆς
1172 4919 1378 4984 οίκείας
1426 4918 1741 4989 ἀφροσύνης

168 5015 583 5088 προστήσασθαι
631 5004 943 5081 έξαίὸλίγων
973 5030 1030 5066 τε
1071 5014 1163 5067 καὶ
1194 5012 1596 5086 φανερωτάτων
1632 5012 1741 5066 τῶν

168 5109 294 5180 περὶ
321 5106 496 5163 αὐτὸν
531 5103 899 5175 φαινομένων.
1613 5099 1620 5105 ’

238 5285 535 5355 Ἄνθρωπε
554 5322 569 5348 ,
601 5282 665 5337 σὺ
696 5282 804 5337 τῶν
830 5283 1006 5339 ἀλλων
1032 5284 1092 5338 έι
1134 5285 1205 5355 γῇ
1240 5284 1581 5355 πραγμάτων
1611 5300 1741 5352 προ-

178 5377 315 5447 έχεις
350 5364 427 5450 τῇ
461 5374 627 5444 φύσει
660 5374 942 5447 προδήλως
975 5378 1069 5431 καὶ
1100 5377 1199 5447 τῆς
1235 5376 1339 5446 γῆς
1385 5377 1586 5446 αὖτῆςο
1638 5375 1742 5445 γῆς

177 5469 271 5537 μὲν
301 5470 635 5541 ύπέρκεισαι
670 5468 766 5522 καὶ
813 5467 960 5521 λίθου
988 5470 1102 5531 τοῖς
1146 5470 1206 5523 έν
1254 5468 1341 5522 σοὶ
1384 5469 1518 5523 πᾶσι
1558 5468 1743 5533 καλοῖς

172 5555 268 5627 τῆς
303 5556 550 5626 φύσεως,
585 5556 935 5627 σωματότητι
970 5557 1109 5631 μόνῃ
1156 5558 1367 5623 τούτοις
1412 5559 1698 5628 ένούμενος
1723 5572 1739 5589 ·

173 5649 261 5700 καὶ
299 5648 365 5700 σὺ
401 5646 517 5717 γὰρ
552 5644 717 5716 σῶμα
748 5646 1087 5717 περίκεισαι,
1130 5647 1179 5700 εί
1207 5648 1263 5700 δὲ
1293 5646 1495 5717 βούλει,
1539 5644 1632 5698 καὶ
1663 5643 1741 5713 τῷ

176 5732 308 5792 εῖναι
334 5738 363 5792 ὃ
397 5737 584 5793 κοινόν
624 5738 739 5793 ἔστι
766 5741 879 5803 τοῖς
909 5738 1028 5795 οὖσι
1060 5742 1225 5795 πᾶσιν
1256 5737 1463 5807 ἁπλῶς.
1498 5735 1653 5808 Φυτῷ
1682 5736 1739 5791 δὲ

1844 4559 1965 4601 esse
2011 4560 2135 4615 qua:
2184 4553 2318 4601 sunt
2365 4554 2420 4601 et
2463 4546 2580 4602 ﬁeri
2633 4562 2753 4616 quae
2772 4602 2779 4605 ,η
2809 4545 2944 4600 ﬁunt
3025 4545 3407 4611 arbitrentur,

1843 4649 1911 4689 at:
1942 4633 2182 4690 indidem
2215 4636 2569 4713 omnigenum
2608 4637 2753 4691 aliud
2790 4636 2996 4692 erroris
3024 4651 3216 4706 agmen
3252 4652 3410 4691 exse-
3484 4678 3490 4690 .

1845 4726 2052 4795 quitur.
2083 4726 2295 4782 Idcirco
2326 4736 2411 4785 sat
2447 4728 2641 4796 eritiad
2674 4737 2997 4799 prasentem
3028 4743 3253 4797 scopmn
3290 4730 3411 4785 cui-

1842 4818 1987 4887 piam
2019 4832 2211 4873 eorum
2272 4819 2631 4875 brevissimas
2660 4817 2931 4888 quasdam
2970 4827 3024 4872 et
3063 4826 3279 4886 apertas
3329 4820 3411 4873 in-

1844 4912 2246 4981 terrogationes
2272 4910 2415 4966 circa
2451 4911 2629 4981 ipsum
2656 4911 2830 4966 solum
2858 4924 3163 4980 proponere
3208 4926 3406 4963 unum-

1844 5018 1950 5074 que
2008 5003 2181 5072 ipsum
2258 5002 2364 5058 sibi
2420 5004 2472 5056 in
2529 5004 2781 5060 amentire
2852 5019 2965 5060 sure
3029 5012 3408 5073 argumentum

1845 5091 2114 5165 proferre,
2144 5091 2358 5147 scilicet
2382 5106 2446 5146 ex
2486 5093 2839 5159 paucissimis
2871 5090 3412 5165 evidentissimisque

1845 5200 1966 5257 qua:
1996 5183 2063 5239 ad
2092 5185 2275 5255 ipsum
2310 5183 2546 5261 attinent
2575 5184 2969 5254 pltaznomenis.

1914 5276 1984 5331 Mi
2026 5265 2210 5340 homo}
2256 5284 2311 5330 tu
2356 5276 2643 5333 manifeste
2693 5278 2906 5335 caeteris
2955 5281 3189 5336 terrenis
3246 5278 3413 5337 rebus

1842 5372 2057 5442 ipsique
2132 5377 2287 5426 terra:
2342 5380 2534 5425 natura
2592 5383 2878 5441 praestas:
2950 5384 3149 5430 terram
3221 5388 3413 5441 nempe

1843 5470 1898 5518 et
1926 5461 2152 5532 lapidem
2190 5460 2418 5513 internis
2448 5460 2704 5516 omnibus
2741 5473 2945 5515 natura:
2990 5462 3211 5521 dotibus
3232 5476 3409 5529 supe-

1846 5567 1957 5616 ras,
1997 5565 2225 5621 corpore
2250 5560 2458 5606 tantum
2491 5565 2617 5606 cum
2649 5553 2755 5609 illis
2784 5554 3055 5607 adunatus
3087 5553 3233 5621 (nam
3265 5559 3319 5606 et
3349 5561 3407 5607 tu

1845 5659 2077 5716 corpore
2102 5644 2586 5716 circumvestiris);
2617 5656 2711 5701 aut
2740 5648 2925 5709 etiam,
2963 5646 3007 5699 si
3038 5646 3234 5713 placet,
3261 5645 3412 5713 ipso-

1845 5746 1952 5795 met
1982 5750 2104 5793 esse
2133 5732 2279 5808 quod
2316 5737 2585 5795 universis
2622 5739 2843 5795 omnino
2888 5736 3102 5795 cutibus
3128 5738 3413 5794 convenit.
