3986 6328
126 249 242 316 573
302 265 305 267 ‘

1209 253 1309 313 DE
1352 252 1499 313 nso
1546 249 1622 309 ιιι
1659 248 2089 310 TBINITATE
2125 251 2304 311 uno.

3272 246 3374 309 574

121 371 269 451 αὑτὴ
296 370 612 442 ἂνιζήτησις
643 374 750 443 εῖη,
776 373 896 436 τοῖς
937 371 1194 427 ὑποκάτω
1229 370 1440 433 τούτοις
1487 369 1678 438 ὁμοίως

1794 366 1945 431 istud
1973 377 2025 420 et
2059 367 2596 430 furtuitum,.deinde
2638 376 2691 423 et
2746 366 2837 422 illa
2887 366 3024 436 ipsa,
3079 363 3266 419 eadem
3325 363 3371 416 si

123 450 290 533 φύσει
328 483 384 518 τε
428 466 519 523 καὶ
549 465 701 531 τάξει
733 467 867 536 πρὸς
900 466 1105 536 ἄλληλα
1144 450 1534 532 διαφερόντων.
1567 461 1689 514 Οὐδ’

122 560 310 609 ἐκεῖνα
351 557 460 624 γάρ
492 556 623 626 παρ’
666 557 874 610 ἑαυτῶν
920 558 1019 626 τὴν
1047 556 1141 609 τοῦ
1190 557 1364 615 ποιεῖν
1413 552 1556 606 οὑτω
1597 551 1690 604 καὶ⁸

120 649 338 705 τάττειν
372 648 428 698 ὲν
473 650 585 710 τοῖς
629 647 1039 718 ὑποδεεστέροις
1074 646 1257 715 ἔχουσι
1289 644 1540 713 δύναμιν,
1566 642 1689 696 οὔτε

119 738 230 805 τὴν
258 739 388 805 πρδξ
432 738 637 813 ἄλληλα
668 739 944 810 ὑπεροχήν
991 758 1050 793 τε
1097 741 1191 793 καὶ
1228 728 1460 809 ’ὑφεσινδ
1492 736 1690 803 σελήνη

122 832 257 902 γάρ,
285 835 439 905 είπερ
474 834 601 900 ἐξῆν
648 837 806 911 αὑτῇ,
844 835 1005 889 εΏ.ετ’
1034 835 1100 889 ἂν
1131 837 1333 904 μᾶλλον
1375 834 1525 904 ἥλιος
1551 826 1691 883 εἷναι

122 927 223 977 καὶ
273 926 411 994 ἅπερ
448 926 600 996 ἣλιος
652 928 710 980 ἐν
767 930 878 990 τοῖς
932 927 1191 981 ὑποκάτω
1244 928 1457 989 τούτοις
1505 928 1687 988 ποιεῖ,

121 1015 293 1090 ταῦτα
317 1020 486 1070 ποιεῖν
513 1019 711 1085 μᾶλλον
733 1020 889 1088 αὑτὴ,
922 1019 1091 1072 πλείω
1114 1037 1171 1073 τε
1201 1021 1293 1071 καὶ
1325 1017 1517 1089 βελτίω
1539 1019 1688 1083 ὄντα,

120 1101 201 1159 ὧν
238 1107 365 1174 αὑτὴ
391 1112 563 1161 ποιεῖν
588 1108 809 1161 δύναται
831 1126 845 1141 ο
883 1110 1152 1179 καῖῆλιος
1176 1111 1313 1181 πρός
1350 1126 1413 1178 γε
1447 1109 1513 1162 τὰ
1548 1109 1689 1179 ὑπὲρ

121 1198 286 1273 αὑτὸν
319 1197 546 1267 σώματα
576 1199 818 1263 τοιοῦτος
860 1199 927 1254 ἂν
955 1197 1043 1270 ἦν,
1077 1203 1170 1253 καὶ
1220 1202 1363 1270 μάχη
1384 1218 1482 1264 τις
1513 1202 1577 1255 ἂν
1620 1198 1689 1271 ἦν
1751 1261 1754 1265 ,

122 1289 248 1341 ἀντὶ
273 1288 745 1365 τάξεως.-Οὑκοῦν
788 1293 881 1344 καὶ
924 1294 1034 1354 τοῖς
1069 1292 1423 1364 ὑψηλοτέροις
1456 1294 1689 1355 ἐκείνοις

122 1380 509 1449 ἠναγκασμένη
539 1381 623 1444 τίς
658 1366 805 1435 ἐστιν
836 1384 869 1450 ἡ
914 1382 1135 1450 τοιαύτη
1176 1382 1327 1448 τάξις
1350 1400 1363 1415 ”
1396 1383 1517 1436 ὅθεν
1549 1383 1684 1451 αὑτῇ

124 1474 222 1522 καὶ
248 1472 305 1523 τὸ
330 1472 707 1541 ἀμετάϐλητον
755 1462 1024 1541 διηνεκῶς
1050 1474 1224 1527 ἔνεστι
1247 1513 1262 1537 ,
1307 1476 1404 1527 καὶ
1454 1475 1689 1540 φυσικῆς

121 1561 287 1630 οὔσης
309 1564 405 1632 τῆς
431 1552 687 1632 τοιαύτης
714 1566 772 1617 ἐν
804 1566 987 1628 αὑτοῖς
1017 1564 1226 1629 τάξεως
1244 1626 1249 1629 ι
1269 1566 1362 1619 καὶ
1399 1566 1498 1635 τὴν
1525 1564 1688 1631 φύσιν

123 1654 182 1705 ἑν
204 1654 381 1715 αὑτοῖς
406 1656 636 1724 ἐχούσης
667 1656 864 1731 ἀρχὴν,
886 1656 987 1725 τὴν
1014 1657 1185 1749 αὑτὴν
1219 1656 1286 1710 ἂν
1309 1655 1487 1724 ἔχοιεν
1508 1656 1688 1708 αίτίαν
1714 1693 1760 1753 Β

120 1744 314 1813 δήπου,
337 1745 427 1798 τοῦ
456 1764 514 1798 τε
546 1747 643 1800 ὡδὶ
672 1746 972 1815 πεφυκέναι
1001 1735 1094 1800 τοῦ
1125 1764 1183 1799 τε
1207 1747 1403 1799 οὑτωσὶ
1430 1745 1683 1820 τετάχθαι

122 1837 217 1887 καὶ
268 1837 439 1890 τοιάδε
486 1838 619 1906 δρᾷν
675 1839 732 1889 ἰν
781 1838 895 1903 τοῖς
946 1837 1205 1890 ὑποκάτω
1251 1839 1478 1897 τούτοις.
1524 1836 1685 1890 Ἀλλά

122 1929 217 1981 καὶ
236 1927 385 1991 αὖθις
412 1912 759 1997 πυνθάνομαί
786 1944 880 1981 σου
900 1943 915 1959 ·
954 1928 1235 1995 οἰκοδόμος
1257 1921 1305 1979 εί
1333 1926 1395 1979 σὺ
1417 1944 1477 1993 γε
1499 1927 1680 1997 τυχὸν,

120 2019 217 2072 καὶ
247 2018 357 2081 πῶς
383 2019 480 2088 οὑχ
512 2019 630 2087 ἅμα
657 2020 754 2072 καὶ
786 2020 1068 2087 ναυπηγὸς
1097 2014 1179 2085 εἷς
1216 2020 1262 2072 εί
1294 2018 1349 2071 δὲ
1381 2018 1473 2071 καὶ
1501 2018 1679 2077 τοῦτο,

121 2109 212 2162 διὰ
254 2110 303 2161 τί
336 2109 408 2179 μὴ
445 2111 539 2162 καὶ
571 2110 762 2179 τρίτην
793 2109 893 2179 τὴν
924 2109 1324 2177 σκυτοτομικὴν
1356 2100 1536 2178 ἕχειςς
1590 2109 1682 2161 καὶ

123 2200 197 2261 ὡς
228 2199 292 2253 ἂν
315 2199 549 2253 συνελὼν
576 2194 765 2269 φαίην,
794 2201 881 2253 διὰ
906 2201 957 2253 τί
983 2202 1059 2270 μὴ
1082 2201 1333 2277 καθάπερ
1364 2201 1514 2269 μιᾶς,
1539 2198 1682 2252 οὑτω

121 2293 215 2344 καὶ
244 2295 415 2360 πάσης
438 2293 635 2364 τέχνης
674 2293 1061 2362 προέστηκας;
1091 2292 1124 2362 ἢ
1159 2291 1339 2362 δῆλον,
1370 2293 1452 2345 ὅτι
1492 2291 1568 2361 τῷ
1605 2291 1679 2360 μὴ

122 2380 374 2434 δύνασθαι
409 2382 592 2443 πάσας
630 2379 768 2450 ὁμοῦ
808 2383 1071 2449 μετιέναι.
1108 2381 1200 2431 Δεῖ
1235 2379 1345 2446 γὰρ
1387 2378 1523 2448 πρὸς
1552 2376 1681 2430 ἑκά-

108 2489 251 2541 ¹στην
280 2475 469 2543 τέχνην
507 2471 681 2526 πολλὰ
716 2472 816 2539 μὲν
852 2470 1065 2539 μαθεῖν,
1097 2471 1267 2522 πλείω
1291 2470 1362 2546 δὲ.
1378 2469 1676 2537 ἐνηργηκέ-

122 2584 205 2618 ναι
238 2566 326 2619 καὶ
353 2563 501 2639 οὕτω
524 2565 626 2633 τὴν
650 2564 763 2628 ἕξιν
790 2562 957 2631 πείρᾳ
977 2561 1162 2615 λαϐεῖν
1179 2576 1195 2593 ο
1220 2560 1390 2613 ταῦτα
1413 2562 1468 2613 δὲ
1498 2558 1676 2613 πλείο-

122 2673 204 2717 νος
237 2654 297 2720 ἂν
318 2656 489 2709 δέοιτο
533 2655 754 2725 χρόνου,
784 2653 894 2706 οὐδ’
924 2653 989 2706 ἂν
1021 2655 1048 2706 ὁ
1092 2651 1320 2704 ἑκάστου
1366 2651 1480 2720 βίος
1513 2652 1676 2721 ἀρκε-

123 2747 231 2799 irate
280 2747 412 2814 πρὸς
466 2746 530 2798 τὸ
576 2746 794 2806 πλείους
841 2742 985 2798 οὕτω
1019 2744 1323 2811 κτήσασθαι
1358 2743 1537 2811 μόνον,
1582 2741 1677 2795 κο.)Ι

124 2835 246 2905 πρίν
291 2852 405 2888 τινα
442 2836 635 2901 μαθεῖν
666 2833 881 2894 ἁπάσας
928 2833 1106 2894 καλῶς
1140 2832 1233 2885 τοῦ
1268 2832 1493 2884 θανάτου
1544 2831 1697 2898 φθά-”

125 2943 309 2989 σαντος
338 2929 436 2979 οὑκ
468 2925 537 2979 ἂν
583 2926 811 2996 οὐδεμιᾷ
859 2926 1146 2994 χρήσαιτο.
1194 2924 1300 2975 Τοῦ
1331 2923 1386 2975 δὲ
1418 2921 1675 2975 δύνασθαι

1793 460 2102 527 disquisitio
2160 463 2331 529 fieret,
2381 471 2685 531 naturaque
2744 471 2799 515 et
2840 459 3050 522 ordine,
3094 460 3239 511 sicut
3286 469 3372 509 res

1792 552 2081 625 inferiores
2109 552 2176 607 ab
2197 555 2427 608 invicem
2455 555 2643 609 dissita
2676 555 3005 623 comperias.
3042 549 3228 618 Neque
3265 548 3372 600 illis

1754 718 1757 719 ν
1793 634 1992 723 (ξιιίιηια
2024 645 2222 720 seipsis
2256 644 2486 700 facultas
2523 645 2665 699 inest
2690 647 2775 707 ita
2825 634 3118 716 peragendi
3176 641 3362 706 dispo-

1792 704 2024 820 riendive
2054 735 2198 789 circa
2229 750 2318 789 res
2351 733 2580 788 inferius
2631 734 2861 803 positas,
2891 748 2992 788 nec
3018 733 3180 785 etiam
3230 731 3371 784 inter

1793 839 1852 893 se
1893 824 2251 893 prmstandive
2274 832 2367 877 aut
2387 823 2719 892 snhjacendi.
2739 823 2949 877 Etenim
2972 823 3123 885 luna,
3142 822 3186 874 si
3202 836 3295 890 per
3312 835 3370 874 se

1790 916 1971 978 liceat,
2003 915 2084 969 sol
2119 931 2239 970 esse
2272 914 2450 985 potius
2482 914 2706 968 haberet
2760 923 2839 981 et.
2872 915 3058 967 eadem
3111 925 3238 981 qum
3286 910 3369 965 sol

1792 1008 1934 1077 apud
1960 1006 2216 1062 inferiora
2246 1008 2476 1076 ipsamet
2526 1021 2705 1074 agere,
2740 1013 2800 1059 ut
2827 1011 2954 1071 pote
2972 1003 3126 1072 plura
3153 1011 3367 1071 etprae-

1774 1090 2053 1153 'stantiora
2090 1113 2252 1174 quam
2286 1113 2405 1166 qua:
2434 1097 2549 1166 ipsa
2580 1104 2775 1166 potest.
2803 1096 2879 1149 Ita
2930 1104 2981 1147 et
3025 1093 3106 1148 sol
3171 1094 3364 1148 eodem

1790 1191 1951 1245 modo
2008 1206 2066 1244 se
2116 1191 2339 1244 haberet
2387 1187 2517 1258 erga
2580 1187 2896 1243 sublimiora
2952 1184 3051 1240 sibi
3112 1199 3363 1253 corpora,

1791 1283 2025 1353 indeque
2057 1270 2231 1351 pugna
2254 1281 2498 1351 quaedam
2521 1295 2621 1349 pro
2648 1280 2838 1333 ordine
2867 1277 3129 1348 prodiret.
3155 1276 3362 1342 Quam-

1788 1377 1972 1431 obrem
2046 1376 2152 1430 illis
2216 1377 2378 1428 etiam
2437 1371 2846 1428 sublimioribus
2918 1371 3082 1425 rebus
3158 1375 3363 1424 statuta

1789 1466 2031 1535 qumdam
2058 1469 2173 1521 haec
2201 1475 2285 1520 est
2309 1465 2600 1526 ordinatio,
2630 1463 2769 1519 unde
2798 1471 2847 1517 et
2880 1462 2994 1532 ipsa
3027 1460 3244 1530 quidem
3304 1458 3360 1513 in

1727 1564 1730 1567 ’
1790 1567 2111 1627 perpetuum
2150 1565 2315 1612 staret
2372 1555 2659 1617 indefecta,
2713 1561 2768 1609 et
2813 1555 2865 1607 in
2924 1553 3031 1627 illis
3086 1550 3358 1622 ejusmodi

1789 1650 2133 1704 ordinatione
2160 1650 2346 1711 jnsita-
2366 1658 2485 1718 qum
2515 1648 2685 1716 ipsam
2721 1646 2879 1701 habet
2900 1654 3177 1699 auctorem
3200 1652 3361 1697 natu-

1790 1751 1928 1807 ram,
1958 1741 2141 1807 eadem
2179 1742 2445 1809 omnibus
2465 1755 2627 1812 causa
2653 1744 2807 1793 esset
2833 1752 2929 1792 cur
2963 1737 3033 1791 ita
3067 1737 3178 1791 sint
3229 1743 3356 1789 nata

1787 1814 2207 1904 definitaqltetad
2235 1820 2585 1887 sinuiliais‘ibi
2640 1830 2904 1898 subjectis
2962 1827 3353 1899 impertienda.

1783 1926 1994 1980 Atenim
2024 1940 2051 1978 a
2087 1933 2139 1978 te
2170 1939 2382 1979 rursum
2406 1938 2622 1991 quaero:
2655 1924 2733 1976 'l'u
2764 1922 2900 1977 forte
2926 1922 3060 1975 artis
3094 1937 3153 1976 es
3176 1936 3357 1977 carne-

1785 2013 1982 2081 rititiie,
2024 2001 2360 2088 quidni'vero
2384 2016 2547 2071 simul
2578 2023 2629 2069 et
2664 2015 2936 2084 naupegia:
2962 2014 2984 2067 ?
3013 2012 3183 2067 Porro
3204 2015 3247 2066 si
3270 2028 3355 2068 res
3400 2018 3405 2025 ’

1785 2113 1857 2167 ita
1895 2127 1952 2166 se
1987 2112 2201 2177 habeat,
2230 2127 2327 2165 cur
2360 2125 2465 2165 non
2496 2117 2549 2165 et
2608 2109 2775 2164 filium
2831 2118 2982 2162 tenes
3033 2104 3354 2162 sutorium?

1783 2203 2021 2273 Denique
2047 2211 2104 2256 ut
2133 2204 2441 2257 summatim
2476 2201 2685 2270 loquar,
2715 2214 2881 2268 quare
2915 2211 2970 2253 ut
2993 2208 3162 2253 artem
3184 2195 3360 2253 unam‘

1783 2295 1859 2349 sic
1881 2308 2066 2349 omnes
2095 2295 2319 2361 adeptus
2348 2308 2454 2345 non
2488 2291 2587 2345 es?
2615 2291 2688 2343 Ex
2736 2274 2813 2343 ’ρο
2863 2289 3155 2343 manifeste
3202 2288 3348 2357 quod
3396 2290 3399 2292 ’

1783 2384 2199 2453 impossibilesit
2222 2390 2450 2436 cunctas
2472 2381 2631 2452 simul
2657 2380 2894 2448 assequi.
2918 2380 3051 2434 Nam
3071 2381 3134 2432 ad
3157 2396 3351 2447 quam-

1781 2477 1909 2530 libet
1937 2483 2106 2528 artem
2142 2466 2305 2528 multa
2360 2472 2577 2543 quidem
2635 2470 2971 2536 ediscenda;
3010 2470 3162 2539 plura
3218 2482 3349 2526 sunt

1780 2566 2083 2622 exercenda
2111 2575 2170 2622 ut
2190 2564 2457 2641 quispiam
2492 2579 2592 2617 usu
2625 2564 2830 2631 peritus
2857 2555 3183 2633 evadat.~'Ad
3234 2562 3348 2617 lure

1730 2668 1736 2672 '
1781 2664 1959 2713 autem
1981 2656 2161 2710 multo
2186 2662 2429 2724 tempore
2454 2669 2590 2723 epus
2613 2664 2759 2710 esset
2815 2667 2916 2706 nec
2966 2653 3196 2723 singulis
3238 2655 3347 2708 vita

1779 2748 2045 2804 sufﬁceret
2074 2747 2138 2813 ad
2169 2747 2347 2813 plures
2375 2752 2578 2800 tantum
2610 2745 2991 2814 acquirendas,
3053 2755 3107 2801 et
3157 2746 3346 2814 prius-

1765 2830 1942 2909 quam
1996 2837 2131 2893 scite
2153 2852 2345 2892 omnes
2374 2836 2572 2905 aliquis
2601 2838 2917 2905 attingeret,
2975 2845 3149 2890 morte
3201 2853 3342 2906 prae-

1780 2934 2075 2994 occupatus
2108 2940 2176 2979 ne
2201 2939 2362 2979 unam
2407 2924 2624 2994 quidem
2675 2932 2973 2977 exerceret.
3022 2922 3130 2978 Sed
3182 2936 3338 2980 esto:

123 3018 345 3087 χρῆσθαι
374 3017 535 3087 χάριν
557 3017 763 3077 ταύτας
792 3016 1023 3069 κτᾶσθαι
1049 3013 1440 3076 σπουδάζουσιν
1460 3014 1669 3083 άνθρω-

1777 3017 2023 3071 homines
2053 3016 2172 3070 illas
2202 3024 2259 3069 ut
2288 3030 2542 3070 exercere
2571 3016 2783 3069 valeant
2808 3015 3090 3084 acquirere
3118 3022 3342 3069 conten-
3375 3084 3380 3090 .

125 3125 242 3161 ποι·
275 3108 407 3161 ἀλλά
459 3109 556 3160 καὶ
606 3106 669 3159 τδ
698 3096 954 3159 δύνασθαι
988 3105 1182 3175 τέχνην
1218 3104 1347 3173 μίαν
1375 3104 1406 3171 ἦ
1438 3103 1528 3155 δύο
1565 3121 1669 3171 μα-

117 3200 230 3253 θεῖν
261 3200 419 3252 πόθεν
468 3199 648 3269 ἔχειςς
699 3200 849 3266 παρὰ
900 3195 1095 3249 σαυτοῦ
1116 3210 1131 3261 ;
1168 3196 1260 3247 καὶ
1297 3195 1403 3263 μὴν
1433 3195 1592 3264 ἤρκει
1621 3192 1672 3259 γ’

126 3291 185 3343 ἂν
204 3291 261 3343 τὸ
287 3292 508 3361 θελῆσαι
536 3278 759 3359 «prima
789 3288 1003 3357 μαθεῖν,
1024 3272 1120 3340 καὶ
1146 3286 1314 3349 οὑτως
1337 3286 1401 3337 ἂν
1429 3287 1482 3337 ὲν
1508 3284 1670 3352 ὀλίγῳ

124 3380 289 3450 χρόνῳ
316 3381 491 3442 πάσας
529 3379 595 3433 ἂν
626 3373 771 3448 εῖχες
806 3377 1039 3431 είδέναι’
1069 3376 1205 3429 ἀλλὰ
1243 3376 1341 3444 τῆς
1372 3373 1672 3445 εἰρημένης

125 3470 514 3543 προχωρήσεως
544 3472 638 3542 δέη
687 3473 781 3524 καὶ
800 3470 1005 3539 ’χρόνου
1037 3470 1174 3539 πρὸς
1221 3468 1461 3536 ἑκάστην
1500 3466 1675 3519 πλείο-

126 3579 226 3626 νος.
256 3562 461 3619 οὐκοῦν
497 3560 725 3616 ἄλλοθέν
761 3577 845 3613 σοι
890 3560 950 3612 τὸ
991 3557 1252 3613 δύνασθαι
1290 3544 1486 3625 μαθεῖν⁵
1527 3558 1673 3608 ἐστιν

128 3653 299 3713 ὁτιοῦν,
336 3655 400 3723 τῇ
458 3651 621 3721 φύσει
672 3650 969 3723 σπινθῆρος
1013 3650 1168 3718 δίκην
1190 3648 1550 3715 ἐγκείμενον·
1582 3647 1673 3699 καὶ

126 3744 300 3814 ὥσπερ
327 3745 427 3800 οὑκ
447 3743 639 3811 ὲγινου
667 3738 744 3811 τῷ
772 3740 998 3811 θελῆσαι
1025 3739 1295 3806 γίνεσθαι,
1319 3738 1382 3791 οὑ
1405 3738 1511 3807 γὰρ
1532 3732 1675 3807 ἦσθα

128 3837 244 3905 πρὶν
291 3833 563 3903 γίνεσθαι,
615 3832 790 3909 οὕτως
841 3831 961 3885 οὑδὲ
1016 3830 1107 3885 τὸν
1159 3831 1431 3899 σπινθῆρα
1487 3828 1673 3881 τοῦτον

128 3930 271 3997 ἔσχες
297 3923 373 3998 τῷ
412 3910 762 3999 βουληθῆναι,
815 3926 908 3978 καὶ
952 3923 1011 3974 τὸ
1046 3925 1121 3991 μὴ
1155 3923 1337 3981 πάσας
1362 3921 1495 3973 ,ἀλλ’
1526 3921 1671 3991 ἐνίας

127 4019 382 4083 δύνασθαι,
414 4021 511 4075 καὶ
556 4018 619 4073 τδ
649 4018 725 4086 μὴ
758 4019 892 4085 πρὸς
924 4017 1103 4077 πάσας
1132 4013 1335 4083 ὁμοίως
1368 4012 1669 4067 ἀδυνατεῖν.

124 4108 250 4163 Οὔτε
282 4110 386 4180 μὴν
418 4110 740 4177 αὐτομάτως
789 4106 977 4174 ἐσχεςο
1007 4098 1304 4173 ιῖχεςγὰρ
1339 4100 1406 4157 ἂν
1443 4102 1603 4170 μόνος
1637 4101 1668 4170 ἢ

136 4198 235 4265 μετ’
258 4201 454 4269 ὀλίγων
484 4199 667 4261 αὑτὸς,
702 4196 811 4249 τῶν
841 4196 1014 4248 ἄλλων
1040 4195 1175 4264 πρὸς
1209 4194 1269 4246 τὸ
1307 4194 1496 4262 μαθεῖν
1525 4195 1663 4246 ἀπο-

136 4292 447 4360 ιτεφυκότων,
492 4289 681 4361 ὥσπερ
730 4288 864 4356 πρὸς
907 4288 976 4340 τὰ
1025 4286 1186 4355 φύσει
1228 4285 1487 4354 γινόμενα
1517 4283 1670 4336 οὐδέν

1771 3109 1904 3180 dant
1930 3109 2106 3177 ;atqui
2132 3108 2248 3177 ipsa
2268 3108 2380 3160 haec
2399 3114 2580 3160 "artem
2612 3121 2771 3160 uuam
2803 3116 2896 3160 aut
2947 3106 3056 3160 duo
3106 3108 3339 3161 callendi

1771 3199 1999 3254 facultas
2029 3198 2295 3252 undena‘m
2330 3197 2422 3251 tibi
2454 3196 2478 3250 ἲ
2502 3195 2637 3250 Num
2661 3211 2690 3250 a
2726 3196 3015 3265 teruetipso
3038 3197 3061 3249 ?
3083 3195 3217 3250 Tum
3242 3199 3338 3266 igi-

1769 3298 1858 3343 tur
1884 3289 2017 3343 velle
2052 3289 2183 3343 satls
2208 3286 2397 3341 fuisset
2425 3287 2702 3342 ediscendi
2737 3287 2930 3357 grazia.
2983 3286 3170 3357 sicque
3221 3303 3341 3342 mn-

1770 3394 1869 3435 nes
1901 3379 2048 3433 brevi
2083 3378 2352 3447 potuisses
2371 3377 2609 3433 edoceri.
2636 3377 2738 3432 Sed
2775 3378 2997 3447 praefato
3036 3392 3169 3433 sane
3216 3394 3338 3446 pro-

1772 3486 1962 3540 gressu
1990 3480 2044 3525 et
2069 3470 2238 3525 multo
2264 3478 2506 3538 tempore
2531 3470 2624 3523 tibi
2657 3470 2722 3523 ad
2752 3469 2997 3539 singulas
3026 3484 3185 3537 ,0pus
3234 3482 3336 3525 est.

1773 3562 1911 3630 Ergo
1942 3563 2156 3617 aliunde
2188 3562 2353 3616 habes
2379 3571 2434 3614 ut
2459 3561 2669 3615 discere
2698 3562 2875 3616 valeas
2894 3560 3340 3630 quidquidinslar

1772 3653 2019 3708 scintilla:
2052 3652 2214 3705 estin
2244 3661 2436 3705 natura
2482 3652 2807 3718 depositum,
2862 3652 2930 3704 At
2986 3655 3339 3721 quemadmo-

1772 3748 1897 3803 dum
1935 3760 2039 3798 non
2066 3761 2130 3799 ex
2157 3758 2222 3799 eo
2248 3742 2420 3797 factus
2443 3758 2502 3797 es
2549 3743 2691 3812 quod
2752 3744 2865 3805 fieri
2922 3744 3159 3798 volueris
3216 3745 3339 3814 (nec

1772 3838 1913 3891 enim
1945 3837 2092 3904 prior
2136 3835 2279 3889 fuisti
2317 3850 2476 3903 quam
2503 3834 2700 3902 ﬁeres),
2739 3836 2809 3889 lta
2838 3851 3012 3905 neque
3045 3837 3337 3891 scintillant

1775 3931 1934 3984 istam
1966 3930 2197 3983 haberes
2224 3943 2285 3982 eo
2320 3929 2436 3997 ipso
2471 3927 2612 3996 quod
2648 3930 2830 3983 animo
2862 3933 3209 3998 proposueris
3225 3934 3339 3989 sire

1774 4035 1882 4074 non
1916 4020 2091 4073 dicam
2122 4034 2311 4091 omnes
2340 4019 2432 4072 sed
2465 4019 2670 4086 aliquot
2706 4021 3025 4087 percallere,
3057 4022 3170 4076 sive
3230 4040 3336 4079 non

1770 4125 1889 4166 esse
1920 4110 2161 4172 omnium
2195 4110 2352 4164 simul
2381 4118 2676 4179 expertem.
2706 4111 2970 4164 Caeterum
2996 4127 3171 4181 neque
3194 4114 3337 4168 istud

1772 4216 1901 4255 casu
1949 4210 2143 4254 nactus
2187 4214 2357 4262 esses,
2405 4201 2630 4255 haberes
2679 4202 2822 4254 enim
2884 4218 3024 4256 unus
3074 4203 3193 4271 ipse
3244 4214 3339 4258 aut

1774 4300 1951 4343 tecum
1984 4290 2161 4358 pauci,
2192 4290 2397 4358 peritia:
2430 4291 2639 4357 caeteris
2695 4275 3005 4345 exsortibus
3038 4310 3051 4357 ;
3080 4296 3339 4362 quemad-

132 4396 224 4433 εστι
270 4383 458 4451 σχεδον
508 4380 580 4437 τά
622 4398 687 4451 γε
718 4380 1040 4449 αὐτομάτως
1087 4377 1354 4445 λεγόμενα
1399 4374 1662 4441 γίνεσθαι.

1775 4382 1986 4435 modum
2022 4396 2140 4449 qua:
2169 4379 2388 4434 fortuita
2414 4382 2692 4443 dicuntur,
2720 4396 2816 4449 pro
2861 4384 3182 4437 naturaliter
3204 4400 3337 4437 con-

127 4472 221 4522 Mv
246 4474 302 4526 δὲ
348 4468 545 4537 πάντες
576 4473 854 4541 ἄνθρωποι
889 4472 987 4540 τὴν
1033 4470 1128 4523 τοῦ
1165 4466 1459 4537 μανθάνειν
1484 4466 1664 4533 ἔχουσι

123 4561 365 4633 δύναμιν,
423 4563 691 4634 ἀορίστως
746 4563 846 4631 μὲν
889 4560 988 4631 τὴν
1045 4560 1219 4630 ἀρχὴν
1266 4558 1401 4627 πρὸς
1450 4557 1664 4620 ἁπάσας

124 4648 335 4716 ἔχουσαν
358 4650 552 4721 τέχνας
606 4652 737 4719 πρὶν
787 4649 1056 4718 ἄρξασθαι
1084 4647 1405 4716 μανθάνειν,
1446 4645 1665 4715 μετὰ¹δὲ

123 4738 260 4812 τοῦτο
296 4742 431 4808 πρὸς
480 4742 609 4808 μίαν
652 4740 845 4808 τέχνην
889 4738 1231 4807 ὁριζομένην,
1276 4737 1342 4806 ἣν
1369 4738 1433 4789 ἄν
1460 4753 1541 4798 τις
1573 4736 1663 4787 καὶ

128 4831 399 4893 μανθάνειν
445 4816 693 4899 ἄρξαιτο,
724 4832 773 4880 εί
804 4828 850 4880 δ’
884 4829 1243 4897 εὐφυέστερος
1282 4844 1362 4888 τις
1395 4827 1500 4895 εἴη,
1532 4826 1665 4895 πρὸς

126 4906 217 4966 δύο
245 4918 340 4969 καὶ
388 4920 558 4985 τρεῖς,
613 4916 727 4968 ἀλλ’
760 4902 907 4968 οὗτοι
961 4932 1022 4983 γε
1075 4916 1206 4984 πρὸς
1247 4916 1345 4976 τὰς
1385 4913 1661 4976 πλείστας,

129 5004 264 5075 σχολῇ
299 5023 363 5073 γε
396 5008 533 5073 πρὸς
558 5007 739 5066 πάσας
766 5006 900 5076 ὁμοῦ
925 5022 938 5035 ο
967 5003 1060 5057 καὶ
1081 5007 1178 5075 τὴν
1201 5004 1455 5073 τοιαύτην
1485 5005 1538 5055 δὲ
1566 5003 1663 5069 τῆς

128 5089 318 5154 φύσεως
348 5094 767 5163 ἐπιτηδειότητα
798 5094 936 5163 πρὸς
982 5096 1040 5145 τδ
1072 5093 1287 5155 πλείους
1326 5096 1515 5162 μαθεῖν
1545 5094 1662 5145 ὲτέ-

132 5185 275 5244 ρωθεν
309 5185 470 5254 ἔχεις,
499 5184 623 5237 ὅθεν
644 5185 708 5252 δὴ
738 5185 833 5237 καὶ
859 5184 920 5235 τό
952 5183 1144 5260 μαθεῖν
1172 5184 1359 5245 ἁπλῶς
1386 5184 1661 5236 δύνασθαιο

130 5268 247 5325 ὥστε
280 5277 374 5326 καὶ
411 5277 613 5345 σημεῖα
662 5275 762 5342 τῆς
810 5275 1067 5343 τοιαύτης
1111 5274 1431 5345 δεινότητος,
1479 5274 1662 5343 ὥσπερ

132 5359 183 5415 αὖ
208 5368 507 5419 τούναντίον
536 5367 631 5418 τοῦ
686 5367 761 5437 μὴ
815 5367 1113 5435 πεφυκέναι
1157 5366 1292 5435 πρὸς
1332 5366 1567 5430 πλείους,
1608 5370 1664 5418 ἐν

132 5455 185 5523 τῇ
210 5456 295 5510 τοῦ
326 5457 584 5527 σώματος
616 5458 848 5529 ὁρῶνται
894 5460 1205 5526 κατασκευῇ
1256 5457 1351 5522 τὴν
1391 5456 1539 5509 ἔνδον
1571 5457 1665 5526 δη-

134 5541 295 5601 λοῦντα
323 5550 602 5618 διάθεσιν,
659 5550 696 5605 ὃ.
744 5552 850 5613 τοῖς
888 5551 1014 5619 περὶ
1052 5549 1218 5603 ταῦτα
1267 5548 1454 5611 δεινοῖς
1488 5548 1664 5611 καλῶς

136 5632 400 5711 ὲξητάσθη.
968 5657 973 5661 ‘

1767 4471 2097 4540 tiugenlibus
2133 4471 2263 4524 nihil
2290 4471 2399 4525 fere
2426 4482 2571 4526 sunt.
2603 4472 2718 4526 Jan]
2754 4490 2882 4528 vero
2904 4475 3155 4530 omnibus
3197 4476 3337 4531 inest.

1769 4565 2079 4618 hominibus
2107 4562 2382 4617 ediseendi
2404 4563 2654 4627 facultas.
2682 4566 2958 4619 indefinita
2984 4548 3197 4635 quidem
3236 4571 3338 4623 iui-
3430 4604 3433 4607 ν

1767 4657 1842 4708 tio
1879 4655 2021 4709 circa
2050 4663 2189 4708 artes
2216 4670 2423 4718 omnes,
2453 4655 2766 4724 priusquam
2799 4656 3005 4711 discere
3035 4659 3331 4727 incipiant;

1765 4755 1948 4814 postea
1977 4760 2105 4798 vero
2131 4746 2220 4797 uni
2254 4754 2459 4797 tantum
2492 4746 2897 4815 addiclajqualn
2930 4750 3110 4816 quivis
3136 4768 3325 4807 susce-

1764 4837 2501 4905 peritassequemlam.Quod
2536 4837 2580 4891 si
2608 4840 2727 4906 quis
2743 4831 2967 4906 aptioris
3000 4840 3161 4894 fuerit
3184 4844 3333 4912 inge.-

1766 4927 1863 4988 nii,
1896 4927 1959 4979 ad
1994 4926 2102 4981 duo
2137 4928 2218 4981 vel
2250 4935 2362 4981 tres
2398 4942 2496 4981 nec
2534 4929 2598 4982 ad
2632 4930 2811 4997 plures
2850 4931 3134 4999 pertingct,
3162 4935 3332 4988 inulto

1766 5018 1947 5071 minus
1970 5019 2366 5083 adnuiversas.
2398 5019 2596 5072 Verum
2628 5020 2739 5074 hmc
2772 5022 2936 5095 etiam
2969 5025 3233 5078 naturalis
3261 5029 3328 5079 ad

1765 5107 1948 5176 plures
1976 5120 2122 5162 artes
2151 5109 2395 5176 aptitudo
2419 5109 2635 5162 aliunde
2668 5111 2762 5164 tibi
2796 5111 2874 5175 fit,
2906 5114 3047 5168 unde
3067 5115 3323 5170 nimirum

1765 5199 1876 5266 ipsa
1907 5198 2147 5251 discendi
2180 5198 2431 5254 facultas.
2458 5201 2603 5253 Adeo
2628 5203 2855 5269 utsigna
2874 5205 3035 5257 etiam
3057 5206 3326 5273 ejusmodi

1766 5288 2061 5343 babilitatis
2103 5290 2241 5343 sicut
2290 5301 2344 5343 et
2401 5290 2628 5353 intertim,
2683 5290 2737 5346 in
2777 5295 3023 5361 corporis
3062 5298 3327 5351 constitu-

1766 5382 1910 5434 tione
1940 5389 2232 5451 appareant
2267 5397 2329 5435 ex
2365 5383 2563 5451 quibus
2592 5382 2881 5436 innotescit
2915 5385 3080 5438 animi
3113 5396 3327 5455 cnptuF,

1765 5482 1923 5539 prout
1944 5480 2194 5527 accurate
2225 5473 2290 5527 de
2319 5473 2402 5527 his
2432 5486 2604 5543 perite
2658 5456 3009 5542 compertum.
3032 5477 3253 5533 habent.
