3986 6328
578 239 581 242 ’
629 266 736 330 575

620 475 861 528 materia:
887 476 1187 541 subjaccnt,
1217 475 1308 528 sed
1338 475 1427 530 alii
1459 477 1563 531 alia
1591 479 1852 547 quaeritur
1877 481 1898 534 ?
1922 480 2027 534 Nec
2045 479 2189 533 enim

621 569 867 637 profecto
917 569 1102 622 eadem
1155 584 1218 622 ex
1245 573 1467 624 materia
1499 573 1594 628 tibi
1657 575 2083 628 calceameutum
2139 582 2194 628 et

619 656 838 708 domutn
870 672 1048 718 erues,
1075 666 1125 710 et
1153 658 1196 710 si
1229 674 1337 713 non
1363 661 1525 715 modo
1555 662 1931 716 caementitiatn
1989 663 2082 718 sed
2138 669 2191 717 et

618 744 880 798 sutoriam
911 744 1119 816 coleres
1146 756 1314 802 artem
1351 765 1367 816 ;
1420 765 1595 818 neque
1623 751 1767 805 ultro
1816 745 2094 806 laborares
2143 755 2190 808 si

615 849 681 888 ex
731 834 919 887 eadem
973 851 1159 899 posses
1210 848 1504 908 utrumque
1554 841 1844 897 coniicere.
1906 843 2187 899 Undenam

615 917 780 986 igitur
804 920 944 988 apud
973 922 1212 978 artiﬁces
1243 925 1331 978 illa
1379 929 1526 983 circa
1580 931 1833 986 materias
1884 930 2190 987 discretio?

614 1005 730 1061 Non
762 1013 907 1064 enim
940 1027 1038 1068 sua
1092 1027 1284 1085 sponte
1339 1019 1386 1073 id
1447 1022 1630 1090 operis
1683 1022 1943 1081 exhibent
1973 1040 1987 1092 ;
2023 1036 2188 1096 tuque

613 1101 728 1170 ipse
762 1102 886 1158 lir-et
919 1107 1171 1164 omnibus
1198 1111 1445 1165 similiter
1470 1114 1533 1167 ad
1570 1123 1899 1170 structuram
1929 1127 2072 1172 tuam
2093 1120 2181 1198 Κυιί

611 1192 820 1259 liceret,
854 1208 909 1250 at
943 1213 1049 1251 non
1079 1198 1198 1254 ideo
1226 1216 1435 1269 posses.
1492 1202 1682 1273 Viden,
1719 1207 1862 1275 quod
1916 1192 2181 1278 ejusmodi

609 1285 906 1352 ordinatio,
937 1292 1153 1345 tametsi
1208 1292 1262 1346 in
1291 1295 1500 1350 artibus
1525 1305 1578 1350 et
1611 1300 1839 1367 opiliciis
1872 1315 1968 1370 per
1998 1317 2055 1356 se
2101 1302 2182 1355 vi-

611 1376 806 1431 deatur
835 1381 936 1434 arti
967 1382 1230 1450 subjecta,
1287 1387 1404 1456 ipsa
1465 1403 1649 1444 revera
1707 1393 1886 1460 praesit
1931 1394 2181 1448 omnibus

612 1482 735 1536 quae
764 1474 1087 1528 naturaliter
1117 1486 1388 1542 constant,
1420 1480 1514 1534 tibi
1544 1497 1673 1536 vero
1722 1493 1962 1550 potestas
2011 1483 2179 1541 indita

615 1559 688 1614 sit
726 1564 1036 1620 inveniendi
1066 1583 1313 1636 quamam
1349 1571 1575 1627 cuilibet
1603 1575 1704 1627 arti
1753 1592 1801 1627 tu
1845 1580 2015 1631 atetia
2051 1593 2179 1631 eon-

612 1661 811 1722 grttat;
843 1654 959 1724 ipsa
1012 1656 1244 1728 denique
1281 1662 1519 1730 ratiolest
1553 1664 1713 1724 etiam
1740 1666 1839 1720 sibi
1865 1666 2176 1724 famulantis

608 1745 876 1802 citercitii.
903 1747 1168 1805 Praeterea
1189 1764 1356 1819 quare
1373 1769 1495 1809 cum
1515 1756 1750 1813 aediﬁcas
1772 1774 1801 1813 a
1820 1759 2174 1818 fundamento

606 1832 826 1903 incipis,
860 1852 1047 1896 muros
1074 1842 1267 1898 deinde
1295 1856 1662 1913 coagmentas,
1691 1855 1932 1919 posthaec
1970 1853 2177 1910 tabula-

605 1935 788 1988 menta
817 1935 1184 2000 supersternis
1203 1951 1264 1990 ac
1291 1939 1523 2006 parietes
1554 1956 1772 1997 rursum
1823 1945 2006 2015 erigis,
2061 1959 2173 2002 tum

604 2017 861 2090 deinceps
893 2030 1097 2079 tectum
1135 2025 1394 2097 imponis,
1449 2046 1511 2088 ac
1562 2036 1772 2090 tandem
1830 2038 2174 2096 distributam

605 2120 838 2164 exornas
858 2112 1169 2170 interiorem
1192 2118 1412 2174 domum
1442 2138 1458 2188 ;
1487 2126 1683 2179 atenim
1709 2143 1980 2197 nunquam
2010 2143 2176 2185 retro-

606 2214 800 2255 versus
835 2203 935 2258 ism
967 2199 1436 2278 peragis‘lAnnon
1477 2216 1701 2272 evidens
1762 2219 1900 2286 quod
1959 2222 2173 2277 etiamsi

608 2291 766 2347 aliter
787 2295 940 2361 velis,
965 2312 1068 2352 non
1087 2299 1206 2355 ideo
1227 2312 1481 2370 praestare
1505 2322 1672 2375 queas
1694 2309 1716 2362 ?
1741 2307 1832 2363 Vel
1868 2313 2026 2366 etiam
2054 2330 2176 2384 pro-

607 2380 751 2453 fecty
780 2386 1002 2454 pedibus
1041 2398 1162 2444 utut
1189 2393 1351 2462 capiti
1387 2395 1589 2452 innixis
1617 2401 1910 2468 incetlcres,
1944 2405 1986 2459 si
2013 2380 2175 2460 niodo

608 2475 812 2539 valeas,
846 2479 987 2546 quod
1011 2490 1063 2534 et
1086 2481 1294 2539 lusores
1347 2487 1565 2554 quidam
1598 2491 1904 2560 prodigiose
1932 2504 2171 2563 patrant;

608 2564 664 2616 bi
694 2582 820 2622 vero
853 2585 920 2621 ne
948 2587 1053 2624 una
1081 2575 1294 2641 quidem
1335 2579 1449 2631 vice
1471 2580 1634 2647 capiti
1668 2595 1763 2648 pro
1787 2584 2011 2650 pedibus
2038 2587 2173 2641 insi-

607 2664 782 2721 stunt,
817 2659 1152 2729 impossibile
1178 2665 1321 2720 enim
1355 2677 1471 2734 est;
1504 2672 1951 2729 mauibusautetn
1985 2688 2173 2734 evecto

606 2751 786 2819 capite
811 2752 958 2806 ltutni
988 2753 1203 2822 lttdunt,
1237 2759 1351 2812 vice
1380 2762 1574 2827 pedum
1623 2765 1875 2821 manibus
1933 2778 2171 2828 utentes.

608 2837 808 2910 thuid
844 2844 1067 2914 insuper
1093 2849 1143 2900 in
1175 2850 1308 2902 mari
1337 2867 1442 2904 non
1473 2854 1728 2921 mdiﬁcas,
1754 2869 1848 2911 aut
1874 2872 2037 2915 nauta
2064 2877 2170 2917 non

607 2932 742 2984 Sulci
780 2941 923 2987 terra
953 2941 1229 3006 navigare,
1282 2943 1384 2996 nisi
1429 2945 1568 3013 quod
1629 2962 1802 3015 neque
1861 2964 1957 3016 per
2009 2968 2169 3022 agros

728 291 741 367 ξ
1717 277 2096 340 GENNADII
2141 279 2176 339 C

2294 282 2488 343 PATIl
2500 286 2518 344 ἰ
2530 287 2571 342 Α
2582 285 2804 346 ΒΕΗίΕ
3755 295 3836 356 576

693 382 808 448 Qua
837 397 966 438 vero
993 384 1058 438 de
1088 398 1253 439 causa
1284 400 1388 438 non
1439 386 1640 440 etedem
1688 388 1944 443 omnibus
1989 390 2198 444 artibus
2228 393 2274 450 Α

2376 393 2540 446 ’Ύλαι
2578 395 2634 448 δὲ
2672 397 2786 459 πῶς
2837 397 2933 467 οὐχ
2986 402 3039 453 αῖ
3090 400 3250 453 αὑταὶ
3296 400 3500 462 πᾶσαις
3551 402 3836 456 ὑπόκεινται

2296 482 2549 552 τ’χναιςς
2607 487 2741 555 πρὸς
2776 488 2822 540 δ’
2855 489 3023 559 ἄλλην
3077 492 3271 560 τέχνην
3305 491 3436 560 ἄλλη
3494 493 3762 562 ζητέων
3793 500 3836 547 αὖ

2295 576 2402 643 γὰρ
2434 579 2498 645 τῇ
2553 579 2687 646 αὐτῇ
2740 595 2801 646 γε
2857 579 2957 655 ὕλῃ
3014 583 3264 652 ὑπόδημα
3318 581 3382 636 ἂν
3437 586 3726 653 τεχνάσαιο
3768 593 3836 637 γεί

2292 665 2492 731 οίκίαν,
2527 668 2705 739 ἐἴπερ
2750 673 2844 725 καὶ
2896 676 3255 744 σκυτοτομεῖν
3305 676 3528 743 εἰδείης,
3586 675 3645 726 ού
3703 677 3835 742 μόνον

2291 757 2624 828 οἰκοδομεῖν·
2659 762 2758 814 οὐκ
2791 763 2856 816 ἂν
2885 764 2928 816 δ’
2979 744 3124 832 εῖχες
3158 765 3457 834 πράγματα
3503 764 3665 822 ἑκὼν,
3703 767 3836 830 εἴπερ

2291 845 2544 915 ὴδύνασο,
2581 851 2645 919 τῇ
2679 851 2814 923 αὐτῇ
2850 849 2995 905 οῖκόν
3023 872 3082 906 τε
3117 857 3211 907 καὶ
3251 855 3503 924 ὑπόδημα
3536 857 3706 907 ποιεῖν
3737 855 3834 922 ὕλῃ.

2291 930 2462 992 Πόθεν
2500 939 2604 1011 δ’ή
2647 943 2787 996 κατὰ
2842 944 2939 1015 τὴν
2972 945 3105 1014 ὕλην
3138 945 3277 1016 αὓτη
3331 945 3561 1016 διαφορὰ
3617 949 3748 1013 πρός
3785 965 3834 1011 γε

2290 1030 2388 1092 τὰς
2422 1032 2616 1102 τέχνας
2650 1038 2756 1098 τοῖς
2790 1038 3097 1105 μετιοῦσινς
3127 1040 3186 1089 οὐ
3207 1037 3324 1106 ⁸γὰρ
3365 1037 3677 1106 βουλόμενοι
3706 1037 3835 1089 τοῦτο

2289 1123 2634 1193 πάσχουσιν,
2696 1129 2787 1182 καὶ
2850 1129 2913 1182 σὺ
2970 1129 3251 1199 βουληθεὶς
3310 1130 3835 1209 κεχρῆσθαιιπάσαις

2285 1215 2487 1284 ὁμοίως
2523 1220 2658 1288 πρὸς
2707 1221 2807 1290 τὴν
2860 1222 2960 1290 σὴν
3008 1222 3358 1291 οίκοδομικὴν
3400 1223 3500 1274 οὐκ
3550 1222 3616 1274 ἂν
3654 1222 3831 1280 δύναιο,

2284 1308 2535 1377 καθάπερ
2590 1309 2764 1379 ἔφθην
2816 1313 3008 1368 εἰπών.
3077 1314 3241 1383 Ὁρᾷς
3274 1313 3374 1382 τὴν
3419 1312 3680 1380 τοιαύτην
3710 1311 3835 1375 τάξιν

2282 1401 2384 1453 κάν
2413 1403 2534 1464 ταῖς
2573 1401 2788 1471 τέχναις
2821 1422 2876 1462 τε
2906 1406 2996 1458 καὶ
3035 1407 3148 1469 τοῖς
3182 1422 3410 1475 τεχνητο
3425 1407 3475 1468 ῖς
3517 1403 3830 1474 φαινομένην

2281 1491 2357 1560 τῷ
2387 1491 2486 1562 τὴν
2521 1495 2620 1562 μὲν
2666 1495 2826 1563 φύσιν
2876 1497 3196 1550 ὑποκεῖσθαι
3239 1499 3305 1568 τῇ
3357 1497 3559 1566 τέχνῃ,
3604 1495 3832 1565 τετάχθαι

2281 1582 2336 1636 δὲ
2364 1584 2650 1654 προδήλως
2683 1586 2852 1655 αὐτὴν
2881 1590 2937 1641 ὲν
2965 1591 3079 1651 τοῖς
3117 1588 3278 1657 φύσει
3312 1588 3642 1642 συνεστῶσιν
3665 1587 3830 1652 ἅπασι,

2283 1673 2365 1725 σοὶ
2386 1672 2440 1725 δὲ
2457 1673 2685 1743 δύναμιν
2701 1677 3033 1730 ἐντεθεῖσθαι
3049 1678 3165 1743 τοῦ,
3185 1678 3313 1732 ποία
3338 1680 3402 1732 ἂν
3425 1678 3524 1748 ὕλη
3548 1679 3673 1748 ποίᾳ.
3691 1678 3830 1747 τέχνῃ

2277 1761 2595 1832 ἁρμόσειεν,
2618 1765 2907 1836 εὑρετικὴν
2928 1783 2942 1797 ·
2974 1768 3183 1837 ταύτην
3217 1768 3264 1822 δ’
3300 1765 3438 1821 εἶναι
3471 1775 3562 1820 τὸν
3582 1768 3733 1834 λόγον
3753 1769 3831 1819 καὶ

2277 1856 2475 1930 πείρας
2505 1857 2888 1929 ύπουργούσης
2919 1860 3086 1929 αὐτῷ.
3123 1860 3284 1915 Ἀλλὰ
3318 1860 3424 1930 μὴν
3451 1860 3545 1912 καὶ
3575 1860 3663 1912 διὰ
3697 1861 3743 1911 τί
3779 1861 3829 1910 ὲκ

2280 1927 2533 2016 θεμελίου
2554 1927 2853 2018 οἰκοδομῶν
2872 1927 3178 2022 ἄρχῃξεῖτα
3198 1927 3415 2019 τοίχους
3441 1949 3724 2019 συνείρεις,
3743 1943 3828 2001 εἶτ’

2276 2038 2536 2105 ἑφαπλοῖς
2571 2045 3006 2111 καταστρώματα
3032 2045 3124 2096 καλ.
3157 2043 3366 2112 τοίχους
3417 2037 3482 2095 αὖ
3523 2042 3827 2109 ἐπεγείρεις,

2275 2125 2392 2181 εἶτα
2419 2131 2730 2183 τελευταῖον
2783 2133 3045 2195 ἐπιτιθεῖς
3075 2135 3298 2203 ὀροφὴν,
3349 2130 3470 2187 εἶτα
3504 2133 3734 2201 μερίζων
3759 2131 3829 2182 ἕν-

2274 2218 2364 2271 δον
2389 2224 2780 2290 κατακοσμεῖς,
2814 2223 2931 2276 ἀλλ’
2954 2225 3208 2278 οὐδέποτε
3233 2227 3324 2278 καὶ
3359 2225 3828 2294 ἀντεστραμμένως

2277 2311 2453 2364 ταῦτα
2494 2317 2706 2379 ποιεῖς;
2761 2316 3004 2385 ἢδῆλον,
3061 2318 3134 2380 ὼς
3183 2320 3281 2371 οὐκ
3319 2319 3383 2373 ἂν
3442 2320 3617 2383 ἄλλως
3669 2318 3831 2370 δύναιο

2279 2406 2452 2455 ποιεῖν
2484 2405 2604 2458 οὐδὲ
2641 2406 2964 2476 βουληθείς;
3001 2405 3078 2461 Ἦ
3108 2410 3212 2480 γὰρ
3247 2411 3314 2464 ἂν
3361 2413 3456 2466 καὶ
3499 2410 3831 2479 περιεπάτεις

2276 2493 2406 2546 ποτὲ
2433 2498 2499 2566 τῇ
2536 2497 2752 2568 ’κεφαλῇ
2796 2500 2922 2561 τοὺς
2973 2501 3136 2563 πόδας
3186 2502 3499 2570 ὲπερείδων,
3543 2503 3694 2570 εἴπερ
3723 2500 3831 2568 ἡδύ·

2274 2601 2425 2650 νασο,
2466 2587 2762 2657 ὃπεροένιοι
2795 2589 3080 2653 παίζοντες
3113 2592 3638 2661 παραδοξοποιοῦσιν
3661 2611 3675 2624 ο
3716 2592 3829 2644 κάθ-

2273 2694 2431 2747 ηνται
2463 2677 2514 2730 δὲ
2546 2679 2653 2732 οὐδ’
2702 2672 2848 2733 οὗτοι
2875 2684 2940 2751 τῇ
2971 2682 3179 2752 κεφαλῇ
3210 2683 3464 2749 καθάπαξ
3499 2685 3616 2736 ἀντὶ
3647 2684 3828 2746 ποδῶν,

2275 2769 2554 2839 ἀμήχανον
2591 2772 2719 2842 γὰρ,
2751 2775 2871 2835 ταῖς
2906 2774 2961 2826 δὲ
2990 2777 3145 2845 χερσὶ
3171 2776 3266 2844 τὴν
3302 2776 3545 2846 κεφαλὴν
3582 2778 3828 2846 μετεωρί-

2275 2862 2462 2925 ζοντες
2508 2864 2599 2916 ἐπὶ
2655 2865 2760 2934 γῆς
2792 2868 3043 2932 παίζουσι
3093 2871 3211 2931 ταῖς
3263 2873 3451 2938 χερσὶν
3505 2871 3623 2923 ἀντὶ
3667 2868 3829 2922 ποδῶν

2273 2949 2570 3022 χρώμενοι.
2608 2954 2707 3007 Διὰ
2737 2958 2787 3007 τί
2819 2956 2876 3010 δὲ
2919 2959 3013 3010 καὶ
3047 2958 3121 3027 μὴ
3157 2960 3460 3028 οίκοδομεῖς
3496 2961 3554 3010 ἐν
3581 2958 3828 3026 θαλάσσῃ,

528 3025 534 3033 ’
608 3021 902 3091 navigatio,
963 3042 1062 3080 nec
1113 3027 1166 3081 in
1219 3032 1350 3084 mari
1407 3038 1966 3106 unquamgzediﬁcatio
2016 3021 2166 3114 [tingi

2278 3021 2438 3098 etiam;
2475 3047 2798 3109 πλευστικὸς
2826 3048 2919 3100 ιπι
2948 3021 3060 3118 γῆς’
3091 3021 3247 3102 εἴωθε
3280 3021 3454 3112 πλεῖν,
3492 3051 3631 3121 item
3681 3021 3828 3103 πλεῦ-

609 3121 773 3180 queat
802 3129 902 3171 suo
947 3120 1219 3174 munere?
1285 3119 1405 3187 Uno
1452 3128 1634 3191 verbo,
1677 3144 1740 3184 ex
1794 3142 1908 3187 arte
1949 3137 2166 3204 quidem

606 3205 878 3261 :edilicare
936 3210 1195 3278 didicisti,
1259 3224 1451 3268 natura
1496 3229 1674 3273 autem
1720 3225 2170 3296 naturalibusque

605 3301 770 3356 rebus
809 3304 1000 3357 uteris.
1038 3305 1143 3356 Aut
1182 3307 1226 3360 si
1279 3322 1430 3362 esses
1488 3311 1752 3376 medicus,
1814 3315 2013 3373 herbas
2063 3321 2170 3373 uti-

604 3407 709 3459 que
737 3407 797 3447 ac
827 3393 1033 3463 lapides
1059 3397 1110 3450 in
1144 3397 1280 3452 hanc
1307 3410 1474 3454 artem
1498 3403 1804 3468 adbiberes,
1853 3407 2017 3478 Atqui
2068 3390 2169 3467 allia

603 3482 820 3552 quidem
851 3486 918 3540 ad
953 3488 1097 3542 aliud
1132 3491 1299 3545 lterba
1332 3505 1456 3548 nata
1487 3504 1593 3559 est,
1623 3513 1796 3566 neque
1828 3502 1894 3554 ad
1951 3503 2167 3560 morbos

603 3581 814 3629 tantum
835 3571 1127 3645 sanandos,
1153 3580 1245 3635 sed
1274 3591 1325 3637 et
1349 3571 1656 3640 inducendo
1676 3598 1786 3642 tum
1809 3590 2016 3646 scilicet
2039 3592 2171 3661 ipsis

606 3669 907 3737 utentibus,
940 3681 1052 3726 tum
1079 3674 1146 3728 iis
1178 3675 1269 3744 qui
1304 3685 1446 3731 recte
1481 3681 1558 3734 uti
1582 3681 1836 3735 nesciunt
1862 3699 1878 3749 ;
1905 3685 2007 3738 alia
2041 3699 2170 3740 vero

601 3757 765 3808 etiam
797 3757 955 3824 plane
1008 3763 1302 3831 perimunt,
1363 3768 1558 3831 nedum
1611 3769 1895 3828 sanitatem
1955 3784 2173 3830 servent

605 3857 697 3900 aut
735 3860 1010 3906 revocent.
1049 3853 1122 3907 ita
1149 3863 1200 3908 et
1228 3857 1436 3925 lapides
1465 3871 1779 3928 operantur,
1829 3878 1930 3918 nec
1977 3880 2168 3920 eorum

604 3950 798 3996 natura
828 3944 934 3998 ulla
974 3962 1208 4015 unquam
1244 3961 1426 4016 posset
1460 3952 1726 4008 industria
1774 3956 1992 4010 mutari.
2056 3956 2172 4012 Hoc

601 4042 810 4087 tantum
844 4036 1198 4104 prohibentur
1225 4055 1313 4107 ne,
1333 4044 1609 4112 preprium
1633 4051 1973 4114 assequendo
1991 4046 2169 4115 linem,

602 4126 735 4179 alias
761 4127 861 4181 sibi
905 4133 1206 4187 contrarias
1256 4133 1402 4188 vires
1454 4144 1544 4188 aut
1583 4135 1914 4213 efﬁcaciores
1964 4154 2171 4209 praepe-

600 4221 752 4275 diant
779 4232 1056 4277 necnonet
1081 4224 1320 4294 reliquas
1339 4225 1471 4280 artis
1492 4228 1802 4284 methodos.

2277 3136 2435 3203 στικὴ
2468 3137 2563 3204 μὲν
2596 3136 2688 3188 ἐπὶ
2719 3136 2851 3209 γῆς,
2875 3137 3193 3208 οῖκοδομικὴ
3235 3138 3289 3191 δὲ
3321 3140 3413 3190 ἐπὶ
3447 3139 3713 3206 θαλάττης
3744 3137 3831 3188 οὐκ

2275 3220 2618 3281 ἂνδόναιντό
2648 3246 2778 3282 ποτε
2829 3229 2896 3281 τὰ
2933 3229 3111 3282 αὐτῶν
3163 3230 3464 3298 πράττειν;
3517 3231 3608 3282 καὶ
3661 3228 3832 3287 ἁπλῶς

2274 3320 2470 3384 εἰπεῖν,
2503 3321 2667 3393 τέχνῃ
2720 3323 2816 3390 μὲν
2861 3322 3033 3391 δήπου
3068 3323 3125 3374 τὸ
3159 3322 3460 3390 οἰκοδομεῖν
3509 3321 3651 3388 ἔχειν
3699 3319 3836 3387 εἴλη-

2276 3427 2404 3481 φας,
2439 3412 2705 3483 κέχρησαι
2735 3414 2791 3466 δὲ
2827 3415 2986 3482 φύσει
3015 3432 3070 3467 τε
3102 3415 3195 3468 καὶ
3223 3416 3336 3477 τοῖς
3384 3413 3482 3483 τῆς
3516 3414 3726 3484 φύσεως
3755 3411 3834 3480 ἔρ·

2276 3520 2413 3572 γοις.
2450 3505 2556 3557 Καὶ
2586 3507 2766 3578 ἰατρὸς
2789 3508 2947 3576 εἴπερ
2976 3503 3140 3578 ἦσθα,
3170 3507 3423 3576 βοτάναις
3452 3509 3518 3561 ἂν
3547 3509 3637 3560 καὶ
3675 3504 3834 3564 λίθοις

2276 3595 2414 3664 πρὸς
2443 3598 2542 3664 τὴν
2571 3599 2768 3667 τέχνην
2801 3599 3005 3668 ταύτην
3044 3600 3310 3669 ἐκέχρησο
3331 3617 3344 3632 ·
3395 3598 3590 3668 βοτάνη
3618 3598 3671 3649 δὲ
3703 3596 3828 3661 ἄλλη

2275 3685 2409 3755 δρᾷν
2433 3684 2562 3739 ἄλλο
2590 3704 2645 3740 τι
2675 3688 2943 3757 πέφυκεν,
2975 3690 3094 3742 οὐδὲ
3129 3689 3452 3759 νοσημάτων
3484 3688 3834 3741 ἀπαλλάττειν

2281 3776 2464 3846 μόνον,
2495 3777 2629 3831 ἀλλὰ
2662 3779 2755 3831 καὶ
2784 3784 2972 3843 νόσους
3021 3783 3194 3832 ποιεῖν
3242 3786 3353 3844 τοῖς
3385 3781 3520 3843 ὅλως
3545 3779 3834 3849 χρωμένοις

2277 3867 2309 3937 ἢ
2342 3869 2453 3931 τοῖς
2482 3870 2581 3922 οὐκ
2631 3871 2798 3924 είδόσι
2831 3872 3066 3942 χρῆσθαι
3114 3872 3314 3938 καλῶς,
3347 3872 3441 3926 καὶ
3481 3873 3751 3926 κτείνουσι
3784 3870 3835 3920 δὲ

2278 3957 2436 4012 ἄλλαι
2471 3960 2690 4024 τελείως
2740 3962 2860 4014 ἀντὶ
2889 3961 2983 4014 τοῦ
3021 3962 3242 4032 τρέφειν
3271 3963 3302 4032 ἢ
3347 3963 3446 4031 τὴν
3499 3961 3685 4029 ὑγείαν
3715 3961 3852 4010 ἔτεσί

2281 4051 2546 4116 νασώζειν
2573 4070 2586 4082 ·
2620 4055 2712 4106 καὶ
2746 4054 2883 4107 λίθοι
2913 4054 2970 4107 δὲ
2995 4054 3258 4116 ὡσαύτως
3285 4053 3460 4107 ταῦτα
3491 4051 3720 4113 ποιοῦσι,
3749 4047 3833 4100 aut

2273 4145 2374 4212 τὴν
2406 4144 2584 4198 αὐτῶν
2642 4145 2804 4215 φύσιν
2844 4145 3021 4207 οὐδεὶς
3081 4146 3146 4199 ἂν
3192 4145 3417 4214 οὐδεμιᾷ
3457 4143 3832 4212 μεταποιήσειε

2273 4237 2471 4309 τέχνῃ·
2527 4237 2798 4309 εἴργονται
2841 4240 3000 4308 μόνον
3045 4241 3113 4292 τὰ
3158 4238 3351 4308 αὐτῶν,
3381 4240 3616 4304 ὲξανύειν
3663 4236 3831 4298 ἄλλοις

601 4312 857 4368 τάναντία
890 4330 949 4366 τε
976 4314 1246 4383 πεφυκόσι
1274 4314 1400 4385 ’καὶ
1467 4315 1922 4388 δραστικωτέροις
1953 4321 2424 4396 ἀντιπραττόμενα
2455 4329 2547 4380 καὶ
2577 4327 2822 4397 μεθόδοις
2851 4331 3043 4400 τέχνης
3077 4330 3308 4400 ἑτέραις.

677 4407 862 4475 Itaque
888 4423 952 4460 ex
987 4408 1395 4465 sublimioribus
1428 4409 1520 4465 Dei
1570 4413 1826 4480 operibus
1879 4423 2039 4483 atque
2094 4432 2173 4472 re-
2203 4419 2255 4479 D

603 4511 723 4550 rum
759 4506 811 4550 et
836 4497 1030 4551 virium
1053 4498 1137 4552 bis
1165 4499 1450 4555 insitarum
1512 4511 1619 4554 tam
1649 4504 1918 4557 concinna
1970 4506 2170 4561 distin-

600 4591 800 4651 c.ione,
831 4605 894 4644 ex
920 4590 1364 4644 manifestissima
1407 4601 1459 4646 et
1495 4594 1760 4662 stupenda
1793 4597 1977 4649 mundi
2011 4599 2170 4667 hujus

605 4682 845 4738 universi
879 4682 1348 4749 administratione
1396 4685 1481 4738 cui
1531 4694 1715 4739 tantus
1746 4689 1903 4756 lordo
1950 4700 2163 4757 praeest,

604 4793 668 4831 ex
698 4777 876 4830 multis
905 4777 1024 4831 aliis
1059 4777 1294 4846 denique
1333 4777 1381 4830 id
1411 4778 1627 4847 generis
1681 4781 1822 4833 unde
1871 4796 2060 4835 omnes
2101 4783 2166 4836 ad

605 4868 694 4920 Dei
726 4871 973 4921 notitiam
1007 4871 1321 4923 necessario
1353 4872 1616 4939 compulsi
1681 4880 1829 4934 sunt,
1875 4887 2066 4940 posses
2114 4887 2166 4926 ct

603 4972 656 5012 ttt
686 4963 1006 5028 eompcrirc,
1037 4963 1079 5015 si
1108 4961 1291 5026 libeat,
1313 4962 1584 5018 nibilesse
1617 4963 1695 5018 vel
1722 4964 1836 5017 ﬁeri
1863 4965 2004 5033 quod
2030 4981 2168 5034 pra:-

599 5059 683 5103 ter
717 5052 960 5105 ordinem
990 5052 1082 5106 [lat
1109 5063 1201 5106 aut
1229 5054 1320 5118 sit,
1353 5053 1713 5123 universaque
1739 5056 1881 5109 entia
1931 5058 2165 5124 quadam

599 5143 752 5212 quasi
789 5144 1114 5212 permirabili
1149 5155 1338 5200 eatena
1373 5146 1620 5200 connecti
1647 5148 1806 5200 simul
1839 5164 1900 5202 ac
1931 5151 2162 5218 secerni,

597 5234 758 5304 cujus
791 5249 897 5286 non
930 5232 1159 5288 fuissent
1192 5235 1290 5303 ipsi
1326 5234 1544 5288 sibimet
1575 5245 1848 5290 auctores.
1877 5237 2059 5306 Neque
2088 5247 2166 5291 tot

599 5337 821 5396 tamque
848 5326 1141 5381 dissimiles
1171 5337 1374 5380 naturas
1401 5327 1452 5380 in
1483 5328 1642 5382 unius
1673 5330 1856 5382 mundi
1899 5331 2168 5384 constitu-

598 5421 799 5474 tionem
831 5420 971 5472 inter
1003 5434 1060 5472 sc
1085 5423 1269 5473 csSeut
1305 5419 1372 5474 ab
1407 5420 1563 5474 initio
1609 5433 1896 5487 consertae,
1950 5424 2167 5477 nomine

594 5511 704 5580 jam
741 5521 851 5567 tum
877 5523 1196 5566 conscrente
1239 5511 1450 5579 illisque
1497 5512 1576 5564 sic
1630 5521 1886 5579 perpetuo
1922 5514 2164 5568 coalcndi

600 5601 708 5651 vim
737 5601 1112 5670 suppeditante
1133 5616 1293 5668 quam
1328 5603 1442 5668 ipse
1467 5613 1648 5669 posset
1695 5604 1759 5655 ad
1809 5612 1996 5656 nutum
2052 5605 2161 5657 sol-

599 5706 744 5747 vere.
778 5693 944 5750 Porro
975 5694 1264 5749 ordinatim
1302 5694 1403 5751 ista
1452 5708 1737 5749 consolere
1792 5695 1927 5749 i-lcnt
1981 5705 2059 5750 est
2103 5712 2165 5753 ac

2364 4420 2460 4475 Ἐκ
2489 4421 2599 4474 τῶν
2633 4421 2981 4492 ὑψηλοτέρων
3023 4425 3201 4476 τοίνυν
3234 4423 3328 4476 τοῦ
3360 4423 3492 4477 Θεοῦ
3543 4427 3718 4492 ἔργων
3747 4427 3830 4477 καὶ

2276 4511 2373 4578 τῆς
2422 4511 2685 4564 εὐτάκτου
2720 4513 2987 4583 διαφορᾶς
3038 4513 3148 4567 τῶν
3181 4515 3237 4567 ὲν
3272 4515 3456 4578 αὐτοῖς
3502 4516 3715 4584 φύσεων
3747 4516 3831 4567 καὶ

2275 4599 2576 4670 δυνάμεων,
2630 4603 2725 4655 καὶ
2773 4605 2875 4672 τῆς
2931 4607 3323 4675 φανερωτάτης
3383 4607 3476 4659 καὶ
3531 4605 3829 4674 ξενιξούσης

2274 4689 2426 4744 τοῦδε
2456 4691 2549 4745 τοῦ
2596 4693 2791 4755 παντὸς
2835 4695 3151 4764 διοικήσεως
3199 4681 3352 4749 οὔτ-ω’
3390 4695 3508 4750 λίαν
3545 4695 3710 4764 οὔσης
3743 4695 3827 4747 εὑ·

2273 4781 2472 4834 τάκτου
2496 4785 2590 4835 καὶ
2607 4784 2814 4836 πολλῶν
2837 4785 3012 4838 ἄλλων
3033 4785 3312 4851 τοιούτων,
3345 4770 3413 4839 δί’
3436 4781 3512 4842 ὧν
3533 4787 3822 4852 ἀναγκαίως

2273 4873 2409 4942 πρὸς
2439 4874 2534 4945 τὴν
2565 4877 2695 4946 περὶ
2745 4875 2834 4927 τοῦ
2870 4875 3012 4929 θείου
3063 4877 3264 4938 πάντες
3303 4879 3550 4948 ἤχθησακν
3602 4877 3822 4939 ἔννοιαν,

2269 4957 2414 5031 εἶχες
2444 4965 2528 5030 ἂν,
2570 4969 2726 5034 εἰπερ
2755 4966 2974 5019 ἐϐούλου
3017 4969 3354 5038 καταμαθεῖν
3402 4969 3497 5023 καὶ
3548 4969 3726 5031 αὐτὸς,
3763 4967 3826 5026 ὡς

2268 5055 2422 5109 οὐδὲν
2454 5057 2601 5110 ἐστιν
2629 5061 2687 5110 ὲν
2715 5059 2825 5119 τοῖς
2853 5055 2972 5110 οὖσι
3002 5060 3099 5110 καὶ
3127 5062 3437 5126 γινομένοις
3470 5060 3598 5113 ἄνευ
3628 5057 3824 5120 τάξεως

2267 5145 2326 5199 ὃν
2363 5148 2456 5199 καὶ
2506 5149 2805 5218 γινόμενον,
2844 5148 2938 5201 καὶ
2989 5151 3069 5203 ὅτι
3097 5151 3346 5221 καθάπερ
3395 5150 3825 5220 ὑπερθαυμσάτῳ

2267 5243 2375 5291 τινὶ
2411 5241 2568 5309 σειρᾷ
2618 5241 2682 5292 τὰ
2717 5240 2842 5294 ὅντα
2877 5241 3052 5294 πάντα
3102 5242 3404 5294 συνδὶδεταί
3435 5251 3505 5293 τε¹
3528 5242 3616 5294 καὶ
3651 5240 3824 5291 διακέ-

2266 5349 2471 5400 κριται,
2506 5331 2626 5401 ἥτις
2653 5333 2751 5384 οὐκ
2798 5333 2862 5386 ἂν
2897 5335 2990 5387 ἀπ’
3021 5334 3202 5387 αὐτῶν
3250 5338 3306 5386 ὲν
3339 5335 3524 5395 αὐτοῖς
3567 5332 3650 5400 εἴη
3676 5348 3691 5361 ·
3726 5328 3826 5382 οὐδ’

2265 5424 2332 5476 ἂν
2389 5425 2803 5493 συνεπλάκησαν
2855 5425 2951 5496 τὴν
2999 5427 3177 5495 ἀρχὴν
3205 5425 3466 5478 τοσαῦται
3510 5424 3584 5494 τῷ
3643 5421 3822 5490 πλήθει

2267 5517 2459 5587 φύσεις
2488 5519 2577 5569 καὶ
2603 5517 2744 5570 οὓτω
2777 5519 3025 5588 διάφοροι
3059 5520 3194 5587 πρὸς
3227 5521 3342 5580 ἐνὸς
3391 5519 3596 5588 κόσμου
3631 5515 3823 5568 σύστα·

2269 5625 2353 5659 σιν
2387 5610 2513 5662 ἄνευ
2545 5608 2637 5660 τοῦ
2669 5610 3069 5678 συμπλέξαντός
3092 5628 3147 5663 τε
3176 5613 3272 5681 τὴν
3298 5611 3474 5680 ἀρχὴν
3503 5610 3590 5663 καὶ
3617 5607 3716 5674 τὴν
3737 5601 3822 5656 ’τῡῦ

2265 5702 2352 5754 διὰ
2386 5702 2583 5766 παντὸς
2632 5701 2773 5758 οὕτω
2805 5704 3223 5774 συμπεπλέχθαι
3256 5705 3487 5774 δύναμιν
3528 5703 3707 5762 αὐτοῖς
3738 5697 3822 5752 ἔθ’
