3986 6328
173 243 288 308 577

1270 206 1375 301 Da
1408 236 1677 314 DEOJN
1718 236 2134 299 TRlNlTATE
2168 238 2346 305 UNO.

3302 249 3404 314 578

101 400 106 404 ι
170 363 438 433 θεμένου,
460 361 540 442 ,ἢν
566 362 726 426 abab;
763 361 1020 446 [advocati
1055 349 1401 431 ἡδύνατόκαὶ
1431 357 1598 425 λύειν,
1631 356 1737 424 εῐγι

1858 359 2057 422 lacere,
2085 356 2225 412 idem
2260 367 2313 412 ct
2342 357 2638 414 dissolvere
2697 368 2858 430 atquc
2900 361 3099 418 delere.
3155 365 3234 420 Tu
3293 385 3422 427 vero

173 455 453 512 ὶδούλετο.
485 453 561 508 Τὸ
590 455 646 507 δὲ
679 454 1012 525 συμπλέκειν
1042 450 1211 506 ταῦτα
1241 451 1521 513 εὐτάκτως
1551 450 1745 504 ταυτόν

171 548 302 600 ἔστι
335 547 412 616 τῷ
445 547 639 609 ποιεῖν,
681 546 778 599 καὶ
822 544 898 615 τῷ
929 544 1175 616 φθείρειν
1202 542 1261 597 τὸ
1299 540 1537 596 διαλύειν
1561 556 1574 571 ·
1613 542 1660 594 εἰ
1688 540 1746 594 δὲ

176 637 519 707 συμπλέκεις
575 636 670 690 καὶ
721 635 784 688 σὺ
843 636 1133 707 διαφόρους
1181 635 1370 703 φύσεις
1422 633 1741 700 οἰκοδομῶν,

173 722 298 782 ἀλλ’
323 728 421 797 οὐχ
450 727 525 791 ὡς
550 725 616 781 ἂν
655 726 994 798 βουληθείης,
1023 727 1098 791 ὡς
1131 726 1198 780 ἂν
1228 724 1283 778 δδ
1327 722 1744 793 συμπλέκοιντο,

175 818 276 869 καὶ
322 819 354 886 ἠ
399 817 496 884 τῆς
527 817 624 886 σῆς
652 817 845 888 τέχνης
875 810 1166 889 ἐφαρμογὴ
1214 818 1279 885 τῇ
1317 813 1602 883 συμπλοκῇ
1642 810 1749 865 τῶν

177 907 399 973 φύσεων
425 908 616 963 ἕπεται
635 925 651 940 ⁶
673 910 796 963 ὅθεν
825 926 887 963 συ
898 910 1161 980 μπλέκεις
1195 907 1353 976 μόνον
1371 905 1466 959 καὶ
1486 904 1546 956 ού
1575 903 1749 966 ποιεῖς

178 998 374 1060 αὐτάς.
431 998 489 1051 '0
519 1000 574 1052 δὲ
602 1000 700 1063 τὰς
741 1002 977 1070 φυσικὰς
1005 997 1335 1068 συμπλέκων
1383 997 1652 1064 ἰδιότητας
1689 995 1748 1046 ἐν

177 1091 296 1152 τοῖς
329 1090 445 1144 οὖσι
479 1094 573 1145 καὶ
605 1094 831 1174 ποιητὴς
869 1092 1049 1145 αὐτῶν
1089 1091 1204 1143 ἐστι
1233 1089 1404 1159 δήπου
1429 1104 1441 1118 ·
1474 1087 1617 1138 ποιεῖ
1641 1085 1748 1153 γὰρ

183 1183 278 1232 καὶ
311 1183 598 1253 ὑφίστησιν
636 1183 829 1248 οὕτως,
861 1182 939 1245 ὡς
985 1182 1052 1236 ἂν
1079 1181 1171 1234 καὶ
1215 1179 1629 1250 συμπλέκεσθαι
1657 1176 1751 1228 δυ-

1855 442 1976 505 cum
2015 451 2268 515 mdilicas,
2304 453 2408 505 etsi
2440 451 2618 508 varias
2653 455 2814 508 etiam
2855 457 3154 528 compingis
3177 470 3419 529 naturas,

1855 542 1902 596 id
1938 557 2044 596 nun
2071 555 2167 609 pro
2199 550 2332 596 nutu
2365 543 2603 611 quidem,
2635 545 2727 600 sed
2762 557 2820 600 ut
2852 546 2992 602 forte
3040 549 3328 620 contigerit
3367 563 3424 609 et

1851 633 1985 685 artis
2021 639 2122 684 tuae
2149 630 2428 698 dispositio
2471 639 2683 692 naturis
2733 636 3009 695 subditur.
3057 638 3211 694 Unde
3259 657 3426 714 coag-

1855 731 2067 777 mentas
2099 722 2280 787 modo,
2316 737 2422 776 non
2453 738 2578 778 vero
2600 741 2774 783 creas.
2822 728 2920 794 Qui
2973 742 3152 784 autem
3203 741 3423 805 entlhus

1851 814 2130 868 naturales
2158 822 2306 882 aptat
2341 816 2712 882 proprietates,
2736 818 2823 873 ille
2843 821 3029 889 procul
3053 821 3236 896 ~dubio
3262 832 3424 879 estet

1851 918 2043 959 eorum
2091 903 2284 960 factor.
2341 904 2424 958 ita
2500 921 2732 975 namque
2809 913 2980 978 ipsam
3057 913 3420 970 substantiam

1853 995 2014 1049 ellicit
2042 1004 2101 1047 ut
2125 996 2336 1064 possint
2366 995 2433 1049 ad
2461 996 2690 1064 hujusce
2736 999 2898 1053 totius
2924 1003 3107 1055 mundi
3145 1007 3422 1073 composi-

1857 1085 2056 1139 tionem
2090 1085 2357 1154 adaptari.
2377 1095 2537 1156 prout
2569 1088 2639 1141 illi
2663 1088 2958 1157 profuerit;
2987 1107 3146 1159 quem
3178 1096 3241 1149 ad
3260 1096 3421 1151 linem

1857 1187 2048 1228 omnes
2077 1175 2314 1228 universi
2344 1184 2526 1244 partes
2549 1177 3189 1238 confecitetconciliavit.
3307 1170 3314 1175 ’

179 1274 394 1343 νηθεῖεν
427 1276 558 1345 πρὸς
598 1277 716 1339 ἑνὸς
748 1273 840 1328 τοῦ
874 1273 1070 1336 παντὸς
1114 1271 1269 1327 τοῦδε
1302 1271 1577 1336 σύστασιν,
1613 1269 1734 1339 ἥτις
1759 1260 1827 1337 ἧν
1863 1264 2011 1335 αὐτῷ
2051 1264 2325 1338 προῦργου
2355 1282 2368 1298 ·
2410 1269 2504 1322 καὶ
2556 1270 2746 1323 τούτου
2796 1268 2956 1341 χάριν
3026 1272 3095 1325 τὰ
3128 1274 3221 1327 τοῦ
3285 1294 3423 1330 παν-

179 1364 272 1427 τὸς
303 1365 477 1419 ἐποίει
507 1367 690 1420 τεκαὶ
731 1367 1025 1420 συνέπλεκι
1057 1362 1216 1436 μέρη.

254 1459 318 1512 Εἰ
349 1460 393 1511 δ’
425 1458 488 1512 ὲκ
515 1457 744 1530 μηδενὸς
772 1457 878 1512 τῶν
916 1445 1197 1521 τοιούτων,
1238 1457 1342 1511 ἀπο
1384 1455 1582 1510 σαυτοῦ
1614 1452 1743 1524 γοῦν

183 1547 350 1616 μόνου
378 1535 470 1600 κὰι
501 1551 598 1618 τῆς
631 1549 730 1618 σῆς
763 1551 977 1618 φύσεως
1022 1547 1248 1603 καὶτῶν
1295 1548 1402 1602 σῶν
1428 1548 1604 1616 ἔργων
1636 1547 1743 1600 ἔδει

181 1657 244 1692 σε
274 1643 366 1693 τὸν
399 1643 700 1709 ἐπιγνῶναι
731 1643 1078 1712 δημιουργὸν,
1124 1642 1184 1705 ὃς
1215 1659 1295 1695 σοι
1325 1643 1462 1710 μετὰ
1485 1640 1577 1695 τοῦ
1605 1636 1746 1694 εῖναι

1923 1445 2018 1501 Sin
2047 1458 2172 1498 vero
2197 1442 2463 1497 nihildum
2502 1444 2767 1502 movearis
2792 1446 3095 1515 hujusmodi
3130 1452 3419 1521 exemplis,

1850 1554 1915 1595 ex
1943 1537 2229 1605 temetipso
2249 1544 2394 1591 certe
2417 1536 2630 1605 quidem
2657 1547 2854 1609 tuaque
2877 1549 3065 1594 natura
3087 1552 3139 1596 et
3165 1545 3422 1612 operibus

1861 1632 1955 1685 tibi
1980 1638 2191 1684 creator
2226 1636 2341 1682 erat
2372 1628 2774 1698 agnoscendus,
2805 1645 2835 1684 a
2868 1647 2974 1699 quo
3018 1643 3127 1687 tum
3156 1649 3276 1688 esse
3311 1645 3421 1690 tum
3458 1678 3466 1689 .

179 1735 274 1786 καὶ
302 1735 403 1826 την
436 1736 570 1805 πρὸς
603 1736 774 1789 τᾶλλα
818 1736 1018 1789 δέδωκε
1049 1737 1201 1800 τάξιν
1224 1752 1238 1767 ο
1284 1737 1390 1790 καῖ’
1417 1733 1623 1803 ταύτην
1658 1730 1737 1786 σοι

1843 1723 1910 1777 ad
1936 1721 2142 1790 reliqua
2161 1722 2402 1776 ordinari
2427 1731 2618 1777 nactus
2654 1737 2735 1776 es.
2761 1722 2909 1777 Hanc
2929 1723 3091 1792 igitur
3109 1727 3426 1794 ego,negle-
3508 1746 3510 1748 ν

175 1824 278 1889 τὴν
307 1824 425 1878 ὁδὸν
477 1825 572 1880 νῦν
603 1828 762 1897 ἡμεῖς
795 1829 857 1881 ὲκ
909 1828 1228 1898 περιουσίας
1277 1830 1396 1882 ἀντὶ⁵
1429 1825 1640 1880 πολλῶν
1684 1843 1743 1878 τε

180 1915 361 1969 ἄλλων
392 1921 483 1972 καὶ
533 1921 852 1988 σοφωτέρων
899 1921 1032 1973 ὁδῶν
1063 1921 1470 1990 προύθὴκαμεν,
1514 1919 1614 1972 οὐκ
1656 1916 1743 1971 ἐπ’

181 2008 392 2077 ἐλέγχῳ
425 2010 585 2079 μόνον
617 2012 713 2078 τῆς
745 2014 842 2079 σῆς
873 2011 1206 2081 ἀφροσύνης,
1241 2011 1374 2064 ἀλλὰ
1405 2011 1500 2065 καὶ
1552 2027 1746 2080 συνερ-

181 2101 280 2170 γοῦ
299 2119 431 2165 ιτες,
477 2103 660 2156 εἴποτε
693 2105 1013 2174 βουληθείης
1037 2104 1286 2158 ἐντεῦθεν
1315 2103 1446 2172 γοῦν
1473 2103 1745 2173 ἠργμένος

173 2193 269 2244 τοῦ
306 2212 361 2245 σε
395 2196 487 2248 καὶ
518 2195 693 2248 πάντα
725 2199 1050 2267 ποιήσαντος
1083 2196 1456 2250 συναισθέσθαι
1484 2196 1643 2251 Θεοῦ.
1671 2197 1742 2249 Σὺ

175 2282 234 2333 δὲ
263 2283 363 2350 τῆς
393 2283 493 2351 μὲν
523 2284 697 2348 οἰκίας
728 2285 1059 2354 δημιουργὸν
1090 2286 1285 2339 σαυτδν
1321 2281 1458 2339 εῖναι
1487 2287 1614 2355 φῂς,
1651 2284 1743 2338 καὶ

175 2370 321 2423 πάνυ
351 2371 548 2438 καλῶς,
596 2373 692 2425 καὶ
737 2376 836 2437 τῆς
869 2377 926 2426 έν
959 2376 1038 2427 σοὶ
1089 2375 1184 2426 τοῦ
1217 2375 1572 2445 δημιουργεῖν
1601 2372 1745 2427 οὕτω

175 2460 378 2529 τέχνης
413 2462 584 2514 αἴτιον
630 2464 722 2518 τὸν
759 2464 1045 2531 διδάξαντά
1080 2482 1136 2517 σε
1168 2468 1368 2536 ταύτην
1416 2467 1699 2536 ὁμολογεῖς
1724 2486 1741 2503 ο

178 2551 326 2621 ειπερ
357 2555 468 2606 οὐδ’
499 2555 660 2618 εὐθὺς
709 2558 1043 2627 γεννηθέντι,
1082 2536 1217 2628 μὲτά
1247 2559 1304 2612 δὲ
1351 2559 1448 2629 τὴν
1483 2561 1743 2629 δευτέραν

173 2641 394 2708 ἡλικίαν
419 2645 621 2714 παρῆν,
668 2646 871 2710 πάσαις
906 2652 1281 2717 παρασκευαῖς
1313 2652 1374 2704 ὲκ
1402 2652 1500 2720 τῆς
1528 2653 1744 2720 φύσεως

175 2734 538 2804 ἐξηρτυμένῳ
586 2738 766 2801 καλῶς
792 2739 926 2806 πρὸς
956 2741 1016 2793 τὸ
1064 2741 1321 2794 δύνασθαι
1359 2744 1652 2811 μανθάνειν
1681 2763 1741 2800 τε

177 2826 273 2875 καὶ
303 2826 656 2895 ἐργάζεσθαι.
687 2831 795 2882 Καὶ
819 2829 941 2882 οὔτε
971 2831 1144 2898 λέγεις
1177 2832 1274 2897 τὴν
1302 2833 1480 2886 οἰκίαν
1508 2835 1744 2905 αὐτόμα-

84 2953 96 2964 .
174 2929 269 2965 τον
298 2916 620 2985 ὑποστῆναι,
646 2914 679 2988 ἦ
711 2920 816 2988 γὰρ
846 2919 911 2974 ἂν
938 2921 1104 2991 αὐτῆς
1133 2923 1231 2975 οὐκ
1259 2923 1488 2993 ἀπῄτεις
1527 2927 1738 2993 μισθὸν,

172 3006 291 3060 οὔτ’
340 3009 663 3080 αὐτομάτως
695 3028 776 3098 σοι
806 3011 904 3082 τὴν
955 3013 1152 3083 τέχνην
1181 3012 1358 3067 ἐλθεῖν
1387 3031 1401 3046 ο
1437 3017 1496 3068 ού
1542 3016 1646 3089 γὰρ
1674 3017 1740 3071 ἂν
1766 3047 1812 3106 c

175 3099 285 3152 ἔδει
322 3117 380 3152 σε
439 3095 818 3171 προσεδρεύειν
860 3105 1129 3170 φοιτῶντα
1158 3106 1275 3157 οὐδὲ
1316 3106 1539 3181 μισθοὺς
1575 3109 1738 3162 ὑπισ-

174 3189 423 3258 χνεῖσθαι
469 3208 528 3243 τε
580 3193 674 3244 καὶ
730 3194 992 3269 παρέχειν
1033 3195 1108 3264 τῷ
1150 3197 1422 3251 δεικνύναι
1467 3215 1548 3251 σοι
1578 3198 1740 3254 δυνα-

175 3281 326 3348 μένῳ
354 3298 367 3311 ’
397 3280 491 3334 τοῦ
520 3282 564 3335 δ’
592 3284 655 3335 ἐκ
693 3283 867 3353 ψυχῆς
906 3301 964 3336 σε
997 3286 1320 3340 συνεστάναι
1346 3289 1446 3341 καὶ
1487 3287 1739 3355 σώματος

171 3373 270 3424 καὶ
297 3370 398 3442 τὴν
427 3373 720 3442 μὶνψυχὴν
751 3375 1039 3437 τοσαύταις
1072 3378 1308 3430 συνεῖναι
1335 3381 1430 3431 καὶ
1455 3379 1738 3444 τοιαύταις

170 3463 465 3530 δυνάμεσι,
500 3464 559 3538 τὸ
604 3465 660 3518 δὲ
692 3464 850 3534 σῶμα
883 3467 1155 3529 τοσούτοις
1192 3469 1557 3524 συντεθεῖσθαι
1598 3488 1736 3525 στοι-

170 3553 360 3620 χείοις,
395 3553 432 3606 ὃ.
466 3555 578 3617 τοῖς
603 3556 693 3608 τοῦ
733 3557 937 3616 κόσμου
986 3559 1265 3627 στοιχείοι;
1309 3559 1577 3630 ᾠκείωταί
1621 3579 1738 3628 πως

169 3643 325 3695 τοῦδε
375 3644 479 3695 τοῦ
522 3645 658 3714 πρὸς
690 3647 840 3714 ἡμῖν,
893 3642 1009 3700 εἶτα
1044 3648 1316 3710 τοσούτοις
1369 3651 1500 3703 αύτὸ
1543 3653 1732 3720 μέρεσι

167 3736 263 3786 καὶ
325 3735 539 3804 μορίοις
572 3735 970 3807 ’διακεκρίσθαι
1023 3752 1082 3788 τε
1126 3736 1262 3805 ὁμοῦ
1307 3740 1400 3792 καὶ
1463 3741 1726 3811 ἡνῶσθαι.

168 3823 501 3894 ὁμοιομερές
530 3841 590 3877 τε
624 3825 714 3877 καὶ
747 3826 1157 3906 άνομοιομερὲς,
1191 3831 1283 3882 καὶ
1315 3830 1610 3902 ένδοτέροις
1637 3834 1729 3887 καὶ

167 3919 451 3986 φανεροῖς,
503 3918 593 3971 xa‘t
635 3918 789 3984 τάξιν
843 3920 1019 3973 αἰτίου
1069 3937 1126 3973 τε
1181 3921 1273 3974 καὶ
1316 3924 1560 3976 αἰτιατοῦ
1593 3926 1731 3996 πρὸς

137 4011 378 4080 ,ἄλληλα
410 4009 616 4078 ἔχουσι,
661 4012 754 4064 καὶ
781 4009 874 4065 τοῦ
906 4010 1004 4080 τὴν
1042 4011 1218 4090 ψυχὴν
1249 4013 1588 4068 τελειοῦσθαι
1632 4017 1733 4084 μὲν

166 4102 245 4162 εἰς
271 4101 479 4171 ἀρετὴν
507 4100 768 4154 δύνασθαι
798 4102 891 4154 καὶ
922 4104 1110 4171 σοφίαν
1139 4107 1426 4176 χρωμένην
1447 4105 1624 4176 ὀρθῶς
1653 4107 1732 4177 τῷ

165 4191 410 4259 σώματι,
444 4189 662 4256 φαύλως
691 4188 747 4241 δὲ
782 4193 1127 4261 κεχρημένην
1151 4195 1474 4262 ἀμφοτέρων
1498 4195 1732 4266 διαμαρ-

166 4280 349 4332 τάνειν
381 4283 474 4333 καὶ
525 4280 660 4350 πρὸς
699 4281 798 4353 τὴν
841 4283 1089 4335 ἐναντίαν
1136 4282 1290 4351 ἥκειν
1340 4284 1604 4352 διάθεσιν,
1637 4290 1730 4344 καὶ

1845 1815 1947 1870 ctis
1984 1813 2107 1868 aliis
2155 1813 2402 1882 pluribus
2447 1814 3129 1884 iisque,optimis,alterant
3163 1832 3228 1870 ex
3253 1817 3422 1870 abun-

1844 1908 1994 1963 danti
2017 1906 2158 1962 viam
2187 1921 2449 1976 propono,
2471 1922 2576 1961 non
2607 1907 2665 1960 ut
2686 1917 2828 1962 tuam
2861 1908 3017 1963 modo
3038 1909 3307 1964 confutem
3335 1911 3415 1964 in-

1846 1998 2076 2061 saniam,
2104 1981 2197 2052 sed
2221 1998 2382 2052 etiam
2417 1997 2684 2065 adjuvem,
2717 1999 2759 2052 si
2785 2013 2888 2068 qua
2917 2000 3128 2062 tandem
3164 2001 3286 2055 hinc
3313 2017 3420 2057 c03-

1845 2095 1987 2158 plsse
2021 2091 2154 2146 velis
2194 2089 2269 2143 tui
2318 2088 2665 2157 omniumque
2729 2089 3061 2144 conditorem
3094 2091 3418 2161 intelligere

1846 2179 2037 2236 Deum.
2059 2180 2137 2235 Tu
2161 2194 2289 2249 ergo
2312 2179 2511 2240 domus
2543 2178 2927 2234 teiificatorem
2962 2179 3191 2249 teipsum
3223 2180 3325 2246 ais,
3366 2191 3418 2236 et

1847 2272 2002 2342 plane
2021 2271 2241 2337 merito;
2262 2279 2419 2341 atque
2445 2265 2604 2341 hujus
2628 2272 2762 2326 artis
2784 2285 2906 2325 eum
2935 2271 3030 2326 tibi
3053 2286 3273 2326 causam
3297 2289 3418 2329 esse
3465 2318 3467 2320 .

1845 2362 2034 2418 fateris
2058 2379 2085 2417 a
2111 2378 2219 2434 quo
2249 2362 2485 2418 didicisti
2511 2380 2526 2428 ;
2552 2363 2752 2434 quippe
2768 2365 2856 2432 qui
2883 2379 2978 2418 nec
2999 2365 3202 2418 dudum
3231 2374 3413 2431 natus,

1849 2454 2068 2510 nonnisi
2102 2455 2310 2508 ﬁrmata
2342 2454 2450 2524 jam
2482 2461 2655 2517 astate,
2688 2455 2752 2508 ad
2794 2455 2894 2510 hoc
2919 2470 3015 2525 par
3053 2456 3314 2520 evaseris,
3342 2443 3417 2511 in-

1857 2555 2100 2602 structus
2140 2547 2348 2601 scilicet
2375 2547 2628 2603 omnibus
2654 2554 2861 2601 naturae
2884 2547 3099 2601 dotibus
3119 2557 3175 2600 ut
3206 2550 3415 2604 discere

1845 2654 2033 2708 posses
2069 2648 2121 2693 et
2145 2637 2413 2694 exerceri.
2456 2639 2708 2694 Attamen
2750 2653 2921 2708 neque
2955 2640 3173 2719 domum
3207 2642 3410 2695 asseris

1845 2747 1974 2788 casu
2008 2735 2292 2799 exsistere,
2327 2749 2448 2787 nam
2478 2734 2780 2788 mercedem
2819 2733 3062 2804 profecto
3099 2751 3161 2790 cx
3191 2751 3254 2788 ea
3301 2752 3409 2789 non

1844 2832 2158 2892 expeteres;
2185 2838 2359 2894 neque
2399 2821 2619 2878 fortuito
2650 2823 2744 2878 tibi
2780 2825 3018 2878 innatam
3044 2837 3238 2888 artem,
3273 2835 3410 2879 dum

1845 2913 1988 2978 enim
2022 2928 2126 2967 non
2158 2915 2440 2983 Oportebat
2492 2916 2803 2985 magistrum
2847 2917 2981 2971 adeo
3036 2918 3408 2986 frequentare,

1847 3019 2204 3074 nummosque
2230 3005 2496 3075 spondere
2519 3017 2573 3061 et
2624 3009 2854 3061 solvere.
2888 3007 3044 3061 Nunc
3060 3017 3237 3062 autem
3265 3011 3410 3076 quod

1844 3093 2020 3152 anima
2055 3102 2272 3149 constes
2302 3102 2355 3147 et
2377 3105 2801 3163 corpore,atque
2830 3105 2906 3149 tot
2933 3096 3207 3165 tantisque
3229 3101 3410 3153 anima

1842 3187 1912 3242 sit
1948 3188 2210 3242 instructa
2269 3189 2491 3252 viribus,
2524 3202 2719 3258 corpus
2765 3198 2945 3244 autem
2993 3197 3071 3244 tot
3127 3190 3409 3246 elementis

1841 3279 2218 3341 constitutum,
2246 3293 2365 3348 quae
2396 3295 2520 3333 cum
2571 3279 2797 3353 hujusce
2859 3280 3002 3334 circa
3059 3296 3157 3336 nos
3218 3283 3403 3337 mundi

1838 3367 2118 3437 principiis
2151 3369 2261 3424 fere
2302 3371 2631 3437 coalescunt,
2659 3373 2803 3442 quod
2859 3384 2967 3427 tam
3011 3374 3195 3429 multis
3256 3376 3400 3431 istud

1839 3458 2084 3526 partibus
2131 3469 2182 3513 et
2221 3459 2499 3529 particulis
2530 3467 2600 3514 sit
2644 3463 2959 3517 distinctum
2990 3465 3150 3518 simul
3181 3473 3236 3520 et
3268 3467 3406 3523 adu-

1835 3559 2045 3614 natum,
2078 3550 2348 3607 similibus
2407 3567 2469 3606 ac
2515 3552 2895 3619 dissimilibus,
2951 3538 3287 3628 internisq‘ue
3344 3570 3403 3617 et

1834 3641 2220 3708 apparentibus
2269 3643 2649 3712 compositum,
2686 3659 2806 3714 quae
2861 3645 3004 3701 inter
3055 3662 3115 3702 se
3171 3648 3402 3709 invicem

1813 3729 2043 3784 ratione
2077 3746 2251 3786 causa!
2282 3742 2334 3786 et
2357 3733 2582 3788 eﬂ‘ectus
2627 3737 2969 3800 ordinantur,
2999 3740 3143 3807 quod
3180 3740 3405 3811 insuper

1834 3820 2014 3873 anima
2041 3821 2239 3878 virtute
2269 3826 2438 3892 possit
2469 3831 2523 3880 et
2543 3825 2804 3895 sapientia
2831 3828 3038 3898 perﬁci,
3067 3833 3228 3886 modo
3255 3844 3402 3890 recte

1834 3924 2061 3980 corpore
2091 3922 2292 3982 utatur,
2323 3915 2406 3969 sin
2444 3917 2624 3971 minus
2656 3920 2723 3973 ab
2767 3923 3256 3999 utroquexdecidet
3288 3925 3400 3995 jam

1833 3999 1888 4054 in
1914 4005 2244 4059 contrarium
2288 4005 2621 4074 decessura;
2656 4020 2709 4062 et
2749 4023 2814 4064 ne
2846 4011 3019 4080 plura,
3046 4003 3191 4082 quod
3240 4016 3293 4068 in
3351 4027 3405 4072 te

1832 4090 1904 4146 sit
1928 4107 2182 4165 perquam
2217 4097 2397 4150 varius
2417 4098 2504 4152 ille
2524 4113 2587 4151 ac
2617 4103 3069 4168 stupendissimus
3099 4105 3394 4162 thesaurus

1831 4198 2006 4252 neque
2055 4185 2106 4238 in
2140 4195 2189 4239 te
2221 4200 2351 4252 uno,
2389 4187 2481 4241 sed
2533 4195 2587 4241 et
2639 4188 2781 4255 apud
2851 4192 3165 4264 innumeros
3199 4197 3399 4263 pariter

1830 4274 2069 4355 ejusdem
2102 4283 2309 4329 natura
2336 4275 2428 4329 tibi
2461 4278 2896 4356 comparticipes,
2926 4290 3053 4335 tune
3087 4285 3167 4337 vis
3205 4293 3394 4341 aucto-

165 4370 352 4434 ἁπλῶς
385 4372 558 4424 εἰπεῖν
594 4371 688 4424 τοῦ
723 4373 780 4425 ὲν
812 4372 894 4424 σοὶ
945 4371 1335 4426 ποικιλωτάτου
1371 4379 1464 4427 καὶ
1494 4379 1730 4447 παραδο-

1842 4380 1945 4419 rem
1970 4379 2091 4420 esse
2115 4366 2342 4433 nullum,
2381 4376 2545 4436 atque
2581 4383 2717 4437 opus
2745 4379 2950 4424 tantum
2985 4373 3091 4429 tuis
3115 4373 3273 4431 factis
3302 4377 3391 4433 de-

167 4459 393 4523 ξοτὰτου
434 4461 739 4530 χρήματος,
785 4461 894 4516 οὐδ’
933 4464 993 4516 έν
1025 4463 1104 4515 σοὶ
1144 4463 1330 4531 μόνον,
1363 4465 1498 4519 ἀλλὰ
1530 4467 1624 4520 καὶ
1670 4469 1731 4522 έν

166 4552 565 4621 ἀναριθμήτοις
610 4551 810 4621 ὁμοίως
861 4549 971 4615 τοῖς
1019 4553 1114 4623 τῆς
1141 4554 1314 4622 αὐτῆς
1367 4560 1730 4627 μετεσχηκόσι

167 4660 247 4696 σοι
276 4643 520 4713 φύσεως,
553 4645 628 4722 ού,
663 4643 836 4708 θέλεις
880 4641 1019 4698 εἰναι
1049 4647 1380 4716 δημιουργὸν
1431 4650 1524 4701 καὶ
1563 4651 1730 4722 χείρω

166 4734 308 4790 εἶναι
338 4735 592 4788 τοσοῦτον
635 4735 807 4800 θέλεις
835 4737 944 4789 τῶν
977 4737 1082 4789 σῶν
1114 4739 1472 4807 ποιημάτωνί
1509 4741 1618 4793 Καὶ
1662 4743 1727 4795 σὺ

170 4827 264 4894 μὲν
290 4824 361 4878 ἂν
389 4825 668 4894 οἰκοδόμος
699 4822 764 4897 ἧς
802 4827 896 4880 καὶ
928 4826 1191 4895 δεσπότης
1239 4827 1372 4896 ὁμοῦ
1402 4829 1502 4898 τῆς
1527 4829 1726 4897 οἰκίας,

165 4921 258 4989 οὐχ
286 4906 440 4980 ὅπως
482 4919 644 4987 μόνον
671 4919 879 4984 γένοιτο
920 4918 1018 4988 τὴν
1045 4919 1241 4988 ἀρχὴν,
1289 4917 1425 4972 ἀλλὰ
1455 4920 1547 4972 καὶ
1578 4921 1727 4984 ὅπως

166 5007 228 5062 ἂν
269 5010 586 5062 συνίσταιτο
636 5011 904 5081 προνοεῖς,
946 5010 1056 5061 τῶν
1084 5009 1221 5079 πρὸς
1251 5009 1406 5062 τοῦτο
1449 5012 1724 5080 φερόντων

168 5102 382 5154 πάντων
419 5098 836 5169 ἐπιμελόμενοςο
869 5099 962 5153 σοῦ
989 5100 1044 5152 δὲ
1073 5101 1167 5153 καὶ
1195 5101 1292 5170 τῆς
1324 5100 1422 5171 σῆς
1458 5098 1602 5172 ζωῆς
1629 5102 1723 5153 ούο

119 5207 126 5213 ·
166 5192 284 5245 δένιι
321 5191 504 5262 βούλει
533 5189 853 5262 φροντιστὴν
884 5183 1020 5244 εἶναι
1049 5194 1142 5243 καὶ
1170 5192 1440 5260 κηδεμόνα
1468 5207 1481 5221 ·
1514 5196 1606 5246 καὶ
1631 5196 1724 5246 άν-

166 5281 384 5350 θρώπου
423 5283 523 5353 μὲν
582 5283 675 5355 δέῃ
709 5285 844 5352 πρὸς
879 5282 1052 5348 ταῦτά
1102 5300 1253 5349 ποτε,
1294 5281 1352 5345 ὃς
1403 5282 1525 5337 οὐδὲ
1573 5284 1723 5354 αὐτῷ

173 5372 382 5426 Ξύναται
414 5372 630 5443 βοηθεῖν
653 5388 665 5402 ⁸
698 5372 789 5426 τοῦ
826 5373 882 5426 δὲ
921 5374 1085 5443 μόνου
1131 5372 1349 5443 βοηθεῖν
1383 5374 1599 5444 ἔχοντος
1629 5376 1722 5428 καὶ

169 5462 483 5534 βοηθοῦντος
510 5465 612 5517 ούκ
653 5464 863 5528 ἐπαϊεις
888 5467 978 5519 καὶ
1013 5465 1294 5534 βοηθοῦντι
1343 5483 1443 5534 πρε
1457 5466 1634 5536 σέχειν
1658 5467 1720 5520 οὐ

168 5553 336 5622 βούλει
368 5555 505 5626 μηδὲ
532 5555 692 5625 χάριν
728 5557 1008 5626 ὁμολογεῖν
1035 5557 1047 5610 !
1087 5557 1193 5620 Καὶ
1220 5557 1398 5610 οἰκέαν
1429 5558 1526 5626 μὲν
1560 5560 1720 5612 ἐπαι-

169 5647 268 5708 νεῖς
294 5647 372 5711 ὡς
396 5642 456 5700 εὖ
490 5646 861 5719 εἰργασμένην
890 5647 1153 5713 συντόνως
1185 5631 1421 5704 ὲίπαινῶν
1447 5649 1541 5702 τὸν
1567 5649 1718 5722 δεδη-

1840 4455 2006 4510 terius
2040 4458 2053 4510 l
2090 4455 2151 4508 Et
2203 4465 2254 4510 tu
2306 4457 2523 4524 quidem
2595 4458 2642 4512 si
2689 4457 2883 4514 domus
2938 4473 3177 4518 Structor
3234 4467 3399 4523 simul

1836 4547 2069 4602 exsistas
2097 4555 2152 4601 et
2183 4545 2460 4614 dominus,
2504 4563 2610 4602 non
2639 4548 2812 4604 solum
2841 4554 3112 4625 quomodo
3141 4557 3210 4610 sit
3241 4573 3401 4616 exse-

1835 4639 2325 4709 quenda‘provides
2359 4642 2424 4693 ab
2458 4642 2637 4707 initio,
2661 4642 2754 4697 sed
2789 4645 2952 4697 etiam
2987 4650 3262 4714 quomodo
3287 4652 3401 4708 dis.

1835 4731 2101 4799 ponenda,
2132 4738 2184 4785 et
2211 4732 2476 4801 quidquid
2494 4733 2643 4802 operi
2670 4734 2912 4787 conferat
2943 4737 3186 4791 nonnihil
3211 4753 3397 4796 curas.

1834 4819 1984 4882 Dete
2009 4837 2134 4875 vero
2157 4836 2218 4875 ac
2241 4822 2346 4875 vita
2376 4835 2465 4875 tua
2493 4824 2762 4878 neminem
2797 4839 2916 4878 esse
2945 4826 3100 4882 ducis
3131 4830 3220 4897 qui
3243 4827 3398 4886 cure"

1833 4923 1926 4967 aut
1961 4913 2200 4983 cogitet!
2265 4913 2373 4968 imo
2415 4915 2515 4968 hoc
2543 4915 2833 4984 aliquando
2867 4916 3138 4972 hominem
3179 4922 3392 4988 rogabis

1831 5003 1923 5076 qui
1942 5018 2006 5059 ne
2020 5004 2357 5076 sesequidem
2376 5006 2507 5062 valet
2528 5005 2798 5074 adjuvare,
2813 5018 2971 5078 atque
2986 5009 3157 5065 solum
3171 5027 3297 5068 veru
3312 5013 3398 5085 ju-

1829 5109 2044 5155 vantem
2066 5099 2392 5170 iuvandique
2409 5113 2655 5167 capacem
2672 5113 2780 5154 non
2815 5101 3021 5167 laudas,
3041 5119 3212 5173 neque
3228 5108 3388 5161 etiam

1825 5191 2032 5262 juvanti
2065 5192 2143 5246 vis
2170 5193 2444 5247 attendere
2470 5200 2560 5244 aut
2587 5192 2786 5258 gratias
2805 5191 3004 5248 referre
3028 5197 3039 5248 l
3067 5196 3144 5251 Ac
3171 5198 3387 5251 domum

1830 5285 2044 5354 quidem
2074 5285 2281 5339 'laudas
2345 5292 2404 5338 ut
2453 5283 2654 5340 aliabre
2704 5284 2900 5340 factam
2952 5296 3387 5357 structoremque

1827 5372 2160 5427 incessanter
2205 5372 2467 5442 praedicas
2498 5389 2514 5439 ;
2548 5388 2667 5444 quae
2691 5385 2870 5430 autem
2899 5376 2953 5429 in
2983 5386 3035 5430 te
3060 5385 3142 5431 est
3166 5387 3387 5445 stupen-

1827 5464 1950 5518 dam
1982 5463 2124 5517 hanc
2171 5473 2223 5517 et
2264 5463 2517 5518 eximiam
2581 5465 3001 5521 architecturam
3053 5467 3383 5522 debonesta‘s

1825 5555 1981 5624 cujus
2017 5566 2121 5609 tam
2153 5563 2402 5624 proterve
2448 5564 2768 5612 structorem
2820 5558 3092 5627 abneg’as!
3153 5573 3386 5625 eumque

1827 5657 2155 5704 asserentem
2192 5647 2489 5720 quamlibet
2512 5663 2642 5706 casu
2673 5659 2923 5708 constare
2963 5651 3182 5706 domum
3237 5658 3382 5705 tuam
