3986 6328
572 239 678 306 583

1658 216 2034 306 GENNADII
2067 214 2176 278 CP.
2218 207 2733 276 PATRIARCH/E

3710 199 3801 263 584

561 352 725 427 Judaei
753 352 939 419 utpote
968 301 1226 400 divinitus
1275 334 1529 392 traditam
1597 330 1846 385 absdlute
1907 304 2130 398 comple-

2245 330 2379 382 δαῐοι
2415 327 2524 399 γὰρ
2571 322 2827 389 καθάπαξ
2869 319 3036 389 αὐτῆς
3084 315 3430 389 περιέχονται
3463 311 3541 373 ώς
3575 311 3640 364 ἐκ
3675 311 3795 366 Θεοῦ

463 486 466 491 -
561 419 810 508 etnntur,
833 439 959 492 licet
976 449 1093 491 eam
1122 431 1187 486 de
1216 427 1393 482 divina
1417 423 1822 493 dispensatione
1843 428 1936 474 aut
1964 419 2134 472 simu-

568 537 678 593 late
709 530 861 588 surdi
891 531 999 582 aut‘
1019 533 1269 595 perverse
1305 513 1646 591 interpretati
1681 510 2126 584 praetermittam,

569 624 730 684 nobis
749 626 813 679 ad
847 635 1083 693 praesens
1115 615 1312 672 suﬂieit
1341 621 1401 666 ut
1425 627 1491 667 ex
1521 609 1687 665 Mosis
1707 609 1950 664 doctrina
1974 602 2131 674 quasi

571 714 633 775 ei
657 717 1006 772 fundamento
1032 705 1287 762 omnibus
1318 701 1768 757 communissimo
1814 698 1915 752 Dei
1944 695 2130 750 Trini-

566 814 735 864 tatem
791 805 898 859 illis
932 803 1380 855 demonstremus
1435 794 1527 865 qui
1565 800 1753 848 contra
1813 803 1911 842 nos
1948 787 2012 840 de
2037 783 2129 839 illa

571 900 870 968 disputant.
909 893 1082 944 Porro
1140 902 1248 941 non
1307 884 1537 954 publicis
1584 888 1791 936 tantum
1857 877 2131 943 discepta-

568 990 829 1049 tionibus,
857 983 954 1039 sed
988 991 1040 1035 et
1098 979 1252 1034 libris
1303 977 1528 1046 integris
1583 976 1719 1027 lianc
1755 971 1873 1024 lldei
1930 977 2132 1022 nostrae

566 1080 925 1138 clarissimam
975 1072 1263 1128 veritatem
1327 1062 1862 1137 explanavi.'Uuum
1924 1060 2129 1129 itaque,

571 1172 713 1244 quod
743 1184 887 1224 nunc
923 1177 1025 1229 est,
1064 1167 1229 1235 idque
1256 1180 1320 1218 ex
1353 1164 1465 1232 ipso
1497 1161 1661 1239 Hosis
1713 1173 1805 1213 ore
1839 1157 1945 1212 illis
1972 1155 2130 1210 addi-

566 1277 677 1322 tum
733 1263 874 1318 volo.
918 1260 1164 1329 Superne
1221 1257 1428 1313 scilicet
1458 1253 1695 1318 alii-atus,
1751 1250 1929 1305 Moses
1958 1248 2128 1304 Deum

564 1355 790 1421 inducit,
827 1367 948 1405 cum
980 1353 1296 1405 universum
1330 1347 1475 1421 nunc
1511 1343 1770 1398 mundum
1816 1343 1889 1396 ita
1941 1339 2129 1408 dispoo

567 1449 673 1505 site
708 1454 919 1501 crearet
948 1459 1010 1498 ac
1042 1414 1415 1503 distribueret,
1447 1438 1511 1490 ad
1560 1435 1912 1504 semetipsum
1945 1433 2130 1488 dicen-

563 1551 700 1594 tem:
740 1536 1027 1591 Faciamus
1059 1534 1313 1587 hominem
1343 1533 1410 1584 ad
1460 1528 1749 1598 imaginem
1785 1535 1834 1580 et
1878 1524 2129 1579 similitu-

560 1632 736 1685 dinem
767 1638 1022 1681 nostram.
1057 1624 1116 1678 Si
1164 1636 1314 1692 ergo,
1351 1620 1601 1690 ipsismet
1654 1615 1975 1679 fatentibus,
2028 1628 2124 1668 ve—

561 1739 658 1775 rax
688 1707 780 1775 est
815 1719 1016 1781 Moses,
1047 1717 1094 1771 si
1134 1715 1296 1779 Deus,
1319 1712 1561 1767 omnium
1597 1725 1886 1773 consensu,
1920 1707 1983 1760 ad
2015 1708 2123 1761 sei-

557 1830 716 1883 pSttm
750 1813 820 1865 ita
858 1812 1072 1864 loeutus
1092 1820 1171 1861 est
1196 1813 1247 1858 et
1276 1805 1455 1859 divina
1485 1812 1614 1858 sunt
1643 1804 1755 1856 haec
1788 1801 1972 1865 verba,
2006 1809 2121 1852 tum

559 1904 854 1959 manifesto
881 1901 1037 1955 nobis
1065 1899 1240 1953 evillo
1271 1911 1522 1951 sermone
1548 1903 1691 1966 patet
1707 1902 1758 1946 et
1792 1907 1958 1946 unum
1991 1905 2111 1945 esse

560 1996 763 2062 Deum;
798 1993 872 2047 ait
892 1992 1058 2054 enim,
1086 1989 1232 2044 Dixit
1257 1989 1437 2053 Deus;
1466 1996 1516 2040 et
1537 1985 1897 2055 pluralitatem
1927 1997 2120 2052 quam-

557 2090 681 2145 dam
711 2101 772 2142 ac
794 2100 1079 2140 numerum
1109 2082 1160 2134 in
1191 2082 1299 2135 Deo
1325 2080 1596 2150 dignosci,
1626 2093 1771 2142 nam,
1817 2075 2120 2140 Faciamus,

497 2246 501 2249 ι
561 2178 740 2248 inquit
790 2175 1012 2232 sibimet
1061 2173 1244 2236 Deus,
1283 2173 1438 2240 quasi
1493 2170 1800 2238 multiplex,
1841 2175 1962 2219 utut
2031 2165 2123 2229 sit,

563 2276 615 2328 in
642 2273 939 2342 semetipso
977 2268 1250 2325 exsistens
1277 2283 1292 2329 ;
1323 2273 1377 2321 et
1402 2266 1555 2335 juxta
1589 2263 1880 2333 imaginem
1909 2260 2001 2315 Dei
2028 2261 2124 2314 lio-

532 2365 536 2379 '
562 2367 759 2427 minem
785 2363 984 2418 factum
1011 2375 1132 2415 esse
1161 2369 1214 2414 et
1238 2368 1508 2422 constare,
1546 2355 1815 2426 siquidem
1843 2351 1956 2406 :Ad
1987 2354 2124 2406 ima-

560 2460 730 2529 ginem
759 2464 1014 2516 nostram,
1047 2453 1140 2506 ait.
1177 2451 1242 2504 Et
1274 2464 1458 2504 revera
1485 2464 1707 2518 prorsus
1734 2432 1978 2518 apposite
2002 2447 2121 2501 dic--

562 2562 675 2604 tum
715 2547 882 2612 istud,
912 2562 1018 2600 non
1053 2559 1116 2598 eo
1145 2545 1320 2599 solum
1354 2542 1498 2612 quod
1545 2542 1713 2596 libero
1755 2541 1982 2595 arbitrio
2011 2548 2127 2594 erat

561 2639 912 2695 honorandus
946 2639 1128 2700 homo,
1163 2636 1302 2688 unde
1335 2643 1387 2688 et
1419 2649 1599 2688 rerum
1653 2634 1892 2688 omnium
1921 2631 2122 2688 condi-

564 2745 740 2790 tarum
780 2733 998 2786 futurus
1033 2737 1150 2783 erat
1182 2717 1436 2782 dominus
1462 2736 1515 2781 et
1548 2729 1809 2780 continuo
1843 2725 2127 2793 proximus

562 2822 853 2896 a‘Deo,sed
888 2821 1050 2875 etiam
1076 2819 1219 2888 quod
1245 2816 1482 2882 divinam
1513 2817 1769 2870 unitatem
1812 2829 1876 2868 ac
1908 2815 2131 2884 plurali-

2233 419 2544 487 δεδομένης,
2575 420 2622 470 εί
2645 417 2738 470 καὶ
2760 408 2827 469 τᾶ
2853 411 3099 483 περὶτῆς
3119 411 3265 472 θείας
3290 404 3609 474 οίκονομίας
3631 404 3792 456 ὲθελο-
3817 473 3823 486 κ

2233 481 2543 578 κωφὸῦντες
2576 507 2746 577 αὐτὴν
2773 481 3210 573 παρατρέχουσιν
3235 499 3268 569 ἦ
3302 495 3646 565 διαστρόφως
3671 510 3790 563 παρ·
3813 481 3819 493 ”

2234 599 2676 674 ερμηνεύοντες),
2706 597 2867 668 ἀρκεῖ
2901 597 2994 648 καὶ
3023 594 3152 664 ἡμῖν
3181 591 3276 645 νῦν
3304 591 3392 644 διὰ
3415 586 3590 641 ταῦτα
3618 587 3678 638 ὲκ
3705 586 3788 655 τῆς

2233 695 2476 755 Μωσέως
2506 689 2849 751 διδασκαλίας
2875 686 2949 750 ώς
2973 684 3294 752 κοινοτάτης
3316 683 3482 735 πᾶσιν
3512 678 3682 748 ἀρχῆς
3702 679 3785 746 τὴν

2233 788 2292 841 ὲν
2313 787 2389 858 τῷ
2420 787 2538 854 Θεῷ
2554 784 2744 851 δεῖξαι,
2764 780 2972 852 Τριᾶδα
2995 779 3105 841 τοῖς
3129 779 3256 847 περὶ
3275 776 3477 844 ταύτης
3501 775 3632 842 πρὸς
3655 771 3783 840 ἡμᾶς

2233 876 2756 949 διαμφισϐητοῦσιν·
2793 876 2884 926 καὶ
2923 870 3149 944 βιϐλίοις
3201 867 3298 936 μὲν
3351 868 3512 928 ὅλοις,
3547 865 3606 916 οὑ
3645 863 3783 931 μόνον

2231 974 2498 1040 διαλέξεσι
2520 971 2810 1041 δημοσίαις
2842 967 2976 1036 πρὸς
3013 962 3306 1031 ἑκατέρους
3334 959 3434 1029 τὴν
3479 955 3781 1027 λαμπροτά-

2231 1085 2332 1136 την
2357 1065 2616 1135 ἀλήθειαν
2645 1064 2744 1131 τῆς
2779 1062 2908 1133 παρ’
2940 1063 3073 1132 ἡμῖν
3099 1122 3104 1126 ε
3126 1056 3498 1130 ἱστορήκαμεν
3545 1053 3779 1110 πίστεως.

2201 1201 2205 1205 -
2231 1160 2346 1213 Νῦν
2373 1160 2417 1213 δ’
2445 1159 2503 1212 ἓν
2525 1175 2586 1212 τι
2617 1159 2713 1211 κα).
2745 1159 2809 1210 ὲκ
2845 1159 2972 1227 μιᾶς
2998 1156 3089 1210 τοῦ
3124 1153 3368 1213 Μωσέως
3402 1149 3588 1218 φωνῆς
3621 1147 3782 1204 αὐτοῖς

2232 1254 2642 1326 προθησόμεθα.
2696 1253 2755 1306 '0
2787 1253 2967 1305 τοίνυν
3001 1249 3180 1313 ἔνθεος
3213 1246 3416 1316 Μωσῆς
3465 1245 3672 1311 εἰσάγει
3705 1243 3781 1294 τὸν

2231 1349 2362 1402 Θεὸν
2424 1349 2479 1400 ὲν
2527 1346 2606 1416 τῷ
2655 1346 2714 1398 τὸ
2763 1344 2987 1413 σύμπαν
3036 1349 3154 1398 τοδε
3215 1339 3686 1410 διανενεμημὲνως
3729 1351 3780 1388 τι

2228 1441 2614 1513 δημιοουργεῖν
2660 1439 2755 1492 καὶ
2808 1439 3082 1502 εὐτάκτως
3130 1437 3264 1507 πρὸς
3312 1433 3503 1488 ἑαυτὸν
3553 1430 3778 1496 λέγοντα,

2229 1531 2582 1600 Ποιήσωμεν
2615 1530 2931 1598 ἄνθρωπον
2969 1528 3096 1582 κατ’
3139 1530 3345 1582 είκόνα
3377 1521 3672 1592 ἡμετέραν
3699 1517 3783 1575 καί

2230 1613 2361 1681 θέσθ’
2400 1625 2708 1695 ὁμοίωσιν.
2745 1625 2808 1677 Ei
2843 1623 3024 1676 τοίνυν
3074 1616 3281 1691 ἀληθής
3323 1624 3440 1674 ἐστι
3473 1618 3677 1686 Μωσῆς
3705 1616 3784 1671 καὶ

2228 1722 2352 1774 κατ’
2381 1721 2582 1784 αὐτοὺς
2634 1722 2725 1775 καὶ
2767 1721 2897 1783 Θεὸς
2927 1719 3099 1782 οὕτως
3147 1713 3298 1770 εἶπεν
3349 1713 3782 1783 όμολογιυμένως

2227 1813 2363 1883 πρὸς
2391 1813 2580 1866 ἑαυτὸν
2600 1813 2704 1866 ’καὶ
2738 1811 2880 1875 θεῖος
2907 1811 3083 1865 ταῦτα
3109 1808 3266 1876 λόγος
3296 1809 3470 1867 ἐστὶν,
3514 1809 3704 1873 ἔχομεν
3733 1804 3786 1871 δὴ

2184 1899 2195 1920 ”
2225 1907 2291 1960 ὲκ
2321 1907 2415 1960 τοῦ
2445 1907 2601 1974 λόγου
2655 1904 2846 1959 τούτου
2895 1901 3198 1973 προδήλως,
3237 1901 3320 1953 ὅτι
3371 1915 3427 1951 τε
3467 1892 3547 1961 εἷς
3588 1898 3727 1950 ἐστιν
3763 1895 3784 1945 6

2229 1998 2358 2061 Θεὸς
2394 1994 2563 2066 (Εἷπε
2587 1997 2714 2067 γὰρ,
2751 1995 2938 2066 φησιν.
2969 1997 3000 2048 ὁ
3030 1993 3218 2059 Θεὸς),
3257 1992 3349 2044 καὶ
3381 1991 3465 2045 ὅτι
3506 1989 3705 2056 πλῆθός
3741 2004 3784 2038 τι
3827 2039 3830 2043 ,

2229 2091 2323 2144 καὶ
2353 2089 2588 2159 ἀριθμός
2621 2106 2700 2151 τις
2732 2089 2789 2142 ἐν
2823 2088 2900 2155 τῷ
2930 2087 3008 2142 ἐν)
3039 2087 3242 2138 νοεῖται
3265 2082 3386 2152 Θεῷ
3427 2080 3786 2150 (Ποιήσωμεν

2227 2182 2360 2251 γὰρ,
2391 2181 2495 2251 ἔφη
2529 2181 2665 2246 πρὸς
2706 2179 2894 2233 ἑαυτὸν
2925 2181 2950 2230 ό
2978 2177 3108 2240 Θεὸς
3139 2176 3212 2238 ὠς
3243 2175 3306 2245 δὴ
3345 2174 3533 2244 τρόπῳ
3574 2177 3678 2227 τιν).
3706 2172 3786 2223 καὶ

2233 2272 2470 2342 πλήθους
2512 2274 2567 2323 ἐν
2618 2269 2798 2339 ἐαυτῷ
2835 2265 3180 2338 μετέχοντα),
3211 2267 3301 2319 καὶ
3342 2267 3422 2319 ὅτι
3455 2264 3579 2316 κατ’
3621 2261 3787 2317 εἰκόνα

2229 2362 2362 2416 Θεοῦ
2397 2362 2615 2431 γέγονεν
2647 2360 2931 2430 ἄνθρωπος
2957 2361 3047 2411 καὶ
3084 2359 3198 2410 ἔστι
3229 2354 3392 2429 (Κατ’
3435 2354 3642 2408 εἰκόνα
3670 2352 3784 2421 γὰρ,

2231 2456 2415 2524 φησὶν,
2446 2453 2785 2522 ἡμετέραν),
2829 2453 2922 2505 κα).
2969 2451 3204 2518 εὐλόγως
3250 2448 3391 2504 πάνυ
3439 2447 3566 2501 κατ’
3613 2444 3785 2498 εἰκόνα

2231 2547 2383 2601 θείαν
2417 2546 2609 2613 ἔμελλε
2650 2544 2918 2612 γίνεσθαι,
2953 2542 3012 2595 οὐ
3067 2542 3225 2612 μόνον
3258 2540 3332 2603 ώς
3362 2535 3787 2602 αὑτεξουσιότητι

2230 2639 2687 2709 τιμηθησόμενος,
2726 2636 2794 2688 δι’
2834 2637 2900 2705 ἦν
2955 2635 3050 2688 καὶ
3094 2634 3204 2687 τῶν
3256 2619 3532 2701 γεννητῶν
3587 2629 3786 2682 πάντων

2232 2732 2415 2800 ἄρχων
2443 2731 2592 2784 ἔσται
2626 2730 2722 2780 καὶ
2768 2727 2922 2790 τέλος
2972 2726 3112 2790 μετὰ
3147 2726 3305 2790 Θεὸν,
3350 2723 3488 2778 ἀλλὰ
3513 2723 3578 2795 δὴ
3609 2723 3699 2776 καὶ
3723 2721 3785 2783 ὡς

2229 2823 2328 2890 τῆς
2361 2823 2509 2882 θείας
2537 2822 2783 2890 ἑνότητός
2812 2820 2904 2872 καὶ
2931 2819 3027 2872 τοῦ
3055 2821 3112 2871 ὲν
3142 2818 3281 2889 αὐτῇ
3320 2818 3532 2888 μέλλων
3566 2813 3784 2886 ἀριθμοῦ

575 2925 740 2972 tatem
768 2922 918 2968 esset
945 2912 1386 2981 participaturus.
1413 2907 1524 2960 lino
1550 2906 1674 2960 hinc
1689 2906 1920 2977 quodam
1956 2905 2123 2980 modo

2234 2889 2503 2981 μετέχειν,
2556 2910 2718 2963 Ὅθεν
2761 2910 2826 2981 δὴ
2876 2911 2969 2962 καὶ
3013 2909 3272 2978 μετέσχεν
3321 2907 3588 2979 ἀμηγέπη
3637 2902 3710 2970 εἷς
3734 2922 3785 2958 τι

533 3007 838 3077 qrarticcps
910 3002 1156 3066 elfectns,
1218 3013 1337 3051 cum
1394 3006 1447 3050 et
1483 3011 1624 3050 unus
1667 2995 1736 3050 sit
1769 3004 1819 3048 et
1848 2993 2125 3063 pluribus,

565 3098 740 3167 quoad
773 3098 1032 3159 animam,
1059 3089 1407 3146 facultatibus
1427 3089 1657 3142 coalcat.
1687 3087 1841 3142 Hunc
1873 3087 2121 3141 divinum

563 3186 971 3264 numerum-ille
996 3184 1151 3239 nobis
1190 3183 1453 3236 reseravit
1497 3195 1657 3248 quem
1687 3190 1976 3234 venturum
2006 3178 2118 3231 Mo-

561 3293 648 3331 ses
681 3274 1102 3346 prOpbetavcrat
1167 3270 1350 3325 Jesus.
1391 3268 1758 3334 Quamobrem
1808 3278 1860 3322 et
1906 3267 1970 3321 ad
2029 3281 2129 3320 no-

564 3352 732 3420 Strum
767 3374 1014 3418 eaeteram
1051 3361 1432 3431 perfectionem
1471 3360 1763 3414 adveniens
1822 3359 2129 3422 iterumque

564 3451 828 3512 venturus
857 3454 1024 3508 multo
1056 3460 1177 3506 ante
1205 3451 1587 3520 pronuntiatus
1619 3450 1790 3504 edixit
1848 3449 2129 3516 baptizan-

469 3538 473 3540 ’
565 3548 663 3602 dus
713 3562 807 3602 eos
835 3546 924 3615 qui
959 3538 1287 3598 crediderint
1318 3543 1370 3596 in
1403 3544 1624 3596 nomine
1658 3540 1851 3606 Patris,
1888 3551 1941 3595 et
1975 3537 2124 3603 Filii,

566 3647 621 3693 et
649 3640 883 3707 Spiritus
917 3637 1110 3702 sancti,
1132 3635 1352 3705 quibus,
1385 3636 1485 3688 etsi
1519 3644 1628 3687 tres
1652 3634 1761 3688 sint
1783 3673 1796 3697 ,
1842 3646 2010 3685 unum
2039 3644 2132 3683 no-

571 3733 692 3786 men
724 3736 893 3784 estet
945 3728 999 3780 in
1044 3725 1322 3782 communi
1386 3726 1645 3793 competit
1705 3739 1864 3776 unam
1931 3722 2132 3776 habere

569 3822 825 3885 deitatem
865 3829 919 3875 et
952 3833 1119 3873 unum
1151 3815 1319 3869 Deum
1354 3815 1458 3868 tria
1489 3816 1588 3867 hoc
1608 3828 1748 3868 esse.
1784 3812 1924 3881 Quin
1959 3812 2124 3866 etiam

570 3917 886 3985 priusquam
919 3910 1160 3964 venisset
1194 3906 1376 3969 Jesus,
1401 3903 1567 3958 David
1595 3907 1735 3958 hanc
1766 3903 1818 3955 in
1855 3903 1963 3956 Deo
2009 3901 2134 3957 Tri-

569 4005 788 4058 nitatem
877 3999 1142 4070 pellucide
1187 3997 1562 4051 declaraverat
1613 4012 1627 4051 :
1697 3994 1861 4049 Verbo
1896 3994 2132 4062 Domini,

569 4098 843 4164 inquiens,
875 4092 988 4147 coeli
1015 4089 1216 4158 ﬁrmati
1252 4097 1375 4143 sunt
1410 4099 1457 4142 et
1488 4087 1690 4153 Spiritu
1742 4090 1846 4140 oris
1879 4086 1992 4151 eius
2027 4103 2134 4139 om-

2232 3005 2307 3058 ὢν
2369 3005 2464 3057 καὶ
2522 3005 2586 3057 ὲκ
2635 3003 2898 3057 πλειόνων
2950 3004 3049 3074 τὴν
3113 3001 3294 3071 ψυχὴν
3356 3001 3784 3069 συνηρμοσμένσς

2231 3096 2509 3166 δυνάμεων
2537 3111 2548 3123 ·
2580 3093 2768 3147 τοῦτον
2806 3093 2897 3145 τὸν
2934 3092 3074 3146 θεῖον
3122 3091 3351 3160 ἀριθμὸν
3385 3091 3412 3142 ὁ
3457 3092 3521 3142 ὲκ
3562 3090 3783 3149 Μωσέως

2229 3186 2379 3258 ἥξειν
2411 3184 2806 3256 προφητευθεὶς
2845 3181 3048 3252 Ἰησοῦς
3075 3181 3233 3252 ἡμῶν
3274 3180 3542 3247 ἀνέπτυξε
3566 3197 3580 3210 ’
3611 3180 3781 3232 τούτου

2231 3282 2390 3351 χάριν
2421 3281 2516 3333 καὶ
2565 3278 2662 3347 τῆς
2706 3275 2872 3344 ἄλλης
2921 3273 3080 3347 ἡμῶν
3114 3273 3450 3343 βελτιώσεως
3499 3273 3783 3340 ἀφιγμένος

2231 3390 2289 3426 τε
2341 3371 2455 3425 ἀλλ’
2518 3369 2669 3439 ἥξειν
2744 3366 3027 3437 πόρρωθεν
3097 3364 3650 3434 προκατηγγελμένος
3703 3363 3782 3416 καὶ

2234 3461 2586 3531 βαπτίζεσθαι
2623 3460 2732 3512 δεῖν
2755 3457 2858 3525 ἔφη
2892 3456 3245 3517 πιστεύοντας
3280 3458 3359 3518 είς
3413 3455 3474 3508 τὸ
3502 3457 3670 3523 όνομα
3700 3451 3781 3506 τοῦ

2235 3552 2472 3621 Πατρὸς;
2500 3553 2592 3604 καὶ
2620 3548 2716 3602 τοῦ
2743 3545 2899 3614 Υίοῦ,
2924 3549 3016 3600 καὶ
3042 3547 3134 3600 τοῦ
3160 3550 3318 3616 ἁγίου
3353 3548 3683 3616 Πνεύματος,
3714 3541 3781 3606 οἷς

2232 3643 2412 3713 τρισὶν
2458 3636 2610 3696 οὖσιν
2657 3639 2716 3695 ἓν
2746 3640 2916 3709 ὄνομα
2963 3640 3057 3692 κα)⁵
3089 3641 3267 3693 κοινόν
3295 3641 3441 3692 ἐστιν
3473 3641 3506 3710 ἡ
3559 3642 3654 3708 μία
3683 3639 3782 3691 056-

2232 3751 2330 3805 της
2366 3734 2459 3786 κα).
2486 3733 2546 3786 τὸ
2575 3732 2707 3793 Θεὸν
2732 3732 2826 3786 ἕνα
2855 3732 2924 3784 τὰ
2953 3731 3078 3800 τρία
3124 3729 3278 3784 ταῦτ’
3312 3728 3476 3784 εἶναι.
3519 3729 3671 3784 Ἀλλὰ
3702 3727 3781 3781 καὶ

2235 3826 2362 3892 πρὶν
2410 3824 2565 3892 ἥκειν
2619 3824 2714 3875 τὸν
2753 3820 2960 3890 Ἰησοῦν
3005 3822 3034 3873 ό
3077 3821 3242 3872 Δα6“ιδ
3290 3822 3392 3888 τὴν
3445 3821 3505 3871 ὲν
3555 3821 3630 3887 τῷ
3676 3816 3778 3884 Θεῴ

2235 3915 2440 3986 Τριάδα
2491 3914 2694 3981 ταύτην
2742 3912 2930 3981 ἐδήλου
2982 3910 3178 3977 καλῶς,
3237 3909 3325 3974 Τῷ
3371 3911 3533 3976 λόγῳ
3583 3908 3779 3975 Κυρίου

2226 4013 2290 4064 οἱ
2332 4007 2577 4076 οὐρανοὶ
2617 4005 3088 4073 ἐστερεώθησαν,
3137 4002 3332 4071 λέγων,
3368 4003 3467 4056 καὶ
3507 4001 3585 4067 τῷ
3616 3999 3781 4054 Πνεύ-

2234 4118 2374 4171 ματι
2397 4099 2502 4152 τοῦ
2526 4099 2821 4166 στόματος
2843 4096 3028 4150 αὐτοῦ
3053 4094 3220 4149 πᾶσα
3246 4094 3283 4160 ἠ
3308 4094 3564 4163 δύναμις
3583 4091 3782 4152 αὐτῶν,

573 4172 656 4244 nis
687 4189 852 4240 virtus
900 4199 1102 4238 eorum.
1157 4181 1323 4249 Atqui
1375 4194 1471 4234 nec
1520 4180 1711 4234 Davidi
1758 4179 2130 4232 contradicere

2235 4169 2546 4258 αντιλέγειν
2583 4190 2637 4242 δὲ
2671 4190 2792 4242 οὐδὲ
2830 4187 2906 4256 τῷ
2952 4187 3121 4240 Δαϐἱδ
3149 4187 3368 4255 ἔχουσιν
3401 4188 3450 4238 οἱ
3488 4169 3621 4257 πρὸξ

575 4282 810 4335 audeant
843 4273 1140 4330 adversarii
1180 4272 1372 4326 nostri.
1401 4271 1480 4324 ita
1513 4281 1566 4324 et
1605 4286 1670 4325 ex
1714 4270 1941 4339 reliquis
2001 4284 2130 4338 pro-

573 4371 751 4444 plietis
783 4371 948 4433 idem,
972 4364 1038 4418 de
1075 4378 1183 4433 quo
1222 4377 1388 4428 nunc,
1419 4359 1610 4431 dogma
1657 4362 1951 4431 colligitur,
1984 4360 2133 4430 quod

559 4481 696 4540 .cuni
729 4465 968 4532 ipsorum
994 4458 1058 4511 de
1083 4453 1262 4509 divina
1313 4453 1716 4524 dispensatione
1747 4455 2019 4524 praedictis
2047 4469 2138 4523 ap-

575 4558 750 4630 prime
803 4561 1093 4608 consonat.

646 4648 919 4709 Attamen,
962 4657 1270 4712 quanquam
1300 4641 1458 4696 modo
1489 4639 1724 4709 praernisi
1761 4639 2036 4693 hominem
2073 4640 2141 4693 ad

533 4771 537 4775 -
579 4737 868 4805 imaginem
899 4733 990 4788 Dei
1027 4732 1323 4801 factum,:id
1351 4747 1456 4786 non
1489 4747 1554 4785 ex
1608 4731 1749 4786 Mose
1780 4731 1959 4800 potius
1991 4740 2044 4784 et
2075 4745 2144 4784 ex

578 4845 642 4886 eo
673 4829 817 4898 quod
883 4827 1192 4894 loquentem
1250 4826 1410 4878 Deum
1472 4823 1700 4887 inducit,
1733 4838 1895 4893 quam
1932 4837 1994 4876 ex
2029 4823 2143 4892 ipsa

579 4922 724 4977 circa
788 4918 1061 5004 hominem
1105 4916 1341 4970 evidenti
1403 4917 1632 4971 veritate
1664 4931 1726 4970 ac
1779 4917 1896 4970 sola
1931 4915 2143 4970 ratione

583 5023 729 5068 stare
752 5022 911 5078 posse
941 5005 1272 5062 monstrabo.
1303 5005 1784 5075 Profectoquidem
1811 5021 1946 5077 opus
1969 5006 2137 5078 quod-

581 5102 711 5156 libet
744 5095 1041 5152 intellectui
1075 5098 1316 5166 operanti
1351 5098 1528 5168 aliqua
1556 5098 1729 5153 simile
1755 5107 1836 5154 est
1863 5114 1878 5164 ;
1910 5098 1966 5152 ﬁt
1994 5097 2138 5151 enim

583 5190 730 5260 juxta
797 5187 1032 5258 speciem
1093 5185 1144 5237 in
1180 5187 1449 5240 intellectu
1501 5186 1725 5242 factoris
1788 5188 2056 5253 incusam,
2088 5193 2144 5239 et

585 5278 960 5343 immaterialis
982 5291 1102 5348 quae
1144 5277 1270 5330 huic
1301 5277 1442 5332 inest
1479 5278 1661 5347 Operis
1693 5279 1870 5349 imago
1903 5293 2147 5333 commu-

463 5361 483 5367 ’
587 5369 802 5422 nicatur
862 5365 1102 5421 materiae
1153 5365 1315 5421 modo
1346 5366 1444 5434 ipsi
1494 5368 1928 5435 proprio;‘unde
1967 5367 2148 5422 tenuis

590 5457 888 5512 similitudo
911 5465 1014 5511 est.
1039 5454 1173 5509 Nam
1197 5454 1343 5508 sicut
1361 5470 1424 5508 ex
1458 5457 2001 5527 vestigiisqirominem
2024 5473 2148 5512 esse

593 5548 842 5602 novimus
882 5546 974 5618 qui
1011 5545 1260 5610 incessit,
1283 5545 1352 5599 ita
1393 5546 1611 5600 domum
1647 5549 1826 5601 intuiti
1862 5549 2003 5607 illam
2038 5549 2148 5603 sci-

595 5652 715 5695 mus
758 5654 891 5710 opus
924 5653 1044 5698 esse
1072 5629 1424 5704 cremeiitarii,
1478 5651 1692 5708 unaque
1722 5639 2006 5696 structoris
2054 5639 2149 5694 ba-

2243 4282 2598 4350 διιστάμενοι.
2621 4279 2732 4333 Καὶ
2758 4281 2822 4332 ὲκ
2853 4278 2957 4331 τῶν
2985 4278 3160 4332 ἄλλων
3183 4279 3244 4332 δὲ
3275 4279 3574 4350 προφητῶν
3602 4279 3654 4331 τὸ
3673 4276 3782 4345 περὶ

2242 4374 2342 4443 τῆς
2389 4374 2446 4425 ὲν
2483 4373 2558 4440 τῷ
2601 4372 2718 4440 Θεῷ
2767 4369 2995 4440 Τριὰδος
3050 4369 3227 4431 καλῶς
3270 4369 3582 4438 ἀθροίζεται
3630 4370 3782 4435 δόγμα

2245 4467 2363 4527 ταῖς
2399 4465 2523 4532 περὶ
2553 4465 2647 4532 τῆς
2687 4462 2837 4521 θείας
2883 4462 3191 4532 οἰκονομίας
3222 4460 3597 4532 προρρήσεσιν
3626 4464 3780 4516 αὐτῶν

2244 4557 2458 4618 οίκείως
2488 4556 2937 4624 ὲναρμοξόμενον.

2332 4649 2489 4703 Ἀλλὰ
2536 4649 2632 4702 νῦν
2677 4650 2736 4700 τὸ
2777 4646 3118 4717 ἀνθρώπειον
3149 4649 3586 4716 προστησάμενοι
3618 4647 3779 4716 χρῆμα

2244 4743 2364 4796 κατ’
2399 4742 2582 4794 εἰκόνα
2613 4740 2778 4795 ,θείαν
2829 4740 3244 4808 γεγεννημένον,
3301 4741 3409 4791 οὐδ’
3445 4741 3511 4793 ὲκ
3561 4740 3650 4792 τοῦ
3679 4739 3781 4792 Μω-

2247 4836 2381 4897 σέως
2414 4834 2634 4904 μᾶλλον,
2671 4832 2765 4887 καὶ
2803 4831 2862 4885 ὃν
2910 4831 3098 4898 ὲσάγει
3130 4832 3355 4898 λέγοντα
3398 4831 3559 4886 τοῦτο
3587 4832 3725 4896 Θεὸν,
3753 4831 3779 4900 ᾖ

2245 4930 2310 4980 ἐκ
2341 4928 2436 4996 τῆς
2487 4926 2816 4994 φαινομένης
2849 4925 2975 4995 περ).
3006 4924 3095 4978 τὸν
3142 4922 3428 4994 ἄνθρωπον
3457 4924 3702 4995 ἀληθείας
3728 4922 3778 4974 τὸ

2246 5021 2420 5088 δόγμα
2449 5017 2606 5071 τοῦτο
2637 5019 2731 5072 κα)⁵
2762 5019 2903 5087 λόγῳ
2947 5018 3246 5089 δυνάμενον
3277 5021 3503 5087 κρατεῖν
3540 5017 3775 5086 δείξομεν.

2249 5112 2430 5164 ’Ἄττιν
2467 5110 2651 5180 μὲνδὴ
2683 5113 2890 5181 ποίημα
2921 5111 3106 5181 ὅμοιόν
3136 5110 3253 5174 πώς
3288 5112 3405 5164 ἐστι
3443 5111 3518 5180 τῷ
3556 5111 3682 5179 μετὰ
3707 5103 3780 5159 τοῦ

2254 5200 2493 5254 ποιοῦντι
2515 5217 2528 5230 ⁸
2561 5204 2792 5253 ποιεῖται
2819 5199 2926 5271 γὰρ
2952 5203 3094 5253 κατὰ
3127 5200 3188 5254 τὸ
3221 5200 3530 5254 ὲντυπωθὲν
3560 5200 3678 5270 περὶ
3705 5195 3784 5250 αὖ·

2253 5295 2346 5347 τοῦ
2394 5291 2528 5356 εἶδος
2580 5293 2655 5361 τῷ
2707 5293 2781 5362 νῷ
2833 5293 2925 5347 τοῦ
2972 5291 3292 5356 ποιοῦντος*
3344 5296 3438 5346 καὶ
3485 5293 3518 5363 ἡ
3565 5291 3710 5353 ᾶῡλος
3736 5289 3784 5341 ὲν

2255 5384 2402 5454 αὐτῷ
2433 5385 2523 5438 τοῦ
2561 5386 2864 5454 ποιήματος
2905 5384 3162 5454 ὁμοιότης
3194 5385 3254 5436 ὲν
3293 5385 3360 5455 τῇ
3410 5385 3513 5458 ὕλῃ
3545 5382 3784 5438 κοινωνεῖ-

2254 5494 2342 5530 ται
2387 5476 2604 5539 οἰκείως
2637 5478 2801 5549 αὐτῇ,
2841 5477 2921 5530 διὸ
2951 5478 3050 5532 καὶ
3095 5477 3330 5548 ἀσθενής
3361 5478 3510 5532 ἐστιν
3541 5475 3784 5546 όμοιότνις·

2257 5567 2345 5630 Ὠς
2386 5573 2492 5639 γὰρ
2523 5568 2600 5639 τῷ
2639 5569 2777 5640 ἴχνει
2828 5569 3169 5639 γινώσκομεν
3213 5570 3505 5642 ἄνθρωπον
3541 5570 3630 5622 τὸν
3660 5580 3789 5632 περι·

2251 5663 2568 5734 πατήσαντα
2622 5660 2784 5731 εἶναι,
2817 5661 2963 5720 οὕτω
2997 5662 3090 5719 καὶ
3125 5665 3302 5722 οἰκίαν
3339 5663 3543 5731 ἰδόντες
3587 5655 3783 5730 νοοῦμεν
