3986 6328
160 277 270 342 535

1227 288 1323 348 DE
1368 289 1511 351 υΕο
1552 289 1634 350 IN
1672 291 2099 351 TRINITATE
2144 293 2321 353 ΗΝΘ.

3292 295 3392 351 S‘it‘i

153 401 217 440 τε
249 385 411 455 ἔργον
444 387 725 457 οἰκοδόμου
756 389 925 461 αὐτὴν
955 386 1091 446 εἶναι
1127 395 1220 447 καὶ
1251 397 1350 466 τὴν
1383 397 1476 449 τοῦ
1505 399 1708 467 ᾠκοδο-

1820 400 1981 454 bitnm
2002 410 2056 456 el.
2075 410 2243 455 artem
2272 402 2636 468 inteliigimus.
2664 403 2738 455 Et
2766 419 2987 472 upermn
3023 405 3219 473 quippe
3242 405 3391 459 dili‘e-

158 479 395 546 μηκότος
433 479 549 545 ἕξιν
585 480 678 533 καὶ
706 479 935 551 δύναμιν
964 485 1291 554 συννοοῦμεν
1318 504 1331 518 ο
1375 492 1441 558 τῇ
1473 491 1578 561 γὰρ
1618 494 1725 548 τῶν

154 572 482 640 ποιημάτων
509 573 741 644 διαφορᾷ
782 574 883 645 τὴν
915 575 1171 647 διάφορον
1202 579 1311 632 τῶν
1338 587 1722 653 πεποιηκότων

149 658 270 723 ἕξιν
317 661 773 731 καταμετροῦμεν
815 662 894 732 τῷ
942 664 1209 736 λογισμῷ,
1253 670 1347 721 καὶ
1388 672 1421 740 ἡ
1471 673 1728 744 ὁμοιότης

150 748 298 819 αὕτη
330 751 509 821 ἴχνους
550 753 806 822 ὁμοιότης
836 753 954 807 ἔστι
984 772 1042 807 τε
1088 756 1182 809 καὶ
1227 758 1490 816 καλεῖται.
1524 763 1585 815 ΕΞ
1617 765 1729 817 τοί-

150 857 250 893 νυν
284 842 376 894 ἐπὶ
404 841 512 895 τῶν
542 845 683 898 κατὰ
712 846 879 914 μέρος
912 849 1208 901 ποιούντων
1234 849 1382 903 τοῦτ’
1415 855 1563 905 ἐστὶν
1594 856 1727 923 ἀλη-

149 928 269 992 θὲς,
324 931 503 1003 πολλῷ
555 934 757 1002 μᾶλλον
804 937 896 989 ἐπὶ
976 939 1069 992 τοῦ
1132 943 1358 997 καθόλου
1424 946 1722 1010 ποιοῦντος.

164 1022 332 1076 Ἀ).λά
376 1024 551 1079 ταῦτα
587 1024 687 1094 μὲν
735 1027 989 1101 ρύστοιχά
1038 1048 1155 1096 πως
1213 1034 1327 1097 τοῖς
1378 1042 1726 1110 ποιουμένοις

151 1113 296 1167 εἰσὶν
326 1113 403 1177 ώς
433 1118 625 1170 κτιστά
674 1117 853 1174 πάντα
882 1119 963 1189 τῷ
999 1121 1146 1187 γένει
1173 1136 1189 1153 ⁶
1216 1126 1248 1194 η
1273 1126 1330 1179 δὲ
1364 1128 1555 1200 πρώτη
1592 1134 1727 1186 πάν-

148 1220 265 1257 των
297 1205 447 1258 αίτία
475 1207 585 1260 τῶν
617 1211 935 1281 ποιημάτων
963 1213 1135 1283 αὐτῆς
1156 1217 1451 1285 ἀπειράκις
1481 1222 1727 1293 ἀπείρως

149 1295 498 1366 ὑπέρκειται.
531 1299 622 1352 Διὸ
656 1301 754 1373 καὶ,
780 1303 1122 1375 ἀμυδροτάτη
1166 1309 1315 1363 ἐστὶν
1364 1312 1397 1380 ἡ
1448 1313 1506 1365 ὲν
1544 1315 1727 1378 αὐτοῖς

145 1389 433 1458 ὁμοιότης,
463 1391 565 1461 τῆς
607 1392 1052 1467 ὑπερόαλλούσης
1083 1401 1139 1451 ὲν
1179 1402 1253 1471 τῷ
1289 1404 1528 1477 ποιοῦντι
1564 1408 1723 1462 δυνά-

151 1497 306 1550 μεως
336 1482 437 1552 τὴν
463 1487 561 1552 τῆς
585 1484 905 1556 ὁμοιότητος
941 1489 1229 1544 ἀσθένειαν
1260 1496 1317 1547 ὲν
1351 1499 1460 1560 τοῖς
1506 1501 1724 1569 γινομέ-

146 1587 265 1635 νοις
300 1571 445 1625 οῠτω
478 1575 734 1644 ποιούσης
763 1592 776 1606 ο
822 1577 955 1631 ἀλλὰ
992 1584 1086 1632 καὶ
1128 1584 1359 1654 ἀσθενής
1404 1590 1552 1641 ἐστιν
1582 1590 1724 1645 οὕτω

146 1664 247 1717 καὶ
282 1663 523 1731 ἀμυδρὰ,
547 1664 750 1734 ἀληθὴς
792 1668 973 1736 μέντοι
1008 1686 1094 1737 γε,
1131 1674 1208 1736 ὡς
1250 1676 1509 1732 ἀδύνατον
1537 1680 1595 1735 ὃν
1625 1684 1722 1736 ἆλ-

1833 494 2002 546 renlia
2025 492 2205 547 varios
2225 494 2379 547 simul
2403 494 2658 562 opilicum
2684 494 2896 547 habitus
2924 511 3019 563 per
3042 496 3383 549 ratiocinium

1830 583 2163 647 dimctimnr,
2187 596 2241 639 et
2267 585 2565 639 similitudo
2598 587 2701 640 hoc
2740 582 2963 655 vestigio
2992 603 3087 655 pztr
3109 598 3191 641 cst
3230 599 3280 641 et
3304 589 3387 640 di-

1830 672 1989 725 citur.
2028 671 2177 738 Quod
2217 684 2366 728 certe
2418 675 2463 728 si
2493 674 2561 729 de
2603 678 2684 729 his
2719 691 2903 729 verum
2947 685 3029 729 est
3064 676 3154 743 qni
3188 680 3380 745 partim

1831 774 2143 827 onerantur,
2182 765 2349 817 multo
2384 765 2551 832 magis
2580 764 2644 817 de
2670 780 2732 817 eo
2756 765 2846 832 qni
2888 779 2951 816 ex
2989 765 3215 831 integro.
3274 762 3379 816 Sed

1829 864 2129 919 ottingenera
2167 851 2276 905 fere
2307 860 2431 904 sunt
2466 853 2579 906 hate
2610 868 2728 905 eum
2781 852 3098 914 factoribus,
3130 852 3266 903 sicut
3299 867 3389 917 ge-

1840 944 1954 994 neri
1984 956 2081 995 sno
2119 952 2295 996 creata
2327 942 2544 1003 omnia;
2586 942 2755 1009 prima
2790 956 2915 993 vero
2943 942 3185 993 omnium
3216 954 3379 993 caus:

1831 1034 1947 1086 suis
1992 1032 2249 1101 operibus
2282 1032 2492 1085 inﬁnite
2529 1042 2582 1085 et
2621 1046 2780 1098 Supra
2809 1030 3026 1083 modum
3057 1032 3389 1098 praemuniunt.

1847 1122 2080 1191 Ideoque
2120 1140 2210 1192 per
2238 1124 2468 1177 obscura
2505 1123 2558 1176 in
2597 1122 2701 1176 illis
2767 1133 2849 1175 est
2904 1122 3221 1182 similitudo,
3254 1137 3388 1191 prae-

1832 1215 2170 1268 stantissitna
2200 1229 2389 1281 nempe
2421 1214 2660 1266 auctoris
2693 1213 2929 1276 polentia
2965 1215 3100 1265 hanc
3126 1212 3380 1265 siniilttn-

1831 1304 1975 1359 diuis
2005 1308 2316 1360 tenuitatem
2342 1306 2424 1359 sic
2450 1304 2736 1359 eliieiente.
2787 1304 2995 1358 Etenim
3021 1302 3120 1358 etsi
3142 1302 3277 1357 adeo
3306 1311 3389 1356 te-

1834 1397 1957 1450 nuis
1978 1404 2059 1449 est
2084 1405 2137 1449 ct
2168 1396 2422 1455 obscura,
2451 1397 2544 1448 sed
2583 1410 2704 1447 vera
2739 1404 2938 1457 tamen,
2966 1404 3233 1463 quatenus
3291 1394 3389 1448 ali—

1831 1499 1910 1542 ter
1930 1489 2045 1542 liet'i
2076 1496 2322 1556 nequeat.
2351 1486 2405 1538 In
2430 1487 2644 1540 cunctis
2672 1486 2830 1554 igitur
2858 1484 2949 1538 Dei
2974 1485 3224 1555 operibus
3245 1500 3393 1552 quae-

1828 1580 1949 1633 dam
1982 1594 2101 1634 cum
2138 1579 2255 1649 ipso
2283 1586 2364 1632 est
2390 1577 2702 1644 huiusmodi
2737 1577 3056 1636 similitudo.
3103 1577 3153 1629 in
3191 1578 3386 1645 seipsis

1827 1670 2041 1738 quidem
2075 1669 2294 1722 factoris
2321 1670 2403 1722 sui
2429 1669 2750 1736 sapientiam
2786 1668 3182 1721 declarantibus
3206 1678 3255 1718 et
3286 1682 3380 1734 po-

146 1751 260 1814 λως
292 1747 459 1822 ἔχειν.
496 1755 650 1808 Ἐστι
686 1757 785 1825 μὲν
820 1754 910 1810 οὖν
945 1760 1122 1831 πάντα
1155 1764 1220 1817 τὰ
1252 1765 1345 1819 τοῦ
1389 1767 1523 1823 Θεοῦ
1563 1776 1711 1844 ποιή-

1834 1769 2105 1815 teStatem.
2161 1758 2308 1813 Nihil
2369 1773 2604 1826 namque
2652 1759 2732 1813 vel
2790 1759 3073 1812 minimum
3125 1767 3209 1813 est
3240 1759 3382 1828 quod

148 1859 306 1911 ματα
352 1845 512 1912 ὄμοιά
565 1864 681 1909 πως
723 1848 872 1918 αύτῷ
911 1854 1049 1905 κατά
1087 1853 1275 1908 τοῦτον
1304 1858 1397 1912 τὸν
1437 1860 1614 1929 λόγον,
1640 1865 1716 1929 ώς

144 1932 248 2002 τὴν
284 1932 379 1986 τοῦ
426 1938 785 2005 πεποιηκότος
836 1942 892 1995 ἐν
930 1943 1113 2010 σφίσιν
1144 1946 1328 2010 αὐτοῖς
1381 1952 1714 2020 ἐμφαίνοντα

147 2024 350 2092 σοφίαν
399 2025 491 2114 καὶ
524 2026 769 2097 δύναμιν.
798 2030 964 2085 Οὐδὲν
1015 2034 1123 2104 γάρ
1168 2039 1302 2102 ἐστι,
1331 2042 1435 2094 κᾶν
1479 2045 1541 2096 τὸ
1588 2062 1713 2114 σμι-

145 2114 417 2184 κρότατον
446 2113 503 2190 ᾖ,
533 2118 562 2171 δ
594 2119 669 2190 μὴ
704 2120 1035 2192 θαυμάσειεν
1064 2126 1129 2179 ἄν
1164 2144 1248 2190 τις
1290 2131 1555 2199 ἐκτόπως,
1592 2138 1713 2190 ἀντὶ

141 2206 258 2263 τῶν
289 2211 355 2262 ὲκ
393 2210 487 2265 τοῦ
539 2214 805 2281 μεγέθους
848 2215 1247 2290 ἐλαττωμάτων
1298 2223 1488 2290 σοφίας
1530 2228 1712 2291 αὐτοῖς

147 2300 246 2353 καὶ
273 2300 518 2371 μεθόδων
556 2303 724 2369 ξένων
766 2306 1258 2381 ἔγκατῳκισμένων
1294 2315 1500 2374 θεόθεν.
1537 2322 1710 2390 Πρόσ-

141 2409 263 2485 εστι
323 2393 382 2447 δὲ
434 2396 747 2460 αὐτοῖςκαὶ
792 2400 852 2454 τὸ
896 2402 1184 2472 δραστικόν
1212 2426 1270 2462 τε
1312 2413 1406 2463 καὶ
1434 2412 1713 2485 ὠφέλιμον

142 2484 505 2551 πλείοσιμιαὶ
556 2489 730 2545 ταῦτα
772 2492 949 2547 πάντα
996 2498 1131 2567 πρὸς
1178 2502 1277 2570 τὴν
1327 2504 1579 2573 πρόνοιαν
1611 2508 1709 2576 τῆς

139 2577 497 2652 ἀνθρωπίνης
529 2584 805 2653 προῦργου
835 2592 1198 2660 καταστρέφει
1233 2594 1397 2659 ζωῆς.
1451 2597 1591 2652 Ἀλλ’
1617 2602 1739 2653 ούοι

138 2666 230 2721 διν
286 2669 493 2726 τούτων
540 2674 702 2728 είκὼν
732 2676 826 2731 τοῦ
872 2677 1006 2733 Θεοῦ
1062 2682 1316 2752 λέγεται·
1348 2690 1574 2758 οὐρανὸς
1608 2692 1707 2760 μὲν

139 2762 254 2832 γὰρ
282 2765 377 2815 καὶ
407 2765 475 2818 τὰ
494 2767 719 2836 οὐράνια
744 2769 974 2840 σώματα
1014 2774 1116 2828 οὐκ
1156 2777 1282 2829 ἄνευ
1309 2778 1437 2849 ὕλης
1468 2782 1586 2835 ἐστὶ
1614 2785 1708 2837 καὶ

141 2852 381 2923 σώματα
442 2856 601 2926 μόνον
654 2860 792 2915 είσὶν
842 2863 968 2918 ἄνευ
1024 2865 1250 2936 ψυχῶν’
1313 2870 1598 2941 ἄνθρωπος
1650 2875 1747 2929 δε

141 2944 307 3012 μόνος
335 2945 497 3011 auito;
534 2949 629 3003 καὶ
660 2949 947 3021 ἀσώματος
980 2954 1056 3025 τῷ
1083 2957 1182 3025 τῆς
1222 2958 1416 3028 ψυχῆς,
1450 2961 1525 3023 ὡς
1554 2964 1709 3035 εῐρη.

1831 1862 2108 1924 stuporem
2141 1853 2316 1908 cuivis
2352 1852 2498 1905 haud
2545 1851 2798 1916 incutiat,
2829 1865 2934 1903 non
2965 1862 3139 1903 autem
3173 1850 3386 1903 illorum

1826 1960 1926 2012 pro
1976 1945 2347 2013 magnitudine
2411 1959 2589 1998 rerum
2644 1942 2902 1996 deficiens
2964 1942 3228 2010 sapientia
3287 1948 3383 1994 aut

1829 2036 2016 2089 alienae
2048 2035 2460 2104 disquisitiones
2499 2034 2681 2087 divino
2710 2042 2841 2086 nutu
2883 2031 3023 2100 apud
3061 2031 3181 2084 illos
3214 2033 3385 2082 intro-

1827 2130 2023 2182 ductae.
2061 2126 2203 2182 Inest
2243 2129 2407 2181 etiam
2437 2128 2538 2181 illis
2561 2125 2774 2179 entibus
2808 2121 3042 2177 ellicacia
3079 2132 3132 2177 et
3175 2122 3383 2177 utilitas

1828 2220 2015 2283 multa,
2046 2230 2097 2273 et
2131 2220 2311 2272 omnia
2350 2220 2463 2271 haec
2506 2218 2559 2271 in
2614 2214 2924 2283 praesidium
2992 2215 3243 2270 humanm
3313 2216 3388 2269 vit

1824 2310 2104 2364 commode
2157 2317 2572 2364 convertuntur.
2644 2307 2897 2361 Attamen
2972 2306 3108 2359 nihil
3190 2307 3383 2359 horum

1822 2401 1997 2470 imago
2020 2401 2110 2454 Dei
2135 2401 2363 2456 dicitur:
2412 2400 2612 2455 omium
2641 2400 2856 2469 quippe,
2888 2409 2937 2453 et
3003 2414 3231 2467 corpora
3275 2415 3382 2454 cu:-

1821 2491 1974 2548 lestia
2006 2508 2113 2548 non
2164 2495 2430 2560 exsistunt
2463 2495 2667 2563 absque
2695 2492 2940 2554 materia,
2971 2501 3024 2545 et
3053 2493 3185 2545 nihil
3237 2492 3383 2545 aliud

1822 2595 2133 2656 suntquam
2161 2586 2455 2642 inanimata
2486 2599 2729 2655 corpora.
2784 2581 2945 2637 Solus
2997 2585 3157 2636 homo
3185 2626 3197 2645 ,
3235 2584 3383 2652 quod

1820 2678 2057 2733 animam
2086 2688 2307 2749 spectat,
2341 2687 2399 2732 ut
2434 2683 2837 2750 preposuitnus,
2874 2676 3248 2731 immaterialis
3298 2688 3383 2733 cst

1820 2781 1874 2828 et
1900 2773 2273 2843 incorporeus,
2305 2770 2894 2840 solusqueintelligens
2916 2785 2931 2834 ;
2968 2769 3234 2838 siquidem
3286 2772 3378 2826 illa

1822 2866 2007 2921 omnia
2038 2879 2201 2918 unam
2254 2862 2759 2919 comniunissimam
2800 2860 3233 2924 similitudinem,
3268 2878 3378 2915 esse

1821 2960 2047 3025 scilicet,
2078 2973 2200 3014 cum
2231 2971 2331 3013 sua
2379 2972 2539 3011 causa
2574 2971 2682 3026 prae
2702 2970 2759 3009 se
2784 2953 2989 3010 ferunt.
3010 2954 3141 3008 Nam
3171 2964 3224 3007 et
3252 2954 3367 3027 ipsa

137 3052 255 3142 ται,
294 3038 595 3142 [adpetant
630 3042 789 3110 μόνος
819 3044 1003 3115 νοερδς
1033 3048 1159 3117 ἄρα,
1194 3050 1259 3115 εί⁷
1273 3053 1499 3106 κάκεῖνα
1533 3055 1710 3110 πάντα

1820 3063 2023 3110 suntet
2055 3053 2195 3109 Deus
2225 3060 2326 3117 est,
2360 3050 2573 3106 tametsi
2600 3049 2841 3103 divinum
2896 3064 3005 3101 esse
3040 3062 3231 3103 eorum
3250 3063 3377 3100 om-

139 3130 281 3196 μίαν
331 3130 630 3201 ὁμοιότητα
676 3134 997 3205 κοινοτάτην
1046 3136 1144 3209 τὴν
1201 3132 1433 3207 κατά’γε
1473 3143 1533 3196 τὸ
1573 3139 1714 3198 εἶναι

136 3220 280 3290 πρὸς
329 3220 430 3292 τὴν
459 3224 595 3277 ίδίαν
641 3225 820 3281 αίτίαν
847 3227 1104 3298 ἔχουσινο
1155 3232 1298 3285 αὑτά
1332 3250 1402 3289 τε
1457 3235 1564 3304 γάρ
1608 3237 1716 3289 είσι

136 3312 231 3365 καὶ
269 3311 409 3377 Θεός
437 3314 609 3378 ἐστιν,
636 3316 685 3369 εί
733 3318 830 3372 καὶ
856 3319 916 3374 τὸ
947 3319 1088 3373 θεῖον
1115 3319 1267 3377 εἶναι.
1301 3323 1395 3377 τοῦ
1432 3325 1490 3379 ἐν
1530 3329 1717 3391 αὐτοῖς

134 3408 310 3460 πᾶσιν
344 3402 494 3463 ,εἶναι
525 3408 819 3480 ἀπειράκις
864 3412 1107 3485 ἀπείρως
1155 3418 1497 3487 ὑπέρκειται.
1548 3421 1711 3475 Ἔνια

132 3499 190 3553 δὲ
225 3499 338 3552 τῶν
368 3500 623 3567 ὑποκάτω
662 3503 757 3556 καὶ
799 3504 970 3574 μείζω
995 3506 1094 3577 τὴν
1124 3510 1262 3563 κατὰ
1294 3511 1353 3564 τὸ
1398 3510 1498 3583 ζῇν
1529 3514 1714 3584 ὁμοιό-

133 3608 279 3662 τητα
334 3591 490 3661 ἔχει·
540 3590 655 3647 ἀλλ’
705 3594 737 3664 ή
790 3596 928 3648 κατά
976 3597 1041 3651 to
1083 3603 1223 3653 νοεῖν
1265 3602 1520 3675 ὁμοιότης
1570 3604 1712 3676 ὑπὲρ

133 3684 322 3747 πάσας
346 3684 553 3748 ταύτας
579 3684 725 3750 ίδίως
753 3686 922 3750 ἔστιν.
954 3688 1029 3753 ὡς
1057 3692 1169 3745 οὐδ’
1204 3693 1320 3748 εστι
1349 3698 1709 3764 παραόαλεῖν,

135 3775 290 3841 ἰδίως
314 3775 595 3848 ἀνθρώπῳ
632 3782 777 3849 μόνῳ
818 3785 1168 3851 προσήκουσα
1197 3783 1254 3836 ἐν
1276 3802 1342 3853 γε
1372 3789 1481 3849 τοῖς
1522 3805 1711 3856 φαινο-

132 3870 323 3938 μένοις
370 3869 601 3933 τούτοις.
652 3874 904 3941 Ἄγγελοι
960 3874 1038 3938 δὲ,
1094 3878 1175 3929 νοτ
1234 3879 1332 3948 μὲν
1386 3881 1536 3944 ὄντες
1582 3883 1714 3934 εἰλι-

129 3963 367 4033 κρινεῖς,
395 3962 556 4025 ιὺθὺς
589 3964 686 4017 ἀπ’
726 3964 902 4037 ἀρχῆς
950 3967 1046 4037 τῆς
1083 3970 1351 4039 ’τοιαύτης
1399 3974 1712 4042 ὁμοιότητος

126 4054 295 4127 ἡμῶν
324 4054 642 4125 μετέχουσιν
670 4055 894 4125 ἄμεινον
920 4074 933 4087 ·
971 4057 1150 4123 ἄλλοις
1176 4060 1231 4113 δὲ
1262 4061 1439 4128 λόγοις
1470 4065 1562 4115 καὶ
1602 4064 1711 4115 τῶν

125 4146 387 4215 ἀγγέλων
420 4144 558 4216 αὕτη
593 4144 793 4205 πλείων
817 4148 932 4209 τοῖς
959 4149 1355 4202 ἐσπουδακόσιν
1396 4150 1451 4215 ἐξ
1492 4152 1707 4221 ἀνθρώ-

125 4252 247 4289 πων
278 4234 569 4305 ἁρμόττει.
619 4235 793 4299 Μόνος
848 4235 1027 4289 τοίνυν
1083 4238 1148 4290 ἐκ
1201 4237 1307 4291 τῶν
1362 4242 1707 4309 φαινομένων

127 4327 356 4381 πάντων
399 4327 427 4379 ό
471 4326 757 4395 ἄνθρωπος
804 4324 967 4381 εἰκὼν
998 4328 1092 4380 τοῦ
1137 4328 1272 4382 Θεοῦ
1319 4337 1410 4383 καὶ
1455 4332 1571 4383 ἔστι
1618 4351 1710 4384 και

1821 3147 1970 3202 nium
2002 3146 2475 3212 inlinitesuperet.
2517 3140 2785 3196 Nonnulla
2814 3155 2943 3194 vero
2981 3155 3047 3193 ex
3096 3139 3373 3194 inleriori-

1820 3240 1919 3296 bus
1948 3240 2138 3310 majori
2170 3238 2372 3308 pollent
2394 3234 2775 3297 similitudine,
2798 3248 2863 3288 eo
2890 3250 3082 3302 nempe
3107 3232 3253 3303 quod
3288 3233 3371 3286 vi-

1819 3339 1969 3386 vunt.
2010 3330 2116 3386 Sed
2143 3347 2205 3386 ea
2236 3345 2357 3401 quae
2387 3330 2452 3382 ad
2486 3329 2815 3383 intellectum
2847 3328 3039 3380 attinet
3070 3342 3261 3381 omnes
3294 3326 3374 3379 fa-

1816 3424 1919 3478 cile
1946 3422 2149 3488 vincit;
2182 3423 2314 3476 adeo
2348 3432 2407 3476 ut
2441 3424 2583 3475 nulla
2618 3422 2689 3475 sit
2712 3435 2836 3474 cum
2860 3421 2974 3488 ipsa
2997 3420 3371 3490 componenda

1817 3516 2056 3586 paritas;
2079 3531 2142 3570 ex
2179 3515 2246 3569 iis
2276 3516 2418 3568 cnim
2452 3514 2761 3569 visibilibus
2791 3512 3005 3565 cunctis
3037 3514 3128 3565 uni
3157 3511 3375 3581 proprie

1817 3588 2022 3662 homini
2048 3608 2327 3662 convenit:
2374 3605 2546 3674 angeli
2576 3604 2793 3674 quiiletn
2826 3610 3015 3671 utpote
3049 3603 3137 3671 qui
3172 3603 3379 3671 simpli-

1815 3690 2259 3760 ces‘intellectus,
2288 3698 2402 3762 jam
2433 3695 2558 3748 inde
2589 3710 2617 3747 a
2644 3692 2912 3762 principio
2934 3693 3178 3743 eamdem
3201 3700 3253 3744 ct
3287 3707 3382 3759 pn-

1815 3787 2005 3841 tiorem
2039 3801 2102 3840 ac
2126 3798 2223 3838 nos
2245 3782 2653 3839 similitudinem
2688 3782 3041 3851 participant;
3069 3796 3175 3850 quo
3199 3792 3376 3834 tamen

1815 3878 1937 3945 aliis
1968 3879 2031 3931 de
2055 3875 2261 3937 causis,
2300 3876 2553 3929 strenuis
2601 3872 2908 3942 quibusque
2966 3886 3032 3925 ex
3061 3873 3373 3929 hominibus

1816 3981 1913 4036 pro
1947 3966 2149 4036 angelis
2182 3966 2452 4034 congruit.
2496 3964 2652 4020 Unus
2684 3965 2870 4033 itaque
2906 3965 3049 4018 inter
3083 3968 3196 4018 haac
3236 3964 3371 4019 visi-

1816 4058 1941 4112 bilia
2006 4066 2204 4112 cuncta
2267 4059 2446 4124 imago
2512 4058 2602 4110 Dei
2634 4065 2718 4109 est
2767 4065 2820 4110 et
2852 4056 3054 4109 dicitur
3094 4058 3292 4121 homo;
3326 4065 3379 4109 ct

1816 4151 2033 4219 quidem
2098 4165 2202 4202 non
2239 4149 2537 4202 immerito.
2593 4145 2726 4201 Nam
2774 4163 2838 4201 ex
2867 4150 3044 4201 anima
3078 4151 3373 4216 [)l'il'St'llinl

1814 4243 1978 4297 homo
2016 4249 2402 4308 nuncupatur;
2462 4243 2659 4307 quippe
2714 4241 2800 4292 cui
2854 4241 2969 4292 vice
3025 4240 3375 4293 insn'umenli

1813 4346 2025 4406 aptatur
2046 4349 2263 4404 corpus.
2300 4332 2545 4387 Hominis
2576 4343 2753 4384 autem
2776 4334 2952 4383 anima
2983 4348 3076 4401 per
3106 4349 3164 4386 se
3198 4335 3377 4388 incor-

122 4417 395 4483 λέγεται·
431 4416 526 4467 καὶ
568 4416 689 4467 λίαν
720 4414 977 4484 εὐλόγως.
1007 4417 1241 4482 Λέγεται
1277 4422 1377 4485 μὲν
1422 4423 1531 4490 γὰρ
1564 4424 1705 4475 κατά

1820 4442 1975 4496 porca
2033 4436 2134 4490 est,
2180 4426 2581 4487 immaterialis,
2626 4435 2682 4478 et
2734 4424 3063 4492 intelligens.
3116 4427 3208 4479 llla
3245 4444 3371 4482 vero

120 4511 223 4581 τὴν
269 4507 457 4579 ψυχὴν
484 4506 719 4576 μάλιστα
762 4507 1069 4576 ἄνθρωπος,
1106 4508 1181 4571 ὡς
1222 4509 1268 4562 δ’
1297 4510 1527 4579 ὄργανον
1562 4515 1695 4583 αὐτῇ

119 4605 182 4656 τὺ
233 4602 406 4669 σῶμα
454 4599 756 4670 συνῆπταιο
786 4598 1073 4668 ἀνθρώπου
1104 4600 1161 4653 δὲ
1370 4603 1490 4655 καθ’
1526 4604 1699 4674 αὐτὴν

120 4690 426 4764 ἀσώματός
456 4692 570 4743 ἐστι
614 4690 706 4741 καὶ
747 4689 907 4749 ἀῡλος
940 4691 1033 4741 καὶ
1072 4691 1251 4759 νοερὰ.
1289 4691 1455 4743 Ταυτὶ
1488 4692 1544 4744 δὲ
1579 4693 1696 4746 θεία

122 4783 589 4851 πλεονεκτήματα
627 4780 720 4833 καὶ
768 4778 860 4831 τοῦ
909 4778 1045 4845 Θεοῦ
1097 4781 1453 4850 τελειότητες,
1508 4785 1556 4837 εί
1602 4784 1696 4836 καὶ

118 4877 347 4945 ἀπείρῳ
376 4876 440 4943 τῇ
472 4872 711 4941 ὑπεροχῇ
741 4870 1124 4940 διενηνόχασιν,
1149 4872 1224 4934 ώς
1264 4872 1431 4926 ἔνεισι
1461 4875 1539 4943 τῷ
1579 4876 1697 4944 Θεῷ

116 4978 149 5047 ἢ
186 4976 266 5038 ώς
323 4965 691 5041 ἐν’ἀνθρώπῳ
721 4968 858 5023 είσίν
884 4985 897 4999 ⁸
942 4968 1304 5039 ἀσωματότης
1338 4971 1436 5040 μὲν
1480 4967 1572 5024 οὖν
1603 4976 1698 5028 καὶ

115 5066 285 5121 aut:
333 5065 610 5131 ἀπόφασις
661 5062 792 5131 ὕλης
838 5060 964 5114 ὄντα
999 5061 1093 5114 καὶ
1135 5061 1383 5129 σώματος
1421 5064 1609 5126 ἀπλῶς
1637 5068 1693 5116 ἐν

114 5159 403 5231 ἀνθρώπῳ
454 5155 801 5225 θεωροῦνται,
846 5155 1099 5224 νοερότης
1137 5154 1194 5207 δὲ
1240 5155 1401 5221 φύσιν
1450 5159 1507 5209 ἐν
1556 5158 1691 5229 αὐτῇ

116 5254 330 5306 τιθεῖσα
386 5251 727 5319 καὶίφύσεως
760 5247 992 5316 δύναμιν
1031 5247 1093 5298 οὐ
1129 5247 1475 5301 παντάπασιν
1505 5249 1690 5311 ἁπλῶς

114 5344 436 5414 θεωρεῖται,
487 5340 603 5408 μετ’
655 5338 958 5405 ἀναγκαίας
1002 5338 1060 5391 δέ
1133 5355 1276 5400 τινος
1342 5338 1685 5409 διακρίσεως.

111 5435 259 5497 Νοῦς
300 5432 489 5484 τοίνυν
538 5433 566 5483 ὁ
607 5429 889 5500 ἄνθρωπος
916 5428 991 5481 ὣν
1024 5430 1165 5500 κατὰ
1194 5431 1290 5497 τὴν
1332 5430 1506 5499 ψυχὴν
1533 5431 1688 5500 ἐνέρ-

112 5543 268 5591 γειαν
306 5524 429 5592 ἔχει
474 5521 568 5590 τὴν
598 5521 802 5588 νόησιν,
833 5520 923 5571 νοῦ
971 5519 1077 5588 γὰρ
1136 5522 1384 5588 ἐνέργεια
1440 5521 1500 5572 τὸ
1546 5525 1686 5573 νοεῖν

111 5618 180 5676 ib;
212 5614 431 5685 θερμοῦ
485 5613 546 5664 τὸ
594 5610 926 5681 θερμαίνειν.
961 5610 1025 5662 Ἦ
1070 5609 1126 5662 δὲ
1168 5610 1390 5682 τοιαύτη
1438 5611 1684 5679 ἐνέργεια

117 5710 243 5777 πρός
296 5723 354 5759 τι
393 5704 619 5769 φέρεται
669 5704 812 5764 τέλος
842 5717 857 5733 ’
892 5702 1045 5753 τοῦτο
1074 5702 1118 5753 δ’
1166 5702 1229 5755 ἂν
1276 5702 1363 5771 εἴη
1409 5700 1466 5754 τὸ
1498 5703 1683 5771 νοητὸν

450 5802 715 5862 ΡΑῑιιυι..
764 5804 877 5861 (5n.
915 5799 1099 5861 CLX.

1815 4518 1908 4573 Dei
1944 4519 2251 4586 praestantia
2292 4527 2347 4571 et
2423 4517 2804 4586 perfectiones,
2875 4521 3226 4585 quantumvis
3275 4521 3378 4573 im-

1815 4626 2000 4666 mensa
2039 4612 2237 4665 distent
2270 4609 2808 4679 prmcellentia,ltand
2843 4612 2999 4663 aliter
3034 4614 3082 4664 in
3122 4612 3228 4665 Deo
3254 4624 3377 4669 sunt

1814 4703 1969 4757 aliter
2010 4704 2061 4756 in
2095 4704 2335 4758 homine.
2375 4703 2478 4757 Sed
2509 4704 2901 4770 iuret-porettas
2951 4714 3003 4755 cl.
3037 4706 3372 4759 itmnateria-

1815 4795 1959 4856 litas,
1996 4811 2117 4850 cum
2160 4797 2397 4850 materia:
2430 4806 2479 4850 et
2509 4797 2749 4864 corporis
2778 4778 2887 4849 sint
2934 4800 3171 4864 negatio,
3213 4799 3371 4857 facile

1811 4884 1866 4938 in
1900 4886 2117 4940 homine
2146 4894 2364 4955 patent;
2396 4886 2809 4953 intelligibilitas
2848 4904 2978 4941 vero
3016 4905 3135 4957 qua:
3201 4906 3363 4944 natu-

1812 4992 1924 5029 ram
1945 4986 1995 5029 ct
2020 4985 2225 5031 natura:
2255 4978 2358 5029 vim
2390 4978 2442 5030 in
2469 4978 2648 5030 anima
2672 4980 2960 5034 constituit
2986 4996 3091 5033 non
3117 4983 3368 5037 omnibus

1809 5070 1883 5124 ita
1914 5069 2061 5123 ultro
2091 5068 2423 5131 declaratur,
2457 5070 2552 5123 sed
2589 5070 2921 5125 discretione
2957 5075 3190 5141 quadam
3224 5091 3363 5146 opus

1807 5168 1913 5215 est.
1946 5162 2132 5230 Itaque
2166 5160 2327 5214 homo
2360 5174 2482 5213 eum
2509 5162 2788 5217 intellectu
2818 5175 3028 5219 constet
3058 5169 3359 5223 secundum

1807 5254 2069 5315 animam,
2128 5262 2382 5321 tanquam
2443 5264 2623 5307 actum
2683 5256 2845 5310 habet
2911 5258 3365 5331 intelligentiam;

1804 5347 2114 5401 intellectus
2157 5348 2298 5398 enim
2344 5355 2499 5399 actus
2528 5357 2612 5400 est
2646 5346 2963 5417 intelligere,
2998 5353 3141 5405 sicut
3171 5356 3364 5412 caloris

1805 5436 2120 5490 calefacere.
2148 5436 2217 5487 At
2262 5435 2529 5504 ejusmodi
2566 5444 2720 5491 actus
2751 5440 2815 5491 ad
2865 5443 3150 5508 quemdam
3203 5446 3359 5503 linem

1805 5527 2014 5592 tendit;
2046 5526 2251 5579 scilicet
2286 5528 2634 5597 intelligibile
2661 5542 2718 5583 ut
2754 5532 2871 5584 linis
2894 5530 3208 5603 intelligenti
3230 5555 3361 5608 pro-

1800 5619 2055 5685 positum.
2078 5618 2428 5692 lntelligeutia
2461 5637 2642 5676 verum
2668 5624 2891 5678 intereSt
2933 5629 3084 5694 quasi
3116 5635 3359 5699 quaedam

1800 5712 2104 5765 communis
2147 5727 2279 5767 ansa
2340 5721 2636 5781 utrumque
2686 5715 3062 5785 coniungens;
3099 5737 3217 5789 qum
3243 5730 3362 5794 qui.

2950 5817 3012 5875 l‘J
