3986 6328
515 365 606 425 {viil

1562 354 1940 417 GENNADII
1982 352 2088 417 (ΣΡ.
2135 351 2647 414 ΡΑΤΒΙΑΗΟΙΜΞ

3632 352 3733 412 592

516 495 640 536 vero
680 493 843 531 unum
886 485 1011 530 sunt
1040 483 1093 527 et
1133 473 1345 528 sibimet
1403 470 1629 525 invicem
1670 479 1723 524 et
1777 469 2070 524 intellectui

2202 470 2329 537 ,όγος
2384 471 2472 523 νοῦ
2525 472 2615 523 καὶ
2649 469 2834 540 νοητοῦ
2889 471 3081 534 παντὸς
3130 471 3275 524 ἐστιν
3308 471 3477 531 αἴτιος
3521 467 3578 520 ἐν
3625 471 3731 531 τοῖς

517 573 854 639 producenti.
913 569 1160 621 Divinum
1223 575 1401 618 autem
1457 564 1682 616 verbum
1740 563 1858 629 (seu
1908 558 2067 627 ratio)

515 663 751 732 cujusvis
801 661 1099 714 intellectus
1161 666 1211 710 et
1276 653 1626 724 intelligibilis
1679 667 1845 706 causa
1885 662 1961 705 est
2020 652 2070 703 iu

514 756 748 816 enlibns,
780 753 1062 817 omnisque
1084 745 1402 802 substantia:
1433 744 1594 797 simul
1626 755 1679 797 et
1706 753 1932 795 naturae.
1958 739 2072 792 Non

517 846 658 900 enim
685 843 1025 913 producentis
1060 848 1265 894 tantum
1293 836 1622 897 intellectus,
1654 834 1748 887 sed
1773 841 1826 890 et
1852 845 2073 901 operum

501 948 636 1011 uiue
672 949 764 1002 per
817 938 992 1002 ipsum
1054 938 1452 999 cognoscuntur
1505 927 1570 980 ad
1625 933 1775 978 extra
1816 922 2077 975 naturalis

519 1037 599 1080 est
658 1025 980 1079 similitudo.
1042 1021 1194 1076 Unde
1251 1021 1436 1073 innata
1493 1014 1792 1071 similitudo
1852 1022 2078 1067 vocatur

519 1117 872 1189 generatricis
904 1113 1207 1167 intellectus
1233 1120 1285 1165 et
1313 1123 1526 1176 semper
1575 1104 1907 1176 generantia,
1959 1101 2080 1155 ideo

523 1223 648 1264 vero
699 1216 1095 1261 creaturarum.
1148 1202 1282 1255 lline
1340 1197 1481 1267 apud
1535 1195 1700 1249 Deum
1745 1203 1800 1248 et
1850 1207 1916 1246 ex
1971 1190 2081 1245 Deo

524 1302 653 1355 illud
691 1300 888 1353 dicitur
913 1313 1049 1361 esse,
1094 1310 1187 1364 per
1227 1294 1401 1361 ipsum
1451 1298 1630 1342 autem
1683 1285 1821 1340 facta
1875 1285 2078 1338 Omnia.

525 1394 598 1445 Ita
637 1390 887 1444 etomnis
919 1390 1044 1442 boni
1072 1399 1237 1440 causa
1267 1382 1483 1437 entibus
1532 1377 1749 1432 divinus
1798 1385 1878 1429 est
1907 1388 2076 1438 amor,

527 1484 575 1536 id
604 1491 707 1547 est,
733 1481 968 1550 Spiritus
1024 1485 1280 1541 sanctus;
1321 1474 1500 1528 omnia
1561 1482 1795 1537 namque
1845 1467 2083 1520 continet

525 1582 578 1626 et
608 1572 671 1625 ad
697 1573 895 1624 bonum
934 1568 1220 1621 convertit.
1258 1563 1562 1617 wl’raeterea
1617 1575 1754 1631 eum.
1795 1557 1898 1612 illis
1942 1548 2083 1610 unus

525 1647 610 1718 est
641 1667 777 1716 Deus
802 1671 853 1714 et
878 1669 1195 1714 cunctorum
1223 1656 1426 1710 eutium
1446 1661 1655 1706 creator
1680 1669 1692 1713 ;
1722 1649 2084 1714 universaque

528 1771 553 1807 a
584 1753 858 1823 primariis
887 1751 1198 1804 ultimorum
1227 1756 1383 1799 tenus
1409 1757 1570 1812 opera
1625 1748 1750 1793 sunt
1794 1748 1847 1792 et
1880 1739 2084 1791 manci-

531 1843 613 1911 pia
644 1843 805 1894 unius
830 1839 919 1893 Dei
946 1854 1009 1890 ac
1041 1837 1094 1890 in
1128 1837 1245 1904 ipso
1274 1834 1573 1901 congenilze
1602 1829 1908 1883 Trinitatis.

605 1935 680 1988 Ite
711 1935 875 2001 igitur
900 1932 1015 2000 ipsa
1045 1931 1197 1983 beata
1230 1935 1282 1980 et
1310 1926 1490 1977 divina
1538 1921 1777 1975 Trinitas
1841 1921 2089 1972 humana:

533 2026 791 2080 trinitatis
864 2036 1026 2076 causa
1111 2028 1240 2080 est;
1300 2025 1501 2071 nostrae
1583 2022 1762 2068 autem
1846 2014 2093 2064 Iuniam:

531 2113 1187 2186 cognitiouiquasicausa
1215 2117 1300 2163 est
1354 2107 1572 2159 trinitas
1639 2105 1795 2157 nobis
1867 2100 2083 2170 propria

533 2225 634 2262 cur
667 2218 720 2262 ct
754 2208 896 2260 illam
940 2206 1118 2272 aliqua
1159 2212 1584 2270 cognoscamus;
1616 2203 1676 2250 ut
1721 2196 1831 2264 jam
1899 2192 2094 2246 exinde

532 2302 712 2354 divina
745 2314 862 2367 quae
897 2298 1051 2351 nobis
1109 2298 1248 2350 inest
1279 2292 1510 2360 imagine
1550 2287 1656 2341 frui
1706 2287 1979 2355 possimus
2013 2289 2092 2346 .et

531 2406 626 2457 per
659 2392 802 2442 illam
835 2391 1074 2455 omnium
1107 2400 1326 2439 causam
1360 2396 1676 2452 agnoscere,
1732 2393 1910 2431 veram
1936 2392 2093 2429 .nem-

538 2500 600 2553 pe
641 2494 693 2536 ιι
747 2479 1098 2552 principalem
1140 2477 1478 2530 Trinitatem.
1514 2471 1638 2527 llaec
1693 2472 1764 2525 ita
1825 2469 2097 2538 loquimur

537 2583 752 2645 pi-Opter
787 2590 879 2626 eos
913 2573 1002 2641 qui
1033 2569 1346 2638 imperfecte
1384 2567 1564 2620 adhuc
1594 2563 1836 2619 sentiunt
1875 2569 1927 2613 et
1959 2576 2093 2629 qua-

537 2669 579 2719 si
622 2668 712 2734 qui
744 2666 962 2718 vixdum
998 2664 1306 2716 initiantur.
1351 2659 1457 2712 Illis
1496 2672 1625 2711 vero
1675 2656 1765 2724 qui
1803 2654 2095 2723 perlertius

540 2760 755 2811 novisse
775 2756 1113 2808 contendunt
1141 2760 1233 2805 aut
1259 2751 1438 2803 divina
1463 2754 1819 2817 perecperunt
1848 2757 2094 2806 munera,

536 2851 679 2917 quod
715 2848 938 2900 omnino
975 2852 1215 2914 praestat,
1241 2840 1548 2897 accuratius
1586 2837 1713 2891 inde
1752 2850 1872 2906 quae
1917 2835 1969 2887 in
2004 2847 2100 2886 n0-

541 2941 623 2993 bis
649 2949 731 2992 est
756 2937 906 2990 trinit
928 2953 966 2989 .s
995 2935 1337 2988 innostoseit.
1368 2932 1518 2987 Unde
1551 2931 1622 2984 ni!
1655 2930 1852 2983 mirum
1887 2928 1933 2980 si
1965 2926 2100 2979 mul—

539 3041 624 3082 tos
649 3029 809 3080 lateat
841 3028 1021 3078 divina
1056 3023 1439 3085 'l‘rinitas,emn
1475 3035 1645 3089 neque
1671 3019 1945 3088 prepriam
2001 3031 2100 3068 na-

547 3131 728 3173 turam
753 3133 941 3171 uiiines
962 3118 1142 3169 norint
1187 3125 1278 3168 aut
1324 3127 1484 3166 nosse
1529 3110 1760 3165 valeant.
1799 3109 1904 3163 Nec
1936 3107 2099 3162 etiam

2172 555 2290 611 οῦσι
2321 560 2413 612 καὶ
2450 561 2627 631 πάσης
2658 561 2843 624 ἁπλῶς
2891 560 3079 624 οὐσίας
3124 563 3216 613 καὶ
3251 560 3464 629 φύσεως
3489 575 3502 588 °
3531 559 3593 611 οὐ
3629 557 3732 626 γάρ

2176 646 2265 699 τοῦ
2319 649 2646 717 προάγοντος
2688 650 2778 702 νοῧ
2832 651 3010 718 μόνον,
3045 651 3178 703 άλλά
3205 650 3298 703 καὶ
3338 650 3443 703 τῶν
3473 650 3541 702 δι’
3575 647 3734 702 αὑτοῦ

2177 740 2480 807 νοουμένων
2515 740 2692 810 ἔργων
2730 741 2833 807 ἔξω
2859 741 3022 794 αὑτοῦ
3051 743 3292 810 πέφυκεν
3315 741 3592 809 ὁμοιότηςο
3617 737 3733 792 ὅθεν

2181 829 2343 883 εἰκὼν
2386 831 2483 900 μὲν
2521 833 2755 900 ἔμφυτος
2807 833 3023 899 λέγεται
3081 832 3176 886 τοῦ
3236 833 3597 901 γεννήσαντος
3648 827 3739 882 νοῦ

2179 923 2270 973 καὶ
2295 921 2382 974 ἀεὶ
2416 922 2732 989 γεννῶντος,
2759 922 2868 975 ἰδέα
2900 922 2954 975 δὲ
2985 922 3092 975 τῶν
3121 921 3455 988 κτισμάτων,
3485 922 3579 972 καὶ
3607 917 3740 986 πρὸς

2180 1014 2272 1065 τὸν
2308 1014 2439 1066 Θεὸν
2482 1015 2579 1082 μὲν
2613 1016 2774 1077 αὐτὸς
2831 1012 2967 1068 εἰναι
3009 1015 3102 1067 καὶ
3147 1015 3241 1066 τοῦ
3275 1012 3432 1074 Θεοῦ,
3467 1012 3643 1064 πάντα
3688 1010 3743 1063 δὲ

2179 1106 2244 1158 δι’
2291 1105 2453 1159 αὑτοῦ
2486 1109 2797 1177 γεγονέναν
2833 1108 3002 1161 αῐτιον
3047 1107 3104 1160 δὲ
3154 1106 3353 1168 παντὸς
3388 1103 3598 1171 ἀγαθοῦ
3632 1105 3744 1164 τοτς

2182 1195 2336 1251 οῦσίν
2389 1201 2538 1251 ἐστιν
2577 1202 2608 1268 ἡ
2649 1199 2767 1253 θεία
2811 1179 3119 1269 summa!
3140 1197 3364 1266 Πνεῦμα
3409 1196 3656 1264 δηλονότι
3687 1195 3749 1248 τὸ

2182 1292 2355 1358 ἅγιον,
2387 1291 2595 1362 συνέχει
2629 1295 2736 1361 γὰρ
2777 1291 2954 1344 πάντα
2983 1295 3078 1343 καὶ
3124 1290 3438 1358 ἐπιστρέφει
3471 1289 3609 1358 πρὸς
3649 1289 3750 1340 τά-

2182 1383 2366 1451 γαθόν.
2403 1385 2510 1436 Καὶ⁵
2553 1383 2642 1437 διὰ
2669 1382 2825 1436 τοῦτο
2871 1383 2989 1452 μετ’
3019 1382 3195 1436 αὐτῶν
3229 1377 3306 1443 εἷς
3341 1384 3456 1434 ἐστι
3486 1380 3617 1442 Θεὸς
3650 1381 3750 1431 καὶ

2183 1478 2508 1548 δημιουργὸς
2540 1479 2567 1530 ὁ
2597 1477 2779 1546 πατὴρ
2812 1475 3067 1529 ἀπάντων
3095 1474 3203 1527 τῶν
3223 1474 3414 1539 όντων,
3443 1475 3537 1526 καὶ
3571 1472 3747 1526 πάντα

2185 1566 2249 1618 ἐκ
2287 1566 2394 1616 τῶν
2435 1565 2664 1633 πρώτων
2689 1565 2816 1634 ἄχρι
2846 1566 2940 1617 καὶ
2971 1565 3079 1619 τῶν
3111 1563 3352 1634 ἐσχάτων
3385 1563 3521 1632 ἔργα
3553 1580 3615 1614 τε
3650 1563 3744 1614 καὶ

2184 1657 2347 1712 δοῦλα
2377 1656 2472 1709 τοῦ
2497 1659 2613 1720 ἑνός
2639 1659 2746 1710 εἰσι
2772 1655 2908 1710 Θεοῦ
2940 1656 3038 1710 καὶ
3069 1656 3167 1726 τῆς
3200 1656 3257 1710 ἐν
3287 1654 3434 1724 αὐτῷ
3464 1653 3750 1724 συμφύτου

2189 1751 2436 1822 Τριάὂος.

2267 1916 2355 1984 Τῷ
2386 1916 2484 1984 μὲν
2517 1914 2610 1968 οῦν
2642 1915 2922 1984 πράγματι
2951 1913 3099 1966 αἰτία
3138 1911 3283 1966 ἐστὶν
3312 1913 3345 1983 η
3379 1912 3620 1983 μακαρία
3656 1910 3756 1964 καὶ

2196 2004 2312 2057 θεία
2345 2006 2509 2073 Τριάς
2531 2004 2629 2073 τῆς
2660 2004 2716 2055 ἐν
2745 2002 3016 2074 ἀνθρώπῳ
3039 2003 3252 2072 τριάδος
3282 2017 3296 2031 '
3325 2004 3390 2072 τῇ
3438 2001 3484 2054 δ’
3512 2003 3757 2073 ἡμετέρᾳ

2195 2096 2300 2148 τῶν
2330 2095 2626 2162 ἀνθρώπων
2656 2093 2851 2162 γνώσει
2874 2095 2906 2162 ἡ
2930 2093 3058 2163 παρ’
3081 2094 3208 2162 ἡμῖν
3236 2093 3389 2163 τριάς
3434 2093 3604 2145 αἰτιόν
3637 2109 3755 2155 πως

2195 2186 2286 2240 τοῦ
2339 2185 2595 2250 κάκείνην
2640 2186 2712 2247 ώς
2772 2179 2882 2237 οἷόν
2939 2201 2997 2236 τε
3050 2183 3431 2251 γινώσκεσθαι,
3477 2184 3553 2246 ὡς
3599 2183 3760 2237 τοῦτο

2198 2279 2408 2349 πρῶτον
2438 2276 2730 2329 ἀπολαύειν
2767 2276 2910 2344 ἔχειν
2955 2277 3094 2346 ἡμᾶς
3131 2276 3227 2340 τῆς
3275 2275 3480 2327 ἐκεῖθεν
3517 2278 3572 2326 ἐν
3624 2278 3756 2343 ἡμῖν

2197 2371 2420 2430 εἰκόνος,
2443 2369 2503 2420 τὸ
2530 2366 2790 2420 δύνασθαι
2812 2366 2879 2419 δι’
2917 2366 3086 2435 αὐτῆς
3116 2365 3214 2434 τὴν
3237 2366 3409 2436 ἀληθῆ
3463 2367 3557 2420 καὶ
3609 2365 3760 2435 πρώ-

2196 2477 2295 2527 την
2326 2459 2527 2513 καὶτοῦ
2561 2458 2754 2518 παντὸς
2780 2457 2957 2511 αἰτίαν
2983 2457 3175 2511 εἰδέναι
3208 2457 3431 2526 Τριάδα.
3487 2459 3649 2511 Τουτὶ
3699 2459 3758 2510 δέ

2199 2568 2375 2619 φαμεν
2431 2550 2556 2618 περὶ
2598 2548 2705 2602 τῶν
2758 2548 2962 2610 ἀτελῶς
3021 2546 3098 2600 ἔτι
3148 2547 3411 2600 νοούντων
3445 2548 3625 2617 κάντῇ
3650 2548 3763 2602 τῶν

2199 2642 2566 2710 εἰσαγομένων
2589 2639 2773 2704 τάξει·
2799 2642 2905 2702 τοῖς
2937 2639 2993 2692 δέ
3021 2639 3341 2711 τελεώτερον
3365 2642 3760 2695 ἐσπουδακόσιν

2201 2732 2393 2785 ειδέναι
2422 2730 2454 2801 ἢ
2489 2731 2634 2800 δῶρα
2663 2733 2728 2784 ἐκ
2754 2730 2887 2783 Θεοῦ
2919 2729 3211 2799 εἰληφόσιν,
3257 2730 3286 2783 ὃ
3315 2731 3407 2802 καὶ
3463 2732 3601 2786 πάνυ
3644 2735 3764 2802 μετ·

2201 2825 2290 2888 ξύν
2329 2826 2492 2889 ἐστιν,
2525 2822 2787 2892 ἐκεῖθενὴ
2828 2825 2884 2874 ἐν
2911 2823 3040 2892 ἡμῖν
3069 2823 3454 2894 ἀκριϐέστερον
3482 2829 3764 2879 κατανοεῖ-

2201 2935 2287 2971 ται
2315 2920 2468 2987 τριάς
2494 2933 2510 2949 ·
2541 2918 2663 2970 ὅθεν
2717 2916 2869 2971 οὐδὲν
2918 2915 3252 2987 θαυμαστὸν,
3317 2903 3400 2969 εἰ’
3427 2918 3610 2970 πολλοὶ
3662 2917 3764 2989 τὴν

2202 3009 2351 3062 θείαν
2383 3006 2633 3073 ἀγνοοῦσι
2659 3005 2886 3074 Τριάδα,
2919 3006 3031 3074 εἴγε
3081 3005 3214 3076 μηδὲ
3283 3009 3481 3069 πάντες
3531 3008 3628 3071 τὴν
3679 3010 3764 3062 οἰ-

2204 3101 2357 3151 κείαν
2391 3100 2558 3152 οἶδασι
2585 3099 2616 3169 ἢ
2649 3099 2844 3150 ειδέναι
2887 3097 3069 3167 ἔχουσι
3109 3097 3287 3166 φύσιν.
3328 3099 3400 3151 Οὐ
3431 3099 3595 3152 δεῖδὲ
3625 3098 3762 3152 θαυ-

552 3211 857 3265 mirandum
918 3209 984 3260 de
1010 3206 1236 3275 reliquis
1256 3201 2020 3270 daﬂ‘erentiisexemplarinter
2052 3207 2100 3252 et

2213 3189 2402 3258 μάζειν
2430 3189 2686 3258 περὶτῶν
2724 3188 2895 3242 ἀλλων
2925 3187 3198 3256 διαφόρων
3215 3187 3315 3258 τῆς
3356 3189 3413 3239 ἐν
3445 3187 3522 3257 τῷ
3582 3205 3766 3258 παραυ

543 3304 837 3371 iniaginein
868 3301 1148 3353 trinitatis.
1168 3297 1321 3362 Nam,
1345 3306 1402 3350 ut
1428 3298 1538 3366 jam
1572 3293 1983 3360 dixinius,qu0d
2009 3291 2105 3343 liu-

533 3413 630 3450 -mo
657 3403 726 3450 s.t
758 3395 865 3448 Deo
892 3393 1108 3455 similis,
1129 3393 1178 3444 id
1207 3389 1602 3458 ratiopostulat
1632 3395 1687 3440 et
1709 3384 1880 3438 Moses
1906 3383 2108 3436 conlir-

547 3499 656 3542 mat
680 3501 733 3541 et
757 3487 1020 3556 quotlibet
1051 3485 1154 3537 alia
1189 3486 1238 3536 in
1269 3483 1408 3536 idem
1437 3488 1798 3542 convoniunt;
1829 3491 1890 3529 ac
1918 3475 2108 3529 similis

541 3581 754 3650 quidem
789 3578 1014 3629 trinitati
1037 3578 1368 3628 inici-norum
1395 3583 1636 3635 actuum,
1669 3586 1763 3638 per
1791 3585 1926 3637 quos
1947 3567 2108 3620 homo

538 3683 622 3726 est
651 3681 704 3723 et
745 3663 900 3722 'vivit
953 3669 1251 3720 Secundum
1311 3663 1568 3724 animam,
1625 3672 1959 3728 omterasque
2019 3659 2107 3711 Dei

546 3770 820 3816 creaturas
855 3766 1092 3824 superat.
1139 3756 1306 3808 Perro
1334 3756 1387 3806 in
1420 3753 1526 3807 Deo
1546 3751 1783 3805 Trinitas
1801 3765 1922 3804 esse
1951 3748 2109 3802 debet

545 3853 993 3919 snpernaturalis,
1054 3851 1551 3902 ereatoriconsuna
1605 3860 1669 3897 ac
1725 3857 1946 3912 prorsus
2002 3839 2108 3893 Deo

544 3948 740 4014 digna;
775 3945 828 3996 in
866 3942 1084 3995 homine
1109 3929 1254 4003 vero,
1298 3947 1777 4006 proutereaturam
1814 3938 1986 3999 decet,
2010 3933 2107 3985 in-

547 4041 731 4092 terior.
762 4035 942 4089 Primo
1003 4035 1205 4086 etenim
1243 4033 1458 4084 divinus
1505 4031 1816 4083 intellectus
1849 4037 1930 4081 est
1965 4041 2133 4080 sem-.

549 4148 640 4198 per
672 4133 720 4182 in
750 4141 896 4190 actu,
928 4135 1198 4196 quatenus
1229 4135 1430 4176 aitcrnu
1467 4132 1519 4175 et
1568 4123 1776 4174 inlinito
1827 4116 2109 4189 congruit;

555 4205 822 4273 humanus
863 4235 892 4272 e
928 4225 1115 4270 contra
1147 4233 1172 4268 a
1210 4217 1314 4269 Deo
1342 4223 1557 4269 creatus
1598 4213 1905 4266 virtualiter
1934 4212 2112 4282 quoad

557 4312 770 4365 initium
816 4323 970 4376 teque
998 4315 1080 4359 est
1115 4307 1165 4357 in
1195 4305 1445 4357 omnibus
1483 4306 1545 4356 ad
1576 4321 1635 4358 ea
1671 4306 1952 4356 ordinatus
1997 4317 2114 4370 qua:

552 4410 779 4471 possunt
808 4401 1030 4468 intelligi
1062 4409 1112 4452 et
1141 4398 1206 4450 ad
1240 4397 1626 4464 intelligentem
1687 4409 1779 4462 per
1829 4408 1891 4446 ea
1953 4395 2112 4461 perii-

549 4496 796 4549 cienduui
826 4510 838 4557 ;
868 4508 930 4544 ac
979 4501 1162 4560 postea
1199 4489 1248 4542 in
1280 4499 1401 4541 actu
1442 4488 1500 4539 lit
1549 4501 1611 4539 ex
1662 4500 1849 4538 eorum
1894 4485 2104 4548 notitia,
2143 4514 2185 4569 υ

552 4587 791 4641 collectis
857 4585 907 4635 in
945 4584 1064 4650 ipso
1122 4579 1403 4647 speciebus
1454 4578 1556 4630 alia
1599 4586 1720 4644 post
1776 4575 1956 4637 aliam,
2018 4590 2109 4642 per

555 4682 695 4734 viam
733 4677 940 4729 scil:cet
1006 4671 1407 4726 abstracliouis.
1460 4668 1657 4722 lterum
1717 4669 1947 4720 liumaua
1979 4667 2113 4718 ratio

549 4771 689 4839 apud
723 4770 964 4835 singulos
1003 4766 1189 4818 multis
1223 4763 1508 4832 speciebus
1577 4762 1850 4813 ell'ormata
1877 4759 2113 4827 comple—

556 4875 665 4925 tur,
691 4880 828 4930 qum,
857 4869 910 4912 ut
939 4861 1138 4912 dictum
1167 4866 1266 4920 est,
1288 4856 1426 4924 apud
1455 4865 1890 4920 unumquemque
1917 4857 2114 4903 coeunt

557 4969 655 5024 pro
687 4951 1009 5004 liabitudinis
1038 4948 1212 5000 modo.
1243 4947 1429 4998 Divina
1460 4955 1636 4996 autem
1671 4942 1810 4995 ratio
1831 4955 1934 4993 una
1962 4947 2041 4992 est
2064 4947 2116 4991 et

553 5047 952 5114 simplicissima
986 5041 1192 5107 species
1234 5035 1650 5105 simplicissima:
1685 5035 1734 5086 in
1762 5035 1935 5100 primo
1961 5029 2114 5084 intel-

553 5139 737 5206 ligibili
769 5135 1156 5201 intelligentiae.
1192 5129 1320 5182 Nam
1352 5128 1568 5182 divinus
1606 5125 1934 5188 intellectus,
1962 5123 2117 5175 Pater

551 5233 774 5294 scilicet,
835 5243 939 5280 una
982 5226 1282 5291 eademque
1323 5219 1676 5290 intelligentia
1708 5218 1888 5271 omnia
1914 5225 2111 5270 aeterne

554 5323 719 5382 novit,
763 5329 813 5371 et
848 5318 1089 5385 seipsnm
1123 5313 1471 5380 intelligendo
1516 5309 1903 5385 intelligibilem
1953 5321 2108 5360 suam

553 5424 784 5479 speciem
818 5384 1030 5459 sibimet
1056 5403 1264 5470 objicit,
1326 5417 1517 5468 nempe
1557 5384 1650 5452 v.31
1670 5399 1819 5452 lium.
1872 5395 2106 5450 Verbum

551 5505 991 5559 antemuovitac
1054 5500 1289 5566 seipsum
1315 5495 1497 5548 simul.
1559 5495 1624 5545 At
1681 5502 1874 5545 caetera
1949 5489 2110 5542 etiam

553 5607 702 5649 extra
747 5612 805 5646 se
842 5593 1012 5654 novit,
1071 5599 1328 5642 internum
1389 5587 1607 5656 quidem
1697 5584 1998 5652 intelligens
2057 5587 2114 5632 ul.

557 5694 734 5743 l'utura
812 5689 857 5739 vi
927 5686 1176 5754 potentiae
1256 5697 1405 5743 suae,
1481 5685 1531 5732 in
1609 5680 1843 5731 futurum
1931 5687 1986 5728 nt
2049 5673 2113 5727 ad

559 5796 791 5844 [muscus
829 5778 1177 5844 intelligentia
1213 5790 1270 5829 se
1308 5780 1584 5836 movente;
1628 5786 1832 5825 nemon
1885 5777 1938 5822 et
1993 5783 2114 5832 pro-

2207 3282 2457 3350 δείγματι
2484 3281 2577 3334 καὶ
2612 3283 2676 3350 τῇ
2715 3281 2881 3332 εἰκόνι
2939 3279 3172 3350 τριάδος.
3223 3279 3450 3347 Εἴρηται
3498 3281 3624 3348 γὰρ,
3685 3280 3769 3344 ὡς

2207 3373 2519 3440 ὠμοιῶσθαι
2580 3370 2679 3440 μὲν
2731 3371 2806 3440 τῷ
2863 3370 2980 3440 Θεῷ
3027 3370 3118 3422 τὸν
3158 3369 3437 3436 ἄνθρωπον
3463 3371 3492 3423 ὃ
3524 3387 3582 3422 τε
3609 3370 3770 3438 λόγος

2209 3468 2429 3519 ἀπαιτεῖ
2458 3465 2551 3517 καὶ
2581 3466 2613 3533 ἠ
2644 3465 2738 3517 τοῦ
2773 3464 3013 3524 Μωσέως
3053 3461 3293 3527 ἀξίωσις,
3338 3463 3429 3514 καὶ
3482 3462 3583 3514 ὅσα
3632 3464 3772 3517 ἀλλα

2208 3557 2376 3626 ταύτῃ
2413 3558 2708 3626 συντρέχει,
2735 3557 2827 3608 καὶ
2851 3554 3164 3624 ώμοιῶσθαι
3214 3557 3280 3623 τῇ
3313 3555 3489 3623 τριάδι
3520 3555 3625 3607 τῶν
3685 3556 3774 3607 ἐν-

2209 3651 2437 3718 δοτέρων
2462 3647 2768 3718 ἐνεργειῶν,
2833 3641 2918 3710 αἷς
2961 3645 3243 3715 ἄνθρωπός
3290 3645 3404 3697 ἐστί
3457 3662 3516 3698 τε
3574 3648 3666 3699 καὶ
3695 3646 3770 3720 ζῇ

2212 3744 2351 3795 κατά
2379 3742 2476 3810 τὴν
2500 3739 2674 3810 ψυχὴν
2702 3740 2791 3791 καὶ
2822 3739 2927 3791 τῶν
2954 3726 3126 3791 ἄλλων
3155 3737 3246 3790 τοῦ
3272 3737 3413 3790 ’Θεοῦ
3453 3740 3774 3809 κτισμάτων

2212 3832 2452 3900 προέχει.
2486 3833 2574 3882 Δεῖ
2603 3830 2657 3882 δὲ
2689 3832 2744 3881 ἐν
2774 3828 2871 3897 μὲν
2902 3827 2978 3896 τῷ
3007 3826 3124 3897 Θεῷ
3151 3827 3246 3897 τὴν
3277 3826 3482 3896 Τριάδα
3514 3828 3776 3896 ὑπερφυᾶ

2211 3940 2267 3976 τε
2300 3923 2391 3975 καὶ
2420 3921 2614 3991 ποιητῇ
2652 3919 2964 3988 πρέπουσαν
2989 3914 3127 3971 εἰναι
3162 3918 3254 3969 καὶ
3280 3917 3413 3980 ὅλως
3462 3918 3773 3988 θεοπρεπῆ,

2212 4017 2266 4067 ἐν
2294 4012 2562 4084 ἀνθρώπῳ
2587 4013 2642 4064 δὲ
2672 4012 2809 4078 μετὰ
2845 4011 2940 4079 τῆς
2968 4010 3046 4080 τῷ
3083 4011 3335 4078 κτίσματι
3387 4012 3777 4081 προσηκούσης

2213 4107 2474 4174 ὑφέσεως.
2536 4103 2741 4156 Αὐτίκα
2777 4104 2883 4170 γὰρ
2936 4104 2963 4155 ὁ
3026 4102 3123 4170 μὲν
3183 4103 3321 4165 θεῖος
3373 4102 3496 4165 νοῦς
3523 4105 3778 4177 ἐνεργείᾳ

2214 4198 2361 4248 ἐστὶν
2419 4196 2523 4260 ἀεὶ,
2563 4195 2636 4258 ώς
2669 4195 2820 4265 ἀϊδίῳ
2837 4197 2930 4248 καὶ
2959 4195 3170 4266 ἀπείρῳ
3200 4198 3485 4266 προσήκει,
3531 4201 3557 4249 ὁ
3604 4197 3659 4249 δέ
3705 4216 3778 4263 γε

2213 4289 2547 4359 ἀνθρώπινος
2577 4289 2994 4358 δημιουργηθεῖς
3017 4291 3078 4341 ἐκ
3108 4289 3240 4342 Θεοῦ
3267 4289 3492 4355 δυνάμει
3525 4292 3624 4356 μὲν
3655 4290 3777 4342 ἔστι

2213 4384 2311 4449 τὴν
2340 4370 2508 4451 ἀρχὴν
2532 4383 2586 4433 ἐν
2615 4383 2780 4433 πᾶσιν
2811 4379 3115 4448 ἀνθρώποις
3150 4381 3347 4449 ὁμοίως
3383 4381 3519 4449 πρὸς
3563 4381 3629 4433 τά
3679 4397 3774 4432 νο-

2215 4474 2386 4524 εῖσθαι
2415 4473 2682 4540 δυνάμενα
2708 4473 2800 4522 καὶ
2830 4471 2963 4540 πρὸς
2987 4471 3045 4523 τὺ
3066 4469 3134 4523 δι’
3164 4470 3388 4523 ἐκείνων
3431 4472 3776 4528 τελειοῦσθαι

2215 4564 2454 4626 νοοῦντα,
2487 4563 2733 4632 ἐνεργείᾳ
2760 4562 2817 4613 δ’
2852 4561 3077 4630 ὕστερον
3106 4561 3311 4628 γίνεται
3341 4565 3404 4631 τῇ
3436 4564 3563 4632 περὶ
3593 4565 3778 4618 αὐτῶν

2214 4657 2513 4724 ἐπιστήμῃ,
2551 4654 2946 4724 ἁθροιζομένων
2984 4656 3039 4705 ἐν
3072 4655 3217 4722 αὑτῷ
3248 4655 3352 4708 τῶν
3396 4655 3553 4707 εἰδῶν
3609 4655 3776 4710 ἀλλο-δ

2217 4750 2331 4816 μετ’
2363 4748 2489 4801 ἄλλο
2517 4750 2583 4816 τῇ
2615 4746 2718 4815 ὁδῷ
2745 4763 2806 4813 γε
2836 4746 2935 4812 τῆς
2964 4746 3320 4814 ἀφαιρέσεως.
3374 4747 3482 4799 Καὶ
3511 4745 3663 4813 λόγος
3707 4743 3780 4800 αὖ

2215 4845 2240 4894 ὁ
2270 4841 2367 4910 μὲν
2396 4840 2730 4909 ἀνθρώπινος
2756 4841 2812 4890 ἐν
2853 4839 3065 4905 ἑκάστῳ
3094 4838 3304 4899 πολλοῖς
3339 4838 3501 4890 εἴδεσι
3538 4838 3785 4906 μορφοῦ-

2218 4949 2374 5001 μενος
2412 4929 2816 5000 συμπληροῦται
2837 4928 3240 4993 συναγομένοις,
3273 4927 3346 4989 ὡς
3375 4929 3612 4997 εἴρηται,
3641 4932 3783 4983 κιτά

2222 5025 2412 5094 μικρὸν
2436 5025 2490 5074 ἐν
2523 5021 2669 5090 αὐτῷ
2711 5023 2801 5073 καὶ
2833 5019 3047 5072 συνοῦσι
3073 5020 3254 5070 λοιπ³ιν
3302 5020 3378 5086 τῷ
3429 5022 3618 5089 τρόπῳ
3683 5020 3787 5090 τῆς

2217 5116 2383 5176 ἕξεως
2413 5129 2425 5143 ο
2463 5117 2488 5164 ὁ
2509 5112 2563 5164 δὲ
2591 5112 2730 5173 θεῖος
2758 5112 2911 5178 λόγος
2944 5112 3000 5162 ἐν
3036 5111 3148 5162 ἐστι
3181 5110 3273 5163 καὶ
3303 5109 3675 5162 ἁπλούστατον
3707 5107 3788 5162 εἷ-

2218 5205 2303 5266 δος
2333 5205 2430 5271 τῆς
2469 5204 2844 5272 ἁπλουστάτης
2877 5205 2932 5253 ἐν
2965 5202 3041 5271 τῷ
3075 5200 3273 5270 πρώτῳ
3305 5199 3475 5270 νοητῷ
3501 5204 3749 5270 νοήσεως
3769 5218 3781 5229 ·

2217 5299 2244 5350 ὁ
2271 5298 2374 5365 γὰρ
2406 5298 2543 5358 θεῖος
2571 5295 2715 5357 νοῦς,
2747 5296 2774 5346 ὁ
2805 5295 2991 5364 Πατὴρ
3017 5293 3276 5361 δηλονότι,
3298 5293 3396 5362 μιᾷ
3423 5293 3513 5343 καὶ
3539 5294 3607 5359 τῇ
3645 5293 3788 5362 αὐτῇ

2221 5389 2400 5456 νοήσει
2433 5387 2608 5438 πάντα
2633 5382 2816 5444 ἁῖόίως
2849 5385 2974 5447 νοεῖ,
3005 5385 3096 5433 καὶ
3147 5381 3335 5434 ἐαυτὸν
3383 5380 3481 5448 μὲν
3539 5381 3680 5433 νοῶν
3734 5382 3790 5433 τὸ

2221 5479 2405 5544 νοητὸν
2438 5476 2722 5544 ὕφίστησιν
2747 5471 2882 5535 εἶδος
2923 5472 3114 5524 ἑαυτοῦ
3140 5471 3195 5523 δὲ
3237 5471 3371 5540 πρὸς
3405 5470 3619 5536 ἑαυτὸν,
3667 5487 3790 5525 του-

2219 5573 2365 5623 τέστι
2393 5572 2482 5622 τὸν
2517 5571 2707 5634 Λόγον,
2734 5571 2843 5619 νοεῖ
2876 5569 2929 5619 δὲ
2964 5569 3052 5618 τὸν
3082 5567 3250 5628 Λόγον
3288 5566 3375 5615 καὶ
3420 5563 3615 5616 ἑαυτὸν
3675 5565 3792 5632 ἅμα

2221 5669 2345 5719 νοεῖ.
2381 5665 2508 5716 Νοεῐ
2535 5663 2590 5714 δὲ
2628 5662 2717 5712 καὶ
2753 5660 2818 5712 τὰ
2849 5660 2979 5713 ἄλλα
3039 5660 3165 5726 παρ’
3210 5658 3398 5710 ἑαυτὸν
3447 5657 3630 5716 ἀῖδίως
3697 5661 3794 5724 μὲν

2224 5760 2356 5814 νοῶν
2390 5757 2462 5818 ὡς
2495 5754 2724 5822 ἐσόμενα
2757 5752 3041 5821 περιουσίᾳ
3067 5750 3364 5818 δυνάμεως,
3403 5749 3494 5798 ἐπὶ
3559 5748 3619 5799 τὸ
3674 5750 3768 5800 ἐπὸ
