3986 6328
251 313 347 378 593

253 449 406 502 μενον
429 447 527 498 της
549 432 779 498 νοήσεως
832 433 905 497 ὡς
955 436 1016 504 δὴ
1055 437 1226 506 παρὸν
1268 439 1568 507 φερομένης
1605 454 1616 466 ·

245 525 295 577 δὲ
326 527 410 578 ὅτε
444 525 670 595 ἠθέλησε
726 529 816 581 καί
876 533 1262 601 γεγεννημένα,
1318 534 1451 603 ἔργα
1502 535 1599 602 τῆς
1648 533 1804 595 θείας

247 613 364 667 ὄντα
417 613 704 683 θελήσεως,
768 618 902 670 καθό
937 621 1048 671 ἐστι
1099 621 1192 673 καί
1227 621 1396 674 ἄλλων
1450 621 1790 691 εὐποιητική.

261 705 361 756 Ἀεί¹
401 703 496 772 μὲν
543 707 650 776 γὰρ
692 707 939 762 ἐϐούλετο
987 711 1078 762 τὸν
1126 711 1328 781 κόσμον
1397 712 1632 777 ἔσεσθαι,
1699 714 1797 765 οὐκ

253 794 489 847 ἐϐούλετο
507 796 562 848 δὲ
595 796 687 850 καί
716 798 802 852 ἀεὶ
824 799 982 852 αὑτὸν
1005 799 1238 862 ἔσεσθαι,
1274 802 1334 854 ού
1370 803 1479 871 γὰρ
1506 800 1616 856 οἷόν
1656 804 1701 856 τ’
1736 804 1798 857 ἂν

253 879 312 954 ἦν
336 886 494 938 αὐτὸν
527 889 612 940 ἀεὶ
642 884 780 942 εἶναι
802 890 911 944 οὒτ’
945 889 1184 956 ἔσεσθαι,
1211 886 1284 946 ὧν
1311 894 1388 962 τῷ
1415 895 1511 964 μὲν
1537 896 1595 948 τὸ
1637 895 1801 964 μηδέ-

256 975 363 1025 ποτ’
385 973 450 1027 ἂν
472 975 745 1042 γενέσθαι,
773 978 849 1048 τῷ
879 978 933 1030 δὲ
986 981 1044 1034 τὸ
1101 977 1240 1033 εἰναι
1305 986 1478 1034 καίτοι
1540 983 1802 1050 μηδέποτε

255 1066 639 1136 γεγεννημένον
670 1068 951 1122 ἀκολουθεῖ
978 1085 992 1100 ·
1027 1072 1059 1140 ὴ
1089 1071 1265 1124 τοίνυν
1289 1072 1456 1136 ἀίδιος
1491 1071 1632 1143 αὓτῃ
1680 1073 1771 1143 νόη
1791 1104 1804 1112 -

189 1209 192 1212 .
257 1173 332 1219 σις
389 1158 486 1227 μία
538 1159 792 1224 καθάπαξ
844 1162 992 1214 ἐστὶν
1020 1163 1076 1214 ἐν
1108 1163 1181 1233 τῷ
1205 1163 1400 1233 πρώτῳ
1449 1163 1524 1232 νῷ
1564 1162 1805 1231 σημείοις

262 1248 435 1317 μόνοις
465 1249 844 1321 διακρινομένη
877 1253 1133 1320 νοήσεως.
1199 1254 1324 1307 Ἐπί
1356 1252 1562 1316 τούτοις
1593 1254 1650 1304 ὲν
1711 1252 1808 1323 μὲν

258 1339 329 1408 τῷ
381 1341 703 1410 ἀνθρωπίνῳ
759 1342 833 1412 νῷ
864 1342 990 1397 ἄλλο
1017 1345 1131 1397 ἐστί
1165 1346 1222 1398 τὸ
1248 1348 1385 1398 νοεῖν
1442 1347 1502 1397 τὸ
1554 1347 1808 1415 πρᾶγμα,

261 1431 347 1482 καὶ
375 1432 500 1485 ἄλλο
524 1433 584 1519 τρ
631 1436 770 1504 νοεῖν
798 1435 856 1487 τὸ
885 1435 1171 1504 νοούμενον
1233 1437 1429 1505 νόημα,
1471 1436 1597 1488 ὅταν
1645 1439 1724 1498 εἰς
1753 1435 1812 1488 τὸ

262 1522 454 1575 οἰκεῖον
480 1521 637 1591 ἔργον
666 1527 694 1575 ὁ
719 1523 841 1588 νοῦς
884 1526 1206 1597 ἐπιστρέφῃ,
1242 1526 1363 1578 ὅθεν
1410 1527 1593 1595 ἕτεραι
1626 1527 1722 1595 μὲν
1757 1528 1816 1580 αἰ

261 1611 363 1664 τῶν
390 1614 748 1681 πραγμάτων,
782 1613 967 1683 ἕτεραι
990 1615 1034 1667 δ’
1067 1617 1122 1668 αἰ
1153 1617 1263 1668 τῶν
1294 1616 1382 1669 ἐπ’
1407 1617 1585 1679 αὐτοῖς
1616 1619 1816 1688 νοημά-

263 1718 365 1754 των
393 1703 531 1756 εἰσὶν
558 1704 861 1774 ἐπιστῆμαι
887 1719 900 1733 ⁸
936 1707 990 1757 ἰν
1013 1707 1066 1757 δὲ
1087 1706 1162 1773 τῷ
1193 1706 1310 1776 Θεῷ
1344 1707 1510 1760 ταῦτα
1556 1709 1614 1760 οὐ
1643 1709 1816 1777 διενήο

266 1812 400 1864 νοκε,
431 1796 572 1848 καὶὸ
603 1796 700 1864 μὲν
725 1798 780 1848 ὲν
809 1796 1076 1866 ἀνθρώπῳ
1103 1797 1256 1867 λόγος
1286 1775 1384 1852 καὶ
1411 1801 1460 1869 -ή
1497 1799 1711 1866 θέλησις
1753 1775 1813 1853 οὺ
1845 1775 1889 1834 Β

267 1889 656 1957 πραγματικῶς
690 1891 825 1958 πρὸς
853 1890 943 1943 τὸν
968 1890 1188 1943 νοοῦντα
1216 1892 1308 1944 καὶ
1337 1891 1556 1946 θέλοντα
1607 1893 1816 1961 διακρί-

267 1995 440 2031 νοντας.
472 1979 596 2032 νοῦν
629 1996 644 2011 ”
677 1982 704 2033 ὁ
749 1981 805 2033 δὲ
836 1980 975 2042 θεῖος
1025 1982 1196 2049 Λόγος
1247 1985 1339 2036 καὶ
1383 1985 1442 2038 τὸ
1488 1984 1707 2055 Πνεῦμα
1756 1984 1818 2037 τὸ

267 2071 417 2138 ἆγιον
443 2073 833 2141 πραγματικῶς
879 2073 970 2126 τοῦ
1010 2073 1221 2143 Πατρδς
1281 2076 1642 2145 διακρίνονται
1677 2091 1692 2106 ·
1741 2077 1820 2130 δεῖ

271 2164 373 2235 γὰρ
406 2167 520 2219 ἐκεῖ
545 2167 636 2219 καί
662 2164 758 2236 τὴν
783 2164 880 2234 τῆς
912 2165 1123 2233 φύσεως
1151 2165 1346 2220 ἕνωσιν
1388 2167 1563 2236 ἄκραν
1595 2163 1753 2231 εἶναι,

273 2257 530 2326 προσήκει
555 2257 694 2325 Θεῷ,
727 2257 820 2310 καὶ
858 2255 1256 2326 τὴνηδιάκρισιν
1306 2253 1371 2311 αὖ
1415 2259 1586 2327 ἀληθῆ
1612 2276 1672 2310 τε
1727 2260 1821 2311 καί

270 2347 601 2417 εμπρακτον,
634 2349 697 2418 τῇ
730 2347 909 2417 μέντοι
939 2348 1078 2401 κατὰ
1107 2348 1202 2417 τὴν
1245 2348 1406 2416 φύσιν
1435 2349 1624 2402 ὲνώσει
1658 2348 1822 2418 μηδό-

271 2435 372 2498 λως
397 2438 856 2507 προσισταμένην.
915 2437 980 2490 Ἥ
1031 2437 1138 2507 γὰρ
1178 2437 1410 2507 ὰτομικὴ
1473 2438 1566 2491 καί
1607 2454 1822 2509 προσω-

273 2528 403 2598 πικὴ
431 2528 700 2598 διάκρισις
730 2529 785 2581 ὲν
825 2529 922 2598 μὲν
962 2531 1072 2592 τοῖς
1099 2530 1363 2599 ὁμοφυέσι
1415 2529 1675 2598 κτίσμασι
1724 2531 1823 2599 τὴν

270 2616 400 2687 ὕλην
421 2619 598 2673 αἰτίαν
628 2619 822 2688 ἔχουσα
849 2619 1082 2688 εὐλόγως
1111 2620 1166 2674 δὲ
1194 2621 1291 2690 τὴν
1313 2620 1471 2689 φύσιν
1499 2622 1556 2673 ὲν
1592 2622 1703 2683 τοῖς
1737 2620 1826 2673 οὖα

271 2708 716 2779 τωδιῃρημένοις
745 2709 993 2778 ἀριθμοῖς
1015 2709 1247 2780 διαιρεῖ·
1295 2711 1353 2762 ὲν
1393 2709 1451 2762 δὲ
1498 2709 1576 2780 τῷ
1626 2710 1828 2764 ἁπλουο

273 2801 453 2870 στάτῳ
491 2800 584 2855 καὶ
620 2801 935 2870 νοερὼτάτῳ
954 2800 1073 2871 Θεῷ
1096 2801 1196 2874 τὴν
1217 2802 1418 2873 νοητὴν
1437 2803 1717 2872 ,ἀναφορὰν
1745 2803 1829 2855 αἰ-

272 2890 390 2944 τίαν
415 2890 808 2961 έχουσαιμόνην
829 2891 889 2945 ού
917 2891 1112 2961 διαιριί
1139 2891 1236 2962 τὴν
1267 2894 1406 2947 κατὰ
1453 2893 1614 2961 φύσιν
1648 2894 1831 2957 ἑνότη-

274 2996 364 3035 τα.
398 2981 510 3048 καὶ
541 2981 736 3059 πολλὰς
783 2980 944 3044 ἄλλας
975 2984 1122 3046 εἰκὸς
1149 2979 1290 3038 εἰναι
1325 2984 1583 3053 διαφοράς
1625 2984 1724 3052 τῆς
1772 3001 1831 3035 τε

275 3071 528 3125 ἀπίστου
561 3071 787 3142 Τριάδος
819 3074 876 3125 ἐν
907 3072 985 3144 τῷ
1015 3072 1135 3145 Θεῷ
1165 3077 1259 3131 καὶ
1299 3077 1396 3144 τῆς
1458 3076 1516 3128 ἐν
1565 3072 1832 3144 ἀνθρώπῳ

275 3164 499 3232 κτιστῆς
532 3179 546 3190 °
580 3164 714 3217 ἀλλὰ
744 3164 800 3218 δὲ
834 3165 1270 3234 μετά·;τοσούτων
1296 3167 1402 3220 τῶν
1430 3168 1699 3238 διαφόρων
1742 3167 1830 3219 οὑ-

271 3254 360 3309 δὶν
386 3250 550 3326 ἦττον
574 3257 607 3326 ἡ
642 3257 780 3312 κατὰ
807 3258 908 3326 τὴν
932 3257 1125 3329 τριάδα
1169 3259 1278 3312 τῶν
1311 3260 1613 3330 ἰδιωμάτων
1658 3260 1702 3331 ἢ·
1723 3261 1852 3314 τῶν.

276 3346 628 3402 ὑποστάσεων
657 3349 912 3427 ὁμοίωσις
942 3349 1128 3420 μένει·
1153 3353 1244 3404 καὶ
1268 3351 1380 3409 ἔστι
1407 3352 1544 3406 κατὰ
1571 3354 1671 3422 τὴν
1701 3353 1831 3422 πρό-

273 3436 393 3490 οδον
420 3437 600 3490 αὐτῶν
635 3439 725 3491 καὶ
755 3438 855 3510 τὴν
887 3438 1039 3506 τάξιν
1071 3440 1165 3494 καὶ
1191 3439 1283 3494 τὸν
1308 3442 1404 3510 τῆς
1425 3430 1659 3516 προόδου,
1681 3441 1834 3510 λόγον

276 3543 336 3581 τι
362 3527 580 3595 καὶτῆς
609 3528 811 3594 τάξεως
827 3529 923 3582 καὶ
951 3528 1049 3598 τὴν
1081 3530 1138 3583 ὲν
1173 3530 1252 3602 τῷ
1276 3531 1470 3602 πλήθει
1519 3532 1679 3586 πάλιν
1723 3533 1836 3587 ένόο

263 3639 417 3691 ,τητα
442 3622 541 3690 τῆς
574 3622 759 3684 οὐσίας
797 3626 890 3676 καὶ
929 3622 1156 3676 καθόλου
1186 3625 1341 3692 φάνει
1393 3623 1488 3694 τὴν
1521 3627 1832 3695 νοερότητα.

283 3713 344 3767 Εἰ
375 3715 432 3767 δὲ
468 3713 604 3784 μετὰ
633 3713 885 3784 πλείστης
913 3714 1029 3767 ἐκεῖ
1059 3715 1158 3782 μὲν
1185 3715 1282 3784 τῆς
1315 3714 1604 3787 ᾧπεροχῆς,
1654 3716 1840 3769 ἀνταῦ-

276 3805 344 3858 θα
369 3805 429 3858 δὲ
461 3807 559 3875 τῆς
596 3805 859 3872 ύφέσεως,
879 3807 1057 3859 καίτοι
1088 3807 1188 3860 κᾶν
1236 3805 1314 3875 τῷ
1367 3808 1622 3874 κτίσματι
1674 3807 1837 3874 πολλή

277 3915 361 3960 τις
406 3900 603 3967 ὁρᾶται
634 3897 864 3967 διαφορά
888 3897 986 3966 τῆς
1006 3897 1208 3960 εἰκόνος
1233 3913 1249 3928 ο
1304 3898 1337 3967 ἠ
1364 3896 1460 3966 μὲν
1483 3901 1587 3968 γὰρ
1615 3900 1723 3959 τοῖς
1751 3899 1841 3950 άν-

278 3988 526 4058 θρὼποις
553 3988 709 4054 ἐδόθη
738 3990 869 4043 πᾶσι
893 3989 1061 4058 δῶρον
1084 3989 1260 4042 κοινὸν
1292 3989 1534 4058 μείζονος
1561 3990 1842 4052 κοινωνίας

277 4083 424 4154 ἀρχὴ
452 4080 595 4134 κατὰ
622 4080 712 4134 τὸν
747 4080 1004 4152 μέλλοντα
1045 4079 1158 4150 βίον
1195 4083 1306 4143 τοῖς
1347 4079 1599 4134 ἐνταυθοῖ
1662 4080 1841 4143 καλῶς

279 4173 652 4245 κεχρημένοις
687 4188 700 4203 ο
727 4173 827 4241 οὐχ
858 4171 1056 4242 ὁμοίιος
1082 4171 1137 4224 δὲ
1170 4173 1364 4234 πάντες
1395 4173 1562 4240 αὐτῆς
1608 4172 1844 4231 άπολαύέ

277 4283 460 4332 ουσιν,
490 4266 602 4320 ἀλλ’
627 4267 675 4318 οἰ
706 4263 805 4335 μὲν
839 4262 1105 4333 μορφοῦσι
1151 4267 1248 4333 τὴν
1279 4265 1666 4332 εύγενεστάτην
1719 4282 1847 4317 ταυ-

277 4376 380 4428 την
410 4359 514 4428 τῆς
538 4358 749 4427 φύσεως
779 4355 1128 4427 παρασκευὴν
1179 4358 1271 4408 καὶ
1303 4359 1481 4425 οἰκείᾳ
1533 4356 1848 4426 προαιρέσει

278 4469 338 4504 τε
371 4452 473 4506 καὶ
505 4450 704 4520 σπουδῇ
736 4451 830 4502 καί
857 4448 916 4500 τὸ
946 4448 1136 4508 κάλλος
1166 4447 1334 4516 αὐτῆς
1361 4447 1607 4510 ἐξάπτειν
1642 4448 1852 4500 ποιοῦσι

1297 319 1393 378 DE
1439 320 1582 380 ἰ.)Εο
1624 318 1700 380 ΙΝ
1742 317 2157 379 TRlNlTATE
2195 319 2370 380 UNO.

3343 327 3443 384 ενι

1670 437 1803 490 νοῶν
1837 443 1877 498 Α
1909 439 2091 504 ducta,
2127 439 2346 510 quando
2377 437 2624 498 voluerit,
2662 436 2940 504 intelligit;
2978 451 3097 489 cunt
3124 434 3316 487 divina:
3363 453 3450 486 vn-

1896 529 2118 583 luntatis
2145 529 2254 582 sint
2290 543 2474 598 opera,
2505 539 2771 595 quatenus
2805 537 2886 580 est
2925 534 2978 580 et
3026 528 3144 579 aliis
3179 528 3413 580 benellea
3436 565 3449 577 .

1898 617 2032 672 Nam
2069 636 2280 688 semper
2333 619 2549 672 Volebat
2601 618 2714 672 fore
2741 626 2798 672 ut
2833 618 3066 670 mundus
3129 626 3287 680 esset,
3349 633 3453 670 nun

1898 722 2075 764 autem
2109 722 2163 761 nt
2198 725 2410 779 semper
2442 709 2727 763 exsisteret
2761 725 2774 772 ;
2802 723 2898 762 nec
2925 709 3068 762 enim
3114 716 3234 775 pote
3264 707 3456 762 fuisset

1900 805 2048 856 illum
2073 817 2283 869 semper
2311 816 2433 855 esse
2454 808 2546 853 aut
2577 799 2716 862 fore,
2740 814 2804 852 ex
2826 814 3051 866 quorum
3082 798 3250 852 altero
3273 812 3458 852 consc-

1900 893 2084 962 qnitur
2105 902 2160 945 ιιι
2184 907 2459 961 nunquam
2480 890 2778 952 exsisteret,
2798 905 2859 943 ex
2891 890 3056 942 altero
3081 897 3137 940 ιιι
3157 891 3428 942 exsisteret
3444 927 3460 951 ,

1902 983 2116 1038 tametsi
2163 998 2437 1052 nunquam
2495 980 2742 1035 effectus.
2802 979 2926 1032 llaec
2968 981 3127 1048 igitur
3154 988 3352 1032 aeterna
3379 977 3463 1031 in-

1906 1074 2205 1145 telligentia
2266 1089 2329 1128 ex
2376 1074 2583 1141 integro
2626 1088 2729 1124 una
2789 1079 2870 1125 est
2908 1072 2962 1122 in
3020 1069 3192 1136 primo
3257 1067 3463 1122 intelle-

1906 1176 1996 1219 ctu
2031 1165 2198 1236 signis
2225 1173 2432 1217 tantum
2461 1163 2531 1216 ab
2556 1162 2901 1231 intelligentia
2923 1161 3176 1213 discreta.
3199 1157 3461 1212 Praeterea

1910 1258 1962 1310 in
1988 1257 2226 1312 humano
2250 1256 2522 1310 intellectu
2551 1254 2697 1308 aliud
2727 1263 2808 1308 est
2833 1269 2945 1307 rem
2979 1252 3299 1319 intelligere,
3324 1249 3470 1304 aliud

1912 1349 2333 1404 intellectionem
2365 1348 2712 1409 intellectam,
2741 1360 2861 1398 cum
2890 1345 2954 1398 ad
2979 1343 3252 1413 propriam
3277 1357 3467 1410 opera-

1912 1439 2112 1492 tionem
2134 1439 2434 1493 intellectus
2451 1437 2817 1502 convertitur;
2839 1435 2977 1488 unde
2996 1436 3110 1488 alia:
3129 1446 3248 1487 sunt
3269 1448 3470 1494 rerum,

1913 1530 2028 1583 alite
2057 1529 2122 1583 de
2151 1530 2317 1585 rebus
2349 1530 2770 1583 intellectionum
2796 1527 3019 1580 notitize.
3055 1524 3247 1578 Verum
3272 1524 3374 1577 Itoc
3408 1522 3463 1576 in

1917 1625 2022 1681 Deo
2051 1640 2157 1678 non
2188 1623 2468 1679 differunt.
2491 1623 2715 1675 Aliunde
2741 1623 2877 1674 ratio
2901 1629 2954 1674 et
2986 1620 3232 1673 voluntas
3285 1617 3337 1671 in
3373 1618 3470 1670 lto-

1918 1721 2062 1776 mine
2080 1736 2185 1775 non
2213 1733 2395 1773 revera
2417 1718 2822 1788 distinguuntur
2847 1731 2969 1784 erga
2997 1721 3403 1783 cognoscentem
3424 1721 3474 1763 ιιι

1918 1812 2185 1868 volentem
2223 1810 2574 1865 intellectum.
2595 1808 2843 1860 Divinum
2871 1821 2998 1859 vero
3020 1804 3252 1859 Verbum
3282 1811 3335 1857 et
3356 1801 3477 1871 Spi-

1917 1907 2055 1959 ritus
2078 1911 2305 1960 sanctus
2335 1901 2546 1955 realiter
2569 1915 2597 1952 a
2621 1901 2777 1953 Patre
2810 1897 3233 1964 distinguuntur.
3255 1892 3386 1948 Nam
3411 1895 3516 1952 il—y

1917 1996 1989 2050 lic
2023 2002 2236 2064 oportet
2266 2004 2325 2046 nt
2364 1993 2434 2046 sit
2463 2000 2668 2044 naturae
2700 2003 2908 2043 summa
2937 1987 3138 2057 unitas,
3167 1993 3224 2038 nt
3251 1986 3354 2040 Deo
3385 2000 3482 2053 par

1917 2098 2021 2150 est,
2053 2095 2107 2141 et
2134 2100 2256 2140 vera
2296 2084 2547 2138 similiter
2585 2092 2638 2136 ct
2661 2081 2904 2136 eil'ectiva
2939 2079 3244 2143 distinctio,
3286 2076 3480 2130 unitati

1919 2183 2094 2233 tamen
2153 2185 2361 2230 naturae
2414 2173 2637 2227 minimc
2691 2171 2937 2225 obstans.
2972 2169 3181 2222 Etenim
3242 2166 3473 2220 indivisa

1918 2278 1971 2325 et
2000 2267 2302 2338 personalis
2325 2266 2609 2320 distinctio
2633 2280 2751 2332 qnzc
2782 2264 2834 2316 in
2883 2263 3146 2316 creaturis
3203 2258 3482 2312 materiam

1923 2360 2083 2414 habet
2117 2371 2364 2419 causam,
2423 2355 2659 2424 approbe
2704 2368 2798 2420 per
2849 2349 3162 2419 bnjusm.odi
3230 2361 3485 2402 numeros

1921 2461 2170 2505 naturam
2198 2430 2413 2503 \dividit.
2440 2445 2547 2500 Sed
2581 2445 2722 2514 apud
2751 2442 3210 2510 simplicissimum
3245 2447 3296 2492 et
3328 2439 3486 2492 intel-

1923 2543 2339 2610 ligentissimum
2376 2538 2566 2601 Deum,
2598 2551 2722 2589 cum
2753 2551 2819 2589 ex
2877 2532 3200 2601 intelligibili
3271 2538 3478 2583 tantum

1864 2668 1873 2677 -
1925 2633 2182 2688 relatione
2205 2645 2424 2687 causam
2459 2628 2678 2689 habeat,
2709 2635 2916 2680 natura:
2952 2639 3058 2678 non
3091 2621 3281 2676 dividit
3311 2621 3488 2674 unita-

1926 2735 2052 2782 teni.
2085 2725 2191 2779 Nec
2218 2724 2338 2778 aliis
2372 2722 2559 2791 paucis
2592 2719 2941 2789 probabiliter
2965 2717 3107 2770 inter
3142 2731 3201 2769 se
3224 2713 3485 2768 differunt

1926 2819 2167 2872 increata
2202 2815 2441 2870 Trinitas
2464 2813 2605 2883 apud
2665 2801 2854 2876 Deum;
2907 2819 2961 2864 ct
3015 2809 3157 2878 apud
3218 2806 3487 2861 hominem

1928 2919 2128 2966 creata.
2163 2910 2230 2962 At
2281 2907 2632 2975 quantumvis
2662 2905 2844 2957 multa
2871 2902 2981 2956 sint
3010 2902 3123 2971 lucc
3181 2897 3492 2954 diﬁerentia:

1930 3016 2037 3055 non
2077 3009 2254 3055 cessat
2292 3000 2345 3052 in
2363 2998 2628 3051 Trinitate
2660 2996 3045 3065 proprietatum
3082 3008 3176 3047 seu
3236 3003 3492 3060 persona-

1856 3114 1902 3177 C
1938 3106 2058 3145 rum
2084 3090 2427 3164 assimilatio.
2480 3086 2766 3142 Permanet
2811 3083 3136 3150 verojuxta
3189 3079 3489 3150 processio-

1941 3193 2060 3233 nem
2093 3195 2280 3234 earum
2309 3188 2362 3232 et.
2386 3179 2653 3241 ordinem,
2687 3175 3166 3244 processionisque
3197 3179 3250 3224 ct
3279 3168 3493 3224 ordinis

1933 3272 2151 3326 modum
2188 3280 2347 3338 atque
2369 3270 2526 3323 etiam
2565 3269 2716 3335 juxta
2755 3266 3078 3320 substantia:
3155 3263 3409 3316 unitatem
3441 3263 3494 3314 in

1935 3344 2265 3433 pluralitate:
2293 3378 2354 3416 ac
2385 3376 2492 3415 uno
2525 3360 2741 3415 tandem
2777 3358 2939 3413 verbo
2973 3355 3493 3425 intelligibilitatem.

1936 3453 2090 3519 Quod
2120 3455 2164 3506 si
2207 3469 2329 3506 cum
2393 3453 2563 3505 multa
2601 3450 2710 3503 illic
2764 3448 3142 3517 prmcellentia,
3177 3445 3267 3498 hic
3322 3451 3497 3498 autem

1938 3541 2330 3612 imperfectins.
2371 3542 2542 3594 multa
2571 3537 2770 3612 iterum
2807 3540 2857 3591 in
2889 3547 3141 3593 creatura
3195 3533 3498 3588 dill'erentia

1939 3609 2182 3684 cernitur
2214 3629 2279 3681 ab
2305 3629 2559 3697 imagine,
2582 3641 2706 3694 qua:
2737 3609 2952 3692 (intidem
2986 3623 3234 3678 omnibus
3263 3622 3387 3675 data
3419 3627 3501 3674 est

1939 3721 2249 3776 hominibus
2266 3729 2623 3774 utcmnmnne
2654 3719 2854 3771 donum
2889 3717 3110 3784 majoris
3141 3713 3502 3770 communica-

1944 3811 2105 3867 tionis
2130 3810 2471 3878 principium,
2493 3825 2682 3876 nempe
2705 3810 2757 3862 in
2788 3809 2966 3862 futura
2997 3807 3102 3860 vita
3137 3808 3221 3861 his
3246 3789 3334 3875 Qui
3370 3821 3508 3873 pra:-

1943 3909 2080 3955 sentt
2102 3909 2244 3952 recte
2270 3898 2348 3950 usi
2377 3896 2574 3950 fuerint
2598 3911 2612 3949 :
2635 3912 2740 3950 non
2767 3905 2948 3948 autem
2975 3909 3166 3950 omnes
3192 3893 3392 3962 pariter
3415 3892 3502 3945 illa

1945 3991 2198 4045 fruuntur
2226 4006 2241 4054 ;
2273 3989 2365 4044 sed
2408 3989 2498 4042 alii
2549 3988 3027 4055 generosissimum
3089 3986 3241 4038 illum
3303 3995 3510 4037 naturae

1946 4094 2260 4153 apparatqu
2321 4081 2593 4136 voluntate
2621 4090 2672 4133 et
2709 4080 3066 4134 contentione
3104 4079 3324 4148 propria
3351 4077 3510 4132 elIor-

1949 4183 2119 4238 tnant,
2169 4171 2396 4240 ejusque
2450 4168 2760 4222 accendunt
2819 4167 3280 4235 pulchritudinem
3336 4172 3390 4217 et
3441 4162 3506 4216 ad

1948 4267 2115 4320 cmlos
2144 4279 2315 4333 usque
2367 4261 2669 4326 extollunt;
2703 4260 2789 4313 alii
2828 4267 3014 4314 contra
3082 4258 3226 4312 velut
3287 4256 3434 4310 iners
3458 4263 3513 4306 et

1952 4360 2184 4414 informe
2216 4358 2490 4426 quidpiam
2527 4357 2677 4431 illum.
2714 4354 2931 4408 inscitia
2967 4361 3059 4407 aut
3106 4352 3308 4405 malitia
3353 4352 3513 4405 obru-

1925 4448 1928 4452 “
1959 4460 2070 4503 tum
2107 4451 2332 4502 missum
2377 4449 2597 4502 faciunt.

277 4551 376 4625 καὶ
415 4550 614 4620 μέχρις
639 4545 878 4616 οὐρανῶν
906 4544 1133 4610 ἀνιέναι,
1158 4546 1265 4606 τοῖς
1294 4544 1348 4597 δὲ
1379 4543 1546 4614 ἀργόν
1578 4560 1630 4594 τι
1657 4545 1843 4614 χρῆμα
1883 4545 1973 4597 καὶ
2047 4545 2294 4614 ἄμορφον
2363 4541 2745 4596 καταλείπεται
2811 4539 3022 4610 ἀμαθίᾳ
3081 4535 3517 4605 συγκαλυπτόμεο

275 4663 365 4700 νον
399 4646 436 4716 ἢ
467 4643 719 4714 πονηρίᾳ.

351 4740 470 4792 Καὶ
527 4739 714 4816 ταῦτα.
733 4735 831 4804 μὲν
886 4736 1062 4790 πάντα
1112 4734 1240 4805 περί
1271 4734 1370 4804 τῆς
1420 4733 1568 4798 θείας
1624 4734 1850 4801 Τριάδος
1884 4739 1927 4794 D

278 4834 420 4901 πρὸς
444 4830 578 4891 τοὺς
603 4827 704 4891 ἔξω
729 4828 822 4880 καὶ
854 4818 1070 4895 εἴρηται
1101 4826 1195 4878 καί
1242 4826 1494 4893 λέγεσθαι
1545 4827 1642 4891 δεῖ,
1671 4826 1743 4888 ὠς
1788 4825 1852 4877 ἐκ

276 4940 426 4986 τινος
462 4918 643 4990 ἀρχῆς
675 4919 805 4989 ἡμῖν
835 4935 894 4970 τε
948 4921 1040 4970 καί
1096 4918 1321 4981 ἐκείνοις
1387 4914 1567 4987 κοινῆς
1607 4919 1703 4988 τῆς
1757 4916 1850 4970 τοῦ

277 5014 533 5074 Μωσέως
565 5009 909 5073 διδασκαλίας
938 5027 950 5043 ·
991 5011 1121 5079 ἡμῖν
1165 5011 1220 5062 δὲ
1271 5011 1427 5077 λόγου
1488 5011 1684 5073 παντὸς
1735 5011 1853 5062 ἐπέ-

275 5121 440 5158 κεινα
464 5101 570 5172 τὴν
599 5102 725 5170 περὶ
759 5100 961 5152 τούτων
988 5101 1166 5152 πίστιν
1204 5101 1364 5164 αὐτὸς
1391 5102 1418 5154 ὁ
1448 5101 1587 5163 θεῖος
1632 5101 1854 5170 ἐνέθηκε

277 5197 477 5263 Λόγος.
514 5191 718 5246 Τούτου
741 5192 898 5260 χάριν
921 5191 1018 5259 τὴν
1047 5192 1315 5262 ἡμετέραν
1346 5192 1558 5259 ἀληθῶς
1611 5191 1708 5260 μὲν
1737 5193 1856 5244 θεο-

278 5282 513 5355 πρεπῶ;
547 5281 605 5335 δὲ
633 5281 780 5351 ὅμως
808 5279 1239 5350 προσλαόόμενος
1275 5281 1456 5348 φύσιν,
1478 5280 1570 5334 καί
1604 5281 1780 5345 δόξαις
1803 5298 1858 5334 τε

273 5380 397 5440 ταῖς
428 5373 664 5445 ἀληθέσι
689 5374 816 5440 περὶ
843 5371 938 5425 τοῦ
965 5373 1122 5442 μόνου
1151 5373 1284 5426 Θεοῦ
1319 5377 1412 5429 καὶ
1437 5375 1594 5444 μόνου
1627 5373 1736 5425 τῶν
1776 5373 1861 5424 ὗν-

274 5485 386 5521 των
420 5465 650 5519 πάντων
677 5459 855 5514 αἰτίου
898 5464 990 5514 καὶ
1037 5462 1221 5531 νόμοις
1247 5464 1375 5534 περί
1408 5461 1502 5515 τοῦ
1536 5462 1684 5532 βιοῦν
1716 5463 1860 5532 ἔχειν

275 5559 460 5628 ὀρθῶς
490 5556 802 5622 ἐκόσμησεν
833 5555 978 5622 ἡμᾶς
1007 5555 1070 5606 ὲκ
1110 5557 1207 5624 τῆς
1255 5556 1386 5624 πρὶν
1417 5556 1704 5624 ἀκοσμίας,
1736 5555 1798 5622 ἣν
1831 5554 1858 5604 ὁ

276 5653 370 5706 το]
390 5649 634 5719 ψεύδους
655 5643 835 5713 πατὴρ
853 5646 982 5714 ἡμῖν
1004 5644 1375 5714 ὲπεσὼρευσεν
1397 5645 1498 5699 οὐκ
1527 5647 1591 5699 ἂν
1613 5645 1863 5714 δυνηθεὶς

277 5752 332 5816 vi“
361 5741 441 5795 ὧν
467 5740 532 5792 τὸ
567 5736 684 5791 δέον
734 5735 877 5790 ἅπαν
907 5735 1231 5806 τηρούντων.
1264 5737 1397 5804 Δόξα
1429 5739 1603 5791 τοίνυν
1648 5737 1720 5806 τῷ
1761 5738 1866 5790 A6—

2043 4733 2165 4788 llazc
2197 4731 2379 4786 omnia
2409 4731 2475 4784 de
2507 4729 2691 4783 divina
2726 4725 2993 4780 Trinilatc
3023 4723 3089 4777 ad
3128 4737 3220 4776 cos
3261 4720 3350 4789 qui
3389 4719 3518 4774 foris

1966 4833 2094 4880 sunt
2141 4824 2347 4876 dictum
2396 4820 2792 4888 dicendumque
2835 4827 2940 4882 cst,
2987 4831 3050 4869 cx
3091 4814 3326 4883 quodam
3363 4814 3518 4882 quasi

1959 4914 2229 4985 principio
2273 4912 2430 4966 nobis
2473 4921 2527 4965 et
2569 4911 2702 4978 ipsis
2733 4908 3042 4971 communi,
3101 4905 3267 4959 Mosis
3325 4919 3517 4971 nempe

1961 5006 2231 5060 doctrina.
2269 5003 2440 5059 Nobis
2496 5012 2674 5056 autem
2715 5011 2908 5070 prmter
2958 5013 3116 5050 omne
3169 4995 3514 5049 ratiocinium

1962 5098 2096 5152 ﬁdes
2128 5098 2196 5150 ab
2229 5097 2346 5166 ipso
2370 5095 2553 5148 divino
2587 5093 2760 5146 Verbo
2796 5092 2862 5144 de
2894 5089 2978 5143 Itis
3005 5089 3208 5141 inserta
3241 5093 3342 5140 est.
3378 5085 3516 5150 Qua-

1965 5195 2186 5258 propter
2216 5196 2466 5239 nalnram
2503 5192 2738 5237 nostram
2774 5196 2896 5234 vere
2921 5224 2935 5242 ,
2972 5178 3081 5231 Deo
3119 5187 3297 5230 tamen
3331 5176 3515 5230 condi-

1964 5295 2064 5349 gne
2107 5278 2412 5346 suscipiens
2439 5287 2490 5329 et
2516 5275 2656 5330 veris
2695 5273 2986 5328 sententiis
3015 5273 3079 5324 de
3114 5287 3218 5324 uno
3254 5270 3359 5323 Deo
3398 5270 3514 5321 solo

1964 5381 2279 5426 cunctorum
2304 5368 2509 5422 entiunt
2547 5374 2770 5419 auclore
2800 5374 2854 5418 et
2881 5364 3083 5430 legibus
3108 5363 3172 5413 ad
3207 5360 3516 5427 dirigendOs

1965 5476 2140 5515 mores
2174 5475 2272 5513 nos
2307 5459 2591 5513 exornavit
2614 5500 2627 5522 ,
2667 5455 2834 5525 priori
2869 5465 3047 5508 amoto
3081 5452 3343 5506 dedecore
3373 5449 3515 5518 quod

1966 5553 2017 5605 in
2067 5567 2165 5606 nos
2212 5550 2479 5605 mendacii
2526 5559 2680 5618 pater
2712 5555 3081 5616 congesserat,
3117 5561 3219 5596 non
3272 5543 3342 5596 ita
3373 5552 3517 5595 certe

1968 5645 2198 5699 laesurus
2233 5643 2278 5698 si
2306 5657 2403 5697 nos
2437 5641 2679 5709 approbe
2707 5640 3050 5691 stetis-scmus
3085 5634 3311 5703 legibus.
3339 5634 3518 5689 (ἶίοΓἰί

1972 5738 2136 5807 igitur
2169 5733 2342 5792 Verbo
2372 5734 2460 5789 Dei
2491 5743 2540 5789 t‘t
2581 5733 2715 5786 Filio
2752 5732 2841 5797 qui
2877 5737 3020 5784 tanta
3054 5727 3206 5781 nobis
3239 5727 3372 5780 bona
3412 5725 3487 5777 lat
