  <div class='ocr_page' id='page_1' title='image "/cluster/home/n/w/nwhite01/storage/ocr_20150623/160/pst.000005714803/325.png"; bbox 0 0 3986 6328; ppageno 0'>
   <div class='ocr_carea' id='block_1_1' title="bbox 478 323 584 389">
    <p class='ocr_par' dir='ltr' id='par_1_1' title="bbox 478 323 584 389">
     <span class='ocr_line' id='line_1_1' title="bbox 478 323 584 389; baseline -0.038 0"><span class='ocrx_word' id='word_1_1' title='bbox 478 323 584 389; x_wconf 82' lang='lat'><strong>595</strong></span> 
     </span>
    </p>
   </div>
   <div class='ocr_carea' id='block_1_2' title="bbox 1558 327 2642 397">
    <p class='ocr_par' dir='ltr' id='par_1_2' title="bbox 1558 327 2642 397">
     <span class='ocr_line' id='line_1_2' title="bbox 1558 327 2642 397; baseline 0.011 -11"><span class='ocrx_word' id='word_1_2' title='bbox 1558 327 1934 389; x_wconf 71' lang='lat' dir='ltr'><strong>GENNADII</strong></span> <span class='ocrx_word' id='word_1_3' title='bbox 1975 329 2083 390; x_wconf 75' lang='grc' dir='ltr'><strong>ΕΡ.</strong></span> <span class='ocrx_word' id='word_1_4' title='bbox 2127 331 2642 397; x_wconf 73' lang='lat' dir='ltr'><strong>PATRIARCHIE</strong></span> 
     </span>
    </p>
   </div>
   <div class='ocr_carea' id='block_1_3' title="bbox 3599 347 3700 409">
    <p class='ocr_par' dir='ltr' id='par_1_3' title="bbox 3599 347 3700 409">
     <span class='ocr_line' id='line_1_3' title="bbox 3599 347 3700 409; baseline 0 -1"><span class='ocrx_word' id='word_1_5' title='bbox 3599 347 3700 409; x_wconf 76' lang='lat'><strong>596</strong></span> 
     </span>
    </p>
   </div>
   <div class='ocr_carea' id='block_1_4' title="bbox 475 432 2051 525">
    <p class='ocr_par' dir='ltr' id='par_1_4' title="bbox 475 432 2038 504">
     <span class='ocr_line' id='line_1_4' title="bbox 475 432 2038 504; baseline 0.003 -18"><span class='ocrx_word' id='word_1_6' title='bbox 475 434 620 504; x_wconf 74' lang='lat' dir='ltr'><strong>gitus</strong></span> <span class='ocrx_word' id='word_1_7' title='bbox 655 441 736 488; x_wconf 88' lang='lat' dir='ltr'><strong>est</strong></span> <span class='ocrx_word' id='word_1_8' title='bbox 766 432 906 486; x_wconf 73' lang='lat' dir='ltr'><strong>haud</strong></span> <span class='ocrx_word' id='word_1_9' title='bbox 939 433 1119 502; x_wconf 86' lang='lat' dir='ltr'><strong>qualia</strong></span> <span class='ocrx_word' id='word_1_10' title='bbox 1171 442 1375 488; x_wconf 79' lang='lat' dir='ltr'><strong>tantum</strong></span> <span class='ocrx_word' id='word_1_11' title='bbox 1430 438 1682 493; x_wconf 79' lang='lat' dir='ltr'><strong>omnibus</strong></span> <span class='ocrx_word' id='word_1_12' title='bbox 1718 440 1940 496; x_wconf 86' lang='lat' dir='ltr'><strong>eutibus</strong></span> <span class='ocrx_word' id='word_1_13' title='bbox 1985 444 2038 491; x_wconf 69' lang='lat' dir='ltr'><strong>et</strong></span> 
     </span>
    </p>
   </div>
   <div class='ocr_carea' id='block_1_5' title="bbox 2150 432 3705 525">
    <p class='ocr_par' dir='ltr' id='par_1_5' title="bbox 2150 443 3705 525">
     <span class='ocr_line' id='line_1_5' title="bbox 2150 443 3705 525; baseline 0.01 -30"><span class='ocrx_word' id='word_1_14' title='bbox 2150 459 2221 515; x_wconf 76' lang='grc' dir='ltr'>γῳ</span> <span class='ocrx_word' id='word_1_15' title='bbox 2252 445 2344 497; x_wconf 75' lang='grc' dir='ltr'>τοῦ</span> <span class='ocrx_word' id='word_1_16' title='bbox 2368 445 2502 499; x_wconf 84' lang='grc' dir='ltr'><strong>Θεοῦ</strong></span> <span class='ocrx_word' id='word_1_17' title='bbox 2530 447 2622 501; x_wconf 69' lang='grc' dir='ltr'><strong>καὶ</strong></span> <span class='ocrx_word' id='word_1_18' title='bbox 2676 446 2788 516; x_wconf 82' lang='grc' dir='ltr'>Υίῷ</span> <span class='ocrx_word' id='word_1_19' title='bbox 2822 443 3090 504; x_wconf 79' lang='grc' dir='ltr'>τοσούτων</span> <span class='ocrx_word' id='word_1_20' title='bbox 3123 450 3301 506; x_wconf 87' lang='grc' dir='ltr'>καλῶν</span> <span class='ocrx_word' id='word_1_21' title='bbox 3349 454 3484 524; x_wconf 72' lang='grc' dir='ltr'>ἡμῖν</span> <span class='ocrx_word' id='word_1_22' title='bbox 3530 456 3705 525; x_wconf 71' lang='grc' dir='ltr'>ὑπόρ-</span> 
     </span>
    </p>
   </div>
   <div class='ocr_carea' id='block_1_6' title="bbox 475 521 2032 600">
    <p class='ocr_par' dir='ltr' id='par_1_6' title="bbox 475 521 2032 600">
     <span class='ocr_line' id='line_1_6' title="bbox 475 521 2032 600; baseline 0.007 -25"><span class='ocrx_word' id='word_1_23' title='bbox 475 521 734 591; x_wconf 86' lang='lat' dir='ltr'><strong>operibus</strong></span> <span class='ocrx_word' id='word_1_24' title='bbox 769 521 906 585; x_wconf 85' lang='lat' dir='ltr'><strong>suis,</strong></span> <span class='ocrx_word' id='word_1_25' title='bbox 935 523 1026 576; x_wconf 88' lang='lat' dir='ltr'><strong>sed</strong></span> <span class='ocrx_word' id='word_1_26' title='bbox 1056 524 1217 576; x_wconf 84' lang='lat' dir='ltr'><strong>etiam</strong></span> <span class='ocrx_word' id='word_1_27' title='bbox 1255 526 1468 579; x_wconf 89' lang='lat' dir='ltr'><strong>cunctis</strong></span> <span class='ocrx_word' id='word_1_28' title='bbox 1515 531 1826 595; x_wconf 40' lang='lat' dir='ltr'><strong>prapstantia</strong></span> <span class='ocrx_word' id='word_1_29' title='bbox 1856 547 2032 600; x_wconf 87' lang='lat' dir='ltr'><strong>eaque</strong></span> 
     </span>
    </p>
   </div>
   <div class='ocr_carea' id='block_1_7' title="bbox 477 615 2033 692">
    <p class='ocr_par' dir='ltr' id='par_1_7' title="bbox 477 615 2033 692">
     <span class='ocr_line' id='line_1_7' title="bbox 477 615 2033 692; baseline 0.001 -28"><span class='ocrx_word' id='word_1_30' title='bbox 477 621 761 680; x_wconf 84' lang='lat' dir='ltr'><strong>perpetuo,</strong></span> <span class='ocrx_word' id='word_1_31' title='bbox 789 629 961 682; x_wconf 89' lang='lat' dir='ltr'><strong>neque</strong></span> <span class='ocrx_word' id='word_1_32' title='bbox 993 615 1168 667; x_wconf 86' lang='lat' dir='ltr'><strong>solum</strong></span> <span class='ocrx_word' id='word_1_33' title='bbox 1198 617 1452 672; x_wconf 87' lang='lat' dir='ltr'><strong>omnibus</strong></span> <span class='ocrx_word' id='word_1_34' title='bbox 1480 635 1599 684; x_wconf 83' lang='lat' dir='ltr'><strong>una,</strong></span> <span class='ocrx_word' id='word_1_35' title='bbox 1639 623 1732 675; x_wconf 87' lang='lat' dir='ltr'><strong>sed</strong></span> <span class='ocrx_word' id='word_1_36' title='bbox 1766 633 1821 676; x_wconf 87' lang='lat' dir='ltr'><strong>et</strong></span> <span class='ocrx_word' id='word_1_37' title='bbox 1847 624 2033 692; x_wconf 72' lang='lat' dir='ltr'><strong>singu.</strong></span> 
     </span>
    </p>
   </div>
   <div class='ocr_carea' id='block_1_8' title="bbox 481 702 2035 772">
    <p class='ocr_par' dir='ltr' id='par_1_8' title="bbox 481 702 2035 772">
     <span class='ocr_line' id='line_1_8' title="bbox 481 702 2035 772; baseline 0.01 -18"><span class='ocrx_word' id='word_1_38' title='bbox 481 702 653 757; x_wconf 88' lang='lat' dir='ltr'><strong>latim.</strong></span> <span class='ocrx_word' id='word_1_39' title='bbox 693 703 813 772; x_wconf 85' lang='lat' dir='ltr'><strong>Ipse</strong></span> <span class='ocrx_word' id='word_1_40' title='bbox 845 705 985 757; x_wconf 88' lang='lat' dir='ltr'><strong>enim</strong></span> <span class='ocrx_word' id='word_1_41' title='bbox 1021 706 1089 760; x_wconf 86' lang='lat' dir='ltr'><strong>ab</strong></span> <span class='ocrx_word' id='word_1_42' title='bbox 1126 717 1326 761; x_wconf 64' lang='lat' dir='ltr'><strong>aeterno</strong></span> <span class='ocrx_word' id='word_1_43' title='bbox 1356 724 1457 764; x_wconf 78' lang='lat' dir='ltr'><strong>nos</strong></span> <span class='ocrx_word' id='word_1_44' title='bbox 1514 726 1569 766; x_wconf 86' lang='lat' dir='ltr'><strong>et</strong></span> <span class='ocrx_word' id='word_1_45' title='bbox 1616 715 1876 768; x_wconf 84' lang='lat' dir='ltr'><strong>mundum</strong></span> <span class='ocrx_word' id='word_1_46' title='bbox 1913 717 2035 770; x_wconf 80' lang='lat' dir='ltr'><strong>uni-</strong></span> 
     </span>
    </p>
   </div>
   <div class='ocr_carea' id='block_1_9' title="bbox 479 798 2041 870">
    <p class='ocr_par' dir='ltr' id='par_1_9' title="bbox 479 798 2041 870">
     <span class='ocr_line' id='line_1_9' title="bbox 479 798 2041 870; baseline 0.01 -24"><span class='ocrx_word' id='word_1_47' title='bbox 479 808 695 850; x_wconf 80' lang='lat' dir='ltr'><strong>versum</strong></span> <span class='ocrx_word' id='word_1_48' title='bbox 725 812 889 864; x_wconf 85' lang='lat' dir='ltr'><strong>penes</strong></span> <span class='ocrx_word' id='word_1_49' title='bbox 912 813 971 851; x_wconf 90' lang='lat' dir='ltr'><strong>se</strong></span> <span class='ocrx_word' id='word_1_50' title='bbox 997 798 1187 852; x_wconf 86' lang='lat' dir='ltr'><strong>habuit</strong></span> <span class='ocrx_word' id='word_1_51' title='bbox 1220 800 1648 870; x_wconf 76' lang='lat' dir='ltr'><strong>intelligibiliter,</strong></span> <span class='ocrx_word' id='word_1_52' title='bbox 1670 806 1733 859; x_wconf 89' lang='lat' dir='ltr'><strong>ad</strong></span> <span class='ocrx_word' id='word_1_53' title='bbox 1763 815 1914 861; x_wconf 81' lang='lat' dir='ltr'><strong>extra</strong></span> <span class='ocrx_word' id='word_1_54' title='bbox 1947 823 2041 860; x_wconf 86' lang='lat' dir='ltr'><strong>att-</strong></span> 
     </span>
    </p>
   </div>
   <div class='ocr_carea' id='block_1_10' title="bbox 483 889 2040 964">
    <p class='ocr_par' dir='ltr' id='par_1_10' title="bbox 483 889 2040 964">
     <span class='ocr_line' id='line_1_10' title="bbox 483 889 2040 964; baseline 0.01 -29"><span class='ocrx_word' id='word_1_55' title='bbox 483 894 588 937; x_wconf 91' lang='lat' dir='ltr'><strong>tem</strong></span> <span class='ocrx_word' id='word_1_56' title='bbox 615 889 983 955; x_wconf 88' lang='lat' dir='ltr'><strong>temporaliter</strong></span> <span class='ocrx_word' id='word_1_57' title='bbox 1014 891 1289 956; x_wconf 78' lang='lat' dir='ltr'><strong>produxit,</strong></span> <span class='ocrx_word' id='word_1_58' title='bbox 1312 893 1471 945; x_wconf 87' lang='lat' dir='ltr'><strong>simul</strong></span> <span class='ocrx_word' id='word_1_59' title='bbox 1496 904 1548 948; x_wconf 90' lang='lat' dir='ltr'><strong>et</strong></span> <span class='ocrx_word' id='word_1_60' title='bbox 1587 904 1801 964; x_wconf 83' lang='lat' dir='ltr'><strong>tempus</strong></span> <span class='ocrx_word' id='word_1_61' title='bbox 1837 896 2040 951; x_wconf 77' lang='lat' dir='ltr'><strong>faciens</strong></span> 
     </span>
    </p>
   </div>
   <div class='ocr_carea' id='block_1_11' title="bbox 481 982 2040 1054">
    <p class='ocr_par' dir='ltr' id='par_1_11' title="bbox 481 982 2040 1054">
     <span class='ocr_line' id='line_1_11' title="bbox 481 982 2040 1054; baseline 0.008 -25"><span class='ocrx_word' id='word_1_62' title='bbox 481 992 619 1045; x_wconf 90' lang='lat' dir='ltr'><strong>opus</strong></span> <span class='ocrx_word' id='word_1_63' title='bbox 645 987 881 1045; x_wconf 71' lang='lat' dir='ltr'><strong>paternae</strong></span> <span class='ocrx_word' id='word_1_64' title='bbox 903 990 955 1034; x_wconf 92' lang='lat' dir='ltr'><strong>et</strong></span> <span class='ocrx_word' id='word_1_65' title='bbox 987 982 1247 1050; x_wconf 84' lang='lat' dir='ltr'><strong>sapientis</strong></span> <span class='ocrx_word' id='word_1_66' title='bbox 1281 985 1556 1039; x_wconf 75' lang='lat' dir='ltr'><strong>bonitatis.</strong></span> <span class='ocrx_word' id='word_1_67' title='bbox 1581 988 1697 1054; x_wconf 83' lang='lat' dir='ltr'><strong>Ipse</strong></span> <span class='ocrx_word' id='word_1_68' title='bbox 1735 988 2040 1042; x_wconf 78' lang='lat' dir='ltr'><strong>admirabili</strong></span> 
     </span>
    </p>
   </div>
   <div class='ocr_carea' id='block_1_12' title="bbox 485 1068 2039 1141">
    <p class='ocr_par' dir='ltr' id='par_1_12' title="bbox 485 1068 2039 1141">
     <span class='ocr_line' id='line_1_12' title="bbox 485 1068 2039 1141; baseline 0.008 -20"><span class='ocrx_word' id='word_1_69' title='bbox 485 1068 894 1137; x_wconf 84' lang='lat' dir='ltr'><strong>dispensatione</strong></span> <span class='ocrx_word' id='word_1_70' title='bbox 944 1087 1044 1125; x_wconf 90' lang='lat' dir='ltr'><strong>nos</strong></span> <span class='ocrx_word' id='word_1_71' title='bbox 1077 1075 1431 1141; x_wconf 88' lang='lat' dir='ltr'><strong>spiritualiter</strong></span> <span class='ocrx_word' id='word_1_72' title='bbox 1466 1078 1786 1132; x_wconf 72' lang='lat' dir='ltr'><strong>instauravit</strong></span> <span class='ocrx_word' id='word_1_73' title='bbox 1829 1090 1883 1133; x_wconf 88' lang='lat' dir='ltr'><strong>et</strong></span> <span class='ocrx_word' id='word_1_74' title='bbox 1932 1095 2039 1134; x_wconf 90' lang='lat' dir='ltr'><strong>una</strong></span> 
     </span>
    </p>
   </div>
   <div class='ocr_carea' id='block_1_13' title="bbox 485 1164 2043 1236">
    <p class='ocr_par' dir='ltr' id='par_1_13' title="bbox 485 1164 2043 1236">
     <span class='ocr_line' id='line_1_13' title="bbox 485 1164 2043 1236; baseline 0.006 -20"><span class='ocrx_word' id='word_1_75' title='bbox 485 1164 760 1217; x_wconf 82' lang='lat' dir='ltr'><strong>curatione</strong></span> <span class='ocrx_word' id='word_1_76' title='bbox 808 1178 835 1218; x_wconf 88' lang='lat' dir='ltr'><strong>a</strong></span> <span class='ocrx_word' id='word_1_77' title='bbox 881 1165 1139 1219; x_wconf 88' lang='lat' dir='ltr'><strong>diuturno</strong></span> <span class='ocrx_word' id='word_1_78' title='bbox 1165 1176 1216 1219; x_wconf 90' lang='lat' dir='ltr'><strong>et</strong></span> <span class='ocrx_word' id='word_1_79' title='bbox 1265 1169 1553 1236; x_wconf 83' lang='lat' dir='ltr'><strong>multiplici</strong></span> <span class='ocrx_word' id='word_1_80' title='bbox 1600 1173 1790 1226; x_wconf 84' lang='lat' dir='ltr'><strong>morbo</strong></span> <span class='ocrx_word' id='word_1_81' title='bbox 1834 1174 2043 1227; x_wconf 84' lang='lat' dir='ltr'><strong>sanavit</strong></span> 
     </span>
    </p>
   </div>
   <div class='ocr_carea' id='block_1_14' title="bbox 488 1254 2043 1332">
    <p class='ocr_par' dir='ltr' id='par_1_14' title="bbox 488 1254 2043 1332">
     <span class='ocr_line' id='line_1_14' title="bbox 488 1254 2043 1332; baseline 0.008 -24"><span class='ocrx_word' id='word_1_82' title='bbox 488 1254 559 1308; x_wconf 92' lang='lat' dir='ltr'><strong>ob</strong></span> <span class='ocrx_word' id='word_1_83' title='bbox 586 1255 831 1311; x_wconf 80' lang='lat' dir='ltr'><strong>eamdem</strong></span> <span class='ocrx_word' id='word_1_84' title='bbox 862 1256 1181 1321; x_wconf 76' lang='lat' dir='ltr'><strong>bonitatem,</strong></span> <span class='ocrx_word' id='word_1_85' title='bbox 1212 1267 1467 1328; x_wconf 76' lang='lat' dir='ltr'><strong>tanquam</strong></span> <span class='ocrx_word' id='word_1_86' title='bbox 1503 1263 1749 1332; x_wconf 78' lang='lat' dir='ltr'><strong>egregius</strong></span> <span class='ocrx_word' id='word_1_87' title='bbox 1801 1265 2043 1320; x_wconf 86' lang='lat' dir='ltr'><strong>medicus</strong></span> 
     </span>
    </p>
   </div>
   <div class='ocr_carea' id='block_1_15' title="bbox 491 1350 2044 1420">
    <p class='ocr_par' dir='ltr' id='par_1_15' title="bbox 491 1350 2044 1420">
     <span class='ocr_line' id='line_1_15' title="bbox 491 1350 2044 1420; baseline 0.007 -20"><span class='ocrx_word' id='word_1_88' title='bbox 491 1361 703 1412; x_wconf 84' lang='lat' dir='ltr'><strong>unaque</strong></span> <span class='ocrx_word' id='word_1_89' title='bbox 729 1359 882 1417; x_wconf 82' lang='lat' dir='ltr'><strong>pater</strong></span> <span class='ocrx_word' id='word_1_90' title='bbox 904 1359 955 1402; x_wconf 92' lang='lat' dir='ltr'><strong>et</strong></span> <span class='ocrx_word' id='word_1_91' title='bbox 985 1350 1267 1405; x_wconf 85' lang='lat' dir='ltr'><strong>Dominus.</strong></span> <span class='ocrx_word' id='word_1_92' title='bbox 1295 1353 1412 1420; x_wconf 85' lang='lat' dir='ltr'><strong>Ipse</strong></span> <span class='ocrx_word' id='word_1_93' title='bbox 1450 1356 1691 1410; x_wconf 81' lang='lat' dir='ltr'><strong>moribus</strong></span> <span class='ocrx_word' id='word_1_94' title='bbox 1724 1371 1785 1409; x_wconf 82' lang='lat' dir='ltr'><strong>ac</strong></span> <span class='ocrx_word' id='word_1_95' title='bbox 1811 1357 1914 1411; x_wconf 79' lang='lat' dir='ltr'><strong>(ide</strong></span> <span class='ocrx_word' id='word_1_96' title='bbox 1944 1372 2044 1411; x_wconf 77' lang='lat' dir='ltr'><strong>nos</strong></span> 
     </span>
    </p>
   </div>
   <div class='ocr_carea' id='block_1_16' title="bbox 489 1437 2048 1519">
    <p class='ocr_par' dir='ltr' id='par_1_16' title="bbox 489 1437 2048 1519">
     <span class='ocr_line' id='line_1_16' title="bbox 489 1437 2048 1519; baseline 0.01 -30"><span class='ocrx_word' id='word_1_97' title='bbox 489 1437 744 1502; x_wconf 87' lang='lat' dir='ltr'><strong>instituit,</strong></span> <span class='ocrx_word' id='word_1_98' title='bbox 781 1440 940 1495; x_wconf 81' lang='lat' dir='ltr'><strong>ﬁdem</strong></span> <span class='ocrx_word' id='word_1_99' title='bbox 973 1442 1178 1496; x_wconf 83' lang='lat' dir='ltr'><strong>scilicet</strong></span> <span class='ocrx_word' id='word_1_100' title='bbox 1207 1444 1441 1500; x_wconf 86' lang='lat' dir='ltr'><strong>edocens</strong></span> <span class='ocrx_word' id='word_1_101' title='bbox 1487 1457 1542 1500; x_wconf 90' lang='lat' dir='ltr'><strong>et</strong></span> <span class='ocrx_word' id='word_1_102' title='bbox 1573 1448 1810 1503; x_wconf 64' lang='lat' dir='ltr'><strong>celestis</strong></span> <span class='ocrx_word' id='word_1_103' title='bbox 1850 1460 2048 1519; x_wconf 72' lang='lat' dir='ltr'><strong>myste-</strong></span> 
     </span>
    </p>
   </div>
   <div class='ocr_carea' id='block_1_17' title="bbox 487 1528 2043 1605">
    <p class='ocr_par' dir='ltr' id='par_1_17' title="bbox 487 1528 2043 1605">
     <span class='ocr_line' id='line_1_17' title="bbox 487 1528 2043 1605; baseline 0.008 -25"><span class='ocrx_word' id='word_1_104' title='bbox 487 1528 628 1582; x_wconf 82' lang='lat' dir='ltr'><strong>rium</strong></span> <span class='ocrx_word' id='word_1_105' title='bbox 648 1529 928 1585; x_wconf 83' lang='lat' dir='ltr'><strong>Trinitatis</strong></span> <span class='ocrx_word' id='word_1_106' title='bbox 962 1531 1189 1601; x_wconf 86' lang='lat' dir='ltr'><strong>pulchre</strong></span> <span class='ocrx_word' id='word_1_107' title='bbox 1219 1534 1374 1588; x_wconf 86' lang='lat' dir='ltr'><strong>nobis</strong></span> <span class='ocrx_word' id='word_1_108' title='bbox 1411 1551 1686 1601; x_wconf 82' lang='lat' dir='ltr'><strong>reserans,</strong></span> <span class='ocrx_word' id='word_1_109' title='bbox 1721 1553 1832 1605; x_wconf 88' lang='lat' dir='ltr'><strong>quo</strong></span> <span class='ocrx_word' id='word_1_110' title='bbox 1871 1540 2043 1592; x_wconf 77' lang='lat' dir='ltr'><strong>solum</strong></span> 
     </span>
    </p>
   </div>
   <div class='ocr_carea' id='block_1_18' title="bbox 490 1620 2047 1696">
    <p class='ocr_par' dir='ltr' id='par_1_18' title="bbox 490 1620 2047 1696">
     <span class='ocr_line' id='line_1_18' title="bbox 490 1620 2047 1696; baseline 0.01 -27"><span class='ocrx_word' id='word_1_111' title='bbox 490 1620 672 1689; x_wconf 74' lang='lat' dir='ltr'><strong>agnito</strong></span> <span class='ocrx_word' id='word_1_112' title='bbox 706 1634 845 1675; x_wconf 92' lang='lat' dir='ltr'><strong>unus</strong></span> <span class='ocrx_word' id='word_1_113' title='bbox 877 1620 1019 1676; x_wconf 87' lang='lat' dir='ltr'><strong>Deus</strong></span> <span class='ocrx_word' id='word_1_114' title='bbox 1046 1623 1149 1677; x_wconf 86' lang='lat' dir='ltr'><strong>rite</strong></span> <span class='ocrx_word' id='word_1_115' title='bbox 1183 1639 1245 1677; x_wconf 90' lang='lat' dir='ltr'><strong>ac</strong></span> <span class='ocrx_word' id='word_1_116' title='bbox 1276 1624 1514 1694; x_wconf 77' lang='lat' dir='ltr'><strong>legitime</strong></span> <span class='ocrx_word' id='word_1_117' title='bbox 1549 1628 1655 1680; x_wconf 88' lang='lat' dir='ltr'><strong>coli</strong></span> <span class='ocrx_word' id='word_1_118' title='bbox 1690 1635 1902 1696; x_wconf 81' lang='lat' dir='ltr'><strong>potest;</strong></span> <span class='ocrx_word' id='word_1_119' title='bbox 1935 1645 2047 1683; x_wconf 54' lang='lat' dir='ltr'><strong>mo.</strong></span> 
     </span>
    </p>
   </div>
   <div class='ocr_carea' id='block_1_19' title="bbox 495 1712 2042 1788">
    <p class='ocr_par' dir='ltr' id='par_1_19' title="bbox 495 1712 2042 1788">
     <span class='ocr_line' id='line_1_19' title="bbox 495 1712 2042 1788; baseline 0.005 -24"><span class='ocrx_word' id='word_1_120' title='bbox 495 1725 613 1764; x_wconf 88' lang='lat' dir='ltr'><strong>rum</strong></span> <span class='ocrx_word' id='word_1_121' title='bbox 662 1719 841 1766; x_wconf 88' lang='lat' dir='ltr'><strong>autem</strong></span> <span class='ocrx_word' id='word_1_122' title='bbox 897 1712 1006 1767; x_wconf 83' lang='lat' dir='ltr'><strong>dux</strong></span> <span class='ocrx_word' id='word_1_123' title='bbox 1045 1713 1269 1770; x_wconf 62' lang='lat' dir='ltr'><strong>allectus</strong></span> <span class='ocrx_word' id='word_1_124' title='bbox 1323 1732 1428 1769; x_wconf 83' lang='lat' dir='ltr'><strong>non</strong></span> <span class='ocrx_word' id='word_1_125' title='bbox 1474 1719 1755 1788; x_wconf 68' lang='lat' dir='ltr'><strong>praeceptis</strong></span> <span class='ocrx_word' id='word_1_126' title='bbox 1803 1730 2042 1776; x_wconf 82' lang='lat' dir='ltr'><strong>tau-tum-</strong></span> 
     </span>
    </p>
   </div>
   <div class='ocr_carea' id='block_1_20' title="bbox 495 1801 2044 1876">
    <p class='ocr_par' dir='ltr' id='par_1_20' title="bbox 495 1801 2044 1876">
     <span class='ocr_line' id='line_1_20' title="bbox 495 1801 2044 1876; baseline 0.008 -25"><span class='ocrx_word' id='word_1_127' title='bbox 495 1801 673 1866; x_wconf 86' lang='lat' dir='ltr'><strong>modo,</strong></span> <span class='ocrx_word' id='word_1_128' title='bbox 702 1802 796 1855; x_wconf 87' lang='lat' dir='ltr'><strong>sed</strong></span> <span class='ocrx_word' id='word_1_129' title='bbox 825 1803 938 1856; x_wconf 78' lang='lat' dir='ltr'><strong>suis</strong></span> <span class='ocrx_word' id='word_1_130' title='bbox 971 1803 1133 1858; x_wconf 89' lang='lat' dir='ltr'><strong>etiam</strong></span> <span class='ocrx_word' id='word_1_131' title='bbox 1165 1808 1448 1876; x_wconf 82' lang='lat' dir='ltr'><strong>exemplis.</strong></span> <span class='ocrx_word' id='word_1_132' title='bbox 1475 1809 1554 1862; x_wconf 81' lang='lat' dir='ltr'><strong>Ad</strong></span> <span class='ocrx_word' id='word_1_133' title='bbox 1592 1822 1840 1864; x_wconf 78' lang='lat' dir='ltr'><strong>neutrum</strong></span> <span class='ocrx_word' id='word_1_134' title='bbox 1870 1822 2044 1867; x_wconf 79' lang='lat' dir='ltr'><strong>tamen</strong></span> 
     </span>
    </p>
   </div>
   <div class='ocr_carea' id='block_1_21' title="bbox 493 1892 2044 1968">
    <p class='ocr_par' dir='ltr' id='par_1_21' title="bbox 493 1892 2044 1968">
     <span class='ocr_line' id='line_1_21' title="bbox 493 1892 2044 1968; baseline 0.008 -24"><span class='ocrx_word' id='word_1_135' title='bbox 493 1892 804 1960; x_wconf 68' lang='lat' dir='ltr'><strong>huiusmodi</strong></span> <span class='ocrx_word' id='word_1_136' title='bbox 841 1895 1106 1949; x_wconf 87' lang='lat' dir='ltr'><strong>bonorum</strong></span> <span class='ocrx_word' id='word_1_137' title='bbox 1160 1913 1259 1950; x_wconf 87' lang='lat' dir='ltr'><strong>nos</strong></span> <span class='ocrx_word' id='word_1_138' title='bbox 1311 1899 1490 1966; x_wconf 77' lang='lat' dir='ltr'><strong>adegit</strong></span> <span class='ocrx_word' id='word_1_139' title='bbox 1528 1901 1851 1968; x_wconf 83' lang='lat' dir='ltr'><strong>(cavendum</strong></span> <span class='ocrx_word' id='word_1_140' title='bbox 1902 1903 2044 1956; x_wconf 77' lang='lat' dir='ltr'><strong>enim</strong></span> 
     </span>
    </p>
   </div>
   <div class='ocr_carea' id='block_1_22' title="bbox 494 1984 2050 2062">
    <p class='ocr_par' dir='ltr' id='par_1_22' title="bbox 494 1984 2050 2062">
     <span class='ocr_line' id='line_1_22' title="bbox 494 1984 2050 2062; baseline 0.006 -28"><span class='ocrx_word' id='word_1_141' title='bbox 494 1997 561 2036; x_wconf 89' lang='lat' dir='ltr'><strong>ne</strong></span> <span class='ocrx_word' id='word_1_142' title='bbox 592 1984 861 2051; x_wconf 87' lang='lat' dir='ltr'><strong>perderet,</strong></span> <span class='ocrx_word' id='word_1_143' title='bbox 895 1999 1018 2039; x_wconf 90' lang='lat' dir='ltr'><strong>cum</strong></span> <span class='ocrx_word' id='word_1_144' title='bbox 1057 1987 1266 2042; x_wconf 82' lang='lat' dir='ltr'><strong>salvare</strong></span> <span class='ocrx_word' id='word_1_145' title='bbox 1293 1990 1476 2057; x_wconf 79' lang='lat' dir='ltr'><strong>vellet)</strong></span> <span class='ocrx_word' id='word_1_146' title='bbox 1504 2006 1518 2054; x_wconf 87' lang='lat'><strong>;</strong></span> <span class='ocrx_word' id='word_1_147' title='bbox 1568 1992 1663 2045; x_wconf 83' lang='lat' dir='ltr'><strong>sed</strong></span> <span class='ocrx_word' id='word_1_148' title='bbox 1696 1993 2050 2062; x_wconf 85' lang='lat' dir='ltr'><strong>impedimen-</strong></span> 
     </span>
    </p>
   </div>
   <div class='ocr_carea' id='block_1_23' title="bbox 493 2077 2048 2145">
    <p class='ocr_par' dir='ltr' id='par_1_23' title="bbox 493 2077 2048 2145">
     <span class='ocr_line' id='line_1_23' title="bbox 493 2077 2048 2145; baseline 0.008 -21"><span class='ocrx_word' id='word_1_149' title='bbox 493 2081 606 2125; x_wconf 89' lang='lat' dir='ltr'><strong>tum</strong></span> <span class='ocrx_word' id='word_1_150' title='bbox 636 2085 853 2129; x_wconf 69' lang='lat' dir='ltr'><strong>teternaa</strong></span> <span class='ocrx_word' id='word_1_151' title='bbox 877 2077 998 2129; x_wconf 73' lang='lat' dir='ltr'><strong>vitm</strong></span> <span class='ocrx_word' id='word_1_152' title='bbox 1025 2077 1301 2145; x_wconf 88' lang='lat' dir='ltr'><strong>insperato</strong></span> <span class='ocrx_word' id='word_1_153' title='bbox 1334 2080 1514 2143; x_wconf 84' lang='lat' dir='ltr'><strong>solvit,</strong></span> <span class='ocrx_word' id='word_1_154' title='bbox 1539 2082 1711 2134; x_wconf 86' lang='lat' dir='ltr'><strong>labem</strong></span> <span class='ocrx_word' id='word_1_155' title='bbox 1743 2083 1951 2136; x_wconf 87' lang='lat' dir='ltr'><strong>scilicet</strong></span> <span class='ocrx_word' id='word_1_156' title='bbox 1983 2099 2048 2141; x_wconf 73' lang='lat' dir='ltr'><strong>ex</strong></span> 
     </span>
    </p>
   </div>
   <div class='ocr_carea' id='block_1_24' title="bbox 490 2154 2046 2246">
    <p class='ocr_par' dir='ltr' id='par_1_24' title="bbox 490 2154 2046 2246">
     <span class='ocr_line' id='line_1_24' title="bbox 490 2154 2046 2246; baseline 0.008 -33"><span class='ocrx_word' id='word_1_157' title='bbox 490 2164 856 2231; x_wconf 71' lang='lat' dir='ltr'><strong>generationis</strong></span> <span class='ocrx_word' id='word_1_158' title='bbox 881 2166 1088 2220; x_wconf 87' lang='lat' dir='ltr'><strong>semine</strong></span> <span class='ocrx_word' id='word_1_159' title='bbox 1116 2154 1507 2246; x_wconf 12' lang='lat' dir='ltr'><strong>propagatam’;</strong></span> <span class='ocrx_word' id='word_1_160' title='bbox 1543 2170 1895 2236; x_wconf 89' lang='lat' dir='ltr'><strong>quamobrem</strong></span> <span class='ocrx_word' id='word_1_161' title='bbox 1927 2185 2046 2226; x_wconf 88' lang='lat' dir='ltr'><strong>sese</strong></span> 
     </span>
    </p>
   </div>
   <div class='ocr_carea' id='block_1_25' title="bbox 503 2255 2049 2328">
    <p class='ocr_par' dir='ltr' id='par_1_25' title="bbox 503 2255 2049 2328">
     <span class='ocr_line' id='line_1_25' title="bbox 503 2255 2049 2328; baseline 0.006 -20"><span class='ocrx_word' id='word_1_162' title='bbox 503 2255 774 2325; x_wconf 80' lang='lat' dir='ltr'><strong>spoliavit,</strong></span> <span class='ocrx_word' id='word_1_163' title='bbox 805 2265 876 2317; x_wconf 86' lang='lat' dir='ltr'><strong>et,</strong></span> <span class='ocrx_word' id='word_1_164' title='bbox 907 2271 1133 2326; x_wconf 85' lang='lat' dir='ltr'><strong>corpore</strong></span> <span class='ocrx_word' id='word_1_165' title='bbox 1159 2267 1436 2326; x_wconf 84' lang='lat' dir='ltr'><strong>suscepto,</strong></span> <span class='ocrx_word' id='word_1_166' title='bbox 1471 2273 1684 2328; x_wconf 75' lang='lat' dir='ltr'><strong>pmnam</strong></span> <span class='ocrx_word' id='word_1_167' title='bbox 1712 2262 1866 2315; x_wconf 87' lang='lat' dir='ltr'><strong>nobis</strong></span> <span class='ocrx_word' id='word_1_168' title='bbox 1891 2262 2049 2317; x_wconf 82' lang='lat' dir='ltr'><strong>debi-</strong></span> 
     </span>
    </p>
   </div>
   <div class='ocr_carea' id='block_1_26' title="bbox 504 2347 2052 2420">
    <p class='ocr_par' dir='ltr' id='par_1_26' title="bbox 504 2347 2052 2420">
     <span class='ocr_line' id='line_1_26' title="bbox 504 2347 2052 2420; baseline 0.006 -21"><span class='ocrx_word' id='word_1_169' title='bbox 504 2358 610 2400; x_wconf 85' lang='lat' dir='ltr'><strong>tam</strong></span> <span class='ocrx_word' id='word_1_170' title='bbox 642 2347 694 2400; x_wconf 95' lang='lat' dir='ltr'><strong>in</strong></span> <span class='ocrx_word' id='word_1_171' title='bbox 729 2363 894 2402; x_wconf 84' lang='lat' dir='ltr'><strong>carne</strong></span> <span class='ocrx_word' id='word_1_172' title='bbox 932 2364 1030 2402; x_wconf 90' lang='lat' dir='ltr'><strong>sua</strong></span> <span class='ocrx_word' id='word_1_173' title='bbox 1064 2350 1160 2403; x_wconf 89' lang='lat' dir='ltr'><strong>luit</strong></span> <span class='ocrx_word' id='word_1_174' title='bbox 1190 2365 1308 2419; x_wconf 77' lang='lat' dir='ltr'><strong>qure</strong></span> <span class='ocrx_word' id='word_1_175' title='bbox 1344 2353 1475 2406; x_wconf 86' lang='lat' dir='ltr'><strong>nihil</strong></span> <span class='ocrx_word' id='word_1_176' title='bbox 1516 2363 1866 2420; x_wconf 80' lang='lat' dir='ltr'><strong>peccaverat;</strong></span> <span class='ocrx_word' id='word_1_177' title='bbox 1903 2355 2052 2408; x_wconf 84' lang='lat' dir='ltr'><strong>ﬁlio—</strong></span> 
     </span>
    </p>
   </div>
   <div class='ocr_carea' id='block_1_27' title="bbox 497 2440 2052 2516">
    <p class='ocr_par' dir='ltr' id='par_1_27' title="bbox 497 2440 2052 2516">
     <span class='ocr_line' id='line_1_27' title="bbox 497 2440 2052 2516; baseline 0.005 -26"><span class='ocrx_word' id='word_1_178' title='bbox 497 2454 616 2492; x_wconf 87' lang='lat' dir='ltr'><strong>rum</strong></span> <span class='ocrx_word' id='word_1_179' title='bbox 651 2447 828 2492; x_wconf 87' lang='lat' dir='ltr'><strong>autem</strong></span> <span class='ocrx_word' id='word_1_180' title='bbox 855 2440 1078 2494; x_wconf 85' lang='lat' dir='ltr'><strong>arbitrio</strong></span> <span class='ocrx_word' id='word_1_181' title='bbox 1112 2441 1382 2510; x_wconf 77' lang='lat' dir='ltr'><strong>[idemque</strong></span> <span class='ocrx_word' id='word_1_182' title='bbox 1416 2453 1470 2496; x_wconf 89' lang='lat' dir='ltr'><strong>et</strong></span> <span class='ocrx_word' id='word_1_183' title='bbox 1495 2446 1630 2498; x_wconf 87' lang='lat' dir='ltr'><strong>bona</strong></span> <span class='ocrx_word' id='word_1_184' title='bbox 1657 2461 1818 2514; x_wconf 84' lang='lat' dir='ltr'><strong>opera</strong></span> <span class='ocrx_word' id='word_1_185' title='bbox 1853 2461 2052 2516; x_wconf 86' lang='lat' dir='ltr'><strong>propo-</strong></span> 
     </span>
    </p>
   </div>
   <div class='ocr_carea' id='block_1_28' title="bbox 497 2533 2052 2602">
    <p class='ocr_par' dir='ltr' id='par_1_28' title="bbox 497 2533 2052 2602">
     <span class='ocr_line' id='line_1_28' title="bbox 497 2533 2052 2602; baseline 0.001 -16"><span class='ocrx_word' id='word_1_186' title='bbox 497 2533 628 2595; x_wconf 84' lang='lat' dir='ltr'><strong>suit,</strong></span> <span class='ocrx_word' id='word_1_187' title='bbox 668 2547 805 2602; x_wconf 91' lang='lat' dir='ltr'><strong>quos</strong></span> <span class='ocrx_word' id='word_1_188' title='bbox 838 2533 1027 2595; x_wconf 85' lang='lat' dir='ltr'><strong>etiam,</strong></span> <span class='ocrx_word' id='word_1_189' title='bbox 1055 2542 1273 2602; x_wconf 79' lang='lat' dir='ltr'><strong>propter</strong></span> <span class='ocrx_word' id='word_1_190' title='bbox 1297 2535 1662 2588; x_wconf 88' lang='lat' dir='ltr'><strong>omnimodam</strong></span> <span class='ocrx_word' id='word_1_191' title='bbox 1688 2534 2052 2589; x_wconf 65' lang='lat' dir='ltr'><strong>ditiicultatcm</strong></span> 
     </span>
    </p>
   </div>
   <div class='ocr_carea' id='block_1_29' title="bbox 497 2623 2053 2692">
    <p class='ocr_par' dir='ltr' id='par_1_29' title="bbox 497 2623 2053 2692">
     <span class='ocr_line' id='line_1_29' title="bbox 497 2623 2053 2692; baseline 0.002 -14"><span class='ocrx_word' id='word_1_192' title='bbox 497 2623 718 2692; x_wconf 84' lang='lat' dir='ltr'><strong>utrique</strong></span> <span class='ocrx_word' id='word_1_193' title='bbox 750 2631 1182 2692; x_wconf 78' lang='lat' dir='ltr'><strong>repugnantem,</strong></span> <span class='ocrx_word' id='word_1_194' title='bbox 1231 2627 1347 2679; x_wconf 86' lang='lat' dir='ltr'><strong>suis</strong></span> <span class='ocrx_word' id='word_1_195' title='bbox 1387 2641 1494 2678; x_wconf 91' lang='lat' dir='ltr'><strong>non</strong></span> <span class='ocrx_word' id='word_1_196' title='bbox 1526 2627 1768 2679; x_wconf 85' lang='lat' dir='ltr'><strong>destituit</strong></span> <span class='ocrx_word' id='word_1_197' title='bbox 1813 2626 2053 2681; x_wconf 82' lang='lat' dir='ltr'><strong>auxiliis.</strong></span> 
     </span>
    </p>
   </div>
   <div class='ocr_carea' id='block_1_30' title="bbox 499 2716 2059 2786">
    <p class='ocr_par' dir='ltr' id='par_1_30' title="bbox 499 2716 2059 2786">
     <span class='ocr_line' id='line_1_30' title="bbox 499 2716 2059 2786; baseline 0.001 -15"><span class='ocrx_word' id='word_1_198' title='bbox 499 2717 614 2786; x_wconf 87' lang='lat' dir='ltr'><strong>Ipse</strong></span> <span class='ocrx_word' id='word_1_199' title='bbox 651 2717 807 2770; x_wconf 88' lang='lat' dir='ltr'><strong>nobis</strong></span> <span class='ocrx_word' id='word_1_200' title='bbox 850 2716 1017 2771; x_wconf 83' lang='lat' dir='ltr'><strong>Deum</strong></span> <span class='ocrx_word' id='word_1_201' title='bbox 1051 2727 1108 2772; x_wconf 89' lang='lat' dir='ltr'><strong>et</strong></span> <span class='ocrx_word' id='word_1_202' title='bbox 1136 2716 1350 2771; x_wconf 87' lang='lat' dir='ltr'><strong>Patrem</strong></span> <span class='ocrx_word' id='word_1_203' title='bbox 1385 2717 1749 2772; x_wconf 79' lang='lat' dir='ltr'><strong>manifestavit</strong></span> <span class='ocrx_word' id='word_1_204' title='bbox 1769 2718 1839 2774; x_wconf 87' lang='lat' dir='ltr'><strong>ab</strong></span> <span class='ocrx_word' id='word_1_205' title='bbox 1864 2719 1955 2772; x_wconf 90' lang='lat' dir='ltr'><strong>illo</strong></span> <span class='ocrx_word' id='word_1_206' title='bbox 1981 2721 2059 2773; x_wconf 89' lang='lat' dir='ltr'><strong>vi-</strong></span> 
     </span>
    </p>
   </div>
   <div class='ocr_carea' id='block_1_31' title="bbox 498 2807 2057 2878">
    <p class='ocr_par' dir='ltr' id='par_1_31' title="bbox 498 2807 2057 2878">
     <span class='ocr_line' id='line_1_31' title="bbox 498 2807 2057 2878; baseline -0.001 -15"><span class='ocrx_word' id='word_1_207' title='bbox 498 2809 685 2864; x_wconf 87' lang='lat' dir='ltr'><strong>cissim</strong></span> <span class='ocrx_word' id='word_1_208' title='bbox 711 2808 966 2863; x_wconf 85' lang='lat' dir='ltr'><strong>omnibus</strong></span> <span class='ocrx_word' id='word_1_209' title='bbox 1001 2807 1177 2862; x_wconf 89' lang='lat' dir='ltr'><strong>modis</strong></span> <span class='ocrx_word' id='word_1_210' title='bbox 1209 2807 1605 2862; x_wconf 79' lang='lat' dir='ltr'><strong>manifestatus.</strong></span> <span class='ocrx_word' id='word_1_211' title='bbox 1633 2808 1752 2878; x_wconf 84' lang='lat' dir='ltr'><strong>ipse</strong></span> <span class='ocrx_word' id='word_1_212' title='bbox 1796 2819 1849 2863; x_wconf 90' lang='lat' dir='ltr'><strong>et</strong></span> <span class='ocrx_word' id='word_1_213' title='bbox 1883 2808 2057 2877; x_wconf 80' lang='lat' dir='ltr'><strong>Spiri-</strong></span> 
     </span>
    </p>
   </div>
   <div class='ocr_carea' id='block_1_32' title="bbox 505 2898 2060 2968">
    <p class='ocr_par' dir='ltr' id='par_1_32' title="bbox 505 2898 2060 2968">
     <span class='ocr_line' id='line_1_32' title="bbox 505 2898 2060 2968; baseline -0.001 -13"><span class='ocrx_word' id='word_1_214' title='bbox 505 2911 618 2958; x_wconf 87' lang='lat' dir='ltr'><strong>tum</strong></span> <span class='ocrx_word' id='word_1_215' title='bbox 647 2909 894 2956; x_wconf 88' lang='lat' dir='ltr'><strong>sanctum</strong></span> <span class='ocrx_word' id='word_1_216' title='bbox 931 2898 1085 2953; x_wconf 89' lang='lat' dir='ltr'><strong>nobis</strong></span> <span class='ocrx_word' id='word_1_217' title='bbox 1124 2899 1379 2953; x_wconf 86' lang='lat' dir='ltr'><strong>revelavit</strong></span> <span class='ocrx_word' id='word_1_218' title='bbox 1425 2899 1493 2951; x_wconf 82' lang='lat' dir='ltr'><strong>ad</strong></span> <span class='ocrx_word' id='word_1_219' title='bbox 1549 2898 1808 2968; x_wconf 82' lang='lat' dir='ltr'><strong>majorem</strong></span> <span class='ocrx_word' id='word_1_220' title='bbox 1866 2913 2060 2966; x_wconf 84' lang='lat' dir='ltr'><strong>nempe</strong></span> 
     </span>
    </p>
   </div>
   <div class='ocr_carea' id='block_1_33' title="bbox 509 2993 2056 3061">
    <p class='ocr_par' dir='ltr' id='par_1_33' title="bbox 509 2993 2056 3061">
     <span class='ocr_line' id='line_1_33' title="bbox 509 2993 2056 3061; baseline -0.002 -13"><span class='ocrx_word' id='word_1_221' title='bbox 509 2995 592 3048; x_wconf 90' lang='lat' dir='ltr'><strong>sui</strong></span> <span class='ocrx_word' id='word_1_222' title='bbox 621 2994 1030 3058; x_wconf 70' lang='lat' dir='ltr'><strong>revelationem,</strong></span> <span class='ocrx_word' id='word_1_223' title='bbox 1057 2993 1182 3046; x_wconf 90' lang='lat' dir='ltr'><strong>licet</strong></span> <span class='ocrx_word' id='word_1_224' title='bbox 1214 3001 1370 3046; x_wconf 86' lang='lat' dir='ltr'><strong>antea</strong></span> <span class='ocrx_word' id='word_1_225' title='bbox 1403 3007 1498 3061; x_wconf 86' lang='lat' dir='ltr'><strong>pro</strong></span> <span class='ocrx_word' id='word_1_226' title='bbox 1527 3003 1830 3060; x_wconf 87' lang='lat' dir='ltr'><strong>temporum</strong></span> <span class='ocrx_word' id='word_1_227' title='bbox 1863 3007 2056 3061; x_wconf 84' lang='lat' dir='ltr'><strong>oppor-</strong></span> 
     </span>
    </p>
   </div>
   <div class='ocr_carea' id='block_1_34' title="bbox 2143 535 3707 614">
    <p class='ocr_par' dir='ltr' id='par_1_34' title="bbox 2143 535 3707 614">
     <span class='ocr_line' id='line_1_34' title="bbox 2143 535 3707 614; baseline 0.006 -26"><span class='ocrx_word' id='word_1_228' title='bbox 2143 535 2293 600; x_wconf 80' lang='grc' dir='ltr'>ξαντι</span> <span class='ocrx_word' id='word_1_229' title='bbox 2339 539 2447 601; x_wconf 78' lang='grc' dir='ltr'>τοῖς</span> <span class='ocrx_word' id='word_1_230' title='bbox 2509 537 2837 609; x_wconf 78' lang='grc' dir='ltr'>ἀνθρώποις,</span> <span class='ocrx_word' id='word_1_231' title='bbox 2881 543 2941 594; x_wconf 85' lang='grc' dir='ltr'><strong>οὐ</strong></span> <span class='ocrx_word' id='word_1_232' title='bbox 2979 541 3114 610; x_wconf 83' lang='grc' dir='ltr'>μετὰ</span> <span class='ocrx_word' id='word_1_233' title='bbox 3161 543 3380 598; x_wconf 86' lang='grc' dir='ltr'>πάντων</span> <span class='ocrx_word' id='word_1_234' title='bbox 3413 545 3574 614; x_wconf 87' lang='grc' dir='ltr'>μόνον</span> <span class='ocrx_word' id='word_1_235' title='bbox 3599 548 3707 600; x_wconf 85' lang='grc' dir='ltr'>τῶν</span> 
     </span>
    </p>
   </div>
   <div class='ocr_carea' id='block_1_35' title="bbox 2139 630 3706 708">
    <p class='ocr_par' dir='ltr' id='par_1_35' title="bbox 2139 630 3706 708">
     <span class='ocr_line' id='line_1_35' title="bbox 2139 630 3706 708; baseline 0.007 -26"><span class='ocrx_word' id='word_1_236' title='bbox 2139 630 2306 682; x_wconf 76' lang='grc' dir='ltr'>ὀντων</span> <span class='ocrx_word' id='word_1_237' title='bbox 2336 646 2394 683; x_wconf 89' lang='grc' dir='ltr'><strong>τε</strong></span> <span class='ocrx_word' id='word_1_238' title='bbox 2427 633 2523 684; x_wconf 68' lang='grc' dir='ltr'>καὶ</span> <span class='ocrx_word' id='word_1_239' title='bbox 2551 631 2727 700; x_wconf 78' lang='grc' dir='ltr'>ἔργων</span> <span class='ocrx_word' id='word_1_240' title='bbox 2770 633 2956 700; x_wconf 82' lang='grc' dir='ltr'>αὐτοῦ,</span> <span class='ocrx_word' id='word_1_241' title='bbox 3009 634 3143 687; x_wconf 83' lang='grc' dir='ltr'>ἀλλὰ</span> <span class='ocrx_word' id='word_1_242' title='bbox 3201 635 3294 690; x_wconf 86' lang='grc' dir='ltr'>καὶ</span> <span class='ocrx_word' id='word_1_243' title='bbox 3343 637 3480 708; x_wconf 74' lang='grc' dir='ltr'>ὑπὲρ</span> <span class='ocrx_word' id='word_1_244' title='bbox 3530 640 3706 693; x_wconf 80' lang='grc' dir='ltr'>πάντα</span> 
     </span>
    </p>
   </div>
   <div class='ocr_carea' id='block_1_36' title="bbox 2139 719 3705 796">
    <p class='ocr_par' dir='ltr' id='par_1_36' title="bbox 2139 719 3705 796">
     <span class='ocr_line' id='line_1_36' title="bbox 2139 719 3705 796; baseline 0.006 -24"><span class='ocrx_word' id='word_1_245' title='bbox 2139 719 2232 772; x_wconf 68' lang='grc' dir='ltr'>καὶ</span> <span class='ocrx_word' id='word_1_246' title='bbox 2267 720 2395 790; x_wconf 76' lang='grc' dir='ltr'>πρὸς</span> <span class='ocrx_word' id='word_1_247' title='bbox 2454 721 2629 791; x_wconf 87' lang='grc' dir='ltr'>τούτῳ</span> <span class='ocrx_word' id='word_1_248' title='bbox 2658 722 2943 790; x_wconf 80' lang='grc' dir='ltr'><strong>διηνεκῶς,</strong></span> <span class='ocrx_word' id='word_1_249' title='bbox 2978 723 3098 777; x_wconf 76' lang='grc' dir='ltr'>οὐδὲ</span> <span class='ocrx_word' id='word_1_250' title='bbox 3122 725 3257 778; x_wconf 80' lang='grc' dir='ltr'>πᾶσι</span> <span class='ocrx_word' id='word_1_251' title='bbox 3315 726 3474 796; x_wconf 86' lang='grc' dir='ltr'>μόνον</span> <span class='ocrx_word' id='word_1_252' title='bbox 3512 729 3705 792; x_wconf 81' lang='grc' dir='ltr'>κοινῶς</span> 
     </span>
    </p>
   </div>
   <div class='ocr_carea' id='block_1_37' title="bbox 2140 815 3705 890">
    <p class='ocr_par' dir='ltr' id='par_1_37' title="bbox 2140 815 3705 890">
     <span class='ocr_line' id='line_1_37' title="bbox 2140 815 3705 890; baseline 0.005 -24"><span class='ocrx_word' id='word_1_253' title='bbox 2140 815 2272 868; x_wconf 78' lang='grc' dir='ltr'>ἀλλὰ</span> <span class='ocrx_word' id='word_1_254' title='bbox 2301 816 2393 868; x_wconf 73' lang='grc' dir='ltr'><strong>καὶ</strong></span> <span class='ocrx_word' id='word_1_255' title='bbox 2417 816 2581 885; x_wconf 70' lang='grc' dir='ltr'>χωρὶς</span> <span class='ocrx_word' id='word_1_256' title='bbox 2614 817 2846 886; x_wconf 79' lang='grc' dir='ltr'>ἑκάστῳ.</span> <span class='ocrx_word' id='word_1_257' title='bbox 2879 817 3050 881; x_wconf 77' lang='grc' dir='ltr'>Αὐτὸς</span> <span class='ocrx_word' id='word_1_258' title='bbox 3086 819 3192 886; x_wconf 84' lang='grc' dir='ltr'>γὰρ</span> <span class='ocrx_word' id='word_1_259' title='bbox 3213 818 3305 872; x_wconf 78' lang='grc' dir='ltr'>καὶ</span> <span class='ocrx_word' id='word_1_260' title='bbox 3340 819 3527 883; x_wconf 83' lang='grc' dir='ltr'>ἀῖδὶως</span> <span class='ocrx_word' id='word_1_261' title='bbox 3557 822 3705 890; x_wconf 67' lang='grc' dir='ltr'>ἡμᾶς</span> 
     </span>
    </p>
   </div>
   <div class='ocr_carea' id='block_1_38' title="bbox 2093 905 3704 984">
    <p class='ocr_par' dir='ltr' id='par_1_38' title="bbox 2093 905 3704 984">
     <span class='ocr_line' id='line_1_38' title="bbox 2093 905 3704 984; baseline 0.004 -27"><span class='ocrx_word' id='word_1_262' title='bbox 2093 975 2106 984; x_wconf 18' lang='grc' dir='ltr'>ἢ</span> <span class='ocrx_word' id='word_1_263' title='bbox 2140 906 2231 958; x_wconf 81' lang='grc' dir='ltr'>τόν</span> <span class='ocrx_word' id='word_1_264' title='bbox 2253 923 2312 958; x_wconf 91' lang='grc' dir='ltr'><strong>τε</strong></span> <span class='ocrx_word' id='word_1_265' title='bbox 2342 905 2633 972; x_wconf 87' lang='grc' dir='ltr'>σύμπαντα</span> <span class='ocrx_word' id='word_1_266' title='bbox 2659 907 2861 976; x_wconf 80' lang='grc' dir='ltr'><strong>κόσμον</strong></span> <span class='ocrx_word' id='word_1_267' title='bbox 2903 905 3014 976; x_wconf 78' lang='grc' dir='ltr'>εἶχε</span> <span class='ocrx_word' id='word_1_268' title='bbox 3074 907 3208 977; x_wconf 80' lang='grc' dir='ltr'>παρ’</span> <span class='ocrx_word' id='word_1_269' title='bbox 3255 910 3434 980; x_wconf 79' lang='grc' dir='ltr'>ἑαυτῷ</span> <span class='ocrx_word' id='word_1_270' title='bbox 3497 913 3704 980; x_wconf 85' lang='grc' dir='ltr'>νοητῶς</span> 
     </span>
    </p>
   </div>
   <div class='ocr_carea' id='block_1_39' title="bbox 2143 996 3700 1070">
    <p class='ocr_par' dir='ltr' id='par_1_39' title="bbox 2143 996 3700 1070">
     <span class='ocr_line' id='line_1_39' title="bbox 2143 996 3700 1070; baseline 0.003 -22"><span class='ocrx_word' id='word_1_271' title='bbox 2143 997 2232 1048; x_wconf 66' lang='grc' dir='ltr'><strong>καὶ</strong></span> <span class='ocrx_word' id='word_1_272' title='bbox 2266 996 2531 1064; x_wconf 85' lang='grc' dir='ltr'>χρονικῶς</span> <span class='ocrx_word' id='word_1_273' title='bbox 2562 996 2664 1061; x_wconf 73' lang='grc' dir='ltr'>ἔξω</span> <span class='ocrx_word' id='word_1_274' title='bbox 2693 999 3039 1067; x_wconf 78' lang='grc' dir='ltr'><strong>παρήγαγεν,</strong></span> <span class='ocrx_word' id='word_1_275' title='bbox 3080 998 3196 1065; x_wconf 74' lang='grc' dir='ltr'><strong>ἅμα</strong></span> <span class='ocrx_word' id='word_1_276' title='bbox 3227 1000 3323 1053; x_wconf 70' lang='grc' dir='ltr'><strong>καὶ</strong></span> <span class='ocrx_word' id='word_1_277' title='bbox 3367 999 3456 1052; x_wconf 81' lang='grc' dir='ltr'><strong>τὸν</strong></span> <span class='ocrx_word' id='word_1_278' title='bbox 3512 1000 3700 1070; x_wconf 82' lang='grc' dir='ltr'>χρόνον</span> 
     </span>
    </p>
   </div>
   <div class='ocr_carea' id='block_1_40' title="bbox 2143 1085 3700 1157">
    <p class='ocr_par' dir='ltr' id='par_1_40' title="bbox 2143 1085 3700 1157">
     <span class='ocr_line' id='line_1_40' title="bbox 2143 1085 3700 1157; baseline 0.004 -21"><span class='ocrx_word' id='word_1_279' title='bbox 2143 1085 2373 1154; x_wconf 75' lang='grc' dir='ltr'>ποιήσας</span> <span class='ocrx_word' id='word_1_280' title='bbox 2409 1086 2568 1154; x_wconf 68' lang='grc' dir='ltr'>ἔργον</span> <span class='ocrx_word' id='word_1_281' title='bbox 2604 1087 2700 1155; x_wconf 85' lang='grc' dir='ltr'><strong>τῆς</strong></span> <span class='ocrx_word' id='word_1_282' title='bbox 2738 1089 3011 1157; x_wconf 75' lang='grc' dir='ltr'><strong>πατρικῆς</strong></span> <span class='ocrx_word' id='word_1_283' title='bbox 3033 1088 3126 1142; x_wconf 80' lang='grc' dir='ltr'>καὶ</span> <span class='ocrx_word' id='word_1_284' title='bbox 3154 1087 3321 1142; x_wconf 79' lang='grc' dir='ltr'>αὐτοῦ</span> <span class='ocrx_word' id='word_1_285' title='bbox 3359 1089 3527 1157; x_wconf 82' lang='grc' dir='ltr'>σοφῆς</span> <span class='ocrx_word' id='word_1_286' title='bbox 3567 1091 3700 1156; x_wconf 82' lang='grc' dir='ltr'>ἀγα-</span> 
     </span>
    </p>
   </div>
   <div class='ocr_carea' id='block_1_41' title="bbox 2145 1174 3698 1246">
    <p class='ocr_par' dir='ltr' id='par_1_41' title="bbox 2145 1174 3698 1246">
     <span class='ocr_line' id='line_1_41' title="bbox 2145 1174 3698 1246; baseline 0.004 -20"><span class='ocrx_word' id='word_1_287' title='bbox 2145 1174 2365 1244; x_wconf 79' lang='grc' dir='ltr'>θότητος</span> <span class='ocrx_word' id='word_1_288' title='bbox 2395 1192 2407 1205; x_wconf 89' lang='grc'>·</span> <span class='ocrx_word' id='word_1_289' title='bbox 2447 1177 2607 1240; x_wconf 77' lang='grc' dir='ltr'>αὐτὸς</span> <span class='ocrx_word' id='word_1_290' title='bbox 2639 1177 2732 1230; x_wconf 75' lang='grc' dir='ltr'>καὶ</span> <span class='ocrx_word' id='word_1_291' title='bbox 2762 1177 3028 1230; x_wconf 72' lang='grc' dir='ltr'>ἀνέπλασε</span> <span class='ocrx_word' id='word_1_292' title='bbox 3077 1179 3463 1246; x_wconf 80' lang='grc' dir='ltr'><strong>πνευματικῶς</strong></span> <span class='ocrx_word' id='word_1_293' title='bbox 3493 1179 3698 1233; x_wconf 83' lang='grc' dir='ltr'>οίκονο-</span> 
     </span>
    </p>
   </div>
   <div class='ocr_carea' id='block_1_42' title="bbox 2146 1264 3702 1336">
    <p class='ocr_par' dir='ltr' id='par_1_42' title="bbox 2146 1264 3702 1336">
     <span class='ocr_line' id='line_1_42' title="bbox 2146 1264 3702 1336; baseline 0.001 -20"><span class='ocrx_word' id='word_1_294' title='bbox 2146 1264 2272 1333; x_wconf 88' lang='grc' dir='ltr'>μίας</span> <span class='ocrx_word' id='word_1_295' title='bbox 2302 1265 2485 1335; x_wconf 83' lang='grc' dir='ltr'>τρόπῳ</span> <span class='ocrx_word' id='word_1_296' title='bbox 2513 1264 2765 1328; x_wconf 73' lang='grc' dir='ltr'><strong>ξενίζοντι</strong></span> <span class='ocrx_word' id='word_1_297' title='bbox 2795 1269 2889 1318; x_wconf 79' lang='grc' dir='ltr'>καὶ</span> <span class='ocrx_word' id='word_1_298' title='bbox 2923 1265 3127 1335; x_wconf 79' lang='grc' dir='ltr'><strong>μεθόδῳ</strong></span> <span class='ocrx_word' id='word_1_299' title='bbox 3162 1267 3260 1336; x_wconf 84' lang='grc' dir='ltr'>μιᾷ</span> <span class='ocrx_word' id='word_1_300' title='bbox 3296 1266 3394 1336; x_wconf 81' lang='grc' dir='ltr'>τὴν</span> <span class='ocrx_word' id='word_1_301' title='bbox 3445 1265 3702 1335; x_wconf 81' lang='grc' dir='ltr'>πολυχρό-</span> 
     </span>
    </p>
   </div>
   <div class='ocr_carea' id='block_1_43' title="bbox 2132 1356 3704 1436">
    <p class='ocr_par' dir='ltr' id='par_1_43' title="bbox 2132 1356 3704 1436">
     <span class='ocr_line' id='line_1_43' title="bbox 2132 1356 3704 1436; baseline 0.002 -28"><span class='ocrx_word' id='word_1_302' title='bbox 2132 1374 2254 1436; x_wconf 75' lang='grc' dir='ltr'>νιον</span> <span class='ocrx_word' id='word_1_303' title='bbox 2277 1357 2431 1426; x_wconf 81' lang='grc' dir='ltr'>ἡμῶν</span> <span class='ocrx_word' id='word_1_304' title='bbox 2467 1357 2558 1409; x_wconf 72' lang='grc' dir='ltr'>καὶ</span> <span class='ocrx_word' id='word_1_305' title='bbox 2586 1357 2837 1426; x_wconf 76' lang='grc' dir='ltr'>ποικίλην</span> <span class='ocrx_word' id='word_1_306' title='bbox 2865 1357 3159 1427; x_wconf 77' lang='grc' dir='ltr'>ἐξηκέσατο</span> <span class='ocrx_word' id='word_1_307' title='bbox 3197 1357 3349 1411; x_wconf 74' lang='grc' dir='ltr'>νόσον</span> <span class='ocrx_word' id='word_1_308' title='bbox 3380 1359 3444 1410; x_wconf 79' lang='grc' dir='ltr'>ὲκ</span> <span class='ocrx_word' id='word_1_309' title='bbox 3476 1356 3574 1426; x_wconf 81' lang='grc' dir='ltr'>τῆς</span> <span class='ocrx_word' id='word_1_310' title='bbox 3605 1357 3704 1411; x_wconf 78' lang='grc' dir='ltr'><strong>αὗ-</strong></span> 
     </span>
    </p>
   </div>
   <div class='ocr_carea' id='block_1_44' title="bbox 2146 1445 3706 1516">
    <p class='ocr_par' dir='ltr' id='par_1_44' title="bbox 2146 1445 3706 1516">
     <span class='ocr_line' id='line_1_44' title="bbox 2146 1445 3706 1516; baseline 0 -16"><span class='ocrx_word' id='word_1_311' title='bbox 2146 1447 2243 1514; x_wconf 81' lang='grc' dir='ltr'>τῆς</span> <span class='ocrx_word' id='word_1_312' title='bbox 2264 1447 2600 1515; x_wconf 77' lang='grc' dir='ltr'>άγαθότητος</span> <span class='ocrx_word' id='word_1_313' title='bbox 2629 1447 2705 1509; x_wconf 77' lang='grc' dir='ltr'>ὥς</span> <span class='ocrx_word' id='word_1_314' title='bbox 2754 1447 2972 1515; x_wconf 80' lang='grc' dir='ltr'>ἄριστος</span> <span class='ocrx_word' id='word_1_315' title='bbox 3003 1447 3185 1515; x_wconf 83' lang='grc' dir='ltr'>ίατρδς</span> <span class='ocrx_word' id='word_1_316' title='bbox 3232 1445 3368 1515; x_wconf 80' lang='grc' dir='ltr'>ὁμοῦ</span> <span class='ocrx_word' id='word_1_317' title='bbox 3401 1445 3494 1500; x_wconf 80' lang='grc' dir='ltr'>καὶ</span> <span class='ocrx_word' id='word_1_318' title='bbox 3527 1449 3706 1516; x_wconf 76' lang='grc' dir='ltr'>πατὴρ</span> 
     </span>
    </p>
   </div>
   <div class='ocr_carea' id='block_1_45' title="bbox 2145 1530 3710 1606">
    <p class='ocr_par' dir='ltr' id='par_1_45' title="bbox 2145 1530 3710 1606">
     <span class='ocr_line' id='line_1_45' title="bbox 2145 1530 3710 1606; baseline -0.003 -18"><span class='ocrx_word' id='word_1_319' title='bbox 2145 1536 2566 1604; x_wconf 48' lang='grc' dir='ltr'>καὶνδεσπότης.</span> <span class='ocrx_word' id='word_1_320' title='bbox 2592 1535 2758 1596; x_wconf 76' lang='grc' dir='ltr'>Αὐτὸς</span> <span class='ocrx_word' id='word_1_321' title='bbox 2790 1537 2937 1606; x_wconf 79' lang='grc' dir='ltr'>ἡμᾶς</span> <span class='ocrx_word' id='word_1_322' title='bbox 2969 1530 3250 1604; x_wconf 73' lang='grc' dir='ltr'>ἒμόρφωσε</span> <span class='ocrx_word' id='word_1_323' title='bbox 3305 1534 3398 1586; x_wconf 79' lang='grc' dir='ltr'>καὶ</span> <span class='ocrx_word' id='word_1_324' title='bbox 3454 1532 3554 1602; x_wconf 87' lang='grc' dir='ltr'><strong>βίῳ</strong></span> <span class='ocrx_word' id='word_1_325' title='bbox 3615 1533 3710 1586; x_wconf 80' lang='grc' dir='ltr'>καὶ</span> 
     </span>
    </p>
   </div>
   <div class='ocr_carea' id='block_1_46' title="bbox 2150 1620 3706 1693">
    <p class='ocr_par' dir='ltr' id='par_1_46' title="bbox 2150 1620 3706 1693">
     <span class='ocr_line' id='line_1_46' title="bbox 2150 1620 3706 1693; baseline -0.003 -17"><span class='ocrx_word' id='word_1_326' title='bbox 2150 1627 2352 1691; x_wconf 80' lang='grc' dir='ltr'><strong>πίστει,</strong></span> <span class='ocrx_word' id='word_1_327' title='bbox 2389 1626 2489 1693; x_wconf 75' lang='grc' dir='ltr'><strong>τὴν</strong></span> <span class='ocrx_word' id='word_1_328' title='bbox 2523 1624 2617 1693; x_wconf 74' lang='grc' dir='ltr'>μὲν</span> <span class='ocrx_word' id='word_1_329' title='bbox 2645 1624 2858 1688; x_wconf 79' lang='grc' dir='ltr'><strong>διδάξας</strong></span> <span class='ocrx_word' id='word_1_330' title='bbox 2911 1623 3002 1676; x_wconf 72' lang='grc' dir='ltr'>καὶ</span> <span class='ocrx_word' id='word_1_331' title='bbox 3028 1621 3089 1675; x_wconf 67' lang='grc' dir='ltr'>τὸ</span> <span class='ocrx_word' id='word_1_332' title='bbox 3111 1623 3209 1691; x_wconf 76' lang='grc' dir='ltr'>τῆς</span> <span class='ocrx_word' id='word_1_333' title='bbox 3242 1620 3489 1692; x_wconf 77' lang='grc' dir='ltr'>οὐρανίου</span> <span class='ocrx_word' id='word_1_334' title='bbox 3539 1621 3706 1691; x_wconf 78' lang='grc' dir='ltr'>Τριά-</span> 
     </span>
    </p>
   </div>
   <div class='ocr_carea' id='block_1_47' title="bbox 2077 1707 3712 1826">
    <p class='ocr_par' dir='ltr' id='par_1_47' title="bbox 2077 1707 3712 1826">
     <span class='ocr_line' id='line_1_47' title="bbox 2077 1707 3712 1826; baseline -0.004 -56"><span class='ocrx_word' id='word_1_335' title='bbox 2077 1767 2120 1826; x_wconf 73' lang='lat' dir='ltr'><strong>B</strong></span> <span class='ocrx_word' id='word_1_336' title='bbox 2150 1717 2236 1780; x_wconf 81' lang='grc' dir='ltr'><strong>δος</strong></span> <span class='ocrx_word' id='word_1_337' title='bbox 2274 1717 2453 1779; x_wconf 78' lang='grc' dir='ltr'>καλῶς</span> <span class='ocrx_word' id='word_1_338' title='bbox 2496 1718 2628 1785; x_wconf 78' lang='grc' dir='ltr'>ἡμῖν</span> <span class='ocrx_word' id='word_1_339' title='bbox 2660 1715 2970 1781; x_wconf 79' lang='grc' dir='ltr'><strong>ἀναπτύξας</strong></span> <span class='ocrx_word' id='word_1_340' title='bbox 3000 1716 3314 1784; x_wconf 81' lang='grc' dir='ltr'>μυστήριον,</span> <span class='ocrx_word' id='word_1_341' title='bbox 3371 1707 3414 1780; x_wconf 81' lang='grc' dir='ltr'><strong>ᾧ</strong></span> <span class='ocrx_word' id='word_1_342' title='bbox 3445 1711 3590 1782; x_wconf 78' lang='grc' dir='ltr'>μόνῳ</span> <span class='ocrx_word' id='word_1_343' title='bbox 3615 1711 3712 1764; x_wconf 74' lang='grc' dir='ltr'>τὸν</span> 
     </span>
    </p>
   </div>
   <div class='ocr_carea' id='block_1_48' title="bbox 2151 1803 3710 1876">
    <p class='ocr_par' dir='ltr' id='par_1_48' title="bbox 2151 1803 3710 1876">
     <span class='ocr_line' id='line_1_48' title="bbox 2151 1803 3710 1876; baseline -0.003 -16"><span class='ocrx_word' id='word_1_344' title='bbox 2151 1807 2245 1860; x_wconf 74' lang='grc' dir='ltr'>ἕνα</span> <span class='ocrx_word' id='word_1_345' title='bbox 2274 1808 2452 1860; x_wconf 78' lang='grc' dir='ltr'>σέὁειν</span> <span class='ocrx_word' id='word_1_346' title='bbox 2489 1809 2622 1860; x_wconf 74' lang='grc' dir='ltr'>Θεὸν</span> <span class='ocrx_word' id='word_1_347' title='bbox 2646 1808 2822 1868; x_wconf 86' lang='grc' dir='ltr'>καλῶς</span> <span class='ocrx_word' id='word_1_348' title='bbox 2850 1807 3022 1860; x_wconf 77' lang='grc' dir='ltr'>ἔνεστι</span> <span class='ocrx_word' id='word_1_349' title='bbox 3055 1808 3149 1860; x_wconf 72' lang='grc' dir='ltr'><strong>καὶ</strong></span> <span class='ocrx_word' id='word_1_350' title='bbox 3175 1807 3431 1876; x_wconf 86' lang='grc' dir='ltr'>γνησίως.</span> <span class='ocrx_word' id='word_1_351' title='bbox 3489 1803 3582 1858; x_wconf 81' lang='grc' dir='ltr'>τοῦ</span> <span class='ocrx_word' id='word_1_352' title='bbox 3652 1803 3710 1856; x_wconf 67' lang='grc' dir='ltr'>δὲ</span> 
     </span>
    </p>
   </div>
   <div class='ocr_carea' id='block_1_49' title="bbox 2108 1895 3711 1968">
    <p class='ocr_par' dir='ltr' id='par_1_49' title="bbox 2108 1895 3711 1968">
     <span class='ocr_line' id='line_1_49' title="bbox 2108 1895 3711 1968; baseline -0.002 -16"><span class='ocrx_word' id='word_1_353' title='bbox 2108 1919 2123 1934; x_wconf 79' lang='grc' dir='ltr'><strong><em>ο</em></strong></span> <span class='ocrx_word' id='word_1_354' title='bbox 2151 1899 2467 1968; x_wconf 78' lang='grc' dir='ltr'><strong>καθηγητὴς</strong></span> <span class='ocrx_word' id='word_1_355' title='bbox 2501 1900 2632 1968; x_wconf 78' lang='grc' dir='ltr'>ἡμῖν</span> <span class='ocrx_word' id='word_1_356' title='bbox 2656 1901 2891 1967; x_wconf 83' lang='grc' dir='ltr'>γεγονὼς</span> <span class='ocrx_word' id='word_1_357' title='bbox 2915 1901 2988 1953; x_wconf 83' lang='grc' dir='ltr'><strong>οὐ</strong></span> <span class='ocrx_word' id='word_1_358' title='bbox 3015 1899 3308 1967; x_wconf 77' lang='grc' dir='ltr'>διδάγμασι</span> <span class='ocrx_word' id='word_1_359' title='bbox 3348 1901 3551 1963; x_wconf 74' lang='grc' dir='ltr'>μόνοις,</span> <span class='ocrx_word' id='word_1_360' title='bbox 3576 1895 3711 1948; x_wconf 73' lang='grc' dir='ltr'>ἀλλὰ</span> 
     </span>
    </p>
   </div>
   <div class='ocr_carea' id='block_1_50' title="bbox 2152 1984 3711 2057">
    <p class='ocr_par' dir='ltr' id='par_1_50' title="bbox 2152 1984 3711 2057">
     <span class='ocr_line' id='line_1_50' title="bbox 2152 1984 3711 2057; baseline -0.001 -17"><span class='ocrx_word' id='word_1_361' title='bbox 2152 1990 2245 2040; x_wconf 62' lang='grc' dir='ltr'>καὶ</span> <span class='ocrx_word' id='word_1_362' title='bbox 2285 1988 2362 2057; x_wconf 79' lang='grc' dir='ltr'>τῷ</span> <span class='ocrx_word' id='word_1_363' title='bbox 2391 1988 2513 2041; x_wconf 79' lang='grc' dir='ltr'>καθ’</span> <span class='ocrx_word' id='word_1_364' title='bbox 2541 1989 2698 2041; x_wconf 74' lang='grc' dir='ltr'>αὐτὸν</span> <span class='ocrx_word' id='word_1_365' title='bbox 2716 1989 3073 2056; x_wconf 77' lang='grc' dir='ltr'>ὕποδείγματι</span> <span class='ocrx_word' id='word_1_366' title='bbox 3094 2005 3108 2018; x_wconf 89' lang='grc'>·</span> <span class='ocrx_word' id='word_1_367' title='bbox 3138 1989 3197 2041; x_wconf 82' lang='grc' dir='ltr'><strong>ού</strong></span> <span class='ocrx_word' id='word_1_368' title='bbox 3230 1987 3552 2055; x_wconf 82' lang='grc' dir='ltr'>βιασάμενος</span> <span class='ocrx_word' id='word_1_369' title='bbox 3576 1984 3711 2053; x_wconf 70' lang='grc' dir='ltr'>πρὸς</span> 
     </span>
    </p>
   </div>
   <div class='ocr_carea' id='block_1_51' title="bbox 2155 2069 3712 2149">
    <p class='ocr_par' dir='ltr' id='par_1_51' title="bbox 2155 2069 3712 2149">
     <span class='ocr_line' id='line_1_51' title="bbox 2155 2069 3712 2149; baseline -0.004 -16"><span class='ocrx_word' id='word_1_370' title='bbox 2155 2080 2431 2149; x_wconf 79' lang='grc' dir='ltr'>οὐδέτερον</span> <span class='ocrx_word' id='word_1_371' title='bbox 2500 2081 2613 2131; x_wconf 79' lang='grc' dir='ltr'>τοῖν</span> <span class='ocrx_word' id='word_1_372' title='bbox 2671 2081 2816 2133; x_wconf 85' lang='grc' dir='ltr'>δυοῖν</span> <span class='ocrx_word' id='word_1_373' title='bbox 2873 2082 3079 2132; x_wconf 81' lang='grc' dir='ltr'>τούτοιν</span> <span class='ocrx_word' id='word_1_374' title='bbox 3131 2079 3313 2132; x_wconf 82' lang='grc' dir='ltr'>καλοῖν</span> <span class='ocrx_word' id='word_1_375' title='bbox 3345 2077 3424 2147; x_wconf 72' lang='grc' dir='ltr'><strong>(οὔ</strong></span> <span class='ocrx_word' id='word_1_376' title='bbox 3470 2069 3577 2144; x_wconf 77' lang='grc' dir='ltr'>γὰρ</span> <span class='ocrx_word' id='word_1_377' title='bbox 3605 2074 3712 2127; x_wconf 74' lang='grc' dir='ltr'>ἔδει</span> 
     </span>
    </p>
   </div>
   <div class='ocr_carea' id='block_1_52' title="bbox 2153 2166 3714 2238">
    <p class='ocr_par' dir='ltr' id='par_1_52' title="bbox 2153 2166 3714 2238">
     <span class='ocr_line' id='line_1_52' title="bbox 2153 2166 3714 2238; baseline -0.002 -17"><span class='ocrx_word' id='word_1_378' title='bbox 2153 2170 2391 2238; x_wconf 78' lang='grc' dir='ltr'>φθείρειν</span> <span class='ocrx_word' id='word_1_379' title='bbox 2424 2171 2540 2223; x_wconf 74' lang='grc' dir='ltr'>ἀντὶ</span> <span class='ocrx_word' id='word_1_380' title='bbox 2574 2170 2667 2223; x_wconf 77' lang='grc' dir='ltr'>τοῦ</span> <span class='ocrx_word' id='word_1_381' title='bbox 2693 2170 2928 2237; x_wconf 79' lang='grc' dir='ltr'>σώζειν),</span> <span class='ocrx_word' id='word_1_382' title='bbox 2971 2169 3104 2221; x_wconf 81' lang='grc' dir='ltr'>ἀλλὰ</span> <span class='ocrx_word' id='word_1_383' title='bbox 3138 2169 3198 2222; x_wconf 80' lang='grc' dir='ltr'>τὺ</span> <span class='ocrx_word' id='word_1_384' title='bbox 3235 2169 3332 2237; x_wconf 80' lang='grc' dir='ltr'>μὲν</span> <span class='ocrx_word' id='word_1_385' title='bbox 3360 2167 3586 2235; x_wconf 79' lang='grc' dir='ltr'>κώλυμα</span> <span class='ocrx_word' id='word_1_386' title='bbox 3614 2166 3714 2232; x_wconf 78' lang='grc' dir='ltr'>τῆς</span> 
     </span>
    </p>
   </div>
   <div class='ocr_carea' id='block_1_53' title="bbox 2153 2256 3711 2328">
    <p class='ocr_par' dir='ltr' id='par_1_53' title="bbox 2153 2256 3711 2328">
     <span class='ocr_line' id='line_1_53' title="bbox 2153 2256 3711 2328; baseline -0.005 -16"><span class='ocrx_word' id='word_1_387' title='bbox 2153 2260 2368 2313; x_wconf 76' lang='grc' dir='ltr'>αἰωνίου</span> <span class='ocrx_word' id='word_1_388' title='bbox 2404 2259 2567 2322; x_wconf 76' lang='grc' dir='ltr'>λύσας</span> <span class='ocrx_word' id='word_1_389' title='bbox 2602 2260 2934 2320; x_wconf 80' lang='grc' dir='ltr'>ἀνελπίστως</span> <span class='ocrx_word' id='word_1_390' title='bbox 2964 2256 3132 2328; x_wconf 43' lang='grc' dir='ltr'>ζωῆς,</span> <span class='ocrx_word' id='word_1_391' title='bbox 3162 2259 3258 2328; x_wconf 83' lang='grc' dir='ltr'>τὴν</span> <span class='ocrx_word' id='word_1_392' title='bbox 3285 2261 3346 2310; x_wconf 82' lang='grc' dir='ltr'>ὲκ</span> <span class='ocrx_word' id='word_1_393' title='bbox 3398 2257 3505 2309; x_wconf 86' lang='grc' dir='ltr'><strong>τῶν</strong></span> <span class='ocrx_word' id='word_1_394' title='bbox 3538 2271 3711 2321; x_wconf 78' lang='grc' dir='ltr'>σπερ-</span> 
     </span>
    </p>
   </div>
   <div class='ocr_carea' id='block_1_54' title="bbox 2157 2344 3715 2419">
    <p class='ocr_par' dir='ltr' id='par_1_54' title="bbox 2157 2344 3715 2419">
     <span class='ocr_line' id='line_1_54' title="bbox 2157 2344 3715 2419; baseline -0.005 -14"><span class='ocrx_word' id='word_1_395' title='bbox 2157 2352 2340 2419; x_wconf 82' lang='grc' dir='ltr'>μάτων</span> <span class='ocrx_word' id='word_1_396' title='bbox 2365 2351 2459 2403; x_wconf 86' lang='grc' dir='ltr'><strong>τοῢ</strong></span> <span class='ocrx_word' id='word_1_397' title='bbox 2489 2352 2679 2419; x_wconf 83' lang='grc' dir='ltr'>γένους</span> <span class='ocrx_word' id='word_1_398' title='bbox 2710 2351 3084 2405; x_wconf 77' lang='grc' dir='ltr'>διαϐαίνουσαν</span> <span class='ocrx_word' id='word_1_399' title='bbox 3111 2350 3308 2419; x_wconf 84' lang='grc' dir='ltr'>λύμην,</span> <span class='ocrx_word' id='word_1_400' title='bbox 3337 2344 3417 2412; x_wconf 78' lang='grc' dir='ltr'>οἷς</span> <span class='ocrx_word' id='word_1_401' title='bbox 3448 2349 3715 2401; x_wconf 78' lang='grc' dir='ltr'>ἐκένωσεν</span> 
     </span>
    </p>
   </div>
   <div class='ocr_carea' id='block_1_55' title="bbox 2155 2439 3711 2512">
    <p class='ocr_par' dir='ltr' id='par_1_55' title="bbox 2155 2439 3711 2512">
     <span class='ocr_line' id='line_1_55' title="bbox 2155 2439 3711 2512; baseline -0.005 -16"><span class='ocrx_word' id='word_1_402' title='bbox 2155 2445 2341 2498; x_wconf 75' lang='grc' dir='ltr'>ἑαυτὸν</span> <span class='ocrx_word' id='word_1_403' title='bbox 2404 2448 2496 2497; x_wconf 71' lang='grc' dir='ltr'>καὶ</span> <span class='ocrx_word' id='word_1_404' title='bbox 2527 2444 2617 2506; x_wconf 81' lang='grc' dir='ltr'><strong>οὓς</strong></span> <span class='ocrx_word' id='word_1_405' title='bbox 2645 2445 2848 2512; x_wconf 73' lang='grc' dir='ltr'>ὑπέστη</span> <span class='ocrx_word' id='word_1_406' title='bbox 2875 2443 2966 2496; x_wconf 78' lang='grc' dir='ltr'>καὶ</span> <span class='ocrx_word' id='word_1_407' title='bbox 3019 2441 3117 2510; x_wconf 80' lang='grc' dir='ltr'><strong>τὴν</strong></span> <span class='ocrx_word' id='word_1_408' title='bbox 3173 2439 3526 2509; x_wconf 78' lang='grc' dir='ltr'>ὀφειλομένην</span> <span class='ocrx_word' id='word_1_409' title='bbox 3577 2440 3711 2507; x_wconf 77' lang='grc' dir='ltr'>ἡμῖν</span> 
     </span>
    </p>
   </div>
   <div class='ocr_carea' id='block_1_56' title="bbox 2155 2529 3711 2603">
    <p class='ocr_par' dir='ltr' id='par_1_56' title="bbox 2155 2529 3711 2603">
     <span class='ocr_line' id='line_1_56' title="bbox 2155 2529 3711 2603; baseline -0.004 -16"><span class='ocrx_word' id='word_1_410' title='bbox 2155 2535 2311 2603; x_wconf 80' lang='grc' dir='ltr'>δίκην</span> <span class='ocrx_word' id='word_1_411' title='bbox 2339 2535 2576 2599; x_wconf 72' lang='grc' dir='ltr'>ἐξέτισεν</span> <span class='ocrx_word' id='word_1_412' title='bbox 2624 2538 2679 2588; x_wconf 81' lang='grc' dir='ltr'><strong>ἐν</strong></span> <span class='ocrx_word' id='word_1_413' title='bbox 2711 2536 2871 2602; x_wconf 75' lang='grc' dir='ltr'>σαρκὶ</span> <span class='ocrx_word' id='word_1_414' title='bbox 2925 2533 3090 2603; x_wconf 74' lang='grc' dir='ltr'>μηδὲν</span> <span class='ocrx_word' id='word_1_415' title='bbox 3136 2531 3478 2602; x_wconf 80' lang='grc' dir='ltr'>ἁμαρτούσῃ,</span> <span class='ocrx_word' id='word_1_416' title='bbox 3532 2532 3596 2598; x_wconf 78' lang='grc' dir='ltr'>τῇ</span> <span class='ocrx_word' id='word_1_417' title='bbox 3648 2529 3711 2581; x_wconf 82' lang='grc' dir='ltr'>δὲ</span> 
     </span>
    </p>
   </div>
   <div class='ocr_carea' id='block_1_57' title="bbox 2129 2617 3712 2696">
    <p class='ocr_par' dir='ltr' id='par_1_57' title="bbox 2129 2617 3712 2696">
     <span class='ocr_line' id='line_1_57' title="bbox 2129 2617 3712 2696; baseline -0.006 -16"><span class='ocrx_word' id='word_1_418' title='bbox 2129 2627 2470 2696; x_wconf 82' lang='grc' dir='ltr'>,προαιρέσει</span> <span class='ocrx_word' id='word_1_419' title='bbox 2496 2626 2604 2680; x_wconf 82' lang='grc' dir='ltr'>τῶν</span> <span class='ocrx_word' id='word_1_420' title='bbox 2625 2627 2828 2680; x_wconf 72' lang='grc' dir='ltr'>τέκνων</span> <span class='ocrx_word' id='word_1_421' title='bbox 2866 2627 2924 2678; x_wconf 77' lang='grc' dir='ltr'>τό</span> <span class='ocrx_word' id='word_1_422' title='bbox 2954 2643 3011 2677; x_wconf 87' lang='grc' dir='ltr'><strong>τε</strong></span> <span class='ocrx_word' id='word_1_423' title='bbox 3040 2623 3313 2677; x_wconf 81' lang='grc' dir='ltr'>πιστεύειν</span> <span class='ocrx_word' id='word_1_424' title='bbox 3346 2624 3408 2675; x_wconf 81' lang='grc' dir='ltr'>τό</span> <span class='ocrx_word' id='word_1_425' title='bbox 3440 2637 3500 2672; x_wconf 90' lang='grc' dir='ltr'><strong>τε</strong></span> <span class='ocrx_word' id='word_1_426' title='bbox 3561 2617 3712 2690; x_wconf 85' lang='grc' dir='ltr'><strong>βιοῦν</strong></span> 
     </span>
    </p>
   </div>
   <div class='ocr_carea' id='block_1_58' title="bbox 2156 2705 3716 2787">
    <p class='ocr_par' dir='ltr' id='par_1_58' title="bbox 2156 2705 3716 2787">
     <span class='ocr_line' id='line_1_58' title="bbox 2156 2705 3716 2787; baseline -0.004 -20"><span class='ocrx_word' id='word_1_427' title='bbox 2156 2717 2330 2787; x_wconf 85' lang='grc' dir='ltr'>ὀρθῶς</span> <span class='ocrx_word' id='word_1_428' title='bbox 2360 2717 2678 2786; x_wconf 68' lang='grc' dir='ltr'>ἐπιτρέψας,</span> <span class='ocrx_word' id='word_1_429' title='bbox 2710 2719 2808 2769; x_wconf 80' lang='grc' dir='ltr'><strong>οὐκ</strong></span> <span class='ocrx_word' id='word_1_430' title='bbox 2838 2717 2966 2768; x_wconf 78' lang='grc' dir='ltr'>ἄνευ</span> <span class='ocrx_word' id='word_1_431' title='bbox 2995 2709 3176 2785; x_wconf 77' lang='grc' dir='ltr'>μέντοι</span> <span class='ocrx_word' id='word_1_432' title='bbox 3205 2713 3305 2781; x_wconf 71' lang='grc' dir='ltr'>τῆς</span> <span class='ocrx_word' id='word_1_433' title='bbox 3353 2712 3488 2780; x_wconf 82' lang='grc' dir='ltr'>παρ’</span> <span class='ocrx_word' id='word_1_434' title='bbox 3548 2705 3716 2762; x_wconf 76' lang='grc' dir='ltr'>αὐτοῦ</span> 
     </span>
    </p>
   </div>
   <div class='ocr_carea' id='block_1_59' title="bbox 2159 2802 3716 2877">
    <p class='ocr_par' dir='ltr' id='par_1_59' title="bbox 2159 2802 3716 2877">
     <span class='ocr_line' id='line_1_59' title="bbox 2159 2802 3716 2877; baseline -0.007 -16"><span class='ocrx_word' id='word_1_435' title='bbox 2159 2808 2472 2877; x_wconf 81' lang='grc' dir='ltr'>συμμαχίας</span> <span class='ocrx_word' id='word_1_436' title='bbox 2495 2808 2581 2860; x_wconf 85' lang='grc' dir='ltr'>διὰ</span> <span class='ocrx_word' id='word_1_437' title='bbox 2614 2807 2710 2876; x_wconf 79' lang='grc' dir='ltr'><strong>τὴν</strong></span> <span class='ocrx_word' id='word_1_438' title='bbox 2739 2807 2982 2875; x_wconf 75' lang='grc' dir='ltr'>ἑκατέρῳ</span> <span class='ocrx_word' id='word_1_439' title='bbox 3011 2805 3222 2866; x_wconf 71' lang='grc' dir='ltr'>πολλοῖς</span> <span class='ocrx_word' id='word_1_440' title='bbox 3271 2803 3491 2874; x_wconf 78' lang='grc' dir='ltr'>τρόποις</span> <span class='ocrx_word' id='word_1_441' title='bbox 3547 2802 3716 2852; x_wconf 84' lang='grc' dir='ltr'>ἀπαν-</span> 
     </span>
    </p>
   </div>
   <div class='ocr_carea' id='block_1_60' title="bbox 2158 2890 3714 2967">
    <p class='ocr_par' dir='ltr' id='par_1_60' title="bbox 2158 2890 3714 2967">
     <span class='ocr_line' id='line_1_60' title="bbox 2158 2890 3714 2967; baseline -0.005 -17"><span class='ocrx_word' id='word_1_442' title='bbox 2158 2898 2338 2950; x_wconf 73' lang='grc' dir='ltr'>τῶσαν</span> <span class='ocrx_word' id='word_1_443' title='bbox 2366 2898 2708 2966; x_wconf 79' lang='grc' dir='ltr'>δυσχέρειαν,</span> <span class='ocrx_word' id='word_1_444' title='bbox 2735 2898 2896 2960; x_wconf 71' lang='grc' dir='ltr'>αὐτὸς</span> <span class='ocrx_word' id='word_1_445' title='bbox 2931 2898 3061 2967; x_wconf 75' lang='grc' dir='ltr'>ἡμῖν</span> <span class='ocrx_word' id='word_1_446' title='bbox 3082 2898 3395 2966; x_wconf 70' lang='grc' dir='ltr'>ἑφανέρωσε</span> <span class='ocrx_word' id='word_1_447' title='bbox 3438 2894 3530 2946; x_wconf 74' lang='grc' dir='ltr'><strong>τὸν</strong></span> <span class='ocrx_word' id='word_1_448' title='bbox 3583 2890 3714 2944; x_wconf 73' lang='grc' dir='ltr'>Θεὸν</span> 
     </span>
    </p>
   </div>
   <div class='ocr_carea' id='block_1_61' title="bbox 2160 2984 3715 3058">
    <p class='ocr_par' dir='ltr' id='par_1_61' title="bbox 2160 2984 3715 3058">
     <span class='ocr_line' id='line_1_61' title="bbox 2160 2984 3715 3058; baseline -0.002 -18"><span class='ocrx_word' id='word_1_449' title='bbox 2160 2990 2252 3040; x_wconf 62' lang='grc' dir='ltr'><strong>καὶ</strong></span> <span class='ocrx_word' id='word_1_450' title='bbox 2280 2991 2498 3058; x_wconf 84' lang='grc' dir='ltr'>Πατέρα</span> <span class='ocrx_word' id='word_1_451' title='bbox 2519 2991 2652 3042; x_wconf 71' lang='grc' dir='ltr'>πᾶσι</span> <span class='ocrx_word' id='word_1_452' title='bbox 2685 2989 2905 3058; x_wconf 87' lang='grc' dir='ltr'>τρόποις</span> <span class='ocrx_word' id='word_1_453' title='bbox 2955 2989 3044 3041; x_wconf 81' lang='grc' dir='ltr'>ὑπ’</span> <span class='ocrx_word' id='word_1_454' title='bbox 3100 2988 3304 3041; x_wconf 71' lang='grc' dir='ltr'>ἐκείνου</span> <span class='ocrx_word' id='word_1_455' title='bbox 3357 2984 3715 3055; x_wconf 75' lang='grc' dir='ltr'>φανερωθείς.</span> 
     </span>
    </p>
   </div>
   <div class='ocr_carea' id='block_1_62' title="bbox 510 3077 2051 3167">
    <p class='ocr_par' dir='ltr' id='par_1_62' title="bbox 510 3083 2051 3153">
     <span class='ocr_line' id='line_1_62' title="bbox 510 3083 2051 3153; baseline -0.002 -15"><span class='ocrx_word' id='word_1_456' title='bbox 510 3087 737 3139; x_wconf 90' lang='lat' dir='ltr'><strong>tunitate</strong></span> <span class='ocrx_word' id='word_1_457' title='bbox 776 3085 841 3143; x_wconf 86' lang='lat' dir='ltr'><strong>ab</strong></span> <span class='ocrx_word' id='word_1_458' title='bbox 874 3085 964 3139; x_wconf 93' lang='lat' dir='ltr'><strong>illo</strong></span> <span class='ocrx_word' id='word_1_459' title='bbox 1001 3084 1316 3150; x_wconf 78' lang='lat' dir='ltr'><strong>revelatus;</strong></span> <span class='ocrx_word' id='word_1_460' title='bbox 1363 3083 1508 3139; x_wconf 85' lang='lat' dir='ltr'><strong>hunc</strong></span> <span class='ocrx_word' id='word_1_461' title='bbox 1535 3084 1764 3153; x_wconf 88' lang='lat' dir='ltr'><strong>denique</strong></span> <span class='ocrx_word' id='word_1_462' title='bbox 1820 3083 2051 3152; x_wconf 77' lang='lat' dir='ltr'><strong>sigillum</strong></span> 
     </span>
    </p>
   </div>
   <div class='ocr_carea' id='block_1_63' title="bbox 2150 3077 3717 3167">
    <p class='ocr_par' dir='ltr' id='par_1_63' title="bbox 2166 3077 3717 3149">
     <span class='ocr_line' id='line_1_63' title="bbox 2166 3077 3717 3149; baseline -0.004 -16"><span class='ocrx_word' id='word_1_463' title='bbox 2166 3081 2332 3144; x_wconf 82' lang='grc' dir='ltr'>Αὐτὸς</span> <span class='ocrx_word' id='word_1_464' title='bbox 2369 3083 2500 3149; x_wconf 80' lang='grc' dir='ltr'>ἡμῖν</span> <span class='ocrx_word' id='word_1_465' title='bbox 2541 3081 2632 3133; x_wconf 73' lang='grc' dir='ltr'>καὶ</span> <span class='ocrx_word' id='word_1_466' title='bbox 2661 3081 2720 3133; x_wconf 78' lang='grc' dir='ltr'>τὸ</span> <span class='ocrx_word' id='word_1_467' title='bbox 2749 3081 2972 3148; x_wconf 85' lang='grc' dir='ltr'>Πνεῦμα</span> <span class='ocrx_word' id='word_1_468' title='bbox 2997 3081 3056 3133; x_wconf 69' lang='grc' dir='ltr'>τὸ</span> <span class='ocrx_word' id='word_1_469' title='bbox 3088 3082 3238 3147; x_wconf 77' lang='grc' dir='ltr'>ἆγιον</span> <span class='ocrx_word' id='word_1_470' title='bbox 3265 3079 3605 3148; x_wconf 74' lang='grc' dir='ltr'>ἐφανέρωσεν</span> <span class='ocrx_word' id='word_1_471' title='bbox 3633 3077 3717 3137; x_wconf 88' lang='grc' dir='ltr'>εἰς</span> 
     </span>
    </p>
   </div>
   <div class='ocr_carea' id='block_1_64' title="bbox 511 3174 2059 3244">
    <p class='ocr_par' dir='ltr' id='par_1_64' title="bbox 511 3174 2059 3244">
     <span class='ocr_line' id='line_1_64' title="bbox 511 3174 2059 3244; baseline -0.006 -8"><span class='ocrx_word' id='word_1_472' title='bbox 511 3193 734 3236; x_wconf 86' lang='lat' dir='ltr'><strong>suorum</strong></span> <span class='ocrx_word' id='word_1_473' title='bbox 772 3178 824 3232; x_wconf 90' lang='lat' dir='ltr'><strong>in</strong></span> <span class='ocrx_word' id='word_1_474' title='bbox 852 3191 952 3238; x_wconf 89' lang='lat' dir='ltr'><strong>nos</strong></span> <span class='ocrx_word' id='word_1_475' title='bbox 985 3177 1393 3231; x_wconf 77' lang='lat' dir='ltr'><strong>beneﬁciorum.</strong></span> <span class='ocrx_word' id='word_1_476' title='bbox 1428 3178 1547 3243; x_wconf 86' lang='lat' dir='ltr'><strong>ipse</strong></span> <span class='ocrx_word' id='word_1_477' title='bbox 1591 3174 1929 3244; x_wconf 78' lang='lat' dir='ltr'><strong>singulorum</strong></span> <span class='ocrx_word' id='word_1_478' title='bbox 1974 3175 2059 3226; x_wconf 79' lang='lat' dir='ltr'><strong>vi—</strong></span> 
     </span>
    </p>
   </div>
   <div class='ocr_carea' id='block_1_65' title="bbox 504 3261 2058 3338">
    <p class='ocr_par' dir='ltr' id='par_1_65' title="bbox 504 3261 2058 3338">
     <span class='ocr_line' id='line_1_65' title="bbox 504 3261 2058 3338; baseline -0.005 -13"><span class='ocrx_word' id='word_1_479' title='bbox 504 3283 610 3325; x_wconf 87' lang='lat' dir='ltr'><strong>tam</strong></span> <span class='ocrx_word' id='word_1_480' title='bbox 643 3271 874 3329; x_wconf 80' lang='lat' dir='ltr'><strong>ﬁliorum</strong></span> <span class='ocrx_word' id='word_1_481' title='bbox 911 3271 1000 3338; x_wconf 88' lang='lat' dir='ltr'><strong>qui</strong></span> <span class='ocrx_word' id='word_1_482' title='bbox 1041 3270 1140 3324; x_wconf 79' lang='lat' dir='ltr'><strong>ﬁde</strong></span> <span class='ocrx_word' id='word_1_483' title='bbox 1171 3261 1242 3323; x_wconf 34' lang='lat' dir='ltr'><strong>et.</strong></span> <span class='ocrx_word' id='word_1_484' title='bbox 1264 3268 1491 3322; x_wconf 89' lang='lat' dir='ltr'><strong>arbitrio</strong></span> <span class='ocrx_word' id='word_1_485' title='bbox 1518 3277 1645 3323; x_wconf 88' lang='lat' dir='ltr'><strong>sunt</strong></span> <span class='ocrx_word' id='word_1_486' title='bbox 1674 3267 1943 3323; x_wconf 80' lang='lat' dir='ltr'><strong>ei‘l‘ormati</strong></span> <span class='ocrx_word' id='word_1_487' title='bbox 1975 3267 2058 3320; x_wconf 89' lang='lat' dir='ltr'><strong>di-</strong></span> 
     </span>
    </p>
   </div>
   <div class='ocr_carea' id='block_1_66' title="bbox 507 3353 2060 3434">
    <p class='ocr_par' dir='ltr' id='par_1_66' title="bbox 507 3353 2060 3434">
     <span class='ocr_line' id='line_1_66' title="bbox 507 3353 2060 3434; baseline -0.005 -17"><span class='ocrx_word' id='word_1_488' title='bbox 507 3363 652 3432; x_wconf 74' lang='lat' dir='ltr'><strong>rigit.</strong></span> <span class='ocrx_word' id='word_1_489' title='bbox 676 3359 888 3434; x_wconf 83' lang='lat' dir='ltr'><strong>Optima</strong></span> <span class='ocrx_word' id='word_1_490' title='bbox 915 3375 1148 3424; x_wconf 78' lang='lat' dir='ltr'><strong>namque</strong></span> <span class='ocrx_word' id='word_1_491' title='bbox 1173 3377 1234 3413; x_wconf 79' lang='lat' dir='ltr'><strong>ex</strong></span> <span class='ocrx_word' id='word_1_492' title='bbox 1257 3361 1436 3413; x_wconf 86' lang='lat' dir='ltr'><strong>animo</strong></span> <span class='ocrx_word' id='word_1_493' title='bbox 1459 3375 1685 3427; x_wconf 86' lang='lat' dir='ltr'><strong>prorsus</strong></span> <span class='ocrx_word' id='word_1_494' title='bbox 1711 3353 1881 3411; x_wconf 85' lang='lat' dir='ltr'><strong>libero</strong></span> <span class='ocrx_word' id='word_1_495' title='bbox 1899 3372 2060 3426; x_wconf 84' lang='lat' dir='ltr'><strong>opor-</strong></span> 
     </span>
    </p>
   </div>
   <div class='ocr_carea' id='block_1_67' title="bbox 505 3449 2061 3521">
    <p class='ocr_par' dir='ltr' id='par_1_67' title="bbox 505 3449 2061 3521">
     <span class='ocr_line' id='line_1_67' title="bbox 505 3449 2061 3521; baseline -0.004 -13"><span class='ocrx_word' id='word_1_496' title='bbox 505 3461 583 3508; x_wconf 89' lang='lat' dir='ltr'><strong>tet</strong></span> <span class='ocrx_word' id='word_1_497' title='bbox 609 3452 754 3521; x_wconf 77' lang='lat' dir='ltr'><strong>eligi,</strong></span> <span class='ocrx_word' id='word_1_498' title='bbox 785 3451 1076 3520; x_wconf 79' lang='lat' dir='ltr'><strong>statimque</strong></span> <span class='ocrx_word' id='word_1_499' title='bbox 1107 3450 1276 3519; x_wconf 75' lang='lat' dir='ltr'><strong>gratia</strong></span> <span class='ocrx_word' id='word_1_500' title='bbox 1311 3451 1377 3503; x_wconf 77' lang='lat' dir='ltr'><strong>ita</strong></span> <span class='ocrx_word' id='word_1_501' title='bbox 1411 3449 1841 3519; x_wconf 78' lang='lat' dir='ltr'><strong>preponentibus</strong></span> <span class='ocrx_word' id='word_1_502' title='bbox 1871 3462 2061 3502; x_wconf 84' lang='lat' dir='ltr'><strong>occur-</strong></span> 
     </span>
    </p>
   </div>
   <div class='ocr_carea' id='block_1_68' title="bbox 509 3540 2063 3612">
    <p class='ocr_par' dir='ltr' id='par_1_68' title="bbox 509 3540 2063 3612">
     <span class='ocr_line' id='line_1_68' title="bbox 509 3540 2063 3612; baseline -0.002 -15"><span class='ocrx_word' id='word_1_503' title='bbox 509 3544 597 3599; x_wconf 87' lang='lat' dir='ltr'><strong>rit.</strong></span> <span class='ocrx_word' id='word_1_504' title='bbox 632 3543 833 3612; x_wconf 78' lang='lat' dir='ltr'><strong>Ecquid</strong></span> <span class='ocrx_word' id='word_1_505' title='bbox 867 3543 1296 3598; x_wconf 81' lang='lat' dir='ltr'><strong>enumerandum</strong></span> <span class='ocrx_word' id='word_1_506' title='bbox 1330 3552 1406 3595; x_wconf 84' lang='lat' dir='ltr'><strong>tot</strong></span> <span class='ocrx_word' id='word_1_507' title='bbox 1433 3541 1730 3596; x_wconf 81' lang='lat' dir='ltr'><strong>manifestae</strong></span> <span class='ocrx_word' id='word_1_508' title='bbox 1758 3540 2063 3594; x_wconf 85' lang='lat' dir='ltr'><strong>beneﬁcen-</strong></span> 
     </span>
    </p>
   </div>
   <div class='ocr_carea' id='block_1_69' title="bbox 511 3634 2064 3703">
    <p class='ocr_par' dir='ltr' id='par_1_69' title="bbox 511 3634 2064 3703">
     <span class='ocr_line' id='line_1_69' title="bbox 511 3634 2064 3703; baseline -0.001 -14"><span class='ocrx_word' id='word_1_509' title='bbox 511 3637 596 3689; x_wconf 69' lang='lat' dir='ltr'><strong>tiae</strong></span> <span class='ocrx_word' id='word_1_510' title='bbox 643 3634 782 3690; x_wconf 87' lang='lat' dir='ltr'><strong>dona</strong></span> <span class='ocrx_word' id='word_1_511' title='bbox 830 3649 948 3703; x_wconf 75' lang='lat' dir='ltr'><strong>quae</strong></span> <span class='ocrx_word' id='word_1_512' title='bbox 994 3649 1092 3702; x_wconf 88' lang='lat' dir='ltr'><strong>pro</strong></span> <span class='ocrx_word' id='word_1_513' title='bbox 1140 3648 1367 3687; x_wconf 84' lang='lat' dir='ltr'><strong>numero</strong></span> <span class='ocrx_word' id='word_1_514' title='bbox 1415 3641 1468 3686; x_wconf 90' lang='lat' dir='ltr'><strong>et</strong></span> <span class='ocrx_word' id='word_1_515' title='bbox 1509 3634 1903 3701; x_wconf 37' lang='lat' dir='ltr'><strong>magnitudine.</strong></span> <span class='ocrx_word' id='word_1_516' title='bbox 1936 3642 2064 3687; x_wconf 89' lang='lat' dir='ltr'><strong>sunt</strong></span> 
     </span>
    </p>
   </div>
   <div class='ocr_carea' id='block_1_70' title="bbox 508 3724 2059 3792">
    <p class='ocr_par' dir='ltr' id='par_1_70' title="bbox 508 3724 2059 3792">
     <span class='ocr_line' id='line_1_70' title="bbox 508 3724 2059 3792; baseline -0.003 -11"><span class='ocrx_word' id='word_1_517' title='bbox 508 3727 653 3782; x_wconf 88' lang='lat' dir='ltr'><strong>omni</strong></span> <span class='ocrx_word' id='word_1_518' title='bbox 692 3740 941 3780; x_wconf 85' lang='lat' dir='ltr'><strong>sermone</strong></span> <span class='ocrx_word' id='word_1_519' title='bbox 977 3725 1199 3792; x_wconf 81' lang='lat' dir='ltr'><strong>majora,</strong></span> <span class='ocrx_word' id='word_1_520' title='bbox 1236 3725 1514 3792; x_wconf 83' lang='lat' dir='ltr'><strong>soliusquc</strong></span> <span class='ocrx_word' id='word_1_521' title='bbox 1543 3725 1827 3778; x_wconf 71' lang='lat' dir='ltr'><strong>obcaecata:</strong></span> <span class='ocrx_word' id='word_1_522' title='bbox 1865 3724 2059 3777; x_wconf 84' lang='lat' dir='ltr'><strong>animae</strong></span> 
     </span>
    </p>
   </div>
   <div class='ocr_carea' id='block_1_71' title="bbox 508 3816 2064 3885">
    <p class='ocr_par' dir='ltr' id='par_1_71' title="bbox 508 3816 2064 3885">
     <span class='ocr_line' id='line_1_71' title="bbox 508 3816 2064 3885; baseline -0.001 -13"><span class='ocrx_word' id='word_1_523' title='bbox 508 3817 677 3872; x_wconf 86' lang='lat' dir='ltr'><strong>oculis</strong></span> <span class='ocrx_word' id='word_1_524' title='bbox 706 3819 875 3871; x_wconf 80' lang='lat' dir='ltr'><strong>invisa</strong></span> <span class='ocrx_word' id='word_1_525' title='bbox 911 3828 1125 3870; x_wconf 87' lang='lat' dir='ltr'><strong>manent</strong></span> <span class='ocrx_word' id='word_1_526' title='bbox 1153 3826 1205 3870; x_wconf 86' lang='lat' dir='ltr'><strong>et</strong></span> <span class='ocrx_word' id='word_1_527' title='bbox 1234 3818 1452 3885; x_wconf 77' lang='lat' dir='ltr'><strong>ignota?</strong></span> <span class='ocrx_word' id='word_1_528' title='bbox 1480 3816 1745 3880; x_wconf 82' lang='lat' dir='ltr'><strong>Quoniam</strong></span> <span class='ocrx_word' id='word_1_529' title='bbox 1783 3831 1930 3880; x_wconf 88' lang='lat' dir='ltr'><strong>vero,</strong></span> <span class='ocrx_word' id='word_1_530' title='bbox 1960 3819 2064 3870; x_wconf 85' lang='lat' dir='ltr'><strong>etsi</strong></span> 
     </span>
    </p>
   </div>
   <div class='ocr_carea' id='block_1_72' title="bbox 510 3903 2066 3976">
    <p class='ocr_par' dir='ltr' id='par_1_72' title="bbox 510 3903 2066 3976">
     <span class='ocr_line' id='line_1_72' title="bbox 510 3903 2066 3976; baseline -0.001 -16"><span class='ocrx_word' id='word_1_531' title='bbox 510 3906 645 3972; x_wconf 76' lang='lat' dir='ltr'><strong>forte</strong></span> <span class='ocrx_word' id='word_1_532' title='bbox 667 3908 921 3976; x_wconf 83' lang='lat' dir='ltr'><strong>proprius</strong></span> <span class='ocrx_word' id='word_1_533' title='bbox 944 3910 1006 3958; x_wconf 90' lang='lat' dir='ltr'><strong>ad</strong></span> <span class='ocrx_word' id='word_1_534' title='bbox 1036 3905 1278 3958; x_wconf 81' lang='lat' dir='ltr'><strong>divinum</strong></span> <span class='ocrx_word' id='word_1_535' title='bbox 1313 3903 1568 3964; x_wconf 80' lang='lat' dir='ltr'><strong>Verbum.</strong></span> <span class='ocrx_word' id='word_1_536' title='bbox 1601 3915 1847 3957; x_wconf 90' lang='lat' dir='ltr'><strong>nostrum</strong></span> <span class='ocrx_word' id='word_1_537' title='bbox 1873 3919 2066 3974; x_wconf 88' lang='lat' dir='ltr'><strong>nempe</strong></span> 
     </span>
    </p>
   </div>
   <div class='ocr_carea' id='block_1_73' title="bbox 507 3995 2077 4053">
    <p class='ocr_par' dir='ltr' id='par_1_73' title="bbox 507 3995 2077 4053">
     <span class='ocr_line' id='line_1_73' title="bbox 507 3995 2077 4053; baseline -0.001 -1"><span class='ocrx_word' id='word_1_538' title='bbox 507 3996 688 4053; x_wconf 78' lang='lat' dir='ltr'><strong>Jcsum</strong></span> <span class='ocrx_word' id='word_1_539' title='bbox 725 3998 824 4052; x_wconf 87' lang='lat' dir='ltr'><strong>hoc</strong></span> <span class='ocrx_word' id='word_1_540' title='bbox 852 3998 1181 4052; x_wconf 78' lang='lat' dir='ltr'><strong>referuntur.</strong></span> <span class='ocrx_word' id='word_1_541' title='bbox 1217 4013 1319 4051; x_wconf 90' lang='lat' dir='ltr'><strong>una</strong></span> <span class='ocrx_word' id='word_1_542' title='bbox 1355 4007 1530 4051; x_wconf 88' lang='lat' dir='ltr'><strong>tamen</strong></span> <span class='ocrx_word' id='word_1_543' title='bbox 1569 3997 1729 4051; x_wconf 80' lang='lat' dir='ltr'><strong>fuerit</strong></span> <span class='ocrx_word' id='word_1_544' title='bbox 1766 4013 1793 4049; x_wconf 91' lang='lat' dir='ltr'><strong>a</strong></span> <span class='ocrx_word' id='word_1_545' title='bbox 1828 3995 1985 4050; x_wconf 84' lang='lat' dir='ltr'><strong>Patre</strong></span> <span class='ocrx_word' id='word_1_546' title='bbox 2011 4005 2077 4051; x_wconf 77' lang='lat' dir='ltr'><strong>et&#39;</strong></span> 
     </span>
    </p>
   </div>
   <div class='ocr_carea' id='block_1_74' title="bbox 510 4087 2063 4156">
    <p class='ocr_par' dir='ltr' id='par_1_74' title="bbox 510 4087 2063 4156">
     <span class='ocr_line' id='line_1_74' title="bbox 510 4087 2063 4156; baseline -0.001 -14"><span class='ocrx_word' id='word_1_547' title='bbox 510 4088 645 4142; x_wconf 86' lang='lat' dir='ltr'><strong>Filio</strong></span> <span class='ocrx_word' id='word_1_548' title='bbox 681 4089 731 4141; x_wconf 88' lang='lat' dir='ltr'><strong>in</strong></span> <span class='ocrx_word' id='word_1_549' title='bbox 764 4088 970 4156; x_wconf 80' lang='lat' dir='ltr'><strong>Spiritu</strong></span> <span class='ocrx_word' id='word_1_550' title='bbox 999 4089 1194 4141; x_wconf 69' lang='lat' dir='ltr'><strong>divina:</strong></span> <span class='ocrx_word' id='word_1_551' title='bbox 1228 4088 1652 4155; x_wconf 77' lang='lat' dir='ltr'><strong>dispensationis</strong></span> <span class='ocrx_word' id='word_1_552' title='bbox 1682 4087 2063 4153; x_wconf 80' lang='lat' dir='ltr'><strong>beneﬁcentia,</strong></span> 
     </span>
    </p>
   </div>
   <div class='ocr_carea' id='block_1_75' title="bbox 509 4179 2067 4250">
    <p class='ocr_par' dir='ltr' id='par_1_75' title="bbox 509 4179 2067 4250">
     <span class='ocr_line' id='line_1_75' title="bbox 509 4179 2067 4250; baseline 0.001 -16"><span class='ocrx_word' id='word_1_553' title='bbox 509 4198 573 4234; x_wconf 76' lang='lat' dir='ltr'><strong>ex</strong></span> <span class='ocrx_word' id='word_1_554' title='bbox 608 4179 822 4249; x_wconf 85' lang='lat' dir='ltr'><strong>unaque</strong></span> <span class='ocrx_word' id='word_1_555' title='bbox 865 4182 1136 4233; x_wconf 86' lang='lat' dir='ltr'><strong>communi</strong></span> <span class='ocrx_word' id='word_1_556' title='bbox 1171 4181 1523 4250; x_wconf 81' lang='lat' dir='ltr'><strong>benignitate,</strong></span> <span class='ocrx_word' id='word_1_557' title='bbox 1557 4195 1620 4234; x_wconf 87' lang='lat' dir='ltr'><strong>ac</strong></span> <span class='ocrx_word' id='word_1_558' title='bbox 1653 4181 1880 4249; x_wconf 87' lang='lat' dir='ltr'><strong>proinde</strong></span> <span class='ocrx_word' id='word_1_559' title='bbox 1911 4181 2067 4235; x_wconf 90' lang='lat' dir='ltr'><strong>nobis</strong></span> 
     </span>
    </p>
   </div>
   <div class='ocr_carea' id='block_1_76' title="bbox 2165 3169 3720 3240">
    <p class='ocr_par' dir='ltr' id='par_1_76' title="bbox 2165 3169 3720 3240">
     <span class='ocr_line' id='line_1_76' title="bbox 2165 3169 3720 3240; baseline -0.008 -10"><span class='ocrx_word' id='word_1_560' title='bbox 2165 3171 2334 3240; x_wconf 75' lang='grc' dir='ltr'>μείζω</span> <span class='ocrx_word' id='word_1_561' title='bbox 2368 3172 2469 3240; x_wconf 80' lang='grc' dir='ltr'>μὲν</span> <span class='ocrx_word' id='word_1_562' title='bbox 2503 3173 2811 3240; x_wconf 69' lang='grc' dir='ltr'>φανέρωσιν</span> <span class='ocrx_word' id='word_1_563' title='bbox 2853 3169 3069 3238; x_wconf 80' lang='grc' dir='ltr'>ἑαυτοῦ,</span> <span class='ocrx_word' id='word_1_564' title='bbox 3119 3172 3296 3223; x_wconf 80' lang='grc' dir='ltr'>καίτοι</span> <span class='ocrx_word' id='word_1_565' title='bbox 3343 3169 3578 3238; x_wconf 76' lang='grc' dir='ltr'>πρόσθεν</span> <span class='ocrx_word' id='word_1_566' title='bbox 3626 3169 3720 3219; x_wconf 74' lang='grc' dir='ltr'>ὑπ’</span> 
     </span>
    </p>
   </div>
   <div class='ocr_carea' id='block_1_77' title="bbox 2159 3263 3722 3334">
    <p class='ocr_par' dir='ltr' id='par_1_77' title="bbox 2159 3263 3722 3334">
     <span class='ocr_line' id='line_1_77' title="bbox 2159 3263 3722 3334; baseline -0.003 -18"><span class='ocrx_word' id='word_1_567' title='bbox 2159 3265 2368 3317; x_wconf 76' lang='grc' dir='ltr'>ἐκείνου</span> <span class='ocrx_word' id='word_1_568' title='bbox 2401 3264 2731 3332; x_wconf 75' lang='grc' dir='ltr'>φανερωθεὶς</span> <span class='ocrx_word' id='word_1_569' title='bbox 2771 3264 2847 3334; x_wconf 80' lang='grc' dir='ltr'>τῷ</span> <span class='ocrx_word' id='word_1_570' title='bbox 2875 3263 3050 3332; x_wconf 85' lang='grc' dir='ltr'>καιρῷ</span> <span class='ocrx_word' id='word_1_571' title='bbox 3099 3263 3498 3332; x_wconf 82' lang='grc' dir='ltr'>προσηκόντως,</span> <span class='ocrx_word' id='word_1_572' title='bbox 3555 3277 3722 3328; x_wconf 81' lang='grc' dir='ltr'>σφρα-</span> 
     </span>
    </p>
   </div>
   <div class='ocr_carea' id='block_1_78' title="bbox 2160 3351 3722 3428">
    <p class='ocr_par' dir='ltr' id='par_1_78' title="bbox 2160 3351 3722 3428">
     <span class='ocr_line' id='line_1_78' title="bbox 2160 3351 3722 3428; baseline -0.004 -20"><span class='ocrx_word' id='word_1_573' title='bbox 2160 3358 2284 3424; x_wconf 83' lang='grc' dir='ltr'>γῖδα</span> <span class='ocrx_word' id='word_1_574' title='bbox 2313 3358 2368 3410; x_wconf 78' lang='grc' dir='ltr'>δὲ</span> <span class='ocrx_word' id='word_1_575' title='bbox 2396 3358 2498 3410; x_wconf 73' lang='grc' dir='ltr'><strong>τῶν</strong></span> <span class='ocrx_word' id='word_1_576' title='bbox 2547 3359 2624 3419; x_wconf 88' lang='grc' dir='ltr'><strong>είς</strong></span> <span class='ocrx_word' id='word_1_577' title='bbox 2659 3358 2804 3428; x_wconf 70' lang='grc' dir='ltr'>ἡμᾶς</span> <span class='ocrx_word' id='word_1_578' title='bbox 2867 3356 3210 3424; x_wconf 82' lang='grc' dir='ltr'>εὐεργεσιῶν.</span> <span class='ocrx_word' id='word_1_579' title='bbox 3266 3353 3436 3416; x_wconf 75' lang='grc' dir='ltr'>Αὐτὸς</span> <span class='ocrx_word' id='word_1_580' title='bbox 3483 3353 3573 3404; x_wconf 74' lang='grc' dir='ltr'>καὶ</span> <span class='ocrx_word' id='word_1_581' title='bbox 3628 3351 3722 3402; x_wconf 73' lang='grc' dir='ltr'>τὸν</span> 
     </span>
    </p>
   </div>
   <div class='ocr_carea' id='block_1_79' title="bbox 2163 3443 3722 3517">
    <p class='ocr_par' dir='ltr' id='par_1_79' title="bbox 2163 3443 3722 3517">
     <span class='ocr_line' id='line_1_79' title="bbox 2163 3443 3722 3517; baseline -0.006 -16"><span class='ocrx_word' id='word_1_582' title='bbox 2163 3449 2392 3502; x_wconf 77' lang='grc' dir='ltr'>ἑκάστου</span> <span class='ocrx_word' id='word_1_583' title='bbox 2418 3447 2524 3500; x_wconf 85' lang='grc' dir='ltr'><strong>τῶν</strong></span> <span class='ocrx_word' id='word_1_584' title='bbox 2550 3448 2753 3500; x_wconf 82' lang='grc' dir='ltr'>τέκνων</span> <span class='ocrx_word' id='word_1_585' title='bbox 2787 3448 2897 3517; x_wconf 83' lang='grc' dir='ltr'>βίον</span> <span class='ocrx_word' id='word_1_586' title='bbox 2929 3448 3101 3499; x_wconf 82' lang='grc' dir='ltr'>ίθύνει</span> <span class='ocrx_word' id='word_1_587' title='bbox 3130 3445 3240 3497; x_wconf 79' lang='grc' dir='ltr'><strong>τῶν</strong></span> <span class='ocrx_word' id='word_1_588' title='bbox 3284 3446 3463 3498; x_wconf 85' lang='grc' dir='ltr'>πίστει</span> <span class='ocrx_word' id='word_1_589' title='bbox 3514 3459 3572 3495; x_wconf 84' lang='grc' dir='ltr'><strong>τε</strong></span> <span class='ocrx_word' id='word_1_590' title='bbox 3625 3443 3722 3493; x_wconf 75' lang='grc' dir='ltr'>καὶ</span> 
     </span>
    </p>
   </div>
   <div class='ocr_carea' id='block_1_80' title="bbox 2164 3533 3722 3609">
    <p class='ocr_par' dir='ltr' id='par_1_80' title="bbox 2164 3533 3722 3609">
     <span class='ocr_line' id='line_1_80' title="bbox 2164 3533 3722 3609; baseline -0.005 -17"><span class='ocrx_word' id='word_1_591' title='bbox 2164 3541 2476 3609; x_wconf 82' lang='grc' dir='ltr'>προαιρέσει</span> <span class='ocrx_word' id='word_1_592' title='bbox 2520 3541 2987 3609; x_wconf 82' lang='grc' dir='ltr'>μεμορφωμένων,</span> <span class='ocrx_word' id='word_1_593' title='bbox 3011 3539 3090 3592; x_wconf 87' lang='grc' dir='ltr'><strong>δεῖ</strong></span> <span class='ocrx_word' id='word_1_594' title='bbox 3139 3538 3246 3608; x_wconf 82' lang='grc' dir='ltr'>γὰρ</span> <span class='ocrx_word' id='word_1_595' title='bbox 3282 3536 3605 3606; x_wconf 76' lang='grc' dir='ltr'>προελέσθαι</span> <span class='ocrx_word' id='word_1_596' title='bbox 3650 3533 3722 3585; x_wconf 72' lang='grc' dir='ltr'>τὰ</span> 
     </span>
    </p>
   </div>
   <div class='ocr_carea' id='block_1_81' title="bbox 2165 3627 3720 3703">
    <p class='ocr_par' dir='ltr' id='par_1_81' title="bbox 2165 3627 3720 3703">
     <span class='ocr_line' id='line_1_81' title="bbox 2165 3627 3720 3703; baseline -0.006 -17"><span class='ocrx_word' id='word_1_597' title='bbox 2165 3634 2397 3703; x_wconf 84' lang='grc' dir='ltr'>κρείττω</span> <span class='ocrx_word' id='word_1_598' title='bbox 2420 3633 2608 3703; x_wconf 81' lang='grc' dir='ltr'>γνώμῃ</span> <span class='ocrx_word' id='word_1_599' title='bbox 2641 3633 2735 3703; x_wconf 83' lang='grc' dir='ltr'>ὅλῃ</span> <span class='ocrx_word' id='word_1_600' title='bbox 2767 3634 2905 3702; x_wconf 80' lang='grc' dir='ltr'>ῥοπῇ</span> <span class='ocrx_word' id='word_1_601' title='bbox 2937 3649 2951 3662; x_wconf 90' lang='grc'>·</span> <span class='ocrx_word' id='word_1_602' title='bbox 2978 3633 3010 3701; x_wconf 80' lang='grc' dir='ltr'>ἡ</span> <span class='ocrx_word' id='word_1_603' title='bbox 3037 3631 3091 3684; x_wconf 81' lang='grc' dir='ltr'>δὲ</span> <span class='ocrx_word' id='word_1_604' title='bbox 3112 3632 3270 3701; x_wconf 89' lang='grc' dir='ltr'>χάρις</span> <span class='ocrx_word' id='word_1_605' title='bbox 3295 3629 3454 3690; x_wconf 81' lang='grc' dir='ltr'>εὐθὺς</span> <span class='ocrx_word' id='word_1_606' title='bbox 3485 3627 3720 3696; x_wconf 70' lang='grc' dir='ltr'>συναντᾷ</span> 
     </span>
    </p>
   </div>
   <div class='ocr_carea' id='block_1_82' title="bbox 2163 3721 3724 3792">
    <p class='ocr_par' dir='ltr' id='par_1_82' title="bbox 2163 3721 3724 3792">
     <span class='ocr_line' id='line_1_82' title="bbox 2163 3721 3724 3792; baseline -0.003 -18"><span class='ocrx_word' id='word_1_607' title='bbox 2163 3725 2275 3786; x_wconf 86' lang='grc' dir='ltr'>τοῖς</span> <span class='ocrx_word' id='word_1_608' title='bbox 2314 3722 2453 3775; x_wconf 77' lang='grc' dir='ltr'>οὓτω</span> <span class='ocrx_word' id='word_1_609' title='bbox 2519 3722 2960 3792; x_wconf 75' lang='grc' dir='ltr'>προῃρημένοις·</span> <span class='ocrx_word' id='word_1_610' title='bbox 3018 3721 3070 3774; x_wconf 89' lang='grc' dir='ltr'><strong>τί</strong></span> <span class='ocrx_word' id='word_1_611' title='bbox 3113 3721 3193 3773; x_wconf 81' lang='grc' dir='ltr'><strong>δεῖ</strong></span> <span class='ocrx_word' id='word_1_612' title='bbox 3246 3721 3603 3789; x_wconf 76' lang='grc' dir='ltr'>καταριθμεῖν</span> <span class='ocrx_word' id='word_1_613' title='bbox 3650 3721 3724 3769; x_wconf 74' lang='grc' dir='ltr'>τὰ</span> 
     </span>
    </p>
   </div>
   <div class='ocr_carea' id='block_1_83' title="bbox 2166 3811 3718 3880">
    <p class='ocr_par' dir='ltr' id='par_1_83' title="bbox 2166 3811 3718 3880">
     <span class='ocr_line' id='line_1_83' title="bbox 2166 3811 3718 3880; baseline -0.003 -12"><span class='ocrx_word' id='word_1_614' title='bbox 2166 3816 2339 3868; x_wconf 84' lang='grc' dir='ltr'>πάντα</span> <span class='ocrx_word' id='word_1_615' title='bbox 2363 3816 2593 3868; x_wconf 81' lang='grc' dir='ltr'>νικῶντα</span> <span class='ocrx_word' id='word_1_616' title='bbox 2625 3815 2779 3880; x_wconf 87' lang='grc' dir='ltr'>λόγον</span> <span class='ocrx_word' id='word_1_617' title='bbox 2812 3815 2888 3879; x_wconf 85' lang='grc' dir='ltr'>τῷ</span> <span class='ocrx_word' id='word_1_618' title='bbox 2921 3813 3114 3880; x_wconf 84' lang='grc' dir='ltr'>πλήθει</span> <span class='ocrx_word' id='word_1_619' title='bbox 3148 3830 3205 3866; x_wconf 86' lang='grc' dir='ltr'><strong>τε</strong></span> <span class='ocrx_word' id='word_1_620' title='bbox 3233 3815 3323 3864; x_wconf 76' lang='grc' dir='ltr'><strong>καὶ</strong></span> <span class='ocrx_word' id='word_1_621' title='bbox 3365 3811 3583 3879; x_wconf 73' lang='grc' dir='ltr'>μεγέθει</span> <span class='ocrx_word' id='word_1_622' title='bbox 3617 3812 3718 3877; x_wconf 74' lang='grc' dir='ltr'>τῆς</span> 
     </span>
    </p>
   </div>
   <div class='ocr_carea' id='block_1_84' title="bbox 2168 3904 3720 3976">
    <p class='ocr_par' dir='ltr' id='par_1_84' title="bbox 2168 3904 3720 3976">
     <span class='ocr_line' id='line_1_84' title="bbox 2168 3904 3720 3976; baseline -0.003 -17"><span class='ocrx_word' id='word_1_623' title='bbox 2168 3908 2404 3976; x_wconf 71' lang='grc' dir='ltr'>φανερᾶς</span> <span class='ocrx_word' id='word_1_624' title='bbox 2453 3905 2713 3968; x_wconf 79' lang='grc' dir='ltr'>εὐποιίας,</span> <span class='ocrx_word' id='word_1_625' title='bbox 2748 3906 2778 3974; x_wconf 84' lang='grc' dir='ltr'><strong>ἥ</strong></span> <span class='ocrx_word' id='word_1_626' title='bbox 2811 3904 2987 3973; x_wconf 82' lang='grc' dir='ltr'>μόνοις</span> <span class='ocrx_word' id='word_1_627' title='bbox 3018 3907 3127 3966; x_wconf 76' lang='grc' dir='ltr'>τοῖς</span> <span class='ocrx_word' id='word_1_628' title='bbox 3151 3904 3569 3973; x_wconf 82' lang='grc' dir='ltr'>πεπηρωμένοις</span> <span class='ocrx_word' id='word_1_629' title='bbox 3593 3905 3720 3963; x_wconf 73' lang='grc' dir='ltr'>τοὺς</span> 
     </span>
    </p>
   </div>
   <div class='ocr_carea' id='block_1_85' title="bbox 2166 3995 3722 4067">
    <p class='ocr_par' dir='ltr' id='par_1_85' title="bbox 2166 3995 3722 4067">
     <span class='ocr_line' id='line_1_85' title="bbox 2166 3995 3722 4067; baseline -0.005 -15"><span class='ocrx_word' id='word_1_630' title='bbox 2166 4001 2264 4067; x_wconf 78' lang='grc' dir='ltr'>τῆς</span> <span class='ocrx_word' id='word_1_631' title='bbox 2305 3999 2478 4067; x_wconf 73' lang='grc' dir='ltr'>ψυχῆς</span> <span class='ocrx_word' id='word_1_632' title='bbox 2505 3996 2814 4065; x_wconf 75' lang='grc' dir='ltr'>ὀφθαλμοὺς</span> <span class='ocrx_word' id='word_1_633' title='bbox 2848 3997 3056 4066; x_wconf 71' lang='grc' dir='ltr'>ἀφανὴς</span> <span class='ocrx_word' id='word_1_634' title='bbox 3097 3995 3175 4047; x_wconf 80' lang='grc' dir='ltr'>ἔτι</span> <span class='ocrx_word' id='word_1_635' title='bbox 3212 3996 3360 4063; x_wconf 86' lang='grc' dir='ltr'>μένει</span> <span class='ocrx_word' id='word_1_636' title='bbox 3415 3997 3506 4047; x_wconf 75' lang='grc' dir='ltr'>καὶ</span> <span class='ocrx_word' id='word_1_637' title='bbox 3543 3996 3722 4061; x_wconf 76' lang='grc' dir='ltr'>άγνωο</span> 
     </span>
    </p>
   </div>
   <div class='ocr_carea' id='block_1_86' title="bbox 2134 4083 3726 4156">
    <p class='ocr_par' dir='ltr' id='par_1_86' title="bbox 2134 4083 3726 4156">
     <span class='ocr_line' id='line_1_86' title="bbox 2134 4083 3726 4156; baseline -0.004 -12"><span class='ocrx_word' id='word_1_638' title='bbox 2134 4083 2140 4091; x_wconf 71' lang='grc'><strong>’</strong></span> <span class='ocrx_word' id='word_1_639' title='bbox 2169 4109 2290 4152; x_wconf 89' lang='grc' dir='ltr'>στος</span> <span class='ocrx_word' id='word_1_640' title='bbox 2324 4108 2338 4155; x_wconf 87' lang='grc'>;</span> <span class='ocrx_word' id='word_1_641' title='bbox 2385 4088 2536 4144; x_wconf 72' lang='grc' dir='ltr'>Ἐπεὶ</span> <span class='ocrx_word' id='word_1_642' title='bbox 2559 4090 2673 4141; x_wconf 67' lang='grc' dir='ltr'>δτ“εί</span> <span class='ocrx_word' id='word_1_643' title='bbox 2694 4090 2784 4140; x_wconf 71' lang='grc' dir='ltr'><strong>καὶ</strong></span> <span class='ocrx_word' id='word_1_644' title='bbox 2826 4087 3106 4156; x_wconf 69' lang='grc' dir='ltr'>ἰδιαίτερόν</span> <span class='ocrx_word' id='word_1_645' title='bbox 3138 4104 3250 4148; x_wconf 78' lang='grc' dir='ltr'><strong>πως</strong></span> <span class='ocrx_word' id='word_1_646' title='bbox 3289 4088 3426 4156; x_wconf 60' lang='grc' dir='ltr'>πρδς</span> <span class='ocrx_word' id='word_1_647' title='bbox 3461 4088 3551 4139; x_wconf 70' lang='grc' dir='ltr'>τὸν</span> <span class='ocrx_word' id='word_1_648' title='bbox 3585 4086 3726 4138; x_wconf 82' lang='grc' dir='ltr'>θεῖον</span> 
     </span>
    </p>
   </div>
   <div class='ocr_carea' id='block_1_87' title="bbox 2168 4179 3726 4252">
    <p class='ocr_par' dir='ltr' id='par_1_87' title="bbox 2168 4179 3726 4252">
     <span class='ocr_line' id='line_1_87' title="bbox 2168 4179 3726 4252; baseline -0.002 -20"><span class='ocrx_word' id='word_1_649' title='bbox 2168 4181 2496 4252; x_wconf 72' lang='grc' dir='ltr'>ἀναφέρεται</span> <span class='ocrx_word' id='word_1_650' title='bbox 2535 4181 2704 4246; x_wconf 76' lang='grc' dir='ltr'>Λόγον</span> <span class='ocrx_word' id='word_1_651' title='bbox 2736 4180 2826 4232; x_wconf 82' lang='grc' dir='ltr'><strong>τὸν</strong></span> <span class='ocrx_word' id='word_1_652' title='bbox 2872 4181 3135 4249; x_wconf 79' lang='grc' dir='ltr'>ἡμέτερον</span> <span class='ocrx_word' id='word_1_653' title='bbox 3171 4179 3402 4247; x_wconf 81' lang='grc' dir='ltr'>Ἰησοῦν,</span> <span class='ocrx_word' id='word_1_654' title='bbox 3452 4179 3584 4232; x_wconf 78' lang='grc' dir='ltr'>ἀλλὰ</span> <span class='ocrx_word' id='word_1_655' title='bbox 3629 4181 3726 4248; x_wconf 78' lang='grc' dir='ltr'><strong>μία</strong></span> 
     </span>
    </p>
   </div>
   <div class='ocr_carea' id='block_1_88' title="bbox 510 4271 2051 4346">
    <p class='ocr_par' dir='ltr' id='par_1_88' title="bbox 510 4272 2051 4342">
     <span class='ocr_line' id='line_1_88' title="bbox 510 4272 2051 4342; baseline -0.001 -16"><span class='ocrx_word' id='word_1_656' title='bbox 510 4288 722 4342; x_wconf 90' lang='lat' dir='ltr'><strong>semper</strong></span> <span class='ocrx_word' id='word_1_657' title='bbox 753 4273 977 4325; x_wconf 86' lang='lat' dir='ltr'><strong>indivise</strong></span> <span class='ocrx_word' id='word_1_658' title='bbox 1014 4275 1313 4338; x_wconf 72' lang='lat' dir='ltr'><strong>omni-genae</strong></span> <span class='ocrx_word' id='word_1_659' title='bbox 1338 4272 1608 4326; x_wconf 80' lang='lat' dir='ltr'><strong>felicitatis</strong></span> <span class='ocrx_word' id='word_1_660' title='bbox 1642 4283 1690 4325; x_wconf 90' lang='lat' dir='ltr'><strong>et</strong></span> <span class='ocrx_word' id='word_1_661' title='bbox 1718 4272 1908 4326; x_wconf 83' lang='lat' dir='ltr'><strong>salutis</strong></span> <span class='ocrx_word' id='word_1_662' title='bbox 1939 4286 2051 4340; x_wconf 88' lang='lat' dir='ltr'><strong>pro-</strong></span> 
     </span>
    </p>
   </div>
   <div class='ocr_carea' id='block_1_89' title="bbox 2150 4271 3728 4346">
    <p class='ocr_par' dir='ltr' id='par_1_89' title="bbox 2167 4271 3728 4346">
     <span class='ocr_line' id='line_1_89' title="bbox 2167 4271 3728 4346; baseline -0.002 -20"><span class='ocrx_word' id='word_1_663' title='bbox 2167 4273 2233 4346; x_wconf 79' lang='grc' dir='ltr'>ἦν</span> <span class='ocrx_word' id='word_1_664' title='bbox 2256 4278 2316 4328; x_wconf 84' lang='grc' dir='ltr'><strong>ὲκ</strong></span> <span class='ocrx_word' id='word_1_665' title='bbox 2353 4275 2560 4345; x_wconf 78' lang='grc' dir='ltr'>Πατρδς</span> <span class='ocrx_word' id='word_1_666' title='bbox 2588 4275 2680 4326; x_wconf 71' lang='grc' dir='ltr'><strong>καὶ</strong></span> <span class='ocrx_word' id='word_1_667' title='bbox 2715 4271 2843 4326; x_wconf 82' lang='grc' dir='ltr'><strong>Υίοῦ</strong></span> <span class='ocrx_word' id='word_1_668' title='bbox 2873 4273 2928 4323; x_wconf 79' lang='grc' dir='ltr'>ἐν</span> <span class='ocrx_word' id='word_1_669' title='bbox 2962 4273 3234 4343; x_wconf 86' lang='grc' dir='ltr'>Πνεύματι</span> <span class='ocrx_word' id='word_1_670' title='bbox 3270 4272 3300 4341; x_wconf 78' lang='grc' dir='ltr'>ἡ</span> <span class='ocrx_word' id='word_1_671' title='bbox 3333 4272 3434 4342; x_wconf 83' lang='grc' dir='ltr'>τῆς</span> <span class='ocrx_word' id='word_1_672' title='bbox 3465 4273 3611 4334; x_wconf 75' lang='grc' dir='ltr'>θείας</span> <span class='ocrx_word' id='word_1_673' title='bbox 3646 4273 3728 4325; x_wconf 75' lang='grc' dir='ltr'><strong>οἱ·</strong></span> 
     </span>
    </p>
   </div>
   <div class='ocr_carea' id='block_1_90' title="bbox 513 4362 2051 4436">
    <p class='ocr_par' dir='ltr' id='par_1_90' title="bbox 513 4362 2051 4428">
     <span class='ocr_line' id='line_1_90' title="bbox 513 4362 2051 4428; baseline -0.001 -11"><span class='ocrx_word' id='word_1_674' title='bbox 513 4365 705 4419; x_wconf 89' lang='lat' dir='ltr'><strong>dierint</strong></span> <span class='ocrx_word' id='word_1_675' title='bbox 735 4365 994 4428; x_wconf 86' lang='lat' dir='ltr'><strong>remedia,</strong></span> <span class='ocrx_word' id='word_1_676' title='bbox 1025 4364 1167 4417; x_wconf 87' lang='lat' dir='ltr'><strong>idem</strong></span> <span class='ocrx_word' id='word_1_677' title='bbox 1196 4373 1276 4418; x_wconf 89' lang='lat' dir='ltr'><strong>est</strong></span> <span class='ocrx_word' id='word_1_678' title='bbox 1303 4365 1547 4418; x_wconf 85' lang='lat' dir='ltr'><strong>divinum</strong></span> <span class='ocrx_word' id='word_1_679' title='bbox 1581 4365 1804 4418; x_wconf 83' lang='lat' dir='ltr'><strong>laudare</strong></span> <span class='ocrx_word' id='word_1_680' title='bbox 1827 4362 2051 4418; x_wconf 78' lang='lat' dir='ltr'><strong>Verbun&#39;</strong></span> 
     </span>
    </p>
   </div>
   <div class='ocr_carea' id='block_1_91' title="bbox 2150 4362 3724 4436">
    <p class='ocr_par' dir='ltr' id='par_1_91' title="bbox 2171 4364 3724 4436">
     <span class='ocr_line' id='line_1_91' title="bbox 2171 4364 3724 4436; baseline -0.004 -16"><span class='ocrx_word' id='word_1_681' title='bbox 2171 4369 2430 4436; x_wconf 83' lang='grc' dir='ltr'>κονομίας</span> <span class='ocrx_word' id='word_1_682' title='bbox 2465 4366 2749 4435; x_wconf 79' lang='grc' dir='ltr'>εὐεργεσία</span> <span class='ocrx_word' id='word_1_683' title='bbox 2781 4367 2842 4418; x_wconf 81' lang='grc' dir='ltr'>ὲκ</span> <span class='ocrx_word' id='word_1_684' title='bbox 2884 4366 3009 4433; x_wconf 69' lang='grc' dir='ltr'>μιᾶς</span> <span class='ocrx_word' id='word_1_685' title='bbox 3039 4365 3273 4433; x_wconf 77' lang='grc' dir='ltr'>ὁμόπνου</span> <span class='ocrx_word' id='word_1_686' title='bbox 3301 4364 3724 4434; x_wconf 75' lang='grc' dir='ltr'>φιλανθρωπίας,</span> 
     </span>
    </p>
   </div>
   <div class='ocr_carea' id='block_1_92' title="bbox 514 4413 2051 4528">
    <p class='ocr_par' dir='ltr' id='par_1_92' title="bbox 514 4452 2051 4523">
     <span class='ocr_line' id='line_1_92' title="bbox 514 4452 2051 4523; baseline 0.002 -20"><span class='ocrx_word' id='word_1_687' title='bbox 514 4467 577 4505; x_wconf 88' lang='lat' dir='ltr'><strong>ac</strong></span> <span class='ocrx_word' id='word_1_688' title='bbox 611 4461 773 4505; x_wconf 87' lang='lat' dir='ltr'><strong>totam</strong></span> <span class='ocrx_word' id='word_1_689' title='bbox 800 4453 1180 4507; x_wconf 87' lang='lat' dir='ltr'><strong>concelebrare</strong></span> <span class='ocrx_word' id='word_1_690' title='bbox 1208 4452 1553 4516; x_wconf 80' lang='lat' dir='ltr'><strong>Trinitatem,</strong></span> <span class='ocrx_word' id='word_1_691' title='bbox 1581 4468 1674 4508; x_wconf 88' lang='lat' dir='ltr'><strong>seu</strong></span> <span class='ocrx_word' id='word_1_692' title='bbox 1700 4454 1875 4523; x_wconf 88' lang='lat' dir='ltr'><strong>potius</strong></span> <span class='ocrx_word' id='word_1_693' title='bbox 1901 4469 2051 4507; x_wconf 64' lang='lat' dir='ltr'><strong>unun‘</strong></span> 
     </span>
    </p>
   </div>
   <div class='ocr_carea' id='block_1_93' title="bbox 2150 4413 3730 4528">
    <p class='ocr_par' dir='ltr' id='par_1_93' title="bbox 2175 4413 3730 4528">
     <span class='ocr_line' id='line_1_93' title="bbox 2175 4413 3730 4528; baseline -0.003 -17"><span class='ocrx_word' id='word_1_694' title='bbox 2175 4460 2265 4512; x_wconf 74' lang='grc' dir='ltr'><strong>καὶ</strong></span> <span class='ocrx_word' id='word_1_695' title='bbox 2296 4413 2617 4528; x_wconf 52' lang='grc' dir='ltr'>άχωρίστιιζς</span> <span class='ocrx_word' id='word_1_696' title='bbox 2641 4459 2770 4526; x_wconf 80' lang='grc' dir='ltr'>ἡμῖν</span> <span class='ocrx_word' id='word_1_697' title='bbox 2796 4413 3002 4509; x_wconf 39' lang='grc' dir='ltr'>ἐκειῐθεν</span> <span class='ocrx_word' id='word_1_698' title='bbox 3058 4413 3144 4509; x_wconf 49' lang='lat' dir='ltr'><strong>die!</strong></span> <span class='ocrx_word' id='word_1_699' title='bbox 3199 4460 3265 4508; x_wconf 84' lang='grc' dir='ltr'>τὰ</span> <span class='ocrx_word' id='word_1_700' title='bbox 3308 4413 3429 4524; x_wconf 68' lang='grc' dir='ltr'><strong>ἶτῆς</strong></span> <span class='ocrx_word' id='word_1_701' title='bbox 3472 4413 3730 4517; x_wconf 69' lang='grc' dir='ltr'>παντοίας</span> 
     </span>
    </p>
   </div>
   <div class='ocr_carea' id='block_1_94' title="bbox 513 4541 2067 4616">
    <p class='ocr_par' dir='ltr' id='par_1_94' title="bbox 513 4541 2067 4616">
     <span class='ocr_line' id='line_1_94' title="bbox 513 4541 2067 4616; baseline 0.003 -20"><span class='ocrx_word' id='word_1_702' title='bbox 513 4541 566 4596; x_wconf 89' lang='lat' dir='ltr'><strong>in</strong></span> <span class='ocrx_word' id='word_1_703' title='bbox 603 4558 957 4609; x_wconf 86' lang='lat' dir='ltr'><strong>personarum</strong></span> <span class='ocrx_word' id='word_1_704' title='bbox 991 4542 1258 4600; x_wconf 76' lang='lat' dir='ltr'><strong>Trinitatc</strong></span> <span class='ocrx_word' id='word_1_705' title='bbox 1298 4547 1484 4602; x_wconf 90' lang='lat' dir='ltr'><strong>Deum.</strong></span> <span class='ocrx_word' id='word_1_706' title='bbox 1524 4547 1632 4616; x_wconf 87' lang='lat' dir='ltr'><strong>Ipsi</strong></span> <span class='ocrx_word' id='word_1_707' title='bbox 1679 4547 1850 4616; x_wconf 80' lang='lat' dir='ltr'><strong>gloria</strong></span> <span class='ocrx_word' id='word_1_708' title='bbox 1889 4548 1938 4600; x_wconf 90' lang='lat' dir='ltr'><strong>in</strong></span> <span class='ocrx_word' id='word_1_709' title='bbox 1969 4562 2067 4601; x_wconf 81' lang='lat' dir='ltr'><strong>sae-</strong></span> 
     </span>
    </p>
   </div>
   <div class='ocr_carea' id='block_1_95' title="bbox 513 4635 881 4689">
    <p class='ocr_par' dir='ltr' id='par_1_95' title="bbox 513 4635 881 4689">
     <span class='ocr_line' id='line_1_95' title="bbox 513 4635 881 4689; baseline 0.003 -1"><span class='ocrx_word' id='word_1_710' title='bbox 513 4636 653 4688; x_wconf 86' lang='lat' dir='ltr'><strong>cula.</strong></span> <span class='ocrx_word' id='word_1_711' title='bbox 693 4635 881 4689; x_wconf 83' lang='lat' dir='ltr'><strong>Amen.</strong></span> 
     </span>
    </p>
   </div>
   <div class='ocr_carea' id='block_1_96' title="bbox 2172 4547 3731 4618">
    <p class='ocr_par' dir='ltr' id='par_1_96' title="bbox 2172 4547 3731 4618">
     <span class='ocr_line' id='line_1_96' title="bbox 2172 4547 3731 4618; baseline -0.003 -16"><span class='ocrx_word' id='word_1_712' title='bbox 2172 4550 2426 4618; x_wconf 82' lang='grc' dir='ltr'>εὐτυχίας</span> <span class='ocrx_word' id='word_1_713' title='bbox 2462 4550 2555 4601; x_wconf 76' lang='grc' dir='ltr'>καὶ</span> <span class='ocrx_word' id='word_1_714' title='bbox 2582 4548 2855 4618; x_wconf 84' lang='grc' dir='ltr'>σωτηρίας</span> <span class='ocrx_word' id='word_1_715' title='bbox 2904 4549 3227 4617; x_wconf 81' lang='grc' dir='ltr'>ἐκεράννυτο</span> <span class='ocrx_word' id='word_1_716' title='bbox 3273 4547 3558 4617; x_wconf 79' lang='grc' dir='ltr'>φάρμακα,</span> <span class='ocrx_word' id='word_1_717' title='bbox 3601 4565 3731 4598; x_wconf 83' lang='grc' dir='ltr'>ταυ-</span> 
     </span>
    </p>
   </div>
   <div class='ocr_carea' id='block_1_97' title="bbox 2174 4638 3729 4708">
    <p class='ocr_par' dir='ltr' id='par_1_97' title="bbox 2174 4638 3729 4708">
     <span class='ocr_line' id='line_1_97' title="bbox 2174 4638 3729 4708; baseline -0.004 -15"><span class='ocrx_word' id='word_1_718' title='bbox 2174 4642 2265 4694; x_wconf 82' lang='grc' dir='ltr'>τόν</span> <span class='ocrx_word' id='word_1_719' title='bbox 2317 4642 2435 4692; x_wconf 75' lang='grc' dir='ltr'>ἐστι</span> <span class='ocrx_word' id='word_1_720' title='bbox 2482 4639 2569 4690; x_wconf 70' lang='grc' dir='ltr'>τὶν</span> <span class='ocrx_word' id='word_1_721' title='bbox 2630 4639 2772 4692; x_wconf 85' lang='grc' dir='ltr'>θεῖον</span> <span class='ocrx_word' id='word_1_722' title='bbox 2819 4639 2992 4704; x_wconf 86' lang='grc' dir='ltr'>Λόγον</span> <span class='ocrx_word' id='word_1_723' title='bbox 3048 4639 3232 4708; x_wconf 79' lang='grc' dir='ltr'>ὑμνεῖν</span> <span class='ocrx_word' id='word_1_724' title='bbox 3289 4638 3382 4690; x_wconf 64' lang='grc' dir='ltr'><strong>καλ⁸</strong></span> <span class='ocrx_word' id='word_1_725' title='bbox 3441 4639 3729 4706; x_wconf 60' lang='grc' dir='ltr'>τὴνίὸὶην</span> 
     </span>
    </p>
   </div>
   <div class='ocr_carea' id='block_1_98' title="bbox 2175 4724 3734 4796">
    <p class='ocr_par' dir='ltr' id='par_1_98' title="bbox 2175 4724 3734 4796">
     <span class='ocr_line' id='line_1_98' title="bbox 2175 4724 3734 4796; baseline -0.003 -16"><span class='ocrx_word' id='word_1_726' title='bbox 2175 4726 2478 4788; x_wconf 71' lang='grc' dir='ltr'>ἐκθειάζειν</span> <span class='ocrx_word' id='word_1_727' title='bbox 2511 4726 2736 4796; x_wconf 87' lang='grc' dir='ltr'>Τριάδα,</span> <span class='ocrx_word' id='word_1_728' title='bbox 2771 4727 2970 4795; x_wconf 78' lang='grc' dir='ltr'>μᾶλλον</span> <span class='ocrx_word' id='word_1_729' title='bbox 3014 4725 3071 4776; x_wconf 76' lang='grc' dir='ltr'>δὲ</span> <span class='ocrx_word' id='word_1_730' title='bbox 3101 4727 3193 4778; x_wconf 83' lang='grc' dir='ltr'><strong>τὸν</strong></span> <span class='ocrx_word' id='word_1_731' title='bbox 3239 4731 3294 4778; x_wconf 85' lang='grc' dir='ltr'>ὲν</span> <span class='ocrx_word' id='word_1_732' title='bbox 3346 4724 3537 4794; x_wconf 87' lang='grc' dir='ltr'>Τριάδι</span> <span class='ocrx_word' id='word_1_733' title='bbox 3570 4741 3734 4794; x_wconf 84' lang='grc' dir='ltr'>προσ-</span> 
     </span>
    </p>
   </div>
   <div class='ocr_carea' id='block_1_99' title="bbox 2177 4816 3731 4888">
    <p class='ocr_par' dir='ltr' id='par_1_99' title="bbox 2177 4816 3731 4888">
     <span class='ocr_line' id='line_1_99' title="bbox 2177 4816 3731 4888; baseline -0.002 -15"><span class='ocrx_word' id='word_1_734' title='bbox 2177 4822 2340 4873; x_wconf 80' lang='grc' dir='ltr'>ώπων</span> <span class='ocrx_word' id='word_1_735' title='bbox 2373 4820 2472 4873; x_wconf 85' lang='grc' dir='ltr'>’ἐνα</span> <span class='ocrx_word' id='word_1_736' title='bbox 2499 4818 2650 4872; x_wconf 70' lang='grc' dir='ltr'>Θεὸν.</span> <span class='ocrx_word' id='word_1_737' title='bbox 2682 4818 2836 4888; x_wconf 80' lang='grc' dir='ltr'>Αὐτῷ</span> <span class='ocrx_word' id='word_1_738' title='bbox 2858 4817 2980 4882; x_wconf 72' lang='grc' dir='ltr'>δόξα</span> <span class='ocrx_word' id='word_1_739' title='bbox 3017 4820 3092 4881; x_wconf 85' lang='grc' dir='ltr'><strong>είς</strong></span> <span class='ocrx_word' id='word_1_740' title='bbox 3120 4819 3243 4880; x_wconf 82' lang='grc' dir='ltr'>τοὺς</span> <span class='ocrx_word' id='word_1_741' title='bbox 3273 4818 3494 4882; x_wconf 75' lang='grc' dir='ltr'>αἰῶνας.</span> <span class='ocrx_word' id='word_1_742' title='bbox 3539 4816 3731 4886; x_wconf 82' lang='grc' dir='ltr'>Ἀμήν.</span> 
     </span>
    </p>
   </div>
  </div>
