3986 6328
139 326 238 391 601

1239 330 1603 392 EPISTULA
1657 330 1757 391 λι)
1797 330 2281 397 PLETHONEM.

3278 334 3386 399 602

138 450 286 514 θείας
313 467 374 505 τε
420 449 549 518 πέρι
580 450 677 518 τῆς
727 448 783 501 ἐν
810 447 918 511 τοῖς
951 448 1230 509 τοιούτοις,
1281 447 1394 500 οὗθ’
1430 449 1589 517 ἡμεῖς
1615 461 1706 514 γε·
1730 441 1779 501 Α
1811 443 1887 514 μὴ
1916 447 2047 515 ἡμῖν
2075 447 2327 518 ἐχαρίζου
2375 446 2677 521 προῦργου,
2713 450 2783 520 τῇ
2823 447 2869 503 δ’
2897 448 3148 520 ἀληθεία,
3187 450 3280 503 καὶ
3308 450 3384 520 τῷ

147 544 338 611 θοίμεθ⁹
369 544 436 597 ἀν
473 540 721 610 ἀλλήλοις
752 541 960 610 κριταὶ,
1020 539 1146 608 περὶ
1179 531 1254 593 ὧν
1308 537 1702 607 διενηνέγμεθα

137 637 257 705 ἠδη,
294 634 409 688 οῦτ’
438 636 617 696 ἀλλοις
646 632 1034 702 πιστεύσαιμεν
1067 632 1331 702 κρίνουσι,
1369 630 1446 700 τῷ
1469 628 1616 697 αὐτῷ
1641 629 1703 698 δὴ

139 729 230 782 καὶ
271 729 491 781 πάντων
525 727 688 780 πάθει
743 725 1139 794 ἐνεσχημένων,
1187 723 1280 777 καὶ
1328 722 1436 776 τῶν
1477 722 1577 791 μέν
1626 720 1704 791 τῷ

141 819 313 890 ἑτέρῳ
344 819 782 889 προσκειμένων,
818 802 926 872 τῶν
954 817 1010 870 δὲ
1041 815 1119 886 τῷ
1149 816 1320 886 ἐτέρῳ
1350 806 1461 869 τοῖν
1493 806 1706 883 φιλοσό-

142 928 283 976 φοιν,
310 905 386 964 ὧν
419 911 690 979 οὐδέτεροι
734 911 844 974 τοῖς
892 909 1098 979 θάτερα
1127 908 1448 977 τετιμηκόσι
1478 905 1705 974 γένοιντ’

139 1001 202 1054 ἀν
223 1002 492 1074 ἀξιόχρεῳ
522 1003 793 1072 διαιτηταὶ
825 1001 950 1072 περὶ
1007 1001 1116 1055 τῶν
1156 1000 1377 1070 ἑτέρων.
1414 996 1706 1068 Δοιδοριῶν

139 1092 192 1146 δέ
214 1092 468 1161 πέριικαὶ
503 1093 758 1162 τοιαύτης
786 1091 1171 1161 ἀσχημοσύνης
1197 1092 1278 1154 τίς
1297 1089 1361 1143 ἂν
1380 1090 1705 1160 ἀμιλληθείη

142 1182 234 1236 καὶ
262 1181 506 1252 ότῳοῦνς
543 1176 619 1238 ὧν
662 1200 724 1252 γε
757 1181 877 1234 οὑδέ
911 1183 1021 1244 τοῖς
1051 1180 1265 1252 ἐχθροῖς
1287 1178 1490 1245 εὔξαιτ’
1513 1180 1578 1234 ἄν
1621 1196 1707 1242 τις

141 1275 395 1343 τδοπλέον
451 1277 616 1347 ἔχειν,
663 1276 738 1346 μή
771 1275 825 1328 τί
859 1290 921 1342 γε
979 1273 1178 1340 έαυτῷ,
1228 1272 1462 1342 σώφρων
1515 1289 1576 1324 τε
1611 1270 1706 1324 καὶ

143 1369 392 1438 ἐπιεικὴς
426 1368 522 1433 ὢν,
557 1368 692 1439 πλὴν
726 1369 778 1422 εί
800 1383 922 1422 τινα
952 1366 1047 1420 καὶ
1081 1364 1324 1420 τοιοῦτον
1348 1364 1594 1431 θειοτέρα
1623 1380 1708 1427 τις

142 1461 292 1516 αίτία
322 1469 416 1515 καὶ
448 1462 684 1529 ἄφυκτος
710 1460 802 1512 καὶ
833 1458 1102 1529 ἄρξασθαί
1135 1475 1263 1511 ποτε
1299 1455 1707 1526 κατηνάγκασε.

142 1553 368 1615 Τούτοις
402 1551 500 1621 μὲν
517 1553 581 1622 δὴ
598 1554 695 1606 καὶ
720 1548 978 1613 τοιούτοις
1001 1550 1173 1618 έγωγε
1196 1549 1290 1602 νῦν
1315 1550 1515 1618 ἥκιστα
1542 1566 1710 1619 προσ-

143 1647 288 1717 έχειν
341 1647 506 1715 φημί.
538 1644 644 1698 τοῦ
673 1646 731 1699 δέ
768 1643 866 1714 τὴν
900 1642 1129 1711 πάτριον
1169 1638 1323 1710 ήμῶν
1371 1637 1706 1703 θεοσέϐειαν,

1805 538 2020 610 δικαίῳ,
2059 541 2154 595 καὶ
2182 541 2400 606 πολλοῖς
2434 542 2614 606 ἄλλοις
2644 536 2722 599 ὧν
2754 545 2838 598 σοὶ
2862 544 3014 598 οὐδέν
3048 561 3098 597 τι
3126 546 3202 612 (1)
3225 538 3388 614 ἦττον

1803 629 1961 700 ήμῶν
1990 631 2169 686 αὐτῶν
2208 633 2378 704 μέλει,
2413 636 2508 689 καὶ
2539 635 2713 700 οὕτως
2745 637 2893 708 ἡμᾶς
2935 636 3068 702 ἔδει,
3093 637 3154 690 τὸ
3183 637 3387 690 οἰκεῖον

1808 725 1884 794 μὴ
1921 725 2438 797 ὑπολογιζομένους,
2500 726 2823 797 ἀμείϐεσθαι
2869 727 2963 781 τδν
2987 727 3068 789 είς
3117 728 3178 780 τὸ
3210 727 3388 780 κοινὸν

1806 816 2144 884 ὠφελοῦντα,
2175 819 2228 871 εί
2255 837 2306 871 τι
2339 817 2432 872 καὶ
2470 819 2577 889 ίδίᾳ
2615 818 2764 887 αὐτῷ
2800 819 3114 888 μέμφεσθαι
3142 817 3384 888 ἔχοιμεν,

1805 908 2086 977 ἀφιέντας,
2119 910 2211 962 καὶ
2234 909 2354 974 ἐξδν
2372 908 2646 980 ἐλέγχειν,
2682 910 2784 962 οὐκ
2813 909 3219 980 ἐξελέγχοντας.
3247 911 3389 961 υῦκ-

1805 1001 1900 1056 οῦν
1943 1003 2030 1057 διά
2064 1001 2237 1057 ταῦτα
2280 1003 2414 1073 πρὸς
2453 1004 2554 1074 μὲν
2597 1005 2666 1058 τά
2696 1004 2766 1057 σά
2799 1019 2861 1073 γε
2895 1005 3100 1067 ἐκεῖνα,
3131 1002 3285 1056 ὁποῖ’
3322 1003 3388 1055 ἂν

1805 1093 2296 1163 δόξειεν.όφθέντα
2329 1095 2496 1160 ποτὲ,
2548 1095 2700 1149 οὐδέν
2757 1112 2849 1166 μοι
2901 1094 3387 1163 ἀντιγεγράψεται,

1808 1186 1921 1239 ἀλλ’
1962 1186 2106 1240 ἐάσω
2162 1203 2223 1240 σε
2279 1185 2577 1241 ἀπολαύειν
2627 1180 2702 1240 ὧν
2742 1189 2799 1249 ἐς
2841 1185 3193 1257 ν’Δριστοτέλη
3217 1202 3275 1237 τε
3315 1180 3387 1239 αὖ

1808 1279 1904 1330 κει)⁸
1950 1279 2122 1349 ἡμᾶς,
2172 1277 2246 1340 ὡς
2267 1277 2340 1342 οἱ,
2375 1277 2575 1341 ἰδόντες
2609 1278 2884 1346 λέγουσιν,
2931 1275 3382 1346 αὐτοσχεδιάσας,

1809 1368 1915 1442 ᾤου
1960 1387 2013 1423 τι
2043 1368 2366 1439 ἀμυνεῖσθαι
2410 1368 2444 1439 ἢ
2492 1368 2879 1434 ἐπιδείξεσθαι,
2945 1366 3020 1431 ὡς
3073 1367 3140 1421 ἀν
3185 1365 3270 1437 είη
3305 1358 3392 1418 σοι

1811 1461 1906 1515 καὶ
1942 1459 2118 1514 ταῦτα
2142 1459 2393 1533 διατριϐὴ
2430 1458 2572 1533 [καὶ]
2601 1462 2714 1524 τοῖς
2764 1459 2937 1530 ἥδιστ’
2961 1459 3026 1513 ἃν
3072 1458 3241 1513 ίδοῦσι
3274 1454 3394 1528 μετ’

1809 1555 1979 1626 όργῆς
2008 1555 2370 1608 ἀναπαλαίειν
2429 1554 2772 1625 πειρώμενον
2823 1554 2920 1608 καὶ
2965 1554 3233 1622 κραυγῆς,
3268 1551 3394 1603 καί-

1811 1659 1893 1695 τοι
1949 1642 2134 1711 σχεδὸν
2168 1642 2640 1714 άποτριαχθέντα·
2673 1643 2735 1696 οὐ
2784 1643 2890 1710 γὰρ
2921 1643 3053 1713 ἡμῖν
3087 1659 3148 1710 γε
3193 1641 3395 1706 δόξειεν

142 1743 173 1810 ἢ
204 1741 571 1811 φυλάττοντας
631 1738 747 1807 ἅμα
789 1754 849 1790 τι
896 1735 1018 1805 Θεῷ
1065 1735 1161 1788 καὶ
1209 1733 1490 1804 φρονίμοις
1541 1733 1708 1786 πᾶσιν
1743 1771 1784 1826 Β
1815 1735 1901 1799 ἂν,
1933 1730 2019 1788 οἷα
2067 1734 2130 1804 δή
2184 1751 2317 1802 φασι
2348 1735 2442 1787 καὶ
2477 1735 2748 1804 Κυμαίοις
2776 1733 2882 1806 (2).
2918 1734 3027 1787 Καὶ
3059 1731 3086 1786 δ
3137 1733 3201 1802 δὴ
3235 1731 3397 1785 πλέον

142 1838 418 1904 ἀρέσκειν,
455 1834 510 1903 ἢ,
562 1833 638 1896 ὡς
666 1831 817 1884 οὐδὲν
843 1830 1120 1899 διαφέρον,
1176 1827 1296 1880 ἀντὶ
1327 1826 1495 1891 δοξῶν
1521 1842 1580 1879 τε
1611 1825 1712 1878 οὑκ

140 1926 362 1995 ἀληθῶν
399 1924 495 1978 καὶ
547 1923 889 1994 πραγμάτων
923 1921 1098 1974 ἄλλων
1131 1919 1485 1988 προϊεμένους
1527 1916 1712 1970 δυσσε-

143 2002 280 2085 εὶιν,
307 2017 442 2071 πολύ
472 2016 636 2086 τιδὴ,
664 2016 739 2079 ὡς
772 2009 951 2080 οἶσθα,
975 2013 1070 2067 και
1102 2013 1230 2082 ἡμῖν
1262 2012 1324 2064 ἐκ
1354 2009 1551 2063 πολλοῦ
1579 2008 1733 2079 ἐμέ-·

139 2111 272 2179 λησέ
306 2127 366 2163 τε
393 2109 505 2173 καὶ,
538 2110 634 2163 σὺν
657 2107 771 2177 Θεῷ
822 2108 1006 2175 φάναι,
1036 2106 1280 2176 μελήσει,
1313 2102 1439 2156 ὥσθ’
1463 2104 1610 2166 ὅπως
1638 2102 1712 2172 μὴ

142 2205 359 2269 πολλοῖς
390 2202 629 2272 συμϐαίη
685 2201 754 2254 τά
784 2200 1031 2269 δεύτερα.
1065 2199 1139 2252 Οὐ
1169 2199 1276 2268 γὰρ
1309 2198 1435 2268 περὶ
1466 2197 1622 2267 ἡμῶν
1651 2212 1713 2264 γε

141 2296 346 2359 αὐτῶν,
380 2297 476 2348 σὺν
496 2293 646 2376 αύτλῷ
668 2291 785 2362 Θεῷ
803 2291 845 2344 δ’
873 2292 1130 2361 εἰρήσθω,
1155 2291 1371 2344 τοιοῦτό
1401 2308 1454 2344 τι
1481 2289 1712 2358 δέδιμεν.

142 2385 248 2446 Ὧν
297 2391 464 2443 ἕνεκα
501 2388 732 2456 ζηλωτοὶ
780 2387 889 2450 τοῖς
923 2385 1136 2446 πολλοῖς
1169 2383 1482 2453 ἐδοκοῦμεν,
1509 2381 1718 2436 τούτων

143 2486 244 2538 οὐκ
281 2484 396 2537 ἐσθ’
424 2485 451 2537 ὅ
484 2501 535 2536 τι
562 2482 622 2534 ού
651 2479 1008 2551 προηκάμεθα
1038 2477 1337 2548 χαίροντες.
1371 2477 1444 2529 Ού
1477 2477 1581 2545 γὰρ
1625 2471 1715 2546 ἦν,

143 2579 217 2640 ὡς
249 2578 463 2642 ἔοικεν,
511 2577 735 2629 ἐκείνων
772 2591 830 2627 τε
885 2571 1177 2628 ἀπολαύειν
1222 2569 1425 2633 καλῶς,
1461 2569 1555 2623 καὶ
1593 2570 1717 2633 τοὺς

145 2671 341 2732 ἀλλους
370 2668 512 2739 λόγῳ
557 2685 617 2721 τε
652 2670 744 2721 καὶ
788 2666 934 2737 ἔργῳ
969 2663 1196 2729 πείθειν,
1245 2662 1318 2724 ὡς
1369 2662 1714 2731 σωφρονοῖεν.

145 2766 268 2820 Εἰσὶ
298 2743 345 2818 δ’
373 2765 432 2816 ἐν
457 2763 533 2832 τῷ
556 2762 653 2815 νῦν
684 2760 862 2831 χρόνῳ
891 2758 1123 2813 τοιοῦτοι
1160 2756 1290 2826 παρ’
1327 2757 1456 2824 ἡμῖν
1490 2754 1590 2808 οὒκ
1612 2753 1722 2807 όλί-

145 2874 255 2925 γοι,
287 2855 382 2919 οὒς
414 2856 507 2908 καὶ
558 2852 716 2913 αύτδς
769 2849 980 2921 ἔφησθα
1012 2848 1266 2911 δεδιέναι,
1292 2848 1352 2900 τὸ
1378 2847 1422 2900 δ’
1442 2846 1588 2906 ὅπως
1646 2843 1720 2915 μὴ

145 2946 392 3015 γένοιντό
447 2961 575 2998 ποτε
611 2942 771 3012 ήμῶν
825 2957 885 2993 τε
935 2940 1027 2993 καὶ
1076 2938 1183 2991 τῶν
1235 2936 1518 3008 ἡμετέρων
1546 2934 1721 3002 λόγων

145 3041 432 3110 κρείττους
455 3038 692 3098 Λατῖνοι,
727 3035 802 3106 μὴ
843 3033 1095 3087 δεδιέναι.
1139 3029 1362 3084 Τοσοῦτ’
1397 3031 1714 3098 ἀπέσχομεν

1769 1873 1778 1895 ,
1815 1828 1951 1890 ἐστὶ,
1979 1827 2392 1908 συγχωρήσαιμ’
2418 1827 2486 1881 ἀν
2538 1830 2620 1881 σοι
2675 1828 2770 1880 καὶ
2812 1826 3071 1879 Πλάτωνα
3106 1825 3201 1879 καὶ
3248 1825 3396 1893 Ἀρι-

1771 1909 1777 1939 ⁷
1815 1919 2036 1990 στοτέλη
2070 1918 2259 1990 ληρεῖν
2286 1919 2510 1988 ὁμοίως.
2546 1917 2612 1971 Τί
2635 1919 2746 1990 γάρ
2779 1917 2845 1971 ἂν
2873 1917 2966 1970 καὶ⁵
2997 1914 3192 1985 ὄφελος
3218 1916 3415 1983 γένοι-·

1814 2027 1894 2076 το,
1921 2010 2181 2081 ὁποτέρου
2215 2013 2428 2064 τούτοιν
2477 2009 2639 2063 πλέον
2684 2007 3101 2076 εὐδοκιμοῦντος
3132 2023 3148 2072 ;
3187 2004 3251 2059 υῖ
3295 2005 3394 2072 τῆς

1815 2102 2258 2172 κερδαλεωτάτης
2286 2102 2542 2172 ἀληθείας
2575 2103 2673 2172 ούχ
2697 2096 2799 2156 οίοί
2835 2118 2893 2154 τε
2923 2099 3173 2168 ἐγένοντο
3212 2098 3244 2168 ἢ
3295 2096 3398 2150 οὐκ

1814 2195 2044 2266 ἡξίωντο
2092 2198 2310 2267 τυχεῖν·
2357 2196 2386 2249 δ
2439 2197 2592 2264 σφίσι
2627 2213 2686 2248 τε
2721 2195 2904 2257 αὐτοῖς
2936 2193 3171 2254 καὶτοῖς
3215 2189 3402 2252 ἄλλοις
3481 2198 3484 2199 ⁷

1816 2289 1988 2344 αίτιον
2018 2289 2206 2356 γέγονε
2235 2287 2328 2340 τοῦ
2360 2287 2454 2340 καὶ
2485 2287 2613 2356 περὶ
2650 2286 2757 2339 τῶν
2786 2284 2987 2347 ἀλλων,
3041 2284 3141 2336 ὅσα
3189 2281 3399 2335 ἐλάττω

1815 2377 2073 2448 τυγχάνει
2113 2375 2192 2446 τῷ
2243 2376 2393 2442 γένει
2448 2374 2598 2438 ὄντα,
2634 2374 2793 2428 ἀλλον
2841 2375 2899 2426 έν
2931 2373 3076 2442 ἀλλῳ
3102 2370 3196 2424 τοῦ
3245 2371 3399 2433 ὄντος

1817 2469 2161 2541 διαμαρτεῖν.
2228 2465 2370 2520 Ἀλλ’
2401 2464 2455 2518 εί
2503 2467 2555 2519 τί
2609 2482 2676 2534 γε
2723 2466 2832 2534 ἀρα
2867 2463 2964 2518 καὶ
2997 2465 3262 2534 χρήσιμοι
3285 2463 3400 2524 τοῖς

1818 2562 2120 2633 χριομένοις
2177 2547 2426 2614 δύ’ναιντο
2477 2552 2640 2625 εἶναι,
2680 2556 2836 2610 τοῦτο
2888 2556 2983 2610 καὶ
3032 2553 3164 2626 παρ’
3194 2553 3401 2626 ἐτέρων

1819 2653 2003 2706 λαϐεῖν
2023 2652 2159 2718 ἐστι,
2213 2650 2535 2720 προαιρέσει
2585 2649 2686 2719 μὲν
2719 2649 2832 2709 τοῖς
2863 2647 3080 2712 πολλοῖς
3112 2647 3212 2700 ούκ
3237 2646 3398 2698 εύπε-

1821 2745 2074 2814 τεστέρᾳ,
2125 2743 2331 2813 σπουδῇ
2377 2741 2433 2794 δέ
2464 2741 2726 2796 ἐλάττονι.
2757 2733 2919 2794 Οὗτοι
2959 2740 3004 2793 δ’
3039 2740 3202 2804 εἰσιν,
3233 2738 3283 2791 ο¹ί
3321 2737 3403 2804 τῷ

1822 2839 1922 2909 τῆς
1965 2839 2118 2910 ίεράς
2172 2837 2522 2901 διδασκαλίας
2573 2835 2979 2908 ιλλαμφθέντες
3035 2837 3197 2905 φωτὶ,
3243 2839 3309 2907 τῇ
3343 2837 3402 2903 ἐξ

1825 2930 2050 2984 ἐκείνων
2110 2931 2272 3002 σοφία
2322 2929 2512 3001 ὥσπερ
2567 2929 2688 2983 τινὰ
2741 2930 3139 3000 ἐπιστήσαντες
3195 2929 3403 2999 ταύτην

1826 3021 2216 3091 παιδαγωγὸν,
2279 3023 2432 3104 αύτοί
2474 3039 2535 3076 τε
2589 3021 2770 3091 πολλῷ
2843 3021 3251 3093 Ἀριστοτέλους
3309 3022 3406 3074 καὶ

147 3107 461 3186 θεοσέϐειάν
518 3146 576 3183 τε
607 3128 699 3182 καὶ
733 3125 1078 3197 ἀνθρωπίνην
1099 3123 1264 3194 τιμὴν
1296 3121 1720 3177 ἀντικαταλλάτ-
1748 3107 1792 3167 C
1829 3116 2116 3179 Πλάτωνος
2155 3116 2261 3168 καὶ·
2282 3114 2391 3168 τῶν
2447 3115 2648 3184 ὁμοίων
2701 3113 2946 3184 βελτίους
3009 3113 3274 3182 ἐγένοντο,
3310 3118 3404 3167 καὶ

144 3227 354 3288 τεσθαι,
378 3224 406 3277 δ
449 3225 630 3293 ληρεῖν
655 3237 799 3285 τινες
845 3220 943 3274 οὐκ
969 3217 1212 3283 ὀκνοῦσι,
1242 3217 1348 3270 τῶν
1379 3215 1722 3285 πραγμάτων

144 3319 328 3379 αὐτοῖς
359 3314 867 3382 ἀντιφθεγγομένων
893 3352 910 3378 ,
957 3311 1208 3365 κυνιδίων
1237 3310 1312 3371 ὡς
1340 3307 1554 3377 ἀληθῶς
1604 3309 1724 3359 ἐπι-

144 3408 490 3476 δεικνύμενοι
538 3403 860 3476 προαίρεσίν
914 3419 973 3455 τε
1005 3403 1100 3455 καὶ
1126 3401 1376 3469 δύναμιν,
1408 3398 1487 3452 δτι
1516 3398 1608 3450 τὸν
1634 3396 1725 3449 θυ-

148 3500 250 3566 μόν
270 3501 330 3552 ἐν
354 3501 471 3560 ταῖς
499 3497 810 3564 λοιδορίαις,
845 3493 921 3555 ὡς
959 3493 1140 3544 ἐκεῖνα
1177 3492 1297 3553 ταῖς
1322 3489 1568 3552 ὑλακαῖς,
1606 3486 1712 3551 ἐξε·

148 3593 404 3661 μοῦντες,
433 3589 566 3642 πολὺ
586 3587 744 3640 πλέον
768 3589 825 3639 ἐν
860 3586 968 3647 τοῖς
997 3582 1312 3649 ἀναγκαίοις
1343 3579 1656 3634 ἀπαυδῶσιν
1690 3578 1722 3648 ἢ

143 3683 268 3736 ὅσον
305 3683 364 3735 ἐν
387 3681 507 3743 ταῖς
537 3679 643 3731 τῶν
669 3678 936 3748 περιττῶν
983 3693 1042 3728 τε
1088 3678 1182 3728 καὶ
1213 3673 1472 3743 χειρόνων
1501 3671 1724 3726 νικῶσιν

145 3771 500 3843 ὑπερϐολαῖς.
535 3771 594 3823 EI
626 3769 670 3822 δ’
697 3771 1053 3837 ἀγανακτοῖεν
1085 3765 1376 3836 πρεσϐείου
1410 3765 1553 3828 τινὸς
1581 3764 1721 3817 εἵνε-

144 3882 234 3929 κα,
272 3863 367 3915 καὶ
405 3862 644 3930 μείζοσιν
666 3862 766 3914 οὐκ
800 3861 1103 3928 όκνήσομεν
1138 3857 1336 3919 αὐτοὺς
1364 3855 1722 3924 παρεικάσαι,

141 3958 263 4016 ταῖς
294 3953 600 4007 ἀλωπεκίσι
656 3951 749 4004 καὶ
792 3952 911 4011 ταῖς
950 3947 1302 4010 Ἀκταίωνος.
1349 3947 1419 4000 Σὺ
1454 3947 1499 3998 δ’
1549 3945 1635 3998 ἀεί
1665 3963 1724 3998 τε

141 4043 290 4117 ἦσθα
327 4047 388 4098 ἐν
419 4046 530 4106 τοῖς
576 4043 706 4111 περὶ
741 4040 834 4093 τοῦ
865 4038 1387 4107 ἀμφισϐητουμένου
1416 4037 1609 4090 τούτου
1633 4037 1727 4088 λόο

142 4153 263 4204 γοις
292 4135 373 4204 τῷ
402 4134 543 4202 γένει
574 4149 634 4186 τε
669 4133 764 4184 καὶ
794 4132 861 4199 τῇ
886 4127 1184 4197 Ἐκκλησία
1210 4129 1402 4198 φίλιος,
1433 4129 1529 4180 καλ⁸
1552 4127 1726 4180 οὐδενὶ

141 4229 404 4283 οὐδέποτε
438 4225 622 4294 τρόπῳ
667 4221 930 4290 ἐπαχθὴς,
989 4220 1084 4272 καὶ
1119 4218 1214 4272 νῦν
1242 4217 1530 4288 τεκμηρίῳ
1565 4217 1725 4287 μεγί-

144 4339 260 4392 στῳ
290 4317 440 4374 τοῦτ’
473 4317 676 4380 ἔδειξας
705 4331 720 4346 ο
752 4314 881 4367 ὥστ’
914 4314 963 4365 εί
993 4312 1086 4365 καί
1119 4329 1266 4372 τινας
1294 4311 1528 4380 πρόσθεν
1551 4308 1727 4362 τοιοῦ-

1823 3207 1951 3270 τοὺς
1983 3205 2407 3273 συγγινομένους
2460 3205 2642 3258 αὐτῶν
2691 3208 2813 3270 ταῖς
2875 3205 3078 3274 βίϐλοις
3127 3203 3406 3268 τοιούτους

1827 3298 2060 3354 ποιοῦσι.
2101 3300 2211 3353 Καὶ
2245 3297 2429 3352 πολλοί
2455 3315 2516 3366 γε
2549 3298 2615 3352 δι’
2657 3299 2838 3352 αύτῶν
2887 3297 3118 3351 τοιοῦτοι
3151 3299 3406 3368 γεγένην-

1825 3409 1935 3456 ται,
1971 3386 2072 3443 οἷοι
2123 3391 2197 3458 μὴ
2227 3391 2310 3444 ὅτι
2364 3389 2476 3442 τῶν
2507 3390 2836 3460 εἰρημένων,
2897 3389 3034 3442 ἀλλὰ
3066 3390 3159 3443 καλ.
3195 3389 3404 3458 Ἑρμοῦ

1825 3483 1988 3537 αὑτοῦ
2023 3483 2117 3536 καὶ
2161 3483 2496 3546 Ἀπόλλωνος
2523 3486 2614 3536 καὶ
2658 3482 2916 3546 Μουσῶν,
2943 3483 3036 3535 καὶ
3068 3483 3287 3534 πάντων
3321 3481 3407 3550 ἐφ’

1825 3576 1980 3644 οὓςή
2039 3575 2325 3644 Ἑλληνικὴ
2358 3574 2620 3644 ἀναφέρει
2666 3575 2847 3641 σοφία,
2913 3575 3176 3642 πάμπολυ
3210 3574 3407 3642 ὑπερε-

1826 3669 2059 3736 νεγκεῖν.
2092 3666 2170 3720 Τά
2226 3666 2323 3730 μὲν
2349 3667 2458 3736 γὰρ
2487 3665 2596 3718 τῶν
2634 3665 2766 3734 παρ’
2801 3664 3060 3735 ’Ἓλλησιν
3115 3667 3210 3718 ἐπὶ
3244 3665 3406 3733 σοφία

1826 3759 2056 3828 πρώτων
2089 3758 2225 3827 ἔργα
2251 3757 2359 3809 τῶν
2390 3773 2453 3824 γε
2495 3757 2776 3817 πλειόνων,
2834 3756 2928 3810 καὶ
2979 3756 3088 3808 τῶν
3121 3755 3230 3808 τῶν
3269 3774 3410 3824 φαυ-

1826 3849 2064 3902 λοτάτων
2125 3849 2348 3902 ἰδιωτῶν
2411 3849 2579 3919 χείρω
2623 3844 2713 3920 ἦν,
2755 3847 2830 3919 τῷ
2869 3850 2966 3918 τὴν
3007 3849 3131 3920 μὲν,
3171 3849 3302 3918 περὶ
3347 3849 3406 3902 τὸ

1828 3941 2083 4011 αἰσθητὸν
2113 3941 2259 3994 ἀπαν
2290 3916 2578 4016 διατριϐὴν
2621 3916 2698 4011 μὴ
2739 3916 3000 3994 δύνασθαι
3030 3943 3096 4010 τῇ
3118 3916 3406 4010 ’μετουσία

1828 4032 1923 4085 τοῦ
1953 4034 2269 4103 κρείττονος
2293 4033 2386 4084 καὶ
2425 4035 2488 4100 τῇ
2515 4033 2608 4084 τοῦ
2642 4033 2796 4094 ὄντος
2823 4032 2990 4085 καλοῦ
3014 4033 3161 4104 θήρᾳ
3192 4033 3282 4085 τδν
3309 4033 3403 4086 ἄν·

1831 4125 2053 4195 θρωπον
2085 4125 2480 4194 προσαγαγεῖν,
2517 4124 2612 4178 καὶ
2643 4126 2690 4177 εί
2724 4123 3078 4195 θεωρητικῶς
3111 4125 3239 4194 περὶ
3268 4126 3407 4179 αύτά

1833 4219 1995 4288 μόνον
2019 4218 2322 4287 ’στρέφοιτο
2347 4218 2476 4272 ἀνευ
2511 4217 2606 4270 τοῦ
2633 4218 2834 4288 ἥκιστα
2863 4217 3043 4272 αὐτῶν
3065 4216 3412 4286 ἐφάπτεσθαι

1832 4311 1930 4362 καὶ
1963 4311 2029 4380 τῇ
2059 4309 2315 4368 αἰσθήσει
2337 4327 2348 4339 ο
2385 4309 2514 4379 περὶ
2546 4309 2602 4361 δέ
2633 4327 2696 4377 γε
2730 4310 2838 4361 τῶν
2876 4312 3084 4389 νοητῶν
3120 4309 3286 4380 μηδὲν
3311 4311 3411 4361 αύ-

141 4428 232 4474 τος
256 4410 334 4462 ὢν
368 4405 659 4477 ἐλελήθεις,
698 4405 880 4465 αὐτοῖς
906 4419 961 4455 τε
995 4403 1087 4453 καὶ
1120 4402 1232 4460 τοῖς
1264 4399 1572 4453 διαϐάλλειν
1603 4403 1726 4452 ἐπι-ι
1759 4440 1810 4500 D
1834 4405 1946 4466 τοῖς
1988 4402 2158 4471 σαφὲς
2177 4399 2321 4455 εἶναι
2354 4405 2483 4470 περὶ
2511 4404 2635 4454 ὅτου
2663 4402 2730 4454 ἀν
2757 4403 2847 4454 καὶ
2891 4401 3047 4466 ἐλπίς
3073 4419 3159 4466 τις
3201 4403 3285 4472 είη
3321 4403 3414 4472 βε-

142 4501 396 4573 χειροῦσι
451 4497 642 4567 μηκέτ’
688 4497 752 4550 ἀν
803 4495 1002 4559 ἐξεῖναι
1051 4494 1117 4546 τὰ
1152 4493 1256 4546 τῶν
1307 4492 1646 4559 ἀγνοούντων
1692 4491 1724 4562 ἦ

140 4589 617 4647 ἐθελοκακούντων
665 4586 1034 4639 ἐνδείκνυσθαι
1069 4586 1198 4654 περί
1232 4584 1307 4637 σέ.
1351 4584 1471 4646 Πῶς
1527 4583 1617 4636 οὖν
1646 4584 1728 4634 δί-

141 4702 300 4747 καιος
333 4683 403 4737 ἂν
431 4677 499 4751 ἦν
544 4679 844 4747 ἀντιλέγειν
886 4677 1182 4747 ἐπιχειρῶν
1239 4677 1272 4746 ἢ
1305 4676 1617 4745 βασκαίνων
1651 4678 1728 4746 τῷ

141 4779 197 4837 ἐς
222 4775 296 4826 τά
334 4769 573 4842 μέγιστά
598 4785 656 4821 τε
691 4769 785 4821 καὶ
815 4767 1121 4819 οἰκειότατα
1167 4766 1549 4834 ξυμμαχοῦντι
1583 4764 1726 4818 οὕτω

140 4862 468 4935 χρησίμωςς
502 4859 565 4911 El
596 4858 704 4928 γάρ
739 4873 804 4927 με
839 4855 930 4909 δύο
957 4855 1227 4923 φεύγοντα
1251 4856 1422 4918 δίκας,
1447 4855 1724 4925 ἀπήλλατο

140 4970 229 5018 τες
273 4954 380 5025 μὲν
418 4951 518 5020 τῆς
551 4951 814 5020 μεγίστης
837 4946 1238 5017 συναγορεύων,
1273 4951 1386 5000 ικαὶ
1415 4950 1476 5017 ἣν
1511 4951 1731 5003 πάντων

144 5047 210 5098 ἀν
261 5043 377 5096 τῶν
414 5040 768 5110 ὑπαρχόντων
804 5037 1144 5108 ήλλαττόμην
1200 5039 1396 5108 νικᾷν’
1434 5029 1494 5091 οὗ
1546 5038 1594 5091 δ’
1623 5039 1730 5093 ἔδει

144 5153 210 5206 με
243 5135 417 5205 μηδέν
451 5151 504 5184 τι
529 5131 716 5209 σχεδὸν
767 5129 1098 5199 βλάπτεσθαι
1127 5129 1508 5196 ἐπεϐούλευες,
1539 5131 1570 5201 ἦ
1602 5131 1729 5184 διώ·

140 5246 255 5281 κων
288 5227 321 5294 ἢ
363 5226 441 5294 τῷ
469 5224 719 5277 διώκοντι
760 5223 1150 5290 συνιστάμενος
1176 5238 1188 5253 ·
1219 5217 1309 5290 ἄρ’
1337 5223 1620 5290 εύγνῶμον
1665 5225 1730 5276 ἀν

139 5315 225 5387 ἦν,
258 5319 471 5385 ἀφέντα
503 5333 585 5368 σοι
639 5316 799 5385 χάριν
854 5314 1054 5366 εἰδέναι
1089 5308 1163 5366 ὧν
1209 5313 1552 5377 ἐσπούδακας
1586 5315 1728 5384 ὼφε-

139 5411 274 5474 λεῖν,
305 5408 590 5479 ἐλαχίστου
622 5407 957 5476 ἀδικήματος
1010 5409 1372 5474 μνησικακεῖν
1419 5424 1474 5459 τε
1507 5411 1598 5460 καὶ
1632 5412 1724 5462 άν-

140 5502 458 5567 τεπεξιέναι
503 5498 835 5568 πειρᾶσθαι;
885 5496 1084 5551 Πολλοῦ
1115 5514 1177 5566 γε
1212 5499 1302 5551 καὶ
1327 5498 1423 5553 δεῖ.
1458 5500 1523 5554 Εί
1550 5500 1603 5553 δὲ
1630 5504 1726 5555 καὶ

211 5701 294 5769 (ι)
337 5697 471 5749 (ἷυιΙ.
515 5692 594 5756 οῖς
645 5695 802 5769 οὐδέν
855 5714 926 5761 τι,
999 5696 1138 5764 quod
1206 5712 1304 5753 nos
1359 5698 1716 5768 conjeclumln

142 5768 589 5827 enia-uhvinms.
629 5768 689 5819 AI
709 5781 796 5819 Ex.

1839 4497 1966 4549 ϐαία
2011 4494 2154 4547 οῦτω
2186 4496 2279 4547 καὶ
2328 4494 2476 4564 ἔχειν
2519 4494 2595 4557 ὡς
2644 4495 2738 4547 ὑπ’
2774 4495 2957 4549 αὐτῶν
3009 4497 3272 4563 ἔγνωστο,
3300 4495 3413 4548 ἀλλ’

1837 4587 2024 4656 ὥσπερ
2054 4587 2219 4656 ἀλλην
2245 4587 2368 4639 τινὰ
2397 4587 2506 4640 τῶν
2541 4587 2888 4656 ἐπιστημῶν,
2921 4585 3066 4640 οὕτω
3101 4587 3165 4659 δὴ
3195 4587 3289 4640 καὶ
3317 4587 3417 4658 τὴν

1838 4682 1963 4748 περὶ
1998 4679 2106 4731 τῶν
2139 4677 2302 4730 θείων
2343 4676 2604 4747 ἀσκῆσαι,
2638 4678 2734 4730 καὶ
2763 4676 2950 4748 πολλῷ
2980 4679 3183 4746 χεῖρον,
3218 4678 3327 4748 ὅσῳ
3351 4677 3416 4747 δὴ

1838 4772 1929 4822 καὶ
1975 4770 2161 4839 ἥττονι
2199 4769 2558 4840 βεϐαιότητι·
2590 4765 2733 4821 εἶναι
2779 4767 2877 4836 μέν
2927 4786 3051 4821 τινα
3078 4769 3187 4822 τῶν
3231 4787 3418 4838 φαινο-

1841 4864 2023 4932 μένων
2058 4861 2240 4930 πολλῷ
2294 4861 2532 4933 κρείττω
2572 4862 2667 4914 καλ⁸
2701 4861 2882 4915 αὐτῶν
2913 4862 3089 4924 ἐνίους
3122 4861 3417 4931 ὑπειληφό-

1837 4974 1956 5022 τας,
1995 4954 2219 5008 τοιαῦτα
2251 4955 2315 5018 δ’,
2345 4947 2433 5007 οἷα
2461 4954 2624 5018 αὐτὸς
2667 4953 2897 5018 ἕκαστος
2926 4955 3228 5025 ὑπείληφεν
3253 4949 3414 5016 εἶναι,

1838 5047 1901 5100 ἐκ
1928 5065 2089 5100 τινων
2122 5046 2310 5116 μύθων
2339 5046 2372 5111 ἢ
2408 5045 2518 5098 τῶν
2557 5047 2776 5100 οίκείων
2813 5045 3157 5116 προλήψεων,
3199 5046 3292 5097 καὶ
3320 5047 3418 5116 ἀρ-

1836 5141 1968 5211 χῶν,
2013 5139 2076 5202 ἇς
2125 5156 2255 5192 ποτε
2315 5137 2690 5208 ἀληθεστέρας
2737 5137 2846 5190 τῶν
2891 5137 3068 5192 ἄλλων
3125 5135 3419 5205 τυγχάνειν

1838 5231 1998 5303 ᾤετο,
2027 5229 2386 5301 ὡρμημένος.
2417 5229 2613 5282 Λαθείν
2645 5230 2702 5282 δέ
2725 5229 2834 5282 οὐδ’
2864 5228 3062 5291 αὐτοὺς
3091 5228 3334 5290 ἐκείνους
3358 5226 3420 5279 τὸ

1840 5325 2006 5394 μηδὲν
2049 5323 2239 5375 πιστὸν
2284 5322 2430 5391 ἐχειν
2464 5321 2592 5391 περὶ
2639 5321 2843 5386 αὐτῶν,
2873 5322 2921 5373 εί
2953 5321 3029 5391 μὴ
3073 5323 3131 5383 ἐς
3163 5321 3287 5372 ὅσον
3322 5319 3421 5372 καὶ

1833 5419 1899 5484 τῇ
1927 5415 2035 5466 τῶν
2067 5413 2294 5466 ίδιωτῶν
2326 5412 2505 5484 πλάνῃ
2536 5412 2861 5484 ἐκέχρηντο,
2919 5410 3283 5483 χρηστηρίοις
3323 5413 3418 5464 καὶ

1837 5510 1954 5570 τοῖς
1989 5508 2204 5558 ἐκεῖθεν
2251 5503 2614 5575 προσέχοντες
2663 5505 2967 5575 ἀφορμαῖς,
3000 5502 3100 5555 οὐκ
3141 5501 3419 5571 ιξηπατη-

1900 5704 1975 5772 (2)
2036 5702 2172 5768 Quia
2228 5715 2420 5772 nempe
2469 5703 2774 5755 σκώπτεται
2833 5697 2910 5762 είς
2962 5692 3317 5764 ἀναισθησίαν
3383 5694 3428 5760 ἡ

1829 5771 1994 5837 Κύμή
2055 5772 2286 5836 (“-U'ub.)
2319 5771 2490 5826 Auzx.
