3986 6328
67 330 171 392 609

1160 281 1532 391 ΕΡιετοιἈ
1572 325 1670 386 AD
1711 325 2198 387 PLETIIONIZM.

3187 343 3294 406 610

72 448 181 516 ἄρα
207 442 304 498 καὶ
325 443 535 507 οὐδενὸς
572 442 732 498 ἄλλον
757 443 922 497 ἕνεκα
950 443 978 496 ό
1009 438 1141 506 Θεὸς
1175 439 1242 495 ἂν
1273 440 1383 523 εἴη,
1415 439 1474 532 δν
1502 456 1637 509 τυγσ
1668 447 1710 504 Α
1747 453 1806 505 γε
1829 437 2006 532 τοῦτο,
2040 438 2148 532 εἴτε
2193 435 2376 508 σοφία,
2429 442 2530 494 εἴτ’
2572 445 2691 515 ἰσχύ
2711 464 2744 510 ·,
2778 450 2876 504 εῖθ*
2907 453 2934 505 ὃ
2961 469 3015 506 τι
3047 455 3113 509 ἂν
3167 465 3300 532 φοίη

70 535 237 605 χάνον
261 535 322 588 τὸ
357 535 574 605 πρῶτον
613 534 706 588 καὶ
759 533 996 602 μάλιστά
1043 549 1107 600 γε
1143 531 1237 584 καὶ
1276 519 1632 601 κυριώτατον.

70 626 214 690 Νοῦς
237 626 295 680 δὲ
324 625 422 691 ὢν,
446 627 687 696 νοήσειεν
722 627 788 680 ἂν
817 625 989 696 δήπου
1021 623 1112 677 καὶ
1145 623 1360 686 ἑαυτὸν,
1396 620 1450 674 εῖ
1471 637 1532 688 γε
1557 621 1637 673 δεῖ

69 719 307 786 τάληθὲς
356 719 456 788 μὲν
482 721 622 773 νοεῖν
646 718 830 784 αὐτὸν,
860 717 1019 779 αὐτὸς
1061 717 1119 770 δέ
1151 717 1268 769 ἐστι
1309 714 1490 769 τοῦτοζ
1525 715 1637 767 Καὶ

74 809 333 879 δρασθείη
359 810 405 863 δ’
426 809 494 865 ἂν
524 810 760 878 τάγαθοῦ
781 827 794 840 ·
832 810 894 864 οὐ
927 809 1038 880 γὰρ
1067 808 1131 879 δὴ
1165 803 1327 878 μόνος
1369 807 1398 860 6
1435 805 1637 874 ἀγαθὸς

72 899 230 961 ἔσται
269 901 344 969 μὴ
375 901 584 970 χαίρων
617 903 694 971 τῷ
733 899 944 971 ἀγαθῷ.
989 899 1382 970 Ἐρασθήσεται
1433 897 1479 952 δ’
1507 900 1635 952 ἑαυο

68 991 186 1052 τοῦ.
227 992 281 1045 εῐ
309 1008 371 1060 γε
404 992 484 1046 δεῖ
541 993 641 1062 μὲν
686 992 849 1046 αὑτὸν
901 990 982 1062 τῷ
1036 992 1248 1062 ἀρίστῳ
1299 990 1512 1060 χαίρειν
1544 993 1636 1044 καὶ

69 1081 372 1135 ἀπολαύειν
425 1082 616 1149 αὐτοῦ,
676 1083 836 1144 αὐτὸς
889 1083 946 1135 δέ
1002 1082 1116 1136 ἑστι
1178 1079 1437 1148 τάγαθόν.
1494 1079 1637 1132 Αὐτὸ

73 1173 176 1241 μὲν
239 1172 305 1243 δὴ
352 1173 413 1226 τὸ
447 1174 658 1245 νοητὸν,
690 1167 734 1241 ᾧ
766 1175 877 1226 νοεῖ
908 1172 1122 1239 ἑαυτὸν,
1171 1171 1266 1225 καὶ⁵
1305 1172 1339 1241 η
1371 1171 1576 1240 νόησις,
1609 1171 1636 1223 6

72 1262 222 1327 θεῖος
256 1262 461 1332 πέφηνε
495 1265 688 1332 Λόγος,
718 1263 972 1334 ὁμοιότης
1012 1262 1179 1315 αὐτοῦ
1230 1261 1325 1315 καὶ
1378 1261 1491 1314 ίδέα
1553 1279 1636 1324 τις

73 1349 380 1421 σύμφυτος
407 1350 504 1417 ὣν,
538 1354 634 1407 καὶ
685 1354 917 1424 ἀλήθειά
973 1370 1036 1422 γε
1093 1354 1253 1424 αὑτὴ,
1295 1352 1403 1407 οὐδ’
1450 1355 1531 1418 ἐν,
1557 1351 1636 1424 τῷ

70 1444 193 1523 Θεῷ
231 1444 389 1516 μόνον
437 1446 532 1500 καὶ
579 1446 710 1511 Θεὸς
757 1448 942 1512 αὐτὸς,
982 1448 1118 1502 ἀλλά
1151 1447 1214 1517 δὴ
1251 1448 1348 1501 καὶ
1385 1445 1522 1516 πρὸς
1547 1445 1637 1497 τὸν

69 1533 231 1600 Θεὸν,
288 1535 363 1600 ὡς
401 1537 469 1590 τά
500 1525 656 1606 λόγὶα
697 1537 966 1607 βούλεται.
1013 1537 1185 1600 Αὐτὸς
1223 1537 1280 1590 δέ
1316 1553 1380 1604 γε
1416 1539 1443 1590 6
1475 1536 1636 1606 ἔρως,

69 1619 114 1694 ᾧ
147 1627 289 1696 πρὸς
321 1627 510 1681 ἑαυτὸν
543 1628 945 1698 ἀπέστραπται
991 1631 1019 1682 6
1043 1628 1198 1694 Θεὸς,
1257 1628 1349 1682 καὶ
1387 1629 1637 1699 ἑρᾷέαυ-

70 1714 166 1768 τοῦ
194 1715 436 1785 τάγαθοῦ
458 1717 632 1782 ὄντος,
659 1717 720 1771 τὸ
745 1718 887 1774 θεῖον
917 1719 1124 1790 πέφηνε
1157 1718 1401 1788 Πνεῦμα,
1432 1719 1635 1786 ἀγαθὸν

35 1809 150 1870 δν,
208 1808 303 1860 καὶ
353 1809 530 1876 ἅγιον,
585 1795 679 1862 καί
728 1810 1004 1880 ἀγαθότης
1054 1810 1215 1881 αὐτὴ,
1250 1812 1360 1879 ,καὶ
1413 1809 1638 1880 ἀγιότεης

69 1899 237 1969 αὑτὴ,
261 1901 353 1952 καὶ
377 1901 648 1972 ἁγιασμὸς
679 1902 837 1966 αὐτὸς
870 1896 1009 1956 κατά
1043 1902 1225 1971 φύσιν.
1253 1903 1361 1957 Καὶ
1384 1890 1637 1963 οῦτωςέν

70 1988 254 2060 ἑαυτῷ
284 1991 517 2060 τρισσῶς
544 1991 850 2062 ὑφέστηκεν
874 1993 902 2045 6
925 1992 1077 2059 Θεὸς,
1104 1996 1199 2046 καὶ
1227 1994 1371 2062 τρεῖς
1399 1992 1638 2046 ὑποστά-

72 2098 187 2144 σεις
218 2084 358 2135 εἰσιν
393 2084 450 2136 έν
468 2083 639 2154 αὐτῷ,
669 2084 726 2136 έν
754 2085 897 2155 ἄκρᾳ
927 2084 1138 2154 ἑνότητι
1164 2083 1399 2154 φύσεως.
1433 2083 1505 2137 Οὑ
1530 2081 1638 2153 γὰρ

70 2174 242 2244 δήπου
267 2175 354 2228 τὸν
382 2175 522 2230 θεῖον
552 2177 744 2246 Λόγον,
772 2178 831 2236 ὃς
859 2195 922 2244 γε
985 2178 1096 2232 τῶν
1146 2177 1304 2231 θείων
1351 2177 1638 2248 νοημάτων

71 2267 308 2330 ἇὸυσσός
340 2268 455 2321 ἔστι
479 2271 721 2332 πάντων,
752 2269 862 2323 δέοι
885 2269 938 2338 γ’
963 2269 1029 2323 ἂν
1058 2269 1138 2340 μὴ
1175 2268 1458 2337 ὑφεστῶτα
1497 2265 1635 2322 εἶναι

69 2360 226 2413 Θεόν.
254 2361 324 2413 Ἦ
352 2359 467 2424 πῶς
501 2361 568 2414 ἂν
588 2356 656 2431 ἦν
692 2361 802 2414 ίδέα
837 2361 937 2429 μὲν
967 2361 1170 2430 ἀληθὴς
1208 2360 1303 2414 τοῦ
1350 2359 1508 2426 Θεοῦ,
1563 2361 1639 2423 ὼς

73 2453 280 2522 φυσική
311 2451 674 2520 τιςόμοιότης
703 2451 891 2516 αὐτοῦ,
935 2452 1028 2504 καὶ
1090 2453 1274 2517 εἰκὼν,
1319 2452 1414 2506 καὶ
1445 2454 1639 2522 ⁹’χαρα-

71 2543 238 2614 κτὴρ,
262 2545 358 2598 καὶ
380 2542 722 2611 ἀπαύγασμα
761 2542 1023 2612 ἔμφυτον,
1058 2543 1168 2596 ίδέα
1192 2543 1238 2596 δ’
1272 2538 1361 2607 αὖ,
1397 2543 1474 2606 ὡς
1530 2559 1637 2594 πα-

72 2634 348 2706 ράδειγμά
381 2651 432 2688 τι
458 2633 758 2704 ὑπερφυὲς,
790 2635 901 2687 τῶν
923 2633 1057 2705 πρὸς
1089 2620 1190 2704 τὴν
1209 2634 1501 2704 ὁμοιότητα
1539 2634 1638 2702 τῆς

71 2725 163 2779 τοῦ
197 2723 494 2793 γεννῶντος
544 2724 846 2795 βουλήσεως
869 2725 962 2778 καὶ
980 2726 1199 2788 ἑαυτοῦ,
1226 2723 1363 2778 Θεοῦ
1387 2726 1453 2795 τῇ
1481 2724 1638 2793 φύσει

70 2817 245 2882 δντος,
279 2818 688 2888 πεποιημένων,
719 2819 767 2870 εί
804 2816 880 2889 μὴ
917 2816 1213 2888 ὑφεστηκει
1242 2815 1400 2880 ’Θεὸς
1453 2801 1639 2887 νοητὸς

74 2908 206 2979 πρὸς
241 2908 333 2960 τὸν
351 2909 512 2962 αὐτὸν
539 2908 642 2979 μὲν
671 2910 736 2979 τῇ
770 2908 929 2978 φύσει
963 2908 1164 2988 Θεὸνέ.
1178 2906 1401 2962 νοοῦντα
1455 2909 1637 2979 μέντοι

73 3015 132 3066 γε
156 2999 446 3069 σχετικῶς,
473 3000 923 3070 ἀντιτεταγμένος
947 3015 965 3067 ;
997 2994 1104 3053 Ἦν
1137 2998 1180 3053 δ’
1219 3001 1285 3054 ἂν
1313 3000 1407 3054 καὶ
1459 3002 1640 3071 χεῖρον

75 3090 172 3160 μὲν
199 3089 295 3142 τοῦ
330 3089 474 3143 θείου
499 3090 591 3142 νοῦ
650 3089 711 3142 τὸ
770 3089 1050 3159 σύμφυτον
1101 3089 1310 3145 ἐκείνου
1366 3091 1460 3146 καὶ
1527 3092 1710 3183 ῖσονο

71 3181 344 3251 ὁμοίωμα,
376 3181 451 3252 μὴ
476 3181 570 3236 καὶ
593 3181 670 3249 τῷ
729 3180 1022 3249 ὑφεστάναι
1070 3181 1419 3252 ὡμοιωμένον
1451 3196 1468 3213 ’
1531 3180 1641 3234 τῶν

71 3272 124 3325 δὲ
145 3271 240 3324 τοῦ
274 3270 412 3324 Θεοῦ
447 3272 624 3341 ἔργων
650 3272 784 3325 πολὺ
807 3271 1042 3324 ἐλάττων
1068 3272 1100 3342 ὴ
1127 3272 1185 3326 ἑν
1219 3271 1296 3342 τῷ
1346 3270 1466 3342 Θεῷ
1525 3272 1640 3326 ῖδέα

72 3379 128 3416 τε
157 3365 250 3417 καὶ
279 3365 309 3417 6
342 3364 518 3436 λόγος,
549 3362 873 3433 ὑφεστώτων
899 3363 1141 3427 ἐκείνων,
1174 3363 1311 3435 αὐτὴ
1364 3365 1438 3434 μὴ
1504 3364 1638 3430 ὑφε-

75 3457 326 3525 στηκυῖα,
363 3456 536 3508 καίτοι
563 3457 729 3509 πᾶσιν
763 3455 1050 3525 ἀπειράκις
1103 3455 1343 3522 ἀπείρως
1386 3455 1640 3525 ὑπερκει-

75 3550 232 3618 μένη.
265 3547 429 3601 ’Λλλά
449 3548 514 3617 δὴ
539 3549 634 3602 καὶ
661 3546 754 3601 τοῦ
815 3547 874 3600 έν
923 3548 1057 3617 ἡμῖν
1090 3547 1247 3612 λόγου
1296 3546 1350 3598 τί
1402 3545 1467 3600 ἂν
1522 3542 1636 3615 εἶχε

75 3638 234 3692 πλέον
266 3641 296 3693 6
328 3638 493 3703 θεῖος,
523 3639 583 3692 τό
611 3655 671 3708 γε
703 3640 783 3702 είς
812 3638 908 3709 τὴν
947 3637 1109 3706 φύσιν
1135 3632 1269 3708 ἧκον
1306 3637 1399 3691 τοῦ
1457 3637 1635 3705 λόγου,

75 3731 214 3800 φημὶ
245 3730 313 3800 δὴ
349 3731 408 3783 τὸ
435 3732 492 3784 ἐν
509 3729 586 3800 τῷ
619 3730 692 3800 νῷ
725 3728 1074 3800 συνειλῆφθαι
1105 3729 1181 3792 ὡς
1210 3724 1348 3792 εἶδός
1384 3746 1434 3783 τι
1463 3730 1541 3799 τῷ
1577 3747 1635 3782 τε

73 3822 242 3893 νοητῷ
275 3839 395 3886 πως
443 3824 537 3876 καὶ
580 3821 657 3892 τῷ
705 3820 911 3874 νοοῦντι
945 3819 1341 3890 ὡμοιωμένονς
1403 3819 1478 3896 Οὐ
1527 3821 1636 3887 γὰρ

77 3913 369 3976 ὑπόστασις
397 3913 640 3983 χωριστὴ
688 3913 764 3981 (1)
804 3912 833 3964 6
891 3913 948 3965 έν
1008 3912 1138 3980 ἡμῖν
1199 3910 1409 3982 πέφυκε
1459 3910 1631 3978 λόγος,

74 4004 185 4057 ἀλλ’
217 4005 276 4056 ιν
307 4004 603 4058 ὑποστάσει
633 4003 831 4071 μᾶλλόν
858 4004 975 4056 ἐστι
1001 4005 1064 4072 τῇ
1096 4001 1189 4055 τοῦ
1227 4001 1338 4066 νοῦ,
1371 4002 1636 4075 ὑπαρκτι-

75 4090 178 4158 κῶς
202 4096 414 4150 ἐκείνου
438 4095 846 4165 διακρινόμενος
873 4110 889 4127 ·
913 4094 975 4146 οὐ
1021 4093 1132 4163 γὰρ
1187 4093 1370 4156 ἁπλῶς
1424 4094 1538 4146 ἀλλ’
1597 4095 1631 4164 ἢ

75 4185 254 4253 νοητός
289 4187 428 4238 ἐστι.
453 4185 555 4237 Τὸν
589 4183 645 4236 δὲ
675 4183 814 4236 θεῖον
836 4182 944 4254 ἀρα
970 4182 1142 4249 Λόγον
1195 4183 1363 4251 ἐχρῆν
1410 4169 1477 4253 τῇ
1534 4183 1634 4252 μὲν

75 4275 358 4345 ταυτότητι
397 4276 493 4342 τῆς
514 4269 777 4344 Θεότητος
803 4274 892 4326 διά
920 4275 1016 4344 την
1041 4273 1322 4341 ἁπλότητα
1356 4271 1456 4340 τῆς
1487 4272 1634 4335 θείας

75 4363 278 4430 φύσεως
301 4363 698 4434 κεκοσμῆσθαι,
725 4365 792 4434 τῇ
821 4364 877 4416 δὲ
898 4364 994 4434 τῆς
1023 4365 1372 4424 ὑποστάσεως
1403 4363 1631 4430 ἰδιότητι

1740 545 1824 592 τις
1847 529 1952 582 τῶν
1972 531 2255 584 τοιούτων.
2288 532 2447 586 Ὥστε
2480 534 2556 604 μὴ
2584 537 2696 590 δεῖν
2735 540 2801 592 ἂν
2832 543 2924 595 ὑπ’
2950 546 3190 618 ἀνάγκης
3213 529 3304 602 06'-

1736 622 1930 692 δεμιᾶς
1956 625 2220 679 πλειόνων
2244 624 2384 681 εἶναι
2439 630 2542 701 τὴν
2594 631 2882 704 ένδοτέραν
2935 640 3308 713 καὶ,φυσικὴν

1738 713 2094 784 γονιμότητα,
2125 715 2159 783 ἢ
2186 717 2315 781 ὅσας
2348 715 2506 788 ῖσμεν
2525 738 2582 773 τε
2608 723 2697 774 καὶ
2720 726 3050 795 πιστεύομεν
3073 731 3308 788 ὑποστά-

1741 819 1872 872 σεις,
1912 809 2250 877 προακτικιήν
2278 822 2294 839 ο
2334 810 2468 879 μήτε
2491 813 2585 864 καὶ
2615 812 2707 866 τὸν
2737 815 2881 870 θεῖον
2913 821 3084 888 Λόγον
3107 828 3305 897 γεννᾷν

1737 897 1847 949 δεῖν
1879 897 1911 964 ἢ
1943 898 2289 966 προϐάλλειν,
2319 902 2546 958 νοοῦντά
2576 923 2638 974 γε
2666 911 2758 961 καὶ
2793 911 2978 978 αὑτὸν,
3015 916 3103 968 καὶ
3135 919 3307 985 ἐρῶν-

1738 1005 1807 1043 τα
1832 988 1998 1066 αὑτοῦ
2030 1006 2087 1043 τε
2116 992 2208 1044 καὶ
2238 993 2332 1046 τοῦ
2367 1001 2750 1066 γεγεννηκότος
2780 1004 2875 1056 καὶ
2899 1004 2995 1058 τοῦ
3027 1009 3309 1077 συμφυοῦς

1739 1083 2058 1151 Πνεύματος
2081 1101 2092 1113 ·
2133 1086 2166 1156 ἢ
2207 1085 2268 1139 τὸ
2293 1088 2513 1159 Πνεῦμα
2547 1092 2869 1161 προϐάλλειν
2893 1113 2952 1148 τε
2979 1101 3069 1149 καὶ
3089 1103 3306 1171 γεννᾷν,
3417 1142 3424 1148 .

1738 1175 1977 1242 νοήσεως
2007 1176 2193 1231 εἵνεκα
2227 1179 2319 1233 καὶ
2353 1181 2588 1251 ἀγάπης,
2622 1181 2658 1236 ἃ
2690 1184 2772 1237 δεῖ
2799 1186 2893 1237 καὶ
2917 1185 3055 1255 τῷδε
3090 1194 3310 1258 προσεῖι-

1739 1282 1847 1320 ναι.
1879 1266 2012 1320 Νοεῖ
2039 1268 2146 1339 γὰρ
2173 1270 2380 1324 τούτοιν
2409 1274 2669 1343 ἑκάτερον
2713 1275 2810 1328 καὶ
2859 1279 2980 1348 ἐρᾷ,
3123 1283 3310 1351 προῖόν

1737 1356 1887 1408 ἐστιν
1911 1359 1975 1410 ὲκ
1993 1357 2088 1410 τοῦ
2123 1358 2283 1424 Θεοῦ,
2318 1363 2412 1414 καὶ
2438 1365 2640 1417 οὑτωσὶ
2669 1368 2880 1437 προϊὸν,
2916 1369 3032 1423 ἀλλ’
3057 1373 3154 1442 οὑχ
3180 1374 3254 1437 ὡς
3276 1375 3306 1425 6

1738 1447 1870 1539 Θεὸς
1909 1451 2003 1501 καὶ
2035 1449 2247 1520 Πατὴρ,
2291 1452 2350 1507 οῦ
2409 1456 2845 1524 προεληλύθατον
2896 1461 3084 1530 ἄμφω,
3130 1467 3222 1517 καὶ

1737 1536 2012 1608 λαμϐάνον
2039 1543 2176 1607 ἐστὶ,
2209 1547 2300 1597 καὶ
2321 1547 2440 1613 μετ’
2465 1547 2627 1600 άλλου
2657 1549 2957 1619 λαμϐάνον,
2989 1556 3086 1624 οὐχ
3123 1536 3306 1610 ὼσαὺζ

1737 1645 1845 1690 τως
1873 1645 1937 1696 γε
1956 1631 2018 1684 τὸ
2045 1633 2195 1699 αὐτὸ,
2233 1633 2346 1687 ἀλλ’
2379 1636 2474 1706 οὐχ
2560 1637 2861 1706 δυνάμενον
2895 1642 3068 1712 ἑτέρῳ
3097 1660 3162 1711 γε
3198 1661 3312 1699 κοι-

1721 1718 1945 1788 ’νωνεῖν,
1970 1721 2224 1793 διταυτὸν
2259 1725 2322 1779 ἂν
2351 1726 2435 1797 εἴη
2469 1728 2544 1796 τῷ
2579 1732 2854 1784 κοινωνεῖν
2881 1731 2940 1785 έν
2987 1737 3100 1796 τοῖς
3142 1734 3310 1800 θείοις

1668 1795 1715 1855 Β
1738 1811 1822 1881 ’τῷ
1856 1814 2250 1885 αατρτπροσδν
2271 1816 2335 1881 εξ
2361 1795 2622 1888 ἀνάγκης.
2654 1821 2743 1890 Τῷ
2766 1823 2873 1894 γὰρ
2915 1825 3185 1896 προῆχθαι
3217 1795 3310 1881 και

1740 1898 2134 1975 τρόπον’ὀύτὸν
2158 1907 2340 1974 αὑτὸν,
2372 1910 2420 1961 εί
2449 1912 2544 1964 καὶ
2592 1914 2875 1982 συμφυῶς,
2929 1919 2994 1988 τῇ
3048 1918 3148 1988 μὲν
3212 1921 3308 1974 τοῦ

1741 1995 2038 2064 προηχότος
2071 1996 2231 2062 αὐτὰ,
2278 1998 2418 2067 τῇδ’
2468 2000 2733 2070 ἀλλήλων,
2787 2004 3160 2076 διακρίνεσθον
3216 2013 3309 2079 μό-

1741 2101 1816 2156 νῳ
1850 2086 1948 2152 (2).
1980 2088 2082 2140 Καὶ
2119 2089 2298 2141 τοίνυν
2330 2091 2518 2144 τούτου
2543 2095 2705 2162 μόνου
2755 2097 3179 2170 φυλαττομένου,
3211 2106 3310 2172 τὴν

1740 2175 1798 2226 ἐν
1817 2179 1930 2239 τοῖς
1954 2176 2135 2240 ἄλλοις
2163 2179 2245 2231 δεῖ
2271 2182 2553 2236 κοινωνίαν
2581 2189 2672 2238 καὶ
2703 2190 2927 2242 σκοπεῖν
2951 2192 3044 2244 καὶ
3063 2193 3271 2249 τιθέναι
3291 2211 3307 2227 ·

1740 2265 2058 2336 φυλάττοιτο
2089 2268 2134 2321 δ’
2169 2270 2254 2332 ἂν,
2293 2272 2484 2339 ἀγόνου
2516 2277 2608 2328 καὶ
2642 2279 2738 2344 τῆς
2768 2283 3006 2352 νοήσεως
3064 2286 3158 2338 καὶ
3207 2289 3310 2355 τῆς

1739 2356 1956 2448 ἀγάπης
1988 2361 2317 2428 προσόντων,
2349 2363 2422 2426 ὡς
2449 2364 2571 2435 Θεῷ
2604 2368 2703 2435 μὲν
2729 2373 2908 2442 νοητῷ
2933 2376 3027 2428 κιὶ
3056 2380 3306 2448 γεννητῷ

1739 2461 1824 2514 γε,
1847 2447 1922 2517 τῷ
1955 2449 2130 2520 Λόγῳ,
2156 2450 2276 2521 Θεῴ
2315 2455 2372 2507 δὲ
2421 2457 2681 2529 ἐρωμένῳ
2724 2464 2818 2515 καὶ
2861 2447 3306 2538 προϐαλλομένῳ,

1737 2537 1815 2606 τῷ
1839 2540 2112 2608 Πνεύματι
2153 2559 2168 2573 ο
2193 2544 2266 2607 ὡς
2292 2543 2432 2601 εἶναι
2470 2552 2567 2616 μὲν
2601 2553 2698 2621 τὴν
2750 2555 2954 2609 τούτων
3001 2559 3178 2631 ἀρχὴν
3203 2537 3302 2631 (5),

1740 2631 1959 2685 νοοῦντα
1988 2635 2150 2687 αὑτὸν
2183 2637 2276 2688 καὶ
2303 2639 2514 2706 ἐρῶντα
2545 2642 2727 2707 αὐτὸν,
2759 2646 2787 2697 ὃ
2841 2650 3038 2701 ταυτόν
3087 2654 3204 2706 ἐστι
3227 2653 3307 2722 τῷ

1743 2723 1903 2817 μόνον
1932 2719 2069 2817 εἷναι
2100 2727 2191 2778 καὶ
2230 2728 2452 2784 νοοῦντα
2482 2734 2574 2786 καὶ
2596 2735 2805 2804 ἐρῶντα
2827 2740 3064 2810 γονίμως
3091 2744 3175 2812 (τὸ
3196 2719 3306 2817 γάρ

1740 2813 1946 2907 κυρίως
1969 2815 2085 2869 ἴσον
2105 2819 2224 2871 ἐκεῖ
2250 2820 2325 2890 τῷ
2374 2823 2522 2891 ἆπαξ
2553 2826 2832 2893 δύνασθαι,
2897 2834 3100 2898 πάντες
3139 2813 3306 2907 ὴξίωλ

1742 2905 1864 2996 σαν)
1893 2920 1909 2937 ο
1943 2909 2056 2960 τοῖν
2081 2908 2135 2960 δὲ
2195 2913 2379 2980 νόησιν
2409 2915 2508 2982 μὲν
2560 2919 2726 2986 αὐτὴν
2774 2919 2914 2976 εῖναι
2957 2927 3053 2978 καὶ
3119 2905 3306 2996 νοητὸν

1741 2995 1872 3088 αὐτὸ
1907 2997 2152 3067 θάτερον,
2189 3002 2279 3054 τὸν
2325 3004 2417 3057 τοῦ
2483 3006 2618 3060 Θεοῦ
2661 3010 2832 3080 δήπου
2881 3015 3074 3083 Λόγον,
3124 2995 3302 3088 ἔρωτα

1740 3084 1784 3140 δ’
1805 3089 1967 3143 αὐτὸν
1995 3094 2086 3145 καὶ
2113 3095 2342 3155 ἐραστὸν
2363 3097 2493 3150 αὐτὸ
2515 3101 2577 3151 τὸ
2600 3101 2821 3172 Πνεῦμα
2844 3101 2983 3160 εἶναι
3004 3108 3065 3161 τὸ
3107 3084 3260 3178 ἅγιον
3287 3128 3301 3141 ο
3328 3097 3372 3119 Ἀ

1740 3177 1768 3230 ὃ
1799 3181 1995 3234 ταυτὸν
2026 3183 2092 3234 ἂν
2117 3185 2200 3254 εἴη
2227 3186 2305 3252 τῷ
2331 3190 2467 3240 νοεῖν
2498 3190 2702 3258 άγόνως
2735 3210 2800 3261 γε
2851 3197 2943 3250 καὶ
2985 3177 3161 3270 έρᾷν,
3195 3203 3302 3255 Καὶ

1741 3269 1927 3344 ὥσπερ
1975 3277 2003 3327 6
2036 3274 2166 3340 Θεὸς
2201 3278 2295 3330 καὶ
2357 3279 2542 3351 Πατὴρ
2581 3286 2782 3337 νοεῖταί
2845 3305 2907 3355 γε
2952 3269 3300 3361 ὑπ’ῗάμφοῖν

1741 3365 1837 3420 καὶ
1863 3365 2056 3454 ἐρᾶται
2080 3367 2301 3436 ὁμοίως,
2340 3370 2456 3424 ἀλλ’
2472 3373 2531 3425 οὐ
2566 3377 2868 3444 προάγεται
2924 3379 3018 3433 ὑπ’
3069 3385 3297 3453 ἀμφοῖν,

1738 3453 1878 3511 οὕτω
1903 3453 1995 3510 καὶ
2022 3457 2196 3512 ταῦτα
2224 3463 2361 3514 νοεῖν
2396 3463 2494 3531 μὲν
2521 3465 2610 3516 καὶ
2643 3467 2773 3536 ἐρᾷν
2792 3469 3053 3540 ἀλλήλων
3079 3476 3172 3529 καὶ
3204 3477 3300 3530 τοῦ

1740 3546 1972 3617 Πατρὸς,
2005 3549 2140 3619 μηδὲ
2170 3551 2258 3603 τὸν
2309 3553 2525 3623 Πατέρα
2559 3557 2968 3627 άντιπροάγειν,
3031 3565 3160 3636 μήθ’
3207 3567 3300 3620 ὑπ’

1736 3636 1982 3707 ἀλλήλων
2008 3642 2344 3710 προάγεσθαι
2373 3661 2388 3677 ·
2413 3645 2511 3715 τῆς
2537 3648 2592 3700 δὲ
2630 3635 2778 3712 θείας
2810 3651 3020 3720 φύσεως
3045 3635 3102 3710 ἐν
3155 3656 3294 3711 ᾶπα-

1739 3743 1823 3800 σιν
1848 3727 2027 3820 οὔσης
2045 3731 2142 3800 τῆς
2174 3736 2468 3804 νοουμένης
2485 3754 2544 3790 τε
2576 3738 2668 3791 καὶ
2699 3739 3094 3816 ἀγαπωμένης,
3127 3751 3299 3820 αὐτῆς

1734 3833 1792 3868 τε
1824 3820 1915 3872 καὶ
1948 3819 2039 3872 τοῦ
2073 3823 2210 3874 νοεῖν
2242 3824 2273 3892 ἢ
2310 3825 2440 3894 ὲρᾷν
2490 3825 2607 3890 ἑνὸς
2640 3829 2814 3883 όντοιν
2869 3835 2986 3886 ἐκεῖ
3045 3819 3297 3909 πράγμα-

1734 3923 1845 3973 τος,
1887 3910 1936 3962 εί
1970 3910 2062 3964 καὶ
2088 3912 2287 3981 τρόπον
2315 3914 2520 3986 ἕτερον,
2573 3919 2799 3993 ἀληθείᾳ
2863 3927 2956 3978 καὶ
3012 3930 3298 3997 πράγματι

1735 4001 1941 4069 καὶμὴ
1971 4002 2094 4054 κατ’
2159 4004 2400 4058 ἐπίνοιαν
2462 4010 2651 4079 μόνην,
2684 4014 2785 4076 σῶς
2837 4017 3061 4086 ἐλήρουν
3131 4024 3294 4087 τινὲς,

1739 4089 1897 4142 ἐστὸν
1927 4091 2282 4162 διενηνοχότε,
2313 4095 2403 4149 ἕνα
2438 4097 2513 4168 (4)
2550 4103 2612 4169 τῇ
2657 4102 2814 4168 φύσει
2845 4105 2970 4159 νοῦν
3010 4110 3102 4161 καὶ
3163 4112 3295 4165 Θεὸν

1733 4181 1830 4274 ἕνα
1852 4183 1948 4246 τάς
1970 4187 2118 4274 τρεῖς
2145 4186 2472 4274 ὑποστάσεις
2498 4186 2635 4244 εἷναί
2657 4210 2715 4246 τε
2760 4199 2850 4252 καὶ
2901 4202 3015 4263 τοῖς
3061 4197 3119 4256 εὗ
3161 4221 3295 4274 φρο⁴

1733 4268 1882 4322 νοῦσι
1913 4272 2285 4339 πιστεύεσθαι,
2317 4274 2410 4328 τοῦ
2441 4276 2538 4347 τὴν
2575 4280 2757 4349 νόησιν
2790 4285 2908 4337 ἐκεῖ
2931 4288 3020 4339 καὶ
3048 4289 3136 4343 τὸν
3162 4268 3298 4362 ἐρω-

1734 4379 1800 4414 τα
1821 4360 1897 4432 τῷ
1916 4364 2123 4434 γονίμῳ
2145 4381 2201 4418 τε
2230 4368 2319 4420 καὶ
2349 4369 2526 4440 ἀγόνῳ
2553 4369 2913 4444 δενηνοχένιι
2943 4380 3002 4432 τό
3030 4397 3086 4434 τε
3119 4360 3295 4452 μόνως

73 4455 158 4509 τοῦ
179 4457 496 4526 νενοηκότος
521 4455 668 4520 ἀξιον
692 4451 850 4516 εἶναι,
876 4455 968 4508 καὶ
996 4453 1071 4516 ὼς
1097 4454 1300 4516 έκεῖνος
1331 4451 1465 4506 νοῶν
1487 4453 1633 4506 ἐστιν
1667 4450 1708 4506 D
1736 4454 1907 4507 αἴτιον
1935 4456 2026 4508 καὶ
2054 4458 2122 4509 τά
2157 4457 2331 4527 μόνως
2363 4461 2578 4515 αίτιατά
2614 4468 2968 4533 συνιστῶντος
3007 4450 3191 4544 μόνον,
3223 4475 3298 4530 ἶυν

75 4547 306 4618 ἀληθῶς,
345 4546 516 4610 οὑτως
545 4547 707 4600 αὑτὸν
733 4546 938 4615 κυρίως
989 4540 1128 4599 εἶναι
1156 4543 1460 4614 νοούμενον.
1501 4543 1558 4597 '0
1589 4544 1636 4597 δ’
1661 4568 1664 4579 ·

73 4637 226 4700 αὐτός
264 4639 384 4689 ἐστι
418 4637 510 4689 καὶ
537 4638 663 4702 περὶ
691 4637 783 4690 τοῦ
818 4636 963 4688 θείου
1014 4635 1329 4704 Πνεύματος
1353 4634 1532 4701 λόγος,
1583 4635 1637 4687 εῖ

73 4747 148 4792 τις
179 4730 425 4799 βούλοιτο
451 4729 520 4781 τὰ
550 4730 808 4797 πρότερον
835 4727 1102 4798 εἰρημένα
1128 4727 1224 4781 καὶ
1273 4725 1420 4798 αὐτῷ
1457 4728 1634 4798 ἐφαρ-

79 4822 256 4889 μόζειν
296 4821 440 4874 κοιτά
464 4821 530 4874 τά
559 4821 688 4889 περὶ
717 4819 880 4873 αὐτοῦ
930 4818 1363 4889 παραδεδομένα,
1417 4817 1520 4888 τὴν
1575 4820 1633 4871 ὲν

76 4918 179 4976 τοῖς
206 4915 522 4984 προσώποις
546 4915 734 4978 σώζων
768 4913 1051 4984 διαφοράν.
1084 4913 1235 4982 ’Λμα
1261 4912 1318 4964 δὲ
1339 4913 1441 4978 ,καὶ
1463 4914 1524 4964 τὸ
1559 4912 1632 4980 μὴ

76 5003 177 5057 δεῖν
206 5007 301 5059 ἐπὶ
333 5005 552 5067 πλείους
599 5005 933 5058 ἐκτείνεσθαι
977 5005 1072 5067 τάς
1120 5004 1269 5066 θείας
1310 4986 1632 5065 ὑποστάσεις

76 5094 222 5161 δῆλόν
256 5101 376 5151 ἐστι
401 5099 511 5158 τοῖς
544 5097 777 5164 εὐλόγως
815 5113 873 5149 τε
923 5094 1035 5164 ἅμα
1083 5096 1176 5149 καὶ
1225 5094 1464 5156 εὐσεϐῶς
1506 5110 1634 5146 σκο-

77 5187 382 5256 πουμένοις.
408 5186 571 5239 Οὐδὲν
600 5187 706 5254 γάρ
745 5187 772 5237 ὅ
817 5203 867 5238 τι
913 5186 1021 5237 τῶν
1053 5186 1179 5253 περὶ
1217 5183 1351 5234 Θεοῦ
1407 5182 1638 5251 λεγομέ-

78 5278 291 5330 νωλούκ
322 5277 392 5331 ἂν
419 5278 498 5339 εἰς
544 5279 642 5337 τὰς
685 5277 1010 5338 ὑποστάσεις
1071 5277 1271 5338 ταύτας
1321 5273 1633 5343 ἀνενεχθείη

81 5369 247 5431 καλῶς
278 5365 504 5431 καῖ’τάς
535 5369 788 5438 προόδους
823 5367 1024 5433 αὐτῶν,
1088 5366 1187 5421 εἴτ’
1241 5365 1510 5435 ἀγαθότης
1550 5365 1632 5435 εἴη

145 5539 380 5607 (1)(ἶιη1.
411 5546 597 5611 χωρὶς,
633 5543 748 5596 sine
775 5556 959 5606 sensu,
992 5541 1078 5611 ubi
1108 5557 1206 5596 nos
1264 5556 1294 5594 e
1340 5541 1486 5608 mni.
1529 5560 1636 5609 χω-

84 5615 253 5682 ριττὴ,
286 5609 439 5666 γοεὰ
473 5609 840 5679 Peripateticis
896 5627 957 5665 ac
1013 5609 1417 5679 Ncoplalouicis
1485 5628 1637 5682 mque

82 5679 342 5734 hunliﬂri.
386 5683 561 5737 Αιει.

148 5751 220 5821 (2)
253 5753 390 5807 Cod.
427 5757 593 5823 μόνω,
632 5753 727 5809 sed
763 5753 896 5822 quia
936 5751 1008 5807 ibi
1063 5749 1241 5808 omitti
1283 5752 1422 5808 solcl
1457 5769 1472 5803 ι
1513 5752 1644 5806 sub-

1738 4545 1857 4639 ταῖς
1886 4543 2140 4639 ἀληθέσιν
2174 4549 2470 4620 ἀναφοραῖς
2487 4569 2545 4606 τε
2569 4555 2662 4606 καὶ
2690 4555 2945 4629 ἰδιότησιν
2973 4564 3032 4628 ἐξ
3057 4568 3296 4639 ἀνάγκης

1715 4631 1832 4703 ,τὰς
1857 4636 2002 4703 τρεῖς
2032 4636 2356 4702 ὑποστάσεις
2385 4641 2612 4696 ἔπεσθαι
2640 4643 2738 4699 δεῖ.

1821 4726 2220 4822 ’Λξιόπιστοςιγ
2251 4732 2390 4805 ὑπὲρ
2411 4737 2557 4805 ἡμᾶς
2587 4742 2678 4793 καὶ
2703 4742 2793 4796 τὸν
2815 4745 3086 4817 ἡμέτερον
3138 4752 3298 4822 λόγον

1737 4815 1890 4911 δτοῦ
1918 4819 2052 4872 Θεοῦ
2097 4821 2264 4890 Λόγος
2328 4825 2512 4893 αὐτὸς,
2559 4830 2732 4902 ἑαυτῷ
2781 4851 2839 4887 τε
2883 4815 3003 4892 καὶ.
3038 4842 3115 4911 τῷ
3171 4815 3299 4911 οέεῳ

1741 4909 2014 4978 Πνεύματι
2047 4916 2355 4984 μαρτυρῶν,
2395 4917 2472 4982 ὡς
2521 4921 2584 4975 ὲκ
2643 4925 2778 4976 Θεοῦ
2833 4901 3196 5001 προηγμένοις
3239 4901 3295 4990 τὲ

1741 5004 1867 5058 καθ’
1895 5005 2217 5072 ὑπόστασιν,
2241 5011 2334 5065 καὶ
2371 5012 2428 5064 ὲν
2462 5015 2610 5084 αὐτῷ
2646 5021 2783 5080 κατά
2812 5020 2974 5087 φύσιν
3005 5026 3156 5080 οὐδὲν
3203 5026 3299 5101 ἦτ-

1740 5113 1830 5149 τον
1860 5093 1977 5150 οὖσι
1997 5098 2088 5150 καὶ
2122 5099 2178 5150 ἐν
2212 5101 2474 5172 ἀλλήλοις.
2511 5109 2651 5176 Δηλη
2699 5110 2754 5162 δὲ
2807 5113 2898 5166 καὶ
2936 5117 2972 5186 ,ἡ
3042 5119 3162 5188 ίερὰ
3193 5093 3299 5175 τξῖω

1756 5189 2023 5242 Ἰουδαίων
2057 5189 2300 5259 θεολογία
2329 5193 2426 5263 τὴν
2457 5196 2513 5256 ἐς
2547 5196 2770 5268 ὕστερον
2797 5205 3138 5274 ἀναλάμπειν
3169 5213 3296 5279 ρελ-

1744 5282 1943 5332 λουσαν
1972 5282 2097 5345 περὶ
2137 5281 2244 5334 τῶν
2285 5282 2440 5337 θεὶων
2467 5286 2720 5356 ἀληθειαν
2743 5294 3179 5362 προδιατυποῦσα
3208 5305 3298 5354 καὶ

1746 5370 2320 5441 προανακηρύττουσα,
2348 5375 2407 5427 ὲν
2449 5376 2524 5446 τῷ
2547 5379 2624 5449 τῷ
2651 5381 2748 5450 μὲν
2777 5386 2936 5456 Λόγῳ
2976 5391 3179 5461 Κυρίου
3203 5395 3302 5464 τὴν

1748 5546 2006 5610 seriplum
2051 5563 2064 5598 :
2107 5561 2237 5602 cave
2269 5547 2410 5600 enim
2445 5548 2511 5602 de
2536 5549 2677 5604 duali
2718 5553 2946 5615 regnes.
2990 5556 3161 5609 Λιεχ.

1821 5617 1895 5682 (5)
1932 5616 2140 5692 Mularp
2175 5617 2309 5692 inilnil
2360 5617 2626 5675 audemus
2667 5637 2678 5674 :
2743 5625 3089 5692 suspicamur
3121 5636 3300 5681 tamen

1748 5686 2052 5739 addendum
2089 5688 2241 5740 Θεόν.
2265 5686 2436 5741 ALEX.

1821 5756 1897 5826 (ί)
1936 5758 2073 5813 Amc
2107 5757 2198 5809 ἕνα
2239 5757 2596 5826 supplendum
2637 5757 2795 5814 ὥστε.
2835 5761 3000 5819 Atax.
