3984 6376
397 196 408 211 ο
489 171 598 246 679

1585 170 1966 236 GENNADII
2013 171 2124 232 ΟΡ.
2167 167 2681 232 PATRIARCIH!

3642 157 3752 225 680

488 297 581 346 καὶ
623 294 770 347 ἄλλοι
802 295 852 345 οῖ
894 290 1119 362 ἱδρῶτες
1161 286 1268 342 τῶν
1318 285 1453 354 πρὸς
1486 282 1586 346 τὰς
1630 282 1933 341 ἀντιθέσεις
1967 279 2066 348 τῆς
2100 286 2141 339 Λ
2170 279 2269 347 τῆς
2322 280 2601 348 ἀληθείας
2629 278 2880 338 ἕλκοντες
2919 273 3168 345 δέχεσθαι
3221 273 3435 343 μηχανῇ
3461 289 3593 336 τινι,
3625 275 3761 339 ἀφεο

490 385 849 455 ψευδωνύμου
907 383 1162 451 γνώσεως
1217 376 1544 445 ἱσταμένων.
1579 373 1743 426 Ὥστε
1791 370 1971 438 τούτῳ
2007 372 2073 422 ἂν

489 475 568 543 τῴ
618 476 808 546 τρόπῳ
865 476 957 526 καί
1013 472 1176 540 ἡμεῖς
1226 465 1638 536 οἰκονομοῦντες
1699 465 1827 525 τοὺς
1880 460 2074 528 λόγους

492 567 650 635 ήμῶν
681 568 736 618 ἐν
769 564 950 635 κρίσει
978 558 1255 628 πανταχοῦ
1285 559 1396 620 τοῖς
1422 556 1561 626 πρὸς
1591 555 1841 622 φυλακήν
1871 551 1904 618 ἢ
1933 552 2074 603 οἰκο-

493 647 664 726 δομὴν
685 657 782 724 τῆς
808 654 1043 715 πίστεως
1069 649 1378 711 ἀκολούθως
1396 645 1781 718 χρησαίμεθα,
1811 642 1940 694 ποτὲ
1973 641 2073 710 μὲν

495 752 605 811 τοῖς
653 750 710 800 ἐν
743 743 994 815 μεθοδείᾳ
1038 741 1132 796 τοῦ
1172 740 1418 794 διαϐόλου
1467 737 1761 791 καταλύειν
1792 731 2074 802 πειρωμέ-

414 824 415 827 Ἲ
496 857 608 902 νοις
638 838 806 906 αὐτὴν
853 833 1367 903 ἀγωνιστικώτερον
1397 829 1806 898 ἀνθιστάμενοι,
1846 825 1978 879 ποτὲ
2019 823 2075 876 δὲ

492 935 604 996 τοῖς
649 928 1052 999 οἰκοδομεῖσθαι
1098 926 1444 997 βουλομένοις
1477 924 1534 975 ἐν
1561 921 1698 989 αὐτῇ
1731 918 2075 973 ἀπλοῖκώτε-

421 1042 445 1056 ’·
496 1042 590 1095 ρον
627 1023 724 1077 καὶ
754 1021 1081 1089 οἰκειότερον
1113 1018 1284 1097 αὐτὴν
1333 1013 1689 1085 ἐξηγούμενοι
1714 1053 1729 1078 ,
1777 1011 1874 1064 καὶ
1918 1010 2075 1063 οὐδὲν

492 1118 620 1171 ἀλλο
674 1114 962 1176 ποιοῦντες
995 1114 1028 1182 ἢ
1081 1114 1261 1165 ἐκεῖνο
1312 1111 1372 1163 τὸ
1421 1109 1571 1178 παρὰ
1620 1105 1712 1161 τοῦ
1750 1103 2075 1160 Ἀποστόλου

490 1211 801 1282 εἰρημένον,
833 1206 1033 1261 εἰδέναι
1067 1206 1185 1270 πῶς
1229 1205 1309 1259 δεῖ
1348 1202 1496 1273 ἡμᾶς
1543 1202 1624 1255 ἐνὶ
1675 1199 1893 1272 ἑκάστῳ
1940 1198 2077 1251 ἀπο-

412 1355 414 1357 ,
492 1299 802 1371 κρίνεσθαι.

562 1383 692 1439 Οίδα
714 1385 890 1439 τοίνυν
917 1387 1010 1439 καί
1046 1384 1234 1438 τοῦτον
1260 1382 1422 1436 αὐτὸν
1449 1381 1540 1435 τὸν
1596 1381 1772 1450 μέγαν
1795 1379 2076 1432 Βασίλειον

495 1480 942 1550 συγχωρήσαντα
992 1479 1070 1548 τῷ
1123 1476 1373 1548 Εὐνομίῳ
1434 1475 1494 1529 τὸ
1553 1475 1736 1545 τρίτον
1795 1469 1938 1527 εῖναι
1997 1473 2075 1543 τῷ

406 1625 411 1628 _
494 1570 792 1640 ἀξιώματι,
837 1571 912 1634 ὡς
956 1570 1024 1624 ἂν
1057 1571 1151 1623 καὶ
1195 1568 1340 1622 οῦτω
1376 1567 1718 1640 περιτρέψας
1745 1567 1838 1620 τὸν
1881 1566 2074 1620 δυσσε-

2177 371 2300 422 τὲον
2329 371 2489 422 τοῦτο
2524 369 2666 440 μετά
2694 369 2796 439 τῆς
2826 367 2964 437 πρὸς
2998 369 3090 420 τὸν
3132 365 3352 420 εἰπόντα
3381 365 3570 433 τιμῆς.
3611 363 3766 417 Οὖτω

2176 463 2282 530 γὰρ
2340 462 2707 529 Αὐγουστῖνος
2767 461 2827 514 ἐν
2882 461 2951 529 τῇ
3005 457 3144 529 πρὸς
3192 457 3286 511 τδν
3351 457 3760 526 Φουρτουνᾱτον

2175 552 2434 621 ἐπιστολῇ
2483 549 2847 621 συμϐουλεύει
2881 549 3083 612 καλῶς.
3122 567 3141 601 ι
3191 548 3326 602 Οὐδὲ
3359 549 3459 612 τάς
3493 547 3765 600 ὡντινων-

2176 640 2294 704 οῦν,
2364 642 2522 712 φησὶ,
2558 641 2827 706 διαλέξεις
2880 641 2988 694 κᾶν
3041 641 3326 695 καθολικοί
3377 625 3522 702 τινες
3575 638 3766 706 ἄνδρες

2177 725 2283 784 ὦσι
2315 734 2410 785 καὶ
2443 732 2785 805 περιϐόητοι,
2818 735 3012 804 ὥσπερ
3060 735 3157 799 τὰς
3193 734 3488 797 κανονικάς
3539 733 3765 800 Γριφᾶς

2179 822 2328 892 ἔχειν
2362 824 2672 896 ὀφείλομεν,
2704 827 2780 891 ῶς
2818 828 2894 900 μὴ
2938 828 3138 892 ἐξεῖναι
3171 831 3268 884 καὶ
3311 829 3464 898 ἡμῖν,
3513 826 3764 896 σωζομέ-

2176 932 2275 986 νης
2298 922 2400 989 τῆς
2430 919 2792 992 ὀφειλομένης
2844 923 3030 984 αὐτοῖς
3076 923 3267 991 τιμῆς,
3309 922 3364 975 τὶ
3430 923 3541 975 τῶν
3575 923 3637 974 ὲν
3663 925 3765 982 τοῖς

2177 1012 2362 1065 αὐτῶν
2399 1015 2835 1085 συγγράμμασιν
2865 1016 3294 1085 ἀποδοκιμάζειν
3330 1017 3425 1070 καὶ
3454 1015 3762 1072 διαπτύειν.

2177 1105 2229 1157 εί
2259 1104 2390 1158 ποτέ
2419 1122 2472 1159 τι
2495 1107 2857 1177 φωράσαιμεν
2885 1107 2912 1160 δ
2939 1107 3116 1172 ἄλλως
3151 1105 3462 1179 φρονοῦσιν,
3494 1107 3529 1178 ἢ
3565 1109 3603 1177 ή
3635 1107 3764 1175 ἀλή-

2181 1194 2303 1247 θεια
2360 1193 2476 1265 ἔχει
2524 1200 2589 1265 τῇ
2639 1196 2737 1249 τοῦ
2789 1197 2926 1251 Θεοῦ
2963 1197 3213 1269 βοηθείᾳ,
3263 1197 3297 1269 ἢ
3347 1201 3472 1269 παρ’
3505 1197 3762 1264 ἀλλων,ῆ

2177 1286 2312 1357 παρ’
2348 1288 2508 1358 ήμῶν
2553 1289 2829 1360 νοηθεῖονα.
2874 1308 2895 1342 ι
2939 1290 3085 1359 Ἐγὼ
3119 1291 3251 1360 γοῦν
3284 1289 3525 1354 τοιοῦτός
3556 1291 3677 1360 εἰμι
3710 1293 3761 1342 ἐν

2175 1381 2290 1444 τοῖς
2323 1380 2451 1449 περὶ
2496 1379 2604 1434 τῶν
2639 1381 2811 1449 ἀγίων
2867 1382 3300 1454 συγγράμμασιν
3327 1424 3343 1449 ,
3405 1383 3553 1446 οἵους
3607 1377 3753 1436 εἶναι

2177 1471 2315 1525 θέλω
2365 1473 2492 1536 τοὺς
2536 1474 2606 1527 τά
2657 1474 2904 1544 ἡμέτερα
2936 1476 3245 1544 μετιόντας.

2246 1565 2339 1616 Διὸ
2400 1565 2494 1617 καὶ
2537 1567 2780 1636 Θωμᾶς,
2822 1567 2945 1622 ἐπεὶ
2973 1567 3085 1622 ’τὸν
3136 1567 3500 1636 Δύγουστῖνον
3562 1564 3762 1635 εὕρηκε

499 1633 592 1733 ϐῆ,
625 1633 690 1716 ἐκ
723 1633 1042 1733 περιουσίας
1093 1660 1380 1733 καταϐάλῃ
1437 1633 1498 1712 τὸ
1542 1633 1767 1728 ⁷ψεῦδος.
1818 1652 1951 1711 υῖδα
1981 1657 2077 1709 καὶ
2110 1633 2154 1693 Β
2182 1656 2414 1724 λέγοντα
2449 1657 2550 1728 τήν
2579 1633 2759 1728 ψυχὴν
2809 1660 2904 1713 τοῦ
2945 1633 3240 1730 ἀνθρώπου
3285 1633 3762 1753 δημιουργηθῆναι

501 1755 592 1807 τὸν
627 1753 876 1821 θεολόγον
912 1752 1218 1824 Γρηγόριον
1263 1753 1397 1821 περὶ
1445 1750 1537 1804 τοῦ
1579 1749 1828 1820 μείζονος
1868 1751 1928 1802 ἐν
1959 1753 2078 1812 ταῖς

499 1845 639 1916 πρὸς
679 1844 993 1916 ’Δρειανούς
1048 1843 1352 1912 διαλέξεσιν
1411 1845 1615 1897 οὑτωσὶ
1665 1844 1913 1909 λέγοντα*
1953 1861 1970 1894 ι
2010 1844 2078 1894 Ἣ

498 1935 661 2006 δῆλον
697 1937 781 1990 ὅτι
813 1937 874 1990 τὸ
904 1935 1088 2007 μεῖζόν
1121 1936 1239 1989 ἐστι
1284 1935 1383 2002 τῆς
1417 1933 1620 1997 αἰτίας,
1647 1933 1708 1986 τὸ
1740 1934 1796 1987 δέ
1839 1934 1951 1988 ῐσον
1982 1936 2081 2000 τῆς

509 2029 749 2097 φύσεως,
786 2032 883 2084 καὶ
908 2027 1067 2082 τοῦτο
1117 2027 1224 2080 ὐπὸ
1269 2027 1472 2096 πολλῆς
1499 2026 1921 2097 εὐγνωμοσύνης
1951 2043 2082 2095 συγ-

500 2120 790 2192 χωροῦμεν
822 2123 985 2191 ἡμεῖς
1008 2160 1023 2185 ,
1059 2107 1455 2186 συγκαθιέντες
1497 2119 1743 2189 δηλονότι
1783 2118 1862 2187 τῷ
1911 2119 2077 2189 λόγῳ,

499 2211 591 2266 ῖνα
623 2228 684 2264 σε
713 2212 807 2275 καὶ
836 2209 979 2264 οὕτω
1007 2208 1339 2278 ἐλέγξωμεν.
1379 2226 1398 2261 ι
1433 2203 1566 2262 Εἶτα
1596 2206 1815 2276 ἐπάγει,
1842 2227 1860 2260 ι
1891 2207 2079 2262 ἰἀῦτα

507 2304 608 2370 μὲν
656 2303 792 2374 πρὸς
830 2301 957 2365 τούς
1003 2302 1064 2356 τὺ
1098 2299 1287 2381 μεῖζον
1336 2299 1744 2371 κομπάζοντας.
1776 2319 1796 2352 ι
1837 2300 1948 2353 Καὶ
1989 2299 2083 2352 τδν

509 2396 685 2466 μέγαν
723 2393 1230 2462 Ἀθανάσιονέὐροι
1275 2392 1466 2460 τιςάν
1511 2393 1781 2464 πολλαχοῦ
1815 2396 1882 2464 τῇ
1923 2393 2084 2464 χρείᾳ

504 2486 612 2539 τῶν
669 2485 898 2554 ἀγώνων
958 2483 1347 2553 συγκαθιέντα.
1400 2480 1497 2548 Οἷς
1565 2485 1984 2553 ἐντυγχάνοντες
2033 2486 2085 2540 οἰ.

512 2576 651 2648 πρὸς
681 2576 831 2646 ἡμᾶς
855 2575 1259 2644 διενενηγμένοι
1289 2575 1385 2626 καὶ
1414 2575 1517 2642 τὴν
1550 2573 1777 2643 πάτριον
1801 2571 2078 2643 ἀλήθειαν,

515 2660 769 2738 καθάπερ
803 2669 860 2721 αἰ
888 2668 1046 2734 μυῖαι
1093 2669 1212 2730 ταῖς
1245 2664 1668 2736 ἀσθενεστέραις
1699 2664 1861 2733 σαρξὶ
1908 2681 2081 2734 προσ-

508 2761 755 2830 φύονται,
779 2761 872 2817 καὶ
909 2759 1106 2829 μικρόν
1127 2775 1183 2812 τι
1216 2755 1654 2831 παρεξηγήσεως
1681 2756 1884 2827 χρῶμα
1913 2773 2084 2826 προσ.

504 2853 855 2919 τεθεικότες,
906 2846 1028 2904 εἶτα
1076 2851 1171 2904 καὶ
1207 2848 1438 2918 φυσικόν
1469 2863 1592 2902 τινα
1645 2847 1805 2918 λόγον
1853 2849 2082 2919 ἐπιμορ-

2185 1749 2326 1818 μετά
2361 1750 2472 1802 τῶν
2505 1750 2757 1819 ἀγγέλων
2803 1752 2911 1818 πρὸ
2956 1751 3053 1805 τοῦ
3103 1752 3376 1822 σώματος,
3423 1753 3565 1820 μετά
3595 1749 3762 1805 ταῦτα

2181 1840 2240 1893 δὲ
2292 1841 2399 1912 ἰδίᾳ
2424 1843 2683 1914 βουλήσει
2740 1844 2902 1915 ῥέψαι
2947 1845 3117 1916 αὐτήν
3148 1845 3285 1916 πρὸς
3321 1845 3382 1896 τὸ
3414 1845 3576 1913 σῶμα
3630 1843 3759 1912 πρδς

2181 1931 2243 1984 16
2273 1932 2634 2004 ὑπουργῆσαι
2667 1937 2734 2008 τῇ
2766 1936 3041 2006 βουλήσει,
3069 1940 3246 1991 καίτοι
3279 1937 3373 1991 καὶ
3413 1937 3544 2007 περὶ
3581 1935 3761 1989 πασῶν

2181 2023 2292 2077 τῶν
2338 2023 2527 2095 ψυχῶν
2580 2025 2730 2078 δοκεῖ
2785 2029 3005 2096 φρονεῖν
3063 2029 3128 2080 ἐκ
3183 2026 3392 2079 πολλῶν
3420 2025 3757 2095 τεκμηρίων,

2181 2110 2296 2168 ἀλλ’
2326 2110 2421 2168 οῦν
2463 2116 2492 2168 ὅ
2545 2132 2610 2184 γε
2641 2115 2845 2188 Θωμᾶς
2871 2118 3005 2188 πρὸς
3045 2118 3106 2171 τὸ
3142 2118 3352 2187 βέλτιον
3382 2114 3758 2188 μεταρρυθμί-

2183 2207 2300 2270 ξειν
2340 2206 2603 2279 πειρᾶται
2657 2207 2758 2281 τὴν
2812 2209 2994 2274 δόξαν.
3046 2209 3204 2265 Οῦτω
3255 2211 3437 2264 τοίνυν
3489 2209 3760 2278 εὐρίακων

2184 2282 2348 2354 αὐτὸν
2374 2304 2924 2380 πεφρονηκότα,τοῖς
2958 2305 3140 2368 ἀλλοις
3176 2305 3352 2372 ἁγίοις
3384 2304 3600 2357 τίθεται
3627 2301 3760 2372 μᾶλα

2184 2393 2299 2458 λον,
2332 2393 2382 2446 οἰ
2438 2395 2539 2464 τήν
2587 2394 2765 2464 ἀληθῆ
2809 2395 2968 2460 δόξαν
3026 2395 3297 2460 ἐδόξαζον.
3342 2395 3624 2457 Ὡσαύτως
3673 2397 3758 2449 καὶ

2185 2487 2316 2555 περὶ
2365 2487 2475 2539 τῶν
2522 2489 2792 2557 οὐρανίων
2852 2489 3123 2558 σωμάτων
3164 2488 3496 2559 Ἱερώνυμόν
3549 2505 3612 2539 τε
3668 2487 3758 2540 καὶ

2181 2577 2549 2645 Αὐγουστίνον
2594 2579 2694 2633 οὐκ
2726 2580 2908 2650 ὀρθῶς
2951 2581 3322 2651 ὑπειληφότας
3350 2578 3530 2650 εὐρὼν
3561 2579 3614 2643 (6
3649 2577 3756 2630 Θω-

2188 2670 2342 2738 μᾶς),
2370 2668 2589 2741 ἔμψυχα
2620 2673 2729 2742 γὰρ
2776 2672 2914 2726 αὐτά
2955 2663 3402 2743 πεφρονήκεσαν,
3435 2671 3531 2724 καλ
3564 2669 3757 2739 μᾶλλον

2185 2761 2213 2814 6
2240 2778 2300 2828 γε
2347 2761 2693 2833 Ἱερώνυμος,
2741 2767 2807 2834 τῇ
2858 2764 2953 2818 τοῦ
3010 2765 3292 2816 Βασιλείου
3335 2765 3430 2816 καὶ
3469 2765 3760 2829 Δαμασκη-

2183 2851 2275 2905 νοῦ
2300 2851 2408 2904 τῶν
2441 2854 2728 2923 ἡμετέρων
2785 2854 2912 2926 δόξῃ
2946 2855 3156 2909 τίθεται
3205 2856 3432 2927 μᾶλλον,
3464 2854 3625 2917 εἰδὼς
3668 2853 3758 2906 καὶ

503 2944 810 3013 φώσαντες,
849 2943 940 2995 ἐπὶ
995 2939 1224 2995 κενώσει
1277 2940 1372 2994 τοῦ
1421 2939 1548 2995 καθ’
1580 2941 1730 3010 ἡμᾶς
1771 2942 2079 3011 μυστηρίου
2106 2962 2150 3026 C
2185 2942 2283 3010 τῆς
2339 2944 2639 3014 καθολικῆς
2681 2946 3011 3015 Ἐκκλησίας
3051 2945 3227 3000 ταῦτα
3278 2947 3438 3012 δόξαν
3492 2943 3657 3000 εῖναι.
3687 2943 3756 2997 Οὐ

504 3037 697 3105 δήπου.
728 3033 896 3105 ᾤοντο
929 3033 989 3089 τὸ
1039 3034 1149 3088 πᾶν
1186 3033 1333 3104 ἐχειν
1379 3031 1668 3086 ἐντεῦθενο
1710 3032 1806 3086 καὶ
1853 3031 2082 3096 πολλοὺς

506 3128 906 3198 χειρωσάμενοι
931 3126 998 3180 δι’
1029 3127 1307 3197 ἀμάθειαν
1335 3125 1444 3180 τῶν
1467 3126 1726 3181 τοιούτων
1756 3126 1852 3193 καὶ
1877 3126 2083 3196 αἰχμα-

502 3216 688 3271 λώτων
725 3220 1058 3289 ἀπήγαγον,
1106 3218 1424 3299 σοφιστῶν,
1472 3218 1534 3272 οὐ
1596 3217 1866 3288 θεολόγων
1917 3216 2081 3289 ἔργον

508 3312 894 3380 πεποιηκότες.
1828 3367 1844 3387 I
1960 3321 1965 3327 '

596 3399 738 3453 Ἀλλ’
763 3403 791 3453 6
818 3400 990 3468 μέγας
1028 3397 1548 3464 Διονύσιος,‹Ἔστι,
1584 3399 1734 3469 φησί,
1761 3399 1869 3452 τῶν
1907 3399 1983 3470 μή
2017 3399 2085 3455 13¢

509 3491 632 3546 θεῖα
660 3493 879 3562 φρονεῖν
908 3491 1203 3545 ἐθελόντων
1234 3489 1295 3542 τὸ
1346 3491 1422 3562 μὴ
1453 3495 1521 3561 τῇ
1556 3491 1788 3562 δυνάμει
1821 3493 1916 3546 τοῦ
1953 3511 2083 3549 σκυ-

507 3584 611 3637 ποῦ
646 3585 958 3654 προσέχειν,
1005 3583 1143 3637 ἀλλά
1188 3584 1309 3646 ταῖς
1343 3583 1544 3647 λέξεσι.
1595 3601 1613 3636 ι
1669 3587 1778 3638 Καὶ
1831 3587 1859 3639 6
1906 3587 2085 3657 μέγας

520 3675 843 3736 ’Δθανάσιος
898 3677 956 3728 ἐν
992 3675 1070 3746 τῷ
1114 3678 1255 3728 κατά
1318 3677 1616 3745 Ἀρειανῶν
1665 3679 1834 3749 τρίτῳ
1863 3718 1880 3744 ,
1928 3697 1947 3730 ι
1995 3681 2087 3733 Δεῖ

510 3767 590 3835 δὲ,
619 3766 806 3837 φησίν,
851 3765 926 3828 ὡς
973 3767 1065 3818 ἐπὶ
1112 3767 1294 3836 πάσης
1340 3768 1440 3837 τῆς
1482 3767 1630 3831 θείας
1663 3769 1888 3839 Γραφῆς
1921 3787 2085 3841 προσ-

508 3866 634 3933 ήκει
663 3865 856 3928 ποιεῖν,
892 3862 987 3914 καὶ
1017 3863 1319 3929 ἀναγκαῖόν
1355 3862 1504 3914 ἐστιν
1529 3902 1544 3928 ,
1576 3859 1719 3913 οὔτω
1767 3863 1867 3913 καί·
1897 3861 2087 3914 ἐνταῦ-

511 3956 600 4021 θα,
631 3956 753 4009 καθ’
782 3955 848 4008 ὃν
877 3951 1030 4008 εἶπεν
1055 3957 1083 4008 6
1125 3956 1451 4018 Ἀπόστολος
1475 3955 1668 4024 καιρὸν
1701 3956 1794 4007 καὶ
1823 3955 1882 4006 τὸ
1918 3956 2086 4022 πρόσ-

509 4061 680 4108 ωπον,
711 4046 804 4098 καὶ
833 4049 1015 4098 τόπον·
1046 4045 1249 4116 ,διόπερ
1290 4044 1498 4116 ἔγραψε
1555 4047 1766 4109 πιστῶς
1806 4046 2088 4113 ἐκλαμϐά-

508 4155 642 4199 νειν,
670 4137 756 4190 ἵνα
785 4137 859 4206 μή
895 4139 1046 4207 παρὰ
1076 4138 1269 4203 ταῦτα,
1303 4138 1336 4208 ἢ
1365 4140 1460 4190 καὶ
1495 4139 1629 4208 παρ’
1664 4141 1850 4210 ἔτερόν
1881 4157 1932 4192 τι
1953 4139 2082 4192 τούς

510 4246 620 4283 των
649 4229 858 4297 ἀγνοῶν
893 4231 921 4283 ό
958 4228 1376 4298 ἀναγινώσκων,
1414 4229 1518 4295 ἔξω
1546 4231 1644 4300 τῆς
1678 4230 1936 4300 ἀληθινῆς
1972 4231 2088 4284 δια-

2184 3036 2292 3106 γάρ
2322 3035 2615 3091 ἐλάνθανεν
2642 3038 2803 3091 αὑτὸν
2831 3040 2912 3092 ὅτι
2951 3040 3101 3109 παρὰ
3127 3040 3224 3110 τῆς
3243 3039 3512 3110 πέμπτης
3540 3039 3758 3092 συνόδου

2184 3129 2279 3180 καὶ
2310 3129 2343 3198 ή
2380 3129 2725 3201 προΰπαρξις
2771 3130 2881 3184 τῶν
2912 3132 3270 3202 ἀνθρωπίνων
3321 3135 3539 3204 ψυχῶν,
3584 3132 3678 3186 καί
3701 3134 3758 3185 16

2185 3219 2404 3290 ἔμψυχα
2436 3222 2503 3274 τὰ
2538 3223 2765 3291 οὐράνια
2799 3221 3026 3292 σώματα
3057 3220 3216 3290 εἶναι,
3246 3229 3338 3278 καὶ
3371 3228 3426 3280 αἱ
3471 3227 3608 3281 ἰδέαι
3628 3267 3644 3292 ,
3671 3228 3757 3280 καὶ

2185 3312 2254 3364 τά
2299 3312 2613 3382 Ὠριγένους
2645 3313 2831 3378 ἁπλῶς
2866 3316 3038 3369 είπεῖν
3080 3316 3248 3386 ψευδῆ
3293 3317 3540 3388 δόγματα
3565 3357 3581 3381 ,
3627 3317 3756 3385 μᾶλ-

2186 3399 2277 3454 λον
2323 3402 2379 3455 δέ
2423 3404 2533 3458 τῶν
2586 3405 2905 3475 Μανιχαίων
2986 3408 3080 3460 καὶ
3137 3407 3426 3472 Πλάτωνος
3457 3409 3756 3480 ἀναθέματι

2187 3493 2707 3567 καθυπεϐλήθησαν.
2744 3498 2852 3550 Καὶ
2898 3499 2926 3549 6
2956 3498 3184 3568 Νύσσης
3210 3499 3265 3552 δὲ
3297 3500 3628 3570 Γρηγόριος,
3659 3502 3758 3554 Λύ-

2188 3584 2456 3656 γουστίνῳ
2485 3587 2561 3655 τῷ
2588 3583 2844 3658 μακαρίῴ
2871 3589 3110 3659 συνᾴδων
3135 3592 3192 3644 ἐν
3223 3594 3286 3660 τῆ
3321 3595 3450 3660 περὶ
3480 3593 3579 3660 τῆς
3613 3593 3755 3659 Ἑξα-

2188 3681 2400 3750 ημέρου
2457 3679 2747 3751 ἀπολογίᾳ,
2795 3699 2813 3732 ι
2855 3683 2936 3735 Τὰ
2984 3685 3040 3736 δὲ
3098 3685 3362 3756 ἡμέτερα,
3401 3686 3558 3754 φησὶ,
3589 3685 3664 3748 ὡς
3704 3688 3756 3738 ἐν

2192 3771 2475 3841 γυμνασίᾳ
2505 3770 2611 3824 τινὶ
2656 3775 3029 3841 στοχαστικῶς
3060 3774 3483 3844 ἐπιχειρούμενα
3518 3778 3632 3839 τοῖς
3677 3779 3756 3828 ἐν-

2189 3863 2522 3936 τυγχάνουσι
2561 3865 2895 3934 προκείσθω,
2950 3868 3227 3936 μηδεμιᾶς
3268 3867 3459 3935 μηδενί
3489 3867 3580 3919 διά
3607 3866 3756 3919 τοῦτο

2190 3950 2392 4022 βλάϐης
2459 3955 2941 4024 προσγινομένης,
3002 3958 3055 4010 εί
3105 3973 3155 4009 τι
3213 3957 3368 4027 παρά
3421 3959 3521 4029 τὴν
3571 3958 3741 4028 κοινὴν

2190 4042 2460 4114 ὑπόληψιν
2512 4046 2570 4097 ἐν
2623 4047 2736 4109 τοῖς
2788 4046 3103 4118 λεγομένοις
3165 4050 3599 4118 εὑρίσκοιτο.ού
3654 4051 3753 4118 γὰρ

2189 4134 2366 4205 δόγμα
2399 4136 2490 4188 τὸν
2521 4135 2679 4204 λόγον
2727 4137 3058 4208 ποιούμεθα,
3097 4139 3237 4194 ὥστε
3279 4143 3537 4211 ἀφορμὴν
3584 4142 3754 4196 δοῦναι

2189 4227 2296 4288 10!;
2355 4225 2703 4280 διαϐάλλουσι
2728 4243 2742 4259 ⁶
2773 4231 2867 4281 καὶ
2897 4229 3271 4301 ὁμολογοῦμεν
3322 4233 3629 4300 γυμνάζειν
3661 4231 3750 4300 μό-

512 4322 662 4384 νοίας
685 4321 932 4392 γένηται.
968 4340 987 4373 ι
1013 4321 1123 4376 Καὶ
1156 4321 1276 4389 μετ’
1315 4322 1498 4390 ὀλίγον
1524 4337 1539 4351 ·
1577 4341 1598 4374 ι
1643 4323 1814 4376 Ὀταν
1864 4324 1964 4394 μὲν
1994 4322 2086 4377 οῦν
2117 4321 2164 4379 D
2193 4336 2280 4372 νον
2327 4318 2535 4373 ἑαυτῶν
2579 4321 2681 4392 τὴν,
2713 4321 2958 4376 διάνοιαν
2993 4313 3104 4388 τοῖς
3136 4327 3526 4395 προκειμένοις
3556 4326 3754 4394 νοήμα-

514 4414 624 4467 τῶν
657 4417 916 4467 τοιούτων
972 4413 1074 4487 ἔχῃ
1123 4432 1206 4476 τις
1260 4416 1442 4480 καλῶς
1495 4415 1594 4487 τὴν
1651 4416 1886 4486 γνῶσιν,
1925 4416 2092 4488 ὀρθὴν

515 4507 629 4576 ἔχει
684 4505 780 4558 καί
829 4505 1183 4573 ὑγιαίνουσαν
1229 4508 1331 4576 τῆς
1383 4508 1623 4570 πίστεως
1682 4509 1782 4578 τήν
1823 4508 2088 4564 διάνοιανο

515 4602 612 4653 ἐὰν
638 4599 698 4654 δέ
722 4599 853 4670 παρτ
889 4598 1074 4668 ἕτερόν
1098 4617 1183 4662 τις
1214 4595 1535 4672 ἐκλαμϐάνῃ
1563 4600 1790 4666 τούτων,
1817 4601 1978 4663 εὐθὺς
2013 4605 2093 4665 εἰς

515 4693 728 4762 αἵρεσιν
761 4690 1040 4751 ἐκπίπτει.
1101 4691 1284 4745 Ταυτδ
1330 4692 1387 4744 δὲ
1446 4691 1603 4744 τοῦτο
1654 4693 1748 4745 καὶ
1802 4693 2092 4763 Κύριλλος,

496 4773 612 4838 ’καί
637 4784 889 4853 Μάξιμος
930 4784 1028 4837 καὶ
1051 4784 1078 4836 ό
1109 4784 1497 4855 Χρυσόστομος
1531 4783 1982 4854 συμϐουλεύουσι.

1118 4875 1371 4930 ΚΕΦΑΔ.
1418 4873 1495 4931 Θ¹.

521 4967 653 5022 Ὀτι
686 4969 969 5039 ἀνόητον,
997 4970 1035 5039 ἢ
1089 4969 1393 5039 δυσσεϐὲς
1419 5009 1433 5033 ,
1490 4968 1527 5037 ἢ
1575 4971 1949 5038 φιλόνεικον,
1993 4974 2091 5024 καί

593 5039 742 5111 κατᾲ
767 5038 884 5111 τῶν
920 5037 1105 5111 ἁγίων
1156 5037 1354 5111 αὐτῶν
1380 5080 1393 5102 ,
1437 5037 1585 5105 ἑνός(
1622 5057 1789 5104 τινος
1839 5042 2015 5111 ᾀγίου
2051 5043 2089 5111 ἡ

591 5109 763 5178 δυοῖν
791 5110 977 5173 δόξαν
1006 5110 1168 5176 ὅπως
1201 5109 1347 5178 ποτὲ
1376 5111 1696 5177 εἰρημένην
1719 5109 1903 5176 αὐτῷ,
1945 5109 2089 5178 πρῶ

593 5177 770 5248 τιμᾷν
814 5180 1091 5249 Γραρῶν,
1120 5177 1531 5249 συνόδωνκαί
1582 5179 1688 5246 τῆς
1721 5182 1935 5248 κοινῆς
1959 5177 2089 5236 θεο-

597 5252 810 5319 λογίας
842 5248 952 5302 καί
992 5253 1313 5320 ὁμολογίας
1355 5248 1474 5303 τῶν
1519 5251 1769 5305 πολλῶν
1796 5250 2090 5306 διδασκά-

591 5324 740 5375 λων.
1966 5360 1969 5362 ,

600 5414 790 5468 Καίτοι
817 5430 879 5482 γε
910 5415 1009 5468 καὶ
1064 5413 1248 5483 σαφῶς
1280 5414 1572 5484 εἰρημένον
1602 5432 1650 5467 1-.
1686 5415 1836 5484 παρά
1862 5433 1954 5467 του
1984 5416 2092 5496 τῶν

527 5508 717 5575 ἁγίων,
751 5511 798 5559 εἰ
834 5506 912 5578 μὴ
951 5505 1045 5558 καί⁸
1082 5508 1203 5566 ταῖς
1249 5510 1454 5570 κοιναῖς
1491 5508 1794 5578 ὐπολήψεσι
1852 5509 2090 5577 συνᾴδοι,

529 5601 577 5652 εί
627 5601 700 5669 μή
730 5601 833 5655 ’καὶ
879 5599 1037 5653 τοῦτο
1069 5598 1351 5670 δυνάμεθα
1383 5601 1517 5671 πρὶς
1551 5601 1642 5654 τὸν
1676 5599 1853 5671 ἀληθῆ
1889 5604 2090 5658 κανόνα

2193 4427 2297 4475 σιν,
2338 4412 2399 4463 οὐ
2428 4411 2777 4467 διδασκαλίαν
2807 4415 3141 4486 ὲξηγητικὴν
3189 4419 3301 4480 τοῖς
3338 4417 3536 4487 ἑφεξῆς
3569 4417 3749 4470 ἀποτί-

2194 4499 2411 4556 θεσθαι.
2457 4521 2475 4554 ι
2509 4505 2608 4558 Διά
2664 4504 2870 4576 ταύτην
2915 4507 2972 4558 δέ
3017 4507 3126 4579 ἀρα
3184 4510 3284 4577 τήν
3345 4507 3755 4577 εὐγνωμοσύνην

2188 4593 2550 4661 Αύγουστῖνός
2579 4615 2640 4650 τε
2673 4599 2771 4652 καὶ
2799 4601 2827 4652 6
2872 4598 3097 4670 Νύσσης
3149 4603 3270 4664 ταῖς
3318 4601 3429 4654 τῶν
3481 4601 3753 4670 μακαρίων

2189 4685 2456 4755 τιμῶνται
2485 4691 2696 4756 τιμαῖς,
2728 4690 2910 4744 καίτοι
2942 4690 3109 4757 δοξῶν
3150 4691 3332 4746 αὐτῶν
3373 4679 3536 4746 ἐνίων
3574 4691 3754 4745 611060-

2193 4770 2606 4848 κιμαζομένων.
2659 4780 2834 4834 Τοῦτο
2876 4781 2921 4834 δ⁹
2957 4783 3056 4835 οὐκ
3103 4783 3172 4836 ἂν
3220 4779 3365 4854 εἶχον
3393 4785 3457 4837 τὸ
3499 4784 3684 4855 γέρας,
3711 4782 3753 4834 εἰ

2198 4868 2517 4937 φιλονείκως
2561 4872 2658 4942 τῆς
2695 4871 2834 4936 ἰδίας
2870 4874 3097 4957 γνώμης
3127 4875 3461 4943 ἀντείχοντο.

2267 4960 2456 5031 Τούτῳ
2509 4963 2688 5017 τοίνυν
2742 4965 2820 5034 τῷ
2873 4967 3060 5018 κανόνι
3105 4966 3201 5019 καὶ
3233 4969 3398 5037 ήμεῖς
3432 4967 3753 5038 στοιχοῦνῖες

2195 5052 2304 5104 τῶν
2343 5053 2716 5122 διδασκάλων,
2764 5052 3110 5123 ἐξετάζοντες
3172 5059 3268 5111 καὶ
3321 5061 3630 5128 πρόσωπα,
3673 5059 3754 5112 καὶ

2196 5148 2444 5215 καιροὺς,
2480 5150 2572 5200 καὶ
2627 5149 2849 5217 χρείαν,
2904 5149 3012 5201 τῶν
3046 5153 3156 5213 τοῖς
3207 5149 3383 5217 ἀργίοις
3415 5151 3748 5222 εἰρημένων,

2198 5239 2291 5288 καί
2319 5237 2418 5304 τῆς
2448 5238 2728 5308 ἀληθείας,
2763 5241 2857 5292 σὺν
2878 5241 2996 5308 θεῷ
3022 5241 3077 5293 δὲ
3109 5240 3368 5310 εἰρήσθω,
3393 5244 3454 5295 ού
3479 5243 3746 5296 διαπίπτο-

2200 5344 2299 5397 μεν
2318 5345 2333 5359 ο
2363 5329 2482 5380 ὅθεν
2508 5334 2599 5382 καί
2629 5331 2726 5394 τὰς
2759 5333 2944 5401 ῥήσεις
2993 5333 3208 5396 ἐκείνας
3236 5334 3344 5387 τῶν
3398 5335 3738 5395 διδασκάλων,

2194 5421 2260 5481 ἃς
2297 5420 2738 5491 παρεξηγοῦνταί
2772 5441 2914 5487 τινες
2957 5426 3311 5495 σοφιστικῶς,
3348 5425 3379 5494 ἢ
3411 5426 3651 5494 ἀμαθῶς,
3681 5426 3750 5485 εἰς

2194 5515 2285 5567 τ’,ν
2315 5513 2414 5583 τῆς
2448 5515 2707 5584 ἀληθείας
2749 5521 2951 5571 σκοπὸν
3001 5521 3186 5589 ἡμεῖς,
3239 5521 3333 5573 καὶ
3372 5521 3452 5582 εἰς
3507 5518 3604 5590 τὴν
3631 5519 3746 5569 ὐπο-

2195 5605 2370 5676 ταγὴν
2396 5606 2489 5659 τοῦ
2521 5607 2761 5681 Χριστοῦ
2802 5610 2982 5672 καλῶς
3010 5614 3104 5664 καί
3143 5596 3414 5676 ἀϐιάστως
3456 5611 3749 5685 ᾐχμαλωτίο
