3978 6332
195 256 281 316 7r:
356 212 359 213 ί
1205 248 1301 314 DE
1343 250 1774 313 ADDITIONE
1804 252 1906 311 Al)
1942 251 2389 342 SYMBOLUM.

3311 253 3413 317 718

192 367 335 435 ἡμεῖς
370 365 423 415 (ιι
473 365 576 428 ἔξω
616 366 708 420 τοῦ
756 366 1024 437 συμϐόλου
1082 364 1239 419 τοῦτο
1294 362 1553 433 ποιοῦμεν
1587 404 1599 426 ,
1634 360 1740 414 οὐδ’
1767 366 1816 424 Α
1847 365 2028 431 φικοῖς
2060 364 2281 434 χωρίοις
2331 364 2542 429 τούτοις
2582 350 2877 421 ’ἀπέδωκαν
2925 366 3024 435 τὴν
3058 368 3154 436 τῆς
3206 373 3253 420 α’
3288 384 3412 422 συν-

191 458 332 512 αύτοὶ
379 455 539 511 τοῦτο
581 458 861 522 ποιοῦντες
895 459 988 526 ἀφ’
1016 458 1246 522 ἑαυτῶν,
1275 457 1409 510 ἀλλά
1446 456 1573 517 τοὺς
1595 452 1740 506 διδα-

190 546 411 610 σκάλους
439 550 532 601 καὶ
558 550 765 610 πάντας
792 550 985 628 αύτρὺς
1008 549 1316 616 ἀληθινοὺς,
1337 546 1508 608 οὕτως
1533 542 1740 609 ἀξιοῦν-

189 656 271 701 τας
303 638 672 709 εὑρίσκοντες.
714 638 823 691 Καὶ
857 638 989 691 διότι
1019 641 1136 701 ταῖς
1171 637 1301 707 παρ’
1341 637 1474 706 ἡμῖν
1501 633 1759 689 ἀναπτύ-.

192 733 325 793 ξεσιν
373 732 697 783 ἐπεϐάλοντο
739 731 987 800 φανερῶς
1016 770 1032 793 ,
1070 730 1156 783 διὰ
1186 729 1342 782 τοῦτο
1380 727 1477 795 τὴν
1506 728 1744 780 ἀνάπτυ-

193 823 265 886 ξιν
294 823 477 875 αὐτῶν
532 820 647 875 οὔτ’
692 822 1034 892 ἐπῃνέσαμεν
1084 820 1194 873 οὔτ’
1251 818 1595 887 ἐπαινοῦμεν.
1629 816 1745 871 Νῦν

188 914 271 969 οῦν
295 914 637 977 ὑποτιθέντες
688 913 736 967 οἱ
786 913 1025 976 Λατῖνοι,
1072 914 1152 967 ὅτι
1200 915 1298 982 τὴν
1322 913 1430 966 τῶν
1460 909 1745 981 ἡμετέρων

190 1004 515 1057 διδασκάλων
557 1004 854 1070 ἀνάπτυξιν
888 1002 1223 1075 ἀκυροῦμεν,
1309 1001 1587 1063 τοσούτοις
1621 1002 1746 1055 ἐπι-

193 1095 446 1166 στεύομεν
478 1096 645 1159 ἔτεσι,
687 1097 951 1165 τιθέμεθα
984 1097 1039 1149 δέ
1092 1098 1155 1164 τῇ
1188 1094 1369 1149 αὐτῶν
1424 1092 1743 1158 ἀναπτύξει,

190 1188 324 1241 οὕτω
381 1188 548 1256 φασὶν
597 1188 844 1241 ἐπαινεῖν
873 1188 975 1257 τὴν
1024 1186 1301 1258 ἡμετέραν
1346 1188 1553 1250 πίστιν,
1586 1186 1618 1255 ἢ
1652 1202 1745 1238 πι-

193 1279 397 1332 στεύειν
422 1279 612 1349 ὥσπερ
639 1280 820 1348 ἡμεῖς.
856 1278 1059 1333 Τούτου
1088 1280 1145 1331 δὲ
1177 1279 1238 1331 τὸ
1271 1279 1512 1331 ἐναντίον
1547 1276 1746 1346 μᾶλλόν

191 1371 300 1423 ἐστι
349 1372 446 1425 καὶ
485 1371 632 1424 δοκεῖ
688 1373 798 1435 τοῖς
838 1370 1017 1440 ἔχουσι
1073 1369 1224 1435 νοῦν,
1272 1370 1355 1423 ὅτι
1386 1368 1748 1438 πιστεύσομεν

190 1462 412 1524 ἐκείνοις
441 1462 641 1531 ὁμοίως
670 1462 767 1529 τὴν
794 1461 1074 1532 ἡμετέραν
1123 1460 1279 1526 δόξαν
1329 1458 1747 1525 ἀπολελοιπότες

190 1553 458 1619 καθάπαξ,
491 1555 551 1607 ού
581 1556 727 1607 τὸέκ
759 1554 969 1623 Πατρδς
1000 1551 1417 1621 ἐκπορεύεσθαι,
1453 1550 1610 1604 τοῦτο
1639 1552 1749 1620 γάρ

188 1646 359 1699 κοινόν
388 1648 536 1699 ἐστιν
573 1647 795 1716 ἀμφοῖν,
828 1646 963 1699 ἀλλά
989 1646 1050 1698 τὸ
1079 1645 1179 1697 οῦκ
1206 1646 1269 1698 ἐκ
1309 1644 1401 1697 τοῦ
1431 1642 1558 1696 Υίοῦ
1581 1638 1749 1711 ’περὶ

1843 455 1963 509 ὁδου
1996 455 2445 524 διδασκαλίαν,ἐν
2552 460 2835 528 προδήλως
2864 460 3046 529 σχεδὸν
3079 463 3140 512 ἐκ
3176 457 3271 513 τοῦ
3304 460 3412 513 Πα-

1844 548 1984 618 τρὸς.
2006 548 2168 619 μόνου
2197 548 2294 621 τὴν
2323 549 2555 621 ὓπαρξιν
2611 552 2754 621 ἔχειν
2807 550 2869 604 τὺ
2914 551 3137 621 Πνεῦμα
3167 553 3228 605 τὸ
3258 555 3417 617 ἅγιον

1845 642 2267 709 καταφαίνεται,
2317 640 2416 712 τὴν
2472 642 2774 706 ἀνάπτυξιν
2805 642 2899 713 τῆς
2950 643 2993 712 β’
3031 642 3249 697 συνόδου
3278 683 3294 709 ,
3322 644 3411 697 ὅτε

1845 734 1907 787 τδ
1933 734 2063 804 περὶ
2093 733 2187 785 τοῦ
2220 734 2537 803 Πνεύματος
2566 735 2828 805 ἐζήτηται
2863 734 3141 806 προῦργου
3170 736 3266 788 καὶ
3292 736 3415 790 ἰκα-

1848 824 2069 879 νώτατα
2095 825 2381 895 διωρίσθη,
2421 826 2542 879 ὅσον
2572 843 2631 879 τε
2684 826 2764 888 είς
2808 826 2904 897 τὴν
2937 827 3126 881 ούσίαν
3157 828 3283 897 ἥκει
3319 828 3414 881 τοῦ

1850 914 2185 984 Πνεύματος,
2221 915 2312 969 καὶ
2346 917 2467 968 ὅσον
2502 916 2581 978 είς
2618 916 2719 985 τὴν
2749 916 2844 969 τοῦ
2888 916 3010 972 ὅθεν
3035 918 3182 974 ἐστὶν
3210 920 3412 982 αἰτίαν,

1849 1007 1944 1069 τάς
1967 1007 2075 1059 τῶν
2099 1006 2275 1061 ἄλλων
2320 1008 2563 1062 συνόδων
2597 1008 2961 1077 ἐπικυρώσεις
2998 1012 3099 1080 τῆς
3132 1012 3412 1081 ἀληθείας,

1849 1096 1957 1150 τῶν
2002 1099 2286 1169 ἡμετέρων
2344 1099 2682 1153 διδασκάλων
2752 1100 2972 1155 πάντων
3021 1103 3119 1164 τὰς
3165 1103 3416 1171 ἐναργεῖς

1848 1190 2191 1257 ἀποφάσειςί
2229 1190 2325 1244 καὶ
2381 1190 2546 1262 πρὸς
2575 1191 2787 1254 τούτοις
2840 1192 3034 1262 λόγους
3069 1193 3417 1256 ἱκανοὺςκαὶ

1854 1280 2135 1347 γενναίους
2188 1281 2251 1335 ἐκ
2292 1281 2399 1335 τῶν
2455 1283 2641 1353 ἀρχῶν
2698 1283 3147 1352 λαμὸανομένους
3189 1286 3288 1354 τῆς
3327 1286 3416 1337 1:!-

1855 1383 2063 1437 στεωςο
2113 1372 2174 1427 ού
2222 1374 2431 1429 δίκαιον
2478 1374 2658 1429 τοίνυν
2710 1376 2881 1429 ταῦτα
2928 1374 3108 1429 πάντα
3157 1376 3416 1445 ἀφέντας,

1850 1464 2008 1529 δόξαν
2038 1465 2437 1537 προσήκασθαι,
2460 1467 2597 1537 μήτε
2624 1468 2689 1520 ἐκ
2711 1467 2820 1521 τῶν
2844 1468 3142 1521 κανονικῶν
3166 1457 3419 1537 γραφῶν,

1854 1557 1993 1626 μήτε
2022 1558 2086 1609 ἐκ
2114 1555 2224 1612 τῶν
2248 1555 2343 1610 τοῦ
2376 1558 2575 1627 χρόνου
2616 1558 2923 1627 πρεσϐείων
2947 1558 3045 1630 τὴν
3076 1561 3228 1629 ίσχὺν
3259 1561 3415 1630 ἔχου·

1853 1665 1974 1713 σαν,
2015 1648 2155 1717 μήτε
2207 1650 2272 1704 ἐκ
2321 1649 2429 1704 τῶν
2481 1649 2615 1719 παρ’
2655 1650 2786 1720 ἡμῖν
2836 1651 3167 1721 διδασκάλων
3200 1647 3276 1709 ὧν
3316 1655 3416 1716 τὰς

191 1737 340 1790 τοῦτο
401 1738 511 1807 γάρ
560 1708 905 1807 διιστάμεθα.
970 1736 1042 1790 Ἢ
1099 1736 1207 1790 ίδοῦ
1274 1720 1525 1804 λέγομεν
1560 1708 1746 1794 αὐτοῖς
1775 1708 1821 1768 Β
1852 1708 2313 1809 βίϐλους-ἔχομεν,
2370 1742 2464 1793 καὶ
2522 1708 2632 1796 τῶν
2670 1708 2865 1810 φωνῶν
2917 1708 3182 1814 ἐπαΐομεν
3208 1788 3222 1811 ,
3274 1708 3414 1817 μήτε

189 1831 328 1894 ὅπως
352 1830 580 1899 νοοῦμεν
608 1830 671 1883 τδ
709 1834 773 1887 ἐκ
797 1828 890 1883 τοῦ
930 1830 1141 1899 Πατρὸς
1165 1830 1620 1898 ἐκπορευόμενον,
1652 1826 1746 1880 καὶ

191 1924 332 1986 ὅπως
370 1923 551 1994 ἐνόουν
594 1925 645 1977 οί
680 1924 939 1995 ἡμέτεροι
983 1924 1239 1992 πρόγονοι
1271 1922 1366 1974 καὶ
1407 1920 1743 1985 διδάσκαλοι,

1848 1828 2026 1899 λόγοις
2063 1833 2518 1902 μαρτυρουμένην
2543 1871 2561 1898 ,
2593 1834 2642 1886 εί
2677 1834 2753 1903 μὴ
2790 1838 3126 1911 σοφιστικοῖς
3146 1877 3160 1901 ,
3192 1837 3287 1889 καὶ
3314 1836 3414 1890 οὐκ

1850 1920 1914 1972 ἐκ
1944 1918 2055 1973 τῶν
2101 1920 2297 1974 κοινῶν
2344 1921 2530 1991 ἀρχῶν
2576 1921 2957 1993 ὡρμημένοις,
3014 1925 3128 1978 ἀλλ’
3160 1924 3223 1978 ἔκ
3252 1944 3415 1980 τινων

188 2016 260 2081 ὡς
302 2018 403 2071 οὐκ
453 2018 517 2070 ἐκ
546 2015 640 2069 τοῦ
692 2014 822 2069 Υίοῦ
874 2014 1116 2085 δηλονότι
1138 2029 1152 2044 ’
1193 2014 1322 2083 περὶ
1348 2011 1508 2066 τοῦτο
1541 2008 1747 2083 γὰρῆν
1847 2010 1940 2072 οὓς
1972 2010 2071 2064 οὐκ
2112 2009 2289 2079 ίσμεν,
2318 2011 2479 2065 πόθεν
2506 2012 2665 2066 είσίν.

192 2110 316 2177 ἡμῖν
345 2108 441 2161 καὶ
473 2107 725 2168 Λατίνοις
754 2107 787 2175 ἡ
820 2104 1088 2175 σύμπασα
1122 2105 1291 2175 μάχη.

260 2200 321 2251 Ei
372 2197 553 2251 τοίνυν
584 2198 741 2265 φαῖεν
765 2197 857 2249 καὶ
889 2195 1041 2247 αὐτοὶ
1068 2194 1212 2247 οὕτω
1247 2194 1544 2260 πιστεύειν,
1582 2199 1750 2264 σήμερ-

196 2306 284 2357 ρον
309 2289 493 2350 αὐτοῖς
524 2286 812 2356 ὲνούμεθα*
864 2286 981 2337 ἀλλῗ
1003 2288 1101 2338 οὐκ
1132 2287 1199 2340 ἂν
1222 2285 1362 2339 οὕτω
1406 2292 1583 2355 φαῖεψ
1618 2288 1747 2340 ούκ-

194 2379 285 2431 οῦν
334 2383 382 2433 εί
431 2380 647 2446 λέγουσι
702 2376 977 2429 πιστεύειν
1038 2377 1239 2445 ὁμοίως
1288 2379 1420 2447 ἡμῖν
1485 2380 1613 2449 περὶ
1653 2380 1749 2432 τοῦ

199 2469 531 2540 Πνεύματος,
566 2469 877 2537 σοφίζονται
905 2473 1031 2532 τοὺς
1064 2469 1468 2538 ἁπλουστέρους
1513 2471 1608 2521 καὶ
1648 2485 1751 2521 πα-

196 2560 550 2629 ρασύρουσιν.
593 2560 653 2611 Et
682 2559 739 2611 δὲ
768 2558 939 2612 δεινὸν
969 2558 1116 2613 δοκεῖ
1162 2558 1347 2620 αὐτοῖς
1388 2557 1449 2609 τὸ
1477 2558 1571 2610 καὶ
1604 2559 1750 2626 ἡμᾶς

196 2652 556 2706 ἀναπτύσσειν
579 2694 594 2716 ,
632 2652 808 2704 καίτοι
862 2652 984 2721 μετ’
1013 2649 1294 2710 εύσεὸείας
1334 2648 1493 2703 τοῦτο
1541 2648 1755 2702 ποιούν-

197 2760 324 2802 των,
365 2745 463 2797 καὶ
517 2742 614 2811 τῆς
672 2742 857 2812 κοινῆς
903 2741 1193 2810 ὁμολογίας
1232 2740 1481 2809 οὐδαμῶς
1514 2741 1778 2810 ἀπτομέο,

198 2852 321 2899 νων,
358 2834 590 2903 ἐχόντων
643 2834 700 2887 δὲ
751 2832 1097 2902 παράδειγμα
1128 2833 1252 2894 τοὺς
1285 2830 1536 2901 πρώτους
1569 2833 1754 2885 τετολ-

202 2926 441 2993 μηκότας
492 2922 642 2988 αὑτό,
682 2926 776 2976 καὶ
814 2924 888 2985 ὡς
938 2922 1150 2991 ἀληθῶς
1196 2921 1286 2974 ὑπ’
1336 2920 1578 2989 ἀνάγκης
1628 2923 1755 2976 ἀνα·-

1937 2102 2101 2155 Ἀλλά
2152 2118 2317 2170 φασιν
2364 2104 2448 2157 ὃτι
2486 2103 2629 2158 τοῦτ’
2651 2103 3020 2172 Αὖγουστῖνος
3071 2111 3099 2162 ὁ
3140 2109 3411 2180 μακάριος

1850 2192 2019 2258 λέγει.
2064 2192 2206 2245 Ἀλλ’
2235 2195 2395 2264 ἡμεῖς
2427 2197 2509 2259 εἰς
2546 2197 2648 2266 τὴν
2688 2197 3014 2267 Ἐκκλησίαν
3046 2201 3409 2269 πιστεύομεν,

1850 2283 1917 2353 ἢν
1947 2285 1999 2335 αἱ
2029 2274 2313 2359 κανονικαὶ
2339 2287 2549 2354 γραφαὶ
2575 2272 2864 2341 συνιστῶσι
2891 2289 2984 2343 καὶ
3013 2291 3067 2343 αί
3097 2294 3275 2345 κοιναὶ
3301 2290 3412 2346 τῶν

1859 2372 2065 2425 πιστῶν
2098 2373 2305 2427 σύνοδοι
2336 2374 2435 2443 τὴν
2477 2376 2805 2445 Ἐκκλησίαν
2855 2379 3093 2448 Χριστοῦ
3132 2374 3413 2453 Γπαριστά-

1851 2481 2062 2528 νουσαι,
2107 2468 2207 2518 οὐκ
2241 2466 2319 2528 είς
2363 2466 2750 2534 Λύγουστῖνον,
2789 2470 2886 2521 οὐκ
2916 2472 2993 2532 είς
3023 2473 3410 2543 Δαμασκηνὸν,

1853 2552 1961 2605 οὐδ’
1988 2552 2133 2622 αύτῷ
2165 2552 2242 2624 τῷ
2267 2555 2616 2626 Δαμασκηνῷ
2656 2559 3033 2629 προσέσχομεν
3062 2560 3127 2614 ἂν
3156 2563 3213 2615 ἐν
3242 2566 3414 2632 τούτῳ

1850 2637 1931 2713 τῷ
1978 2646 2155 2714 μέρει,
2204 2648 2252 2699 εί
2300 2649 2374 2715 μὴ
2414 2647 2510 2716 τῆς
2576 2650 2759 2718 κοινῆς
2807 2652 2981 2719 είχετο
3017 2652 3193 2723 δόξης,
3226 2654 3415 2727 ῶσπερ

1856 2738 1914 2787 ἐν
1937 2738 2048 2799 τοῖς
2074 2738 2251 2800 ἄλλοις
2276 2740 2481 2813 ἅπασιν
2504 2740 2707 2811 ἔχεται.

1938 2826 2079 2879 Ἀλλ’
2108 2827 2216 2879 οὐδ’
2247 2828 2461 2881 εύθυνεῖ
2509 2828 2719 2891 δίκαιος
2768 2830 2842 2884 ὢν
2877 2834 3023 2901 ἡμᾶς
3064 2836 3091 2887 ό
3130 2834 3280 2897 Θεὸς,
3314 2835 3412 2905 τὴν

1854 2919 2040 2988 κοινὴν
2091 2921 2183 2973 καὶ
2225 2920 2652 2991 ὼμολογημένην
2702 2923 2762 2976 οὐ
2814 2923 3172 2993 βουλομένους
3227 2926 3413 2979 πίστιν

197 3018 565 3081 πτυσσόντων,
594 3017 746 3071 αὐτοί
769 3033 825 3069 τε
863 3014 1222 3068 παυέσθωσαν
1256 3013 1644 3078 ἀναπτύσσειν,
1662 3015 1754 3066 καὶ
1779 3036 1827 3096 ο
1863 3012 2077 3077 ἀφεῖναι
2109 3012 2206 3064 καὶ
2250 3013 2441 3083 γνώμῃ
2483 3013 2625 3071 τινὸς
2666 3015 3082 3085 προστεθεῖσθαι
3124 3017 3235 3070 τῶν
3262 3019 3408 3073 διδα-

196 3112 355 3179 ἡμεῖς
403 3109 597 3179 σχολὴν
650 3110 770 3171 ταῖς
819 3106 1153 3172 ἀναπτύξεσι
1185 3105 1430 3175 δώσομεν
1466 3106 1634 3159 ἓνεκα
1659 3105 1751 3158 τοῦ

200 3202 296 3267 τῆς
332 3201 555 3270 ἀγάπης
592 3199 779 3253 καλοῦ.
810 3201 917 3253 Καὶ
942 3198 1002 3250 τὸ
1031 3200 1126 3266 μὲν
1151 3198 1371 3267 πότερον
1409 3198 1579 3259 αἴτιός
1609 3199 1754 3250 ἐστιν

198 3297 224 3346 ὁ
247 3294 372 3357 Υἱὸς
404 3293 498 3346 τοῦ
547 3293 858 3362 Πνεύματος
893 3290 927 3359 ἦ
966 3290 1122 3360 μὴ,ἦ
1169 3287 1436 3359 ζητείσθω
1473 3290 1622 3358 παρὰ
1647 3287 1754 3339 τῶν

200 3384 542 3455 βουλομένων
595 3381 858 3446 ἐνδόξως,
922 3382 956 3451 ἢ
1030 3378 1274 3447 σιγάσθω
1328 3378 1480 3447 παρά
1536 3381 1752 3431 πάντων

197 3477 423 3548 ὁμοίως.
463 3477 527 3529 Ἦ
558 3476 602 3529 δ’
633 3473 929 3544 Ἐκκλησία
977 3476 1129 3543 κοινῇ
1176 3472 1266 3524 τὸν
1298 3470 1426 3524 Υίδν
1466 3470 1626 3522 αὑτὸν
1659 3469 1751 3521 τοῦ

196 3570 330 3625 Θεοῦ
364 3567 717 3636 διαλλακτὴν.
738 3564 989 3619 ποιείσθω
1037 3564 1239 3631 ταύτης
1270 3563 1373 3631 τῆς
1406 3561 1581 3632 ἔριδος
1608 3602 1622 3626 ,
1654 3562 1752 3611 οὐκ

198 3662 401 3731 ἔχουσά
440 3678 495 3712 τι
538 3660 645 3712 τῶν
692 3658 898 3711 ἐκείνου
939 3654 1155 3725 φωνῶν,
1189 3654 1222 3725 ἢ
1263 3653 1664 3720 ἀσφαλέστερον
1718 3651 1750 3719 ἠ

197 3736 509 3822 ίερῶτερον.
541 3751 754 3804 Μᾶλλον
786 3750 842 3803 δὲ
879 3750 975 3819 τῆς
1020 3742 1341 3816 Ἐκκλησίας
1373 3745 1531 3798 τοῦτο
1575 3744 1753 3805 καλῶς

198 3845 566 3915 πεποιηκυίας
601 3845 658 3895 ἐν
685 3844 751 3912 τῇ
782 3840 1010 3909 δευτέρᾳ
1054 3837 1255 3905 συνόδῳ
1296 3837 1390 3889 καὶ
1426 3835 1584 3904 ἡμῶν
1618 3835 1754 3904 αὐτῇ

198 3937 540 4007 πειθομένων
560 3978 575 4002 ,
608 3932 705 3988 καὶ
731 3934 830 4004 τὴν
868 3930 1195 3999 Ἐκκλησίαν
1227 3929 1325 3996 τῆς
1369 3928 1583 3995 Ῥώμης
1614 3927 1755 3978 οὕτω

199 4032 465 4097 πράττειν
515 4028 702 4098 ἐχρῆν,
758 4025 852 4077 καὶ
906 4022 1047 4075 οὕτω
1087 4038 1147 4089 γε
1203 4020 1422 4090 πράξει,
1460 4018 1755 4087 βουλομένη

199 4126 469 4194 πράττειν
500 4124 566 4172 τά
595 4120 803 4172 δέοντα.

270 4211 617 4281 Πανταχόθεν
647 4209 741 4261 οῦν
783 4206 988 4269 αἰτίους
1040 4207 1139 4274 τῆς
1193 4203 1605 4274 μάχης’ταύτης
1632 4203 1757 4265 τοῦς

197 4306 465 4367 Λατίνους
496 4302 734 4373 δρῶντες
764 4299 859 4353 νῦν
905 4315 963 4351 τε
1015 4297 1418 4366 καὶπρότερον,
1450 4294 1567 4363 μεθ’
1601 4295 1756 4364 ἡμῶν

195 4397 252 4448 δὲ
304 4396 405 4448 καὶ
452 4392 559 4443 τῶν
605 4391 887 4461 ἡμετέρων
930 4388 1187 4457 Πατέρων
1235 4385 1434 4444 εἰόνὶτες
1469 4383 1645 4436 πάντα
1686 4383 1754 4435 τὰ

193 4486 406 4547 δίκαια,
438 4480 653 4543 πολλαῖς
704 4478 879 4531 ἐλπίσι
932 4477 1195 4545 σύνεσμεν
1234 4472 1327 4525 τοῦ
1363 4472 1572 4542 μηδένα
1600 4473 1756 4536 λόγον

195 4576 461 4645 ὀφλήσειν
492 4575 583 4625 ἐπὶ
639 4571 732 4623 τοῦ
786 4568 1066 4638 μέλλοντος
1103 4566 1345 4634 βήματος
1376 4564 1516 4631 ὑπὲρ
1555 4564 1646 4614 τοῦ
1682 4563 1756 4635 μὴ

201 4665 496 4736 βούλεσθαι
541 4661 888 4739 τοῖςιαίτίοις
934 4657 1026 4710 τοῦ
1072 4656 1246 4709 δεινοῦ
1297 4658 1597 4707 κοινωνεῖν.
1630 4652 1758 4707 Εἶτα

199 4760 437 4819 κανόνας
469 4757 664 4822 ἐχομεν
692 4752 756 4803 ἐκ
784 4750 891 4802 τῶν
920 4748 1087 4816 ἀγίων
1130 4748 1224 4801 καὶ
1259 4746 1486 4808 τύπους,
1533 4747 1648 4809 πῶς
1679 4748 1761 4799 δεῖ

196 4848 497 4918 προσέχειν
526 4846 592 4914 τῇ
632 4842 810 4894 πίστει
856 4837 947 4900 οὓς
981 4838 1079 4889 οὐκ
1128 4836 1274 4889 ἐστιν
1305 4838 1449 4889 ὅσιον
1490 4835 1758 4904 ὑπερϐαί-

200 4959 336 4993 νειν.
372 4935 511 4992 Κατ’
541 4934 781 4995 ἐκείνους
824 4929 955 4998 γοῦν
1000 4929 1125 4997 τοὺς
1161 4928 1387 4991 κανόνας
1419 4927 1760 4979 ἐπικίνδυνον

200 5034 338 5105 ἡμῖν
384 5028 532 5082 δοκεῖ
576 5026 669 5077 καὶ
700 5023 903 5091 πλάνης
938 5022 1158 5105 μεστδν,
1193 5020 1427 5088 ἀφέντας
1465 5012 1563 5087 τὴν
1596 5020 1762 5085 εύαγ-

199 5103 435 5190 γελικὴν
467 5111 830 5175 διδασκαλίαν,
878 5112 935 5163 ἑν
985 5103 1021 5181 ᾖ
1072 5109 1287 5176 λέγεται
1335 5108 1397 5161 τὸ
1447 5108 1669 5177 Πνεῦμα
1699 5110 1763 5161 ἐκ

196 5214 292 5268 τοῦ
338 5209 553 5279 Πατρξς
586 5202 1000 5276 ἐκπορεύεσθαι,
1034 5199 1260 5270 Πνεῦμα
1286 5200 1343 5253 δέ
1376 5201 1471 5269 τῆς
1502 5199 1761 5270 ἀληθείας

198 5309 297 5359 καὶ
347 5303 486 5372 παρ’
537 5297 704 5353 αὐτοῦ
758 5295 1078 5367 πέμπεσθαι
1107 5333 1122 5358 ,
1154 5297 1247 5347 καὶ
1276 5293 1371 5362 τὴν
1400 5291 1763 5361 ἀποσιολικὴν

197 5397 409 5465 ὁμοίως
456 5388 805 5446 διδασκαλίαν
847 5381 972 5458 ἐνῇ
1022 5385 1239 5449 λέγεται
1288 5385 1349 5437 τὸ
1406 5382 1625 5451 Πνεῦμα
1667 5382 1762 5434 τοῦ

198 5488 335 5540 Θεοῦ
383 5487 485 5555 μὲν
514 5480 657 5536 εἶναι
704 5482 800 5533 καὶ
828 5481 891 5532 ἐκ
940 5476 1032 5529 τοῦ
1067 5475 1229 5541 Θεοῦ,
1259 5474 1352 5528 τοῦ
1383 5474 1439 5527 δὲ
1466 5474 1597 5526 Υίοῦ
1625 5468 1762 5525 εἶναι

200 5582 368 5648 μόνον
404 5578 653 5644 λέγεται,
684 5573 781 5626 οὐκ
827 5573 889 5624 ἐκ
920 5570 1016 5623 τοῦ
1048 5568 1202 5632 Υῑοῦ,
1231 5568 1326 5630 τὰς
1368 5565 1474 5619 τῶν
1506 5565 1760 5633 Πατέρων

197 5670 515 5742 ἐξηγήσεις,
548 5666 614 5729 ἀς
659 5664 908 5733 ἐπίτηδες
934 5661 1025 5713 καὶ
1050 5659 1435 5728 ἀπεξεσμένως
1473 5661 1583 5721 τοῖς
1613 5674 1755 5728 γρα-

1862 3102 2074 3156 σκάλων
2126 3104 2332 3174 χωρὶς,
2370 3107 2418 3158 ε⁴ί
2451 3106 2543 3158 καὶ
2601 3106 2690 3159 διὰ
2738 3106 2897 3161 τοῦτο
2956 3109 3410 3181 κολασθησόμεοα

1854 3197 2050 3266 δήπου,
2079 3197 2162 3252 ὅτι
2197 3198 2269 3267 μὴ
2319 3198 2657 3268 προσέχομεν
2723 3200 3005 3273 Γρηγορίῳ
3045 3203 3122 3273 τῷ
3165 3194 3412 3275 Νύσσης,

1854 3285 2003 3352 τέλος
2056 3284 2330 3354 κολάσεως
2394 3292 2777 3360 δογματίζοντι
2808 3335 2822 3354 ,
2862 3295 3218 3368 ἀξιωματικῷ
3273 3301 3413 3365 ὄντι,

1855 3380 2158 3435 καὶταῦτα
2217 3384 2311 3435 καὶ
2360 3382 2463 3436 ύπό
2518 3383 2745 3437 συνόδων
2798 3391 3269 3459 μαρτυρουμένῳο
3321 3395 3415 3447 καὶ

1854 3470 2009 3532 δίκας
2053 3469 2207 3533 αὖθις
2261 3471 2568 3541 ὑφέξομεν,
2600 3473 2683 3526 ὅτι
2737 3476 2811 3545 μὴ
2858 3476 3272 3549 παραιτόύμεθα
3316 3482 3415 3547 μὲν

1855 3560 1952 3623 τὰς
1989 3559 2236 3623 συνόδους
2276 3560 2371 3613 καὶ
2414 3564 2514 3623 τάς
2541 3562 2784 3633 Γραφάς,
2828 3568 3169 3637 προσέχομεν
3201 3570 3258 3621 δὲ
3290 3572 3416 3624 Διο-

1856 3651 2021 3718 νυσίῳ
2051 3651 2130 3720 τῷ
2163 3651 2565 3723 Ἀλεξανδρείας
2588 3655 2680 3707 καὶ
2709 3654 2969 3724 μάρτυρι,
2996 3657 3091 3710 καὶ
3124 3643 3414 3732 Γρηγορίῳ

1854 3743 1932 3812 τῷ
1987 3744 2421 3813 Νεοκαισαρείας
2470 3746 2547 3816 τῷ
2609 3735 2827 3818 μεγάλῳ
2873 3748 3278 3824 θαυματουργῷ
3313 3755 3413 3807 καὶ

1856 3836 2161 3906 διδασκάλῳ
2210 3838 2311 3904 τῆς
2366 3839 2645 3905 πίστεως,
2675 3842 2873 3904 οἵτινες
2911 3843 3134 3911 ἠχοῦσιν
3187 3848 3247 3899 ἐν
3299 3850 3414 3912 τοῖς

1864 3929 2014 3991 ἰδίοις
2071 3930 2249 3998 λόγοις
2299 3931 2549 4004 αἱρετικά
2573 3947 2696 3987 τινα
2723 3935 2967 4003 δόγματα
3007 3938 3111 3990 ὑπὸ
3157 3939 3259 4007 τῆς
3305 3942 3414 3995 τῶν

1857 4018 2030 4084 λόγων
2059 4020 2327 4091 ἀνάγκης,
2376 4022 2559 4084 καθὼς
2603 4022 2801 4085 αὐτοὺς
2844 4024 2873 4076 ό
2905 4025 3085 4093 μέγας
3113 4026 3411 4092 ἐξαιτιᾶται

1860 4108 2157 4171 Ιςασίλειος.
2206 4126 2216 4138 ‘

1930 4202 2037 4253 Καὶ
2085 4201 2448 4268 Λύγουστῖνος
2482 4203 2539 4256 δὲ
2592 4204 2752 4268 αὐτὸς
2790 4206 2920 4274 ἡμῖν
2951 4208 2979 4260 ὀ
3012 4208 3281 4277 μακάριος
3310 4210 3402 4263 τὸν

1860 4293 2105 4345 τοιοῦτον
2134 4294 2469 4362 παραδίδωσι
2507 4296 2708 4348 κανόνα
2761 4297 2964 4363 σαφῶς,
3004 4301 3102 4351 καὶ⁴
3137 4298 3282 4353 οὕτω
3322 4318 3413 4354 κε-

1788 4364 2095 4453 υχρῆσθαι
2143 4384 2512 4451 παραγγέλλει
2572 4388 2684 4448 τοῖς
2733 4386 2899 4440 αὐτοῦ
2942 4388 3038 4442 καὶ
3082 4390 3191 4443 τῶν
3240 4391 3414 4446 ἄλλων

1858 4472 2092 4523 ἑκάστου
2146 4471 2483 4525 διδασκάλων
2559 4479 3007 4547 συγγράμμασιν.
3083 4481 3207 4534 Οὐδ’
3261 4483 3413 4553 αὐτῷ

1861 4561 1991 4630 γοῦν
2043 4564 2347 4633 φανείημεν
2379 4566 2727 4637 Λύγουστίνῳ
2763 4568 2950 4637 βαρεῖς
2980 4572 3070 4626 ἐπὶ
3106 4572 3201 4625 τοῦ
3247 4577 3412 4644 χοροῦ

1861 4654 1969 4708 τῶν
2000 4655 2169 4721 ἀγίων
2196 4656 2253 4707 ὲν
2285 4658 2477 4727 ἐκείνῳ
2510 4658 2587 4726 τῷ
2622 4658 2742 4728 βίῳ,
2775 4662 2932 4730 εἴπερ
2970 4662 3029 4715 ὃν
3059 4665 3190 4733 ἡμῖν
3217 4667 3415 4721 δέδωκε

1862 4747 2064 4799 κανόνα
2095 4746 2390 4816 τηροῦμεν,
2420 4750 2512 4801 καὶ
2540 4749 2697 4803 ταῦθ’
2727 4752 2932 4805 ἕκαστα
2963 4754 3208 4825 δείξομεν
3241 4758 3415 4823 οὕτως

1824 4836 2053 4906 .ἒχοντα
2085 4837 2157 4904 μὴ
2197 4836 2358 4905 μόνον
2404 4840 2517 4901 τοῖς
2574 4839 2634 4903 ἐξ
2682 4842 2838 4911 ἡμῶν
2870 4845 3243 4914 ἀμφιϐόλοις,
3280 4852 3415 4905 ἀλλὰ
3506 4874 3509 4877 π

1864 4926 1959 4976 καὶ
1987 4926 2240 4988 Λατίνοις
2279 4928 2464 4989 αὐτοῖς
2506 4932 2601 4981 καὶ
2637 4932 2801 4983 πᾶσιν
2856 4934 3182 5003 ἀνθρώποις,
3233 4942 3415 4996 καίτοι

1865 5012 2075 5065 καὶτὸν
2114 5014 2478 5081 Λύγουστῖνον
2503 5018 2665 5069 αὑτὸν
2710 5021 2943 5087 συνῳδὸν
2984 5025 3095 5085 τοῖς
3128 5028 3415 5099 ἡμετέροις

1862 5104 2202 5167 διδασκάλοις
2253 5101 2393 5159 εἶναι
2445 5108 2811 5178 πεπείσμεθα.
2868 5113 2935 5165 ’Λ
2973 5115 3029 5168 δὲ
3066 5116 3176 5171 τῶν
3206 5122 3415 5175 ἐκείνου

1867 5195 2050 5265 ῥητῶν
2097 5197 2473 5267 ἐκγράφοντες
2512 5202 2561 5252 οί
2591 5200 2813 5254 Λατῖνοι
2847 5196 3188 5261 δεικνύουσιν
3220 5250 3234 5274 ,
3265 5215 3415 5269 αὐτοὶ

1865 5288 1957 5338 καὶ
1986 5286 2374 5357 ἑκγράφουσιν,
2430 5289 2504 5353 ῶς
2551 5308 2706 5360 φασι,
2750 5296 2845 5348 καὶ
2904 5297 3295 5368 ἑρμηνεύουσιν
3340 5306 3419 5369 ὡς

1864 5378 2019 5446 σφίσι
2064 5379 2353 5447 συμφέρει,
2393 5381 2491 5440 καὶ
2544 5381 2864 5451 ἐξηγοῦνται
2894 5388 3075 5449 καθὼς
3106 5391 3258 5443 αὐτοὶ¹
3294 5394 3419 5464 βού-

1861 5468 2068 5523 λονται..
2103 5469 2198 5533 Τίς
2230 5466 2324 5524 οῦν
2344 5473 2474 5539 ἡμῖν
2504 5472 2655 5526 ἔσται
2679 5478 2814 5545 πρὸς
2842 5478 2931 5529 τὸν
2963 5480 3093 5532 Θεὸν
3125 5483 3414 5554 ἀπολογία,

1864 5562 1933 5613 τά
1970 5561 2071 5629 μὲν
2117 5564 2271 5615 κοινά
2318 5565 2412 5616 καὶ
2447 5567 2649 5634 συνήθη
2686 5574 3137 5638 παραιτουμένοις
3172 5616 3184 5637 ,
3230 5578 3310 5630 ὅτι
3363 5581 3419 5632 δὲ

1864 5658 2087 5721 Λαοῖνος
2113 5657 2243 5727 ἡμῖν
2267 5658 2464 5721 ὁδεῖνα
2498 5662 2795 5732 προσφέρει
2848 5665 2939 5717 τοῦ
2970 5670 3234 5739 μακαρίου
3262 5673 3420 5738 ῥῆσιν
