3978 6332
217 307 335 369 Sil)

1041 308 1136 368 DE
1175 309 1424 409 liEllUS
1467 305 2164 368 FELOPONNESIACIS
2193 236 2477 362 ΟιὶΑΤίί)
2520 303 2598 366 ll.

3379 299 3485 362 ἓῖιο

212 418 423 471 κϐντων
456 419 707 490 πράξεών
739 438 796 473 τε
832 421 925 475 καλ
969 423 1444 494 ἐπιτηδευμάτων.
1484 424 1642 476 Ἔστι
1668 423 1713 477 δ’
1745 423 1804 474 ἐν

1923 437 1971 479 se
2008 421 2341 478 immiscere.
2380 419 2538 490 Atqui
2568 420 2622 472 in
2648 418 2800 473 omni
2836 418 2945 472 fere
2999 419 3219 472 civitate
3249 416 3482 486 primum

211 507 370 562 πόλει
402 510 589 580 σχεδὸν
620 511 808 583 ἀποὶσῃ
846 514 1066 584 πρῶτον
1097 513 1199 585 μὲν
1228 513 1324 568 καὶ
1370 513 1805 582 ἀναγκαιότατον

212 599 391 672 μέρος
428 603 520 656 καὶ
551 603 705 672 γένος
734 609 830 660 καὶ
875 599 1128 660 πλεῖστον
1157 607 1218 660 τὸ
1264 606 1652 678 αὐτουργικδν,
1682 607 1807 660 ὅσον

209 694 487 762 γεωργῶν
511 713 568 748 τε
598 696 690 748 καὶ
720 698 933 766 νομέων
960 697 1056 752 καὶ
1087 699 1422 769 ξυμπάντων
1452 699 1561 753 τῶν
1587 699 1716 761 τοὺς
1745 700 1829 762 ἐκ⁴

209 786 322 852 γῆς
354 787 538 841 αὐτῶν
563 788 634 841 δι’
660 789 842 843 αὐτῶν
887 792 1268 862 ποριζομένων
1299 791 1550 863 καρπούς
1577 807 1589 821 ·
1618 791 1808 861 ἕτερον

206 878 267 932 δὲ
299 879 360 933 τὸ
392 880 604 945 τούτοις
635 881 702 936 αὗ
739 883 838 937 καὶ
867 883 942 954 τῷ
972 883 1118 955 ἄλλῳ
1148 886 1360 949 πόλεως
1394 883 1592 956 πλήθει
1617 884 1807 938 διακο-

206 973 394 1038 νικὸν,
440 975 566 1029 ὅσον
591 975 1062 1048 δημιουργητικὸν
1106 995 1165 1031 τε
1207 979 1302 1031 καὶ
1349 977 1680 1048 ὲμπορκδν,
1714 977 1808 1031 καὶ

207 1065 527 1138 καπηλικὸν
556 1068 746 1138 φῦλον,
800 1069 895 1124 καὶ
926 1072 974 1122 εί
1003 1070 1066 1142 δή
1100 1089 1152 1126 τι
1181 1071 1312 1126 ἀλλο
1353 1071 1568 1134 τούτοις
1596 1071 1808 1142 προσῆ-

209 1174 314 1210 κον
341 1173 356 1189 ⁸
387 1159 741 1231 δημιουργῶν
772 1162 873 1232 μὲν
897 1161 966 1215 τὰ
994 1162 1070 1234 μὴ
1096 1163 1225 1216 ὄντα
1249 1163 1360 1216 τῶν
1391 1166 1600 1220 σκευῶν
1623 1158 1808 1236 ὧνπερ

207 1251 500 1322 ἄνθρωποι
549 1257 605 1320 ἐς
632 1256 724 1309 τὸν
773 1255 888 1327 βίον
920 1257 1152 1321 δέονται,
1187 1259 1244 1320 ὲς
1287 1258 1477 1312 οὐσίαν
1523 1259 1766 1326 ἀγόντων
1791 1276 1805 1290 ⁶

211 1345 487 1415 ἐμπόρων
512 1348 569 1400 δὲ
601 1347 669 1402 τὰ
714 1349 1082 1414 πλεονάζοντά
1111 1366 1170 1402 τε
1202 1349 1297 1404 καὶ
1343 1350 1660 1404 ἐλλείποντα
1690 1353 1810 1415 ταῖς

207 1433 427 1506 χώραις
479 1437 740 1502 ἑκάσταις
788 1438 1135 1493 ἀπισούντων
1178 1443 1246 1512 τῇ
1279 1443 1342 1494 ἐκ
1383 1440 1483 1508 τῆς
1533 1441 1726 1510 ἐτέρας
1753 1442 1808 1504 ἐς

203 1525 312 1598 τὴν
347 1527 544 1598 ἑτέραν
572 1529 939 1601 μετακομιδῇ,
963 1530 1144 1586 αὐτῶν
1166 1533 1222 1596 ἐς
1252 1532 1352 1601 τὴν
1379 1533 1654 1609 διακονίαν
1685 1531 1812 1585 ταύ-

204 1637 312 1688 την
343 1624 797 1676 καταταττόντων
824 1625 1045 1691 αὐτοὺς,
1079 1624 1174 1678 ἆτε
1206 1625 1267 1678 ού
1297 1624 1672 1695 σχολαζόντων
1699 1627 1808 1679 τῶν

206 1709 562 1779 αὖτουργῶν,
613 1712 717 1764 ὑπὸ
764 1713 860 1767 τοῦ
889 1717 1002 1778 τοῖς
1048 1715 1233 1768 αὐτῶν
1275 1716 1571 1784 πράγμασι
1604 1717 1805 1786 προσέ-

1868 525 1963 583 et
2025 515 2266 571 maxime
2307 511 2678 568 necessarium
2725 517 2807 564 est
2865 518 2921 563 ct
2978 507 3482 562 numerosissimnm

1911 605 2245 661 rusticorum
2273 620 2468 676 genus,
2490 601 2854 674 agricolarum
2879 599 3155 661 videlicet,
3174 605 3479 666 pastorum,

1909 695 2112 764 quique
2143 695 2238 749 alii
2285 705 2444 750 terra:
2499 693 2712 747 l‘ructns
2743 689 2982 762 propriis
3021 688 3272 741 manibus
3337 687 3490 742 colli-

1909 799 2061 860 gunt.
2122 788 2370 843 Alterum
2402 795 2486 841 est
2535 785 2793 855 'opiticum
2853 799 3050 853 genus,
3097 789 3486 843 mercatorum,

1911 882 2230 938 institorum
2255 890 2309 936 et
2332 880 2608 939 similium
2629 877 2772 948 quod
2802 877 2994 949 primis
3019 875 3126 929 illis
3152 889 3216 929 ac
3269 873 3491 942 reliqua:

1911 975 2122 1036 civitati
2164 973 2395 1030 inseruit
2421 970 2585 1036 ;dum
2627 971 2850 1041 opifices
2891 968 3116 1040 quidem
3175 965 3492 1036 supellecti-

1912 1069 2018 1124 lem
2062 1068 2318 1124 humaua:
2354 1066 2480 1122 vitm
2519 1063 2886 1139 necessariam
2920 1062 2973 1115 in
3007 1045 3248 1116 medium
3288 1057 3490 1128 prodir~

1910 1171 2063 1226 cunt,
2108 1170 2438 1214 mercatores
2472 1169 2651 1212 autem
2722 1170 2844 1228 quae
2877 1155 3110 1224 singulis
3178 1149 3494 1221 regionibus

1911 1253 1998 1325 vel
2063 1251 2244 1307 desint
2269 1250 2352 1305 vel
2383 1249 2683 1319 supersint,
2711 1248 2777 1303 de.
2810 1263 2917 1302 una
2951 1246 3007 1302 in
3063 1244 3224 1299 aliam
3258 1240 3494 1298 transfe-

1911 1346 2083 1399 rendo
2117 1351 2428 1412 exaequant.
2455 1351 2508 1395 et
2535 1340 2795 1410 quoniam
2828 1337 2916 1391 alii
2950 1335 3064 1391 suis
3088 1341 3352 1403 coguntur
3406 1345 3492 1386 re-

1913 1435 2014 1509 bus
2055 1451 2268 1500 vacare,
2303 1435 2411 1505 ipsi
2467 1434 2608 1489 hanc
2639 1430 2980 1503 provinciam
3014 1429 3343 1498 suspiciunt,
3405 1425 3492 1480 in-

1915 1527 2139 1582 stitores
2163 1528 2398 1596 denique
2436 1528 2502 1580 de
2545 1524 2775 1580 rusticis
2803 1522 3021 1595 quidem
3058 1521 3141 1576 vel
3174 1520 3492 1575 mercatcri-

1917 1623 2020 1678 bus
2056 1631 2246 1677 emunt
2277 1623 2555 1682 universa.
2596 1618 3008 1690 requirentibus
3048 1627 3228 1672 autem
3265 1615 3498 1684 singulis

1915 1713 2357 1788 quandocutique
2396 1724 2448 1769 et
2480 1727 2808 1784 quocunque
2847 1710 3016 1765 velint
3038 1722 3266 1764 nmnero
3297 1706 3496 1768 diven-

203 1817 366 1870 χεινο
427 1803 694 1872 καπήλων
744 1803 820 1870 δὲ,
876 1804 1027 1876 παρά
1086 1805 1187 1873 μὲν
1233 1806 1343 1857 τῶν
1395 1807 1720 1874 αὐτουργῶν
1767 1807 1800 1878 ἡ

1923 1809 2068 1866 .luut,
2137 1804 2386 1860 nonnulli
2448 1805 2614 1858 etiam
2676 1801 2924 1872 corporis
2987 1800 3130 1854 vires
3191 1799 3497 1861 elocantcs.

203 1892 669 1968 τινωνηέμτιόρων
711 1898 884 1970 ἀθρόα
915 1899 1264 1968 ὠνουμένων,
1295 1900 1502 1954 τῶνδὲ
1533 1900 1807 1968 δεομένων

204 1989 468 2053 ἐκᾶστοις
500 1992 591 2042 ἐπὶ
623 1992 722 2059 τῆς
753 1992 969 2062 χρείας,
999 1992 1187 2055 ὁπότε,
1217 1993 1312 2046 καὶ
1339 1993 1553 2046 ὁπόσων
1579 1992 1806 2055 δέοιντο,

1916 1919 2060 1958 nunc
2120 1902 2208 1958 bis
2259 1915 2403 1957 nunc
2463 1899 2568 1956 illis
2604 1898 2971 1954 ministerium
3029 1895 3338 1952 exhibendo
3387 1894 3504 1950 vic-

1921 1995 2104 2049 titant.

204 2083 637 2154 ἀποδιδομένων.
688 2084 808 2138 Εἰσὶ
837 2085 884 2138 δ’
914 2085 963 2138 οἳ
1002 2085 1095 2138 καὶ
1141 2085 1243 2157 τὴν
1288 2081 1380 2139 τοῦ
1439 2087 1690 2156 σώματος
1762 2085 1950 2162 ῥώμην
2012 2089 2390 2160 μισθούμενοι,
2436 2085 2814 2150 διακονοῦντες
2876 2085 3068 2140 ἀλλο-τε
3137 2085 3342 2149 ἄλλοις,
3386 2085 3504 2138 δια-

206 2177 407 2242 ζῶσιν.

288 2271 354 2326 θ’.
403 2271 528 2324 Ἐπὶ
562 2272 619 2326 δὲ
667 2271 881 2336 τούτοις
933 2273 994 2326 τδ
1043 2273 1270 2345 ἀρχικὸν
1307 2275 1493 2343 φῦλον,
1543 2277 1810 2348 σωτήρων

205 2365 268 2419 τέ
302 2382 469 2417 τινων
496 2365 594 2434 τῆς
625 2364 753 2435 ὅλης
788 2365 994 2431 πόλεως
1023 2367 1056 2437 ἢ
1091 2368 1281 2436 γένους
1316 2369 1430 2440 (ιὸ)
1459 2369 1492 2441 ἢ
1521 2371 1699 2438 γενῶν
1743 2369 1812 2424 ἂν

209 2458 360 2514 οὕτω
388 2458 530 2532 τύχῃ
577 2461 672 2513 καὶ
719 2447 1014 2530 φυλάκων·
1063 2455 1140 2514 ὧν
1186 2465 1486 2532 κορυφαῖος
1525 2464 1624 2534 μὲν
1657 2464 1813 2532 βασι-

208 2550 367 2615 λεὺς,
402 2551 435 2622 ἧ
466 2569 550 2616 τις
593 2553 840 2623 ἡγεμὼν,
879 2553 998 2623 μεθ’
1024 2553 1084 2606 ὃν
1113 2554 1263 2608 ἄλλοι
1311 2554 1448 2608 ἄλλα
1476 2555 1812 2626 διειληφότες

210 2645 480 2716 γένουςῆ
530 2647 739 2711 πόλεως
796 2648 959 2717 μέρη,
1004 2647 1367 2710 διασῴζουσιν
1399 2648 1608 2703 ’ἕκαστα
1668 2648 1733 2703 ἀν
1763 2667 1814 2702 τι
1862 2674 1868 2680 ·

218 2739 486 2808 γίγνηται
530 2740 642 2792 τῶν
684 2740 824 2794 κατὰ
859 2741 1080 2808 τρόπον.
1142 2740 1298 2795 Ἐπεὶ
1331 2740 1438 2810 γὰρ
1493 2741 1590 2814 οὐχ
1619 2737 1730 2795 οἷον
1755 2759 1815 2795 τε

216 2833 436 2896 πάντας
464 2832 790 2903 ἀνθρώπους
823 2833 1118 2904 πεισθῆναι
1162 2834 1236 2896 ῶς
1266 2834 1326 2887 τὸ
1363 2835 1478 2887 ἴσον
1508 2834 1614 2906 χρὴ
1647 2833 1813 2904 ἔχειν,

213 2929 316 2982 καὶ
358 2928 435 2998 μὴ
484 2928 855 2996 πλεονεκτεῖν,
909 2928 1050 2999 μηδὲ
1091 2929 1207 2992 τοῖς
1245 2928 1550 3000 ἀλλοτρίοις
1595 2929 1816 2985 ἐπιϐου-

213 3023 403 3077 λεύειν
429 3037 443 3051 ⁸
479 3023 595 3076 ἀλλ’
621 3024 759 3076 εἰσὶν
787 3025 837 3076 οἳ
865 3022 960 3078 τοῦ
988 3024 1310 3095 αὐτουργεῖν
1352 3025 1756 3094 ἀμελήσαντες,
1781 3025 1815 3095 ἦ

213 3135 343 3171 ’.ινα
374 3117 544 3186 ἄλλην
575 3118 682 3170 τῶν
711 3118 766 3181 ἐς
818 3117 913 3170 τὸν
965 3116 1079 3187 βίον
1109 3117 1300 3187 χρείαν
1348 3117 1648 3183 συντελεῖν,
1696 3119 1808 3181 τοῖς

1991 2279 2046 2333 9.
2087 2243 2430 2333 Postremum
2468 2284 2552 2331 est
2601 2273 2911 2344 principum
2947 2287 3140 2342 genus.
3176 2269 3266 2342 qui
3301 2270 3382 2326 vel
3413 2285 3504 2325 ur-

1922 2370 2042 2424 bem
2075 2368 2156 2423 vel
2182 2375 2396 2440 gentem
2428 2376 2593 2422 tutam
2617 2377 2942 2421 conservant
2971 2374 3136 2434 atque
3157 2364 3500 2427 custodiunt,

1920 2475 2154 2530 quorum
2205 2467 2264 2513 ut
2313 2473 2604 2528 supremus
2656 2465 2742 2512 est
2773 2471 2889 2521 rex,
2929 2455 3001 2510 ita
3039 2464 3164 2525 post
3224 2456 3374 2510 illum
3411 2456 3502 2510 alii

1923 2553 2058 2605 alias
2090 2551 2246 2607 urbis
2287 2552 2367 2605 vel
2391 2550 2564 2620 gentis
2594 2551 2771 2606 sortiti
2807 2560 2992 2618 partes
3030 2549 3132 2602 rite.
3153 2557 3501 2605 conservant.

1923 2645 2060 2700 Cum
2106 2644 2254 2699 enim
2293 2645 2397 2700 Ιιοο
2427 2645 2687 2700 omnibus
2715 2643 3029 2714 persuaderi
3057 2653 3312 2714 nequeat,
3337 2643 3504 2710 tequi-

1924 2743 2091 2793 tutem
2120 2737 2329 2809 absque
2368 2737 2566 2807 injuria
2603 2739 2918 2794 sectandum
2953 2752 3094 2800 esse.
3133 2752 3231 2792 nec
3277 2736 3504 2791 tenden-

1921 2831 2019 2887 das
2061 2831 2385 2902 cujusquam
2415 2823 2575 2887 bonis
2632 2832 2861 2886 insidias
2892 2851 2906 2897 ;
2940 2830 3186 2888 nonnulli
3220 2839 3400 2885 autem
3421 2831 3505 2883 vel

1920 2924 2082 2994 primi
2134 2925 2220 2979 vel
2251 2924 2476 2979 secundi
2541 2923 2756 2995 generis
2782 2924 3000 2978 ou-issis
3054 2923 3313 2994 operibus
3363 2921 3503 2981 Suis.

1920 3018 2150 3072 aliorum
2176 3016 2387 3088 inhient
2425 3016 2701 3071 laboribus
2735 3033 2750 3084 ;
2783 3027 2974 3072 contra
2999 3015 3100 3072 bos
3123 3014 3353 3071 instituti
3379 3023 3509 3070 sunt
3573 3074 3578 3078 .

1917 3125 1982 3165 ex
2010 3110 2200 3165 amicis
2230 3109 2683 3180 quidcmjudices
2714 3118 2768 3165 et
2794 3109 2985 3180 reliqui
3023 3109 3290 3179 praefecti,
3311 3124 3376 3163 ex
3403 3107 3480 3162 iui

215 3211 430 3282 ἑτέρων
466 3209 648 3273 πόνοις
677 3209 1022 3278 ἐπιφύονται.
1057 3208 1214 3262 Κατὰ
1240 3209 1304 3279 δὴ
1333 3207 1541 3263 τούτων
1569 3209 1804 3279 ἐτάχθη-

1923 3204 2070 3262 micis
2099 3219 2226 3259 vero
2251 3204 2451 3261 milites
2474 3216 2528 3259 et
2564 3204 2758 3258 horum
2789 3205 2978 3266 duces,
3007 3204 3206 3272 quibus
3232 3217 3356 3257 cum
3388 3211 3507 3255 tan-

216 3319 351 3366 σαν,
385 3301 578 3370 φιλίων
605 3303 703 3370 μὲν
730 3301 1128 3372 νομιζομένων,
1152 3301 1408 3356 δικασταί
1432 3318 1513 3367 τε,
1541 3302 1635 3355 καὶ
1665 3300 1812 3353 ἄλλοι

215 3394 530 3463 ἄρχοντεςο
586 3395 868 3466 πολεμίων
921 3395 1002 3460 δὲ,
1050 3394 1382 3466 στρατιῶταί
1420 3411 1502 3456 τε,
1555 3394 1651 3448 καὶ
1699 3391 1814 3446 ὅσοι

218 3489 490 3558 ἄρχοντες
521 3487 752 3543 τούτων.
803 3484 900 3551 Οἷς
933 3487 1358 3558 ἀσχολουμένοις
1399 3486 1529 3558 περὶ
1569 3484 1669 3558 τὴν
1707 3486 1815 3538 τῶν

215 3581 361 3634 ὅλων
385 3579 659 3652 φυλακὴ-ι,
688 3580 879 3652 ἐπειδὴ
902 3578 1172 3650 ἑτέρωθεν
1195 3578 1302 3633 ἔδει
1331 3580 1443 3635 τῶν
1465 3578 1815 3648 ἐπιτηδείων,

218 3675 387 3742 φόροι
429 3674 581 3754 παρά
619 3673 726 3728 τῶν
774 3673 1097 3744 αύτουργῶν
1133 3671 1370 3741 μάλιστα
1403 3671 1650 3726 ἑκάστων
1697 3673 1818 3727 ἐταο

1920 3313 2078 3368 quam
2101 3299 2330 3370 publica:
2351 3299 2573 3354 intentis
2593 3298 2849 3353 custodize
2873 3297 3091 3352 aliunde
3109 3294 3504 3366 suppeditanda

1919 3401 2099 3447 essent
2168 3393 2497 3459 necessaria,
2563 3392 2764 3448 tributa
2816 3391 3042 3447 rusticis
3084 3391 3138 3444 in
3197 3389 3504 3444 dimensum

1922 3485 2266 3555 publicorum
2312 3486 2598 3553 c‘ustodum
2655 3486 2923 3555 imperata
2971 3494 3130 3548 sunt,
3167 3499 3378 3538 merces
3408 3498 3505 3552 pa-

1922 3577 2056 3632 riter
2112 3585 2166 3632 et
2198 3576 2482 3648 pratmium
2525 3577 2787 3633 custodiae
2809 3577 3012 3642 futura,
3049 3586 3213 3646 atque
3256 3579 3368 3630 l~.a:c
3412 3575 3510 3629 tri-

1930 3674 2188 3729 butorum
2247 3682 2329 3728 est
2365 3672 2548 3743 origo.

215 3771 440 3841 χθησαν
491 3767 780 3839 φέρεσθαι,
827 3767 1044 3838 σίτησις
1094 3770 1209 3831 τοῖς
1242 3768 1445 3830 κοινοῖς
1493 3766 1694 3837 φύλαξι
1729 3771 1826 3819 καὶ
1863 3766 2056 3837 μισθός
2082 3783 2163 3829 τις
2195 3771 2288 3820 καὶ
2318 3767 2435 3836 ἅμα
2464 3767 2634 3838 γέρας
2656 3766 2754 3836 τῆς
2783 3765 3052 3836 φυλακῆς.
3086 3766 3195 3820 Καὶ
3251 3764 3391 3836 αὕτη
3442 3769 3507 3838 δὴ

217 3868 442 3939 γένεσις
481 3868 684 3937 φόρων.

298 3961 354 4018 ι’.
384 3961 569 4028 Τριῶν
602 3960 666 4033 δὴ
708 3960 918 4017 τούτων
944 3962 1114 4016 ὄντων
1141 3965 1220 4017 ἐν·
1247 3961 1396 4015 πόλει
1427 3963 1538 4015 τῶν
1586 3960 1819 4033 πρώτων

219 4055 406 4126 γενῶν
429 4056 574 4109 κατὰ
600 4073 666 4124 γε
695 4055 877 4124 φύσιν,
911 4056 1001 4111 tae
1028 4058 1166 4112 ἄττα
1192 4058 1286 4110 καὶ
1309 4057 1377 4109 τὰ
1404 4055 1817 4126 ἐπιτηδεύματα

221 4151 322 4204 καὶ
346 4149 404 4202 αἱ
437 4148 665 4220 πράξεις
696 4148 966 4210 ἑκάστων,
1001 4149 1095 4202 καὶ
1118 4153 1145 4202 ὁ
1171 4149 1464 4210 σπουδαῖος
1493 4150 1657 4218 νόμος
1689 4152 1820 4202 αὕτ’,

215 4239 376 4294 τοῦθ’
426 4240 590 4306 ὁριεῖ,
646 4239 714 4292 τὰ
745 4238 912 4292 αὐτοῦ
971 4233 1236 4309 πράττειν
1287 4239 1541 4302 ἕκαστον,
1588 4239 1700 4291 καὶ·
1744 4239 1816 4306 μὴ

216 4331 596 4387 ἀπαλλάττειν
625 4330 770 4400 ἄλλῳ
799 4330 947 4402 ἄλλῳ
986 4331 1135 4398 γένει
1167 4331 1505 4400 ἐπιτήδευμα
1535 4331 1631 4383 καὶ
1675 4335 1812 4400 πρᾶ-

220 4425 328 4492 ξιν.
373 4419 583 4478 Αὗτίκα
629 4424 756 4486 τοὺς
812 4423 1082 4494 ἄρχοντας
1125 4423 1293 4493 μηδὲν
1347 4423 1454 4474 τῶν
1489 4423 1815 4477 διακονικῶν

216 4517 574 4588 ἐπιτηδεύειν
598 4534 612 4549 ·
645 4513 1037 4571 ἐναντιώτατον
1068 4515 1176 4584 γάρ
1210 4532 1314 4568 που
1353 4513 1599 4568 διακονία
1629 4517 1771 4586 ἀρχῇ
1803 4533 1816 4546 ο

215 4609 514 4666 διακονικὰ
566 4611 612 4664 δ’
645 4609 1082 4682 ἐπιτηδεύματα,
1138 4607 1276 4663 ἄλλα
1322 4627 1404 4671 τε,
1457 4608 1532 4673 ὡς
1580 4609 1816 4679 ἔφαμεν,

2001 3957 2088 4010 lll.
2132 3953 2268 4010 Cum
2309 3968 2471 4023 porro
2500 3953 2584 4006 via
2628 3954 2742 4006 lucc
2781 3950 2953 4020 prima
2991 3952 3104 4006 sint
3145 3952 3424 4007 hominum
3453 3955 3504 4006 in

1926 4051 2061 4102 urbe
2099 4060 2323 4114 genera,
2352 4045 2571 4114 propria
2607 4044 2855 4112 qmedam
2886 4043 3224 4112 singulorum
3256 4058 3379 4100 esse
3409 4045 3502 4098 de-

1927 4139 2058 4194 bent
2091 4138 2290 4204 ollieia,
2322 4153 2443 4207 qua!
2481 4136 2703 4205 quidem
2739 4137 2907 4204 proba
2947 4137 3032 4191 lex
3058 4137 3214 4191 obire
3236 4152 3509 4207 quemque

1919 4232 2102 4301 jubet,
2160 4246 2260 4284 nec
2317 4230 2458 4283 inter
2513 4245 2572 4283 sc
2629 4228 2990 4284 confundere.
3026 4226 3314 4300 Principes
3344 4232 3508 4300 igitur

1926 4325 2134 4380 nullum
2169 4323 2403 4378 subeant
2431 4322 2819 4384 ministerium,
2859 4322 3306 4391 quandoquidem
3338 4323 3510 4393 impr.»-

1927 4419 2010 4473 rio
2042 4417 2280 4472 maxime
2303 4417 2639 4469 contrarium
2678 4425 2761 4470 est
2791 4414 3128 4470 ministrare.
3162 4413 3304 4470 Sunt
3326 4427 3506 4471 autem

1927 4512 2072 4566 inter
2103 4509 2408 4563 ministeria
2463 4524 2587 4562 eum
2615 4508 2744 4570 alia,
2778 4522 2899 4577 qua:
2937 4510 3338 4570 recensuimus.
3396 4521 3507 4564 tum

1929 4603 2198 4657 institor-ia
2237 4613 2289 4656 et
2334 4609 2662 4654 mercatura.
2712 4603 2781 4654 At
2840 4600 3142 4669 principem
3215 4588 3371 4670 jubet
3427 4602 3507 4656 lex

218 4705 320 4759 καὶ
363 4703 638 4774 ὲμπορεία
687 4719 748 4755 τε
797 4702 896 4755 καὶ
948 4701 1252 4768 καπηλεία.
1291 4691 1553 4770 ¹’Ἄρχοντι
1581 4701 1635 4753 δὲ
1673 4702 1701 4754 ὃ
1757 4719 1820 4769 γε

1933 4708 2038 4747 nou
2074 4701 2440 4746 mercaturam
2485 4706 2586 4744 nec
2617 4689 2944 4744 institoriam
2980 4689 3181 4753 facere,
3230 4706 3331 4746 nec
3363 4693 3507 4746 aliud

217 4796 518 4858 σπουδαῖος
572 4797 736 4862 νῦμος
789 4797 933 4866 ὁριεῖ
986 4794 1061 4865 μὴ
1119 4794 1327 4860 ἐξεῖναι
1384 4793 1814 4864 ἐμπορεύεσθαι,

223 4891 366 4961 μηδὲ
402 4887 764 4960 καπηλεύειν,
799 4887 922 4958 μηδ’
954 4887 1116 4942 ἄλλου
1151 4886 1380 4956 μηδενὸς
1407 4887 1676 4940 ἅπτεσθαι
1707 4887 1818 4939 τῶν

219 4981 620 5050 ἑνελευθέρων.
651 4979 791 5044 Τούς
822 4997 881 5033 τε
910 4980 1251 5050 στρατιώτας
1277 4979 1678 5052 ἀποκεκρίσθαι
1711 4980 1818 5033 τῶν

221 5072 466 5139 ¹πολλῶν,
501 5066 595 5126 καὶ
629 5073 767 5134 ὅλως
812 5071 943 5134 τοὺς
986 5070 1262 5136 σώζοντας
1295 5070 1404 5122 τῶν
1450 5070 1780 5141 σωζομένων
1805 5087 1818 5103 ο

223 5167 328 5222 καὶ
357 5166 484 5228 τοὺς
512 5165 611 5235 μὲν
634 5164 970 5234 ἀφειμένους
997 5163 1200 5226 παντὸς
1228 5164 1394 5232 φόρου
1422 5162 1822 5239 στρατεύεσθαί

219 5277 284 5315 τε
310 5259 409 5313 καὶ
440 5250 890 5328 προκινδυνεύειν
923 5255 1034 5310 τῶν
1078 5255 1311 5319 πολλῶν,
1343 5257 1470 5318 τοὺς
1494 5255 1551 5308 δὲ
1589 5258 1702 5319 τοῖς
1729 5255 1823 5308 αὑ-

135 5354 141 5360 ’
221 5353 342 5408 τῶν
369 5351 764 5422 προσέχοντας.
801 5351 1020 5413 ίκανούς
1069 5367 1127 5404 τε
1172 5349 1231 5413 ἐς
1275 5349 1531 5418 δύναμιν,
1566 5352 1661 5404 καὶ
1703 5351 1822 5421 ἅμα

226 5448 290 5502 οὗ
330 5445 521 5518 βαρεῖς
546 5457 700 5513 τινας
731 5443 921 5514 φέρειν
953 5445 1078 5507 τοὺς
1111 5443 1333 5514 φόρους,
1379 5443 1596 5510 σίτησιν
1626 5445 1738 5498 τοῖς
1765 5461 1822 5496 τε

226 5536 594 5611 ἄρχουσικαὶ
645 5535 995 5608 στρατιωτῶν
1040 5538 1155 5600 τοῖς
1209 5536 1422 5602 λογάστ.
1467 5533 1542 5588 Τὸ
1589 5534 1723 5588 πολὺ
1767 5536 1826 5589 δὲ

231 5634 336 5706 τῆς
373 5631 658 5703 στρατιᾶς,
700 5630 798 5685 καὶ
846 5631 906 5684 τὸ
956 5630 1412 5698 ἀναγκαιοτατον,
1458 5613 1730 5697 quiquae;
1769 5647 1826 5682 τε

1927 4785 2230 4856 quidquam
2267 4800 2374 4840 non
2412 4782 2635 4853 liberale
2688 4791 2943 4838 tractare.
3003 4782 3270 4838 Similiter
3294 4801 3322 4838 τι
3352 4789 3511 4856 vulgo

1926 4889 2288 4934 Seceruautur
2323 4878 2543 4944 milites,
2570 4890 2635 4930 ac
2670 4884 2975 4929 servatores
3009 4889 3037 4928 a
3094 4874 3414 4942 servandis;
3460 4888 3513 4932 et

1929 4977 2004 5032 illi
2042 4972 2262 5043 quidem
2295 4972 2361 5026 ab
2389 4970 2539 5047 omni
2596 4969 2890 5024 collatione
2947 4969 3101 5024 liberi
3136 4969 3390 5036 militent,
3447 4987 3512 5026 ac

1926 5068 2190 5142 populum
2228 5071 2484 5120 tueantur
2515 5080 2529 5121 :
2567 5062 2620 5117 bi
2646 5076 2775 5115 vero
2811 5075 2940 5117 StlaS
2975 5076 3062 5118 res
3091 5073 3314 5132 agentes
3336 5065 3511 5119 idonei

1927 5170 2055 5219 sunt
2081 5157 2362 5231 regnando
2390 5171 2486 5211 nec
2515 5155 2696 5224 gravia
2724 5155 2924 5209 tributa
2960 5155 3261 5227 principum
3296 5167 3348 5212 et
3373 5159 3515 5213 mili-

1931 5255 2079 5310 tibus
2115 5251 2442 5307 nutrimenta
2489 5248 2749 5318 pendunt.
2783 5247 2956 5318 Major
2997 5264 3126 5305 vero
3159 5265 3284 5320 pars
3305 5263 3514 5308 exercl-
3565 5269 3571 5280 ·
3651 5255 3659 5263 “

1933 5355 2019 5399 tus
2056 5351 2112 5398 et
2141 5341 2316 5411 potior
2344 5339 2544 5394 civium
2581 5338 2672 5402 sit,
2704 5354 2767 5418 ac
2795 5340 3254 5405 domesticorum,
3280 5359 3385 5398 non
3419 5362 3513 5415 pe-

1936 5437 2304 5507 regrinorum,
2371 5431 2638 5502 siquidem
2695 5415 2824 5487 raro
2879 5431 3001 5488 lidei
3065 5443 3194 5487 sunt
3245 5438 3515 5506 peregrini

1937 5529 2232 5599 multisque
2268 5524 2670 5581 mutationibus
2704 5525 2976 5580 interdum
3015 5540 3111 5596 pro
3141 5531 3429 5583 scrvatoril
3453 5547 3518 5585 ns

1937 5636 2101 5696 atquc
2133 5618 2458 5677 custodibus
2489 5617 2682 5676 hostes
2711 5620 3013 5686 “sistunt,
3049 5619 3342 5679 domestici
3388 5641 3519 5682 vero

310 5795 424 5864 (-53%)
456 5797 694 5864 Πόλεως
724 5794 755 5862 ἣ
788 5796 1020 5865 γένους.
1087 5795 1202 5851 γιιι.
1242 5795 1376 5853 Plat.
1405 5798 1441 5852 l.
1475 5796 1508 5851 Ὺ
1585 5793 1644 5849 de
1674 5791 1975 5862 Republica.
