3978 6332
159 387 166 396 _
204 312 323 376 ses

1449 306 1553 377 DE
1588 316 2086 379 VIRTUTIBUS.

3346 322 3455 385 870

216 422 467 489 σώζουσα
512 436 569 476 τό
631 424 906 495 προσῆκον
965 425 1114 493 αὖτῷ
1165 426 1380 495 ἑκάστῳ
1436 428 1614 495 ἡμῶν,
1647 429 1774 498 ὅπερ

1887 427 2070 495 qualia
2108 442 2265 481 servo
2298 421 2351 480 et
2384 427 2535 496 operi
2570 442 2697 496 erga
2729 425 3008 479 donnnutn
3059 436 3111 479 et
3158 426 3410 496 opiﬁcem
3441 468 3449 479 .

214 516 399 584 ἐσμὲν.
426 518 561 585 πρὸς
587 517 833 573 ἕκαστον.
882 518 1034 572 Ἐπεὶ
1079 519 1134 571 δὲ
1163 518 1286 571 καθ’
1308 519 1468 571 αὑτὸν
1493 520 1779 590 ἄνθρωπος

208 609 432 685 γέγονεν
460 607 561 659 οὐκ
592 609 721 661 ἄλλο
750 626 802 661 τι
838 608 1073 678 μάλιστα
1106 610 1136 678 ἢ
1171 609 1385 677 λογικόν
1415 627 1464 662 τι
1498 612 1656 676 ζῶον,
1690 612 1784 681 δῆ-

210 699 301 750 λον
320 698 383 768 δὴ
418 700 494 761 ὡς
524 699 723 768 θεωρός
761 717 841 763 τις
890 697 1111 770 οἷόνπερ
1150 704 1207 754 ὲν
1254 702 1585 772 πανηγύρει,
1646 702 1780 773 τῷδε

208 788 287 857 τῷ
319 791 482 842 παντὶ
511 792 783 859 εἰσῆκται,
836 792 1265 865 ἐπισκεψάμενος
1316 796 1395 856 εἰς
1427 794 1659 863 δύναμιν
1690 796 1781 848 καὶ

210 877 502 950 θεωρήσων
558 880 617 951 τι
645 880 703 933 τέ
736 881 854 933 ἐστι
908 882 1017 934 τῶν
1056 881 1222 935 ὄντων
1256 882 1509 950 ἕκαστον,
1574 882 1669 936 καὶ
1700 881 1778 951 πῆ

210 988 341 1025 ποτε
378 974 512 1042 πρὶς
544 971 745 1038 ἄλληλα
782 973 915 1042 ἔχει,
958 975 1051 1026 καὶ
1090 975 1176 1027 διὰ
1206 974 1260 1027 τι
1289 972 1497 1029 ἕκαστα
1530 976 1777 1044 γίγνεται

128 1100 131 1105 .
206 1060 315 1112 τῶν
346 1063 700 1131 γιγνομένων.
735 1062 834 1132 Εἴη
863 1079 921 1114 τε
956 1062 1021 1115 ἂν
1060 1066 1155 1115 καὶ
1190 1062 1346 1117 τοῦτο
1383 1058 1668 1134 φρόνησις,
1717 1064 1778 1119 τὺ

208 1153 394 1206 λοιπὸν
426 1154 520 1206 καὶ
542 1153 871 1208 τελεώτατον
920 1154 1109 1224 μόριον
1152 1148 1376 1224 ἀρετῆς,
1440 1157 1553 1223 ἕξις
1599 1156 1777 1227 ψυχῆς

209 1243 519 1313 θεωρητικὴ
564 1243 672 1297 τῶν
698 1244 889 1309 ὄντων,
910 1238 1057 1318 ᾖπέρ
1088 1248 1235 1299 ἐστιν
1267 1246 1496 1309 ξκαστα.
1530 1246 1682 1303 Εἶναι
1710 1240 1780 1301 τε

207 1334 439 1405 τέτταρα
468 1334 566 1403 μὲν
594 1336 661 1389 τὰ
704 1335 933 1405 μέγιστα
994 1336 1158 1406 μόρια
1226 1336 1447 1407 ἀρετῆς,
1491 1320 1775 1407 σωφροσύ-

208 1444 325 1496 νην,
358 1427 599 1497 ἀνδρίαν,
635 1425 1007 1506 δικαιοσύνην,
1067 1428 1355 1497 φρόνησιν.
1388 1429 1610 1497 Τούτων
1644 1430 1687 1483 δ’
1710 1430 1776 1484 αὖ

208 1519 440 1570 ἑκάστου
467 1517 589 1589 τρια
621 1518 789 1588 μόρια
841 1518 949 1571 δεῖν
982 1515 1141 1584 εἶναι,
1173 1520 1388 1589 πρῶτον
1431 1517 1532 1588 μὲν
1566 1536 1785 1590 σωφροε-

209 1626 400 1679 συνης.

1893 520 1936 570 si
1965 517 2085 584 quis
2118 516 2337 584 inquam
2373 517 2485 571 lianc
2517 516 2591 569 ita
2629 525 2876 584 pr.rstet,
2899 524 3035 580 gtum
3090 514 3217 568 illud
3262 528 3451 568 secum

1892 623 2113 674 munus,
2146 622 2252 676 quo
2289 607 2586 676 unicuique
2614 607 2907 669 obstrictus
2936 606 3314 671 est,tuebitur,
3335 614 3450 659 tum

1893 697 2056 752 Deum
2106 708 2382 771 sequetur,
2436 714 2788 767 perseverans
2851 699 2906 751 in
2966 711 3027 751 ea
3077 698 3309 753 statione
3341 710 3447 764 qua

1888 789 2117 845 collatus
2141 799 2245 855 est,
2269 797 2380 843 tum
2414 790 2467 843 in
2487 791 2691 858 optimo
2713 791 2812 843 erit
2842 800 2986 843 statu
3011 788 3155 852 velut
3199 789 3244 843 is
3271 787 3362 855 qui
3396 785 3448 840 id

1885 882 2027 947 quod
2077 882 2338 949 optimum
2375 893 2460 936 cst
2526 881 2794 947 sequitur.
2845 882 2957 941 Erit
2997 890 3174 934 autem
3212 894 3337 947 pars
3385 891 3451 932 ea

1889 972 2105 1027 virtutis
2133 974 2370 1041 justitia,
2399 990 2519 1043 qua:
2553 972 2770 1027 habitus
2802 972 2969 1026 animi
3008 983 3109 1036 est,
3139 970 3192 1025 id
3226 984 3452 1024 conscr-

1889 1080 2022 1119 vans
2052 1064 2195 1134 quod
2223 1066 2475 1119 convenit
2514 1063 3183 1133 unicuiquenostrumhin
3212 1076 3277 1117 eo
3304 1059 3449 1129 quod

1886 1170 2111 1222 sumus,
2135 1148 2399 1210 relatione
2433 1135 2499 1210 ad
2526 1153 2745 1223 quidvis
2779 1155 2948 1208 aliud.
2974 1154 3108 1208 Cum
3141 1163 3320 1206 autem
3354 1165 3452 1220 per

1886 1250 1951 1303 s‘e
1972 1248 2141 1303 homo
2164 1252 2273 1303 non
2316 1248 2464 1305 aliud
2500 1248 2613 1304 fere
2640 1250 2712 1303 sit
2746 1263 2909 1318 quam
2941 1247 3141 1301 animal
3174 1245 3447 1315 quoddam

1887 1325 2112 1393 ration-is
2134 1326 2421 1409 particeps,
2465 1339 2810 1409 perspicuum
2864 1346 2969 1404 est,
3010 1352 3133 1391 eum
3190 1345 3446 1404 tanquam

1885 1440 2245 1500 spectatorem
2285 1431 2576 1500 quemdam
2615 1431 2669 1483 in
2705 1430 2807 1484 hoc
2852 1430 3168 1485 universum
3199 1426 3345 1480 velut
3386 1424 3443 1478 in

1884 1522 2198 1576 celebritate
2232 1522 2602 1576 introductum
2628 1523 2766 1586 esse,
2804 1530 2862 1575 ut
2893 1517 3204 1575 consideret
3229 1524 3283 1572 et
3318 1530 3449 1570 con-

1884 1615 2174 1682 templetur
2203 1629 2300 1683 pro
2337 1613 2509 1677 virili,
2542 1613 2802 1683 quidnam
2832 1611 2903 1667 sit
2931 1608 3361 1677 unumquidque,
3394 1615 3451 1660 et

207 1719 315 1774 quo
350 1717 504 1775 pacto
546 1721 673 1779 erga
697 1722 754 1763 se
778 1707 1008 1763 invicem
1040 1706 1150 1762 sint
1181 1704 1393 1771 aﬂ'ecta,
1433 1714 1487 1760 et
1543 1719 1706 1775 quam
1760 1705 1830 1759 ob
1880 1719 2097 1758 causam
2128 1704 2349 1769 singula
2391 1722 2510 1774 qum
2543 1708 2821 1773 eveniunt,
2872 1705 3143 1761 accidant.
3177 1703 3250 1758 Ea
3285 1714 3449 1771 porro

209 1803 496 1871 prudentia
555 1802 719 1859 fuerit
768 1802 976 1872 reliqua
1034 1802 1251 1858 virtutis
1296 1818 1417 1872 pars
1456 1810 1511 1857 et
1557 1799 1975 1871 perfecﬁssima,
2014 1814 2133 1867 quae
2187 1808 2269 1854 est
2323 1801 2539 1855 habitus
2592 1802 2784 1865 animi,
2813 1802 2890 1854 ita
2937 1816 3023 1855 res
3066 1798 3445 1859 considerans,

207 1902 370 1963 prout
412 1890 640 1965 q'uaeque
684 1904 834 1952 sunt.
884 1893 1137 1960 Quatuor
1180 1896 1363 1963 itaque
1426 1895 1642 1949 virtutis
1690 1894 1933 1948 maxima:
1968 1902 2146 1960 partes
2191 1901 2317 1945 sunt
2369 1892 2655 1957 modestia,
2690 1882 2973 1957 fortitudo,
3009 1890 3237 1957 iustitia,
3313 1903 3445 1956 pru-

204 1988 407 2047 tientia.
454 1986 664 2043 Rursus
703 1986 1134 2056 unin~cujusqne
1158 1986 1353 2040 barum
1387 1984 1652 2040 virtutum
1684 1994 1793 2038 tres
1849 1998 1967 2037 esse
2000 1993 2183 2052 partes
2233 1998 2454 2038 necesse
2486 1990 2590 2045 est,
2616 1998 2677 2037 ac
2705 1983 2933 2053 primam
2982 1982 3379 2050 temperantiae.

287 2082 443 2136 Ἐπεί
474 2081 590 2134 ἐστι
611 2062 928 2151 σωφροσύνη
961 2079 1258 2149 αὐτάρκεια
1278 2068 1387 2131 τῶν
1411 2078 1546 2148 πρδς
1567 2077 1657 2130 τδν
1677 2077 1774 2147 βίοι

1963 2074 2228 2140 Quoniam
2258 2084 2436 2129 autem
2470 2074 2826 2144 temperantia
2866 2074 2935 2129 in
2993 2074 3155 2143 rebus
3178 2072 3244 2137 ad
3270 2072 3439 2126 vitam

206 2173 542 2239 ἀναγκαίων,
563 2169 727 2242 τριῶν
755 2169 810 2224 δὲ
836 2170 1038 2224 τούτων
1068 2170 1202 2238 πρὸς
1246 2169 1336 2223 τὸν
1375 2168 1487 2238 βίον
1527 2168 1776 2237 δεόμεθα,

207 2264 433 2335 ἡδονῶν,
469 2264 788 2334 χρημάτων,
821 2262 998 2331 δόξηςο
1024 2263 1109 2332 ἐφ’
1131 2260 1344 2341 ἑκάστῳ
1366 2260 1568 2313 τούτων
1597 2260 1678 2330 εἴη
1713 2261 1778 2313 ἄν

141 2340 161 2349 ”
207 2372 260 2408 τι
285 2355 474 2424 μόριον
496 2353 864 2421 σωφροσύνης,
879 2354 1144 2419 φυλάττον
1168 2340 1225 2404 τὸ
1245 2350 1513 2420 αὔταρκες
1534 2351 1623 2403 καὶ
1643 2353 1744 2419 χρή

211 2463 379 2514 σιμον,
398 2445 753 2508 ἑκάστου,ὲώ⁸
776 2445 872 2513 μὲν
896 2444 1102 2514 ἡδοναῖς
1124 2446 1436 2513 κοσμιότης,
1461 2444 1550 2504 ἐπὶ
1568 2443 1623 2495 δὲ
1648 2445 1779 2513 χρή-

212 2552 377 2603 μασιν
406 2534 799 2609 ελευθεριότης,
827 2535 916 2595 ἐπὶ
935 2532 990 2586 δὲ
1024 2532 1149 2604 δόξῃ
1178 2533 1487 2602 μετριότης.
1533 2531 1779 2601 Ἀνδρίας

196 2627 284 2694 δὲ,
307 2626 511 2696 ὁμοίως
530 2625 657 2695 τρια
685 2626 801 2678 ἐστὶ
831 2627 1016 2695 μόρια.
1053 2626 1203 2677 Ἐπεί
1224 2626 1366 2677 ἐστιν
1397 2623 1630 2679 ἀπάθεια
1676 2623 1779 2677 ὑπὸ

207 2718 315 2770 τῶν
349 2718 491 2771 κατὰ
518 2718 747 2787 τδνβίον
773 2717 963 2787 βιαίων
990 2716 1349 2786 παθημάτων,
1366 2746 1370 2755 ι
1390 2718 1594 2769 τούτων
1625 2714 1681 2767 δὲ
1706 2716 1771 2767 τὰ

212 2807 311 2875 μὲν
345 2805 498 2859 αὐτοί
539 2821 641 2859 που
694 2804 970 2859 ἐθελονταὶ
1000 2805 1364 2872 ὑφιστάμεθα,
1406 2804 1670 2872 μειζόνων
1699 2806 1774 2856 εἴ·

208 2914 341 2950 νεκα
372 2896 613 2964 ἀγαθῶν,
652 2895 727 2959 ὡς
751 2898 883 2959 ὅταν¹
907 2899 1099 2958 πόνους
1126 2899 1155 2962 ἦ
1191 2895 1464 2959 κινδύνους
1494 2897 1526 2965 ἦ
1564 2914 1617 2948 τι
1647 2897 1777 2949 ἄλλο

209 2988 640 3059 προσαιρὼμεθα
667 2981 740 3041 ὦν
769 2990 896 3043 ἄνευ
935 2988 1009 3059 μὴ
1056 2984 1168 3041 οἷόν
1201 3007 1261 3041 τε
1299 2991 1385 3058 εἴη
1414 2990 1521 3041 τῶν
1546 2987 1776 3042 δεόντων

208 3097 303 3132 του
338 3082 562 3149 τυχεῖνο
623 3079 690 3132 τὰ
746 3078 792 3131 δ’
822 3078 1044 3131 ἑκούσια
1080 3081 1175 3131 καὶ
1214 3078 1276 3130 οὐ
1325 3079 1777 3149 προσδεχομένοις

208 3168 409 3222 ἔπεισι.
460 3168 680 3221 Τούτων
732 3185 791 3220 τε
846 3168 915 3221 αὖ
949 3168 1015 3221 τὰ
1048 3169 1167 3237 μὲν,
1200 3167 1275 3229 ὡς
1335 3168 1519 3231 ἁπλῶς
1575 3166 1772 3235 εἰπεῖν,

213 3260 368 3328 παρὰ
390 3259 484 3313 τοῦ
533 3260 678 3314 θείου
711 3278 790 3323 τε,
813 3261 913 3314 καὶ
934 3264 991 3312 τό
1028 3261 1147 3313 ὅλον
1176 3259 1334 3313 τοῦτο
1378 3259 1775 3323 διατάττοντος,

207 3347 428 3424 οἷαίπερ
467 3352 523 3404 αἱ
579 3352 907 3422 καλούμεναι
967 3351 1240 3421 ξυμφοραί
1269 3367 1284 3384 ο
1334 3353 1401 3404 τὰ
1442 3351 1486 3404 δ’
1528 3345 1623 3415 αὖ,
1649 3350 1777 3421 παρ’

207 3442 541 3511 ἀνθρώπων,
559 3438 778 3512 οἷαίπερ
802 3444 857 3495 αἱ
897 3443 1025 3513 παρ’
1063 3445 1216 3495 ἐνίων
1248 3444 1382 3511 προς
1410 3444 1557 3512 ἡμᾶς
1587 3443 1777 3495 δυσκο-

207 3533 317 3585 λίαι
350 3549 409 3586 τε
442 3534 537 3586 καὶ
567 3534 901 3604 δυσχέρειαι,
938 3535 987 3593 ει
1033 3536 1135 3587 κᾶν
1169 3536 1261 3586 καὶ
1290 3533 1375 3603 ἐφ’
1415 3534 1630 3605 ἑκάστῳ
1653 3533 1777 3587 τού-

206 3641 313 3676 των
340 3625 478 3678 ἷδ.όν
509 3642 557 3676 τι
598 3625 788 3693 μόριον
818 3624 1041 3693 ἀνδρίας
1085 3624 1257 3687 σῶζον
1287 3625 1348 3677 τὸ
1393 3625 1649 3694 ἀκίνητον
1684 3624 1779 3677 καὶ

206 3713 420 3775 ἁπαθές
446 3713 548 3764 ὑπὸ
593 3712 700 3765 τῶν
731 3713 989 3782 χειρόνων
1021 3713 1288 3777 ἑκάστων,
1338 3714 1656 3783 γενναιότης
1678 3714 1777 3783 μὲν

207 3799 297 3849 ἐπὶ
326 3800 440 3860 τοῖς
467 3799 724 3867 αἱρετοτς,
758 3802 849 3852 ἐπὶ
872 3800 928 3853 δὲ
952 3803 1061 3863 τοῖς
1092 3803 1364 3866 ἑκουσίοις
1420 3803 1625 3872 ἀψυχὶα
1678 3804 1776 3872 μὲν

206 3891 292 3941 ἐπὶ
318 3893 434 3953 τοῖς
466 3890 614 3959 παρὰ
643 3889 734 3943 τοῦ
767 3891 910 3943 θείου
936 3933 952 3956 ,
992 3894 1234 3962 πραότης
1288 3896 1343 3947 δὲ
1382 3896 1476 3950 ὲπὶ
1498 3897 1609 3957 τοῖς
1644 3896 1776 3963 παρ’

206 3977 529 4045 ἀνθρώπων.
566 3978 887 4047 Δικαιοσύνη
920 3979 975 4030 δὲ
998 3981 1118 4032 ἐπεί
1157 3983 1272 4033 ἐστι
1299 3984 1540 4050 σωτηρία
1574 3984 1777 4052 ὁμοίων

165 4130 169 4133 _
206 4070 399 4120 τούτου
424 4068 612 4133 αὐτοῦ,
631 4063 813 4139 ὀὗπέρ
845 4072 1015 4139 ἐσμεν
1042 4071 1176 4141 πρὸς
1200 4071 1234 4125 ἃ
1261 4073 1508 4138 ἕκαστον,
1537 4075 1699 4142 ἐσμὲν
1720 4073 1774 4126 δὲ

204 4160 267 4228 δὴ
297 4159 435 4212 Θεοῦ
477 4159 573 4229 μὲν
599 4159 734 4229 ἔργα
785 4177 844 4212 τε
904 4163 998 4215 καὶ
1034 4163 1315 4231 κτήματα,
1371 4164 1681 4233 ἀνθρώποις
1714 4164 1771 4217 δὲ

206 4250 486 4316 ξυγγενεῖς
507 4266 607 4302 που
625 4254 779 4315 πᾶσι,
813 4250 913 4303 κᾶν
941 4252 1074 4319 πρὸς
1105 4252 1294 4315 ἄλλους
1313 4252 1484 4317 ἄλλως
1508 4271 1621 4314 πως
1643 4255 1775 4323 ἒχω-

207 4358 326 4409 μεν,
386 4340 476 4406 εἴη
509 4342 573 4392 ἂν
604 4344 694 4392 καὶ
744 4341 916 4409 αὐτῆς
946 4342 1161 4409 ὁσιότης
1221 4342 1319 4411 μὲν
1368 4344 1460 4395 ἐπὶ
1489 4346 1600 4405 τοῖς
1635 4346 1774 4412 πρὸς

1891 2168 2215 2223 necessariis
2245 2176 2417 2222 status
2442 2178 2525 2223 est
2553 2168 2730 2237 seipso
2774 2174 3086 2229 contentus,
3142 2165 3314 2220 tribus
3345 2154 3444 2218 au-

1887 2271 1992 2313 tem
2039 2261 2121 2315 liis
2155 2261 2217 2314 ad
2251 2260 2412 2313 vitam
2466 2259 2763 2329 degendam
2799 2272 3041 2327 egemus,
3071 2255 3443 2324 voluptatibus

1885 2351 2158 2411 nimirum,
2194 2350 2360 2419 gloria
2395 2360 2449 2405 et
2483 2349 2735 2419 pecunia,
2765 2349 2819 2403 in
2855 2352 3176 2417 unaquaque
3226 2344 3440 2402 ‘liarum

1884 2458 2061 2495 rerum
2116 2441 2428 2495 necessario
2492 2450 2744 2495 versatur
2812 2441 2991 2508 aliqua
3070 2434 3441 2515 temperantiae

1885 2549 2028 2602 pars.
2099 2548 2220 2602 quae
2277 2541 2492 2586 tueatur
2527 2533 2575 2586 id
2609 2532 2754 2601 quod
2813 2532 2944 2585 satis
2984 2515 3079 2593 sit,
3109 2540 3164 2583 et
3186 2528 3236 2582 id
3291 2527 3437 2596 quod

1884 2620 2016 2676 utile
2062 2621 2115 2673 in
2166 2636 2488 2690 unaquaque
2549 2634 2620 2672 re.
2679 2618 2836 2671 Acin
2869 2616 3236 2684 voluptatibus
3265 2614 3441 2668 nomi-

1880 2720 2039 2765 nrtur
2088 2712 2371 2774 modestia,
2422 2712 2475 2764 in
2535 2711 2761 2779 pecunia
2812 2708 3127 2771 liberalitas,
3192 2705 3438 2773 ingloria

1881 2801 2245 2855 mediocritas.
2310 2801 2665 2855 Fortitudinis
2751 2800 2875 2852 item
2923 2807 3114 2866 partes
3146 2805 3274 2850 sunt
3303 2805 3437 2848 tres.

1877 2889 2011 2944 Nam
2068 2908 2189 2946 cum
2221 2891 2311 2945 illa
2367 2891 2738 2960 tranquillitas
2774 2890 3016 2959 quaedam
3046 2889 3140 2949 sit,
3168 2902 3288 2957 qua:
3313 2884 3441 2939 vitre

1879 2983 2095 3036 casibus
2126 2981 2375 3036 violentis
2409 2997 2511 3035 non
2566 2991 2960 3045 commovetur,
3015 2992 3206 3060 eorum
3255 2985 3436 3033 autem

1881 3089 2107 3128 casuum
2181 3073 2317 3127 alius
2396 3073 2500 3143 ipsi
2586 3054 3041 3125 ultroisubimns
3114 3054 3168 3121 in
3225 3065 3433 3135 appeti-

1881 3164 2026 3218 tione
2111 3165 2376 3231 majorum
2434 3163 2722 3225 bonorum,
2784 3161 2945 3215 veluti
3007 3174 3129 3214 cum
3191 3159 3425 3221 labores,

1880 3248 1983 3309 aut
2031 3256 2303 3325 pericula,
2382 3269 2475 3308 aut
2523 3253 2670 3307 aliud
2729 3251 3007 3321 quidpiam
3076 3249 3430 3318 suscipimus,

1877 3348 1994 3401 sine
2043 3347 2238 3416 quibus
2293 3345 2550 3412 consequi
2611 3358 2720 3397 non
2767 3342 2892 3397 licet
2924 3357 2986 3396 ea
3016 3357 3136 3410 quae
3211 3340 3432 3400 deside-

1881 3453 2084 3500 ramus,
2138 3436 2223 3489 alii
2276 3450 2403 3489 vero
2460 3450 2615 3489 casus
2680 3448 2783 3487 uon
2845 3424 3137 3487 voluntarii
3197 3440 3322 3485 sunt
3380 3440 3435 3484 ct

1881 3529 2023 3581 ultra
2076 3528 2263 3580 etiam
2313 3541 2421 3579 non
2458 3524 2916 3596 exspectantibus,
2986 3522 3310 3585 oﬂernutur,
3341 3535 3437 3575 eo-

1878 3638 2106 3691 rumque
2162 3622 2242 3690 (ut
2311 3622 2542 3675 breviter
2616 3617 2817 3687 dicam)
2876 3615 3030 3671 aliia
3096 3615 3320 3669 numine
3382 3623 3439 3667 ct

1877 3715 2240 3784 gubernatore
2316 3711 2479 3780 bujns
2550 3709 2788 3764 universi
2858 3707 3184 3774 dcpettdeul,
3244 3707 3434 3775 cujus-

1878 3805 2021 3858 modi
2111 3810 2240 3858 sunt
2302 3817 2379 3855 ea:
2459 3816 2582 3871 quae
2654 3800 2993 3853 calamitates
3068 3801 3438 3860 nominantur,

1877 3897 1966 3949 alii
1999 3894 2067 3948 ab
2103 3893 2436 3955 hominibus,
2471 3892 2630 3945 veluti
2690 3890 3183 3955 suntoll‘ensioncs,
3220 3897 3274 3943 ct
3322 3904 3439 3941 mo-

1878 3986 2063 4048 lestiae,
2121 4000 2255 4053 quas
2303 3982 2468 4052 aliqui
2521 3983 2677 4036 nobis
2713 3982 2993 4045 exhibent,
3027 3979 3134 4034 erit
3180 3978 3342 4033 etiam
3380 3978 3434 4031 in

1878 4090 2211 4145 unoquoque
2232 4077 2423 4127 horum
2458 4072 2739 4144 peculiaris
2773 4070 3104 4125 l'ortitttdinis
3133 4085 3281 4139 pars,
3312 4085 3433 4138 quae

1878 4166 1930 4221 id
1962 4177 2207 4236 praestet,
2239 4166 2442 4233 nequis
2498 4174 2834 4217 moveatura
2872 4167 3033 4217 rebus
3065 4163 3332 4225 adversis,
3379 4170 3432 4214 et

1879 4258 2240 4326 perturbetur.
2288 4256 2365 4310 Ac
2412 4254 2746 4323 generositas
2777 4253 2994 4322 quidem
3029 4262 3082 4306 et
3109 4253 3326 4315 iiducia,
3377 4251 3432 4305 in

1880 4349 1945 4402 iis
1980 4344 2103 4416 quae
2151 4347 2321 4402 nostri
2382 4347 2595 4401 arbitrii
2644 4348 2873 4409 sunt,iu
2934 4362 3037 4397 non
3110 4344 3435 4398 voluntariis

204 4431 263 4482 rb
290 4433 453 4494 θεῖον,
493 4432 585 4483 ἐπὶ
621 4433 672 4483 δὲ
712 4434 826 4492 τοῖς
865 4433 998 4501 πρὸς
1052 4434 1367 4501 ἀνθρώπους
1401 4435 1646 4487 πολιτεία
1673 4437 1771 4506 μὲν

1879 4448 2089 4503 autem,
2122 4437 2442 4500 constantia,
2478 4438 2529 4490 in
2594 4436 2661 4491 iis
2682 4451 2802 4505 qua:
2832 4434 3091 4489 divinitus
3126 4434 3379 4487 actidum
3411 4451 3429 4499 ;

206 4524 337 4591 πρὸς
366 4523 437 4574 τὰ
489 4522 663 4585 κοινὰ,
698 4524 999 4593 χρηστότης
1032 4524 1075 4575 δ’
1113 4524 1179 4577 αὖ
1237 4526 1370 4594 πρὶς
1398 4526 1465 4577 τὰ
1503 4526 1768 4578 ἰδιωτικὰ.

203 4611 475 4678 Φρόνησις
494 4610 549 4661 δὲ
578 4610 615 4679 ἠ
656 4613 756 4679 μὲν
798 4612 926 4680 περὶ
976 4613 1042 4664 τὰ
1074 4613 1192 4664 θεῖά
1220 4630 1278 4665 τε
1311 4618 1405 4664 καὶ
1435 4616 1519 4667 ἀεὶ
1551 4614 1700 4679 ὄντα,
1734 4617 1766 4684 ἡ

205 4700 259 4751 δὲ
291 4702 422 4771 περὶ
449 4700 607 4767 φύσιν
630 4718 685 4753 τε
720 4705 813 4753 καὶ
846 4703 915 4754 τὰ
944 4704 1221 4771 γινόμενα,
1250 4706 1282 4771 ἡ
1314 4704 1369 4756 δὲ
1400 4705 1528 4774 περὶ
1554 4707 1771 4775 τὰὴμέ-

204 4794 420 4858 τερὰτε
457 4792 549 4842 καὶ
597 4792 932 4861 ἀνθρώπεια.
959 4793 1108 4845 ”Ωστ’
1158 4794 1244 4862 εἴη
1279 4795 1342 4846 ἂν
1396 4797 1488 4846 καὶ
1536 4797 1704 4863 αὐτῆς
1738 4799 1769 4865 ή

209 4884 303 4952 μὲν
330 4884 463 4951 περὶ
509 4882 678 4935 ταῦτα
726 4884 789 4953 δὴ
830 4884 895 4936 τὰ
950 4884 1281 4952 ἀνθρώπεια,
1340 4886 1613 4951 εὐϐουλία,
1648 4891 1679 4959 ἡ
1713 4890 1769 4941 δὲ

206 4975 335 5043 περὶ
367 4972 553 5039 φύσιν.
595 4974 795 5042 φυσική
819 4988 832 5001 ·
888 4976 920 5041 ἠ
958 4974 1002 5024 δ’
1049 4973 1115 5026 αὖ
1145 4977 1271 5043 περὶ
1320 4978 1387 5030 τὰ
1423 4978 1560 5041 θεῖα,
1587 4978 1768 5031 θεοσέ-

207 5064 348 5128 (ista.
384 5064 448 5115 Αἱ
486 5064 582 5131 μὲν
618 5063 681 5131 δὴ
706 5063 815 5115 τῶν
841 5066 1049 5133 ἀρετῶν
1078 5067 1210 5119 ἰδέαι
1238 5062 1419 5133 αὗται,
1458 5072 1551 5121 καὶ
1580 5070 1771 5122 τοσαῦ-

209 5172 330 5207 ται·
356 5155 476 5207 ἐνὸν
527 5157 625 5225 μὲν
678 5158 767 5208 καὶ
803 5160 880 5219 εἰς
910 5158 1080 5211 πλείω
1132 5177 1188 5212 τε
1228 5162 1319 5212 καὶ
1354 5162 1420 5213 τὰ
1474 5162 1770 5230 μικρότερα

207 5244 420 5304 διελεῖν,
459 5247 713 5313 ἀποχρῶν
737 5246 779 5298 δ’
808 5246 935 5309 ἴσως
963 5248 1053 5300 καὶ
1077 5251 1203 5316 ἄχρι
1225 5251 1517 5303 τοσούτων.
1550 5252 1768 5304 Τούτων

207 5334 261 5385 δὲ
288 5337 429 5403 ἁρχὴ
470 5335 569 5403 μὲν
609 5337 841 5403 μάλιστα
876 5342 993 5398 ταῖς
1044 5340 1226 5401 ἄλλαις
1264 5340 1493 5409 ὅθενπερ
1524 5342 1769 5409 ἀρξάμεο

209 5440 314 5488 vet,
346 5415 442 5476 καὶ
468 5425 574 5476 τῶν
606 5426 805 5478 λοιπῶν
840 5429 1073 5493 ἑκάστην
1130 5431 1259 5497 ῥᾷον
1292 5432 1538 5498 κτήσαιτ’
1570 5436 1633 5484 ἄν
1668 5450 1767 5494 τις,

262 5532 323 5582 γε
356 5518 650 5585 κοσμιότης
681 5519 765 5584 εἴη
783 5520 867 5572 ἄν.
894 5518 1012 5569 Τῶν
1043 5522 1149 5587 γάρ
1174 5537 1275 5571 που
1296 5521 1521 5588 ἡδονῶν,
1548 5521 1601 5572 αἳ
1626 5524 1770 5591 πρῶ-

206 5624 296 5659 τον
344 5610 498 5676 ἡμῶν
534 5613 623 5661 καὶ
655 5613 715 5661 ὲκ
744 5613 861 5662 νέου
908 5612 1251 5678 τυραννοῦσι,
1292 5615 1526 5681 μάλιστα
1567 5616 1772 5684 ἐπιχει-

213 5700 293 5764 ρεῖ
325 5702 544 5768 κρατεῖν
578 5700 713 5769 αὕτη
746 5702 986 5771 ἡάρετὴ,
1015 5702 1294 5773 διελομὲνη
1335 5704 1425 5766 τὰς
1456 5704 1554 5771 μὲν
1604 5706 1767 5773 ἀναγ-

1878 4531 2192 4591 clemcntia,
2222 4529 2275 4582 in
2325 4529 2392 4583 iis
2416 4544 2534 4595 qua:
2591 4529 2657 4582 ab
2730 4527 3041 4582 hominibus
3098 4526 3430 4583 olIcruutur.

1871 4620 2109 4683 Justitia:
2145 4636 2305 4687 porro
2340 4622 2527 4674 eadem
2563 4620 2698 4673 ratio
2739 4628 2840 4684 est,
2900 4634 3018 4684 qua:
3062 4619 3433 4672 conservatrix

1871 4727 1952 4765 est
2004 4713 2121 4781 ejus
2201 4712 2370 4766 nostri
2443 4713 2683 4766 muneris
2753 4727 2861 4779 quo
2935 4726 3057 4764 cum
3107 4724 3434 4779 unoquoque

1876 4818 2259 4871 comparamur
2291 4805 2691 4872 (comparamur
2738 4812 2915 4855 autem
2973 4817 3094 4855 cum
3153 4800 3281 4862 Deo,
3312 4811 3432 4855 tan-

1877 4908 2035 4958 quam
2067 4908 2228 4962 opera
2266 4891 2381 4959 ejus
2422 4902 2469 4945 rt
2500 4894 2896 4961 posschioncs,
2930 4907 3053 4944 cum
3114 4890 3427 4947 hominibus

1872 4995 2074 5049 autem,
2116 4985 2254 5039 sicut
2311 4985 2524 5051 cegnati
2553 4985 2724 5039 simus
2764 4985 3042 5045 omnibus,
3083 4988 3297 5039 tametsi
3324 4987 3426 5040 alia

1875 5075 2044 5129 nostri
2098 5090 2223 5142 erga
2265 5074 2399 5128 alios
2462 5077 2600 5128 ratio
2666 5075 2778 5143 sit).
2815 5075 2930 5128 Erit
2985 5076 3143 5141 igitur
3207 5091 3269 5129 ea
3307 5090 3431 5128 san-

1816 5238 1823 5241 _
1870 5166 2028 5219 ctitas
2054 5164 2106 5216 in
2139 5166 2301 5218 rebus
2332 5164 2569 5229 divinis;
2617 5166 2668 5218 in
2704 5166 2957 5220 ltnnianis
2992 5168 3312 5235 respublica,
3348 5183 3433 5220 ta-

1874 5256 2019 5309 tione
2049 5255 2282 5309 civitatis
2308 5273 2323 5322 ;
2351 5258 2565 5311 bonitas
2596 5269 2794 5319 autem,
2820 5271 3070 5326 reSpectu
3098 5261 3427 5326 pl'iVatorunt

1872 5347 2174 5399 hominum.
2225 5346 2342 5399 .lam
2378 5347 2661 5414 prudentia
2694 5348 2796 5400 alia
2832 5354 3087 5402 versatnr'
3132 5349 3185 5400 in
3221 5351 3418 5404 divinis

1871 5446 1923 5488 et
1954 5436 2254 5503 perpetuis.
2287 5437 2391 5490 alia
2432 5438 2483 5488 in
2518 5445 2707 5488 natura
2739 5445 2791 5488 ct
2831 5436 2895 5488 iis
2946 5452 3066 5504 qua:
3098 5447 3422 5501 nascuntur,

1872 5528 1972 5577 alia
2039 5526 2091 5577 in
2150 5514 2549 5580 rebns'nostris
2578 5536 2632 5577 et
2681 5526 2933 5579 humanis
2964 5541 2977 5588 ;
3012 5512 3236 5592 proinde
3262 5528 3423 5579 etiam

1872 5617 1987 5683 ejus
2031 5616 2189 5669 fuerit
2243 5633 2303 5669 ca
2335 5634 2476 5684 pars,
2522 5619 2823 5687 quaeri-bus
2882 5620 3132 5673 lintnauis
3197 5617 3430 5689 occupa-

1874 5717 1957 5760 tur
2008 5708 2215 5762 consilii
2267 5709 2508 5777 capiendi
2568 5710 2808 5774 solertia,
2886 5727 3005 5774 qu;c
3047 5727 3172 5765 vero
3224 5724 3427 5766 natum
