3982 6332
103 301 212 362 909

776 299 875 359 DE
915 298 1338 360 PLATONICA
1377 300 1471 359 ET
1520 301 2066 363 ARISTOTELJCA
2110 272 2657 363 rntLosorurAJ

3208 308 3311 365 910

101 412 231 465 καθ’
282 410 414 464 αὐτὸ
468 405 606 463 εἶναι
650 410 708 462 τὸ
749 412 999 479 μεριστόν
1043 428 1099 463 τε
1156 407 1652 475 καᾚσκεδαστικδν,

1770 415 1963 471 ibidem
1986 418 2147 470 etiam
2180 420 2231 471 in
2288 418 2472 471 orbem
2528 416 2801 469 vertetur?
2862 429 2929 469 an
2989 431 3112 469 vero
3166 428 3310 473 recta

100 504 193 555 καὶ
228 503 329 555 ὅσα
374 502 438 570 τῇ
478 499 676 569 ἑαυτοῦ
724 502 885 569 φύσει
915 500 1156 555 διαλυτόν
1184 519 1199 569 ;
1238 504 1304 556 τὰ
1334 504 1379 555 δ’
1408 504 1659 574 ἄφθαρτα

104 593 391 663 κάκείνοις
445 594 699 649 δοκοῦντα
755 597 862 649 τῶν
916 597 1183 664 σωμάτων
1234 598 1294 650 οὐ
1356 598 1478 651 καθ’
1517 599 1657 652 αὑτὰ

100 680 357 752 ἄφθαρτα
384 678 524 736 εἶναι
551 683 817 762 δοκοῦσιν,
847 685 983 740 ἀλλὰ
1015 685 1100 739 διὰ
1143 685 1317 756 ψυχῆς
1357 690 1657 759 παρουσίαν

95 771 189 823 ὑπ’
223 772 395 841 αὐτῆς
452 775 666 843 ἐκείνης
734 772 1258 840 ἀπαθανατίζεσθάι.
1296 778 1501 837 Ratio!
1558 782 1659 848 μὲν

97 861 229 931 περὶ
279 862 540 916 Πλάτωνα
586 863 746 917 οὕτω·
781 864 887 918 ἔδει
924 865 981 919 δέ
1032 884 1132 919 που
1167 869 1261 921 καὶ
1287 867 1651 936 Ἀριστοτέλη,

64 947 193 1004 ’ἆτε
231 955 326 1006 καὶ
373 954 533 1007 αὑτὸν
566 955 781 1025 ἔμψυχα
814 956 1040 1010 τοιαῦτα
1078 958 1185 1013 τῶν
1213 959 1478 1027 σωμάτων
1508 958 1654 1012 nos.

97 1060 279 1110 μενον,
313 1046 377 1115 τῇ
408 1044 553 1115 ψυχῇ
582 1045 739 1099 τοῦτο
785 1047 1421 1122 πρεσϐεῖονάπονεῖμαι,
1455 1051 1548 1103 καὶ
1581 1051 1655 1120 μὴ

98 1136 260 1204 σῶμά
299 1154 352 1188 τι
397 1138 518 1190 καθ’
548 1139 680 1192 αὐτὸ
708 1140 986 1211 ἄφθαρτον
1017 1143 1383 1211 καινοποιεῖν.-

1762 506 2061 562 ascendens
2091 509 2156 560 ad
2210 510 2483 576 proprium
2516 506 2695 559 tendet
2748 506 2974 560 locum?
3029 504 3132 560 Sed
3184 508 3307 571 ista,

1763 600 1957 668 inquit,
1992 598 2171 654 omnia
2216 607 2443 667 quatuor
2464 612 2688 668 corpora
2722 612 2843 650 cum
2889 596 2996 649 sint
3018 597 3313 651 secundum

1759 701 1938 758 partes
1979 689 2603 754 dissolutioniobnoxia,
2653 702 2827 757 neque
2856 688 3024 741 ullum
3071 702 3132 740 ex
3179 686 3313 754 ipsis

1757 783 1978 838 omnino
2031 798 2059 837 a
2106 782 2453 853 corruptione
2506 784 2576 837 sit
2624 783 2885 843 immune,
2934 793 3155 834 necesse
3209 778 3315 831 erit
3416 820 3419 821 ν

1761 872 2031 940 quoddam
2061 873 2223 928 etiam
2261 874 2524 927 exsistere
2555 886 2771 936 corpus,
2811 870 2950 941 quod
2982 871 3054 925 sit
3086 882 3312 934 corrup-

1763 963 1925 1017 tionis
1962 979 2187 1032 prorsus
2238 978 2451 1032 expers,
2505 964 2666 1033 idque
2720 964 2896 1032 ipsum
2948 962 3050 1018 erit
3091 961 3310 1015 omium.

1763 1051 1876 1106 Hoc
1915 1067 2041 1106 vero
2071 1051 2350 1113 Platonici
2395 1040 2506 1123 jam
2569 1068 2677 1106 non
2728 1051 2959 1120 amplius
3009 1050 3314 1104 concedunt

1762 1142 2063 1196 Aristoteli.
2106 1142 2313 1215 Negant
2374 1145 2517 1199 enim
2578 1160 2675 1214 per
2726 1157 2807 1207 se,
2867 1156 3074 1209 suaque
3128 1140 3178 1192 vi
3252 1151 3318 1190 ac.

95 1246 293 1290 natura
330 1236 633 1290 immortale
673 1249 794 1291 esse
839 1236 1004 1290 ullum
1029 1251 1250 1307 corpus,
1298 1251 1490 1307 nempe
1513 1249 1658 1305 quoa
1695 1236 1911 1292 videant
1968 1254 2077 1294 non
2147 1252 2305 1307 posse
2358 1238 2551 1293 [ierint
2594 1239 2645 1294 id
2675 1240 2743 1294 sit
2791 1236 3116 1298 immortale,
3169 1230 3313 1302 quod

94 1334 178 1379 est
207 1326 517 1389 dividuum,
572 1325 848 1394 certisque
897 1337 1115 1383 constat
1160 1328 1403 1398 partibus
1454 1342 1661 1396 suaque
1702 1340 1899 1384 natura
1938 1336 2111 1399 potest
2137 1330 2381 1395 dissolvi,
2407 1332 2562 1399 quale
2582 1340 2664 1384 est
2701 1343 2897 1399 corpus
2954 1342 3132 1381 omne.
3186 1325 3317 1391 Qua:

94 1429 229 1468 vero
279 1431 507 1486 corpora
541 1422 643 1490 ipsi
671 1423 1005 1479 arbitrantur
1048 1441 1169 1481 esse
1192 1425 1538 1490 immortalia,
1570 1425 1660 1479 illa
1700 1439 1806 1479 non
1831 1439 1894 1479 ex
1929 1440 2026 1480 sua
2057 1433 2248 1480 natura
2288 1441 2409 1481 esse
2457 1425 2584 1480 talia
2607 1424 2865 1487 sentiunt,
2943 1424 3034 1477 scd
3094 1429 3317 1490 propter

92 1509 294 1565 anima:
328 1517 662 1582 prmsentiam
713 1520 862 1574 reddi
908 1520 1236 1575 immortalia
1289 1522 1638 1578 contendunt.
1680 1521 1950 1589 Atqueilli
1987 1520 2203 1589 quidem
2236 1520 2328 1589 qui
2388 1529 2533 1575 stant
2597 1536 2627 1575 a
2680 1520 2922 1589 partibus
2954 1516 3217 1577 Platonis,
3260 1513 3313 1566 in

92 1619 152 1658 ea
201 1615 334 1659 sunt
381 1612 667 1663 sententia.
728 1609 949 1667 Rectius
992 1623 1173 1669 autem
1262 1613 1479 1672 fecisset
1523 1614 1684 1668 etiam
1764 1613 2108 1683 Aristotcles,
2155 1615 2245 1682 qui
2309 1614 2423 1683 ipse
2493 1628 2707 1682 quoque
2776 1611 3039 1681 ejusmodi
3086 1621 3313 1674 corpora

91 1698 389 1753 constituit
413 1714 534 1755 esse
561 1702 821 1768 animata,
853 1705 915 1757 si
958 1705 1151 1765 anima:
1212 1705 1351 1759 hanc
1396 1704 1766 1772 praestantiam
1792 1706 2139 1775 assignasset,
2171 1714 2225 1758 et
2251 1720 2357 1774 non
2409 1704 2645 1773 corpori,
2704 1718 2804 1758 nec
2867 1704 3039 1771 ipsum
3097 1715 3191 1768 per
3256 1713 3314 1752 se
3384 1764 3389 1769 ς

92 1803 311 1861 suaque
338 1792 390 1845 vi
426 1792 731 1860 immortale
760 1809 902 1851 novo
941 1800 1172 1861 Quodam
1200 1800 1357 1852 modo
1381 1795 1672 1868 finxisset“

358 1936 371 1948 ,
685 1886 931 1940 ΚΕΦΑΛ.
966 1885 1068 1940 lE’.

157 1969 378 2036 Γελοῖος
415 1973 461 2028 δ’
491 1975 606 2028 ἐστὶ
641 1976 734 2029 καὶ
763 1976 874 2040 ζῶα
922 1979 1021 2046 μὲν
1064 1977 1338 2047 τιθέμενος
1364 1979 1430 2032 τὰ
1462 1978 1655 2046 ἄστρου

90 2068 229 2133 φησὶ
276 2067 386 2138 γάρ
413 2083 514 2119 που
548 2068 741 2134 λέγων,
787 2070 975 2139 Ἡμεῖς
1015 2070 1061 2123 δ’
1092 2069 1167 2132 ὡς
1213 2071 1338 2141 περὶ
1367 2068 1654 2133 ζώωναύ-

88 2156 200 2209 τῶν
227 2157 606 2227 διανοούμεθαο
624 2159 814 2212 ἔπειτα
833 2161 1067 2229 ἀκίνητα
1088 2160 1186 2228 μὲν
1211 2160 1347 2213 αὐτὰ
1372 2161 1494 2215 καθ’
1518 2161 1657 2215 αὐτά

88 2248 267 2312 ἀξιῶν
298 2246 462 2317 εἶναι,
497 2252 600 2318 ὑπὸ
646 2250 705 2303 δὲ
746 2253 991 2323 σφαιρῶν
1033 2255 1195 2323 μόνον
1246 2252 1653 2321 ἀνελιττόμενα.

89 2343 238 2395 Τίνα
295 2342 363 2413 δὴ
415 2342 508 2396 καὶ
554 2343 729 2413 ψυχὴν
770 2344 907 2411 αὐτὰ
934 2344 1076 2414 ἔχειν
1106 2342 1348 2410 ἀξιώσει,
1387 2344 1436 2397 εί
1463 2344 1557 2397 τόν
1590 2359 1653 2412 γε

88 2432 520 2502 ᾶπαντα-χρόνον
541 2434 765 2502 ἀκίνητα
786 2433 934 2501 μένει
954 2450 971 2501 ;
994 2434 1061 2489 οὐ,
1080 2434 1184 2503 γὰρ
1207 2433 1270 2503 δὴ
1296 2434 1393 2503 τὴν
1415 2432 1654 2503 ὀστρεώ-

85 2523 172 2593 δη.

2374 1881 2524 1936 CAP.
2572 1878 2686 1935 XV.

1832 1978 2020 2032 Risum
2076 1990 2292 2046 quoque
2361 1975 2516 2028 nobis
2571 1973 2698 2029 facit
2774 1972 3109 2032 Aristoteles,
3169 1970 3312 2038 quod

1728 2079 1902 2123 -aslra
1930 2065 2148 2137 quidem
2197 2066 2446 2121 concedit
2472 2080 2593 2121 esse
2648 2065 2902 2136 animata,
2931 2061 2983 2116 id
3032 2058 3174 2130 quod
3211 2059 3313 2113 ali-

1759 2160 1881 2215 cubi
1910 2158 2167 2224 affirmat,
2190 2157 2376 2213 dicens
2407 2172 2465 2212 se
2487 2156 2674 2212 eodem
2705 2155 2825 2209 loco
2872 2163 3037 2218 astra,
3069 2166 3177 2221 quo
3200 2154 3315 2207 ani-

1760 2252 1919 2305 malia
1948 2252 2184 2305 habere:
2222 2251 2405 2304 eadem
2441 2261 2566 2303 vero
2592 2257 2776 2315 postea
2839 2260 2930 2314 per
2961 2258 3021 2298 se
3041 2256 3161 2298 esse
3214 2241 3317 2299 kn-

1760 2343 1979 2397 mobilia
2049 2342 2345 2406 existimat,
2405 2348 2457 2394 et
2519 2340 2680 2393 motis
2751 2339 3011 2392 duntaxat
3063 2334 3312 2397 orbibus,

1761 2434 1959 2502 quibus
2010 2442 2137 2486 sunt
2193 2432 2379 2498 infixa,
2412 2431 2642 2484 moveri.
2682 2428 2799 2495 Quo
2869 2428 3064 2496 posito,
3108 2438 3313 2492 qureso,

1761 2526 2101 2594 qualemnam
2156 2524 2390 2578 animam
2443 2525 2621 2579 inesse
2673 2524 2804 2592 ipsis
2861 2517 3216 2582 existimabit,
3267 2516 3315 2570 si
3364 2576 3365 2579 η

83 2620 354 2673 nimirum
382 2633 529 2672 omni
569 2626 807 2688 tempore
856 2612 1107 2675 maneant
1133 2620 1429 2675 immobilia
1457 2619 1480 2673 ’ί
1511 2634 1637 2675 num
1678 2634 1794 2674 eam
1824 2619 2091 2684 fortassis,
2122 2620 2337 2686 qualem
2371 2620 2567 2673 ostreis
2637 2629 2691 2672 et
2741 2616 2965 2672 conchis
3022 2612 3318 2667 attribuere

84 2715 337 2769 solemus

265 2808 271 2817 ’
649 2806 919 2861 .ΚΕΦΑΔ.
956 2805 1073 2871 ις’.

154 2895 285 2958 Πῶς
317 2896 373 2949 δὲ
409 2898 504 2950 καὶ
550 2899 578 2950 ὁ
601 2896 750 2967 ἥλιος
784 2898 931 2967 αὐτῷ
958 2898 1018 2948 οὐ
1047 2897 1143 2964 τῆς
1172 2896 1385 2965 φύσεως
1415 2897 1481 2966 τῇ
1520 2895 1650 2964 θερ-

86 2989 287 3056 μότητι
325 2986 659 3057 θερμαίνει,
712 2990 862 3060 ἀλλα
896 2990 963 3057 τῇ
1019 2989 1250 3057 κινήσει,
1298 2988 1395 3055 τῆς
1423 2986 1653 3054 σελήνης

81 3081 143 3131 οὐ
197 3080 603 3149 παραπλησίως·
647 3082 713 3150 τῇ
771 3096 834 3147 γε
892 3080 1104 3148 κινήσει
1135 3075 1555 3149 θερμαινούσης’
1596 3080 1644 3128 εί

83 3171 194 3239 γὰρ
223 3172 322 3222 καὶ
350 3170 527 3240 πολλῷ
556 3173 620 3241 τῇ
668 3172 817 3249 ήλίου
873 3172 904 3239 ἡ
958 3172 1184 3241 σελήνης
1215 3172 1431 3239 κίνησις
1458 3168 1654 3239 βραδυ-

2357 2800 2513 2856 CAP.
2556 2797 2673 2851 XVI

1831 2893 1946 2949 Jam
1974 2908 2099 2947 vero
2130 2892 2292 2946 etiam
2348 2882 2517 2945 solem
2568 2905 2676 2943 non
2716 2900 2950 2945 natura:
2998 2889 3313 2950 calliditate,

1761 2987 1853 3042 sed
1880 2992 2026 3038 motu
2082 2984 2319 3039 calorem
2353 2985 2510 3037 terris
2556 2983 2831 3050 impertire
2852 2983 3106 3046 affirmat,
3130 2982 3313 3035 lunam

1762 3092 1888 3131 vero
1915 3086 2081 3147 negat
2130 3076 2380 3131 similiter
2420 3081 2567 3129 motu
2627 3073 2942 3131 calefacere.
2972 3074 3143 3140 Quam
3186 3088 3313 3125 vero

1761 3170 1866 3222 hoc
1896 3168 2188 3221 absurdum
2218 3165 2346 3221 est?
2399 3164 2618 3219 Etiamsi
2655 3166 2797 3219 enim
2853 3166 2994 3219 lunae
3023 3176 3201 3217 motus
3242 3164 3314 3217 sit

80 3266 251 3334 τέρα,
282 3264 418 3317 ἀλλὰ
450 3264 545 3317 καὶ
577 3264 848 3332 ὲγγυτέρα.
899 3261 966 3317 ἂν
1015 3264 1081 3332 τῇ
1125 3261 1280 3331 ήμῶν
1315 3260 1514 3331 πολλῷ.
1549 3261 1652 3313 Πέ-

1763 3258 1970 3313 tardior
2001 3266 2150 3311 motu
2186 3258 2341 3321 solis,
2378 3258 2492 3325 ipsa
2530 3268 2724 3312 .Iameu
2759 3258 2908 3311 sidus
2959 3265 3039 3310 est
3088 3255 3314 3310 novissi-

84 3372 230 3422 φυκι
262 3357 320 3410 δὲ
367 3356 436 3408 τὰ
485 3355 712 3423 δὺναμίν
742 3371 862 3408 τινα
897 3353 1088 3424 ἔχοντα
1143 3353 1240 3406 τοῦ
1296 3352 1474 3407 ὁτιοῦν
1520 3354 1650 3424 δρᾷν

80 3450 195 3503 τῶν
238 3449 547 3517 σωμάτων,
601 3436 833 3516 ἐγγύθεν
879 3447 1077 3513 μᾶλλον
1118 3445 1250 3500 αὐτὸ
1298 3445 1452 3516 δρᾷν.
1491 3446 1652 3499 Ὥστε

83 3538 180 3589 καὶ
211 3537 420 3606 ταύτην
453 3537 552 3604 τῆς
576 3538 844 3605 κινήσεως
872 3534 1201 3604 βραδύτητα,
1234 3534 1311 3604 τῷ
1347 3535 1521 3603 μείονι
1556 3534 1649 3586 τοῦ

80 3627 483 3696 ἀποστήματος
537 3626 1055 3696 ἀνταναπ).ηροῦσαν
1080 3664 1095 3689 ,
1141 3624 1538 3696 παραπλησίως
1577 3623 1654 3693 τῷ

80 3719 224 3788 ήλίῳ
282 3717 617 3788 θερμαίνειν,
647 3720 695 3771 εί
736 3717 867 3787 δὴή
919 3717 1129 3787 κίνησις
1179 3712 1267 3787 ἦν,
1313 3712 1408 3767 καί
1458 3715 1517 3768 οὐ
1556 3714 1655 3782 τῆς

82 3810 312 3878 φύσεως
359 3810 393 3878 ή
426 3808 695 3878 θερμότης
738 3810 771 3877 ή
828 3806 1211 3875 θερμαίνουσα.
1261 3805 1402 3858 Ἀλλ’
1436 3804 1511 3869 ὡς
1558 3805 1654 3874 μὲν

80 3902 212 3968 είκῆ
247 3899 396 3967 αὐτῷ
429 3899 488 3951 τὸ
520 3899 765 3968 πέμπτον
798 3897 955 3951 τοῦτο
996 3898 1152 3966 σῶμα
1180 3897 1650 3965 κεκαινολόγηται,

78 3989 379 4041 δέδεικται.

684 4247 931 4301 ΚΕΦΑΛ.
974 4245 1071 4300 ιΖ’.

67 4322 82 4331 ν
153 4346 282 4400 Οὐκ
301 4342 540 4411 ἀφεκτέα
570 4340 625 4394 δὲ
651 4339 770 4392 οὐδὲ
812 4343 869 4392 ἐν
898 4342 961 4408 τῇ
986 4340 1189 4408 φυσικῇ
1222 4337 1367 4407 αὐτῷ
1395 4336 1652 4405 ἀκροάσει

78 4436 331 4505 μάλιστα
383 4434 446 4502 δὴ
503 4431 562 4483 οὐ
620 4430 799 4492 καλῶς
827 4431 1031 4482 ἐκείνου
1077 4430 1387 4498 εἰρημένου.
1418 4429 1655 4480 ’Ἄτοπον

70 4528 187 4594 γάρ
219 4538 359 4591 φησι
388 4522 447 4574 τὸ
472 4522 547 4590 μὴ
578 4519 781 4572 οἴεσθαι
809 4519 970 4571 ἕνεκά
998 4517 1091 4571 τού
1109 4537 1162 4571 τι
1188 4519 1455 4587 γίνεσθαι,
1480 4519 1545 4573 ἂν
1578 4520 1653 4589 μή

1758 3365 1926 3413 mum,
1966 3349 2234 3417 terrisque
2286 3348 2792 3403 familiarissimum.
2842 3347 3028 3403 Solent
3069 3362 3199 3401 vero
3246 3362 3308 3400 ea

1755 3454 2002 3515 corpora,
2025 3454 2147 3508 qna:
2175 3440 2425 3493 virtutem
2452 3439 2650 3493 habent
2676 3439 2912 3507 aliquam
2934 3439 3000 3493 ad
3023 3438 3313 3508 agendum,

1755 3532 2000 3600 proxime
2054 3531 2222 3599 nagis
2278 3530 2422 3585 illam
2457 3545 2724 3595 exserere,
2779 3542 2835 3585 ut
2888 3531 2963 3585 ita
3016 3531 3314 3601 oportuerit

1754 3625 1916 3677 etiam
1972 3621 2129 3676 istam
2198 3632 2375 3676 motus
2445 3621 2747 3697 tarditatem
2798 3622 2994 3676 minori
3056 3623 3309 3678 distantia

1756 3714 2119 3783 compensari,
2158 3713 2460 3782 lunamque
2492 3713 2737 3767 similiter
2770 3722 2941 3782 atque,
2966 3714 3129 3768 solem
3174 3716 3315 3769 cale-

1756 3800 1955 3867 facere,
1982 3803 2025 3855 si
2058 3803 2313 3857 nimirum
2350 3818 2437 3856 res
2473 3803 2547 3856 ita
2579 3803 2819 3867 haberet,
2841 3815 2898 3858 ut
2927 3813 3106 3859 motus
3130 3806 3310 3872 petitis

1755 3909 1915 3961 quam
1976 3892 2240 3947 calliditas
2299 3906 2571 3950 astrorum
2620 3896 2850 3950 calorem
2901 3897 3151 3950 efﬁceret.
3210 3898 3313 3950 Sed

1751 3985 1862 4053 jam
1924 3983 2380 4049 demonstratum,
2438 3987 2579 4055 quod
2635 3996 2835 4041 temere
2884 3996 2937 4041 et
3009 3988 3312 4041 inconsulto

1756 4086 1949 4143 printer
1976 4076 2202 4131 aliorum
2234 4076 2564 4145 Opinionem,
2605 4077 2848 4145 quintam
2886 4089 3130 4132 naturam
3174 4080 3311 4133 cmlo

1760 4168 2085 4221 attt-ihucrit.

2350 4262 2501 4315 CAP.
2536 4260 2695 4313 XVII.

1826 4350 2009 4420 Neque
2039 4351 2166 4405 illud
2192 4352 2404 4405 silentio
2436 4351 2708 4417 praeterire
2741 4366 2974 4419 possum,
3007 4357 3146 4422 quod
3172 4356 3307 4409 idem

1762 4443 2082 4498 Aristoteles
2109 4443 2161 4497 in
2190 4443 2420 4496 naturali
2462 4444 2853 4496 auscultatione
2912 4445 3133 4497 omnino
3175 4447 3315 4499 male

1758 4531 1935 4593 docet,
1960 4533 2047 4585 ubi
2089 4532 2380 4585 absurdum
2428 4541 2529 4595 est,
2576 4532 2772 4599 inquit,
2824 4546 2930 4584 non
3000 4533 3313 4585 existimare

70 4618 233 4668 ῐόωσι
276 4612 336 4664 τὸ
365 4611 550 4664 ποιοῦν
581 4611 1031 4679 βουλευσάμενον.
1074 4610 1268 4663 Καίτοι
1302 4613 1395 4663 καί
1428 4614 1459 4680 ἠ
1486 4611 1648 4678 τέχνη

1756 4623 1897 4688 quod
1928 4621 2003 4684 Iit,
2039 4621 2151 4674 licri
2179 4631 2395 4689 propter
2436 4619 2659 4689 aliquid,
2692 4621 2793 4675 nisi
2846 4621 3032 4673 videas
3067 4621 3115 4672 itl
3166 4621 3311 4688 quod

65 4710 127 4760 οὐ
155 4704 502 4778 βουλεύεται,
524 4702 705 4773 φησίν.
728 4704 789 4757 Εί
815 4704 921 4771 γὰρ
953 4700 1021 4773 ἦν
1044 4704 1102 4755 ὲν
1133 4702 1209 4770 τῷ
1233 4702 1372 4771 ξύλῳ
1402 4704 1434 4773 ή
1470 4703 1650 4771 τέχνη,

66 4800 169 4851 οὐκ
225 4795 299 4847 ἂν
323 4794 658 4865 ἐϐουλεύετο,
690 4795 782 4846 καὶ
816 4794 932 4855 πῶς
965 4792 1030 4845 ἂν
1058 4795 1221 4862 τέχνη
1250 4793 1331 4844 ἐτι
1356 4792 1567 4862 ἔμεινεν
1587 4794 1645 4844 οὐ

66 4888 182 4940 τῶν
250 4886 428 4954 ἔργων
483 4885 994 4955 προϐουλευομένη;
1040 4885 1070 4954 ἢ
1123 4884 1174 4934 τί
1206 4880 1331 4936 ἄλλο
1361 4884 1418 4937 τὸ
1455 4884 1650 4953 τέχνην

72 4980 329 5047 μάλιστα
357 4976 637 5041 συνιστῶν,
669 4977 700 5046 ἦ
737 4978 794 5029 τὸ
826 4975 1205 5046 βουλεύεσθαι;
1243 4976 1270 5026 ὃ
1309 4976 1375 5045 ήν
1407 4992 1488 5037 τις
1520 4977 1649 5044 ὀιφέ-

70 5070 229 5123 λοιτο
254 5065 448 5134 αὐτῆς,
474 5065 583 5117 οὐδ’
612 5065 675 5118 ἂν
698 5066 860 5134 τέχνη
884 5067 963 5117 ἔτι
993 5066 1210 5130 μείνειε·
1241 5065 1355 5128 πῶς
1382 5065 1427 5117 δ’
1463 5066 1527 5117 ἂν
1559 5065 1648 5116 καὶ

70 5158 169 5211 ὲπί
202 5173 264 5210 τι
295 5157 445 5218 τέλος
463 5157 637 5208 ὁτιοῦν
670 5157 913 5225 ἐνεχθείη
945 5157 1019 5225 μή
1040 5173 1183 5220 τινος
1212 5157 1302 5208 νοῦ
1331 5156 1494 5209 αὑτοῦ
1521 5174 1649 5226 προσ

71 5250 506 5315 ϐουλευομένου,
536 5248 629 5299 καὶ
655 5247 715 5299 τὸ
738 5248 887 5310 τέλος
917 5250 1088 5301 ἐκεῖνο
1111 5251 1166 5301 ὲν
1199 5249 1371 5317 ἐαυτῷ
1396 5250 1458 5319 δὴ
1490 5249 1649 5317 μάλι-

69 5358 182 5394 στα
218 5335 647 5407 προειληφότοςς
679 5338 741 5388 Εἰ
768 5338 874 5408 γὰρ
907 5339 1002 5390 καὶ
1031 5340 1069 5407 ή.
1088 5341 1246 5407 τέχνη
1280 5340 1527 5408 μιμεῖται
1561 5341 1651 5391 καὶ

68 5432 201 5485 κατ’
256 5428 423 5481 αὑτὸν
480 5430 819 5500 Ἀριστοτέλη
875 5431 972 5497 τὴν
1018 5431 1199 5495 φύσιν,
1240 5431 1298 5482 οὐ
1346 5431 1445 5501 τήν
1489 5431 1664 5505 φύσιν

64 5526 180 5577 ἔδει
209 5523 316 5591 τῆς
342 5522 540 5590 τέχνης
563 5520 988 5585 ὑπολείπεσθαι,
1048 5522 1182 5575 ἀλλά
1214 5526 1274 5574 τὸ
1308 5522 1543 5588 μάλιστα
1588 5522 1649 5592 δή

61 5613 236 5665 τοῦτο
267 5611 367 5680 τήν
401 5612 593 5681 τέχνην
622 5612 903 5675 συνιστῶν,
929 5612 1107 5682 πολλῷ
1133 5613 1395 5684 πρότερον
1421 5614 1518 5682 τὴν
1549 5614 1644 5681 φύ-

62 5722 148 5755 σιν
178 5704 333 5768 ἔχειν
370 5703 462 5756 καὶ
496 5704 931 5772 μεγαλειότερον.
966 5705 1103 5756 Είδέ
1131 5722 1183 5757 τι
1240 5708 1334 5759 καί
1366 5707 1422 5759 ὲν
1451 5706 1516 5776 τῇ
1556 5706 1643 5758 τέ-

1757 4721 1932 4763 movet
1961 4711 2279 4764 ellicienlem
2324 4725 2563 4772 causam,
2591 4710 2823 4775 cmpisse
2875 4710 3183 4764 consilium.
3222 4709 3315 4763 Est

1753 4801 2045 4864 enirn,ait,
2096 4801 2465 4870 perspicuum,
2503 4800 2644 4870 quod
2684 4815 2772 4854 ars
2824 4815 3039 4868 quoque
3092 4814 3314 4852 movens

1753 4907 1814 4946 ea
1839 4908 1958 4961 qua).
1988 4875 2123 4944 ﬁunt
2154 4906 2215 4946 ex
2251 4892 2388 4960 ipsa,
2433 4907 2539 4945 non
2568 4893 2738 4956 capiat
2771 4892 3079 4945 consilium.
3102 4889 3311 4944 Etenim

1734 4985 1796 5051 psi
1847 4997 1989 5039 esset
2048 4985 2101 5036 in
2153 4984 2298 5052 ligno
2351 4999 2462 5049 ars,
2505 4984 2733 5053 exempli
2788 4983 2955 5052 gratia
3009 4982 3311 5035 fabricandi

1758 5091 1939 5141 naves,
1966 5076 2234 5144 quomodo
2275 5085 2357 5129 est
2406 5077 2458 5129 in
2502 5076 2565 5129 iis
2618 5091 2735 5143 quae
2765 5086 2952 5128 natura
3018 5074 3171 5136 fiunt,
3224 5089 3313 5125 nrs

1759 5166 1957 5220 faceret
1977 5165 2224 5219 similiter
2243 5174 2404 5233 atque
2423 5177 2633 5229 natura,
2659 5180 2752 5219 nec
2775 5174 2985 5232 raperet
3006 5164 3311 5217 consilium.

1759 5256 1837 5308 Ad
1863 5271 1980 5323 qua:
2015 5270 2113 5308 nos
2151 5256 2384 5311 breviter
2445 5255 2853 5319 respondemus,
2908 5256 3309 5322 intermgantlo,

1757 5361 1989 5415 quanam
2027 5346 2236 5399 ratione
2281 5362 2369 5399 ars
2421 5347 2645 5415 posthac
2702 5347 2954 5414 appellari
2997 5348 3187 5413 possit,
3229 5362 3311 5409 cn,

1756 5453 1876 5505 qua:
1900 5453 2003 5490 non
2037 5437 2272 5491 consulit
2308 5450 2405 5491 nec
2456 5437 2721 5491 deliberat
2775 5437 2840 5490 de
2879 5437 3181 5504 operibus?
3230 5439 3308 5490 An

1758 5528 1952 5595 aliquid
1989 5528 2132 5581 aliud
2179 5536 2347 5579 artem
2381 5527 2552 5594 magis
2575 5526 2874 5597 constituit,
2921 5540 3084 5594 quam
3113 5542 3307 5593 capere

1756 5620 2043 5674 consilium
2074 5620 2096 5673 ?
2144 5619 2300 5684 Quod
2333 5633 2465 5673 sane
2497 5619 2543 5672 si
2586 5619 2709 5687 quis
2737 5619 2805 5671 ab
2859 5629 2974 5673 arte
3009 5619 3307 5687 exceperit,

1754 5710 1899 5765 nullo
1931 5708 2091 5766 modo
2118 5709 2249 5764 artis
2269 5710 2680 5789 appellationem
2711 5710 2981 5766 retinchit.
3016 5709 3303 5775 Quomodo

2676 5929 2702 5938 κ
