3982 6332
209 331 242 389 ἱ)
257 330 270 388 l
284 332 315 388 3

898 334 994 394 DE
1037 334 1456 396 PLATONICA
1503 335 1598 395 ET
1640 317 2200 396 ARlSTOT-ELIE!‘
2233 327 2781 394 PIIILOSOPHIM

3337 327 3470 394 9H?

191 453 348 512 ἧτταν
410 450 464 502 δὲ
522 449 580 502 τὸ
613 451 932 519 γιγνόμενον
975 454 1064 505 ὑπ’
1090 454 1265 506 αἰτίου
1299 454 1439 515 τινὸς
1501 447 1748 519 γίγνεται

1874 424 2011 500 illud
2041 445 2270 498 alterum
2307 443 2488 497 valere
2520 441 2692 513 magis
2719 453 2882 509 quam
2907 438 3076 508 ipsum
3116 454 3208 509 per
3235 456 3293 495 se
3323 442 3440 493 esi-

198 543 294 595 καὶ
328 543 496 596 κᾶπαν
526 543 584 594 τὴ
646 543 963 612 κινούμενον
1014 545 1118 596 ὑπό
1146 561 1288 607 τινος
1322 546 1496 598 αἰτίου
1560 547 1761 597 κινοῖτο

193 633 282 715 αν.
327 633 386 686 '0
419 631 475 684 δὲ
512 635 688 687 ἐκεῖνο
726 632 982 705 ἀναιρῶν,
1018 637 1161 689 τοῦτ’
1187 636 1424 705 ἔμπεδον
1459 634 1631 687 οίεται
1682 634 1761 687 ἔτι

194 724 376 794 ἐαυτῷ
410 723 648 779 ἔσεσθαι.
687 725 797 779 Καὶ
825 727 886 779 οὐ
933 729 1134 797 συνορᾷ
1186 728 1280 781 καὶ
1332 728 1431 796 τὴν
1489 726 1584 778 τοῦ
1617 726 1761 780 θείου

191 815 374 878 δόξαν,
397 815 585 869 τούτου
617 816 712 869 τοῦ
743 814 1050 887 ἀξιώματος
1079 809 1498 887 ἀναιρουμένου,
1533 803 1775 895 ἀσθενεέ

193 906 395 972 στέραν
422 907 769 975 γιγνομένην.
789 909 947 977 Δῆλοι
979 911 1087 979 γάρ
1114 911 1251 962 εἰσιν
1281 909 1330 962 οἰ
1373 907 1649 979 ἄνθρωποι
1677 908 1764 962 διὰ

191 994 385 1048 τούτου
420 995 514 1049 τοῦ
545 997 856 1068 ἀξιώματος
885 1002 982 1068 τὴν
1009 1002 1231 1071 πρώτην
1265 1003 1358 1055 καὶ
1407 1004 1763 1072 προχειροτά-

187 1102 293 1157 την
313 1085 412 1142 ἶτοῦ
445 1089 590 1146 θείου
617 1091 772 1159 δόξαν
818 1094 1202 1164 λαμϐάνοντες.
1245 1094 1398 1148 Ἐπεὶ
1434 1097 1541 1166 γὰρ
1578 1096 1764 1163 φαίνε-

145 1230 160 1245 ,
187 1194 282 1231 ται
316 1178 462 1233 ἔστιν
489 1181 524 1235 ἃ
577 1182 686 1235 τῶν
737 1185 795 1237 ὲν
823 1184 956 1254 τῷδε
1005 1186 1082 1255 τῷ
1110 1187 1324 1258 οὖρανῷ
1361 1188 1668 1257 γιγνόμενα
1702 1189 1762 1242 οὐ

109 1341 111 1344 ς
157 1269 291 1332 ’τάς
322 1287 383 1337 γε
423 1272 602 1336 αἰτίας
652 1274 893 1344 φανερὰς
942 1274 1156 1344 ἔχοντα,
1219 1279 1269 1331 οἰ
1328 1278 1626 1348 ἄνθρωποι,
1667 1282 1762 1334 are

189 1359 345 1413 ἅπαν
393 1363 715 1432 γιγνόμενον
763 1365 854 1418 ὑπ’
885 1365 1062 1421 αἰτίου
1103 1370 1248 1432 τινὶς
1276 1368 1520 1442 γίνεσθαι
1552 1369 1763 1436 ἀξιοῦν-

105 1488 113 1493 .
186 1466 304 1514 τες,
334 1450 430 1510 επὶ,
451 1450 547 1521 τὴν
578 1451 671 1506 τοῦ
699 1454 842 1508 θείου
861 1455 1016 1520 δόξαν
1033 1458 1411 1527 ἀναφέρονται.
1434 1459 1580 1513 Ἔδει
1609 1459 1652 1512 δ’
1679 1461 1764 1511 ὲν-

185 1538 465 1604 δείξασθαι
512 1545 883 1616 Ἀριστοτέλη,
913 1549 1008 1600 καὶ
1038 1546 1088 1600 τί
1110 1565 1265 1623 ,ποτεΓ
1281 1549 1387 1618 ἄρα
1420 1552 1566 1604 ἐστὶν
1590 1553 1763 1604 ἐκεῖνο

185 1629 412 1684 «alveo
442 1632 616 1686 αἰτίου
643 1634 986 1703 γιγνόμενον,
1018 1636 1114 1690 καὶ
1153 1638 1227 1708 μὴ
1246 1635 1250 1639 ’
1271 1638 1459 1702 ἅπλῶς
1481 1638 1653 1701 οὕτως
1686 1642 1763 1692 εἰ-

1869 535 2227 601 stitnaveriin.
2265 532 2402 588 Cum
2435 535 2590 586 enim.
2611 546 2771 586 omne
2802 530 2946 600 quod
2981 542 3252 599 movetur,
3316 531 3442 605 inde

1867 627 1959 682 liat
1985 627 2100 682 sive
2156 627 2408 693 exsistat,
2472 628 2613 683 unde
2675 629 2851 697 ipsum
2914 634 3160 681 movetur
3218 625 3438 697 (singuli

1865 722 2010 775 enim
2039 729 2231 775 motus
2257 721 2658 791 quodammodo
2691 723 3065 792 producuntur
3092 722 3147 774 in
3173 735 3260 784 eo,
3293 721 3436 790 quod

1865 812 2160 883 movetur),
2187 827 2347 868 omne
2391 821 2568 866 autem
2591 814 2732 881 quod
2758 814 2833 881 lit,
2865 813 2914 866 id
2946 814 3036 867 liat
3071 829 3099 866 a
3137 827 3301 867 causa
3334 813 3436 868 ali-

1865 920 1993 977 qua,
2022 913 2282 974 sequetur
2315 904 2460 969 inde,
2481 904 2623 978 quod
2645 904 2803 959 etiam
2819 920 2978 959 omne
2997 906 3140 972 quod
3167 915 3432 966 movetur,

1865 1002 1932 1054 ab
1959 1001 2145 1067 aliqua
2181 1014 2345 1054 causa
2378 1011 2610 1053 necesse
2641 998 2711 1052 sit
2741 997 2967 1051 moveri.
2997 999 3066 1049 At
3121 996 3435 1066 llle‘posito

1867 1093 1969 1147 hoc
1992 1109 2089 1162 pro
2115 1094 2478 1156 c0nlirmato,-
2529 1092 2834 1160 aliquarum
2863 1090 3071 1146 scilicet
3097 1106 3271 1146 rerum
3300 1107 3434 1146 cau-

1870 1198 1986 1236 sam
2018 1198 2138 1238 esse
2164 1170 2393 1246 nullam,
2442 1183 2797 1238 nihilominus
2843 1188 3023 1236 tamen
3085 1179 3213 1258 illud
3256 1181 3435 1235 adhuc

1867 1273 2084 1328 llrmum
2116 1271 2234 1328 fore
2266 1274 2546 1341 opinatur,
2577 1274 2716 1342 quod
2750 1274 2816 1327 ab
2847 1273 3051 1342 aliquo,
3101 1285 3435 1341 quascunque

1864 1376 2175 1427 moventur.
2204 1365 2408 1419 moveri
2449 1366 2520 1420 sit
2582 1368 2824 1421 n'eeeSse.
2858 1364 2963 1418 Nec
3023 1363 3427 1428 animadvertit,

1865 1455 2010 1533 quod
2042 1457 2257 1520 sublata
2279 1456 2588 1533 aliquarum
2621 1470 2806 1528 rerum
2865 1470 2986 1524 quae
3042 1455 3175 1508 ﬂunt
3242 1469 3428 1517 causa,

1865 1529 2025 1602 etiain
2057 1546 2244 1616 opinio
2273 1529 2397 1615 aue
2417 1529 2660 1605 habetur
2684 1545 2753 1600 de
2782 1545 2888 1600 Deo
2921 1545 3153 1601 debilior
3192 1545 3432 1600 imbecil-

1866 1637 2073 1709 liorque
2101 1638 2224 1705 ﬁat.
2264 1636 2608 1694 Manifestum
2663 1647 2746 1693 est
2795 1638 2960 1701 enim,
3020 1637 3163 1706 quod
3209 1635 3428 1708 quidam

175 1720 333 1774 πεῖν.
380 1721 520 1774 Ἀλλ’
554 1724 671 1792 ἐρεῖ
725 1741 808 1788 τις
850 1724 980 1786 ἴσως
1009 1728 1069 1779 τὸ
1101 1725 1470 1795 βουλεύεσθαι,
1508 1728 1646 1782 οὕτω
1671 1730 1757 1788 καί

1868 1741 2084 1800 propter
2112 1730 2253 1786 hanc
2280 1716 2708 1809 notionem'quaa
2738 1730 2921 1795 habet,
2980 1730 3112 1786 nihil
3163 1732 3280 1786 sine
3333 1745 3426 1786 sua

186 1809 360 1862 αὑτοῦ
403 1812 812 1880 Ἀριστοτέλους
853 1816 921 1866 ’ὲν
950 1816 1228 1884 τοῒςὶπερὶ
1253 1818 1547 1886 ἑρμηνείας
1592 1818 1754 1872 αὑτοῦ

1865 1835 2027 1876 causa
2061 1820 2198 1886 ﬁeri,
2245 1821 2572 1892 praecipuam
2629 1816 2684 1875 et
2725 1820 3154 1890 vulgarissimam
3202 1822 3267 1877 de
3318 1823 3429 1875 Deo

189 1900 416 1970 βιϐλίοις
445 1903 1032 1976 φάσκοντος.⁹ορὦμεν
1055 1905 1162 1976 γὰρ
1194 1908 1269 1971 ὡς
1304 1907 1450 1961 ι¹στιν
1478 1910 1623 1979 ἀρχὴ
1647 1909 1754 1962 τῶν

187 1990 467 2063 ἐσομένων
520 1991 612 2045 καὶ
661 1993 769 2046 ἀπὸ
815 1992 908 2048 τοῦ
969 1993 1318 2064 βουλεύεσθαι
1375 1997 1470 2051 καὶ
1502 1998 1609 2052 ἀπὸ
1660 1997 1753 2052 τοῦ

187 2080 396 2150 πρᾶξαί
425 2099 499 2136 τι.
548 2082 709 2136 Ἀλλὰ
764 2084 864 2138 κάν
895 2085 1071 2158 τούτῳ
1099 2086 1352 2158 ψεύδεται
1402 2089 1715 2160 περιφανῶς
1737 2105 1766 2163 ⁸,

186 2171 249 2225 οὐ
274 2174 382 2243 γὰρ
412 2174 553 2245 ἀρχὴ
580 2176 641 2228 τὸ
672 2170 1023 2246 βουλεύεσθαι
1061 2181 1168 2234 τῶν
1200 2182 1496 2258 ισομένων,
1524 2181 1640 2238 ἀλλ’
1674 2185 1754 2238 αἰ-

185 2279 304 2315 τιον
335 2264 433 2332 μέν
465 2284 568 2318 που
600 2265 746 2320 ἔστιν
774 2262 868 2333 ὧν,
905 2268 1048 2341 ἀρχὴ
1078 2271 1124 2325 δ’
1164 2271 1231 2326 ἂν
1258 2273 1390 2326 αὐτὸ
1418 2274 1480 2328 τὸ
1506 2273 1756 2344 βουλεύε-

186 2355 314 2409 σθαι
339 2359 400 2410 οὐ
427 2362 567 2421 πάνυ
604 2377 708 2423 τοι,
744 2364 1084 2431 φαινομένων
1113 2366 1209 2418 καὶ
1243 2365 1433 2419 τούτου
1471 2367 1753 2438 προτέρων

184 2448 395 2516 αἰτιῶν,
428 2451 533 2502 τῶν
581 2456 1017 2523 περιισταμένων
1043 2457 1188 2529 ἡμᾶς
1221 2461 1583 2530 πραγμάτωνζ
1607 2459 1756 2530 Δῆλα

183 2541 294 2610 γὰρ
321 2542 405 2610 δὴ,
429 2544 509 2596 ὅτι
539 2545 613 2613 μὴ
640 2546 1012 2613 περιστάντων
1039 2547 1186 2618 ἡμᾶς
1210 2551 1561 2620 πραγμάτων
1578 2552 1753 2605 τοιού-

186 2650 297 2686 των
330 2635 514 2700 τινιῖιν,
567 2636 692 2688 οἴων
719 2637 876 2703 δόξαν
913 2640 1046 2712 ἡμῖν
1067 2639 1142 2704 ὡς
1184 2639 1473 2710 βουλευτέα
1505 2643 1593 2714 εἴη
1648 2661 1752 2696 πα-

191 2727 479 2794 ραστῆσαι,
517 2729 626 2781 οὐδ’
658 2729 723 2782 ἂν
754 2730 1206 2802 βουλευσαίμεθα.
1244 2733 1402 2788 Ἀλλὰ
1449 2733 1604 2788 τοῦτο
1653 2735 1753 2803 μὲν

184 2820 335 2884 αὑτῷ
360 2821 618 2877 τοιοῦτον.
659 2824 823 2891 Ἡμῖν
851 2825 906 2878 δὲ
946 2825 1186 2896 δεικτέον
1212 2828 1305 2880 καὶ
1353 2829 1412 2880 ιν
1441 2827 1634 2881 τούτου
1659 2827 1750 2882 τοῦ

182 2909 497 2979 ἀξιώματος
556 2915 621 2984 τῇ
677 2916 950 2985 ἀναιρέσει
1012 2915 1356 2988 Ἀριστοτέλη
1408 2919 1558 2972 οὐδὲν
1591 2913 1751 2992 ἦττον

185 3001 348 3054 αὐτδν
387 3001 476 3069 ὑφ’
507 3001 673 3057 αὐτοῦ
733 3004 1221 3074 περιτρεπόμενον.
1279 3008 1548 3076 Οὐδεμίαν
1601 3011 1752 3077 ἐνέρ-

141 3111 147 3118 ·
184 3109 340 3160 γειαν
366 3095 430 3146 ἐκ
463 3094 740 3164 δυνάμεως
775 3096 1128 3166 μεταϐάλλειν
1180 3099 1555 3172 Ἀριστοτέλης
1579 3102 1744 3165 ἀξιοῖ,
1777 3129 1820 3188 c

190 3184 262 3252 ui)
293 3184 486 3254 ἑτέρας
547 3185 714 3254 αὐτὴν
760 3187 1030 3256 προτέρας
1059 3190 1340 3259 ἐνεργείας
1400 3191 1535 3259 πρὸς
1584 3191 1740 3245 τοῦτο

114 3293 118 3299 ‘
184 3278 564 3347 κεκινηκυίας,
619 3270 709 3332 κάι
739 3279 908 3350 τούτῳ
938 3297 998 3332 τε
1047 3282 1332 3352 χρώμενος
1372 3285 1432 3336 ὲν
1456 3288 1567 3348 τοίς
1613 3291 1744 3356 περὶ

186 3368 356 3421 ἀϊδίου
391 3370 651 3439 κινήσεως
682 3370 859 3439 λόγοις
889 3369 963 3440 τῷ
989 3371 1254 3441 ἀξιώματι
1287 3377 1377 3426 καὶ
1401 3375 1632 3446 θατέρῳ.
1664 3380 1740 3448 τῷ

185 3457 332 3512 ἁπαν
372 3459 543 3514 αἴτιον
598 3459 809 3530 ἀνάγκη
870 3460 1000 3530 δρᾷν
1049 3461 1076 3514 ὅ
1109 3478 1159 3513 τι
1199 3465 1266 3518 ἂν
1315 3465 1460 3536 δρῴη
1489 3465 1753 3535 ἀξιοῦντι,

185 3551 285 3618 τὴν
306 3549 470 3620 ἁῖδιογ
493 3549 706 3617 κίνησιν
729 3553 1108 3620 συμπεραίνει.
1164 3554 1370 3609 Οὐκοῦν
1404 3559 1455 3612 εἰ
1478 3573 1530 3610 τι
1557 3538 1786 3626 γίγνου-1

187 3660 246 3694 το
283 3642 391 3694 τῶν
421 3635 752 3710 γιγνομὲνων
809 3645 873 3697 ὲκ
921 3643 1201 3713 δυνάμεώς
1250 3663 1354 3699 που
1391 3651 1449 3711 ἐς
1477 3650 1757 3719 ἐνέργειαν

189 3731 500 3805 μεταϐαλεῖ,
551 3739 630 3799 εἰς
680 3735 748 3806 ην
794 3736 979 3790 οὔποτ’
1042 3738 1109 3791 ἂν
1159 3741 1506 3809 μεταϐάλλοι,
1551 3743 1625 3814 μὴ
1661 3743 1757 3814 οὐχ

188 3828 380 3900 ἑτέρας
413 3827 684 3897 προτέρας
739 3828 1017 3899 ἐνεργείας
1048 3829 1250 3900 ταύτην
1280 3832 1428 3902 αὑτῷ
1460 3832 1559 3903 τὴν
1585 3852 1755 3904 μετα-

187 3918 349 3989 σολὴν
382 3918 866 3990 ἀπειργασμένηςέ
894 3920 926 3990 ἡ
953 3919 1016 3991 δὴ
1060 3921 1153 3973 καὶ
1195 3921 1292 3991 τῆς
1315 3924 1582 3989 γενέσεως
1605 3923 1754 3995 αυτῷ

187 4013 535 4066 ἔσταιαίτία.
585 4012 695 4065 Καὶ
726 4009 866 4065 οὕτω
906 4000 1180 4067 οὖδοτιοῧν
1234 4014 1301 4068 ἂν
1340 4015 1548 4083 γένοιτο
1583 4017 1755 4070 αἰτίου

186 4103 377 4172 χωρίς.
406 4105 514 4156 Καὶ
549 4103 705 4170 δῆλός
744 4105 888 4157 ἐστιν
919 4103 1290 4174 Ἀριστοτέλης
1333 4106 1388 4157 ιν
1409 4108 1475 4176 τῇ
1510 4107 1579 4158 τὰ
1620 4110 1758 4175 μετὰ

184 4195 255 4247 τὰ
279 4193 483 4261 φυσικά
509 4194 655 4264 αὐτῷ
702 4197 1053 4266 πραγματείᾳ
1089 4197 1189 4258 τὰς
1243 4195 1442 4275 πολλὰς
1496 4197 1603 4251 τῶν
1633 4199 1758 4253 ἑαυ-

1850 1912 2188 1987 ηεεηιεηιὶαιη
2243 1912 2663 1981 amplectantur.
2715 1911 2849 1967 Nam
2913 1913 3132 1982 quando
3179 1913 3430 1969 videntur

1862 2003 2065 2071 aliqua,
2093 2017 2213 2072 qua;
2238 2002 2372 2057 ﬁunt
2407 2003 2460 2058 in
2493 2002 2599 2060 hoc
2631 2005 2853 2070 mundo,
2886 2020 3058 2074 eaque
3112 2006 3431 2062 manifestas

1863 2110 1970 2151 non
2002 2094 2434 2159 habentcausas,
2469 2105 2582 2150 tum
2614 2097 2880 2158 homines,
2934 2096 3025 2166 qui
3067 2110 3232 2151 omne
3281 2081 3429 2166 quod

1862 2187 1944 2248 lit.
1964 2187 2030 2241 ab
2060 2187 2244 2256 aliqua
2289 2201 2455 2242 causa
2518 2187 2633 2243 ﬂeri
2686 2197 3022 2271 compertum
3074 2187 3298 2252 habent,
3362 2186 3429 2242 ad
3527 2238 3533 2244 .

1815 2286 2067 2334 .naturaa
2124 2277 2324 2332 divinae
2381 2278 2750 2350 cognitionem
2809 2277 3077 2333 feruntur.
3135 2277 3433 2347 Oportebat

1862 2379 2045 2426 autem
2097 2367 2497 2434 demonstrare,
2538 2384 2583 2424 ob
2625 2369 2966 2430 Aristoteles,
3017 2369 3304 2440 qualenam
3361 2371 3432 2425 sit

1865 2459 2012 2525 illud,
2036 2462 2181 2527 quod
2207 2459 2326 2515 sine
2356 2475 2522 2515 causa
2551 2460 2724 2526 ﬁeret,
2752 2475 2930 2530 neque
2985 2461 3065 2515 ita-
3112 2461 3429 2530 simpliciter

1860 2568 1970 2608 rem
1996 2553 2282 2607 allirmare.
2309 2553 2376 2606 At
2405 2553 2548 2606 dicet
2577 2551 2805 2607 fortasse
2832 2552 3031 2618 aliquis
3066 2552 3406 2606 deliberatio—

1859 2661 1981 2700 nem
2008 2659 2128 2700 esse
2164 2659 2228 2698 ex
2259 2658 2324 2697 eo
2348 2658 2563 2714 genere,
2592 2644 2644 2697 id
2679 2645 2839 2713 quod-
2874 2645 2988 2712 ipse
3029 2641 3346 2699 Aristoteles
3374 2643 3425 2696 in

1860 2738 2012 2793 libris
2036 2737 2104 2791 de
2142 2734 2587 2806 interpretatione
2636 2735 2843 2789 videtur
2914 2735 3114 2790 dicere.
3168 2734 3428 2789 Videmus

1859 2845 2114 2901 namque,
2145 2829 2236 2896 ait,
2269 2827 2592 2898 principium
2624 2825 2928 2881 futurorum
2953 2841 3073 2880 cum
3109 2841 3135 2880 a
3159 2808 3427 2879 delibera-

1861 2924 2025 2984 tione,
2089 2930 2201 2976 tum
2237 2920 2304 2974 ab
2357 2919 2568 2974 actione
2620 2917 2734 2987 ipsa
2790 2917 3073 2972 exsistere.
3132 2915 3236 2971 Sed
3288 2916 3339 2969 in
3363 2930 3428 2968 eo

1860 3012 2017 3079 plane
2045 3016 2209 3064 errat.
2239 3007 2424 3076 Neque
2453 3005 2598 3060 enim
2632 3006 2953 3060 deliberatio
2983 3013 3066 3061 est
3094 3005 3422 3076 principium

1859 3102 2186 3168 futurorum,
2219 3098 2429 3153 tametsi
2453 3097 2745 3167 aliquando
2774 3098 2843 3152 sit
2870 3112 3055 3154 causa.
3086 3096 3217 3166 Ejus
3242 3106 3423 3174 autem

1859 3195 1960 3262 rei,
1993 3195 2059 3249 de
2087 3208 2192 3263 qua
2244 3191 2546 3246 deliberant
2608 3189 2876 3253 homines,
2937 3190 3051 3258 ipsa
3108 3191 3422 3257 neutiquam

1859 3285 2187 3360 principium
2221 3293 2304 3340 est
2335 3282 2672 3346 deliberatio,
2702 3281 3136 3350 quandoquidem
3201 3281 3428 3350 hujusce

1859 3380 2032 3450 ipsius
2059 3378 2176 3432 aliae
2203 3383 2465 3446 apparent
2524 3374 2733 3443 priores
2757 3383 2809 3428 et
2843 3373 3178 3443 antiquiores
3226 3386 3421 3431 causas.

1858 3487 1921 3527 ea
1947 3468 2194 3524 videlicet
2220 3474 2340 3537 quae
2368 3480 2466 3519 nos
2507 3465 2875 3518 circumstant
2906 3461 3139 3530 negotia.
3169 3459 3226 3514 Id
3283 3462 3426 3529 quod

1837 3546 1984 3617 inde
2010 3559 2219 3629 liquido
2248 3567 2413 3629 patet,
2438 3554 2705 3625 siquidem
2730 3555 2834 3607 nisi
2866 3567 2964 3607 nos
2985 3555 3163 3621 aliqua
3192 3553 3428 3606 circum-

1860 3659 2004 3706 stent
2052 3650 2286 3718 negotia,
2344 3648 2408 3702 de
2460 3647 2659 3715 quibus
2718 3643 3134 3699 consultandum
3197 3643 3427 3704 videtur,

1858 3757 1956 3796 nos
1979 3755 2255 3809 nunquam
2310 3737 2656 3793 deliberaturi
2707 3751 2972 3792 essemus.
3031 3734 3134 3789 Sed
3182 3742 3427 3789 transea-

1860 3848 2001 3898 mus,
2027 3825 2237 3902 ipsique
2287 3829 2565 3882 Aristoteli
2627 3830 2728 3882 hoc
2782 3827 2976 3896 dogma
3026 3826 3423 3896 relinquamus.

1856 3923 1975 3980 1am
2000 3939 2128 3977 vero
2157 3922 2368 3976 sublato
2403 3923 2503 3974 hoc
2562 3921 2836 3973 axiomatc
2890 3934 2904 3973 :
2947 3919 3189 3972 omnium
3245 3932 3424 3970 rerum

1858 4033 1980 4074 esse
2030 4018 2265 4086 aliquam
2347 4029 2595 4074 causam,
2670 4012 3010 4066 Aristotelem
3070 4010 3424 4064 nihilominus

1859 4109 2076 4178 sibiipsi
2131 4121 2252 4162 esse
2305 4105 2636 4158 contrarium
2699 4103 3067 4157 ostendemus.
3128 4101 3275 4156 Nihil
3337 4101 3426 4156 ille

1859 4202 2236 4258 arbitraturex
2297 4196 2544 4266 potentia
2605 4196 2657 4248 in
2719 4203 2895 4248 actum
2946 4207 3250 4262 erumpere,
3319 4192 3424 4247 nisi

185 4285 280 4339 τοῦ
343 4284 597 4355 ἀμαθιῶν
626 4287 1008 4356 συμφορήσας,
1063 4287 1221 4342 τοῦτό
1273 4305 1375 4343 που
1424 4291 1756 4358 φαυλότατον

1862 4296 2000 4350 alius
2028 4293 2245 4362 quidem
2283 4289 2568 4346 antecedat
2595 4296 2768 4351 actus,
2806 4287 2897 4356 qui
2934 4287 3183 4340 latentem
3239 4286 3426 4348 occul-

190 4377 413 4437 πάντων
446 4403 467 4436 ε
479 4383 701 4452 ἰρηκῶς.

1863 4400 1911 4443 ta
1927 4403 2089 4456 mque
2111 4386 2256 4440 illam
2281 4384 2389 4438 vim
2426 4385 2536 4437 sive
2570 4380 2866 4450 potentiam
2898 4377 3248 4433 ad‘aﬂ'ectum
3311 4379 3426 4434 sive

185 4496 366 4535 acmm
394 4481 655 4550 impellat,
685 4492 737 4534 et
765 4485 1095 4550 promoveat.
1129 4479 1240 4536 Hoc
1306 4483 1483 4552 ipsum
1523 4481 1737 4537 axioma
1791 4483 1846 4537 in
1887 4483 2256 4551 disputatione
2323 4478 2388 4533 de
2420 4477 2749 4547 sempiterno
2820 4486 2968 4529 motu
3024 4487 3313 4542 usurpans,
3371 4477 3426 4528 et

186 4581 414 4635 alterum
446 4578 598 4643 illud,
653 4594 867 4632 omnem
923 4594 1141 4635 causam
1205 4579 1517 4634 necessario
1600 4594 1782 4645 agere,
1828 4581 1915 4634 'id
1975 4578 2121 4649 quod
2194 4576 2324 4646 agit,
2388 4559 2872 4645 sempiternitatem
2950 4582 3129 4630 motus
3195 4581 3426 4627 conatur

181 4679 580 4734 demonstrare.
609 4675 843 4730 Proinde
879 4676 922 4730 si
949 4676 1076 4745 quid
1107 4676 1291 4737 tiatex
1328 4676 1394 4730 iis
1418 4690 1539 4746 qua:
1589 4675 1746 4739 ﬁunt,
1788 4676 1841 4730 id
1873 4675 2048 4746 ipsum
2074 4690 2138 4729 ex
2166 4673 2402 4743 potentia
2438 4673 2489 4726 in
2514 4671 2688 4726 lucem
2723 4669 2947 4738 produci
3015 4683 3236 4724 necesse
3299 4667 3424 4732 crit,

185 4770 237 4824 in
259 4785 421 4838 quam
449 4783 611 4838 porro
649 4785 919 4838 nunquam
951 4770 1302 4839 producetur,
1331 4770 1434 4824 nisi
1460 4769 1600 4825 alius
1627 4771 1845 4840 quidam
1878 4771 2162 4825 antecedat
2190 4779 2367 4832 actus,
2427 4767 2520 4836 qui
2577 4765 2732 4818 talem
2789 4764 3145 4818 mutationem
3209 4763 3422 4819 elﬁciatt

185 4860 355 4927 Quem
390 4862 576 4929 utique
630 4862 787 4914 etiam
838 4862 1204 4931 generationis
1243 4858 1618 4933 cujuscunque
1675 4865 1749 4917 rei
1792 4872 2066 4925 auctorem
2099 4871 2152 4917 et
2185 4875 2404 4917 causam
2471 4856 2728 4914 constitui
2796 4863 3030 4922 oportet.
3095 4858 3271 4926 Atque
3324 4859 3425 4912 hoe

189 4956 347 5009 modo
378 4954 509 5006 nihil
541 4961 778 5022 unquam
818 4952 1144 5018 invenietur,
1202 4956 1346 5026 quod
1414 4957 1530 5011 sine
1574 4971 1737 5011 causa
1779 4957 1892 5012 lieri
1953 4957 2059 5011 dici
2133 4955 2326 5023 possit.
2364 4952 2576 5019 Quibus
2615 4952 3000 5009 demonstratis
3027 4961 3252 5022 apparet
3314 4954 3426 5008 evi-

186 5045 502 5100 dentissime
530 5045 869 5108 Aristotelem
895 5047 944 5100 in
970 5062 1034 5100 eo
1057 5056 1240 5118 opere,
1269 5051 1411 5117 quod
1440 5049 1506 5103 de
1529 5050 1592 5104 iis
1621 5065 1744 5117 quae
1785 5065 1872 5105 res
1908 5050 2160 5119 physicas
2189 5056 2607 5118 consequuntur
2631 5046 2849 5100 inscribi
2876 5046 3034 5114 solet,
3075 5047 3213 5101 inter
3283 5045 3423 5105 alios

189 5138 387 5192 multos
413 5151 550 5207 quos
582 5139 851 5206 congessit
881 5153 1095 5194 errores
1128 5143 1180 5193 tn
1216 5142 1316 5195 hae
1351 5155 1407 5194 re
1435 5141 1747 5211 turpissime
1787 5142 1998 5209 lapsum
2031 5154 2173 5194 esse.
2661 5143 2664 5145 λ

792 5232 1041 5286 ΚΕΦᾹΛ.
1073 5232 1191 5288 ΙΘ’.’.

1867 5245 1869 5248 ‘
2488 5231 2788 5289 CAP‘.XIX.

258 5323 468 5394 Εῠηοες
487 5322 532 5376 δ’
557 5323 721 5376 αὑτοῦ
759 5324 853 5376 καὶ
897 5325 956 5376 τὸ
987 5327 1050 5395 τῇ
1089 5329 1292 5395 φυσικῇ
1338 5327 1533 5392 ἐκεῖνο,
1565 5328 1626 5381 τὸ
1657 5328 1756 5398 τὴν

1937 5327 2121 5398 Neque
2152 5326 2284 5382 illud
2315 5326 2594 5387 sapientia:
2627 5323 2908 5392 cujusdam
2952 5324 3111 5379 habet
3161 5325 3420 5391 speciem,

199 5418 412 5485 κίνησιν
447 5414 523 5484 μὴ
563 5417 893 5484 συγχωρεῖν,
927 5415 1110 5488 διττήν
1140 5433 1198 5469 τε
1229 5412 1367 5471 εἶναι
1410 5419 1501 5471 καὶ
1547 5417 1757 5488 ὁμώνυ-

1863 5421 2010 5488 quod
2042 5419 2182 5473 idem
2212 5415 2530 5472 Aristoteles
2569 5416 2624 5469 in
2661 5416 2899 5486 physicis
2949 5415 3129 5479 docet,
3165 5416 3254 5469 ubi
3301 5432 3418 5473 mo-

195 5525 312 5576 μον,
354 5507 450 5574 τὴν
489 5506 588 5574 μὲν
627 5506 930 5576 δραστικὴν
972 5507 1032 5561 τέ
1080 5526 1202 5562 τινα
1237 5511 1332 5563 καὶ⁹
1369 5503 1429 5562 ἒν
1459 5509 1534 5580 τῷ
1577 5527 1757 5563 κινου-

1861 5518 1971 5562 tum
2019 5523 2126 5562 non
2161 5505 2409 5561 concedit
2465 5520 2587 5561 esse
2643 5507 2910 5575 duplicem
2941 5514 2996 5559 et
3052 5508 3424 5577 :equivocum,

194 5601 360 5667 μένῳ.
384 5597 578 5649 Καίτοι
595 5596 701 5649 τῶν
728 5614 792 5665 γε
821 5598 1104 5668 δυνάμεων
1123 5600 1232 5653 τῶν
1248 5603 1375 5671 περὶ
1395 5602 1619 5670 ’κίνησιν
1651 5602 1757 5657 διτο

1859 5602 2022 5655 alium
2041 5600 2256 5670 quidem
2275 5600 2510 5654 activum
2533 5599 2624 5668 qui
2642 5608 2725 5654 est
2743 5582 2797 5653 in
2821 5609 3084 5664 movente,
3105 5600 3270 5654 alium
3290 5617 3420 5656 vero

195 5689 297 5741 τῶν
339 5689 369 5757 ή
422 5687 522 5757 μὲν
575 5688 828 5757 κινητικὴ
893 5684 984 5741 διαὶ
1039 5690 1094 5741 ὲν
1144 5689 1221 5757 τῷ
1270 5692 1571 5756 κινήσοντι,
1619 5693 1650 5759 ή
1699 5690 1754 5744 δὲ

1860 5693 2156 5762 passivum,
2179 5690 2270 5760 qui
2294 5703 2378 5747 cst
2401 5690 2452 5744 in
2479 5704 2544 5745 eo
2567 5690 2709 5760 quod
2745 5699 3013 5745 movetur.
3061 5690 3227 5762 Atqui
3290 5707 3413 5747 cum

200 5780 472 5848 παθητικὴ
526 5783 616 5832 καί
673 5781 728 5835 ἐν
777 5779 853 5849 τῷ
907 5781 1320 5852 κινηοητομένῳ
1389 5783 1495 5835 δέοι
1546 5783 1608 5835 ἂν
1655 5785 1747 5835 καί

1859 5785 1962 5839 sint
1997 5782 2250 5852 potentia:
2277 5782 2419 5839 circa
2477 5791 2679 5838 motum
2729 5781 2989 5855 duplices,
3026 5800 3147 5841 una-
3191 5785 3417 5857 quidem
