3982 6332
672 405 776 461 illi)

1896 410 2222 469 GEORGII
2256 410 2435 469 l‘LE'l
2454 408 2692 469 IIONIS
3795 405 3878 463 915

667 515 863 568 motiva
896 532 1013 584 qrne
1040 527 1123 569 est
1180 516 1231 568 in
1282 531 1345 569 eo
1394 516 1537 583 quod
1590 517 1845 581 movebit,
1892 518 1993 571 alia
2048 528 2225 573 autem

2331 521 2609 588 ἐνέργειαν
2642 520 2864 572 ταύταιν
2906 518 3145 588 ἑκατέρᾳ
3195 519 3541 587 κατάλληλον
3578 518 3875 575 ἁποδιῶναι.

668 603 898 669 passiva,
935 619 1054 669 qum
1080 614 1161 657 est
1216 605 1267 657 in
1324 619 1385 658 eo
1436 606 1576 673 quod
1630 607 1949 673 movebitur,
2014 618 2225 677 oportet

668 690 906 758 profecto
941 693 1101 743 etiam
1135 703 1309 745 actum
1350 694 1610 747 constitui
1641 695 1905 764 duplicem
1944 697 2037 764 qui
2096 697 2226 750 utri-

667 797 767 849 que
800 784 1050 850 potentia:
1076 784 1514 851 correspondeat,
1553 788 1765 842 motivae
1790 787 2005 855 quidem
2032 798 2223 857 poten-

667 876 773 940 tize,
840 876 1069 928 activum
1127 888 1354 941 motum,
1408 882 1561 932 alteri
1628 890 1801 933 autem
1855 895 1973 949 qum
2022 882 2222 935 moveri

667 968 854 1021 idonea
880 976 978 1032 est,
1017 970 1311 1035 passivum.
1350 970 1450 1023 Sed
1481 971 1765 1025 timuitille
1796 987 1863 1025 nc
1890 973 1974 1025 hic
2016 972 2223 1027 activus

668 1068 864 1123 motus,
895 1070 1071 1112 motus
1102 1076 1222 1114 cum
1277 1062 1367 1123 sit,
1430 1062 1720 1131 aliquando
1765 1078 1870 1116 non
1923 1074 2221 1120 moveatur.

666 1150 732 1201 At
769 1152 948 1205 timuit
991 1153 1097 1215 ille,
1127 1154 1265 1221 quod
1290 1153 1507 1207 minime
1528 1154 1821 1210 timendum
1851 1154 2062 1209 fuisset.
2084 1155 2222 1221 Quid

664 1242 804 1293 enim
839 1245 1084 1311 prohibet
1114 1245 1353 1296 activum
1384 1246 1531 1298 illum
1587 1256 1789 1299 motum
1846 1258 1899 1300 et
1951 1264 2073 1300 eum
2132 1250 2223 1316 qui

667 1343 865 1397 movet,
888 1352 991 1387 non
1024 1337 1224 1387 moveri
1250 1337 1410 1390 ?cum
1453 1339 1497 1391 is
1523 1340 1611 1407 qui
1642 1350 1843 1405 movet,
1897 1338 2223 1411 quandomte

666 1426 734 1479 sit
772 1426 1078 1480 immobilis.
1118 1427 1423 1495 Depassivo
1444 1430 1585 1483 enim
1637 1443 1783 1485 motu
1832 1432 2027 1499 palam,
2078 1435 2219 1502 quod

667 1516 973 1583 ipsiusnon
1017 1518 1295 1571 siteadcm
1325 1520 1481 1571 ratio.
1512 1521 1586 1572 Ac
1647 1520 1712 1573 de
1782 1520 1956 1573 activo
2012 1519 2104 1573 illo
2161 1535 2226 1573 ne

2333 617 2396 683 τῇ
2434 615 2530 682 μὲν
2556 615 2807 684 κινητικῇ
2837 614 3063 683 δυνάμει
3084 606 3188 682 ’τὴν
3217 613 3517 681 δραστικὴν
3576 613 3803 681 κίνησιν,
3826 616 3876 679 τῇ

2331 706 2387 758 δὲ
2442 708 2640 774 κινηκῇ
2704 708 2801 775 τὴν
2861 705 3189 774 παθητικήν.
3258 704 3419 756 Ἀλλὰ
3489 703 3698 766 δέδιεν,
3747 702 3878 772 μῆή

2328 798 2590 865 δραστικὴ
2633 796 2771 866 αῦτη
2792 797 3001 865 κίνησις
3036 792 3167 849 οὖσα
3202 794 3314 847 ἔσθ’
3341 796 3429 847 ὅτε
3480 800 3542 846 οὺ
3588 796 3875 862 κινήσηται.

2342 888 2518 951 Ἀδεὲς
2547 888 2591 939 δ’
2614 889 2687 950 ώς
2710 887 2893 950 δεδιώς
2917 903 2933 956 ;
2959 888 3024 940 Τί
3057 888 3163 957 γὰρ
3191 886 3251 938 τὸ
3278 885 3524 940 κωλῦσον
3556 884 3656 954 τὴν
3686 885 3879 953 δραστι-

2331 981 2433 1049 κὴν
2465 980 2667 1049 ταύτην
2700 982 2914 1048 κίνησιν
2953 980 3045 1033 καὶ
3081 980 3338 1033 κινοῦσαν
3388 977 3559 1047 αὐτὴν
3605 976 3680 1046 μὴ
3724 979 3875 1028 κινεῖο

2334 1072 2489 1135 σθαι;
2522 1070 2674 1133 όντος
2705 1071 2834 1123 ποτὲ
2864 1070 2957 1124 τοῦ
2986 1071 3261 1132 κινοῦντος
3299 1070 3563 1139 ἀκινήτου
3600 1086 3614 1133 ;
3654 1050 3760 1137 Τὴν
3792 1069 3876 1136 μὲν

2330 1162 2441 1230 γὰρ
2472 1162 2785 1232 παθητικὴν
2817 1164 2912 1233 οὐχ
2940 1161 3052 1217 οἷόν
3085 1179 3165 1215 τε.
3200 1162 3277 1232 Τῇ
3301 1163 3354 1215 δὲ
3382 1161 3649 1231 δραστικῇ
3674 1160 3875 1211 τίεσται

2330 1253 2389 1305 τὸ
2423 1253 2694 1322 ἐμποδών.
2732 1255 2816 1308 Ἐν
2846 1256 3055 1319 τούτοις
3086 1256 3246 1324 ἡμεῖς
3276 1253 3623 1323 Ἀριστοτέλη
3655 1250 3876 1320 ἀμαθαίο

2330 1363 2491 1400 νοντα
2522 1349 2901 1416 ἀποφαίνομεν
2932 1350 2990 1401 οὑ
3025 1348 3205 1401 πάντα
3248 1345 3436 1410 αὐτοῦ,
3472 1346 3541 1398 τὰ
3572 1344 3627 1397 δὲ
3662 1343 3875 1411 μέγιστα

2329 1436 2422 1487 καὶ
2455 1438 2773 1507 κυριώτατα
2801 1434 2874 1490 ὧν
2922 1439 3058 1508 πρὸς
3092 1437 3359 1491 Πλάτωνά
3385 1452 3452 1507 τε,
3478 1436 3575 1488 καὶ
3601 1436 3727 1495 τοὺς
3764 1432 3876 1500 περὶ

2336 1528 2596 1582 Πλάτωνα
2625 1531 2967 1601 διαφέρεται,
2994 1530 3333 1593 ἐκλέξαντες.

669 1612 986 1677 allirmetur,
1018 1613 1150 1666 nihil
1186 1612 1529 1681 impedit.Ac
1600 1613 1651 1665 in
1720 1612 1803 1668 his
1839 1612 2055 1689 quidem
2123 1614 2429 1675 Aristotelis
2500 1625 2860 1691 ignorantiam
2913 1614 3237 1689 detéximus,
3286 1640 3389 1678 non
3452 1623 3637 1677 omnia
3690 1630 3874 1681 tamen,

668 1706 760 1760 sed
796 1708 1030 1759 maxima
1062 1716 1115 1759 et
1156 1708 1420 1775 prmripua
1472 1716 1801 1772 exponentes
1853 1706 1907 1758 in
1953 1707 2151 1774 quibus
2196 1723 2224 1759 a
2265 1709 2489 1766 Platone
2510 1724 2564 1767 et
2605 1715 2668 1769 iis
2704 1716 2797 1783 qui
2867 1714 3145 1769 Platonem
3193 1724 3516 1783 sequuntur,
3574 1709 3814 1765 discedit.

1299 1799 1596 1864 CAP.xx.

2928 1812 3174 1863 ΚΕΦΑΛ.
3213 1812 3293 1862 ιιι.

742 1882 1114 1961 Discrepantia
1174 1894 1480 1947 Aristotelis
1523 1901 1575 1945 et
1633 1892 1952 1949 Platonisin
1989 1894 2055 1949 iis
2112 1902 2228 1963 aure

2406 1902 2604 1965 Λοιπὸς
2631 1903 2685 1954 δὲ
2714 1903 2778 1972 δὴ
2808 1904 2940 1972 ἡμῖν
2967 1904 3076 1954 τῶν
3104 1902 3375 1971 μεγίστων
3405 1901 3501 1952 καὶ
3530 1900 3556 1953 ὁ
3580 1901 3710 1968 περὶ
3736 1898 3876 1951 εἰδῶν

667 1984 731 2037 ad
772 1984 974 2036 formas
998 1994 1050 2036 et
1074 1984 1281 2051 species
1304 1984 1664 2052 sempiternas
1697 1984 1944 2038 attinent.

742 2074 1026 2142 Reliquum
1058 2074 1168 2143 jam
1220 2084 1319 2137 est,
1356 2086 1412 2129 ut
1464 2075 1527 2129 de
1580 2076 1865 2143 speciebus
1921 2084 2271 2131 sermonem'

668 2169 1040 2230 instituamus,
1094 2168 1159 2221 de
1210 2168 1405 2236 quibus
1462 2168 1695 2221 maxima
1751 2168 1889 2222 solet
1956 2171 2231 2224 contentio

669 2260 891 2315 moveri.
938 2258 991 2312 ln
1033 2260 1116 2313 his
1149 2275 1274 2311 vero
1326 2274 1429 2311 non
1501 2261 1719 2327 quidem
1754 2260 1964 2313 Platoni
1996 2276 2227 2314 consen-

675 2354 894 2415 tiemus,
926 2353 1016 2406 sed
1061 2346 1406 2405 Aristotelem
1454 2351 1613 2405 etiam
1665 2353 1765 2406 hac
1800 2352 1853 2405 in
1903 2360 2054 2420 parte
2092 2336 2271 2416 male',

669 2446 1083 2508 contradixisse,
1123 2455 1174 2497 et
1200 2444 1251 2498 in
1284 2444 1403 2497 aliis
1430 2444 1639 2513 quidem
1685 2444 2073 2514 sycophantam
2103 2459 2228 2511 age-

672 2556 749 2599 re,
777 2540 828 2591 in
861 2538 979 2590 aliis
1016 2550 1143 2590 vero
1171 2552 1273 2588 non
1315 2536 1364 2587 id
1391 2537 1652 2589 conticere
1694 2537 1835 2605 quod
1898 2536 2088 2601 voluit,
2141 2536 2231 2589 de-

671 2628 1292 2694 monstrabimus,idque
1334 2630 1488 2681 nobis
1544 2628 1673 2681 vitio
1744 2628 2058 2681 vertendum
2123 2640 2226 2679 non

668 2724 790 2782 erit,
826 2721 1093 2787 siquidem
1135 2719 1292 2773 etiam
1344 2719 1396 2770 in
1441 2718 1709 2787 prioribus
1737 2727 1861 2771 sunt
1897 2718 2097 2785 aliqua,
2138 2718 2227 2769 ubi

670 2813 877 2865 Platoni
933 2827 1036 2863 non
1105 2813 1529 2876 consentientes,
1610 2811 1966 2865 nihilominus
2013 2811 2227 2864 Aristo-

670 2906 826 2958 telem
917 2905 1087 2971 ipsum
1166 2920 1192 2955 a
1264 2886 1440 2969 seipse
1516 2902 1778 2956 dissidere
1868 2902 2224 2955 ostendimus.

669 2999 745 3051 Ac
785 2998 1016 3066 primum
1050 2996 1264 3064 quidem
1299 2993 1425 3045 illud
1473 2993 1896 3061 reprehensione
1919 3008 2020 3044 non
2054 3000 2223 3055 caret,

669 3090 811 3157 quod
860 3087 1143 3142 manifeste
1206 3087 1414 3140 veritati
1476 3093 1735 3152 repugnat
1784 3084 1870 3135 ubi
1932 3092 2051 3153 post
2132 3082 2227 3134 So-

671 3190 873 3234 cratem
923 3180 1035 3243 ait,
1084 3180 1283 3247 primos
1336 3180 1631 3239 exstitisse.
1670 3178 1759 3247 qui
1818 3188 2121 3231 sermonem
2161 3174 2227 3228 de

678 3272 959 3339 Speciebus
991 3275 1043 3324 in
1069 3270 1283 3323 scholas
1312 3269 1755 3338 philcsolihorum
1799 3268 2224 3333 introduxerint,
2256 3244 2297 3303 Ο

674 3365 946 3417 Platonem
982 3363 1236 3415 nimirum
1292 3360 1613 3429 intelligens.
1648 3360 1864 3414 Certum
1914 3368 2093 3412 autem
2146 3369 2229 3413 est

670 3457 829 3509 etiam
866 3453 1271 3524 Pythagoricos,
1314 3452 1404 3520 qui
1455 3461 1578 3505 ante
1611 3451 1882 3504 Platonem
1917 3451 2171 3502 vixerunt
2211 3486 2224 3510 ,

671 3550 736 3602 de
769 3550 872 3602 hac
906 3562 961 3599 re
992 3544 1313 3600 disseruisse
1342 3582 1355 3603 .
1394 3544 1532 3597 sicut
1564 3559 1629 3597 ex
1660 3558 1723 3596 eo
1749 3557 1911 3611 opere
1943 3541 2182 3593 Platonis
2209 3580 2222 3603 ,

670 3641 810 3706 quod
854 3640 1115 3692 'l‘ilnmum
1152 3636 1378 3689 Locrum
1412 3634 1674 3700 nominat,
1708 3643 1949 3702 apparet.
1980 3632 2053 3686 lbi
2080 3647 2228 3686 nam-

671 3748 773 3800 que
810 3732 911 3784 hoc
947 3731 1145 3784 coelum
1198 3729 1285 3782 ille
1316 3744 1377 3781 ex
1413 3728 1749 3795 intelligibilr
1784 3714 2027 3793 exemplo
2060 3724 2228 3778 dedu-

669 3838 818 3886 cens,
850 3821 1067 3874 alterius
1100 3819 1303 3882 inundi,
1337 3833 1495 3886 quem
1559 3817 1827 3871 idanieum
1871 3824 2043 3877 vocat,
2094 3814 2229 3865 ima-

673 3915 849 3978 ginem
886 3912 1034 3967 facit.
1082 3913 1259 3979 Atque
1308 3913 1407 3965 hoc
1440 3909 1654 3978 quidem
1690 3917 1771 3962 est
1804 3905 2134 3975 huiusmodi.
2170 3904 2226 3957 ln

668 4024 732 4060 eo
772 4015 947 4058 autem
984 4004 1255 4072 quomodo
1286 4020 1389 4056 non
1427 4003 1585 4056 infert
1614 4000 1906 4069 iniuriam?
1941 3998 2074 4052 Cum
2110 3996 2228 4051 Pla-

669 4099 831 4152 limit'i
858 4097 1124 4151 suasillas
1159 4096 1388 4164 species,
1421 4095 1584 4148 rebus
1611 4092 1793 4147 sensui
1830 4090 2087 4158 subjectis
2122 4104 2225 4141 non

669 4206 1008 4260 synonymas.
1042 4189 1133 4242 sed
1169 4188 1472 4257 a‘quivocas
1503 4202 1621 4240 esse
1660 4185 1860 4239 velint.
1894 4184 2006 4251 ipse
2038 4192 2228 4249 printer

672 4284 883 4335 illorum
913 4282 1219 4351 opinionem
1249 4290 1301 4334 et
1342 4280 1668 4333 voluntatem
1698 4289 2029 4345 synonymas
2058 4287 2223 4327 cona-

671 4386 757 4429 tur
782 4376 1083 4438 ostendere,
1123 4374 1278 4442 idque
1306 4374 1406 4427 hoc
1450 4372 1631 4424 modo.
1669 4370 1757 4421 Ait
1787 4371 1929 4421 enim
1964 4382 2067 4420 non
2102 4381 2220 4419 eam

668 4469 735 4519 ob
768 4482 1006 4529 causam,
1051 4465 1192 4534 quod
1242 4465 1342 4517 illa:
1390 4471 1517 4517 sunt
1568 4461 1929 4528 sempiternae,
1984 4459 2065 4511 ha:
2098 4472 2226 4511 vero

2333 1996 2507 2060 λόγος.
2542 1994 2676 2063 Περὶ
2708 1988 2781 2048 ὧν
2810 1996 2869 2047 οὐ
2905 1996 3150 2049 Πλάτωνι
3184 1992 3610 2058 συνειπεῖν,ἁλλ’
3648 1994 3876 2060 Ἀριστο-

2332 2084 2461 2152 τέλη
2502 2084 2594 2137 καὶ
2628 2085 2684 2135 ὲν
2725 2083 2933 2146 τούτοις
2965 2083 3242 2148 ἀποδεῖξαι
3271 2083 3488 2150 φαύλως
3518 2082 3875 2146 ἀντιλέγοντα,

2335 2176 2427 2226 καὶ
2481 2174 2551 2226 τὰ
2601 2176 2697 2243 μὲν
2732 2173 3199 2243 συκοφαντοῦντα,
3239 2174 3307 2226 τὰ
3358 2173 3402 2225 δ’
3432 2173 3492 2224 οῦ
3544 2172 3875 2241 περαίνοντα,

2332 2267 2687 2333 ἀνεμέσητον,
2732 2266 2853 2318 ἐπεὶ
2884 2265 2975 2317 καὶ
3010 2267 3065 2317 ἐν
3113 2266 3218 2316 τῶν
3264 2264 3573 2331 εἰρημένων
3618 2263 3763 2314 ἔστιν
3811 2256 3878 2320 οἷς

2332 2358 2484 2411 οὐδὲν
2521 2358 2765 2409 Πλάτωνι
2811 2357 3189 2427 συνειρηκότες
3230 2355 3575 2425 Ἀριστοτέλη
3619 2356 3755 2415 τέως
3799 2354 3877 2404 αὖ·

2332 2452 2421 2504 τὸν
2454 2451 2545 2519 ὑφ’
2572 2448 2734 2503 αὑτοῦ
2771 2450 3236 2519 περιτρεπόμενον
3277 2446 3709 2514 ὲπιδεδείχαμεν.
3741 2443 3875 2510 ΙΙρὼ-

2333 2561 2421 2595 τον
2455 2542 2553 2611 μὲν
2583 2537 2674 2595 οὖν
2704 2544 2877 2594 ἐκεῖνο
2909 2540 3197 2607 ἐλεγκτέον
3232 2538 3563 2606 ψευδόμενον
3598 2536 3781 2597 αὐτὸν,
3807 2536 3876 2585 ὅτι

2331 2634 2393 2703 δὴ
2429 2634 2677 2703 πρώτους
2712 2633 2848 2701 μετά
2882 2632 3147 2700 Σωκράτη
3184 2630 3349 2697 φησὶν
3399 2628 3561 2696 ἄρξαι
3618 2626 3711 2679 τοῦ
3767 2626 3877 2692 περὶ

2332 2726 2487 2778 εἰδῶν
2520 2724 2710 2778 τούτου
2754 2726 2934 2789 λόγου,
2968 2724 3061 2775 τὸν
3096 2722 3363 2774 Πλάτωνα
3396 2720 3639 2789 δηλονότι
3691 2717 3874 2785 λέγων.

2331 2818 2615 2870 Φαίνονται
2681 2816 2735 2867 δὲ
2786 2813 2880 2867 καὶ
2943 2814 3050 2883 πρὸ
3102 2814 3382 2873 Πλάτωνος
3439 2813 3486 2883 οἱ
3537 2810 3877 2880 Πυθαγόρειοι

2332 2910 2500 2979 ταύτῃ
2545 2909 2813 2977 χρώμενοι
2859 2910 2923 2975 τῇ
2974 2906 3120 2975 δόξῃ,
3174 2905 3245 2965 ώς
3298 2906 3361 2956 ὲκ
3402 2902 3497 2954 τοῦ
3534 2902 3765 2971 Τιμαίου
3798 2901 3878 2951 τοῦ

2332 3000 2538 3069 Λοκροῦ
2573 2999 2780 3066 βιϐλίου
2810 2998 2923 3048 ἐστι
2956 2996 3161 3049 λαϐεῖν.
3193 2995 3295 3047 Τὸν
3347 2996 3455 3062 γὰρ
3486 2992 3708 3061 οὐρανὸν
3742 2992 3879 3043 τόνδε

2332 3092 2613 3160 συνίστησι
2656 3088 2847 3158 νοητοῦ
2896 3087 3338 3158 παραδείγματος
3386 3086 3480 3139 τοῦ
3534 3083 3768 3137 ίδανικοῦ
3800 3084 3877 3135 κό-

2332 3201 2468 3251 σμου
2498 3182 2701 3235 εἰκόνα.
2726 3182 2835 3233 Καὶ
2860 3181 3017 3232 τοῦτο
3065 3180 3161 3246 μὲν
3210 3178 3373 3231 οὕτω.
3425 3178 3633 3229 Ἐκεῖνο
3668 3176 3719 3227 δὲ
3775 3175 3881 3235 πῶς

2334 3276 2431 3327 οὐκ
2466 3275 2671 3335 ἀδικεῖ;
2708 3273 2766 3325 ού
2801 3271 3091 3340 συνώνυμα
3118 3271 3244 3339 mir
3272 3268 3540 3337 ὁμώνυμα
3565 3270 3673 3329 τοῖς
3700 3268 3881 3332 :1!an-

2334 3370 2444 3430 τοῖς
2476 3368 2545 3419 τὰ
2583 3366 2694 3433 εἴδη
2723 3364 3023 3435 τιθεμένων
3052 3362 3158 3414 τῶν
3186 3380 3249 3429 γε
3278 3361 3392 3430 είδη
3426 3361 3725 3425 ἀξιούντων
3753 3356 3878 3412 εἶναι

2334 3459 2492 3520 αὐτὸς
2536 3458 2857 3527 βιαζόμενος
2890 3454 3180 3523 συνώνυμα
3214 3452 3531 3520 ἀποφαίνει.
3567 3452 3641 3504 Οὐ
3667 3452 3778 3519 γὰρ
3812 3449 3879 3516 τῷ

2332 3550 2399 3603 τὰ
2431 3551 2528 3620 μὲν
2556 3552 2701 3605 ἀΐδια
2732 3543 2893 3611 εἶναι,
2922 3548 3075 3617 φησὶ,
3098 3547 3162 3599 τὰ
3192 3546 3245 3598 δὲ
3268 3545 3485 3613 φθαρτά
3506 3545 3566 3596 ού
3602 3544 3877 3611 συνώνυμα

2332 3644 2505 3707 ἔσται,
2529 3643 2649 3695 ἐπεὶ
2677 3642 2847 3694 καὶτὸ
2880 3626 3227 3709 πολυχρόνιον
3261 3638 3451 3689 λευκὸν
3489 3636 3567 3705 τῷ
3603 3637 3878 3704 ἐφημερξῳ

2330 3734 2481 3787 οὐδέν
2510 3751 2571 3801 γε
2600 3729 2761 3805 ἦττον
2815 3731 3146 3800 συνώνυμον.
3174 3730 3247 3782 Εὖ
3297 3745 3382 3794 γε,
3415 3722 3461 3781 ὦ
3501 3726 3875 3796 Ἀριστότελες,

2332 3828 2378 3879 εἱ
2431 3826 2505 3896 τῷ
2554 3827 2837 3896 ἐφημερίῳ
2870 3822 3049 3890 λευκῷ
3084 3822 3142 3874 τὸ
3173 3822 3525 3889 πολυχρόνιον
3567 3819 3688 3888 μὲν,
3722 3834 3875 3869 πεττε-

2334 3920 2612 3990 ρασμένην
2645 3917 2689 3970 δ’
2721 3920 2866 3979 ὅπως
2890 3915 3091 3986 δήποτε
3126 3914 3249 3982 ἕχον
3278 3913 3375 3983 τὴν
3412 3912 3650 3979 ὓπαρξιν
3684 3914 3771 3963 καὶ
3800 3911 3877 3961 διὰ

2329 4010 2485 4063 τοῦτο
2541 4006 2854 4076 συμϐλητὴν
2896 4006 3231 4073 συνώνυμον,
3289 4004 3432 4055 κατὰ
3492 4002 3650 4055 τοῦτο
3690 4003 3785 4072 grai
3826 4003 3877 4051 τὸ

2330 4100 2568 4170 φθαρτὸν
2606 4098 2682 4167 τῷ
2715 4099 2977 4167 ἀφθάρτῳ
3010 4096 3105 4147 καὶ
3138 4095 3348 4163 οὐδαμῆ
3384 4094 3679 4165 συμόλητῷ
3714 4093 3873 4146 συνώ-

2330 4212 2494 4262 νυμον
2522 4193 2693 4246 ἔσται.
2742 4190 2850 4243 Καὶ
2880 4190 2997 4252 πῶς
3039 4207 3120 4241 σοι
3150 4190 3209 4240 τὸ
3246 4188 3483 4241 τοιοῦτον
3518 4189 3874 4255 συμπεραίνει

2328 4302 2417 4336 ται
2445 4301 2457 4348 ;
2496 4280 2658 4335 πόθεν
2686 4280 2728 4332 δ’
2763 4280 2963 4349 ἔμαθες
3002 4277 3288 4346 συμϐλητά
3318 4277 3689 4346 ἀσυμϐλήτοις
3714 4294 3854 4349 παρα

2329 4375 2566 4437 ϐάλλειν,
2600 4373 2837 4426 κᾶπειτα
2866 4370 2926 4421 τὸ
2959 4367 3276 4437 συμϐαῖνον,
3312 4370 3404 4420 ἐπὶ
3435 4370 3544 4420 τῶν
3569 4346 3873 4439 συμϐλητῶν

2329 4464 2465 4515 κάπὶ
2494 4464 2602 4514 τῶν
2652 4459 3016 4529 ἀσυμϐλήτων
3049 4457 3254 4521 ἀξιοῦν,
3303 4459 3655 4527 συμδαίνειν;
3690 4464 3736 4512 εί
3782 4463 3874 4526 γάρ

669 4556 999 4624 ιοιτιψιίυιιὶ
1035 4555 1310 4623 subjecta},
1344 4570 1445 4607 non
1489 4553 1676 4606 ambas
1702 4565 1822 4604 esse
1858 4562 2222 4620 synonymas;

2331 4571 2410 4615 τις
2445 4554 2668 4605 ἐκείνων
2702 4550 3007 4611 ἀκούσειεν,
3054 4540 3130 4602 ὧν
3166 4551 3225 4601 ὲν
3258 4551 3321 4618 τῇ
3358 4550 3711 4619 ἀποδεικτικῇ
3760 4556 3873 4616 περὶ

670 4650 933 4717 siquidem
976 4650 1135 4701 etiam
1190 4649 1327 4715 longi
1384 4645 1640 4714 temporis
1679 4643 1893 4705 albcdo,
1929 4640 2225 4720 eadeln'lsit

672 4741 1023 4794 nihilominus
1053 4748 1105 4794 et
1139 4741 1367 4793 univoca
1412 4738 1645 4793 albcdini
1682 4739 1841 4791 unius
1893 4731 2223 4789 diei.‘Recte

671 4849 817 4895 sane,
854 4848 885 4885 0
912 4833 1243 4894 Aristoteles,
1277 4833 1322 4883 si
1350 4829 1577 4882 albedini
1615 4829 1772 4881 unius
1807 4828 1911 4881 diei
1934 4869 1947 4888 ,
1978 4827 2081 4881 alia
2111 4824 2227 4894 qui-

671 4928 816 4983 dem,
849 4935 902 4977 at
934 4926 1136 4976 linitam
1168 4932 1344 4977 tamen
1382 4923 1466 4975 illa
1494 4924 1658 4975 etiam
1697 4919 2100 4990 quodammodo
2131 4921 2225 4971 ha-

674 5018 802 5068 hens
831 5014 1233 5068 snhsistentiam
1265 5024 1313 5066 et
1348 5023 1625 5081 propterea
1655 5028 1775 5065 cum
1811 5012 1976 5064 altera
2009 5023 2225 5077 compa-

658 5109 773 5183 rari
811 5109 1018 5169 idonea,
1050 5109 1117 5160 sit
1141 5123 1433 5177 synonyma
1464 5107 1652 5160 eodem
1677 5107 1835 5161 etiam
1874 5107 2034 5158 modo
2078 5120 2225 5159 mor-

676 5201 777 5252 tale
829 5201 1141 5262 immortali,
1194 5200 1279 5255 cui
1340 5200 1468 5251 illud
1527 5198 1671 5252 nullo
1720 5200 1878 5253 modo
1919 5196 2221 5265 comparari

674 5300 868 5361 potest,
906 5295 1006 5346 crit
1045 5307 1420 5363 Synonyunnn.
1444 5290 1507 5344 Et
1541 5306 1794 5359 quanam,
1822 5307 2027 5357 quneso,
2056 5291 2227 5342 fronte

676 5386 829 5436 talem
870 5384 1037 5436 nectis
1061 5385 1459 5436 conclusionem
1484 5382 1505 5433 ?
1535 5389 1588 5433 et
1616 5382 1757 5433 unde
1806 5381 2042 5435 didicisti
2077 5395 2224 5433 rom-

678 5476 936 5545 parahilia
983 5490 1103 5527 cum
1160 5473 1676 5541 incomparabilibus
1726 5471 1994 5536 conferre,
2030 5472 2226 5538 illaque

679 5569 759 5621 his
791 5567 985 5619 similia
1020 5565 1214 5629 facere,
1252 5574 1307 5617 nt
1338 5566 1413 5617 sic
1441 5566 1695 5631 deinceps
1739 5562 1789 5615 id
1822 5563 1962 5631 quod
2012 5576 2229 5628 compa-

681 5658 943 5711 rabilibus
988 5656 1205 5719 accidit,
1242 5654 1522 5708 existimes
1551 5651 2064 5720 inconiparahililms
2097 5651 2247 5709 item,

680 5746 1030 5817 contingere?
1059 5747 1347 5800 Enimvero
1370 5746 1636 5814 quispiam
1662 5757 1781 5797 tuas
1810 5744 1929 5796 illas
1955 5743 2095 5812 leges
2121 5758 2225 5796 non

682 5840 971 5896 audivisset
1001 5879 1012 5903 ,
1060 5855 1191 5909 quas
1231 5840 1343 5908 ipse
1377 5839 1429 5892 in
1467 5836 1746 5905 analyticis
1789 5835 1854 5891 dc
1886 5834 2088 5888 ratione
2121 5833 2201 5887 llr-

2332 4645 2661 4714 ἀποδείξεως
2682 4642 3030 4714 ἀκριὸολογῇ,
3055 4639 3116 4693 οὗ
3150 4642 3267 4693 ποτ’
3293 4644 3356 4695 ἀν
3380 4658 3437 4693 σε
3469 4642 3700 4712 οἰηθείη,
3718 4643 3872 4702 οὕτως

2328 4726 2551 4804 ψυχρῶς
2578 4733 2742 4785 αὑτὸν
2773 4731 2868 4784 καὶ
2908 4731 3125 4799 φαύλως
3156 4729 3441 4795 ἀνέξεσθαι
3466 4729 3736 4784 δεικνύναι
3760 4731 3872 4799 περὶ

2329 4830 2451 4881 ὅτου
2487 4828 2553 4879 ἀν
2592 4825 2831 4895 πρόθοιο.
2868 4824 3060 4891 Ἡμεῖς
3092 4822 3146 4873 δέ
3178 4838 3239 4889 γε
3308 4822 3462 4889 ἴσμεν
3499 4822 3597 4890 μὲν
3630 4824 3870 4891 ὁμώνυμε

2328 4923 2441 4981 τοῖς
2497 4916 2776 4985 αἰσθητοῖς
2834 4916 2956 4975 τοὺς
2995 4916 3063 4965 τὰ
3113 4912 3227 4983 εἴδη
3279 4912 3595 4981 τιθεμένους
3644 4910 3778 4967 εἷναί
3822 4929 3867 4963 τε

2329 5010 2614 5077 ἀξιοῦντας
2647 5007 2741 5060 καὶ
2769 5004 3091 5065 καλοῦντας.
3120 5005 3192 5057 Ού
3222 5004 3327 5073 μὴν
3354 5004 3491 5056 ἀλλὰ
3526 5006 3617 5056 καὶ
3641 5005 3868 5071 δείξομεν

2329 5105 2437 5158 οὐδ’
2464 5104 2636 5164 άλλως
2684 5100 2799 5153 ἐνὸν
2849 5097 2987 5150 αὐτὰ
3022 5096 3267 5148 τίθεσθαι
3304 5096 3362 5161 ἐξ
3384 5090 3565 5166 ὦνπερ
3606 5096 3867 5149 ὑποτίθεν-

2331 5213 2441 5249 ται.
2492 5193 2918 5263 Παραδείγματα
2947 5192 3053 5258 γὰρ
3085 5190 3306 5243 εἰκόνων
3340 5188 3448 5241 τῶν
3508 5189 3782 5259 αἰσθητῶν
3814 5187 3868 5239 τὰ

2330 5286 2493 5354 νοητά
2544 5284 2907 5336 ὑποτίθενται.
2961 5283 3157 5333 Εἱκόνα
3210 5281 3266 5333 δὲ
3316 5280 3866 5351 παραδειγματι,πῶς

2330 5378 2395 5429 ἄν
2426 5391 2509 5437 τις
2565 5374 2897 5442 συνώνυμον,
2928 5369 3069 5425 εἶναι
3111 5370 3413 5435 ἀξιώσειεν,
3464 5372 3516 5423 εί
3567 5370 3646 5439 μὴ
3671 5372 3868 5423 καὶτὸν

2330 5464 2623 5533 ἀνδριάντα
2655 5464 2745 5514 τὸν
2777 5453 3193 5529 Λυσάνδρου’τῴ
3236 5460 3537 5529 Λυσάνδρῳ
3574 5463 3869 5529 συνώνυμον

2330 5553 2470 5608 εἶναι
2502 5555 2773 5620 ἀξιώσειε,
2801 5554 2895 5605 καὶ
2944 5555 3035 5605 τὸν
3078 5551 3411 5621 Ἡρακλέους
3453 5552 3531 5622 τῷ
3589 5552 3863 5623 Ἠρακλεῐς

2345 5647 2516 5711 Ἀλλὰ,
2549 5647 2715 5715 φησὶν
2733 5643 3131 5715 Ἀριστοτέλης,
3159 5643 3299 5698 κατά
3325 5660 3387 5711 γε
3423 5645 3530 5714 γὰρ
3558 5646 3681 5705 τοὺς
3699 5644 3865 5711 λόγους

2332 5739 2455 5800 τοὺς
2490 5738 2594 5790 τῶν
2619 5722 2965 5804 ἐπιστημῶν,
3010 5734 3163 5786 ἔσται
3194 5732 3305 5802 εἴδη
3352 5737 3571 5787 πάντων
3613 5736 3747 5788 ὅσων
3780 5748 3865 5797 περ

2336 5833 2425 5885 καὶ
2449 5815 2747 5897 ἐπιστῆμαί
2779 5829 2903 5893 εἱσι,
2938 5826 3029 5879 καὶ
3066 5825 3204 5879 κατά
3235 5827 3294 5878 τὸ
3330 5826 3385 5879 ἓν
3414 5828 3503 5879 sat
3536 5826 3761 5892 πολλῶν,
3789 5826 3864 5879 ni
