3982 6332
276 359 395 416 917

979 367 1075 426 DE
1110 369 1526 432 PLATONICA
1567 373 1662 434 ET
1697 375 2258 458 ARISTOTELICA
2306 379 2854 444 PHILOSOPHIA.

3428 384 3530 444 illi?

275 467 398 519 τῶν
450 471 800 536 ἀποφάσεων.
839 474 998 529 Κατά
1042 477 1097 530 δὲ
1135 478 1195 553 τὸ
1236 482 1377 533 νοεῖν
1415 499 1488 548 τι,
1528 474 1847 553 φθαρέντος,

1961 485 2301 545 nioiistraiitli
2346 503 2452 546 tam
2484 493 2707 548 curiose
2737 491 3281 560 pi'tesci'ipsisti,‘-uon
3313 493 3527 560 quidem

276 561 396 612 τῶν
426 563 701 633 φθαρτῶν.
724 566 908 620 Ταῦτα
933 569 1155 638 ἀσαφῶς
1183 571 1282 640 μέν
1313 591 1426 633 πως
1458 575 1672 645 εἴρηται
1707 577 1852 647 Ἀρι-

278 651 546 708 στοτέλει.
578 657 668 708 Δεῖ
693 654 748 708 δὲ
783 659 927 728 ἡμᾶς
955 663 1021 714 τά
1050 661 1154 714 ὑπὸ
1188 663 1295 716 τῶν
1323 665 1389 718 τὰ
1410 667 1524 734 εἴδη
1555 668 1852 738 τιθεμένων

272 742 557 812 λεγόμενα
598 749 864 818 πρότερον
901 742 1252 823 ἐπιθεμένους,
1287 757 1430 810 οὕτω
1473 761 1571 829 τὴν
1606 749 1850 830 Ἄριστος
1895 752 1897 755 ’

274 833 472 899 τέλους
507 837 746 893 διάνοιαν
783 842 926 912 σαφῆ
964 846 1329 914 καταστῆσαι.
1361 849 1474 919 Τὴν
1517 849 1698 918 ψυχήν
1747 867 1852 915 φα-

216 926 223 930 ’
276 945 372 980 σιν
401 930 449 981 oi
484 929 550 983 τά
576 931 691 1003 εἴδη
725 933 994 1005 τιθέμενοι
1047 938 1534 1008 ἀναλαμϐάνουσαν
1564 942 1619 1004 ἐς
1641 959 1703 1009 γε
1732 941 1854 995 ἐπι·

275 1022 503 1092 στήμην
544 1025 668 1086 τοὺς
704 1028 816 1089 τοῖς
871 1029 1150 1099 αἰσθητοῖς
1202 1031 1416 1098 λόγους,
1460 1033 1853 1104 ἀκριϐέστερον

274 1114 487 1179 αὐτοὺς
533 1117 759 1187 ἔχοντας
792 1124 887 1176 καὶ
931 1123 1260 1196 τελεώτερον
1295 1125 1353 1178 ἐν
1388 1127 1554 1198 ἑαυτῇ
1609 1126 1785 1197 ίσχὶιν,
1819 1127 1850 1200 ἢ

277 1206 347 1258 ἑν
376 1211 486 1269 τοῖς
513 1211 793 1279 αἰσθητοῖς
845 1214 1051 1284 ἔχουσι,
1101 1217 1174 1270 Τὸ
1217 1217 1308 1270 οὖν
1341 1218 1669 1289 τελεώτερον
1696 1219 1854 1273 τοῦτο

275 1300 381 1351 καὶ
413 1301 808 1373 ἀκριϐέστερον
840 1309 940 1360 οὐκ
975 1308 1040 1360 ἀν
1075 1309 1183 1362 ἀπὸ
1211 1311 1321 1364 τῶν
1366 1311 1641 1379 αἰσθητῶν
1680 1314 1852 1382 ἴσχειν

272 1391 386 1485 τὴν
405 1393 586 1463 ψυχὴν
609 1396 635 1449 ὃ
665 1414 741 1485 γε.
763 1401 836 1470 μὴ
872 1401 1024 1454 ἐστιν
1065 1405 1123 1455 ἐν
1151 1404 1357 1466 αὐτοῖς.
1395 1406 1519 1459 Οὐδ’
1567 1402 1633 1460 αὖ
1682 1407 1853 1475 μηδα-

255 1483 390 1550 -μοῦ
423 1486 605 1571 ἄλλοθι
641 1487 699 1540 ὃν
725 1483 872 1560 αὐτῷ
899 1492 957 1557 ἐξ
980 1495 1151 1564 αὐτῆς
1173 1496 1526 1552 διανοεῖσθαι.
1559 1498 1692 1551 Οὐδὲ
1740 1499 1851 1568 γὰρ

257 1579 588 1649 ,πεφυκέναι
616 1583 712 1652 τὴν
743 1583 918 1654 ψυχὴν
943 1588 1165 1657 μηδαμῆ
1201 1589 1260 1643 δν
1289 1608 1340 1643 τι
1376 1591 1722 1645 διανοεῖσθαιο
1754 1592 1851 1652 τὰς

276 1671 392 1742 γὰρ
425 1672 642 1742 ψευδεῖς
673 1675 784 1729 τῶν
810 1677 979 1743 δοξῶν
1011 1680 1129 1749 οὐχὶ
1175 1682 1249 1751 μὴ
1297 1681 1485 1741 ὄντων.
1529 1683 1642 1736 ἀλλ’
1684 1683 1850 1736 ὄντων

257 1804 268 1811 .
280 1764 406 1831 μὲν,
439 1764 613 1818 ἄλλων
640 1766 696 1819 δὲ
731 1769 852 1820 κατ’
878 1769 1051 1823 ἄλλων
1109 1770 1248 1826 εἶναι
1297 1774 1574 1838 συνθέσεις
1604 1775 1757 1839 τινὰς
1789 1774 1848 1828 οὐ

279 1857 427 1925 κατὰ
458 1859 518 1911 τὸ
548 1858 708 1928 δρθὸν
753 1863 1069 1928 γινομένας.
1112 1864 1414 1919 Λείπεσθαι
1451 1866 1509 1919 δὲ
1539 1867 1632 1936 ἀφ’
1658 1868 1852 1937 ἐτέρας

274 1949 433 2011 τινὸς
461 1949 675 2017 φύσεως
713 1954 890 2024 πολλῷ
941 1955 1021 2007 ἔτι
1070 1956 1383 2026 κρείττονός
1426 1975 1487 2010 τε
1533 1959 1627 2011 καὶ
1657 1960 1853 2013 τελεωο

277 2041 449 2112 τέρας
475 2041 712 2114 ἀφήκειν
742 2049 805 2116 τῇ
845 2046 988 2116 ψυχῇ
1021 2048 1080 2101 τὺ
1108 2049 1439 2120 τελεώτερον
1462 2049 1623 2104 τοῦτο
1643 2052 1752 2104 τῶν
1794 2053 1850 2105 ἐν

273 2137 394 2196 τοῖς
425 2135 702 2205 αἰσθητοῖς
729 2138 922 2205 λόγων.
951 2140 1094 2209 Πρὸς
1139 2140 1310 2194 ταῦτα
1351 2142 1744 2212 Ἀριστοτέλης,
1789 2145 1852 2197 El

276 2225 424 2278 κατά
452 2226 579 2288 τοὺς
638 2227 980 2297 ἐπιστημῶν,
1030 2231 1184 2300 φησὶ,
1218 2231 1411 2298 λόγους
1463 2232 1536 2295 ὼς
1565 2232 1628 2302 δὴ
1663 2231 1771 2286 τῶν
1796 2235 1852 2286 ἐν

273 2317 394 2380 τοῖς
420 2317 699 2387 αἰσθητοῖς
732 2319 1213 2390 τελεωτέρου;,δεῖ
1246 2316 1386 2375 εῖναι
1415 2321 1480 2375 τὰ
1523 2323 1658 2392 εἴδη,
1695 2324 1850 2378 ἔσται

277 2408 378 2460 καὶ
415 2410 632 2462 πάντων
668 2409 806 2462 ὅσων
862 2428 968 2482 περ
1025 2412 1117 2465 καὶ
1171 2413 1476 2484 ἐπιστῆμαί
1522 2416 1679 2478 εἰσιν,
1711 2415 1847 2485 εἴδη.

279 2498 439 2553 Κατὰ
467 2499 521 2551 δὲ
553 2499 613 2552 τδ
642 2504 780 2554 νοεῖν
803 2519 853 2554 τι
886 2503 1012 2570 περί
1053 2520 1197 2568 τινος
1237 2505 1558 2575 φθαρέντος,
1595 2508 1737 2573 εἴγε
1776 2508 1850 2576 μὴ

275 2590 458 2645 ἔνεστι
486 2596 549 2662 τῇ
581 2592 724 2663 ψυχῇ
771 2594 843 2665 μὴ
873 2595 934 2648 δν
971 2612 1022 2648 τι
1059 2597 1224 2657 νοεῖν,
1265 2595 1421 2650 ἔσται
1471 2599 1564 2650 καὶ
1613 2599 1846 2652 ἑκάστου

273 2681 385 2735 τῶν
415 2684 666 2754 φθαρτῶν
692 2686 821 2739 ῐδιον
841 2685 998 2748 εἶδος.
1026 2686 1101 2739 Τὸ
1123 2686 1178 2740 δὲ
1198 2687 1382 2741 λοιπὸν
1416 2689 1843 2757 Ἀριστοτέλους,

273 2773 338 2828 τὸ
385 2774 529 2828 κατᾶ
577 2775 649 2848 ab,
676 2774 734 2826 ἓν
788 2775 880 2828 ἐπὶ
933 2776 1172 2842 πολλῶν,
1217 2777 1312 2830 καὶ
1344 2777 1452 2832 τῶν
1486 2780 1840 2847 ἀποφάσεων,

277 2869 531 2938 βούλεται
561 2871 703 2925 τόδε.
745 2872 858 2942 Οὐχ
888 2865 999 2925 οἶόν
1037 2889 1096 2924 τε
1150 2868 1313 2935 εῖναι,
1341 2874 1509 2940 φασὶν
1548 2873 1597 2926 οί
1636 2874 1700 2925 τά
1733 2874 1844 2945 εἴδη

275 2958 578 3024 τιθέμενοι,
602 2959 820 3022 πολλοῖς
852 2960 910 3012 ἓν
944 2978 995 3012 τι
1018 2962 1111 3014 καὶ
1149 2961 1345 3014 ταυτὸν
1375 2961 1582 3030 ἔχουσι,
1607 2961 1665 3014 τὸ
1683 2962 1849 3015 ταυτδ

274 3050 436 3105 τοῦτο
464 3051 650 3114 αὐτοῖς
684 3052 791 3104 ἀπὸ
830 3050 924 3103 τοῦ
962 3052 1271 3122 αὐτομάτου
1323 3048 1486 3106 εἶναι.
1535 3053 1608 3106 Οὐ
1645 3053 1752 3121 γὰρ
1784 3054 1849 3105 ἂν

274 3140 390 3198 οἶόν
416 3161 475 3197 τε
508 3139 650 3196 εἶναι
693 3143 954 3210 τετάχθαι
1005 3142 1141 3196 ἄττα
1200 3143 1485 3207 ὡσαύτως,
1517 3144 1636 3215 ἦτοι
1670 3145 1777 3206 ἀεὶ,
1810 3144 1870 3212 ἦ,

276 3236 373 3290 καὶ
401 3229 565 3298 ὡς’τά
594 3234 764 3288 πολλὰ
815 3235 920 3286 ἀπὸ
973 3235 1066 3286 τοῦ
1096 3217 1434 3303 αὐτομάτου.
1466 3235 1599 3302 ξΔὲοι
1630 3235 1695 3288 ἂν
1737 3233 1844 3304 ἄρα

277 3328 529 3391 ἑκάστοις
562 3326 619 3380 ἓν
657 3345 707 3381 τι
737 3328 832 3379 καὶ
869 3326 1064 3379 ταυτὸν
1095 3325 1218 3378 καθ’
1248 3325 1380 3381 αὐτὸ
1427 3327 1611 3395 ἔχουσι
1653 3327 1745 3378 καὶ
1781 3326 1843 3378 οὐ

275 3421 418 3475 κατά
463 3418 832 3488 συμϐεϐηκὸς,
881 3418 939 3471 ἓν
991 3435 1043 3470 τι
1097 3416 1378 3487 ἐξαίρετον
1423 3418 1742 3481 ²εφεστόιναι,
1786 3417 1845 3488 τὸ

275 3517 389 3575 τοῖς
421 3512 632 3574 πολλοῖς
682 3512 743 3564 τὸ
790 3512 908 3563 κατ’
959 3509 1128 3562 αὐτὸν
1175 3510 1430 3579 παρέξον.
1490 3509 1636 3579 Πρδς
1685 3493 1844 3562 τοῦτο

286 3581 688 3672 Ἀριστοτέλης,
717 3603 810 3652 καὶ
852 3599 992 3653 κατά
1025 3599 1104 3652 οτὺ
1138 3599 1217 3653 ἓν.
1250 3602 1433 3669 φησὶν,
1462 3600 1556 3651 ἐπὶ
1606 3599 1842 3664 πολλῶν,

276 3695 370 3749 καὶ
396 3694 502 3747 τῶν
533 3694 882 3761 ἀποφάσεων.
912 3691 1148 3761 Δηλαδὴ,
1179 3693 1227 3744 εἰ
1260 3693 1402 3745 κατὰ
1439 3693 1498 3745 τὸ
1524 3693 1581 3744 ἓν
1606 3711 1658 3744 τι
1703 3689 1843 3745 εἶναι

274 3789 389 3850 τοῖς
422 3787 730 3857 ἀνθρώποις
760 3785 860 3856 τὴν
892 3785 1319 3856 ἀνθρωπότητα,
1351 3787 1431 3838 δεῖ
1482 3803 1533 3838 τι
1564 3782 1702 3839 εἶναι
1749 3786 1844 3839 καὶ

278 3882 336 3934 ἓν
387 3878 667 3951 ἐξαίρετον
715 3879 775 3930 τὸ
815 3876 1347 3948 τῆν’ἀνθρωπότητα
1395 3874 1580 3938 αὐτοῖς
1635 3879 1842 3944 ταύτην

277 3973 530 4042 παρέξον,
553 3971 671 4023 δέον
702 3969 767 4023 ἂν
794 3971 889 4021 καὶ
918 3971 1029 4031 τοῖς
1059 3970 1157 4021 οὐκ
1186 3969 1494 4034 ἀνθρώποις
1524 3965 1665 4020 εἷναί
1699 3986 1750 4021 τι
1785 3967 1842 4020 ἓν

241 4064 335 4118 ’.τὸ
363 4065 458 4134 τὴν
491 4064 591 4115 οὐκ
629 4061 1024 4130 ἀνθρωπότητα
1065 4061 1248 4121 αὐτοῖς
1286 4061 1543 4129 παρέξον.
1587 4060 1693 4113 Καὶ
1735 4060 1842 4130 γὰρ

276 4158 370 4210 καὶ
401 4155 610 4216 τούτοις
644 4155 703 4205 ἓν
758 4170 810 4204 τι
852 4154 946 4204 καὶ
977 4154 1008 4220 ὴ
1044 4152 1144 4204 οὐκ
1212 4151 1570 4221 ἀνθρωπότης
1625 4152 1843 4211 πολλοῖς

276 4262 339 4313 γε
401 4243 572 4306 οὖσιν,
629 4243 816 4311 ὥσπερ
878 4243 969 4294 καὶ
1018 4244 1131 4305 τοῖς
1198 4241 1510 4310 ἀνθρώποις
1543 4241 1841 4310 ἡ.ἁνθρω-

277 4337 464 4407 πότης.
501 4334 688 4388 Ταῦτα
754 4334 852 4400 μὲν
907 4329 1000 4386 οὖν
1072 4334 1138 4385 τά
1200 4332 1645 4400 Ἀριστοτέλους·
1709 4333 1843 4399 ἡμῖν

275 4429 319 4482 δ’
350 4429 562 4498 ἀνάγκη
591 4421 682 4482 οἷά
713 4445 773 4480 τε
819 4427 888 4479 τὰ
939 4427 1056 4494 εἴδη
1088 4426 1182 4486 καὶ
1205 4427 1351 4486 ὅπως
1383 4424 1576 4494 ἔχοντα
1611 4427 1659 4478 oi
1701 4424 1840 4477 τιθέ-

1956 583 2287 639 existimatio
2329 595 2562 639 mentem
2609 584 2893 652 obreperet
2923 593 3032 636 tam
3088 583 3280 652 frigide
3314 592 3532 652 tamque

1957 689 2206 741 perverse
2241 677 2470 744 teipsnm
2505 677 2688 731 conari
2736 677 2850 729 haec
2881 676 3282 736 demonstrare,
3316 673 3381 725 de
3412 672 3532 739 qni-

1953 767 2056 819 bus
2084 767 2189 834 iam
2220 768 2566 822 disserimus.
2600 766 2706 821 Nos
2734 783 2861 820 vero
2891 768 3094 822 scimus
3125 776 3290 826 certo,
3310 764 3376 816 ab
3398 763 3528 822 illis.

1953 859 2046 928 qui
2095 860 2303 928 species
2330 861 2750 930 amplectuntur,
2792 860 3002 927 species
3033 874 3137 912 non
3175 871 3527 926 synonymas,

1955 950 2048 1004 sed
2071 951 2423 1019 cOgnomines
2455 951 2570 1005 sive
2598 950 2908 1018 arquivocas
2953 949 3115 1004 rebus
3166 948 3352 1003 sensui
3405 946 3533 999 sub-

1953 1037 2112 1105 jectis
2148 1047 2202 1092 et
2233 1039 2534 1095 existimari
2569 1048 2619 1093 et
2654 1039 2939 1109 appellari.
2969 1037 3236 1093 Caeterum
3281 1037 3529 1092 ostende-

1955 1145 2076 1184 mus
2107 1131 2255 1186 nullo
2305 1132 2464 1185 modo
2518 1147 2637 1187 esse
2686 1141 2943 1201 cognatas
2991 1131 3107 1186 sive
3152 1144 3527 1200 synonymas.

1953 1220 2305 1290 ejusdemque
2335 1237 2556 1290 prorsus
2587 1210 2816 1288 naturae,
2847 1238 2909 1276 ex
2946 1221 3012 1278 iis
3055 1220 3364 1292 principiis,
3400 1219 3526 1289 qni-

1955 1315 2054 1371 bus
2082 1316 2157 1370 illi
2201 1325 2450 1370 utuntur.
2495 1315 2859 1384 lntelligibilia
2897 1330 3131 1384 namque
3199 1316 3311 1379 illa,
3348 1328 3529 1366 rerum

1953 1409 2136 1463 sensui
2172 1408 2539 1474 subiectarum
2575 1419 2832 1477 tanquam
2863 1408 3152 1473 imaginem
3190 1403 3522 1471 exemplaria

1957 1498 2183 1554 faciunt.
2233 1500 2526 1570 Imaginem
2589 1509 2770 1554 autem
2850 1514 3084 1568 quanam
3127 1499 3250 1567 quis
3320 1497 3531 1550 ratione

1954 1591 2247 1660 exemplari
2280 1602 2560 1661 cognatam
2599 1592 2712 1644 sive
2741 1590 3027 1645 univocam
3082 1603 3205 1642 esse
3243 1588 3527 1643 existima-

1954 1682 2113 1744 verit,
2148 1681 2252 1734 nisi
2296 1681 2434 1737 forte
2469 1683 2610 1736 idem
2637 1682 2801 1736 etiam
2839 1689 3073 1734 statuam
3126 1679 3392 1750 Lysandri
3431 1694 3528 1734 co-

1953 1785 2170 1842 gnatam
2198 1775 2311 1829 sive
2340 1775 2622 1833 univncam
2644 1773 2925 1844 Lysandro
2946 1780 2999 1825 et
3019 1770 3268 1842 Herculis
3291 1780 3525 1826 statuam

1958 1855 2177 1920 Ilerculi
2210 1881 2567 1935 synonymam
2602 1866 2855 1935 appellet.
2892 1863 3087 1918 Verum
3123 1864 3401 1932 enimvero
3445 1863 3530 1917 bis

1955 1955 2274 2010 Aristoteles
2299 1956 2471 2010 utitur
2492 1956 2800 2010 rationibus
2819 1962 2873 2008 et
2897 1954 2977 2009 sic
3007 1954 3203 2024 inquit,
3227 1953 3528 2007 secundum

1957 2062 2193 2116 namque
2230 2050 2487 2112 rationes,
2517 2063 2637 2117 quae
2687 2063 2755 2102 ex
2804 2044 3071 2111 scientiis,
3113 2046 3319 2115 species
3371 2051 3533 2098 erunt

1954 2141 2222 2204 omnium,
2259 2157 2492 2210 quorum
2557 2143 2799 2196 scientiae
2850 2151 2997 2206 sunt,
3036 2142 3336 2196 secundum
3398 2154 3530 2193 vero

1958 2246 2122 2284 unum
2157 2231 2209 2284 in
2245 2232 2432 2287 multis
2464 2241 2515 2286 et
2540 2233 2916 2301 negationum.
2949 2235 3019 2288 At
3048 2232 3350 2289 secundum
3381 2229 3528 2300 quod

1953 2323 2270 2389 intelligitur
2305 2325 2609 2393 quippiam,
2643 2339 2706 2379 eo
2732 2335 3013 2394 corrupto,
3041 2327 3209 2378 etiam
3249 2322 3529 2392 corrupti-

1953 2413 2168 2467 bilium.
2217 2414 2339 2469 llzec
2395 2417 2615 2484 quidem
2677 2417 2910 2471 obscure
2938 2415 3350 2485 quodammodo
3385 2414 3527 2468 dicta

1952 2516 2083 2560 sunt
2117 2506 2182 2560 ab
2211 2507 2522 2562 Aristotele.
2550 2509 2779 2576 Oportet
2811 2509 2992 2579 itaque
3031 2524 3127 2564 nos
3174 2509 3326 2576 prius
3360 2506 3543 2574 expli-.

1951 2609 2077 2649 care
2108 2595 2196 2648 illa
2243 2613 2362 2666 quae
2394 2598 2459 2650 ab
2492 2599 2559 2650 iis
2599 2599 2878 2665 dicuntur,
2920 2598 3009 2666 qui
3057 2597 3268 2666 species
3318 2595 3528 2650 cons:i-

1956 2693 2143 2749 tuum,
2177 2696 2339 2755 atque
2392 2689 2471 2742 sic
2504 2690 2760 2758 deinceps
2796 2690 3107 2746 Aristotelis
3142 2699 3376 2743 mentem
3414 2688 3532 2756 pla-
3567 2741 3573 2750 ,

1953 2792 2076 2831 nam
2128 2777 2328 2834 facere.
2383 2779 2459 2833 llli
2500 2782 2680 2850 itaque
2713 2780 3013 2836 formarum
3052 2782 3169 2836 sive
3215 2780 3526 2850 specierum

1953 2879 2206 2926 auctores
2236 2877 2564 2941 patronique
2594 2874 2768 2938 aiunt,
2804 2875 2949 2944 quod
2977 2875 3021 2929 si
3065 2873 3306 2928 rationes
3344 2888 3527 2927 rerum

1954 2963 2210 3017 sensibus
2265 2963 2635 3031 Subiecta-rum
2693 2965 2767 3019 ita
2816 2966 3002 3020 animo
3035 2965 3434 3032 concipiantur,
3470 2975 3529 3018 ut

1955 3048 2074 3103 illas
2105 3053 2324 3106 animus
2356 3050 2587 3108 'scientia
2623 3055 2924 3118 contineat,
2979 3061 3092 3108 tum
3144 3053 3384 3108 rationes
3422 3055 3527 3108 illa:

1953 3144 2264 3199 accuratius
2313 3158 2371 3199 se
2404 3146 2600 3200 habent
2632 3145 3034 3215 perfectiusque
3069 3145 3123 3199 in
3158 3145 3352 3214 seipsis
3383 3161 3520 3200 con-

1951 3235 2174 3296 sistunt,
2211 3251 2372 3304 quam
2417 3235 2467 3288 iu
2506 3237 2670 3310 rebus
2699 3251 2758 3290 se
2793 3237 3017 3302 habent,
3056 3253 3175 3307 qum
3213 3252 3374 3292 sensu
3405 3254 3527 3306 per-

1949 3328 2246 3397 cipiuntur.
2279 3330 2801 3400 Perfectiusitaqne
2833 3331 2960 3384 illud
3015 3339 3178 3399 atque
3213 3332 3528 3387 accuratius

1947 3435 2057 3475 non
2090 3436 2119 3474 a
2150 3420 2310 3475 rebus
2341 3422 2524 3475 sensui
2549 3422 2807 3489 subjectis
2835 3423 3105 3476 obtinebit
3131 3408 3344 3477 animus
3369 3424 3512 3491 quod

1947 3511 2168 3577 quidem
2204 3526 2309 3565 non
2341 3521 2424 3566 est
2455 3513 2506 3565 in
2540 3512 2694 3580 ipsis,
2725 3527 2900 3580 neque
2927 3529 3114 3566 rursus
3140 3513 3193 3567 id
3221 3514 3361 3588 quod
3391 3514 3522 3566 alibi

1949 3598 2216 3668 n'lisquam
2249 3602 2496 3666 exsistat,
2525 3603 2740 3656 animus
2781 3617 2846 3656 ex
2881 3604 3059 3673 seipse
3097 3603 3390 3671 concipiet.
3421 3602 3528 3656 Ne-

1947 3707 2053 3759 que
2076 3693 2217 3744 enim
2244 3691 2382 3746 Solet
2412 3693 2626 3746 animus
2661 3693 2709 3744 id
2739 3693 2881 3760 quod
2914 3708 3186 3761 nusquam
3218 3702 3319 3757 est,
3347 3693 3527 3762 aliqua

1945 3800 2010 3838 ex
2044 3791 2195 3850 parte
2219 3783 2509 3849 concipere
2548 3802 2562 3838 :
2603 3783 2648 3837 si
2682 3783 2900 3851 quidem
2928 3784 3214 3839 mendaces
3238 3784 3524 3853 opiniones

1948 3888 2058 3929 tum
2094 3875 2493 3943 concipiuntur,
2528 3877 2749 3944 quando
2784 3892 2886 3929 non
2913 3892 2975 3930 ea
3001 3877 3241 3945 quidem,
3267 3893 3387 3947 qure
3409 3894 3517 3932 non

1945 3977 2093 4034 sunt,
2140 3968 2230 4022 sel
2257 3982 2320 4021 ea
2351 3983 2471 4035 qua:
2502 3977 2629 4022 sunt
2662 3969 2768 4020 alia
2802 3968 2922 4022 aliis
2960 3983 3068 4024 non
3106 3979 3248 4024 recte
3296 3972 3525 4036 conjun-

1945 4067 2162 4130 guntur.
2189 4052 2708 4128 Hinc'igitursequi
2743 4062 2920 4124 aiunt,
2954 4068 3012 4113 ut
3047 4060 3113 4113 ab
3142 4060 3244 4114 alia
3285 4062 3520 4130 quadam

1944 4151 2121 4202 adhuc
2162 4148 2537 4217 praestantiore
2592 4155 2645 4201 et
2698 4147 3024 4217 perfectiora
3074 4155 3291 4213 natura,
3346 4148 3526 4217 perfe-

1943 4241 2082 4296 ctius
2116 4240 2246 4298 illud
2279 4255 2466 4294 earum
2501 4241 2774 4294 rationum
2804 4282 2817 4305 ,
2866 4256 2986 4310 qua:
3020 4243 3074 4296 in
3127 4244 3307 4296 rebus
3336 4245 3525 4297 sensui

1944 4331 2208 4402 subjectis
2248 4341 2395 4393 sunt,
2453 4330 2670 4386 animus
2722 4331 3077 4400 adipiscatur.
3111 4331 3232 4385 Jam
3262 4324 3527 4388 adversus

1946 4423 2059 4477 haec
2087 4423 2410 4478 Aristoteles
2448 4423 2646 4490 inquit,
2682 4425 2726 4476 si
2759 4424 3057 4477 secundum
3089 4424 3354 4490 rationes,
3399 4440 3521 4493 quae

280 4537 432 4592 μενοι
478 4519 724 4586 ἀξιοῦσιν
786 4515 928 4572 εἷναι
985 4520 1252 4588 πρότερον
1305 4517 1646 4587 ἐπιθεμένοις,
1700 4517 1840 4569 οὕτω

1949 4528 2011 4567 ex
2053 4515 2326 4579 scientiis,
2363 4524 2549 4581 utpote
2581 4529 2647 4567 ex
2684 4513 2751 4568 iis
2786 4529 2907 4582 quac
2942 4525 3068 4568 sunt
3115 4516 3470 4582 perfectiores
3505 4555 3518 4576 ,

277 4611 407 4682 πρὸς
434 4611 503 4665 τά
561 4611 964 4680 Ἀριστοτέλους
997 4611 1243 4680 ἀπαντᾷν
1263 4650 1277 4671 ,
1310 4607 1452 4662 οὕτω
1493 4608 1614 4676 γάρ·
1645 4609 1711 4660 ἂν
1747 4624 1840 4660 oct-

277 4702 513 4771 φέστατα
547 4700 850 4772 ἐλεγχθείη,
879 4701 947 4754 τὰ
984 4701 1082 4770 μὲν
1113 4699 1488 4768 συκοφαντῶν,
1517 4699 1584 4752 τὰ
1611 4699 1655 4752 δ’
1689 4699 1840 4777 οὐδὲν
1880 4742 1891 4750 .

280 4795 575 4864 περαίνων.
611 4797 684 4848 Οὐ
709 4794 865 4848 τοῦδε
899 4792 992 4847 τοῦ
1028 4794 1257 4863 οὐρανοῦ
1298 4793 1633 4863 δημιουργὸν
1673 4807 1842 4862 προσ-

280 4888 377 4957 εχῆ
428 4887 520 4940 τὸν
563 4887 748 4956 ἄκρως
799 4887 1002 4963 ἀγαθὸν
1026 4885 1160 4940 Θεὸν
1212 4888 1259 4939 oi
1301 4887 1370 4938 τά
1417 4886 1534 4956 είδη
1565 4885 1839 4954 τιθέμενοι

278 4981 517 5046 ἀξιοῦσιν
551 4976 710 5045 εἶναι,
761 4979 875 5033 ἀλλ’
916 4981 1106 5050 ἑτέρας
1161 4981 1427 5050 πρότερον
1482 4979 1700 5046 φύσεως
1746 4981 1840 5032 καὶ

275 5073 451 5134 οὐσίας
485 5072 663 5141 ἑαυτῷ
693 5089 751 5124 τε
787 5071 1216 5139 συγγενεστέρας
1247 5074 1338 5124 καὶ
1366 5053 1600 5129 ἀίωνίας
1648 5071 1733 5122 ἀεί
1781 5087 1838 5122 τε

278 5162 365 5213 καὶ
401 5161 521 5214 κατ’
559 5160 697 5214 αὐτὰ
755 5161 1015 5223 ὡσαύτως
1075 5160 1326 5230 ἐχούσης,
1369 5161 1459 5214 τδν
1513 5160 1556 5212 δ’
1608 5162 1838 5230 οὐρανὸν

277 5253 420 5304 τόνδε
455 5251 523 5305 δι’
554 5253 770 5321 ἐκείνης
805 5253 903 5322 ἤδη
933 5253 1032 5322 τῆς
1063 5253 1251 5315 οὐσίας
1292 5254 1385 5305 καὶ
1413 5253 1472 5304 οὗ
1526 5255 1647 5304 κατ’
1671 5253 1836 5304 αὑτὸν

275 5344 338 5398 δι’
357 5344 519 5398 αὐτοῦ
553 5345 1108 5417 δεδημιουργηκέναι,
1154 5345 1402 5416 Ἐκείνην
1430 5363 1488 5398 τε
1520 5346 1621 5416 τὴν
1649 5346 1838 5397 οὐσίαν

276 5437 330 5496 ἐς
361 5435 454 5487 ενα
483 5451 542 5488 τε
574 5437 765 5503 νοητὸν
818 5436 1022 5504 κόσμον
1076 5438 1406 5500 συνιστᾶσιν,
1437 5437 1496 5489 ὃν
1542 5439 1572 5489 ὁ
1618 5436 1825 5505 Λοκρὸς

275 5526 498 5596 Τίμαιος
558 5528 793 5582 ίδανικδν
856 5529 1048 5593 καλεῖ,
1087 5528 1286 5598 δηλαδή
1343 5531 1565 5585 εἰδικόν.
1625 5530 1734 5582 Καὶ
1775 5530 1839 5580 ἐκ

275 5617 491 5670 πάντων
529 5633 588 5669 τε
642 5619 742 5672 καὶ
792 5617 1062 5680 παντοίων
1091 5617 1247 5670 εἱδῶν
1279 5618 1619 5682 συντιθέντες
1647 5619 1754 5670 νῶν
1782 5635 1839 5670 τε

276 5708 377 5761 τῶν
405 5707 606 5771 αὐτῶν,
663 5708 758 5760 ἕνα
812 5707 888 5776 τῷ
931 5708 1038 5777 ὅλῳ
1071 5707 1261 5779 κόσμῳ
1299 5707 1473 5778 τούτῳ
1507 5709 1713 5778 νοητῷ,
1749 5709 1863 5761 τὸν.

281 5795 602 5853 τελεώτατον
653 5798 902 5867 ἐφιστᾶσι
951 5798 1100 5865 νοῦν,
1132 5800 1199 5856 τά
1235 5800 1514 5871 δευτερεῖα
1548 5801 1646 5869 τῆς
1696 5803 1836 5856 κατὰ

1947 4620 2109 4675 quam
2145 4621 2222 4660 eae
2252 4621 2372 4674 qua:
2401 4615 2528 4660 sunt
2557 4605 2610 4658 in
2643 4605 2808 4660 rebus
2843 4608 3027 4661 sensui
3060 4607 3340 4675 subjectis,
3364 4624 3523 4676 Opor-

1947 4704 2026 4751 tet
2052 4712 2176 4752 esse
2196 4698 2411 4767 species
2434 4698 2547 4752 sive
2576 4697 2800 4766 fortnas,
2831 4707 2940 4752 tum
2965 4708 3125 4752 erunt
3146 4701 3306 4753 etiam
3334 4700 3521 4755 forma:

1946 4787 2189 4840 omnium
2227 4801 2431 4848 rerum,
2467 4801 2811 4856 qumupque
2867 4787 3094 4840 scicntia
3142 4790 3520 4844 continentur.

1937 4876 2012 4952 _At
2044 4883 2340 4932 secundum
2371 4879 2515 4946 quod
2550 4878 2862 4946 intelligitur
2899 4878 3200 4947 quippiam,
3242 4883 3383 4948 quod
3406 4884 3516 4950 jam

1944 4969 2232 5034 interierit,
2267 4970 2311 5024 si
2342 4970 2499 5023 modo
2523 4970 2738 5023 animus
2764 4971 2813 5022 id
2837 4970 2982 5038 quod
3017 4987 3121 5026 non
3151 4974 3372 5026 exsistit
3410 4990 3515 5027 non

1941 5062 2234 5129 concipiat.
2270 5061 2618 5130 iutelligatve,
2650 5070 2808 5115 erunt
2835 5063 2997 5115 etia'o
3034 5064 3370 5132 singulorum
3399 5077 3520 5117 cor-

1942 5154 2272 5222 ruptibilimn
2303 5155 2536 5223 propriae
2568 5153 2947 5219 forntte.Quml
2981 5158 3226 5226 sequitur
3258 5159 3308 5209 in
3341 5159 3520 5212 verbis

1939 5245 2272 5309 Aristotelis,
2331 5245 2424 5298 ubi
2479 5246 2648 5308 dicit,
2706 5248 3006 5300 secundum
3063 5264 3191 5303 vero
3243 5267 3410 5302 unum
3464 5248 3535 5303 ἰδ’

1948 5338 2156 5412 multis,
2184 5347 2237 5391 et
2270 5339 2644 5407 negatiouum,
2679 5339 2823 5392 hunc
2863 5340 3023 5392 habet
3073 5356 3319 5394 sensum.
3356 5341 3521 5392 Aiunt

1941 5431 2030 5501 qui
2080 5431 2227 5486 ideas
2275 5431 2597 5491 defendunt,
2659 5447 2760 5484 nou
2810 5447 2970 5500 pOSSe
3025 5433 3160 5493 ﬁeri.
3216 5443 3273 5486 ut
3333 5435 3520 5487 multis

1946 5537 2113 5576 unum
2140 5534 2194 5576 et
2229 5522 2369 5575 idem
2403 5521 2682 5591 quidpiam
2718 5523 3066 5588 habentibus,
3091 5524 3221 5577 illud
3253 5525 3388 5577 idem
3420 5539 3516 5576 sua

1941 5624 2134 5683 sponte
2163 5623 2217 5668 et
2251 5622 2457 5668 temere
2482 5614 2781 5682 conlingat.
2810 5613 2994 5684 Neque
3023 5615 3164 5669 enini
3191 5629 3349 5682 posse
3375 5616 3514 5678 lit-ri,

1945 5719 2002 5760 ut
2051 5705 2232 5774 aliqua
2276 5715 2369 5759 aut
2424 5721 2638 5775 semper
2691 5719 2778 5760 aut
2826 5717 2882 5760 ut
2942 5707 3235 5775 plurimum
3293 5708 3515 5761 fortuito

1943 5796 2181 5870 quodam
2236 5812 2366 5854 casu
2422 5795 2670 5852 cutudcm
2709 5807 2923 5854 servent
2970 5798 3240 5854 ordinem.
3286 5801 3507 5870 Oportet
