3982 6332
660 457 765 517 9Ξ23

1864 459 2184 521 GEORGII
2233 458 2661 517 PLETHONIS

3776 453 3857 513 93!

659 566 778 618 aliis
800 564 1101 625 adbaarcnt,
1132 562 1351 617 minime
1385 578 1513 617 sane
1546 564 1874 618 verebuntur
1900 566 1933 619 ii
1971 567 2061 634 qui
2091 580 2208 631 spe-

2320 565 2568 632 ἔκλειψιν
2606 565 2892 632 πεποίηκε.
2946 564 3055 615 Καὶ
3106 564 3134 616 δ
3186 564 3347 631 νόμος
3406 562 3465 614 δὲ
3521 565 3547 615 ὁ
3600 565 3721 629 περὶ
3768 566 3856 616 τῶν

566 645 586 665 ⁸
658 656 768 708 cies
820 656 1157 707 constituunt
1223 654 1511 718 afﬁrmare,
1564 658 1691 724 quin
1728 660 1917 711 horum
1964 658 2204 711 omnium

659 762 764 799 non
806 746 913 800 sint
940 746 1167 813 species,
1202 760 1306 798 non
1340 754 1517 800 tamen
1548 748 1797 801 similiter
1820 749 2082 811 omnium,
2112 748 2205 803 sed

658 850 844 888 eorum
875 835 1087 903 quidem
1164 851 1284 903 quae
1317 836 1401 889 hic
1429 837 1480 889 in
1502 839 1707 905 species
1746 839 1921 893 linitas
1949 839 2201 892 dividuu-

648 932 771 989 ‘tur,
833 925 1072 991 singulas
1110 941 1229 980 esse
1272 928 1323 979 in
1387 927 1614 996 singulis
1642 931 1930 997 generibus
1970 929 2201 998 species,

661 1029 843 1068 eorum
870 1030 1017 1075 vero,
1055 1030 1172 1082 quas
1204 1014 1268 1067 ad
1312 1016 1628 1069 inﬁnitatem
1655 1021 1939 1087 quamdam
1978 1018 2085 1086 jam
2121 1033 2207 1071 re-

659 1103 864 1165 cidunt,
894 1119 1054 1157 unam
1090 1105 1349 1158 duntaxat
1383 1106 1432 1157 in
1461 1107 1717 1162 omnibus
1751 1107 1992 1161 inﬁnitis.
2027 1106 2200 1171 Quam

659 1193 891 1261 primum
917 1195 1080 1255 enim,
1108 1195 1337 1261 exempli
1367 1197 1560 1264 gratia,
1603 1199 1749 1251 omni
1813 1200 1903 1265 qui
1952 1199 2037 1252 bic
2102 1209 2202 1263 est,

662 1300 889 1337 numero
938 1294 1157 1354 propter
1215 1287 1557 1355 inlinitatem,
1595 1305 1754 1343 unam
1802 1305 1920 1358 quae
1973 1291 2083 1345 illic
2127 1300 2210 1345 est

662 1373 885 1428 formam
921 1378 1218 1445 praeﬁciunt
1276 1395 1396 1447 quae
1425 1390 1477 1435 et
1510 1383 1577 1435 sit
1609 1382 1782 1444 unica,
1809 1391 1862 1435 et
1896 1383 2205 1450 singillatim

659 1466 1300 1535 comprehendatomnia,
1343 1487 1675 1539 quaecunque
1708 1488 1936 1526 numero
1976 1474 2066 1541 qui
2122 1473 2207 1528 hic

614 1574 617 1577 ν
659 1563 735 1605 est
768 1553 1057 1610 distinctim
1101 1567 1153 1611 et
1180 1575 1272 1626 per
1295 1576 1352 1613 se
1382 1562 1720 1631 contingunt.
1755 1563 1951 1616 Eadem
1981 1579 2202 1629 quoque

659 1652 741 1696 est
771 1632 908 1697 ratio
938 1661 1145 1711 eorum,
1179 1664 1299 1717 quae
1323 1651 1467 1705 circa
1535 1661 1753 1706 nostras
1802 1655 2206 1721 magnitudines

660 1727 1131 1805 dimensionesque
1157 1739 1431 1800 accidunt,
1480 1752 1541 1795 ut
1573 1743 1681 1797 illie
1711 1742 1881 1797 forma
1941 1748 2212 1814 magnitu-

660 1823 801 1877 dinis
831 1826 1073 1880 situnica
1111 1842 1278 1895 eaque
1307 1830 1603 1886 individua.
1639 1833 1716 1886 Ab
1750 1834 1853 1889 illis
1886 1848 2044 1900 porro
2101 1834 2209 1888 for-

663 1912 762 1965 mis
784 1915 1018 1967 animum
1044 1926 1282 1969 nostrum
1310 1918 1668 1974 illuminatum
1724 1939 1978 1978 numeros
2006 1926 2211 1979 mathe-

662 2006 886 2059 maticos
920 2013 973 2060 et
998 2009 1396 2076 magnitudines
1437 2014 1843 2070 mathematicas
1895 2017 2210 2082 explicatius

660 2096 977 2165 intelligere,
1010 2113 1126 2165 quae
1158 2109 1284 2153 sunt
1325 2102 1506 2155 multae
1534 2106 1776 2171 quaedam
1813 2115 1866 2160 et
1922 2108 2214 2162 simulacra

661 2184 1099 2254 intelligibilium,
1137 2193 1315 2260 itaque
1354 2194 1421 2244 ab
1481 2196 1560 2248 his
1598 2197 1668 2248 ita
1723 2198 2117 2265 repraesentari,
2162 2204 2213 2253 et

661 2277 837 2331 abhis
900 2295 1017 2346 quze
1045 2281 1095 2332 in
1136 2282 1289 2349 aquis
1335 2287 1766 2339 suntsiinnlacra
1804 2297 1963 2355 atque
1999 2289 2205 2342 umbrae

660 2382 836 2421 rerum
874 2371 1052 2423 sensui
1086 2374 1529 2443 perceptibilium,
1579 2377 1688 2451 ipsa
1754 2379 2060 2433 referuntur
2086 2394 2211 2433 sen-

660 2460 853 2513 sibili».
891 2461 961 2514 Ita
998 2479 1214 2531 quoque
1249 2482 1369 2533 qua“:
1413 2468 1478 2520 ab
1534 2468 1847 2525 hominibus
1883 2486 2041 2524 manu
2086 2486 2212 2540 pos-

658 2560 783 2603 sunt
809 2554 1102 2615 confici,ea
1136 2557 1321 2610 dicunt
1352 2558 1404 2612 in
1455 2559 1621 2614 forma
1684 2562 1919 2617 hominis
1952 2565 2052 2617 illis
2102 2566 2213 2619 sin-

661 2639 881 2705 gillatim
913 2646 1313 2711 comprehendi,
1333 2650 1470 2702 unde
1493 2651 1710 2717 npiﬁces
1736 2654 1916 2705 animo
1947 2654 2047 2707 alia
2077 2655 2211 2709 alios

663 2732 965 2799 concipere,
1000 2744 1053 2787 et
1108 2736 1438 2808 singulorum
1476 2740 1953 2797 instrumentorum
2009 2746 2215 2812 species

664 2823 809 2883 prius
844 2824 1111 2879 intellectu
1169 2831 1281 2895 ipso
1315 2831 1366 2882 in
1424 2833 1631 2897 seipsis.
1668 2829 1981 2899 informare,
2015 2836 2212 2891 deinde

656 2912 824 2964 rebus
860 2913 1009 2980 ipsis,
1046 2932 1164 2982 qure
1187 2934 1350 2972 sensu
1388 2923 1781 2990 percipiuntur,
1840 2935 2057 2979 manum
2116 2942 2209 2981 ac-

662 3004 1027 3059 commodare.
1088 3007 1159 3061 De
1194 3008 1262 3062 iis
1297 3025 1497 3075 autem,
1522 3030 1640 3080 quae
1666 3030 1757 3082 per
1782 3017 2035 3072 accidens
2094 3034 2215 3071 eve-

662 3095 839 3157 niunt,
868 3095 910 3148 si
947 3097 1105 3149 etiam
1148 3098 1215 3151 sit
1269 3101 1490 3155 scientia
1537 3106 1821 3172 quaepiam,
1878 3105 2215 3175 quandoqui-

2308 657 2620 725 Ὀλυμπίων
2638 656 2757 710 καθ’
2779 656 2938 708 αὐτὸν
2962 656 3028 709 τὰ
3058 655 3327 724 Ὀλύμπια
3363 655 3746 724 ἐνομοθέτησε.
3768 658 3854 710 Καὶ

2300 733 2409 818 μὲν
2454 750 2517 820 δὴ
2572 751 2663 802 καὶ
2720 749 2811 802 τοῦ
2858 751 2911 810 ἐς
2962 750 3021 801 τὸ
3057 749 3186 802 αὐτὸ
3222 749 3780 817 συμπεπτωκέναιτά
3809 766 3853 800 τε

2323 840 2593 908 Ὀλύμπια
2640 840 2731 891 καὶ
2767 838 3010 906 ἔκλειψιν
3042 839 3141 906 τὴν
3170 840 3262 892 τοῦ
3295 840 3449 908 ἡλίου
3483 841 3543 892 τό
3578 858 3640 904 γε
3670 850 3857 905 συμμε-

2309 928 2553 996 τρεῖσθαι
2616 928 2750 997 πρὸς
2813 927 3047 996 ἀλλήλας
3106 930 3208 989 τὰς
3260 928 3535 996 ἑκατέρων
3592 928 3855 995 περιόδους

2308 1022 2478 1073 αι’τιον
2530 1020 2864 1087 γέγονεμκαὶ
2911 1018 3100 1072 τούτου
3151 1015 3217 1073 αὖ
3264 1019 3450 1087 ἕτερον
3498 1020 3528 1086 ἡ
3573 1020 3757 1089 ἑτέρα,
3796 1012 3855 1069 ὧν

2310 1111 2538 1164 ἕκαστον
2571 1111 2691 1164 καθ’
2722 1112 2855 1164 αὐτὸ
2903 1112 3164 1180 προσεχὲς
3200 1110 3560 1178 ἀπεργάζοιτ’
3598 1113 3683 1164 ἄν.
3714 1112 3853 1162 Ὥστε

2311 1202 2539 1262 παῦσαι,
2570 1205 2744 1268 φαῖεν,
2784 1200 3179 1272 ’Δριστδτελες,
3210 1201 3422 1254 ἅπαντα
3454 1202 3571 1269 ἦτοι
3602 1201 3854 1267 οὐσίας,ῆ

2312 1293 2454 1346 κατὰ
2490 1292 2833 1361 συμϐεϐηκὸς
2876 1293 3061 1354 αὐταῖς
3098 1292 3500 1361 προσγινόμενα
3549 1291 3855 1359 βιαζόμενος

2311 1384 2649 1450 ἀποφαίνειν,
2681 1384 2773 1434 καὶ
2806 1383 2871 1435 τὰ
2910 1382 3053 1435 κατὰ
3084 1383 3431 1451 συμϐεϐηκὸς
3462 1376 3529 1434 αὖ
3560 1383 3735 1433 ταῦτα
3764 1383 3856 1431 τιίν

2312 1474 2431 1525 καθ’
2454 1474 2591 1526 αὐτὰ
2625 1476 2799 1528 πάντα
2826 1475 3189 1545 ἀπορρηγνύς.
3228 1474 3346 1526 Ἔτι
3382 1476 3566 1541 φησὶν,
3594 1475 3655 1525 El
3682 1474 3779 1540 μὲν
3810 1474 3857 1523 τὸ

2312 1562 2443 1613 αὐτὸ
2473 1559 2607 1623 εἶδος
2640 1563 2748 1615 τῶν
2778 1581 2836 1617 τε
2876 1564 3025 1616 ίδεῶν
3060 1565 3153 1616 καὶ
3186 1564 3295 1615 τῶν
3323 1564 3683 1631 μετεχόντων,
3718 1564 3857 1613 ἔσται

2312 1668 2363 1702 τι
2390 1653 2585 1704 κοινόν.
2626 1653 2687 1704 Ei
2710 1652 2769 1705 δὲ
2798 1654 2957 1721 μὴτὸ
2993 1654 3124 1707 αὐτὸ
3156 1652 3314 1716 εἶδος,
3343 1656 3609 1719 ὁμώνυμα
3652 1653 3718 1705 ἂν
3763 1654 3855 1719 εἴη,

2315 1742 2406 1792 καὶ
2452 1743 2551 1793 οὐκ
2594 1742 2667 1794 ἔτ’
2714 1743 2777 1795 ἂν
2816 1744 3042 1811 οὐδεμία
3073 1746 3326 1797 κοινωνία
3361 1746 3443 1814 εἴη
3484 1744 3684 1797 αὐτῶν.
3732 1745 3857 1796 Ἀλλ’

2313 1832 2433 1884 οὐτε
2465 1832 2555 1884 τοῦ
2586 1833 2792 1902 ἐτέρου,
2826 1834 3075 1902 φήσουσι,
3111 1836 3291 1888 κοινοῦ
3336 1823 3416 1887 δεῖ
3466 1837 3642 1897 εἴδους
3690 1853 3855 1903 παρπ-

2313 1923 2564 1991 δείγματί
2598 1940 2657 1975 τε
2699 1925 2793 1975 καὶ
2822 1926 3010 1989 εἰκόνι,
3040 1925 3160 1977 οὐτε
3200 1928 3247 1977 εἰ
3272 1925 3536 1992 ὁμῶνυμά
3565 1926 3734 1987 ἐστιν,
3762 1926 3857 1977 ῶσ-

2314 2031 2420 2081 περ
2462 2012 2555 2067 οὖν
2581 2015 2674 2066 καὶ⁷
2709 2014 2877 2079 ἔστιν,
2909 2017 3005 2068 οὐκ
3036 2016 3108 2068 ἔτ’
3148 2018 3214 2069 ἂν
3242 2017 3461 2083 οὐδεμία
3501 2020 3751 2073 κοινωνία
3784 2020 3857 2081 εἴη

2316 2102 2511 2164 αὐτῶν,
2570 2103 2601 2172 ἢ
2650 2106 2734 2166 σύ,
2774 2105 3057 2171 φήσουσιν,
3105 2100 3157 2159 ὧ·
3207 2106 3602 2175 Ἀριστότελες,
3646 2111 3713 2160 τὰ
3746 2108 3858 2159 ὅντα

2314 2194 2580 2263 ὁμώνυμα
2612 2178 2943 2259 ἀξιιῦνιεῖναι
2991 2199 3081 2249 καὶ
3123 2200 3375 2266 οὐδεμίαν
3405 2202 3587 2264 αὐτοῖς
3628 2201 3859 2269 ἀλλήλων

2315 2282 2597 2335 κοινωνίαν
2623 2282 2875 2346 ἀξιώσεις
2905 2280 3077 2351 elvut;
3121 2287 3261 2337 Ἀλλ’
3292 2287 3384 2341 ἆτε
3418 2281 3594 2357 φήσας
3615 2290 3673 2341 “rb
3695 2290 3860 2341 τοίοῦ-

2314 2387 2402 2423 τον
2432 2371 2685 2439 οὐδαμοῦ,
2735 2373 2834 2424 οὐκ
2880 2374 2945 2427 ἄν
2987 2393 3115 2428 ποτε
3160 2378 3346 2445 φαίης,
3376 2378 3509 2432 ἀλλὰ,
3541 2379 3634 2432 νῦν
3677 2398 3737 2447 γε
3768 2381 3861 2432 ὐπὸ

2316 2458 2614 2525 βασκανίας
2640 2461 2737 2529 τῆς
2767 2462 3074 2531 πρδςοήμᾶς
3105 2469 3371 2535 προσποιῇ
3399 2468 3633 2533 ἀγνοεῖν,
3666 2469 3737 2530 ὡς
3762 2470 3857 2519 τῶν

2314 2551 2620 2619 ὁμωνύμων
2654 2553 2721 2605 τὰ
2754 2554 2850 2620 μὲν
2900 2554 2958 2606 οὐ
3010 2559 3252 2608 κοινωνεῖ
3302 2559 3571 2625 ἀλλήλοις,
3599 2561 3668 2614 τά
3705 2560 3759 2613 δέ
3794 2578 3857 2628 πη

2316 2643 2409 2693 καὶ
2441 2645 2706 2707 κοινωνεῖ,
2734 2644 2828 2696 καὶ
2859 2646 2885 2696 δ
2914 2646 3133 2714 ἀνδριὰς
3165 2648 3192 2699 ὁ
3219 2648 3528 2717 Λυσάνδρου
3560 2650 3635 2719 τῷ
3664 2653 3859 2703 Λυσάν-

2314 2731 2422 2799 δρῳ
2457 2732 2555 2784 οὐκ
2583 2732 2961 2803 ἀκοινώνητος,
2994 2736 3113 2809 οὐδέ
3136 2754 3198 2804 γε
3226 2737 3389 2790 εἰκὼν
3412 2739 3613 2808 ἑκάστη
3646 2742 3718 2808 τῷ
3749 2744 3864 2793 ἑαν-

2315 2823 2412 2890 τῆς
2438 2824 2858 2893 παραδείγματι.
2894 2827 3013 2879 Ἔτι
3042 2827 3095 2880 τί
3140 2845 3290 2892 ποτε,
3328 2832 3483 2898 φησὶ,
3508 2833 3862 2898 συμϐάλλεται

2314 2913 2381 2964 τὰ
2417 2913 2555 2982 εἴδη,
2589 2914 2621 2983 ἢ
2661 2916 2771 2976 τοῖς
2801 2915 2990 2977 ἀϊδίοις
3020 2916 3126 2970 τῶν
3154 2918 3449 2987 αἰσθητῶν,
3479 2920 3511 2989 ἢ
3554 2921 3665 2982 τοῖς
3695 2937 3863 2987 γιγνο-

2320 3005 2502 3071 μένοις
2552 3022 2609 3055 τε
2657 3005 2749 3057 καὶ
2796 3004 3211 3076 φθειρομένοις;
3268 3009 3388 3061 οὔτε
3448 3009 3557 3079 γὰρ
3610 3010 3865 3081 κινήσεώς

2317 3101 2484 3161 ἐστιν,
2518 3097 2640 3149 οὐτε
2686 3099 2987 3167 μεταϐολῆς
3034 3102 3288 3170 οὐδεμιᾶς
3337 3104 3485 3156 αἴτια
3512 3104 3715 3164 αὐτοῖς.
3755 3105 3863 3157 Ἐν-

659 3186 777 3238 dem
798 3188 1059 3256 ejusmodi
1081 3191 1309 3258 plurium
1331 3208 1618 3249 causarum
1642 3213 1909 3253 concursu
1928 3200 2209 3267 accidunt,

2320 3190 2488 3241 ταύθα
2534 3191 2693 3258 δῆλον
2753 3190 3054 3259 πεποίηκεν
3096 3192 3489 3261 Ἀριστοτέλης,
3542 3195 3662 3246 ὅτου
3706 3194 3863 3246 ἕνεκα

660 3294 886 3345 quarum
910 3278 1096 3336 rursus
1128 3300 1463 3355 unaqmeqnc
1495 3287 1639 3355 illuc,
1670 3290 1929 3355 refertur,
1964 3293 2201 3346 animum

661 3377 902 3422 nostrum
962 3371 1107 3425 illine
1162 3374 1322 3425 etiam
1381 3384 1600 3442 accepto
1679 3377 1896 3439 lumine,
1942 3380 2205 3447 ejusmodi

661 3460 938 3513 scientiam
970 3463 1215 3530 adipisci.
1246 3467 1368 3519 Haec
1424 3468 1605 3534 itaque
1636 3473 2025 3535 responderent
2058 3472 2120 3523 ad
2150 3487 2209 3525 ea

662 3565 780 3613 qua:
819 3552 1134 3627 Aristoteles
1165 3555 1345 3623 objicit
1366 3557 1430 3609 de
1463 3559 1624 3611 variis
1657 3559 2003 3612 scientiarum
2039 3561 2209 3615 ratio-

665 3643 842 3698 nibus.
906 3643 986 3695 Ad
1034 3644 1161 3697 illud
1230 3654 1404 3699 autem
1462 3648 1602 3713 quod
1665 3648 1840 3717 inquit
1895 3651 2212 3717 (secundum

666 3748 792 3785 vero
824 3750 985 3787 unum
1012 3733 1062 3788 in
1094 3736 1276 3790 multis
1306 3747 1357 3789 ct
1391 3724 1748 3805 negationem)
1797 3740 1927 3792 nihil
1965 3756 2215 3795 necessa-

664 3824 801 3875 rittm
829 3824 1069 3879 concludi
1102 3827 1501 3895 responderent.
1539 3830 1682 3883 Illam
1716 3846 1944 3899 namque
1984 3833 2216 3887 hominis

665 3916 919 3983 speciem,
980 3932 1099 3984 qme
1176 3917 1282 3970 illic
1341 3920 1594 3985 exsistit,
1660 3924 2075 3991 quibuscunque
2155 3939 2217 3978 ea

668 4009 898 4076 svipsam
938 4010 1307 4077 impertiverit.
1346 4012 1475 4082 illis
1507 4012 1761 4065 nimirum
1826 4028 2045 4067 causam
2107 4014 2219 4069 fore

669 4106 726 4151 ttt
761 4099 867 4153 sint
900 4100 1163 4157 homines.
1199 4102 1613 4171 quihuscunque
1640 4112 1814 4159 autem
1851 4105 2079 4173 seipsam
2116 4122 2216 4158 non

666 4190 1035 4257 impertiverit,
1067 4208 1125 4244 ea
1154 4194 1331 4246 omnia
1376 4194 1427 4247 in
1456 4194 1670 4248 diverso
1736 4211 1930 4264 genere
1961 4197 2214 4265 relinqui,

667 4290 722 4332 ιιι
751 4280 1001 4333 nimirum
1051 4296 1155 4334 non
1193 4284 1298 4335 sint
1357 4284 1619 4337 homines.
1657 4284 1893 4356 Denique
1954 4286 2018 4340 ad
2062 4288 2213 4353 illud,

664 4370 805 4433 quod
840 4372 931 4435 ait,
970 4386 1033 4424 ac
1055 4372 1347 4437 secundum
1381 4373 1521 4442 quod
1550 4374 1877 4444 intelligetur
1905 4378 2206 4448 quippiam,

667 4476 730 4513 co
786 4472 1041 4530 corrupto
1074 4464 1231 4515 etiam
1300 4467 1767 4533 corruptibilium;
1805 4453 2207 4537 respondebunt

2322 3279 2432 3338 τοῖς
2463 3277 2624 3329 εἴδεσι
2656 3277 2897 3345 πολεμεῖ.
2943 3276 3081 3329 Ὑπὸ
3114 3280 3218 3345 γὰρ
3244 3278 3338 3331 τοῦ
3370 3281 3507 3349 μήτε
3532 3281 3735 3333 οἴεσθαι
3771 3283 3869 3349 μή·

2321 3383 2377 3419 τε
2398 3366 2685 3434 ,βούλεσθαι
2716 3363 2849 3439 εἷναί
2877 3385 2929 3419 τι
2958 3370 3064 3430 τοῖς
3091 3370 3279 3432 ἀϊδίοις
3318 3370 3494 3422 αἴτιον
3522 3370 3617 3422 τοῦ
3655 3367 3785 3424 εἶναί
3816 3370 3870 3421 τε

2320 3460 2412 3510 καὶ
2439 3458 2772 3524 ὑφεστάναι,
2806 3458 2944 3528 πλήν
2973 3476 3036 3527 γε
3064 3460 3128 3528 δὴ
3154 3459 3245 3512 τοῦ
3272 3462 3541 3515 κινεῖσθαι
3577 3462 3731 3525 μόνου
3763 3446 3871 3521 τοῖς

2317 3549 2479 3601 εἴδεσι
2510 3549 2636 3601 πολε
2646 3551 2750 3617 μεῖ.
2775 3550 2841 3601 Ἢ
2870 3550 2921 3601 τί
2952 3566 3078 3604 ποτε
3098 3552 3245 3619 αὐτῷ
3273 3550 3519 3619 βούλεται
3545 3554 3626 3619 τό,
3661 3553 3723 3603 Τί
3743 3570 3870 3604 ποτε

2321 3640 2686 3708 συμϐάλλεται
2719 3640 2788 3693 τὰ
2816 3641 2926 3710 εἴδη
2960 3643 2991 3712 ἢ
3022 3644 3137 3705 τοῖς
3169 3643 3357 3705 ἀϊδίοις
3384 3644 3493 3696 τῶν
3523 3645 3809 3712 αἰσθητῶν,
3843 3646 3871 3711 ἢ

2318 3735 2429 3795 τοῖς
2455 3734 2799 3802 γιγνομένοις
2829 3750 2887 3785 τε
2918 3735 3010 3786 καὶ
3048 3735 3461 3803 φθειρομένοις;
3496 3736 3629 3788 Οὔτε
3672 3736 3764 3802 γάρ
3796 3752 3871 3785 κι-

2320 3823 2527 3892 νήσεώς
2558 3828 2729 3888 ἐστιν,
2764 3829 2888 3878 οὔτε
2937 3826 3241 3895 μεταϐολῆς
3292 3827 3549 3896 οὐδεμιᾶς
3596 3825 3738 3881 αἴτια
3780 3827 3873 3877 αὐ-

2320 3918 2465 3981 τοῖς;
2497 3918 2526 3980 ἦ
2558 3915 2716 3983 δῆλον
2764 3916 2835 3977 ὡς
2877 3916 2998 3968 ἐπεὶ
3036 3920 3147 3978 τοῖς
3180 3918 3278 3987 μὲν
3320 3920 3662 3987 γιγνομένοις
3698 3936 3748 3970 τε
3787 3920 3873 3969 καὶ

2323 4004 2691 4075 φθειρομένοις
2740 4006 2847 4058 τῶν
2869 4024 2922 4058 τε
2954 4007 3211 4075 ὁμοειδῶν
3246 4007 3312 4060 τὰ
3343 4008 3640 4074 γεννῶντα,
3673 4008 3755 4059 καὶ
3789 4008 3872 4057 τὸν

2323 4094 2474 4164 ἥλιον
2496 4094 2677 4147 ἱκανὸν
2709 4096 2878 4147 οίεται
2911 4096 3073 4158 αὐτδς
3103 4097 3247 4149 αἴτια
3274 4098 3593 4159 ἀποδώσειν,
3624 4098 3692 4150 τά
3721 4099 3761 4150 δ’
3791 4097 3871 4147 ἀϊ-

2326 4186 2411 4237 δια
2456 4187 2564 4236 τῶν
2606 4184 2875 4253 αἰσθητῶν
2910 4188 3172 4238 κινεῖσθαι
3199 4187 3296 4254 μὲν
3324 4189 3488 4249 αὐτὸς
3541 4189 3603 4241 οὐ
3636 4206 3761 4259 φησι
3794 4190 3871 4240 διὰ

2329 4280 2393 4332 τὰ
2416 4281 2550 4346 εἴδη,
2583 4282 2637 4341 ἐς
2667 4279 2722 4331 δὲ
2749 4280 2847 4347 τὴν
2882 4280 3068 4332 οὐσίαν
3096 4281 3189 4335 καὶ
3221 4281 3280 4333 τὸ
3304 4279 3441 4335 εἶναι
3464 4283 3561 4335 οὐκ
3594 4286 3760 4336 οἴεται
3792 4285 3869 4334 αἱ·

2332 4370 2444 4423 τίου
2481 4370 2791 4423 οὐδοτουοῦν
2817 4371 3039 4435 δείσθαι,
3074 4372 3161 4425 διὰ
3219 4372 3395 4439 τοῦτο,
3432 4373 3496 4427 Τί
3531 4392 3659 4426 ποτε
3681 4413 3695 4436 ,
3728 4374 3866 4441 φησὶ,

2337 4463 2697 4531 συμϐάλλεται
2738 4464 2919 4524 αὐτοῖς
2941 4462 3007 4515 τὰ
3026 4464 3139 4533 εἴδη
3166 4481 3180 4529 ;
3224 4465 3380 4517 Ἀλλὰ
3422 4465 3551 4533 φαίη
3580 4467 3656 4519 Δἄν
3681 4483 3779 4526 τις,
3804 4466 3869 4523 ὡς

667 4566 827 4605 unam
865 4553 1004 4605 illam
1038 4556 1288 4620 speciem,
1338 4572 1456 4624 qua:
1482 4558 1735 4612 omnibus
1766 4562 2208 4628 corruptibilibus

2321 4553 2399 4621 τῷ
2428 4552 2784 4621 πρεσϐυτάτῳ
2824 4552 2941 4621 Θεῷ
2979 4556 3121 4623 μόνῳ
3152 4555 3321 4607 οἴεται
3352 4555 3555 4621 ταύτην
3581 4556 3645 4608 ἂν
3674 4555 3867 4623 προσή-

658 4642 721 4695 'in
764 4658 867 4694 una
916 4644 1210 4713 eademque
1260 4648 1372 4698 idea
1425 4658 1633 4713 praeest,
1684 4665 1790 4702 non
1846 4652 2024 4725 minus
2054 4654 2219 4723 ,snlli-

664 4749 785 4787 cere
834 4735 897 4787 ad
952 4751 1114 4788 unum
1184 4737 1411 4801 quodvis
1441 4738 1584 4804 prius
1617 4741 2031 4805 noncxsistens,
2074 4758 2218 4796 nunc

666 4826 880 4877 dentqu
924 4829 974 4878 in
1022 4825 1192 4879 lucem
1248 4827 1678 4895 producendum,
1712 4844 1871 4893 quam
1902 4832 2061 4883 etiam
2097 4848 2219 4885 cer-

670 4926 826 4984 rupto
883 4919 1076 4978 quovis
1125 4933 1332 4981 eorum,
1384 4934 1501 4985 qua}
1574 4922 1817 4988 qunlidic
1878 4921 2223 4977 dissolutioni

668 5018 791 5061 sunt
850 5009 1108 5071 obnoxia,
1168 5010 1235 5062 ad
1271 5011 1629 5063 renovandam
1693 5014 1745 5065 in
1784 5014 2219 5083 animis-aliquid

669 5100 733 5151 de
769 5100 886 5167 ipso
916 5100 1289 5166 cogitantium,
1336 5101 1576 5167 ejusdem
1612 5103 1924 5172 imaginem.
1962 5104 2080 5157 Ihcc
2122 5105 2224 5157 ita-

669 5204 775 5256 qttc
812 5190 868 5249 ii,
894 5189 981 5255 qui
1016 5189 1223 5255 Species
1253 5190 1611 5256 constituunt,
1642 5190 1903 5258 ejusmodi
1940 5210 2228 5262 arguimu-

673 5282 759 5343 tis,
792 5281 985 5349 quibus
1050 5281 1362 5335 Aristotcles
1410 5282 1550 5349 ipsos
1580 5293 1875 5351 oppugnat,
1936 5285 2229 5350 responde—

675 5372 828 5433 bunt,
865 5373 1293 5441 persolventque,
1330 5374 1594 5440 inquibus
1619 5374 1749 5426 nihil
1777 5376 2230 5427 noncomcnicns

678 5461 805 5513 nihil
837 5477 942 5514 non
974 5477 1083 5515 suae
1112 5463 1347 5529 ipsorum
1374 5463 1629 5516 doctrina:
1652 5475 2073 5516 consentaneum
2108 5479 2230 5532 pro-

678 5551 868 5603 fcrent.
896 5549 999 5603 Sed
1024 5553 1134 5619 jam
1178 5554 1237 5603 ad
1269 5568 1351 5616 ea,
1385 5570 1504 5620 quae
1557 5564 1684 5607 sunt
1720 5555 1873 5621 digna
1911 5568 2231 5618 memoratu,

679 5643 931 5707 deinceps
999 5650 1356 5696 transeamus.
1406 5641 1671 5696 Praeterea
1734 5644 1951 5705 accidit,
2018 5652 2074 5696 ut
2124 5658 2231 5696 non

684 5732 924 5782 binarius
959 5731 1024 5783 sit
1057 5732 1280 5799 primus,
1314 5733 1402 5785 scd
1434 5750 1711 5787 numerus.
1739 5737 1919 5800 Atqui,
1955 5734 2230 5797 iuqnient,

684 5821 812 5889 quid
852 5823 1149 5889 prohibent,
1178 5840 1282 5890 qun
1317 5824 1493 5878 minus
1534 5841 1810 5893 nntuct'ns,
1851 5828 1939 5895 qui
1977 5826 2083 5880 illic
2131 5835 2233 5890 est,

2324 4661 2438 4697 κειν
2472 4644 2565 4712 τὴν
2590 4645 2785 4697 αἰτίαν.
2831 4643 2987 4696 Ἀλλὰ
3026 4646 3180 4697 τοῦτο
3220 4645 3361 4715 ἄλλῳ
3392 4647 3491 4714 μέν
3536 4663 3611 4714 τῳ
3642 4646 3786 4712 ἀνείη
3812 4648 3867 4696 Ξυ

2323 4736 2516 4797 εἰπεῖν,
2551 4735 2903 4804 Ἀριστοτέλει
2934 4736 2979 4787 δ’
3006 4737 3105 4788 οὐκ
3132 4735 3277 4789 ἔστιν
3305 4736 3497 4790 εἰπεῖν.
3524 4738 3621 4789 Διά
3646 4736 3731 4803 τί;
3760 4737 3866 4787 Ὀτι

2324 4827 2488 4890 αὐτὸς
2533 4826 2598 4881 ἂν
2652 4826 2739 4894 ὐφ’
2784 4826 2948 4879 αὐτοῦ
3008 4829 3367 4898 περιτραπείη
3424 4830 3470 4881 εί
3519 4830 3673 4881 τοῦτο
3720 4829 3866 4879 εἴποι.

2328 4916 2675 4985 Πυνθάνομαι
2714 4916 2821 4985 γὰρ
2850 4918 2914 4985 δὴ
2944 4918 3197 4970 τοσοῦτον
3226 4918 3333 4970 τῶν
3372 4919 3523 4987 αὐτῷ
3564 4918 3867 4988 προσκειμέ-

2326 5027 2455 5071 νων,
2487 5008 2538 5059 τί
2567 5009 2627 5078 δή
2658 5026 2789 5061 ποτε
2818 5011 2877 5061 οὐ
2919 5009 2994 5076 τῷ
3027 5010 3174 5079 αὐτῷ
3202 5009 3321 5079 Θεῷ
3351 5010 3445 5070 τὰς
3476 5011 3716 5079 κινήσεις
3747 5010 3869 5061 dmi-

2331 5111 2428 5160 σας
2459 5099 2557 5162 τὰς
2589 5100 2708 5152 κατ’
2730 5101 2954 5170 οὐρανὸν
2984 5101 3298 5167 ἀπένειμεν,
3324 5101 3441 5153 ἀλλ’
3475 5102 3601 5152 ἄλλο
3645 5101 3775 5168 ἄλλῃ
3805 5118 3870 5151 κι-

2329 5190 2452 5241 νοῦν
2484 5191 2691 5258 κινήσει
2724 5182 3042 5259 ἐφίστησινζ
3082 5189 3114 5259 ἥ
3147 5189 3301 5258 δῆλον
3322 5191 3406 5259 δὴ,
3435 5193 3515 5243 ὅτι
3537 5192 3603 5243 δι’
3638 5194 3805 5242 ἐκεῖνο
3824 5187 3869 5238 τὸ

2330 5282 2564 5349 ἀξίωμα,
2593 5281 2695 5333 κᾶν
2729 5282 2896 5340 πλείω
2934 5285 3173 5334 πλεὲοσιν
3208 5280 3395 5345 οὖσαις
3426 5286 3547 5340 ταῖς
3580 5283 3773 5343 ἀῐδίαις
3796 5283 3869 5332 οὐ·

2335 5370 2473 5432 σίαις
2505 5370 2695 5440 ἐφίστη
2744 5371 2811 5422 τὰ
2852 5374 3188 5439 παράγοντα,
3224 5373 3275 5424 εί
3314 5388 3375 5438 γε
3429 5368 3567 5423 εἷναί
3616 5389 3669 5423 τι
3710 5370 3871 5422 αὐτῶν

2331 5460 2466 5522 ὅλως
2516 5461 2687 5514 αἴτιον
2740 5460 2914 5530 ᾧετο;
2960 5464 3008 5513 εἰ
3056 5462 3132 5523 δὲ,
3164 5464 3245 5515 ὅτι
3274 5464 3489 5524 εἰκόνας
3522 5462 3722 5515 ἑαυτῶν
3751 5478 3871 5528 παρ-

2334 5552 2567 5617 άγοντα;
2604 5552 2664 5603 οὐ
2698 5552 2805 5619 γὰρ
2833 5552 2897 5603 ἂν
2937 5553 3167 5620 πάμπαν
3209 5571 3269 5620 γε
3303 5554 3595 5605 ἀπεοικότα
3624 5553 3723 5605 κᾶν
3756 5554 3874 5605 αὐτὰ

2338 5639 2755 5708 παραδείγματα
2815 5636 2883 5710 ἦν
2936 5643 3143 5703 αὐτοῖς.
3188 5644 3293 5695 Καὶ
3340 5643 3511 5705 οὕτως
3568 5644 3634 5696 ἂν
3682 5644 3753 5709 τῷ
3784 5642 3874 5694 τῶν

2337 5729 2488 5781 εἰδῶν
2517 5730 2660 5799 λόγῳ
2690 5732 2785 5783 καὶ
2810 5733 2969 5795 αὐτὸς
3003 5733 3233 5786 ἐνταῦθα
3263 5734 3393 5800 γοῦν
3440 5736 3752 5804 συνεχώρει.
3782 5735 3875 5786 Νὑν

2338 5823 2393 5874 δὲ
2423 5822 2574 5891 δῆλός
2612 5823 2755 5874 ἐστιν
2791 5824 2887 5876 οὐκ
2926 5825 3165 5894 οἰόμενος
3209 5822 3346 5880 ait/oti
3391 5844 3438 5879 τι
3494 5829 3664 5880 αἴτιον
3708 5828 3869 5879 αὐτῶν
