3982 6332
277 357 395 418 9‘25

958 357 1054 415 DE
1094 356 1518 418 PLATONICA
1554 360 1650 418 ET
1681 361 2251 425 ARISTOTELICA
2289 367 2819 430 PlllLOSOPI-lﬂ.

3409 369 3510 432 926

278 471 640 538 παραγωγδν,
673 469 786 522 ἀλλ’
820 470 960 522 οὕτω
996 489 1051 524 τε
1084 472 1175 522 καὶ
1210 472 1463 534 τοιαύτας
1489 473 1595 526 ἀπὸ
1623 475 1716 526 τοῦ
1752 476 1849 526 αὐ-

1957 497 2064 540 tum
2101 487 2484 557 sitsiugularis
2507 497 2615 540 tum
2647 489 2763 557 ipso
2789 489 2999 542 binariu
3061 489 3208 556 prior
3242 489 3460 542 exsistat
3488 491 3509 540 ‘?

277 562 522 630 τομάτου
553 561 859 631 εὑρημένας
910 563 1176 614 κινεῖσθαι
1231 564 1387 630 μόνον
1442 564 1574 632 πρός
1605 582 1657 617 τι
1698 566 1852 629 τέλος

280 655 383 706 καὶ
411 653 502 706 τὸν
525 652 678 706 Θεόν.
718 653 877 705 Ἀλλὰ
905 654 1030 722 μὴν,
1061 657 1243 723 φησὶν,
1277 654 1399 706 οὔτε
1435 657 1571 724 πρὸς
1596 658 1854 726 τὴνέπι-

185 767 193 773 ·
267 747 506 824 ,στήμην
531 746 680 798 οὐδὲν
716 746 900 815 βοηθεῖ
931 747 1026 813 τὴν
1075 747 1176 798 τῶν
1211 748 1403 812 ἄλλων,
1452 750 1513 801 οὐ
1565 750 1671 816 γὰρ
1699 750 1853 801 οὐσία

243 865 248 868 -
282 836 472 891 ἐκεῖνα
508 836 733 888 τούτων.
780 837 867 888 Ἑν
901 835 1108 898 τούτοις
1156 837 1264 906 γὰρ
1299 839 1364 890 ἂν
1394 834 1484 907 ἦν,
1525 837 1639 890 οὔτ’
1681 841 1760 900 είς
1794 839 1853 891 τὸ

280 922 428 979 εἶναι
459 925 532 997 μὴ
555 926 926 996 ἐνυπάρχοντὰ
948 943 1010 994 γε
1033 931 1143 992 τοῖς
1169 929 1472 998 μετέχουσι.
1503 931 1597 992 Τίς
1623 932 1738 983 ποτ’
1761 926 1853 984 οὖν

289 1017 425 1086 περὶ
457 1016 661 1079 εἰκόνος
684 1019 908 1086 ἄμεινον
927 1018 1279 1086 διαγνώσεται
1304 1036 1317 1086 ;
1351 1021 1414 1072 Ἀ
1427 1023 1472 1088 ρ’
1494 1021 1591 1088 οὐχ
1623 1023 1649 1073 ὁ
1677 1023 1772 1074 καὶ
1795 1020 1852 1074 τὸ

283 1107 639 1174 παράδειγμα
692 1106 843 1169 εἰδώς
871 1125 886 1173 ;
921 1110 1115 1179 οὑ”γάρ
1144 1123 1246 1162 που
1291 1113 1317 1162 ὁ
1347 1111 1504 1163 τοῦτο
1535 1112 1746 1177 ἀγνοῶν
1775 1112 1853 1181 τῷ

281 1215 351 1264 γε
386 1199 546 1251 εἰδότι
574 1198 631 1264 ἐξ
665 1200 780 1252 ἴσου
814 1200 940 1268 περὶ⁸
969 1203 1301 1269 τῆςεῖκόνος
1331 1203 1575 1272 διαγνοίη
1610 1206 1697 1258 ἄν.
1732 1205 1852 1266 Πῶς

277 1287 332 1340 δ’
369 1289 542 1350 οὐδεὶς
573 1291 632 1342 τὸ
662 1288 801 1344 εἶναι
849 1294 962 1354 τοῖς
1003 1292 1181 1353 ἄλλοις
1219 1293 1384 1364 βοηθῇ
1418 1295 1485 1347 ἂν
1525 1298 1626 1349 κᾶν
1664 1295 1737 1365 μὴ
1768 1295 1852 1346 ὲν-

281 1378 595 1448 υπόιρχῃ,εἴ
617 1398 680 1448 γε
698 1381 845 1434 αἰτία
883 1381 966 1450 εἴη
1002 1382 1206 1450 αὐτῶν;
1238 1385 1355 1437 Ἔτι
1383 1386 1666 1456 φησὶν,οὑ
1693 1386 1852 1453 μόνον

282 1470 398 1522 τῶν
423 1469 694 1547 αἰσθητῶν
746 1473 1161 1543 παραδείγματα
1197 1475 1266 1526 τὰ
1295 1474 1434 1543 εἴδη,
1470 1475 1604 1528 ἀλλὰ
1634 1479 1729 1530 καὶ
1756 1479 1853 1529 αὐ-

283 1561 420 1625 τῶν,
459 1557 568 1616 οἷον
597 1565 659 1616 τδ
706 1565 860 1631 γένος
889 1566 999 1617 τῶν
1031 1565 1105 1630 ὡς
1135 1567 1327 1635 γένους
1379 1567 1554 1619 είδῶν.
1591 1568 1753 1620 Ὥστε
1793 1569 1852 1620 τὸ

285 1653 423 1705 αὐτὸ
457 1653 608 1706 ἔσται
638 1655 993 1724 παράδειγμα
1036 1658 1133 1709 καὶ
1169 1658 1353 1712 εἰκών.
1400 1658 1541 1710 Ἀλλ’
1567 1658 1613 1709 εί
1649 1659 1746 1727 μὲν
1775 1657 1852 1727 τῷ

284 1743 441 1812 αὒτῷ
486 1744 581 1798 τοῦ
633 1746 799 1800 αὑτοῦ
847 1747 1253 1817 παραδείγματι
1292 1765 1350 1800 τε
1389 1749 1482 1802 καὶ
1505 1749 1672 1802 εἰκόνι
1712 1742 1850 1800 εἶναι

1970 577 2230 632 Binarius
2281 588 2458 631 autem
2517 579 2586 632 sit
2638 579 2843 645 primus
2887 580 3054 633 nostri
3087 581 3241 644 hujus
3273 581 3510 642 numeri,

1961 670 2049 738 qui
2083 669 2295 722 dilatari
2341 668 2556 736 potest?
2583 670 2669 722 Ait
2699 671 2847 732 item,
2880 672 2921 725 si
2981 674 3186 739 species
3219 687 3310 736 per
3362 674 3508 725 acci-

1959 759 2092 814 dens
2120 777 2224 814 nou
2256 749 2664 828 participentur,
2696 764 3049 817 essenti‘arum
3074 765 3332 817 duntaxat
3354 772 3505 814 erunt

1959 851 2186 920 species.
2218 850 2295 904 lla
2314 851 2528 917 quidem
2550 854 2958 917 respondebunt
3007 855 3102 912 illi.
3134 857 3174 908 si
3214 856 3390 907 munia
3417 866 3503 908 aut

1959 952 2140 996 essent
2192 945 2466 1003 essentim,
2503 955 2591 996 aut
2618 959 2710 1010 per
2744 946 2994 999 accidens
3034 948 3283 1000 es‘scutiis
3333 947 3497 998 adlue-

1959 1042 2166 1098 rerent,
2235 1041 2348 1086 tum
2378 1048 2504 1087 vero
2529 1034 2704 1088 locum
2739 1038 2967 1103 aliquem
3011 1035 3239 1089 fortasse
3289 1037 3504 1089 haberet

1957 1124 2011 1176 id
2045 1123 2187 1190 quod
2224 1123 2454 1191 profers.
2486 1122 2638 1178 Nunc
2666 1137 2836 1178 autem
2870 1141 2988 1178 cum
3042 1127 3092 1178 in
3133 1127 3291 1179 rebus
3341 1126 3504 1180 exsis-

1961 1225 2076 1269 tant
2106 1215 2305 1284 aliqua.
2335 1230 2456 1281 qure
2511 1216 2672 1269 etiam
2721 1232 2812 1285 per
2843 1233 2900 1270 se
2931 1218 3182 1271 essentiis
3225 1217 3508 1280 induerent,

1960 1305 2148 1374 quanti
2192 1304 2405 1358 demum
2462 1305 2718 1359 momenti
2780 1309 2878 1359 erit
2922 1315 3010 1360 tua
3065 1306 3150 1358 illa
3186 1307 3359 1359 ratio?
3409 1303 3509 1357 Tu-

1959 1399 2118 1454 metsi
2154 1400 2299 1453 enim
2351 1415 2560 1465 eorum,
2607 1416 2726 1468 quae
2775 1415 2869 1467 per
2930 1401 3179 1455 accidens
3233 1398 3510 1460 eveniunt,

1958 1490 2391 1558 unumquodque
2421 1490 2486 1544 iis
2523 1490 2723 1559 quibus
2742 1489 2986 1558 proxime
3009 1490 3334 1551 continetur,
3405 1503 3508 1539 non
3547 1497 3549 1499 ‘

1958 1579 2222 1653 adsit‘per
2251 1595 2331 1642 se,
2365 1595 2473 1634 non
2520 1589 2696 1634 tamen
2731 1585 2797 1635 ab
2844 1582 2929 1641 iis,
2961 1595 3078 1648 quae
3110 1595 3206 1648 per
3243 1594 3300 1631 se
3336 1577 3512 1630 exsis—

1957 1678 2096 1731 tunt,
2124 1679 2206 1724 est
2259 1684 2478 1738 prorsus
2555 1671 2850 1732 diversum.
2901 1672 3165 1740 siquidem
3241 1666 3510 1737 ejusmodi

1962 1764 2138 1815 omnia
2153 1763 2382 1831 plurium
2402 1777 2686 1816 causarum
2703 1778 2967 1816 concursu
2989 1762 3255 1821 eveniant,
3276 1774 3504 1827 quarum

288 1836 627 1900 συνέϐαινεν,
681 1839 736 1900 ές
783 1839 980 1893 ἄτοπον
1026 1838 1091 1891 ἄν
1142 1856 1194 1890 τι
1237 1836 1314 1908 τῷ
1359 1839 1472 1892 ὄντι
1538 1839 1781 1908 ἀπήγετο
1826 1839 1853 1890 ὁ

1960 1829 2295 1920 unaquaeque
2325 1867 2420 1920 per
2443 1867 2500 1906 se
2540 1851 2689 1916 facit,
2713 1853 2971 1922 quidquid
3009 1851 3154 1914 facit,
3178 1864 3353 1918 neque
3383 1863 3509 1901 vero

285 1926 466 1994 λόγος,
523 1928 709 1997 ὥσπερ
756 1930 820 1982 ἂν
861 1929 910 1982 εί
952 1929 1030 1998 τῷ
1095 1929 1241 1997 αύτῷ
1290 1928 1381 1982 τοῦ
1433 1927 1596 1982 αὐτοῦ
1649 1928 1854 1996 μείζονί

285 2035 348 2072 τε
395 2017 511 2087 ἅμα
559 2015 697 2072 εἶναι
746 2021 838 2071 καὶ
865 2021 1036 2088 μείονι
1071 2020 1403 2074 συνέϐαινεν.
1437 2019 1547 2072 Νῦν
1588 2019 1643 2071 δὲ
1674 2019 1724 2069 τί
1753 2035 1857 2069 κω-

286 2110 406 2162 λύει
455 2110 511 2162 τὸ
569 2111 700 2162 αὐτὴ
745 2110 932 2178 ἐτέρου
968 2111 1066 2180 μὲν
1092 2112 1295 2173 εἰκόνα,
1343 2113 1528 2180 ἐτέρου
1571 2111 1626 2163 δὲ
1676 2112 1856 2180 παρά-

285 2205 489 2271 δειγμα
542 2199 719 2268 εἷναι;
752 2205 822 2254 ’Ἡ
873 2204 974 2256 οὐκ
1003 2204 1318 2273 ἀνδριάντος
1352 2204 1558 2267 εἰκόνος
1592 2203 1744 2266 ὄντος
1783 2205 1855 2256 είς

289 2296 426 2348 κόνα
476 2293 766 2364 ζωγράφος
819 2296 1070 2365 γράψειε,
1113 2299 1204 2348 καὶ
1249 2296 1453 2364 ταύτης
1481 2295 1562 2348 ἔτι
1601 2297 1665 2348 ὲν
1703 2295 1855 2348 ὕδατι

288 2385 512 2440 είδωλον
540 2387 605 2441 ἄν
637 2404 690 2439 τι
730 2388 977 2454 γένοιτο;
1026 2388 1185 2440 Ἀλλὰ
1215 2387 1372 2440 τοῦτο
1405 2388 1504 2456 μὲν
1541 2387 1853 2455 Ἀριστοτέο

290 2478 417 2538 λους
438 2480 644 2530 τοιοῦτο
665 2479 723 2531 τὸ
747 2480 1071 2548 τερέτισμα.
1115 2480 1229 2545 Ἐφ’
1250 2480 1434 2548 ἕτερον
1464 2479 1508 2531 δ’
1532 2480 1695 2532 αὑτοῦ
1717 2476 1855 2548 ’μετ-

295 2567 485 2638 ίωμεν.
510 2570 628 2623 Ἔτι
673 2572 820 2640 φησὶ,
849 2572 968 2623 Τῶν
997 2588 1055 2622 τε
1097 2571 1247 2623 εἰδῶν
1272 2571 1439 2624 ὄντων
1462 2571 1609 2640 ὅμως
1635 2571 1693 2622 ού
1715 2573 1855 2637 γίνε-

289 2677 379 2712 ται
405 2663 472 2714 τὰ
500 2648 756 2731 γινὸξῖενα
774 2661 839 2716 ἂν
865 2663 936 2731 μὴ
959 2657 990 2732 ᾖ
1022 2666 1080 2714 τὸ
1109 2666 1348 2728 κινῆσον,
1374 2665 1468 2716 καὶ
1497 2662 1666 2714 πολλὰ
1697 2661 1848 2729 γίνε-

288 2769 382 2806 ται
410 2752 591 2823 ἕτερα,
633 2748 745 2805 οἷον
803 2754 947 2805 οἰκία
1014 2754 1104 2806 καὶ
1136 2753 1434 2820 δακτύλιος,
1472 2748 1546 2808 ὧν
1599 2753 1658 2807 οὔ
1693 2771 1854 2822 φασιν

289 2842 429 2899 εἶναι
460 2847 595 2915 εῐδη,
631 2847 770 2900 ὥστε
836 2847 992 2916 δῆλον
1037 2848 1119 2899 ὅτι
1174 2848 1446 2916 ἐνδέχεται
1495 2849 1722 2916 κᾴκεῖνα
1780 2840 1854 2901 ὧν

291 2955 458 3007 φασιν
514 2939 656 2999 ἰδέας
705 2935 866 3004 εἶναι,
927 2940 1021 2992 καὶ
1081 2935 1218 2993 εῖναι
1277 2941 1370 2993 καὶ
1427 2939 1712 3007 γίγνεσθαι
1766 2941 1855 2992 διὰ

289 3028 542 3091 τοιαύτας
594 3027 772 3090 αἰτίας
826 3029 942 3091 οἵας
985 3031 1078 3082 καὶ
1129 3029 1197 3081 τὰ
1261 3028 1496 3099 ρηθέντα
1569 3025 1852 3093 νῦν,’ὰλλ⁹

289 3123 351 3174 οὑ
383 3122 468 3174 διὰ
494 3121 558 3174 τὰ
581 3120 714 3190 εἴδη.
751 3121 892 3174 Ἀλλ’
926 3122 1046 3173 οὐδὲ
1075 3121 1243 3175 ταῦτα
1275 3121 1539 3191 φήσουσιν
1569 3123 1617 3172 οἱ
1639 3122 1706 3174 τὰ
1739 3120 1852 3189 εῐδη
1883 3165 1925 3222 C

289 3214 570 3282 τιθέμενοι
609 3214 738 3267 ἄνευ
769 3214 1228 3282 παραδειγμάτων
1253 3212 1535 3280 γίγνεσθαι
1571 3214 1620 3264 εί
1652 3212 1741 3265 καὶ
1777 3212 1852 3280 μὴ

291 3304 416 3359 καθ’
455 3306 622 3359 ἑαυτὰ
653 3305 1052 3375 ὑφεστηκότων.
1078 3305 1324 3372 Γίγνεται
1355 3305 1461 3373 γὰρ
1483 3303 1571 3357 διὰ
1605 3303 1671 3357 τὰ
1691 3304 1857 3373 νοητὰ

291 3398 359 3451 τὰ
389 3400 446 3449 ὲν
471 3397 576 3449 τῶν
603 3397 947 3467 δημιουργῶν
997 3399 1116 3459 ταῖς
1145 3396 1340 3467 ψυχαῖς
1380 3398 1626 3449 ἑκάστων
1675 3412 1857 3466 παρα-

290 3490 575 3558 δείγματα.
609 3490 701 3541 Δεῖ
737 3489 794 3542 δέ
821 3504 946 3554 που,
977 3490 1231 3559 φήσουσι,
1259 3488 1355 3541 καὶ
1379 3489 1444 3541 τὰ
1467 3489 1529 3558 δὴ
1555 3506 1655 3542 που
1677 3489 1857 3556 γιγνό-

297 3597 455 3649 μενα,
483 3580 544 3634 οὐ
572 3582 729 3650 μόνον
759 3581 817 3633 οὐ
845 3579 1047 3650 χείρονι
1072 3581 1181 3633 τῶν
1213 3581 1529 3633 σκευαστῶν
1558 3580 1730 3650 τούτῳ
1767 3581 1856 3632 αξ-

291 3672 383 3743 τία
408 3670 665 3742 χρώμενα
685 3656 989 3741 γίγνεσθαι,
1006 3673 1119 3727 ἀλλ’
1141 3671 1261 3724 οὐδὲ
1280 3672 1393 3743 ίσῃ,
1425 3671 1539 3724 ἀλλ’
1562 3672 1656 3724 ἇτε
1681 3671 1859 3741 κρεῖτ-

297 3782 374 3817 τω
404 3765 582 3817 αὐτῶν
612 3764 801 3828 ὄντων,
835 3764 1099 3832 κρείττονι
1153 3765 1243 3817 καὶ
1288 3765 1354 3832 τῇ
1405 3763 1552 3833 αἰτία
1599 3763 1854 3832 χρῆσθαι.

308 3853 469 3906 Ἀλλὰ
497 3854 628 3923 φαίη
660 3853 724 3906 ἂν
756 3855 886 3914 ἴσως
924 3852 1321 3924 Ἀριστοτέλης,
1355 3857 1410 3906 ἐν
1460 3855 1546 3925 τῷ.
1581 3854 1730 3924 ἡλίου
1780 3855 1859 3923 νῷ

295 3943 616 4000 καὶτούτων
664 3944 1076 4013 παραδείγματα
1130 3945 1451 4012 ὑφεστάναι,
1507 3945 1600 3997 καὶ
1638 3946 1735 3997 οὐκ
1777 3944 1855 3997 ἔτι

292 4036 401 4087 δεῖν
433 4034 622 4102 ἑτέρου
656 4032 1094 4100 παραδείγματος
1122 4032 1244 4085 καθ’
1277 4033 1438 4108 ἐαυτδ
1495 4033 1857 4101 ὑφεστηκότος

294 4125 506 4180 οὐδένα.
537 4125 706 4192 Δῆλον
728 4123 838 4193 γὰρ
866 4124 941 4186 ὡς
962 4124 1049 4177 τὸν
1080 4124 1230 4193 ἥλιον
1248 4123 1357 4178 τῶν
1390 4126 1729 4193 γιγνομὲνων
1756 4127 1855 4192 τῆς

295 4217 562 4284 γενέσεως
622 4215 1002 4283 Ἀριστοτέλης
1053 4216 1227 4267 αῖτιον
1277 4214 1506 4269 τίθεται.
1562 4216 1708 4283 Πρὸς
1764 4211 1857 4268 οὖν

293 4307 462 4361 ταῦτα
492 4324 591 4359 που
614 4308 660 4358 οἱ
687 4307 753 4358 τὰ
771 4305 888 4373 εῖδη
919 4305 1192 4376 τιθέμενοι
1226 4305 1464 4374 ἐροῦσιν,
1506 4305 1650 4357 Ἀλλ’
1673 4307 1720 4357 εἰ
1755 4307 1856 4374 μὲν

297 4402 581 4470 ἑωρῶμεν,
630 4393 674 4451 ὦ
715 4398 1102 4466 Ἀριστότελες,
1131 4397 1390 4460 ὡσαύτως
1442 4397 1511 4450 τά
1542 4415 1600 4451 τε
1662 4415 1857 4451 σκευα-

1957 1946 2101 2008 talia,
2118 1961 2237 2014 qua:
2252 1962 2315 2000 ex
2334 1945 2643 2010 huiusmodi
2658 1945 2837 1997 causis
2857 1944 3155 2011 procedunt
3172 1944 3237 1995 ab
3258 1943 3348 1996 illo
3367 1942 3509 2011 quod

1955 2035 2025 2089 sit
2063 2048 2156 2102 per
2177 2050 2256 2096 se,
2275 2035 2496 2088 omnino
2517 2034 2840 2099 discrepant.
2863 2050 2960 2086 nec
2979 2035 3101 2086 item
3123 2034 3165 2086 si
3182 2049 3285 2101 qua
3307 2049 3400 2101 per
3421 2049 3512 2086 ac-

1957 2127 2141 2182 cidens
2155 2126 2430 2187 eveniunt,
2449 2141 2569 2178 cum
2586 2123 2649 2176 iis
2665 2140 2784 2193 qua:
2802 2140 2894 2192 per
2911 2140 2967 2176 se
2984 2124 3136 2187 ﬂunt,
3155 2123 3368 2192 penitus
3389 2125 3509 2176 nul-

1956 2218 2062 2271 lam
2086 2219 2281 2272 habent
2311 2217 2775 2279 communitatem,
2821 2217 2911 2270 sed
2941 2215 3027 2267 illa
3057 2215 3142 2267 his
3169 2216 3298 2282 ipsis
3332 2215 3510 2268 conti-

1956 2317 2352 2376 neutur,atque
2378 2308 2609 2361 invicem
2633 2307 2863 2373 quadam
2895 2306 3152 2359 amnitate
3179 2305 3507 2374 juuguutur.

1956 2395 2156 2460 Quodsi
2181 2395 2324 2450 enim
2346 2396 2471 2449 dum
2495 2396 2600 2450 ludi
2619 2395 2880 2466 Olympici
2899 2396 3180 2455 instarent.
3201 2396 3278 2449 sul
3298 2395 3508 2449 delete-

1956 2489 2045 2549 rit.
2067 2504 2168 2542 non
2194 2500 2474 2557 propterea
2499 2489 2637 2557 quod
2658 2489 2732 2541 illi
2757 2489 3043 2546 instarent.
3067 2490 3143 2539 sol
3168 2487 3386 2547 defecit,
3412 2503 3509 2542 nec

1957 2583 2081 2636 item
2106 2583 2244 2650 quod
2267 2581 2345 2634 sol
2368 2579 2640 2641 defecerit,
2665 2577 3030 2646 Olympiorum
3051 2588 3259 2646 tempus
3278 2578 3511 2631 instabat
3587 2611 3600 2616 -

1958 2680 2016 2722 ut
2044 2671 2142 2724 bac
2165 2669 2378 2738 quidem
2397 2670 2602 2721 ratione
2622 2668 2700 2721 sol
2722 2683 2826 2720 nou
2845 2683 2940 2735 per
2957 2684 3013 2720 se
3029 2683 3091 2720 eo
3116 2670 3230 2735 ipso
3252 2667 3512 2722 defecerit

1958 2745 2216 2830 tempore,
2246 2775 2355 2829 quo
2396 2758 2648 2813 adessent
2689 2758 2953 2829 Olympia.
2989 2757 3091 2811 Sed
3119 2766 3297 2811 tamen
3331 2775 3510 2814 causa!

1955 2851 2058 2906 illa:
2091 2860 2310 2920 propter
2337 2867 2473 2919 quas
2513 2851 2592 2904 sol
2616 2851 2794 2905 deficit
2817 2865 2911 2920 per
2951 2866 3008 2905 se
3027 2850 3293 2905 defectum
3315 2851 3508 2906 effece-

1957 2950 2102 3005 runt,
2117 2941 2264 2996 etlex
2285 2942 2396 2995 sive
2413 2941 2718 2996 institutum
2741 2949 2891 2993 vetus
2908 2941 2972 2994 de
2989 2941 3323 2995 celebrandis
3337 2940 3511 3010 Olym-

1956 3033 2058 3102 piis
2084 3049 2175 3100 per
2197 3048 2253 3087 se
2273 3033 2403 3086 tales
2427 3033 2583 3087 ludos
2601 3032 2886 3085 ordinavit.
2911 3032 3063 3096 Quod
3096 3042 3273 3086 autem
3293 3047 3398 3085 uno
3414 3045 3510 3085 eo-

1957 3125 2183 3193 demque
2200 3132 2438 3192 tempore
2451 3133 2505 3178 et
2521 3123 2780 3194 Olympici
2800 3123 2905 3177 ludi
2924 3132 2974 3176 et
2987 3121 3228 3176 defectus
3244 3125 3372 3176 solis
3388 3138 3507 3176 con-

1956 3215 2192 3283 tigerint,
2219 3216 2335 3282 eius
2360 3216 2433 3269 rei
2454 3230 2614 3270 causa
2657 3214 2862 3269 exstitit
2890 3215 3166 3282 aequalitas
3219 3215 3331 3268 sive
3364 3229 3509 3267 com-

1955 3309 2160 3361 mensio
2205 3308 2436 3363 ambitus
2462 3307 2772 3374 reditusque
2837 3305 3119 3359 amborum
3160 3306 3300 3357 inter
3347 3319 3420 3367 se,
3451 3311 3506 3357 et

1955 3400 2115 3469 lmjus
2135 3415 2320 3454 rursus
2336 3399 2654 3468 mqualitatis
2672 3397 2772 3451 alia
2793 3397 2892 3450 fuit
2911 3396 3213 3459 causa,sive
3229 3394 3503 3462 alim,qua-
3533 3426 3542 3433 ι

1955 3508 2074 3548 rum
2110 3505 2443 3559 unaqureque
2480 3503 2574 3558 per
2599 3505 2658 3544 se
2691 3489 2743 3543 id
2779 3487 2920 3558 quod
2960 3488 3022 3541 ad
3071 3502 3127 3542 se
3152 3488 3345 3542 attinet
3380 3488 3506 3542 επε-

1956 3584 2112 3637 cerit.
2151 3581 2495 3649 Hincitaque
2524 3586 2764 3648 apparet,
2801 3591 2834 3632 ο
2901 3577 3239 3642 Arismteles,
3277 3587 3328 3628 te
3386 3579 3505 3631 vio-

1954 3673 2152 3726 lentam
2185 3669 2358 3724 facere
2396 3655 2795 3724 conclusionem
2829 3666 2958 3720 dum
3036 3664 3291 3727 allii-mas,
3326 3666 3508 3719 omnia

1956 3774 2052 3818 aut
2103 3761 2371 3817 essentias
2407 3760 2608 3823 facere,
2655 3768 2746 3814 aut
2797 3773 2894 3829 per
2951 3759 3203 3812 accidens
3256 3757 3509 3811 essentiis

1956 3854 2231 3916 attributa,
2283 3860 2337 3907 et
2382 3852 2468 3906 illa
2504 3866 2711 3911 rursus,
2763 3866 2881 3920 qua:
2935 3859 3062 3905 sunt
3127 3865 3222 3917 per
3257 3848 3509 3903 accidens

1956 3947 2022 4001 ab
2051 3947 2115 4000 iis
2142 3961 2261 4014 quae
2295 3953 2422 3999 sunt
2452 3958 2543 4012 per
2587 3942 2899 4010 se,penitus
2937 3939 3233 4008 abrumpis.
3279 3938 3510 3993 Praeter-

1956 4055 2017 4094 ea
2072 4037 2269 4107 inquis,
2307 4033 2362 4089 Si
2419 4034 2605 4089 eadem
2671 4033 2740 4088 sit
2795 4031 3006 4101 species
3064 4040 3117 4085 et
3167 4031 3407 4084 idearum
3457 4040 3509 4083 et

1957 4145 2159 4194 rerum,
2211 4127 2410 4197 quibus
2461 4125 2562 4180 illa:
2623 4133 2749 4179 sunt
2808 4123 3161 4192 participataa,
3223 4123 3327 4176 erit
3378 4135 3508 4175 sane

1961 4223 2224 4294 quaepiam
2286 4219 2426 4274 inter
2454 4219 2570 4286 ipsa
2599 4214 2983 4271 communitas.
3036 4215 3129 4266 Sin
3167 4224 3346 4266 autem
3376 4226 3505 4296 'non

1955 4315 2140 4368 eadem
2204 4309 2276 4365 sit
2343 4309 2573 4377 species,
2606 4314 2768 4359 erunt
2830 4311 2974 4358 certe
3037 4303 3334 4371 a'quivoca,
3409 4318 3506 4357 nec

1954 4407 2066 4475 jam
2123 4401 2363 4469 aliquam
2417 4397 2559 4451 inter
2614 4411 2672 4449 se
2700 4393 2975 4448 habebunt
3029 4393 3502 4447 communitatem.

297 4493 400 4544 στὰ
419 4490 592 4544 ταῦτα
626 4491 728 4543 ὑπὸ
755 4489 863 4541 τῶν
895 4489 1168 4557 σφετέρων
1199 4488 1545 4558 δημιουργῶν
1596 4489 1853 4557 δημιουρ-

1959 4497 2062 4551 Sed
2145 4489 2551 4561 respondebunt
2620 4485 2880 4540 Platonici
2959 4501 3139 4554 neque
3231 4486 3508 4552 exemplar

295 4583 535 4653 γούμενα
564 4581 660 4635 καὶ
699 4581 767 4634 τὰ
821 4577 980 4646 φύσει
1033 4588 1327 4646 γιγνόμενα
1384 4579 1491 4630 ὑπὸ
1534 4578 1626 4630 τοῦ
1674 4578 1847 4646 ἡλίου,

297 4671 708 4739 συνεχωροῦμεν
741 4668 806 4720 ἄν
844 4683 936 4718 σου
961 4665 1037 4730 τῷ
1101 4664 1263 4734 λόγῳ.
1322 4665 1458 4716 Νυνὶ
1504 4664 1576 4715 δὲ
1633 4663 1850 4732 ὁρῶμεν

294 4765 365 4818 τὰ
395 4762 493 4830 μὲν
535 4759 812 4813 σκευαστά
838 4758 1028 4822 ταῦτα,
1059 4754 1160 4815 ἕως
1195 4755 1294 4824 μὲν
1331 4755 1396 4808 ἂν
1450 4755 1554 4807 ὑπὸ
1602 4757 1707 4808 τῶν
1755 4755 1851 4825 δη-

255 4839 258 4842 ’
300 4852 577 4923 μιουργῶν
601 4851 1014 4921 δημιουργεῖται
1044 4848 1333 4917 παρόντων
1387 4851 1478 4901 καὶ
1531 4848 1852 4916 ἁπτομένων

297 4945 406 5000 τῶν
427 4944 600 5016 ἔργων
623 4945 713 4995 καὶ
743 4942 880 4996 αὐτὰ
907 4939 1297 5011 προχωροῦντα
1328 4942 1384 5002 ἐς
1413 4940 1512 5012 τὴν
1543 4941 1851 5011 τελειότητα

279 5041 398 5107 τεὴν
420 5037 647 5098 ἑαυτῶν,
683 5034 1113 5101 καταλειφθέντα
1142 5034 1186 5086 δ’
1215 5033 1445 5104 ἡμιτελῆ
1475 5033 1578 5087 ὑπὸ
1624 5034 1732 5086 τῶν
1756 5034 1852 5104 δηο

302 5127 726 5200 μιουργούντων,
753 5125 852 5179 οὐκ
892 5125 971 5176 ἔτι
995 5123 1389 5194 προχωροῦντα
1432 5126 1490 5186 ἐς
1541 5123 1714 5188 οὐδὲν,
1758 5124 1852 5178 an

297 5221 407 5275 τῶν
431 5216 904 5288 δημιουργούντων
931 5216 992 5268 οὐ
1022 5214 1133 5276 τὰς
1153 5217 1339 5283 χεῖρας
1372 5216 1554 5280 μόνον,
1587 5214 1722 5267 ἀλλὰ
1763 5215 1854 5267 καὶ

297 5314 365 5367 τὰ
403 5311 821 5382 παραδείγματα
877 5308 1047 5361 ταῦτα
1102 5309 1312 5370 ἑαυτοῖς
1348 5308 1848 5377 συναποφερόντων.

297 5407 418 5462 Τῶν
440 5405 495 5458 δὲ
527 5403 684 5474 φύσει
732 5402 1069 5470 γιγνομένων
1099 5402 1167 5465 τὰ
1216 5401 1442 5454 πλεῖστα
1488 5401 1703 5470 ὁρῶμεν
1759 5401 1854 5454 καὶ

297 5478 391 5552 τοῦ
420 5495 570 5567 ἡλίου
601 5493 1086 5564 ἀποκεχωρηκότος
1117 5491 1253 5546 αὐτὰ
1277 5491 1356 5545 ἔτι
1380 5492 1438 5556 ἐς
1468 5491 1567 5560 τὴν
1583 5491 1854 5562 τελειότη-

298 5609 367 5646 τα
413 5588 514 5658 τὴν
559 5586 767 5641 ἑαυτῶν
829 5584 1237 5655 προχωροῦντα,
1271 5584 1300 5638 δ
1350 5585 1584 5653 μάλιστα
1640 5582 1854 5652 ἔνδηλον

297 5683 542 5753 γίγνεται
601 5681 661 5732 ἐν
716 5681 828 5741 τοῖς
878 5678 1014 5746 ταχὺ
1073 5677 1468 5746 τελειουμένοις
1521 5678 1708 5743 φυτοῖς
1767 5678 1854 5728 καὶ

297 5759 546 5838 καρποῖςέ
588 5771 773 5826 Ἃ-καὶ
799 5768 1011 5841 νύκτωρ
1061 5768 1210 5824 οὐδὲν
1243 5765 1460 5840 ἦττονῆ
1493 5768 1611 5839 μεθ’
1642 5767 1853 5838 ἡμέραν

1954 4588 2067 4642 sive
2135 4581 2423 4652 imaginem
2493 4579 2731 4647 indigere
2783 4576 2948 4630 altera
3012 4577 3258 4644 quapiam
3326 4579 3544 4645 specie"

1953 4674 2248 4737 coutmuni,
2305 4678 2501 4738 neque’
2535 4669 2583 4723 si
2634 4670 2743 4722 sint
2795 4667 3091 4736 aequivoca,
3141 4667 3283 4720 sicut
3320 4682 3506 4720 revera

1953 4775 2102 4831 sunt,
2144 4764 2343 4818 nullam
2378 4760 2577 4814 idcirco
2621 4759 2861 4827 ipsorum
2895 4771 3012 4810 esse
3041 4757 3500 4822 couununitatem,

1956 4867 2047 4913 aut
2098 4865 2244 4910 certe
2293 4850 2706 4919 interrogabuot
2763 4862 3018 4908 curnam,
3063 4862 3094 4899 0
3140 4847 3457 4902 Aristotcles
3489 4887 3506 4911 ,

1953 4949 2097 5005 entia
2132 4947 2345 5018 judicas
2376 4958 2495 4998 esse
2522 4943 2819 5010 aequivoca,
2855 4947 2908 4993 et
2950 4938 3093 4991 nulla
3124 4947 3299 4992 tamen
3337 4941 3506 4994 sentis

1955 5039 2095 5092 inter
2126 5051 2184 5090 se
2209 5032 2700 5087 communicatione
2727 5025 2958 5082 sociari?
2987 5027 3096 5080 Nec
3135 5029 3346 5095 inquies
3390 5028 3503 5082 for-

1955 5141 2119 5191 tasse,
2160 5135 2213 5181 te
2250 5127 2351 5179 hoc
2387 5122 2574 5177 nullibi
2599 5121 2817 5175 dixisse.
2844 5119 2900 5172 Id
2927 5121 3066 5186 quod
3088 5120 3263 5187 possis
3293 5131 3504 5189 propter

1954 5220 2136 5276 odium
2174 5215 2315 5285 quod
2348 5230 2471 5283 erga
2503 5227 2600 5266 nos
2626 5211 2921 5287 concepisti
2957 5210 3324 5273 dissimulare,
3359 5214 3501 5280 quod
3560 5223 3564 5228 ‘

1956 5308 2208 5363 nimirum
2250 5304 2523 5372 :equivoea
2571 5302 2622 5355 in
2662 5300 2985 5368 quibusdam
3037 5316 3139 5354 non
3199 5302 3503 5354 communi-

1955 5407 2076 5454 cent
2120 5399 2263 5450 inter
2313 5411 2392 5458 se,
2446 5394 2499 5447 in
2533 5391 2854 5461 quibusdam
2903 5406 3032 5445 vero
3078 5392 3502 5446 communicent.

1920 5487 2087 5554 _Nam
2145 5501 2316 5555 neque
2365 5482 2626 5555 Lysandri
2674 5491 2853 5538 statua
2902 5498 3024 5537 cum
3069 5483 3184 5551 ipso
3227 5481 3505 5553 Lysandro

1955 5579 2153 5634 nullam
2185 5591 2408 5646 prorsus
2459 5575 2618 5627 habet
2645 5573 3088 5628 communitatem
3125 5590 3296 5642 neque
3330 5575 3506 5644 imago
3602 5566 3609 5572 ’

1954 5685 2075 5725 cum
2098 5682 2195 5722 suo
2217 5666 2386 5737 ipsius
2408 5665 2794 5732 exetuplari.At
2817 5665 3017 5732 inquis,
3040 5675 3315 5732 praetcrea,
3335 5665 3500 5730 Quid-

1958 5777 2080 5818 nam
2115 5761 2232 5831 opis
2273 5757 2522 5814 adferunt
2557 5756 2763 5826 species
2826 5763 2916 5809 aut
2946 5755 3106 5811 rebus
3134 5756 3500 5824 sempiternis,
