3982 6332
547 270 647 328 9.2-;
1401 281 1404 283 λ
1776 245 2105 307 GEORGII
2150 249 2583 314 PLETHUNIS

3709 246 3814 310 9‘38

700 365 882 419 sensui
917 372 1044 419 sunt
1084 361 1361 429 subjectae,
1402 369 1493 416 aut
1536 359 1659 414 aliis
1704 360 2126 430 quibuscunque

2238 361 2484 427 φαίνεται
2516 365 2884 433 τελειούμενα.
2915 362 3018 416 Τὸν
3042 363 3142 433 μὲν
3176 361 3268 416 οὖν
3311 360 3472 447 ηλίου
3527 363 3656 414 νοῦν
3704 365 3801 415 οὒκ

551 472 672 527 qua:
720 467 772 510 et
813 463 1136 525 generantur
1168 461 1219 506 et
1271 454 1577 507 intereunt?
1623 466 1799 521 neque
1828 451 1970 506 enim
2004 451 2123 505 elﬁ-

551 549 725 608 ciunt,
759 557 817 598 ut
848 545 950 598 illa:
979 542 1061 597 vel
1101 553 1441 606 moveantur,
1480 542 1561 596 vel
1599 539 1904 596 mutentur;
1929 538 2028 593 Hic
2069 554 2128 594 se

553 639 660 703 jam
707 639 881 707 prodit
909 635 1250 698 Aristoteles,
1297 633 1760 701 manifestumque
1809 631 1937 685 facit
1965 646 2127 699 quam

556 731 626 784 ob
682 743 898 792 causam
955 727 1155 781 bellum
1208 727 1473 786 adversus
1523 727 1671 782 ideas
1728 725 1980 780 moverit.
2038 725 2132 778 llle

558 835 790 888 tamque
841 833 943 874 nec
1000 817 1168 874 sentit
1226 832 1328 873 nec
1374 819 1523 882 vult,
1578 817 1754 872 inesse
1819 817 2129 886 quampiam

559 898 721 966 rebus
769 910 1118 978 sempiternis
1172 925 1393 964 causam
1431 911 1551 979 ejus
1615 907 1756 978 quod
1809 909 1919 962 sint
1971 916 2133 974 atque

558 1000 854 1064 exsistant,
878 1008 1087 1070 praeter
1120 1001 1170 1056 id
1203 1001 1351 1070 quod
1378 1010 1686 1066 moventur,
1715 1012 1944 1067 eamque
1969 997 2134 1052 nimi-

559 1109 676 1147 rum
709 1095 780 1151 ob
811 1107 1035 1149 causam
1069 1108 1190 1162 Cum
1223 1093 1518 1150 Platonicis
1550 1094 1840 1163 prmliatur.
1875 1094 2132 1160 Alioquin

559 1185 689 1254 quid
725 1185 824 1241 sibi
863 1186 1038 1250 vellet,
1093 1186 1221 1239 dum
1269 1186 1462 1256 inquit,
1499 1187 1765 1254 Quidnam
1814 1186 1929 1255 opis
1982 1186 2135 1240 adfe-

561 1286 687 1332 runt
736 1280 948 1346 species
994 1287 1088 1331 aut
1135 1283 1295 1334 rebus
1337 1281 1697 1348 sempiternis
1757 1295 1881 1348 qua:
1943 1279 2127 1347 sensui

561 1379 690 1424 sunt
744 1371 1024 1438 subjectae,
1081 1379 1175 1425 aut
1226 1371 1347 1425 aliis
1395 1372 1851 1441 quibuscunque,
1909 1386 2031 1440 qua:
2076 1380 2130 1427 et

476 1471 481 1476 ‘
562 1471 889 1529 generantur
921 1470 973 1518 et
1006 1461 1325 1516 intereunt?
1366 1478 1540 1530 neque
1569 1464 1714 1521 enim
1754 1461 2023 1526 efficiunt,
2075 1468 2131 1515 nt

564 1553 667 1605 illa:
694 1552 778 1606 vel
818 1559 1145 1607 moveantur
1183 1553 1266 1607 vel
1301 1553 1613 1608 mutentur?
1645 1561 1738 1608 aut
1787 1561 1934 1607 certe
1979 1550 2132 1619 quod

566 1641 654 1694 ille
680 1642 1182 1713 adgenerationem
1218 1652 1271 1697 et
1314 1644 1717 1712 corruptionem
1756 1657 1936 1697 rerum
1982 1642 2134 1696 simi-

563 1733 666 1787 lem
715 1733 1029 1790 habentium
1064 1735 1296 1803 speciem
1328 1741 1386 1787 ut
1410 1733 1474 1787 iis
1495 1748 1617 1803 qua
1645 1742 1979 1803 generantet
2012 1734 2131 1802 ipso

563 1825 695 1885 sole,
733 1822 1093 1888 sufﬁcientes,
1134 1823 1380 1893 satisque
1429 1824 1655 1878 idoneas
1693 1825 1968 1879 existimet
1998 1841 2130 1880 cau-

563 1925 653 1964 sas
678 1908 960 1975 constitui;
991 1918 1045 1962 at
1069 1925 1156 1972 res
1189 1911 1548 1980 sempiternas
1578 1913 1830 1967 sensibus
1860 1912 2132 1980 subjectae

566 2001 769 2056 moveri
798 2003 1014 2072 quidem
1045 2017 1150 2056 non
1197 2002 1394 2056 sentiat
1425 2013 1644 2072 propter
1674 2004 1903 2074 species.
1935 2012 2034 2059 nec
2064 2005 2131 2061 ad

563 2094 851 2148 essentiam
894 2104 947 2149 et
996 2095 1407 2163 productionem
1461 2095 1693 2164 alicujus
1732 2096 1820 2164 [rei
1863 2097 1967 2150 alia
1999 2113 2134 2166 qna-

563 2185 704 2254 piam
755 2200 881 2240 esse
943 2199 1129 2248 causa,
1181 2186 1390 2250 idcirco
1443 2187 1639 2256 inquit,
1695 2187 1962 2254 Quidnam
2017 2189 2133 2258 op’s

563 2276 794 2330 alterum
830 2277 960 2346 ipsis
989 2277 1238 2346 species?
1268 2277 1372 2332 Sed
1412 2278 1555 2332 dicet
1604 2266 1834 2332 fortasSe
1861 2281 2130 2348 quispiam

561 2368 706 2435 quod
743 2367 1015 2422 existimet
1048 2379 1100 2422 et
1130 2368 1451 2444 Aristoteles
1486 2367 1594 2437 Deo
1629 2368 1728 2425 soli
1763 2369 1854 2438 qui
1888 2369 1958 2423 sit
1989 2371 2132 2424 anti-

564 2458 877 2523 quissimus,
912 2460 1048 2511 hanc
1074 2459 1366 2513 convenire
1392 2475 1632 2514 causam.
1666 2459 1744 2514 Ad
1777 2460 1880 2513 hoc
1907 2474 2134 2530 respon-

563 2549 754 2604 demus
784 2549 849 2602 de
881 2549 983 2604 alio
1014 2551 1229 2619 quidem
1264 2553 1514 2619 quopiam
1553 2553 1654 2607 hoc
1685 2552 1859 2620 ipSum
1909 2551 2136 2622 cogitari

565 2654 747 2707 posse,
769 2641 860 2695 sed
890 2642 1110 2695 minime
1131 2642 1499 2697 de—Aristotele
1513 2643 1600 2698 cui
1627 2642 1760 2698 nihil
1781 2642 1882 2696 tale
1905 2643 1956 2696 in
1989 2658 2138 2696 men-

567 2738 671 2783 tem
707 2730 871 2784 venit.
903 2729 965 2784 Et
990 2744 1213 2784 curnam
1253 2731 1436 2785 istud?
1489 2733 1582 2785 Ille
1621 2738 1856 2802 nam‘qne
1895 2733 1998 2790 sibi
2032 2731 2134 2802 ipsi

562 2825 872 2883 contrarius
895 2824 1050 2885 foret,
1077 2823 1119 2876 si
1143 2823 1245 2877 hoc
1269 2825 1490 2878 diceret.
1529 2822 1874 2894 lnterrogabo
1892 2825 2034 2880 enim
2069 2825 2136 2878 ab

566 2909 696 2973 illis,
727 2911 816 2976 qui
852 2910 950 2964 hoc
986 2909 1241 2979 aliingunt
1272 2911 1398 2980 ipsi,
1431 2927 1530 2967 cur
1567 2929 1672 2968 non
1721 2914 1808 2969 ille
1845 2916 1989 2968 hunc
2033 2912 2135 2983 ipsi

2230 453 2298 506 ἂν
2323 453 2462 507 αὐτὰ
2494 453 2574 508 ἔτι
2623 453 2886 510 τελειοῦν.
2947 454 3022 508 Οὐ
3081 454 3191 525 γὰρ
3227 454 3294 508 ἂν
3335 454 3461 517 τοὺς
3512 452 3813 522 μεθεκτοῦς

2229 542 2451 605 τούτους
2473 544 2600 606 νοῦς
2625 544 2753 598 ἄνευ
2770 545 2878 597 τῶν
2905 545 3057 614 σφίσι
3095 545 3362 598 συνόντων
3392 546 3672 613 σωμάτων
3724 547 3812 599 ob-

2231 630 2445 685 δοτιοῦν
2481 633 2614 704 δρᾷν
2645 633 2780 701 ἐςγε
2828 633 2991 707 ἕτερα
3043 633 3289 701 σώματα.
3347 635 3428 687 Τὰ
3470 635 3530 687 δὲ
3588 634 3814 700 σώματα

2235 723 2410 775 πάντα
2442 725 2537 776 καὶ
2568 723 2769 788 Οέσεὼς
2799 741 2944 787 τινος
2993 723 3198 776 δεῖσθαι
3233 723 3326 777 καὶ
3356 725 3642 794 σχήματος
3677 725 3814 791 πρὸς

2233 814 2306 868 τὰ
2354 816 2674 885 πεισόμενα,
2735 816 2834 870 ὅσα
2881 814 2989 869 τότ’
3038 814 3104 869 ἂν
3133 815 3222 868 τὸν
3277 814 3428 885 ἥλιον
3468 815 3637 885 πρδςκ
3674 817 3812 870 αὐτὰ

2237 909 2440 978 μηκέτι
2467 907 2635 978 ἔχειν.
2663 890 2829 960 Ὠστέ
2860 907 3055 976 μηκέτι
3087 907 3192 959 ὑπὸ
3216 906 3311 959 τοῦ
3347 907 3500 976 ἡλίου
3523 907 3635 960 τότ’
3653 907 3721 960 ἂν
3744 909 3813 961 τὰ

2234 996 2458 1050 τοιαῦτα
2478 996 2980 1066 τελειούμεναφὺδ*
3000 996 3068 1050 ἂν
3099 997 3238 1049 αὐτὰ
3265 997 3334 1050 δι’
3359 982 3501 1050 αὐτὰ
3530 997 3810 1062 πλειοίτο,

2235 1088 2492 1159 οὐδεμίαν
2524 1089 2631 1158 γὰρ
2660 1089 2889 1158 δύναμιν
2929 1090 3006 1152 ’ἐς
3038 1090 3318 1158 ἐνέργειαν
3371 1093 3685 1159 προχωρεῖν
3736 1094 3810 1159 μὴ

2234 1183 2333 1251 οὐχ
2357 1181 2448 1248 ὑφ’
2473 1183 2668 1250 ἑτέρας
2691 1181 2970 1250 ἐνεργείας
3008 1181 3499 1252 προϐιϐαζομένην.
3527 1183 3651 1238 Οὐδ’
3681 1183 3814 1235 αὐτὸ

2235 1271 2464 1340 δυνάμει
2486 1271 2692 1324 τέλειον
2748 1273 2840 1324 καὶ
2889 1270 3036 1341 ἔργῳ
3084 1272 3214 1324 ποτὲ
3264 1257 3470 1326 τέλειον
3528 1273 3810 1340 γίγνεσθαι

2240 1364 2317 1432 μὴ
2349 1364 2446 1433 οὺχ
2477 1362 2567 1432 ὑφ’
2591 1363 2780 1434 ἐτέρου
2810 1381 2900 1416 του
2945 1363 3093 1433 ἔργῳ
3123 1360 3450 1435 τελὲωτέρου
3485 1365 3812 1436 προδιδαςό-

2241 1471 2423 1525 μενον.
2461 1455 2558 1508 Διὰ
2616 1454 2794 1508 ταῦτα
2847 1457 3031 1525 ἡμεῖς,
3089 1455 3344 1523 φήσουσι,
3379 1456 3492 1521 τὴν,
3529 1457 3809 1527 ἐνέργειαν

2239 1548 2449 1615 ταύτην
2475 1546 2572 1616 τὴν
2606 1547 2727 1598 τότε
2761 1545 2823 1614 δὴ
2857 1546 2921 1600 τὰ
2980 1544 3202 1603 τοιαῦτα
3237 1543 3550 1601 τελειοῦσαν
3576 1546 3687 1608 τοῖς
3736 1544 3811 1597 εί-

2238 1638 2352 1692 δεσι
2395 1638 2605 1699 τούτοις
2663 1636 3027 1705 ἀπονέμομεν.
3078 1638 3187 1692 Καὶ
3225 1637 3345 1708 διχῆ
3400 1638 3470 1691 τὰ
3503 1638 3809 1706 ,σύμπαντα

2231 1729 2470 1798 χωριστὰ
2497 1728 2609 1797 σίδη
2645 1727 2972 1797 διαιροῦντες
2998 1726 3054 1790 ἐς
3091 1745 3150 1781 τι
3212 1729 3372 1781 ἱκανά
3418 1728 3556 1782 αὐτὰ
3612 1727 3680 1782 δι’
3714 1728 3810 1781 αὖ,

2233 1819 2343 1871 τῶν
2372 1820 2442 1870 τὰ
2505 1817 2640 1887 ἔργα
2693 1818 3104 1889 ἐξεργάζεσθαι,
3173 1819 3231 1883 ἔς
3292 1836 3350 1872 τε
3399 1820 3501 1890 οὐχ
3552 1820 3810 1883 ὡσαύτως

2234 1907 2416 1970 ἱκανὰ,
2449 1909 2630 1962 εκιῖνα
2664 1909 2763 1978 μὲν
2788 1911 2898 1972 τοῖς
2928 1909 3052 1979 τῇδε
3091 1909 3280 1972 ἀϊδίοις
3297 1910 3728 1982 παραδείγματά
3750 1929 3808 1965 τε

2235 2001 2328 2054 καὶ
2346 2001 2492 2054 αττια
2521 2002 2843 2070 ἐφίσταμεν,
2873 2000 3047 2055 ταῦτα
3087 1999 3144 2055 δὲ
3195 2004 3308 2066 τοις
3353 2003 3483 2072 τῇδε
3525 2004 3805 2075 φθαρτοῖς,

2233 2092 2462 2160 δεόμενα
2513 2091 2612 2162 μὲν
2639 2093 2734 2146 καὶ
2779 2092 2877 2161 τῆς
2944 2092 3098 2161 ήλίου
3149 2094 3468 2164 συνεργείας
3523 2095 3621 2164 τὴν
3675 2095 3812 2166 ὓλην

2235 2185 2418 2247 αὐτοῖς
2469 2182 2854 2254 προσάξοντος,
2917 2184 3105 2254 ἐπειδὴ
3142 2184 3196 2237 δὲ
3244 2170 3461 2240 λάϐοιτο
3514 2187 3612 2257 τῆς
3655 2186 3808 2256 ὕλης.

2234 2272 2443 2342 δρῶντα
2475 2274 2568 2327 καὶ
2602 2273 2742 2327 αὐτὰ
2766 2273 2834 2326 δι’
2860 2273 3039 2328 αὐτῶν
3087 2275 3168 2327 ἔτι
3222 2278 3282 2340 ις
3351 2278 3542 2345 αὐτήν.
3598 2279 3705 2331 Καὶ
3747 2280 3807 2330 οὐ

2235 2362 2680 2432 καινοποιοῦμεν,
2710 2364 2995 2432 φήσουσιν,
3017 2364 3125 2419 οὐδ’
3155 2368 3338 2430 αἰτίας
3369 2369 3561 2430 καινὰς
3586 2412 3603 2435 ,
3635 2370 3710 2432 ὡς
3742 2370 3807 2421 σὺ

2238 2454 2364 2525 φῂς,
2428 2455 2845 2526 ὲφιυρίσκομεν,
2902 2456 3040 2510 ἀλλὰ
3091 2459 3181 2510 τὸν
3241 2457 3351 2512 τῶν
3408 2459 3600 2512 αἰτιῶν
3653 2445 3808 2526 λόγον

2236 2547 2397 2614 ἡμεῖς
2430 2548 2530 2616 μὲν
2559 2547 2738 2616 πλήρη
2771 2548 2880 2610 τοῖς
2901 2547 3052 2603 οὖσιν
3076 2550 3421 2620 ἀποδίδομεν,
3450 2552 3514 2605 σὺ
3546 2550 3591 2604 δ’
3629 2550 3804 2618 ὲνδεῆ.

2237 2635 2452 2705 Διελὼνς
2469 2638 2575 2708 γάρ
2599 2654 2700 2690 που
2751 2639 2846 2690 καὶ
2883 2640 2947 2691 σὺ
2965 2641 3021 2703 ἐς
3052 2641 3289 2711 τέτταρα
3323 2641 3390 2713 τὰ
3437 2641 3564 2696 -τῶν
3617 2641 3807 2694 αἰτιιῖιν

2236 2728 2373 2793 σίδη,
2408 2729 2519 2791 τοῖς
2548 2728 2648 2799 μιν
2679 2730 2827 2799 τρισὶ
2857 2729 3030 2802 φαίνῃ
3063 2730 3129 2801 δὴ
3166 2729 3261 2784 καὶ
3289 2731 3451 2794 αὐτὸς
3495 2731 3802 2803 χρώμενος,

2236 2819 2314 2890 τῷ
2342 2819 2558 2890 τελικῷ,
2593 2821 2689 2874 καὶ
2739 2820 2817 2890 τῷ
2847 2821 2945 2891 τῆς
2975 2823 3248 2892 κινήσεως
3287 2824 3521 2896 ἀρχικῷ,
3578 2827 3676 2878 καὶ
3725 2824 3804 2895 τῷ

2239 2914 2429 2984 ὑλικῷ,
2461 2912 2539 2983 τῷ
2567 2912 2622 2966 δέ
2652 2929 2716 2981 γε
2746 2913 2941 2986 γλοιπῷ
2971 2913 3048 2984 τῷ
3105 2913 3292 2983 εἰδικῷ
3323 2910 3384 2969 οὗ
3408 2915 3550 2968 πάνυ
3581 2933 3687 2971 τοι.
3742 2918 3805 2969 Ei

571 3001 678 3052 Deo
712 3014 925 3053 summo
951 3001 1439 3071 antiquissimoque
1473 3021 1663 3059 omnes
1705 3008 1946 3060 omnium
1977 3007 2131 3061 cade-

2239 3006 2347 3074 γάρ
2382 3022 2463 3060 τοι
2490 3005 2604 3058 τῶν
2629 3005 2912 3075 ,αἰσθητῶν
2946 3005 3162 3074 ἑκάστῳ
3196 2995 3410 3074 φύσεώς
3456 3000 3598 3072 εἶδος
3659 3009 3805 3086 τοῦτ’

564 3091 725 3146 stium
758 3093 968 3147 orbium
991 3102 1170 3149 motus
1193 3095 1566 3164 assignaverit,
1587 3099 1675 3153 sed
1698 3099 1859 3152 alium
1888 3099 2128 3167 singilla-

564 3182 796 3235 tim'talii
849 3185 1178 3239 motui?aut
1220 3197 1367 3242 certe
1418 3188 1607 3257 liquet,
1645 3191 1822 3259 ipsum
1851 3191 2127 3261 dignitatis

562 3273 844 3340 cujusdam
879 3278 1071 3345 gratia,
1124 3278 1324 3347 plures,
1360 3282 1704 3350 sempiternis
1736 3283 1845 3337 illis
1873 3282 2128 3338 essentiis

562 3379 685 3416 cum
740 3366 848 3419 sint
898 3367 1098 3434 plures,
1155 3371 1456 3440 prwfecisse
1513 3384 1913 3442 propagatores,
1964 3384 2129 3442 atque

567 3454 723 3507 fateri
776 3457 917 3524 ipsos
949 3458 1182 3527 aliquam
1215 3461 1437 3516 omnino
1467 3461 1675 3517 illarum
1713 3479 1831 3518 esse
1858 3480 2078 3519 causam
2105 3465 2127 3518 ?

566 3546 672 3599 Aut
711 3558 853 3602 certe
890 3551 1031 3619 quod
1086 3551 1347 3622 imagines
1404 3549 1673 3622 putaverit
1723 3557 2126 3624 propagatrices

568 3638 649 3693 sui
682 3641 938 3708 ipsarum,
989 3658 1169 3712 neque
1200 3645 1340 3696 enim
1382 3645 1432 3697 id
1468 3648 1692 3700 omnino
1743 3656 1891 3702 esset
1943 3649 2128 3702 incon—

568 3741 912 3797 sentaneum,
968 3749 1091 3788 cum
1141 3736 1430 3789 habuerint
1477 3738 1580 3791 illae
1634 3754 1730 3793 sua
1775 3739 2124 3808 exemplaria.

565 3824 738 3892 Atque
775 3830 875 3880 hoc
914 3827 1131 3892 quidem
1175 3827 1334 3880 modo
1365 3829 1525 3881 etiam
1565 3829 1650 3882 ille
1692 3832 1978 3885 sententiae
2011 3831 2128 3885 Pla-

566 3913 758 3966 tonica:
816 3917 879 3967 de
928 3914 1067 3969 ideis
1108 3915 1455 3970 subscribere
1506 3913 1799 3983 videretur,
1835 3929 1886 3973 et
1928 3928 2128 3975 nostrae

563 4003 700 4066 parti
741 4003 1008 4070 accipere.
1056 4002 1211 4057 Nunc
1257 4014 1437 4058 autem
1490 4017 1639 4060 certo
1668 4015 1909 4071 constat,‘
1948 4010 2124 4078 ipsum

566 4108 672 4146 non
707 4094 909 4147 sentire
941 4094 1178 4162 aliquam
1212 4107 1332 4150 esse
1367 4095 1578 4148 illarum
1611 4111 1829 4151 causam
1854 4099 2128 4153 deductri-

564 4195 707 4244 ecm‘,
764 4183 856 4237 sed
891 4192 942 4238 ct
973 4187 1072 4236 hoc
1104 4186 1266 4238 modo
1307 4185 1427 4239 illas
1459 4195 1512 4240 et
1562 4187 1715 4252 tales,
1748 4189 1932 4256 quales
1977 4201 2123 4256 sunt,

563 4290 592 4325 a
625 4275 816 4342 seipsis
851 4285 1169 4344 prepagatas
1218 4278 1421 4329 moveri
1449 4287 1654 4330 tantum
1707 4279 1771 4333 ad
1823 4281 1984 4335 linem
2025 4281 2124 4334 ali-

563 4380 749 4432 quem,
791 4367 841 4416 el
877 4366 1049 4431 ipsum
1105 4364 1295 4418 Deum.
1355 4368 1421 4420 At
1482 4369 1645 4434 enim,
1700 4371 1895 4438 inquit,
1945 4368 2126 4441 neqUe

564 4454 629 4508 ad
685 4446 964 4510 scientiam
1017 4458 1241 4510 aliarum
1294 4475 1470 4512 rerum
1500 4461 1791 4530 quidquam
1855 4467 2131 4534 prosunt?

570 4565 744 4614 neque
797 4549 939 4602 enim
1001 4549 1128 4615 ipsa!
1181 4560 1307 4603 sunt
1367 4553 1603 4605 essentia
1664 4554 1900 4621 illarum,
1950 4566 2131 4611 essent

566 4642 708 4691 t'ltitll
746 4640 794 4692 in
829 4639 929 4691 illis
983 4641 1138 4706 ipsis,
1195 4656 1368 4708 neque
1426 4643 1667 4711 easdem,
1708 4654 1765 4698 ut
1811 4646 1927 4701 sint
1977 4641 2133 4716 quid-

567 4722 727 4796 quam
759 4730 971 4798 juvant,
999 4729 1258 4799 siquidem
1295 4734 1344 4785 in
1397 4733 1462 4787 iis
1496 4750 1601 4788 non
1650 4747 1777 4790 sunt
1803 4740 2001 4806 quibus
2047 4757 2131 4794 sc-

570 4823 711 4884 ipsas
773 4821 1119 4887 participant.
1179 4822 1310 4886 Quis
1357 4823 1520 4892 igitur
1555 4826 1622 4878 de
1658 4826 1889 4897 imagine
1938 4831 2132 4888 melius

562 4912 828 4982 jndicabit
858 4912 879 4963 ?
906 4929 1081 4966 nonne
1116 4914 1160 4967 is
1219 4915 1310 4982 qui
1337 4916 1498 4969 etiam
1526 4920 1802 4986 exemplar
1841 4922 2001 4977 habet
2038 4939 2133 4977 co-

569 5001 817 5067 gnitum?
850 5017 1022 5069 neque
1084 5004 1227 5056 enim
1265 5004 1310 5056 is
1330 5006 1419 5072 qni
1449 5009 1721 5076 exemplar
1745 5025 1849 5063 non
1876 5015 2132 5082 cognovit
2177 5008 2180 5011 ’

569 5092 756 5142 eodem
795 5091 951 5160 plane
980 5094 1138 5145 modo
1187 5105 1519 5162 perspectam
1553 5108 1709 5168 atque
1746 5110 1925 5155 notam
1964 5105 2128 5159 babe-

572 5187 647 5235 liii.
711 5187 1024 5252 imaginem,
1092 5201 1199 5253 quo
1257 5189 1413 5252 alter,
1472 5190 1562 5258 qui
1623 5191 1796 5258 ipsum
1858 5198 2130 5265 cognovit,

587 5282 844 5346 jnonmdo
899 5290 1073 5330 autem
1117 5278 1234 5330 aliis
1287 5281 1351 5343 ad
1403 5281 1502 5335 hoc
1537 5294 1593 5336 ut
1636 5285 1764 5350 sint,
1806 5301 1911 5340 non
1963 5293 2133 5357 prosit

571 5373 868 5437 quppiam,
922 5381 978 5424 ut
1026 5373 1236 5426 etiamsi
1295 5375 1346 5427 in
1407 5376 1511 5428 illis
1568 5376 1844 5445 ipsissuon
1893 5382 1982 5447 sit,
2039 5384 2132 5436 sed

573 5477 732 5514 Hillsa
791 5473 965 5515 tamen
1023 5467 1090 5516 sit
1142 5465 1400 5519 illorum?
1445 5467 1707 5523 Praeterea
1764 5471 1980 5540 inquit,
2015 5471 2132 5526 Non

533 5536 544 5546 ’
573 5554 743 5607 solum
792 5568 972 5610 rerum
1005 5559 1336 5610 sensibilium
1375 5563 1700 5628 exetnplaria
1735 5574 1861 5616 sunt
1894 5565 2128 5633 Species,

573 5645 662 5698 sed
706 5645 866 5701 etiam
919 5647 998 5700 sui
1027 5649 1284 5715 ipsarum,
1325 5653 1462 5705 sicut
1492 5668 1659 5721 genus
1694 5670 1878 5708 carum
1928 5658 2132 5727 Specie-

2232 3090 2371 3148 εἷναί
2399 3111 2480 3148 σοι
2511 3094 2572 3149 τδ
2619 3094 2857 3172 τοιοῦτον
2895 3095 3064 3149 αῐτιον
3087 3097 3270 3172 δοκεῖ,
3321 3095 3477 3150 τοῦτο
3535 3098 3634 3166 μέν
3695 3115 3802 3152 που

2233 3186 2548 3254 σαφέστατα
2581 3168 2862 3243 οὐχἐστιν
2905 3168 3239 3259 αττιονξὰλῖ
3285 3186 3444 3258 ἔργον
3501 3188 3570 3242 ἂν
3615 3189 3803 3259 ἑτέρου

2229 3295 2324 3330 του
2357 3279 2642 3347 είηαίτίου
2669 3279 2760 3332 καὶ
2797 3258 3173 3348 ἀποτέλεσμα,
3227 3278 3414 3349 ὥσπερ
3465 3297 3570 3334 που
3629 3258 3722 3336 καί
3769 3286 3803 3353 ἡ

2230 3370 2442 3443 ἑκάστῳ
2481 3369 2578 3442 ὕλη
2610 3371 2711 3440 τῆς
2743 3370 2837 3424 τοῦ
2868 3369 3067 3434 παντδς
3093 3372 3329 3444 οὐρανοῦ
3356 3373 3510 3442 ,ὕλης
3571 3374 3806 3440 ἀπόκρι-

2233 3463 2308 3534 μα
2336 3480 2394 3516 τε
2419 3465 2512 3517 καὶ
2561 3463 2933 3532 ἀποτέλεσμα.
2971 3447 3162 3531 Ἡμεῖς
3219 3462 3426 3532 μέντοι,
3464 3464 3672 3533 ἐροῦσι,
3718 3465 3801 3533 τῷ

2231 3556 2330 3623 μὲν
2361 3556 2576 3608 πάντων
2601 3541 2808 3625 βασιλεῖ
2841 3553 2967 3632 Θεῷ.
2990 3554 3053 3605 τὸ
3074 3552 3285 3606 τελικόν
3307 3571 3362 3605 τε
3398 3555 3492 3606 καὶ
3515 3556 3806 3626 κράτιστον

2227 3648 2336 3700 τῶν
2367 3647 2561 3702 αἰτιῶν
2591 3646 2935 3714 ἀποδιδόντες
2960 3643 3120 3712 εἶδος,
3150 3645 3251 3698 οὐκ
3273 3646 3366 3700 ἐπὶ
3400 3650 3520 3711 ταῖς
3551 3651 3800 3718 κινήσεσι

2232 3739 2389 3808 μόνον
2420 3739 2554 3794 ἀλλὰ
2583 3741 2673 3793 καὶ
2699 3743 2814 3803 ταῖς
2839 3741 3046 3804 οὐσίαις
3097 3741 3189 3797 καὶ
3216 3742 3328 3803 τοῖς
3360 3739 3478 3798 οὖσι
3534 3746 3687 3798 πᾶσι.
3721 3744 3805 3798 Τὰ

2227 3829 2270 3882 δ’
2299 3829 2412 3899 εἴδη
2454 3830 2625 3890 ταῦτα
2659 3832 3075 3906 παραδείγματα
3117 3837 3230 3899 τοῖς
3262 3835 3413 3889 οὖσιν
3448 3835 3800 3903 ἐφιστάντες,

2233 3921 2293 3972 τὸ
2325 3921 2379 3974 δὲ
2403 3925 2501 3991 τῆς
2533 3923 2802 3992 κινήσεως
2843 3924 3070 3994 ἀρχικὸν
3092 3929 3168 3995 -τῇ
3204 3927 3350 3996 ψυχῇ
3389 3929 3454 3996 τῇ
3500 3926 3655 3979 τοῦδε
3710 3927 3801 3978 τοῦ

2227 4013 2461 4082 οὐρανοῦ
2519 3999 2807 4086 ’ἡγουμένῃ
2832 4016 3216 4087 ἀπονέμοντες,
3256 4019 3350 4072 καὶ
3394 4021 3453 4071 τὸ
3487 4019 3671 4071 ὑλικὸν
3740 4022 3803 4088 τῇ

2229 4103 2321 4156 τοῦ
2340 4105 2535 4183 παντὸς
2574 4104 2724 4158 τοῦδε
2747 4107 2840 4159 τοῦ
2869 4105 3100 4174 οὐρανοῦ
3145 4107 3268 4181 ὕλῃ,
3303 4108 3446 4163 οὕτω
3476 4109 3665 4180 πλήρη
3695 4114 3805 4172 τοῖς

2219 4185 2347 4248 οὖσι
2385 4196 2452 4248 τὰ
2478 4196 2585 4247 τῶν
2635 4197 2824 4250 αἰτιῶν
2878 4198 2994 4267 εῐδη
3033 4199 3384 4270 ἀποδίδομεν.
3447 4200 3636 4267 Ταῦτα
3711 4203 3805 4270 μέν

2230 4305 2332 4340 που
2361 4288 2409 4339 oi
2445 4287 2511 4338 τὰ
2536 4286 2647 4356 είδη
2691 4288 2960 4356 τιθέμενοι
3010 4291 3240 4359 φήσουσι
3299 4291 3369 4343 τὰ
3429 4291 3526 4360 μὲν
3597 4292 3805 4343 ἑαυτῶν

2238 4379 2448 4449 συνῳδὰ
2474 4380 2594 4439 ταῖς
2647 4380 2947 4447 ,σφετέραις
3017 4380 3338 4435 ὑποθέσεσιν
3385 4383 3800 4452 ἀποφαίνοντες,

2247 4470 2586 4542 Ἀριστοτέλη
2618 4470 2673 4522 δὲ
2695 4470 2763 4522 τὰ
2815 4473 2913 4540 μὲν
2964 4472 3427 4541 συκοφαντοῦντα,
3462 4475 3532 4527 τὰ
3563 4474 3610 4528 δ’
3654 4475 3807 4528 οὐδὲν

2236 4561 2580 4630 περαίνοντα,
2611 4561 2678 4613 τὰ
2700 4560 2755 4613 δὲ
2783 4563 2877 4615 καὶ
2909 4563 3126 4633 περὶτὰ
3157 4564 3406 4634 μεγίστα
3438 4566 3805 4638 ἀμαθαίνοντα

2236 4647 2566 4722 ἐλέγχοντες.
2604 4653 2724 4716 Πῶς
2752 4655 2860 4722 γὰρ
2898 4655 2957 4708 οὐ
2991 4655 3118 4727 περὶ
3171 4656 3240 4710 τὰ
3296 4659 3530 4724 μέγιστα
3589 4651 3809 4728 ἀμαθὴς

2248 4745 2663 4814 Ἀριστοτέλης,
2711 4745 2920 4815 συχνῶν
2952 4763 3007 4799 τε
3036 4745 3210 4799 ἄλλων
3261 4739 3334 4800 ὧν
3391 4747 3604 4816 ἔφαμεν
3644 4748 3806 4801 ἕνεκα

2239 4838 2330 4888 καὶ
2360 4837 2592 4905 μάλιστά
2617 4853 2674 4889 τε
2702 4836 2795 4889 τοῦ
2822 4839 3077 4905 μέγιστοι)
3122 4838 3222 4906 τῆς
3253 4838 3358 4890 τῶν
3382 4839 3568 4892 ἀϊδίων
3608 4839 3806 4894 οὗσιῶν

2236 4930 2296 4980 οὐ
2329 4929 2686 4998 παραγωγῆς,
2721 4929 2828 4980 οὐδ’
2870 4928 2957 4995 ἐφ’
3018 4928 3134 4990 ἐνὸς
3173 4928 3282 4981 τῶν
3330 4930 3546 4983 πάντων
3591 4930 3687 4982 τοῦ
3743 4947 3803 4997 γε

2238 5019 2374 5073 εἶναι
2408 5020 2567 5073 ἕνεκα
2588 5021 2880 5087 ἀναφορᾶς,
2911 5020 3006 5089 οὐχ
3052 5018 3238 5090 ὥσπερ
3271 5021 3494 5074 Πλάτων
3525 5039 3583 5074 τε
3621 5023 3714 5075 καὶ
3756 5023 3802 5074 oi

2239 5128 2305 5163 πε
2317 5112 2368 5179 ρὶ
2428 5110 2688 5164 Πλάτωνα
2744 5111 2834 5163 τὸν
2863 5113 3080 5162 πάντων
3103 5111 3329 5180 βασιλέα
3358 5112 3488 5164 Θεὸν
3517 5116 3628 5176 τοῖς
3656 5112 3804 5166 οὖσιν

2239 5203 2587 5270 ἐφιστάντες,
2628 5201 2814 5256 τοῦτον
2849 5203 3182 5272 παραγωγόν
3206 5219 3262 5254 τε
3308 5204 3659 5273 παραγωγῶν
3698 5206 3805 5258 καὶ

2237 5293 2566 5365 δημιουργὸν
2591 5294 2940 5364 δημιουργῶν
2972 5293 3214 5357 ἀξοῦσιν
3253 5292 3391 5347 εἶναι
3417 5295 3568 5348 οὐδὲν
3594 5297 3676 5348 ὅτι
3704 5296 3806 5371 οὐχ

2240 5384 2327 5434 ἐπ’
2383 5385 2590 5440 ἐκεῖνον
2631 5386 3015 5455 ἀναφέροντες.
3065 5387 3298 5439 κακεῖνο
3345 5386 3399 5439 δὲ
3461 5390 3655 5457 ῥητέον
3713 5390 3805 5441 ἐπὶ

2241 5477 2426 5540 πᾶσιν,
2459 5477 2534 5539 ὡς
2570 5473 2793 5530 Πλάτων
2840 5478 2940 5546 μὲν
2987 5478 3097 5530 τῶν
3140 5478 3245 5547 πρὸ
3313 5478 3478 5533 αὐτοῦ
3530 5483 3644 5545 τοῖς
3703 5482 3803 5550 μὲν

2242 5569 2522 5636 ἑπόμενος,
2556 5571 2665 5631 τοῖς
2690 5568 2732 5620 δ’
2761 5568 3064 5636 ἀντιλέγων
3094 5570 3371 5638 φαίνεται.
3418 5570 3800 5641 Ἀριστοτέλης

2240 5662 2294 5714 δὲ
2342 5661 2503 5716 πᾶσιν
2554 5661 2960 5734 ἐναντιούμενος
3006 5662 3098 5714 καὶ
3141 5662 3345 5726 πάντας
3407 5663 3662 5733 κολούων,
3705 5667 3798 5717 καὶ.
