3982 6332
123 241 270 305 iii9

843 242 939 303 DE
962 243 1386 307 mammas
1421 245 1516 305 ET
1545 221 2097 322 amsrorsucit
2138 250 2692 310 PHILOSOPIIIA.

3281 254 3383 313 930

112 352 252 404 οὐδ’
299 354 362 405 ἂν
391 351 496 403 τῶν
527 367 635 406 τισι
663 351 772 405 τῶν
832 355 1098 423 πρότερον
1158 355 1465 424 εἰρημένων
1507 371 1707 425 κεχρη-

1818 356 1911 408 tali
1944 364 2184 426 tempore
2233 360 2444 413 adesse.
2499 358 2673 426 Atque
2721 359 2800 412 sic
2840 373 2924 412 res
2977 359 3238 426 ejusmodi
3267 375 3383 429 quae

117 447 310 510 μένος
334 443 440 511 εἴη,
471 442 688 510 ἔνδηλός
721 445 839 496 ἐστι
869 445 969 497 κᾶν
997 439 1209 515 τούτοις
1246 431 1483 499 οὗπάνυ
1525 445 1712 514 βουλό-

117 550 314 612 μενος
359 533 590 602 φανερὸς
625 528 763 587 εἶναι
791 535 1002 604 ἑτέροις
1034 536 1351 604 εἰρημένοις
1406 534 1711 606 χρώμενος,

113 625 286 677 πάνυ
312 624 639 692 σοφιστικὸν.
677 624 834 677 τοῦτο
866 616 1037 678 ποιῶν
1067 628 1160 678 καὶ
1195 627 1484 694 φιλοσόφου
1511 627 1713 696 τρόπου

115 714 592 784 ἁλλοτριώτατον,
623 712 735 770 οἷον
756 719 848 770 καὶ
868 719 1042 771 tacetve
1066 717 1233 773 αὑτοῦ
1260 717 1320 770 τδ
1363 718 1455 770 ἰπὶ
1486 719 1709 789 τελευτῇ

112 805 247 860 τῶν
285 806 520 872 λογικῶν
548 805 840 877 αὐχοῦντός
869 825 926 861 τε
952 808 1027 870 ὡς
1058 808 1119 861 τδ
1167 809 1276 862 πᾶν
1307 809 1471 862 αὑτοῦ
1501 809 1585 878 εἴη
1617 811 1714 880 τῆς

117 899 376 966 μεθόδου
405 898 604 968 ταύτης
665 899 761 952 καὶ
797 900 1117 965 ἐπάγοντος,
1146 898 1220 962 ὡς
1246 899 1448 969 ταύτης
1475 897 1577 969 τῆς
1619 917 1714 970 με·

116 991 300 1044 ϐόδου
335 994 398 1046 οὐ
426 993 482 1046 τὸ
512 993 612 1061 μὲν
639 987 724 1061 ἦν,
753 993 813 1045 τὸ
831 991 876 1045 δ’
903 995 1003 1045 οὐκ
1022 987 1109 1061 ἦν,
1136 991 1272 1046 ἀλλὰ
1308 991 1586 1055 παντελῶς
1617 992 1716 1044 οὐκ

117 1078 220 1150 ἦν.
285 1086 392 1137 Καὶ
444 1083 617 1137 ταῦτα
684 1083 948 1154 ’Δρχὺτου
1005 1099 1066 1136 τι
1129 1083 1236 1154 πρὸ
1297 1083 1463 1137 αὐτοῦ
1521 1083 1714 1151 λογικὰ

121 1171 616 1242 συγγεγραφότος,
648 1167 723 1226 ὧν
779 1189 890 1226 τισι
919 1172 1013 1227 καὶ
1061 1174 1222 1236 αὐτὸς
1281 1171 1571 1242 κέχρηται,
1618 1175 1714 1225 καὶ

134 1266 448 1328 Πλάτωνος
475 1263 638 1318 αὑτοῦ
665 1263 826 1316 τοῦτο
851 1263 949 1333 μὲν
973 1261 1080 1315 τῶν
1125 1260 1359 1328 λογικῶν
1390 1261 1562 1329 ἀρχὰς
1609 1277 1714 1312 πα·-

126 1356 478 1424 ραδιδὸντος.
497 1342 663 1410 ’τοῦτο
692 1355 749 1408 δὲ
779 1351 1055 1423 πανταχοῦ
1082 1356 1194 1415 τοῖς
1237 1352 1416 1421 λόγοις
1449 1351 1548 1404 οὐκ
1580 1353 1712 1406 ἄνευ

121 1448 350 1515 τέχνης
372 1444 679 1516 χρωμένου,
715 1445 810 1499 καὶ
839 1444 1012 1512 λόγων
1043 1444 1266 1514 μέθοδον
1295 1442 1585 1505 καλοῦντος
1638 1447 1714 1508 ὡς

121 1538 314 1591 οὖσάν
341 1554 403 1605 γε
431 1539 550 1607 οὐχὶ
587 1537 661 1607 μὴ
701 1535 865 1590 οὖσαν
896 1535 1015 1589 οὐδὲ
1046 1535 1122 1599 ὡς
1146 1535 1354 1604 ορδέπω
1386 1536 1709 1604 εὑρημένην

127 1629 288 1681 ἁλλὰ
311 1629 405 1682 καὶ
428 1630 568 1683 πάνυ
601 1630 664 1696 δὴ
691 1631 752 1682 ὲν
780 1629 978 1697 χρήσει
1006 1623 1191 1682 οὖσαν.
1226 1627 1291 1681 Τί
1314 1623 1405 1696 οὖν
1459 1628 1526 1680 ἂν
1577 1628 1710 1696 φαίη

1817 446 2074 514 quidem,
2146 450 2189 500 si
2249 450 2343 502 uni
2415 448 2697 517 eidemque
2745 449 3012 503 diceretur
3049 453 3383 518 contingere,

1819 547 1878 591 ut
1929 539 2091 594 unius
2144 539 2492 608 eiusdemque
2551 550 2695 594 esset
2755 550 2809 593 et
2863 541 3037 610 imago
3087 552 3137 595 et
3193 557 3376 596 exem-

1816 627 1977 697 plar,
2046 639 2157 682 tum
2226 640 2372 685 certe
2436 631 2728 686 absurdum
2768 631 2886 692 .boc
2943 641 3107 692 esset.
3159 643 3212 686 et
3278 634 3373 686 tni-

1814 720 1960 774 nime
1975 720 2168 773 rationi
2191 728 2640 787 consentaneum,
2662 732 2914 791 tanquam
2943 725 2988 778 si
3014 738 3180 778 unum
3213 724 3378 777 idem-

1815 823 1920 878 que
1988 811 2197 865 dicatur
2253 819 2536 887 esse'luna
2592 812 2889 882 eademque
2960 830 3019 869 re
3079 815 3244 869 simul
3327 824 3380 869 ct

1816 901 1991 969 majus
2024 910 2077 955 et
2106 902 2284 956 minus
2318 919 2332 954 :
2370 917 2514 958 nunc
2541 913 2721 959 autem
2763 904 2891 972 quid
2924 905 3176 973 prohibet
3210 922 3377 960 unum

1814 988 2069 1056 idemque
2135 989 2360 1044 alterius
2417 1005 2538 1046 esse
2592 993 2908 1061 imaginem,
2964 994 3188 1050 alterius
3247 1011 3377 1050 vero

1814 1078 2127 1147 exemplar?
2161 1079 2352 1134 Annon
2389 1078 2579 1136 statuae
2611 1084 2914 1152 cujuspiam
2941 1102 3062 1155 qua:
3091 1088 3202 1154 ipsa
3239 1103 3378 1155 quo-

1814 1185 1919 1239 que
1943 1171 2120 1239 imago
2144 1180 2248 1233 est,
2283 1171 2440 1239 aliam
2469 1172 2592 1227 item
2615 1175 2904 1244 imaginem
2939 1178 3110 1245 pictor
3139 1179 3380 1232 eﬂiciet?

1815 1257 1881 1311 Et
1905 1273 2081 1312 nonne
2107 1260 2348 1328 ejusdem
2401 1271 2594 1317 statuae
2620 1263 2672 1342 in
2706 1280 2844 1334 aqua
2876 1267 3226 1338 simulacrum
3272 1271 3378 1323 ali--

1814 1349 1956 1418 quod
1985 1349 2272 1405 reddetur?
2302 1353 2477 1422 Atque
2511 1355 2622 1409 hate
2660 1357 2874 1426 quidem
2924 1357 3221 1426 impostura
3254 1359 3379 1410 Ari-

1814 1441 2031 1514 stOtelis
2057 1451 2139 1495 est
2192 1443 2531 1511 hujusmndi.
2563 1445 2928 1503 Transeamus
2955 1464 3081 1504 vero
3116 1450 3182 1504 ad
3213 1451 3371 1504 aliam

1816 1530 1983 1599 ipsius
2009 1533 2296 1587 rationem.
2333 1534 2617 1602 Prteterea,
2655 1538 2843 1607 inquit,
2876 1540 3088 1594 etiamsi
3121 1542 3226 1595 sint
3257 1557 3380 1610 spe-

1815 1622 1947 1680 cies.
1976 1637 2078 1679 non
2115 1636 2292 1678 tamen
2326 1626 2462 1679 fiunt
2489 1642 2552 1681 ea
2585 1644 2705 1698 qua}:
2730 1630 2886 1706 fiunt,
2919 1633 3024 1686 nisi
3055 1632 3126 1686 sit
3151 1633 3376 1702 aliquid,

126 1739 223 1781 τις
253 1738 271 1787 ;
304 1723 406 1774 οὐκ
428 1721 554 1786 dixit
579 1722 646 1774 τὰ
670 1720 1068 1789 Ἀριστοτέλους
1089 1719 1276 1789 ,βιϐλία
1303 1719 1568 1787 μετιέναι;
1600 1719 1710 1772 Καὶ

1817 1715 1958 1784 quod
1990 1725 2221 1772 moveat.
2249 1715 2313 1771 Et
2340 1717 2506 1772 multa
2539 1721 2672 1774 fiunt
2724 1721 2848 1787 alia,
2881 1732 2938 1776 ut
2969 1723 3162 1777 domus
3187 1728 3239 1778 δι
3278 1738 3378 1777 an-

134 1811 316 1873 πὰνυ,
334 1809 441 1864 τῶν
453 1827 514 1877 γε
534 1811 591 1863 ιν
607 1810 787 1872 αὐτοῖς
805 1808 1086 1879 χρησίμων
1107 1809 1288 1871 ἓνεκα,
1307 1807 1512 1864 εἰδότας
1530 1808 1713 1875 μέντοι

129 1904 217 1965 ὡς
250 1902 422 1970 συχνὰ
449 1901 630 1964 αὐτοῖς
658 1904 751 1953 καὶ
783 1900 962 1968 φαῦλα
991 1897 1484 1968 ἐγκαταμέμικται.

136 2015 296 2064 rum,
334 2013 454 2066 quae
489 2012 678 2053 rursus
721 1997 897 2051 locum
956 1996 1204 2052 obtinent
1245 1994 1478 2063 generis.
1509 1993 1585 2046 lta
1645 2005 1710 2045 ea

135 2103 274 2158 quae
309 2103 451 2145 nunc
473 2089 616 2144 dicta
649 2098 796 2152 sunt,
828 2103 937 2163 non
970 2094 1146 2141 autem
1174 2094 1389 2155 propter
1419 2086 1562 2155 ipsas
1593 2097 1714 2151 spe-

136 2179 286 2236 cies.
316 2180 418 2235 Sed
456 2196 522 2234 ne
547 2180 648 2255 ista
668 2179 883 2247 quidem
919 2177 957 2231 ii
987 2176 1078 2247 qui
1106 2177 1314 2246 species
1344 2177 1712 2238 constituunt,

139 2271 589 2326 concedentsine
609 2272 724 2325 suis
742 2269 1138 2339 exemplaribus
1162 2267 1272 2322 fieri
1303 2266 1516 2322 etiamsi
1539 2282 1632 2335 per
1657 2279 1715 2320 se

139 2375 264 2415 non
304 2361 621 2416 consistant.
654 2360 814 2416 Fiunt
839 2361 982 2415 enim
1021 2375 1113 2430 per
1143 2359 1253 2421 illa,
1283 2373 1404 2428 qua:
1433 2359 1488 2412 in
1517 2359 1715 2413 animis

141 2451 491 2523 singulorqu
521 2452 772 2521 opiﬁcum
803 2461 961 2506 antea
985 2460 1110 2505 sunt
1137 2457 1421 2518 concepta,
1447 2447 1717 2517 exempla-

146 2543 260 2596 ria.
296 2540 416 2612 (Gr.
443 2541 540 2596 col.
567 2541 756 2614 925.6)
781 2542 1003 2611 Oportet
1024 2544 1225 2606 autem,
1253 2540 1454 2603 dicent,
1473 2540 1634 2593 etiam
1653 2554 1716 2593 ea

144 2648 280 2703 qua
307 2644 498 2688 natura
519 2633 649 2688 [lunt
675 2647 779 2687 non
801 2633 974 2688 solum
992 2647 1097 2687 non
1120 2633 1402 2688 deterioris
1424 2645 1598 2685 causa:
1615 2644 1713 2685 usu

146 2724 587 2793 ministerioque,
615 2739 777 2794 quam
809 2723 1102 2779 artificiosa
1131 2723 1319 2778 istbacc
1354 2720 1494 2786 fieri,
1528 2726 1622 2776 sed
1649 2735 1715 2774 ne

145 2817 385 2886 aequalis
410 2815 654 2888 quidem,
692 2816 802 2870 imo
831 2816 1031 2886 potius,
1059 2831 1180 2886 quae
1228 2824 1355 2871 sunt
1385 2814 1716 2883 praestantis-

145 2909 314 2966 sima
355 2910 597 2965 melioris
639 2909 800 2965 etiam
836 2924 1024 2964 causae.
1053 2925 1150 2963 usu
1196 2909 1390 2964 confici
1421 2914 1716 2964 consenta-

149 3016 346 3058 neum.
402 3000 528 3069 Sed,
563 3001 706 3057 dicet
765 3000 992 3057 forsitan
1044 3000 1384 3064 Aristoteles,
1426 3000 1480 3053 in
1540 3008 1718 3053 mente

1816 1805 1996 1871 nulus,
2039 1822 2272 1875 quorum
2300 1824 2420 1864 esse
2448 1810 2664 1878 species
2693 1823 2912 1882 negant,
2949 1823 3005 1867 ut
3044 1815 3116 1869 ita
3157 1816 3224 1869 sit
3256 1830 3373 1883 per-

1811 1899 2082 1965 spicuum,
2149 1898 2312 1954 licere
2361 1901 2524 1954 etiam
2579 1902 2668 1955 illa
2718 1919 2950 1972 quorum
3010 1920 3133 1960 esse
3187 1908 3376 1961 dicunt

1816 1992 1962 2047 ideas
1993 2002 2046 2049 et
2078 1988 2278 2050 esseet
2309 1995 2436 2050 fieri
2451 1999 2648 2053 talibus
2682 1999 2749 2052 de
2781 2001 2982 2063 causis,
3029 2001 3096 2055 de
3125 2003 3377 2070 qualibus

1783 2087 2145 2142 'naturaiiter
2200 2087 2335 2142 fiunt
2387 2072 2551 2154 atque
2585 2105 2614 2144 a
2642 2091 2756 2148 sole
2789 2083 3020 2158 Tit-nitus
3054 2107 3161 2146 non
3199 2093 3378 2146 absol-

1813 2186 2035 2240 vuntur,
2064 2193 2131 2232 ne
2156 2193 2186 2233 a
2217 2179 2408 2248 seipsis
2457 2181 2674 2250 quidem
2713 2183 3090 2250 perficiuntur.
3160 2182 3372 2238 Nullam

1816 2268 1960 2322 enim
1999 2270 2295 2338 potentiam
2322 2273 2375 2326 in
2412 2281 2593 2327 actum
2636 2275 2927 2341 procedere
2957 2276 3059 2329 nisi
3101 2276 3171 2329 ab
3203 2277 3376 2330 altero

1816 2359 2068 2428 quopiam
2097 2369 2218 2415 actu
2248 2361 2547 2432 vifquadam
2585 2364 2950 2432 protrudatur,
2979 2381 3153 2432 neque
3187 2363 3374 2424 rursus

1817 2451 1869 2504 id
1896 2450 2036 2520 quod
2069 2453 2181 2505 sola
2221 2452 2271 2505 vi
2307 2452 2507 2507 latente
2529 2454 2642 2509 sive
2671 2457 2907 2525 potentia
2936 2457 3243 2513 absolutum
3271 2473 3374 2521 εει.
3429 2507 3440 2513 .

1818 2538 1870 2594 id
1901 2541 2062 2595 etiam
2096 2543 2272 2610 reipsa
2300 2543 2605 2598 absolutum
2644 2549 2890 2606 evadere.
2928 2548 3035 2602 nisi
3065 2550 3133 2603 ab
3196 2550 3371 2604 altero

1819 2632 2094 2700 quopiam,
2128 2635 2276 2702 quod
2321 2636 2392 2690 sit
2419 2636 2595 2705 reipsa
2623 2637 2934 2704 perfectius,
2967 2651 3371 2708 promereatur.

1769 2786 1777 2793 ἰ
1820 2719 1915 2776 llis
1938 2721 2006 2777 de
2027 2725 2207 2780 causis
2234 2741 2353 2794 nos,
2384 2726 2496 2800 (Gr.
2530 2729 2632 2783 col.
2660 2728 2764 2783 928
2798 2729 2862 2797 Α)
2895 2731 3162 2800 inquient,
3194 2743 3374 2788 actum

1820 2811 1994 2881 illum,
2019 2829 2128 2884 quo
2187 2818 2309 2872 talia
2338 2829 2464 2873 tunc
2502 2819 2678 2876 solent
2715 2822 2923 2890 perfici,
2952 2824 3234 2892 speciebus
3270 2825 3380 2879 illis

1819 2915 1981 2973 atque
2003 2909 2426 2976 exemplaribus.
2463 2911 2528 2965 Et
2558 2911 2652 2965 has
2673 2927 2701 2966 a
2729 2913 2891 2968 rebus
2909 2916 3263 2984 .sensibilibus
3287 2932 3378 2971 se-

1821 3009 2035 3065 paratas
2075 2999 2282 3067 species
2312 3000 2562 3055 bifariam
2603 3002 3015 3073 distinguentes,
3053 3015 3165 3060 tum
3201 3007 3256 3060 in
3289 3022 3379 3061 eas

147 3093 288 3148 solis
335 3091 498 3147 etiam
550 3091 798 3154 istarum.
858 3106 977 3158 qua:
1034 3101 1354 3151 nascuntur,
1388 3090 1714 3159 exemplaria
1747 3088 1789 3146 C
1821 3101 1941 3156 quze
1968 3102 2063 3156 per
2098 3101 2157 3143 se
2183 3090 2248 3143 ad
2275 3090 2551 3147 eiiicienda
2574 3106 2737 3162 Opera
2761 3102 2888 3148 sunt
2918 3095 3143 3160 idonee,
3176 3107 3287 3150 tum
3323 3097 3377 3151 in

149 3186 449 3252 contineri,
480 3200 576 3242 nec
605 3185 728 3241 ullis
745 3193 1000 3255 praeterea
1034 3184 1272 3256 indigere
1292 3181 1715 3252 exemplaribus,

1823 3178 1982 3244 alias,
2006 3179 2376 3248 quaidipsum
2415 3197 2519 3237 non
2582 3193 2832 3252 possunt‘
2872 3183 3140 3251 similiter,
3170 3188 3378 3254 prieres

148 3280 280 3346 qu‘ae
305 3291 400 3345 per
432 3279 608 3346 Seipsa
637 3277 962 3332 consistant.
989 3276 1214 3332 Constat
1244 3275 1388 3331 enim
1415 3274 1483 3330 ab
1514 3275 1723 3328 Aristo—
1823 3269 1943 3324 iilas
1961 3271 2151 3325 harum
2179 3287 2359 3326 rerum
2382 3276 2832 3343 sempiternarum
2856 3293 2977 3347 qua:
3001 3285 3182 3334 sensui
3201 3281 3379 3349 subje-

151 3371 264 3424 tele
293 3370 464 3425 solem
496 3370 860 3444 generationis
907 3383 1094 3424 eorum
1130 3383 1251 3438 qua:
1305 3366 1462 3432 fiunt,
1497 3379 1717 3420 causam

149 3460 438 3515 constitui.
469 3459 507 3513 lt
541 3459 720 3530 igitur,
751 3459 844 3529 qui
868 3461 1074 3527 species
1095 3458 1434 3514 constituunt
1457 3455 1718 3510 adversus

151 3551 287 3620 ista,
311 3551 416 3606 hoc
437 3550 633 3616 dicent,
666 3552 741 3605 Ita
766 3551 1004 3621 quidem,
1029 3550 1073 3604 si
1095 3549 1419 3613 videremus,
1450 3562 1480 3602 ο
1511 3547 1720 3600 Aristo-

152 3644 453 3710 teles,lt:ec
485 3644 776 3698 artificiosa
806 3658 834 3697 a
867 3641 979 3696 suis
1007 3640 1307 3696 artificibus
1338 3639 1524 3698 eodem
1559 3639 1720 3693 modo

155 3737 301 3802 fieri,
332 3752 441 3807 quo
471 3737 557 3791 illa
592 3735 856 3791 naturalia
884 3749 912 3787 a
944 3734 1057 3788 sole
1089 3733 1403 3803 gignuntur,
1432 3741 1545 3786 tum
1582 3745 1716 3786 sane

152 3830 264 3884 tuis
296 3828 474 3884 verbis
499 3828 654 3882 tidem
701 3828 1023 3882 haberemus
1048 3841 1062 3891 ;
1093 3839 1235 3880 nunc
1265 3832 1443 3879 autem
1473 3823 1716 3878 videmus

151 3919 453 3975 artificiosa
477 3919 683 3985 istbaec,
715 3918 971 3989 quamdiu
997 3916 1295 3990 praasétttes
1326 3916 1527 3976 habent
1581 3919 1716 3973 arti-

151 4012 309 4077 ﬁces,
356 4012 424 4065 ab
475 4011 777 4080 iisdemque
831 4024 989 4064 manu
1042 4007 1405 4076 attinguntur,
1455 4007 1720 4074 tantisper

151 4106 461 4172 proiicere.
512 4114 564 4157 et
626 4104 691 4157 ad
760 4101 1145 4171 perfectionem
1205 4099 1718 4169 absolutionemque

151 4209 308 4249 suam
350 4193 760 4263 tenderetquod
785 4194 830 4246 si
875 4183 1014 4247 forte
1061 4192 1332 4255 inchoata,
1388 4191 1717 4260 dimidiaque

152 4287 350 4341 saltem
381 4301 444 4339 ex
475 4258 945 4353 periei/absoluta,
979 4283 1359 4353 relinquantur
1390 4282 1458 4336 ab
1484 4258 1712 4336 artiﬁci-

1822 3369 1922 3415 ctze
1945 3369 2073 3416 sunt
2101 3376 2289 3417 causas
2325 3367 2722 3439 etexempiaria
2754 3369 3173 3424 constituimus:
3219 3371 3379 3425 hasce

1819 3448 1947 3509 vero
1968 3456 2291 3526 posteriores
2318 3471 2496 3510 rerum
2521 3471 2640 3527 qua:
2659 3460 2742 3512 hic
2761 3469 2893 3514 sunt
2912 3462 3372 3528 corruptibilium,

1821 3549 1992 3618 ipsius
2022 3549 2239 3626 quidem
2281 3549 2410 3606 solis
2439 3565 2538 3618 ope
2569 3552 2881 3621 auxilioque
2913 3553 3236 3623 indigentes,
3280 3555 3372 3622 qui

1821 3640 1952 3708 ipsis
2009 3641 2289 3695 materiam
2334 3642 2635 3708 admoveat,
2686 3642 2777 3697 ubi
2833 3657 2959 3697 vero
3008 3643 3282 3700 materiam
3343 3660 3371 3696 a

1820 3735 1936 3788 sole
1973 3733 2301 3802 acceperint,
2349 3733 2496 3804 ipsas
2545 3749 2763 3805 quoque
2815 3751 2910 3806 per
2952 3750 3011 3790 se
3056 3728 3370 3791 vim'exer-

1820 3834 2004 3882 centes
2049 3825 2102 3879 in
2149 3826 2313 3880 illam.
2357 3824 2544 3895 Neque
2588 3841 2713 3881 vero
2771 3841 2970 3882 novum
3022 3829 3372 3898 philosOphize

1821 3916 2367 3987 genusjinducimus,
2421 3919 2685 3989 inquient,
2737 3935 2909 3990 neque
2949 3937 3116 3975 novas
3157 3936 3372 3988 causas,

1821 4018 1880 4062 ut
1922 4020 1978 4063 tu
2017 4008 2174 4075 dicis,
2205 4020 2533 4074 scrutamur,
2577 4012 2669 4066 sed
2701 4026 2984 4070 causarum
3035 4015 3214 4082 potius
3262 4015 3373 4081 ple-

1819 4111 1950 4151 num
1978 4097 2396 4167 absbtutumque
2421 4086 2707 4154 numerum
2737 4101 2899 4156 rebus
2924 4115 3041 4169 qua:
3067 4111 3191 4156 sunt
3217 4104 3372 4155 attri-

1819 4187 2052 4253 buimus,
2120 4204 2279 4258 quem
2354 4200 2409 4242 tu
2485 4171 2861 4259 imperfectum
2941 4193 3376 4262 diminutumqne

1817 4279 2016 4333 reddis.
2052 4279 2184 4333 Cum
2221 4281 2362 4334 enim
2394 4290 2445 4333 tu
2475 4282 2600 4334 iteut
2634 4296 2829 4336 causas
2851 4282 2902 4335 in
2933 4294 3164 4350 quatuor
3180 4300 3372 4350 genera

155 4378 279 4457 bus,
318 4391 424 4430 non
447 4375 554 4445 jam
582 4375 854 4444 acceptius
884 4373 1181 4442 quidquam
1215 4367 1543 4444 promoveri,
1599 4382 1716 4426 tan-
1745 4413 1790 4467 Β
1817 4368 2045 4433 dividas,
2073 4371 2232 4424 trium
2268 4371 2482 4439 quidem
2504 4384 2672 4437 opera
2699 4371 2858 4425 etiam
2895 4375 3022 4440 ipse'
3045 4374 3120 4426 uti
3150 4373 3374 4438 videris,

155 4485 324 4537 quam
373 4465 760 4524 auferentitus.
821 4466 1020 4520 Eorum
1060 4474 1241 4521 autem
1275 4475 1470 4534 'qnaea
1519 4472 1714 4517 natura

156 4566 295 4614 tiunt
325 4560 578 4628 pleraque
602 4559 847 4613 videmus
875 4560 1037 4612 etiam
1104 4557 1391 4612 recedente
1434 4556 1544 4612 sole
1585 4555 1719 4609 nihil

157 4651 519 4705 nihilominus
543 4649 722 4718 perfici
769 4659 824 4704 et
852 4649 918 4703 ad
934 4648 1343 4703 "absolutionem
1407 4663 1559 4701 suam
1594 4661 1716 4716 pro-

153 4747 332 4812 gredi,
371 4743 420 4795 id
442 4728 592 4812 ’ἆμιοά
618 4741 849 4794 maxime
881 4739 933 4792 in
969 4739 1034 4793 iis
1060 4746 1114 4793 et
1132 4739 1387 4793 arborum
1418 4747 1470 4792 et
1504 4736 1716 4805 frugum

153 4833 444 4902 generibus
470 4839 688 4901 apparet
723 4846 840 4900 qua
894 4829 1002 4882 cito
1032 4813 1403 4884 absolvuntur.
1451 4827 1527 4882 Ea
1573 4843 1722 4882 nam-

150 4938 258 4991 que
293 4936 401 4976 non
434 4920 611 4974 minus
644 4929 803 4973 noctu
854 4931 1015 4984 quam
1085 4913 1328 4969 interdiu
1361 4912 1608 4997 videmus
1641 4913 1719 4966 in-

134 5022 485 5067 crementum
513 5010 756 5077 accipere
773 5018 943 5075 atque
964 5005 1168 5075 perfici.
1205 5006 1353 5058 Illam
1380 5009 1563 5073 itaque
1587 5005 1718 5058 solis

154 5117 390 5158 utentem
426 5103 587 5166 imjus
645 5098 1017 5167 perfectionis,
1050 5113 1167 5166 qua:
1199 5097 1289 5151 tali
1345 5098 1402 5148 ilt
1453 5107 1714 5164 tempore,

126 5211 260 5252 .non
316 5208 476 5263 posse
518 5205 737 5246 causam
800 5189 1086 5253 constitui,
1132 5202 1304 5255 neque
1362 5188 1504 5240 enim
1555 5185 1714 5239 etiam

153 5286 535 5353 participantes
586 5283 706 5336 illas
755 5292 959 5335 tuentes
991 5280 1105 5333 sine
1137 5281 1252 5333 suis
1287 5294 1407 5348 qua:
1439 5278 1545 5333 sibi
1588 5293 1719 5332 cuu-

150 5375 333 5443 juncta
363 5375 580 5435 habent;
609 5371 928 5439 corporibus
959 5371 1252 5438 quidquam
1286 5367 1499 5424 efﬁcere
1548 5382 1615 5437 po
1632 5383 1718 5424 sse

158 5466 209 5519 iu
240 5469 447 5536 reliqua
478 5480 724 5534 corpora.
755 5462 982 5519 Cun'etis
1015 5479 1158 5518 enim
1190 5463 1508 5532 corporibus
1535 5473 1586 5516 et
1607 5467 1727 5517 situ.

161 5560 336 5629 aliquo
358 5569 411 5613 et
441 5560 609 5626 figura
638 5571 774 5626 opus
811 5572 955 5619 esse,
990 5572 1058 5611 au
1097 5571 1160 5611 ea
1185 5572 1304 5626 quae
1334 5565 1458 5610 sunt
1490 5572 1716 5623 passura

161 5651 376 5722 aliquid,
417 5652 608 5704 horutn
643 5660 819 5702 autem
853 5649 986 5703 nihil
1018 5648 1121 5704 soli
1181 5648 1248 5704 ad
1299 5648 1388 5703 illa
1441 5649 1709 5702 naturalia

1823 4470 1934 4515 tum
1975 4461 2180 4524 dualis,
2216 4470 2328 4516 tum
2361 4462 2477 4529 ejus
2500 4477 2619 4530 quae
2661 4461 2870 4515 initium
2898 4465 3142 4518 movendi
3175 4467 3375 4534 prebet

1822 4555 2135 4618 materialis,
2189 4553 2433 4609 formalis
2479 4563 2655 4607 autem
2690 4544 2809 4624 quae
2840 4556 3059 4626 ,reliqua
3099 4567 3201 4620 est,
3249 4573 3377 4611 nus-

1820 4661 1980 4714 quam
2028 4645 2271 4699 omnino.
2309 4643 2442 4698 Nam
2481 4646 2525 4700 si
2573 4645 2862 4714 cujuslibet
2907 4647 2980 4700 rei
3028 4649 3210 4702 sensui
3246 4650 3374 4704 Sub—

1815 4736 1974 4804 jectze
2005 4735 2239 4803 speciem
2282 4735 2394 4789 sive
2423 4734 2676 4802 formam,
2707 4736 2970 4805 ejusmodi
3001 4751 3120 4791 esse
3152 4753 3372 4802 causam

1820 4826 2044 4888 dixeris,
2077 4826 2165 4879 illa
2191 4841 2322 4880 sane
2355 4825 2796 4882 manifestissime
2827 4842 2930 4881 non
2959 4835 3248 4892 estcausa,
3282 4832 3374 4884 sed

1819 4912 2040 4966 alterius
2062 4913 2360 4980 cujuspiam
2386 4929 2562 4967 causa!
2587 4914 2809 4968 effectus
2829 4915 2944 4969 sive
2962 4931 3116 4984 opus.
3133 4916 3243 4993 Nos
3259 4920 3378 4985 qui-

1819 5004 2182 5069 dem,‘dicent,
2212 5005 2360 5069 (ibid.
2380 5004 2439 5069 C)
2467 5007 2624 5060 finem
2645 5008 3000 5076 ipsutn,quod
3027 5019 3108 5063 cst
3135 5013 3374 5062 omnium

1820 5108 2106 5148 causarum
2170 5094 2675 5164 praestantiSsimutn
2739 5111 2909 5164 genus
2963 5106 3372 5159 non,tnutuum

1820 5184 2016 5249 solum,
2042 5185 2134 5240 sed
2168 5186 2326 5239 etiam
2359 5186 2715 5239 essentiarum
2744 5197 2796 5240 et
2831 5187 3074 5241 omnium
3115 5204 3376 5258 quaecun-

1819 5290 1924 5344 que
1950 5285 2097 5339 sunt,
2132 5284 2347 5331 summo
2375 5277 2448 5329 illi
2482 5293 2658 5331 rerum
2691 5281 2908 5345 praesidi
2938 5289 3100 5347 atque
3135 5284 3239 5349 regi
3267 5279 3375 5338 Deo

1820 5368 2191 5433 attribuitnus,
2223 5368 2432 5436 species
2457 5379 2635 5423 autem
2671 5370 2790 5431 illus
2821 5371 2934 5425 sive
2963 5371 3161 5425 formas
3196 5363 3375 5423 rerum

1818 5475 1937 5529 qua:
1953 5473 2079 5514 sunt
2101 5462 2427 5527 exemplaria
2450 5463 2868 5528 constituimus;
2897 5471 2951 5516 at
2985 5477 3203 5516 causam
3233 5460 3374 5514 illam

1817 5568 1935 5622 qme
1985 5553 2233 5606 movendi
2270 5551 2480 5606 initium
2512 5557 2736 5623 prebet,
2768 5557 2959 5608 animm
2995 5555 3067 5606 illi
3093 5567 3213 5622 quae
3251 5553 3378 5608 huic
3419 5549 3430 5560 λ

1819 5644 1957 5701 ςωιο
1997 5643 2244 5714 praefecte
2272 5654 2373 5710 est,
2400 5645 2726 5699 maletialetn
2760 5645 3008 5708 denique,
3046 5646 3282 5698 tuan-rite
3311 5659 3375 5698 ex
