3982 6332
517 234 614 297 9511

1621 244 1632 257 '
1714 226 2043 289 GEORGII
2084 224 2519 286 PLETHONIS

3624 221 3719 285 93‘2

518 358 622 413 qua
644 342 948 396 universum
969 340 2075 407 hocconstatcoelum,assignamus,atque
2103 363 2147 417 Α
2175 339 2434 404 quosdam
2481 351 2543 389 ex
2591 335 2860 390 veteribus
2911 346 3179 399 secutum,
3224 334 3551 403 quibusdam
3599 351 3717 388 vero

517 440 595 485 sic
613 433 775 487 rebus
796 447 911 501 quae
933 442 1053 486 sunt
1078 433 1227 499 plena
1251 431 1521 485 reddimus
1538 446 1729 499 genera
1753 444 2064 484 causarum.

519 521 667 575 Talia
710 524 887 591 itaque
926 523 1104 576 dicent
1136 521 1249 591 (Cr.
1276 523 1375 576 col.
1399 523 1502 576 928
1536 523 1596 590 C)
1642 522 1677 574 ii
1732 524 1822 590 qui
1861 521 2067 590 species

520 616 853 668 constituunt
890 626 1232 669 occurrentes
1266 614 1658 684 objectionibus
1690 612 2067 676 Aristotelicis,

521 706 607 759 ubi
646 720 775 759 sane
818 720 848 759 a
882 707 997 760 suis
1028 707 1265 775 ipsorum
1300 707 1573 775 principiis
1606 720 1710 759 non
1752 707 2066 774 discrepant

519 796 832 863 quidquam,
875 782 1215 851 Aristdtelem
1274 810 1453 852 autem
1505 798 1833 850 convincunt
1875 798 2066 864 partim

518 886 820 949 calumniis,
856 888 951 953 uti,
978 889 1170 954 partim
1210 903 1313 942 non
1340 888 1389 942 id
1416 888 1677 941 conﬁcere
1715 888 1858 955 quod
1890 887 2065 951 vellet,

516 987 629 1029 tum
676 980 909 1031 maxime
961 980 1136 1047 ipsum
1172 980 1225 1032 in
1274 980 1457 1033 multis
1505 978 1864 1046 ignorantiam
1911 992 2065 1032 suam

520 1067 766 1135 prodere.
813 1068 877 1120 Et
924 1084 1156 1135 quanam
1191 1070 1405 1123 tandem
1457 1070 1662 1123 ratione
1696 1068 2067 1136 reprehensio-

518 1171 636 1207 nem
670 1158 987 1222 ignorantiae
1016 1157 1232 1228 effugiet
1256 1159 1573 1214 Aristoteles
1601 1160 1654 1212 in
1688 1162 1847 1214 rebus
1878 1160 2067 1211 maxi-

518 1246 620 1299 mis
652 1254 706 1301 et
750 1250 937 1302 multis
978 1250 1116 1325 aliis,
1143 1253 1273 1317 [quae
1298 1250 1411 1319 jam
1448 1252 1793 1304 recitavimus
1825 1260 1879 1305 et
1911 1265 2065 1304 cum-

518 1337 727 1403 pnimis,
782 1340 927 1406 quod
992 1340 1340 1409 sempiternis
1394 1344 1641 1397 essentiis
1694 1343 1807 1395 sive
1858 1343 2068 1396 naturis

519 1427 723 1479 nullum
799 1439 1073 1481 auctorem
1137 1432 1249 1485 sive
1328 1443 1734 1500 propagatorem
1804 1432 2065 1503 assignet,

519 1530 697 1583 neque
759 1518 879 1573 illas
944 1534 1010 1574 ex
1082 1522 1335 1575 omnibus
1393 1524 1667 1592 cuiquam,
1729 1507 1874 1591 quod
1937 1524 2065 1587 sint,

520 1616 798 1672 acceptum
851 1608 990 1665 ferre
1042 1612 1205 1664 velit?
1258 1613 1306 1665 id
1357 1613 1502 1681 quod
1559 1614 1710 1667 Plato
1762 1628 1867 1666 non
1918 1611 2064 1673 fecit,

2172 440 2280 479 non
2329 424 2604 478 assentiri.
2629 424 2696 477 At
2747 424 3080 489 Aristoteles,
3131 424 3256 478 licet
3298 422 3553 477 omnibus
3598 439 3715 489 pro.

2172 521 2379 573 miscue
2406 520 2763 586 contradicat,
2796 533 3093 587 omnesque
3117 517 3496 585 reprehendat,
3517 516 3713 584 nullum

2171 622 2348 666 tamen
2401 612 2663 676 nominat,
2696 611 2852 680 cujus
2882 625 2940 664 se
2975 610 3311 663 institutione
3333 607 3605 661 eruditum
3647 606 3718 659 la-

2172 713 2367 765 teatur,
2416 716 2480 755 ex
2531 716 2638 769 quo
2674 706 2923 771 iapparet
2969 705 3165 771 .ipsnm
3211 715 3269 754 se
3315 699 3558 752 omnium
3605 714 3721 767 qua:

2172 795 2389 861 scripsit
2421 792 2761 846 inventorem
2802 792 3038 847 voluisse
3080 792 3267 852 videri,
3297 791 3348 844 id
3378 790 3524 856 quod
3568 790 3721 857 plane

2170 894 2252 939 εει
2275 884 2628 951 sophisticum
2661 892 2715 939 et
2741 884 2974 936 alienum
3006 895 3037 935 a
3064 880 3305 933 moribus
3336 880 3446 932 veri
3480 879 3721 948 philoso-

2172 976 2283 1044 phi,
2327 992 2432 1045 quo
2464 977 2627 1030 etiam
2658 975 2785 1038 illud
2819 974 3071 1043 pertinet,
3107 972 3250 1040 quod
3292 972 3345 1023 in
3368 978 3487 1024 ttne
3527 970 3725 1038 logico-

2171 1082 2289 1120 rum
2340 1068 2603 1134 gloriatur
2646 1081 2807 1119 suum
2844 1050 2973 1119 esse
3006 1072 3175 1139 totum
3202 1078 3335 1131 opus
3366 1064 3434 1116 de
3473 1062 3724 1116 methodo

2170 1157 2478 1221 dialectica,
2505 1163 2558 1211 et
2580 1156 2748 1220 addit,
2786 1155 2931 1208 illius
2959 1153 3194 1207 method‘i
3230 1167 3333 1206 non
3360 1153 3473 1207 haec
3505 1152 3720 1222 quidem

2169 1260 2298 1314 pars
2330 1256 2446 1299 erat
2483 1247 2781 1315 explorata,
2811 1244 2898 1297 illa
2932 1259 3063 1297 vero
3110 1257 3219 1297 non
3260 1250 3396 1306 erat,
3451 1243 3547 1297 sed
3579 1244 3724 1297 nulla

2170 1350 2394 1404 prorsus
2421 1345 2557 1390 erat.
2594 1338 2664 1389 At
2705 1343 2919 1390 constat
2962 1334 3250 1405 Archytam
3281 1344 3405 1387 ante
3446 1334 3621 1403 ipsum
3654 1334 3725 1388 lo-

2170 1428 2343 1498 gicam
2395 1436 2564 1481 artem
2626 1426 3006 1492 contexuisse,
3070 1424 3222 1492 cujus
3274 1426 3561 1495 praeceptis
3616 1425 3725 1494 ipse

2171 1518 2490 1571 Aristoteles
2544 1531 2673 1570 usus
2739 1515 2861 1579 fuit,
2919 1516 3051 1587 quin
3104 1517 3267 1571 etiam
3324 1515 3479 1569 Plato
3534 1517 3722 1584 partim

2174 1604 2438 1673 principia
2475 1603 2895 1672 disciplinarum
2937 1604 3230 1673 logicarum
3261 1602 3501 1666 tradidit,
3535 1604 3722 1669 partim

522 1711 694 1763 neque
745 1698 817 1750 illi
859 1699 1251 1767 quiPlatonem
1298 1712 1619 1771 sequuntur,
1656 1703 1746 1769 qui
1787 1703 2063 1763 nimirum,
2099 1712 2141 1766 Β
2169 1696 2336 1750 etiam
2382 1695 2451 1748 iis
2506 1695 2639 1764 ipsis
2684 1710 2790 1749 non
2839 1696 2956 1749 sine
3000 1704 3116 1748 arte
3152 1694 3205 1748 in
3238 1698 3351 1749 suis
3400 1697 3620 1766 scriptis
3648 1704 3727 1751 est

520 1782 817 1850 principem
861 1786 1007 1839 illum
1058 1789 1411 1858 omniumque
1457 1806 1635 1858 regem
1690 1791 1854 1846 Deum
1911 1793 2072 1845 rebus

521 1884 639 1936 qua:
686 1883 814 1925 sunt
856 1875 1229 1941 prwﬁcientes,
1270 1878 1413 1933 hunc
1458 1880 1633 1946 ipsum
1668 1882 1909 1934 omnium
1941 1880 2074 1934 alio-

522 1976 664 2023 rum,
711 1979 831 2028 qme
862 1966 1067 2033 pOSsint
1100 1968 1298 2037 aliquid
1330 1984 1589 2037 generare
1630 1980 1835 2039 patrem
1865 1979 1917 2024 et
1951 1985 2075 2039 pro-

522 2060 817 2105 creatorem
852 2058 1091 2109 omnium
1123 2072 1459 2126 quacunque
1486 2059 1713 2113 consilio
1742 2069 1891 2112 certo
1916 2059 2072 2128 quip-

522 2139 663 2207 piam
704 2141 936 2196 eliiciant
974 2144 1310 2224 conditorem
1346 2155 1507 2215 atque
1534 2147 1836 2203 ell‘ectorem
1867 2150 2072 2203 consti-

523 2239 697 2294 tuunt,
741 2232 980 2302 mbilqne
1026 2238 1183 2316 plane
1222 2252 1450 2302 eorum,
1502 2254 1621 2307 quae
1667 2250 1813 2303 sunt,
1848 2256 1953 2295 non
2004 2241 2071 2294 ad

522 2320 672 2373 illum
701 2323 955 2377 referunt.
993 2327 1124 2380 Illud
1155 2341 1367 2397 quoque
1392 2330 1610 2384 silentio
1660 2334 2073 2401 prastertnittere

525 2426 630 2463 non
680 2427 899 2481 pOssum
948 2413 1227 2472 Platonem
1267 2419 1321 2471 in
1373 2421 1590 2489 scriptis
1644 2422 1760 2476 suis
1802 2420 1956 2476 fateri
2012 2437 2071 2477 se

546 2633 3571 2657 mw

2174 1802 2329 1851 usus,
2360 1794 2412 1839 et
2443 1796 2615 1840 artem
2647 1785 2877 1855 logicam
2910 1778 3065 1839 vocat
3096 1794 3348 1855 tanquam
3387 1787 3724 1856 exploratam

2173 1881 2265 1934 sed
2319 1875 2558 1931 nondum
2608 1878 2968 1945 exploratam,
3024 1890 3199 1945 neque
3242 1886 3418 1929 tamen
3468 1887 3723 1949 tanquam

2175 1984 2401 2039 prorsus
2434 1984 2542 2021 non
2576 1967 2848 2021 inventam
2874 1968 2966 2021 sed
2990 1966 3101 2035 jam
3137 1968 3359 2020 omnino
3389 1967 3444 2020 in
3478 1982 3579 2021 usu
3612 1981 3728 2021 ver-

2170 2071 2402 2115 santem.
2449 2058 2777 2131 Quidigitur
2820 2058 2964 2111 dicat
3011 2057 3314 2125 quispiam?
3357 2072 3465 2111 non
3492 2074 3621 2116 esse.
3653 2044 3727 2112 di-

2179 2166 2314 2222 gnos
2338 2132 2643 2204 Aristotelis
2671 2149 2844 2203 libros
2877 2148 2967 2215 qui
2999 2148 3284 2217 lcgantur;
3319 2150 3481 2202 etiam
3507 2154 3725 2204 omnino

2181 2250 2399 2311 propter
2425 2240 2578 2295 utilia
2609 2255 2729 2306 quae
2782 2240 2835 2292 in
2881 2239 2948 2292 iis
2998 2239 3129 2307 ipsis
3154 2238 3523 2304 continentur,
3574 2242 3726 2295 modo

2177 2330 2352 2383 simus
2405 2342 2673 2385 memores
2722 2328 2922 2381 multos
2970 2340 3087 2380 esse
3137 2327 3325 2382 iisdem
3363 2343 3581 2384 errores
3608 2345 3728 2401 per-

2177 2422 2390 2475 mistos.

1078 2802 1459 2889 INDEX
1528 2800 2085 2891 'CAPITUM
2178 2804 2561 2894 HUJUS
2652 2803 3169 2891 LlBELLl.

590 3167 873 3220 Puerum
901 3166 954 3219 in
979 3181 1084 3233 qua
1115 3166 1397 3220 disseritur
1423 3166 1489 3221 de
1512 3168 1914 3235 comparatione
1947 3166 2067 3221 Pla-
2092 3196 2138 3259 Ο
2169 3187 2293 3224 xum
2316 3188 2447 3237 esse,
2466 3175 2546 3226 hic
2567 3181 2819 3242 quantum
2842 3184 3056 3239 possunt
3077 3175 3193 3243 ejus
3216 3176 3444 3229 rationes
3466 3184 3726 3230 terrarum

523 3264 666 3316 tonis
688 3269 742 3314 et
771 3261 1097 3320 Aristotelis,
1136 3260 1432 3313 secundum
1455 3260 1719 3331 judicium
1754 3270 1992 3315 veterum
2018 3269 2071 3315 et

525 3354 909 3407 recentiorum.
950 3352 1065 3406 Non
1096 3367 1316 3421 possum
1348 3362 1526 3407 autem
1571 3352 1658 3407 hic
1688 3368 1792 3407 non
1828 3367 2069 3407 comme-

524 3459 737 3498 morare
774 3445 1012 3511 qntedam
1037 3460 1158 3513 quae
1185 3445 1250 3497 de
1272 3444 1376 3497 vita
1400 3444 1747 3513 moribusque
1771 3445 2073 3499 Aristotelis

520 3537 873 3604 prodiderunt
906 3537 1121 3605 quidam
1146 3538 1349 3606 antiqui
1393 3544 1444 3589 et
1488 3537 1821 3591 celeberrimi
1846 3538 2073 3605 scripto-

524 3642 628 3691 res,
651 3618 757 3695 quo
784 3628 1085 3681 evidentius
1106 3638 1363 3696 appareat
1380 3644 1484 3683 non
1509 3645 1694 3684 omnes
1716 3630 1879 3700 hujus
1901 3635 2074 3704 philo-

523 3720 675 3785 s0pbi
712 3722 1107 3787 assumptioncs
1132 3736 1226 3787 pro
1254 3721 1397 3775 veris
1418 3737 1628 3790 semper
1654 3724 2074 3791 amplectendas,

526 3810 758 3877 ideoque
788 3828 813 3861 ει
848 3808 1089 3863 Gcmisto
1126 3826 1228 3863 non
1256 3822 1452 3867 temere
1479 3813 1771 3868 confutari.
1806 3814 1940 3869 Nam
1968 3830 2075 3885 quo

524 3901 711 3953 melior
746 3902 824 3951 vir
863 3903 984 3968 quis
1035 3912 1273 3969 putatur,
1347 3904 1447 3957 hoc
1492 3905 1753 3959 similiora
1808 3922 1936 3961 vero
2000 3910 2075 3960 γῆς

522 3998 719 4044 dentur
754 4008 873 4061 quze
914 3995 1098 4047 sentit.

594 4081 966 4136 'I‘noodorctus
989 4082 1241 4154 Cyrensis
1265 4086 1549 4155 cpiscopus
1573 4086 1711 4141 libro
1733 4070 1917 4143 contra
1950 4105 2079 4161 gon-

522 4174 641 4225 titcs
676 4173 893 4226 Graecos
928 4176 1248 4230 duodecimo
1304 4177 1373 4229 ita
1407 4179 1595 4233 scribit
1653 4198 1666 4233 :
1725 4179 1921 4235 Morem
1961 4199 2075 4235 cum

523 4264 682 4327 fuisse
704 4265 970 4318 Aristoteli
998 4276 1051 4317 nt
1079 4269 1247 4319 oleant
1277 4268 1510 4322 venderet
1533 4286 1632 4337 quo
1661 4271 1831 4325 calido
1856 4289 1909 4326 se
1931 4276 2076 4339 prius

521 4357 869 4418 perunxisset.
897 4356 1125 4426 Cumque
1150 4360 1191 4409 is
1215 4359 1337 4410 olim
1360 4360 1411 4411 in
1434 4359 1735 4414 Chalcidem
1759 4364 2073 4432 navigasset,

523 4444 823 4510 publicanos
854 4444 1124 4511 explorato
1156 4448 1267 4513 ejus
1294 4450 1501 4521 navigio
1525 4450 1778 4503 invenisse
1810 4451 1942 4505 ollas
1963 4452 2075 4520 ejus

517 4535 618 4584 olei
659 4546 883 4601 quatuor
922 4547 966 4587 et
1005 4539 1331 4603 septuaginta
1362 4538 1439 4591 rel
1485 4548 1539 4591 ut
1568 4541 1660 4594 alii
1691 4542 1919 4609 referunt
1967 4553 2066 4597 tre-
2100 4547 2149 4606 D

518 4635 717 4677 cantas.

592 4716 731 4765 Hem
771 4715 905 4766 libro
936 4717 1124 4781 quinto
1150 4734 1163 4769 :
1189 4717 1495 4771 Aristoteles
1523 4730 1691 4773 autem
1724 4720 1937 4775 Platoni
1970 4723 2074 4775 ad-

514 4814 616 4859 nue
654 4808 835 4858 viventi
859 4808 1130 4872 manifeste
1156 4812 1512 4864 adversarium
1548 4829 1599 4864 sc
1631 4813 1851 4879 prwbuit
1883 4826 2068 4867 contra

520 4899 854 4949 dentientium
879 4899 1012 4951 bello
1042 4911 1298 4964 suscepto,
1327 4917 1485 4969 neque
1514 4904 1773 4958 doctrina:
1809 4906 1888 4959 illi
1913 4906 2071 4959 hono-

521 5004 623 5038 rem
659 4989 821 5039 ullum
849 4990 1097 5053 rependit,
1124 5006 1279 5057 quant
1322 4991 1689 5045 liberalissime
1737 4996 1859 5047 olim
1896 5012 2072 5065 perce-

520 5080 613 5143 pit,
642 5094 793 5139 neque
812 5079 1125 5129 celeberrimi
1156 5081 1251 5130 viri
1282 5080 1501 5147 gloriam
1522 5093 1593 5134 est
1619 5087 1888 5147 reveritus,
1916 5102 2073 5154 neque

521 5168 804 5218 l’lnlonirw
839 5168 1139 5234 cloquentitv
1174 5171 1273 5221 vim
1319 5173 1604 5237 pertimuit,
1636 5176 1723 5226 sed
1753 5177 2075 5243 impudenter

519 5257 597 5307 illi
636 5260 990 5309 adversarium
1040 5275 1091 5310 se
1120 5261 1318 5328 gessit,
1351 5248 1467 5314 cum
1520 5274 1692 5315 tamen
1748 5282 2071 5335 nequaquam

519 5351 787 5399 meliorum
809 5356 1131 5414 tloqntatttm,
1158 5352 1245 5402 sed
1271 5352 1431 5404 multo
1456 5354 1688 5421 pejorum
1714 5372 1869 5423 quant
1894 5358 2069 5419 Plato.

516 5440 627 5505 ipse
656 5453 837 5490 tttll‘lot‘
869 5442 1148 5492 exstiterit.
1185 5440 1322 5493 Nam
1351 5460 1463 5495 cum
1499 5445 1582 5497 illc
1617 5434 1845 5500 animam
1879 5450 2070 5503 dixerit

520 5530 888 5591 immortalem,
926 5533 1006 5582 hic
1058 5548 1165 5584 esse
1202 5538 1473 5586 mortalem
1517 5539 1646 5589 dixit
1678 5576 1692 5600 ,
1726 5554 1944 5607 cumque
1977 5542 2067 5595 ille

520 5623 707 5671 tlit'trit
755 5622 911 5676 [lcum
962 5640 1040 5675 res
1079 5639 1251 5677 omnes
1290 5628 1620 5690 providentur:
1663 5646 1785 5683 cura
1840 5634 2063 5700 complc-

2171 3262 2343 3316 orbem
2376 3265 2565 3319 disinte
2602 3266 2940 3333 providentiae
2962 3276 3224 3320 exsortem
3252 3267 3405 3335 facit.

2223 3376 2549 3433 ‘Snbscribit
2591 3376 2931 3432 Theodoreto
2953 3376 3283 3432 Laurentius
3312 3380 3461 3435 Valla
3509 3382 3729 3451 prologo

2172 3469 2226 3523 in
2254 3468 2593 3523 Dialecticam
2628 3485 2802 3525 suam.
2831 3468 2961 3534 Qua:
2981 3471 3248 3538 eompilat,
3276 3471 3468 3538 inquit,
3496 3487 3600 3527 non
3625 3474 3727 3525 illis

2174 3562 2330 3630 refert
2363 3570 2574 3629 accepta
2614 3579 2645 3614 a
2681 3562 2866 3631 quibus
2896 3562 3145 3629 sumpsit.
3176 3562 3266 3615 sed
3294 3563 3392 3617 sibi
3421 3565 3646 3616 vindicat
3676 3574 3727 3616 rt

2174 3652 2464 3721 ubicunque
2496 3652 2703 3706 eosdem
2726 3667 2965 3721 peccasse
2989 3654 3253 3719 opinatur,
3280 3655 3433 3707 citius
3463 3656 3726 3708 ardentem

2174 3745 2442 3811 ﬂammam
2472 3748 2564 3797 bre
2599 3745 2861 3797 continere
2891 3760 3040 3811 posse
3083 3728 3241 3812 quam
3286 3762 3387 3799 non
3433 3747 3724 3801 nominare.

2243 3830 2423 3887 CAPUT
2458 3832 2498 3887 Ι.
2530 3831 2668 3898 Quid
2706 3822 2857 3887 Plato
2900 3833 2965 3885 de
3009 3833 3117 3887 Deo
3164 3846 3216 3888 et
3266 3851 3445 3888 rerum
3487 3840 3725 3890 omniun

2177 3924 2469 3990 creatione,
2521 3926 2664 3992 quod
2710 3925 3031 3979 Aristoteles
3080 3927 3327 3980 senserit.
3375 3927 3493 3991 Quo
3525 3926 3577 3979 in
3612 3927 3728 3980 loco

2176 4013 2336 4067 etiam
2373 4015 2695 4082 explicatur,
2725 4017 3000 4084 quomodo
3038 4014 3189 4071 Plato
3222 4018 3455 4069 animam
3496 4017 3725 4085 genitam

2176 4113 2229 4157 et
2264 4104 2560 4171 ingenitam
2593 4107 2961 4174 appellaverit.
3220 4087 3231 4097 ’

2247 4218 2425 4272 Csrur
2458 4217 2520 4273 ll.
2561 4219 2992 4287 chrehenditur
3039 4218 3354 4273 Aristoteles
3380 4222 3526 4288 quod
3557 4221 3722 4274 Deum

2178 4326 2447 4365 summum
2484 4310 2725 4365 omnium
2774 4312 3055 4379 prasidem
3100 4325 3163 4365 ac
3214 4325 3391 4380 regem
3439 4327 3604 4365 unum
3658 4311 3721 4362 ad

2180 4403 2439 4454 movenda
2471 4400 2653 4454 omnia
2705 4402 2954 4455 idoneum
2989 4416 3095 4454 non
3130 4408 3379 4464 censeat,
3414 4416 3601 4454 verum
3649 4401 3721 4454 illi

2180 4493 2357 4547 socias
2387 4491 2640 4546 movendi
2681 4490 2816 4545 alias
2843 4492 3101 4561 quasdam
3142 4500 3350 4545 mentes
3373 4491 3649 4560 adjnngat.

2244 4604 2423 4657 Carur
2451 4602 2538 4656 111.
2570 4602 2796 4656 Illumne
2842 4602 2911 4657 sit
2940 4617 3109 4671 genus
3136 4602 3377 4657 omnium
3421 4617 3609 4657 earum
3638 4618 3719 4658 re-

2171 4716 2291 4754 rum
2324 4705 2613 4768 quaa'sunt,
2638 4700 2688 4753 id
2714 4708 2887 4791 Estyan
2913 4715 3006 4755 ens
3034 4700 3103 4753 sit
3135 4698 3237 4754 tale
3261 4701 3555 4769 quippiam,
3579 4700 3718 4769 quod

2173 4793 2362 4845 decem
2397 4792 2568 4859 prima
2602 4805 2797 4861 genera
2834 4794 3062 4846 univocc
3113 4806 3217 4844 non
3267 4793 3543 4859 tequivoce
3576 4806 3721 4845 com-

2176 4884 2464 4953 plectatur.

2248 4975 2423 5029 Csru-r
2459 4976 2541 5029 IV.
2582 4974 2768 5029 Utrum
2803 4976 3121 5030 Aristoteles
3173 4991 3365 5045 genera
3412 4986 3465 5029 et
3519 4977 3722 5044 species

2182 5078 2327 5121 recte
2359 5067 2627 5121 secundas
2657 5082 2671 5119 ε
2707 5067 2990 5121 individua
3017 5083 3146 5121 vero
3174 5070 3371 5136 primas
3399 5068 3723 5121 substantias

2162 5159 2555 5226 appellaverit,
2602 5159 2703 5211 hoc
2738 5168 2840 5216 est.
2873 5173 2938 5210 an
2990 5174 3185 5226 genera
3213 5169 3264 5211 et
3299 5160 3509 5227 species
3552 5158 3723 5211 minus

2174 5250 2283 5303 sint
2313 5264 2473 5318 quam
2511 5250 2833 5318 singularia,
2867 5258 2922 5303 et
2972 5250 3209 5304 secundo
3236 5251 3354 5304 loco
3384 5252 3447 5304 ad
3475 5252 3719 5305 essentia:

2176 5342 2438 5397 rationem
2479 5343 2783 5410 pertineant
2820 5355 2886 5393 an
2916 5351 3127 5395 contra.

2246 5453 2427 5508 Csrur
2458 5454 2519 5508 γ.
2572 5452 2761 5507 Utrum
2808 5455 3121 5508 universum
3172 5456 3435 5509 rationem
3488 5459 3719 5511 obtineat

2177 5546 2435 5609 materim,
2461 5545 2644 5599 forma:
2668 5556 2845 5599 autem
2876 5562 3023 5615 pars,
3050 5546 3099 5600 id
3130 5556 3230 5609 est,
3257 5561 3323 5600 an
3348 5549 3412 5601 ad
3445 5551 3713 5604 materiam

2178 5647 2380 5704 spectet
2416 5638 2726 5694 universum
2762 5639 2939 5707 potius
2972 5655 3131 5707 quant
3164 5655 3303 5707 pars.
