  <div class='ocr_page' id='page_1' title='image "/cluster/home/n/w/nwhite01/storage/ocr_20150623/160/pst.000005714803/504.png"; bbox 0 0 3982 6332; ppageno 0'>
   <div class='ocr_carea' id='block_1_1' title="bbox 52 251 178 312">
    <p class='ocr_par' dir='ltr' id='par_1_1' title="bbox 52 251 178 312">
     <span class='ocr_line' id='line_1_1' title="bbox 52 251 178 312; baseline 0.024 -4"><span class='ocrx_word' id='word_1_1' title='bbox 52 251 178 312; x_wconf 63' lang='lat'><strong>933</strong></span> 
     </span>
    </p>
   </div>
   <div class='ocr_carea' id='block_1_2' title="bbox 764 211 2628 313">
    <p class='ocr_par' dir='ltr' id='par_1_2' title="bbox 764 211 2628 313">
     <span class='ocr_line' id='line_1_2' title="bbox 764 211 2628 313; baseline -0.006 0"><span class='ocrx_word' id='word_1_2' title='bbox 764 254 860 313; x_wconf 91' lang='lat' dir='ltr'><strong>DE</strong></span> <span class='ocrx_word' id='word_1_3' title='bbox 895 252 1312 313; x_wconf 72' lang='lat' dir='ltr'><strong>PLATONICA</strong></span> <span class='ocrx_word' id='word_1_4' title='bbox 1360 251 1453 308; x_wconf 85' lang='lat' dir='ltr'>ET</span> <span class='ocrx_word' id='word_1_5' title='bbox 1490 211 2045 307; x_wconf 55' lang='lat' dir='ltr'><strong>ARISTOTELICA</strong></span> <span class='ocrx_word' id='word_1_6' title='bbox 2090 245 2628 307; x_wconf 78' lang='lat' dir='ltr'><strong>PIIILOSOPHIA.</strong></span> 
     </span>
    </p>
   </div>
   <div class='ocr_carea' id='block_1_3' title="bbox 3186 239 3341 298">
    <p class='ocr_par' dir='ltr' id='par_1_3' title="bbox 3186 239 3341 298">
     <span class='ocr_line' id='line_1_3' title="bbox 3186 239 3341 298; baseline -0.013 -1"><span class='ocrx_word' id='word_1_7' title='bbox 3186 239 3293 298; x_wconf 71' lang='grc'><strong>934</strong></span> <span class='ocrx_word' id='word_1_8' title='bbox 3338 252 3341 255; x_wconf 86' lang='grc'><em>’</em></span> 
     </span>
    </p>
   </div>
   <div class='ocr_carea' id='block_1_4' title="bbox 146 349 3294 435">
    <p class='ocr_par' dir='ltr' id='par_1_4' title="bbox 146 349 3294 435">
     <span class='ocr_line' id='line_1_4' title="bbox 146 349 3294 435; baseline -0.006 -14"><span class='ocrx_word' id='word_1_9' title='bbox 146 368 348 422; x_wconf 70' lang='lat' dir='ltr'><strong>CAPUT</strong></span> <span class='ocrx_word' id='word_1_10' title='bbox 384 366 467 420; x_wconf 76' lang='lat' dir='ltr'><strong>VI.</strong></span> <span class='ocrx_word' id='word_1_11' title='bbox 507 366 758 420; x_wconf 87' lang='lat' dir='ltr'><strong>Sensune</strong></span> <span class='ocrx_word' id='word_1_12' title='bbox 804 366 1081 432; x_wconf 71' lang='lat' dir='ltr'><strong>antiquius</strong></span> <span class='ocrx_word' id='word_1_13' title='bbox 1121 365 1193 419; x_wconf 89' lang='lat' dir='ltr'><strong>sit</strong></span> <span class='ocrx_word' id='word_1_14' title='bbox 1231 365 1281 416; x_wconf 91' lang='lat' dir='ltr'><strong>id</strong></span> <span class='ocrx_word' id='word_1_15' title='bbox 1311 362 1453 430; x_wconf 83' lang='lat' dir='ltr'><strong>quod</strong></span> <span class='ocrx_word' id='word_1_16' title='bbox 1483 376 1644 417; x_wconf 88' lang='lat' dir='ltr'><strong>sensu</strong></span> <span class='ocrx_word' id='word_1_17' title='bbox 1671 375 1719 435; x_wconf 71' lang='grc' dir='ltr'><strong>Α</strong></span> <span class='ocrx_word' id='word_1_18' title='bbox 1818 363 1997 414; x_wconf 74' lang='lat' dir='ltr'><strong>CAPUT</strong></span> <span class='ocrx_word' id='word_1_19' title='bbox 2035 359 2122 414; x_wconf 84' lang='lat' dir='ltr'><strong>XI.</strong></span> <span class='ocrx_word' id='word_1_20' title='bbox 2157 360 2349 412; x_wconf 87' lang='lat' dir='ltr'><strong>Anima</strong></span> <span class='ocrx_word' id='word_1_21' title='bbox 2384 360 2526 411; x_wconf 88' lang='lat' dir='ltr'><strong>sitne</strong></span> <span class='ocrx_word' id='word_1_22' title='bbox 2560 353 2882 407; x_wconf 78' lang='lat' dir='ltr'><strong>immortalis</strong></span> <span class='ocrx_word' id='word_1_23' title='bbox 2914 350 3052 419; x_wconf 84' lang='lat' dir='ltr'><strong>apud</strong></span> <span class='ocrx_word' id='word_1_24' title='bbox 3082 349 3294 403; x_wconf 78' lang='lat' dir='ltr'><strong>Aristo-</strong></span> 
     </span>
    </p>
   </div>
   <div class='ocr_carea' id='block_1_5' title="bbox 56 453 1648 549">
    <p class='ocr_par' dir='ltr' id='par_1_5' title="bbox 56 453 1648 549">
     <span class='ocr_line' id='line_1_5' title="bbox 56 453 1648 549; baseline -0.003 -39"><span class='ocrx_word' id='word_1_25' title='bbox 56 474 202 524; x_wconf 68' lang='lat' dir='ltr'><strong>ipso</strong></span> <span class='ocrx_word' id='word_1_26' title='bbox 250 459 452 529; x_wconf 87' lang='lat' dir='ltr'><strong>percipi</strong></span> <span class='ocrx_word' id='word_1_27' title='bbox 481 467 672 549; x_wconf 58' lang='grc' dir='ltr'><strong>βρίθει,</strong></span> <span class='ocrx_word' id='word_1_28' title='bbox 701 457 842 524; x_wconf 87' lang='lat' dir='ltr'><strong>quod</strong></span> <span class='ocrx_word' id='word_1_29' title='bbox 872 466 1064 510; x_wconf 79' lang='lat' dir='ltr'><strong>vocant</strong></span> <span class='ocrx_word' id='word_1_30' title='bbox 1091 455 1344 510; x_wconf 87' lang='lat' dir='ltr'><strong>sensibile</strong></span> <span class='ocrx_word' id='word_1_31' title='bbox 1379 469 1443 507; x_wconf 91' lang='lat' dir='ltr'><strong>an</strong></span> <span class='ocrx_word' id='word_1_32' title='bbox 1490 453 1648 507; x_wconf 86' lang='lat' dir='ltr'><strong>simul</strong></span> 
     </span>
    </p>
   </div>
   <div class='ocr_carea' id='block_1_6' title="bbox 58 545 1650 616">
    <p class='ocr_par' dir='ltr' id='par_1_6' title="bbox 58 545 1650 616">
     <span class='ocr_line' id='line_1_6' title="bbox 58 545 1650 616; baseline -0.003 -17"><span class='ocrx_word' id='word_1_33' title='bbox 58 557 385 616; x_wconf 67' lang='lat' dir='ltr'><strong>atrumque</strong></span> <span class='ocrx_word' id='word_1_34' title='bbox 417 545 628 600; x_wconf 84' lang='lat' dir='ltr'><strong>natUra.</strong></span> <span class='ocrx_word' id='word_1_35' title='bbox 665 547 782 611; x_wconf 87' lang='lat' dir='ltr'><strong>Quo</strong></span> <span class='ocrx_word' id='word_1_36' title='bbox 812 548 866 599; x_wconf 90' lang='lat' dir='ltr'><strong>in</strong></span> <span class='ocrx_word' id='word_1_37' title='bbox 907 546 1025 601; x_wconf 92' lang='lat' dir='ltr'><strong>loco</strong></span> <span class='ocrx_word' id='word_1_38' title='bbox 1064 545 1407 599; x_wconf 86' lang='lat' dir='ltr'><strong>relativorum</strong></span> <span class='ocrx_word' id='word_1_39' title='bbox 1457 552 1650 596; x_wconf 89' lang='lat' dir='ltr'><strong>natura</strong></span> 
     </span>
    </p>
   </div>
   <div class='ocr_carea' id='block_1_7' title="bbox 56 639 623 693">
    <p class='ocr_par' dir='ltr' id='par_1_7' title="bbox 56 639 623 693">
     <span class='ocr_line' id='line_1_7' title="bbox 56 639 623 693; baseline -0.004 0"><span class='ocrx_word' id='word_1_40' title='bbox 56 639 259 693; x_wconf 82' lang='lat' dir='ltr'><strong>simul</strong></span> <span class='ocrx_word' id='word_1_41' title='bbox 295 639 623 692; x_wconf 78' lang='lat' dir='ltr'><strong>declaratur.</strong></span> 
     </span>
    </p>
   </div>
   <div class='ocr_carea' id='block_1_8' title="bbox 141 729 1652 799">
    <p class='ocr_par' dir='ltr' id='par_1_8' title="bbox 141 729 1652 799">
     <span class='ocr_line' id='line_1_8' title="bbox 141 729 1652 799; baseline -0.001 -16"><span class='ocrx_word' id='word_1_42' title='bbox 141 731 346 784; x_wconf 69' lang='lat' dir='ltr'><strong>CAPUT</strong></span> <span class='ocrx_word' id='word_1_43' title='bbox 388 730 494 783; x_wconf 87' lang='lat' dir='ltr'><strong>VII.</strong></span> <span class='ocrx_word' id='word_1_44' title='bbox 528 731 821 784; x_wconf 63' lang='lat' dir='ltr'><strong>Indefinitaz</strong></span> <span class='ocrx_word' id='word_1_45' title='bbox 852 729 1233 799; x_wconf 79' lang='lat' dir='ltr'><strong>propositionis</strong></span> <span class='ocrx_word' id='word_1_46' title='bbox 1265 738 1455 783; x_wconf 89' lang='lat' dir='ltr'><strong>natura</strong></span> <span class='ocrx_word' id='word_1_47' title='bbox 1493 738 1652 797; x_wconf 87' lang='lat' dir='ltr'><strong>atque</strong></span> 
     </span>
    </p>
   </div>
   <div class='ocr_carea' id='block_1_9' title="bbox 58 820 1651 888">
    <p class='ocr_par' dir='ltr' id='par_1_9' title="bbox 58 820 1651 888">
     <span class='ocr_line' id='line_1_9' title="bbox 58 820 1651 888; baseline 0.003 -21"><span class='ocrx_word' id='word_1_48' title='bbox 58 822 401 887; x_wconf 74' lang='lat' dir='ltr'><strong>proprietas</strong></span> <span class='ocrx_word' id='word_1_49' title='bbox 431 823 735 874; x_wconf 79' lang='lat' dir='ltr'><strong>declaratur</strong></span> <span class='ocrx_word' id='word_1_50' title='bbox 767 830 819 873; x_wconf 87' lang='lat' dir='ltr'><strong>et</strong></span> <span class='ocrx_word' id='word_1_51' title='bbox 842 824 1105 888; x_wconf 62' lang='lat' dir='ltr'><strong>quaeritur</strong></span> <span class='ocrx_word' id='word_1_52' title='bbox 1129 836 1388 875; x_wconf 83' lang='lat' dir='ltr'><strong>verumne</strong></span> <span class='ocrx_word' id='word_1_53' title='bbox 1416 821 1485 874; x_wconf 87' lang='lat' dir='ltr'><strong>sit</strong></span> <span class='ocrx_word' id='word_1_54' title='bbox 1508 820 1651 887; x_wconf 87' lang='lat' dir='ltr'><strong>quod</strong></span> 
     </span>
    </p>
   </div>
   <div class='ocr_carea' id='block_1_10' title="bbox 60 908 1652 977">
    <p class='ocr_par' dir='ltr' id='par_1_10' title="bbox 60 908 1652 977">
     <span class='ocr_line' id='line_1_10' title="bbox 60 908 1652 977; baseline -0.001 -17"><span class='ocrx_word' id='word_1_55' title='bbox 60 910 328 961; x_wconf 84' lang='lat' dir='ltr'><strong>docetur</strong></span> <span class='ocrx_word' id='word_1_56' title='bbox 362 909 501 977; x_wconf 90' lang='lat' dir='ltr'><strong>apud</strong></span> <span class='ocrx_word' id='word_1_57' title='bbox 541 908 953 977; x_wconf 77' lang='lat' dir='ltr'><strong>Peripateticos,</strong></span> <span class='ocrx_word' id='word_1_58' title='bbox 987 910 1230 962; x_wconf 79' lang='lat' dir='ltr'><strong>eamdem</strong></span> <span class='ocrx_word' id='word_1_59' title='bbox 1280 909 1426 962; x_wconf 89' lang='lat' dir='ltr'><strong>illam</strong></span> <span class='ocrx_word' id='word_1_60' title='bbox 1470 920 1652 961; x_wconf 84' lang='lat' dir='ltr'><strong>veram</strong></span> 
     </span>
    </p>
   </div>
   <div class='ocr_carea' id='block_1_11' title="bbox 60 998 1578 1069">
    <p class='ocr_par' dir='ltr' id='par_1_11' title="bbox 60 998 1578 1069">
     <span class='ocr_line' id='line_1_11' title="bbox 60 998 1578 1069; baseline 0.001 -19"><span class='ocrx_word' id='word_1_61' title='bbox 60 1007 194 1052; x_wconf 84' lang='lat' dir='ltr'><strong>tam</strong></span> <span class='ocrx_word' id='word_1_62' title='bbox 239 998 597 1052; x_wconf 74' lang='lat' dir='ltr'><strong>afﬁrmantem</strong></span> <span class='ocrx_word' id='word_1_63' title='bbox 635 1015 797 1066; x_wconf 92' lang='lat' dir='ltr'><strong>quam</strong></span> <span class='ocrx_word' id='word_1_64' title='bbox 825 1010 1106 1068; x_wconf 77' lang='lat' dir='ltr'><strong>negantem</strong></span> <span class='ocrx_word' id='word_1_65' title='bbox 1140 998 1369 1054; x_wconf 86' lang='lat' dir='ltr'><strong>inveniri</strong></span> <span class='ocrx_word' id='word_1_66' title='bbox 1400 1014 1578 1069; x_wconf 88' lang='lat' dir='ltr'><strong>posse.</strong></span> 
     </span>
    </p>
   </div>
   <div class='ocr_carea' id='block_1_12' title="bbox 145 1091 1653 1157">
    <p class='ocr_par' dir='ltr' id='par_1_12' title="bbox 145 1091 1653 1157">
     <span class='ocr_line' id='line_1_12' title="bbox 145 1091 1653 1157; baseline -0.002 -12"><span class='ocrx_word' id='word_1_67' title='bbox 145 1091 354 1146; x_wconf 71' lang='lat' dir='ltr'><strong>CAPUT</strong></span> <span class='ocrx_word' id='word_1_68' title='bbox 385 1092 516 1146; x_wconf 97' lang='lat' dir='ltr'><strong>VIII.</strong></span> <span class='ocrx_word' id='word_1_69' title='bbox 550 1091 687 1145; x_wconf 87' lang='lat' dir='ltr'><strong>Num</strong></span> <span class='ocrx_word' id='word_1_70' title='bbox 729 1092 1036 1147; x_wconf 86' lang='lat' dir='ltr'><strong>necessaria</strong></span> <span class='ocrx_word' id='word_1_71' title='bbox 1066 1091 1348 1146; x_wconf 86' lang='lat' dir='ltr'><strong>conclusio</strong></span> <span class='ocrx_word' id='word_1_72' title='bbox 1391 1098 1653 1157; x_wconf 82' lang='lat' dir='ltr'><strong>sequatur</strong></span> 
     </span>
    </p>
   </div>
   <div class='ocr_carea' id='block_1_13' title="bbox 66 1180 1650 1250">
    <p class='ocr_par' dir='ltr' id='par_1_13' title="bbox 66 1180 1650 1250">
     <span class='ocr_line' id='line_1_13' title="bbox 66 1180 1650 1250; baseline -0.002 -16"><span class='ocrx_word' id='word_1_73' title='bbox 66 1197 141 1234; x_wconf 77' lang='lat' dir='ltr'><strong>ex</strong></span> <span class='ocrx_word' id='word_1_74' title='bbox 178 1182 411 1236; x_wconf 83' lang='lat' dir='ltr'><strong>duobus</strong></span> <span class='ocrx_word' id='word_1_75' title='bbox 442 1183 753 1249; x_wconf 69' lang='lat' dir='ltr'><strong>praemissis,</strong></span> <span class='ocrx_word' id='word_1_76' title='bbox 777 1197 1006 1250; x_wconf 87' lang='lat' dir='ltr'><strong>quarum</strong></span> <span class='ocrx_word' id='word_1_77' title='bbox 1039 1182 1206 1235; x_wconf 88' lang='lat' dir='ltr'><strong>altera</strong></span> <span class='ocrx_word' id='word_1_78' title='bbox 1232 1180 1299 1235; x_wconf 93' lang='lat' dir='ltr'><strong>sit</strong></span> <span class='ocrx_word' id='word_1_79' title='bbox 1324 1181 1650 1243; x_wconf 78' lang='lat' dir='ltr'><strong>necessaria,</strong></span> 
     </span>
    </p>
   </div>
   <div class='ocr_carea' id='block_1_14' title="bbox 44 1268 1651 1352">
    <p class='ocr_par' dir='ltr' id='par_1_14' title="bbox 44 1268 1651 1352">
     <span class='ocr_line' id='line_1_14' title="bbox 44 1268 1651 1352; baseline -0.004 -25"><span class='ocrx_word' id='word_1_80' title='bbox 44 1268 268 1352; x_wconf 54' lang='lat' dir='ltr'><strong>altera</strong></span> <span class='ocrx_word' id='word_1_81' title='bbox 299 1274 555 1339; x_wconf 77' lang='lat' dir='ltr'><strong>simplex,</strong></span> <span class='ocrx_word' id='word_1_82' title='bbox 600 1287 668 1325; x_wconf 90' lang='lat' dir='ltr'><strong>an</strong></span> <span class='ocrx_word' id='word_1_83' title='bbox 703 1287 831 1326; x_wconf 82' lang='lat' dir='ltr'><strong>vero</strong></span> <span class='ocrx_word' id='word_1_84' title='bbox 858 1272 1084 1341; x_wconf 78' lang='lat' dir='ltr'><strong>simplex</strong></span> <span class='ocrx_word' id='word_1_85' title='bbox 1116 1271 1397 1324; x_wconf 81' lang='lat' dir='ltr'><strong>duntaxat.</strong></span> <span class='ocrx_word' id='word_1_86' title='bbox 1436 1268 1538 1323; x_wconf 89' lang='lat' dir='ltr'><strong>Ubi</strong></span> <span class='ocrx_word' id='word_1_87' title='bbox 1576 1271 1651 1322; x_wconf 61' lang='lat' dir='ltr'><strong>si-</strong></span> 
     </span>
    </p>
   </div>
   <div class='ocr_carea' id='block_1_15' title="bbox 68 1360 1652 1430">
    <p class='ocr_par' dir='ltr' id='par_1_15' title="bbox 68 1360 1652 1430">
     <span class='ocr_line' id='line_1_15' title="bbox 68 1360 1652 1430; baseline -0.001 -17"><span class='ocrx_word' id='word_1_88' title='bbox 68 1360 207 1413; x_wconf 86' lang='lat' dir='ltr'><strong>mul</strong></span> <span class='ocrx_word' id='word_1_89' title='bbox 261 1370 455 1413; x_wconf 87' lang='lat' dir='ltr'><strong>natura</strong></span> <span class='ocrx_word' id='word_1_90' title='bbox 510 1361 672 1415; x_wconf 88' lang='lat' dir='ltr'><strong>medii</strong></span> <span class='ocrx_word' id='word_1_91' title='bbox 726 1362 939 1415; x_wconf 87' lang='lat' dir='ltr'><strong>termini</strong></span> <span class='ocrx_word' id='word_1_92' title='bbox 979 1371 1033 1416; x_wconf 86' lang='lat' dir='ltr'><strong>et</strong></span> <span class='ocrx_word' id='word_1_93' title='bbox 1076 1361 1481 1430; x_wconf 88' lang='lat' dir='ltr'><strong>proloquiorum</strong></span> <span class='ocrx_word' id='word_1_94' title='bbox 1538 1360 1652 1411; x_wconf 85' lang='lat' dir='ltr'><strong>sive</strong></span> 
     </span>
    </p>
   </div>
   <div class='ocr_carea' id='block_1_16' title="bbox 69 1451 1645 1519">
    <p class='ocr_par' dir='ltr' id='par_1_16' title="bbox 69 1451 1645 1519">
     <span class='ocr_line' id='line_1_16' title="bbox 69 1451 1645 1519; baseline 0.006 -17"><span class='ocrx_word' id='word_1_95' title='bbox 69 1451 511 1519; x_wconf 67' lang='lat' dir='ltr'><strong>prmmissarum</strong></span> <span class='ocrx_word' id='word_1_96' title='bbox 535 1451 897 1505; x_wconf 80' lang='lat' dir='ltr'><strong>examinatur.</strong></span> <span class='ocrx_word' id='word_1_97' title='bbox 1640 1508 1645 1511; x_wconf 22' lang='grc' dir='ltr'><strong>Α</strong></span> 
     </span>
    </p>
   </div>
   <div class='ocr_carea' id='block_1_17' title="bbox 154 1536 1653 1602">
    <p class='ocr_par' dir='ltr' id='par_1_17' title="bbox 154 1536 1653 1602">
     <span class='ocr_line' id='line_1_17' title="bbox 154 1536 1653 1602; baseline -0.003 -11"><span class='ocrx_word' id='word_1_98' title='bbox 154 1539 358 1592; x_wconf 72' lang='lat' dir='ltr'><strong>CATUT</strong></span> <span class='ocrx_word' id='word_1_99' title='bbox 394 1537 484 1592; x_wconf 94' lang='lat' dir='ltr'><strong>lX.</strong></span> <span class='ocrx_word' id='word_1_100' title='bbox 515 1539 813 1593; x_wconf 83' lang='lat' dir='ltr'><strong>Discrimen</strong></span> <span class='ocrx_word' id='word_1_101' title='bbox 849 1539 965 1602; x_wconf 83' lang='lat' dir='ltr'><strong>Dei,</strong></span> <span class='ocrx_word' id='word_1_102' title='bbox 993 1539 1253 1592; x_wconf 88' lang='lat' dir='ltr'><strong>mentium</strong></span> <span class='ocrx_word' id='word_1_103' title='bbox 1301 1537 1415 1591; x_wconf 86' lang='lat' dir='ltr'><strong>sive</strong></span> <span class='ocrx_word' id='word_1_104' title='bbox 1460 1536 1653 1590; x_wconf 86' lang='lat' dir='ltr'><strong>intelli-</strong></span> 
     </span>
    </p>
   </div>
   <div class='ocr_carea' id='block_1_18' title="bbox 73 1627 1653 1700">
    <p class='ocr_par' dir='ltr' id='par_1_18' title="bbox 73 1627 1653 1700">
     <span class='ocr_line' id='line_1_18' title="bbox 73 1627 1653 1700; baseline -0.004 -17"><span class='ocrx_word' id='word_1_105' title='bbox 73 1630 410 1700; x_wconf 77' lang='lat' dir='ltr'><strong>gentiarum</strong></span> <span class='ocrx_word' id='word_1_106' title='bbox 437 1636 491 1682; x_wconf 84' lang='lat' dir='ltr'><strong>et</strong></span> <span class='ocrx_word' id='word_1_107' title='bbox 539 1628 733 1682; x_wconf 64' lang='lat' dir='ltr'><strong>animae</strong></span> <span class='ocrx_word' id='word_1_108' title='bbox 790 1629 1115 1691; x_wconf 88' lang='lat' dir='ltr'><strong>declaratur,</strong></span> <span class='ocrx_word' id='word_1_109' title='bbox 1146 1638 1201 1681; x_wconf 86' lang='lat' dir='ltr'><strong>et</strong></span> <span class='ocrx_word' id='word_1_110' title='bbox 1245 1627 1304 1679; x_wconf 71' lang='grc' dir='ltr'><strong>τὸ</strong></span> <span class='ocrx_word' id='word_1_111' title='bbox 1337 1627 1653 1696; x_wconf 76' lang='grc' dir='ltr'><strong>ὑπερούσιον</strong></span> 
     </span>
    </p>
   </div>
   <div class='ocr_carea' id='block_1_19' title="bbox 1754 442 3291 516">
    <p class='ocr_par' dir='ltr' id='par_1_19' title="bbox 1754 442 3291 516">
     <span class='ocr_line' id='line_1_19' title="bbox 1754 442 3291 516; baseline -0.011 -11"><span class='ocrx_word' id='word_1_112' title='bbox 1754 452 1947 515; x_wconf 85' lang='lat' dir='ltr'><strong>telem,</strong></span> <span class='ocrx_word' id='word_1_113' title='bbox 1985 461 2039 504; x_wconf 90' lang='lat' dir='ltr'><strong>et</strong></span> <span class='ocrx_word' id='word_1_114' title='bbox 2077 464 2205 502; x_wconf 87' lang='lat' dir='ltr'><strong>num</strong></span> <span class='ocrx_word' id='word_1_115' title='bbox 2251 448 2427 516; x_wconf 91' lang='lat' dir='ltr'><strong>aliqua</strong></span> <span class='ocrx_word' id='word_1_116' title='bbox 2468 449 2604 502; x_wconf 86' lang='lat' dir='ltr'><strong>bona</strong></span> <span class='ocrx_word' id='word_1_117' title='bbox 2653 453 2775 513; x_wconf 81' lang='lat' dir='ltr'><strong>post</strong></span> <span class='ocrx_word' id='word_1_118' title='bbox 2814 452 3037 497; x_wconf 87' lang='lat' dir='ltr'><strong>mortem</strong></span> <span class='ocrx_word' id='word_1_119' title='bbox 3086 442 3291 493; x_wconf 15' lang='lat' dir='ltr'><strong>cos-oti-</strong></span> 
     </span>
    </p>
   </div>
   <div class='ocr_carea' id='block_1_20' title="bbox 1755 539 2108 595">
    <p class='ocr_par' dir='ltr' id='par_1_20' title="bbox 1755 539 2108 595">
     <span class='ocr_line' id='line_1_20' title="bbox 1755 539 2108 595; baseline -0.014 0"><span class='ocrx_word' id='word_1_120' title='bbox 1755 539 1950 595; x_wconf 86' lang='lat' dir='ltr'><strong>tuenda</strong></span> <span class='ocrx_word' id='word_1_121' title='bbox 1980 539 2108 593; x_wconf 84' lang='lat' dir='ltr'><strong>sint.</strong></span> 
     </span>
    </p>
   </div>
   <div class='ocr_carea' id='block_1_21' title="bbox 1821 618 3294 701">
    <p class='ocr_par' dir='ltr' id='par_1_21' title="bbox 1821 618 3294 701">
     <span class='ocr_line' id='line_1_21' title="bbox 1821 618 3294 701; baseline -0.011 -18"><span class='ocrx_word' id='word_1_122' title='bbox 1821 629 2003 683; x_wconf 73' lang='lat' dir='ltr'><strong>CAPUT</strong></span> <span class='ocrx_word' id='word_1_123' title='bbox 2033 627 2149 684; x_wconf 80' lang='lat' dir='ltr'><strong>XII.</strong></span> <span class='ocrx_word' id='word_1_124' title='bbox 2187 626 2327 682; x_wconf 88' lang='lat' dir='ltr'><strong>Num</strong></span> <span class='ocrx_word' id='word_1_125' title='bbox 2355 626 2581 701; x_wconf 74' lang='lat' dir='ltr'><strong>virtutes</strong></span> <span class='ocrx_word' id='word_1_126' title='bbox 2611 623 2871 692; x_wconf 88' lang='lat' dir='ltr'><strong>qualitate</strong></span> <span class='ocrx_word' id='word_1_127' title='bbox 2910 628 2962 675; x_wconf 86' lang='lat' dir='ltr'><strong>et</strong></span> <span class='ocrx_word' id='word_1_128' title='bbox 2997 618 3294 688; x_wconf 83' lang='lat' dir='ltr'><strong>quantit:.te</strong></span> 
     </span>
    </p>
   </div>
   <div class='ocr_carea' id='block_1_22' title="bbox 1752 709 3298 775">
    <p class='ocr_par' dir='ltr' id='par_1_22' title="bbox 1752 709 3298 775">
     <span class='ocr_line' id='line_1_22' title="bbox 1752 709 3298 775; baseline -0.012 0"><span class='ocrx_word' id='word_1_129' title='bbox 1752 721 1862 775; x_wconf 85' lang='lat' dir='ltr'><strong>sint</strong></span> <span class='ocrx_word' id='word_1_130' title='bbox 1915 718 2200 773; x_wconf 74' lang='lat' dir='ltr'><strong>metienda:</strong></span> <span class='ocrx_word' id='word_1_131' title='bbox 2266 726 2317 773; x_wconf 86' lang='lat' dir='ltr'><strong>et</strong></span> <span class='ocrx_word' id='word_1_132' title='bbox 2366 732 2435 771; x_wconf 89' lang='lat' dir='ltr'><strong>an</strong></span> <span class='ocrx_word' id='word_1_133' title='bbox 2489 715 2891 770; x_wconf 80' lang='lat' dir='ltr'><strong>mediocritates</strong></span> <span class='ocrx_word' id='word_1_134' title='bbox 2938 709 3207 771; x_wconf 63' lang='lat' dir='ltr'><strong>dicendae,</strong></span> <span class='ocrx_word' id='word_1_135' title='bbox 3243 716 3298 757; x_wconf 92' lang='lat' dir='ltr'><strong>ut</strong></span> 
     </span>
    </p>
   </div>
   <div class='ocr_carea' id='block_1_23' title="bbox 1752 808 2395 868">
    <p class='ocr_par' dir='ltr' id='par_1_23' title="bbox 1752 808 2395 868">
     <span class='ocr_line' id='line_1_23' title="bbox 1752 808 2395 868; baseline -0.009 -1"><span class='ocrx_word' id='word_1_136' title='bbox 1752 811 2030 868; x_wconf 84' lang='lat' dir='ltr'><strong>contendit</strong></span> <span class='ocrx_word' id='word_1_137' title='bbox 2060 808 2395 863; x_wconf 86' lang='lat' dir='ltr'><strong>Aristoteles.</strong></span> 
     </span>
    </p>
   </div>
   <div class='ocr_carea' id='block_1_24' title="bbox 1822 907 3296 983">
    <p class='ocr_par' dir='ltr' id='par_1_24' title="bbox 1822 907 3296 983">
     <span class='ocr_line' id='line_1_24' title="bbox 1822 907 3296 983; baseline -0.016 -7"><span class='ocrx_word' id='word_1_138' title='bbox 1822 921 2004 976; x_wconf 75' lang='lat' dir='ltr'><strong>CAPUT</strong></span> <span class='ocrx_word' id='word_1_139' title='bbox 2034 917 2171 972; x_wconf 84' lang='lat' dir='ltr'><strong>XIII.</strong></span> <span class='ocrx_word' id='word_1_140' title='bbox 2213 916 2367 983; x_wconf 83' lang='lat' dir='ltr'><strong>Quod</strong></span> <span class='ocrx_word' id='word_1_141' title='bbox 2414 914 2483 969; x_wconf 89' lang='lat' dir='ltr'><strong>sit</strong></span> <span class='ocrx_word' id='word_1_142' title='bbox 2526 925 2798 968; x_wconf 87' lang='lat' dir='ltr'><strong>sunnnum</strong></span> <span class='ocrx_word' id='word_1_143' title='bbox 2867 907 3065 962; x_wconf 91' lang='lat' dir='ltr'><strong>bonum</strong></span> <span class='ocrx_word' id='word_1_144' title='bbox 3115 913 3169 958; x_wconf 89' lang='lat' dir='ltr'><strong>et</strong></span> <span class='ocrx_word' id='word_1_145' title='bbox 3229 918 3296 955; x_wconf 89' lang='lat' dir='ltr'><strong>an</strong></span> 
     </span>
    </p>
   </div>
   <div class='ocr_carea' id='block_1_25' title="bbox 1756 996 3299 1066">
    <p class='ocr_par' dir='ltr' id='par_1_25' title="bbox 1756 996 3299 1066">
     <span class='ocr_line' id='line_1_25' title="bbox 1756 996 3299 1066; baseline -0.015 1"><span class='ocrx_word' id='word_1_146' title='bbox 1756 1011 2070 1066; x_wconf 76' lang='lat' dir='ltr'><strong>Aristoteles</strong></span> <span class='ocrx_word' id='word_1_147' title='bbox 2105 1018 2248 1062; x_wconf 83' lang='lat' dir='ltr'><strong>recte</strong></span> <span class='ocrx_word' id='word_1_148' title='bbox 2280 1021 2544 1061; x_wconf 88' lang='lat' dir='ltr'><strong>summam</strong></span> <span class='ocrx_word' id='word_1_149' title='bbox 2574 1003 2888 1057; x_wconf 79' lang='lat' dir='ltr'><strong>felicitatem</strong></span> <span class='ocrx_word' id='word_1_150' title='bbox 2934 999 2987 1051; x_wconf 91' lang='lat' dir='ltr'><strong>in</strong></span> <span class='ocrx_word' id='word_1_151' title='bbox 3030 996 3299 1063; x_wconf 80' lang='lat' dir='ltr'><strong>voluptate</strong></span> 
     </span>
    </p>
   </div>
   <div class='ocr_carea' id='block_1_26' title="bbox 1753 1096 2557 1169">
    <p class='ocr_par' dir='ltr' id='par_1_26' title="bbox 1753 1096 2557 1169">
     <span class='ocr_line' id='line_1_26' title="bbox 1753 1096 2557 1169; baseline -0.01 -10"><span class='ocrx_word' id='word_1_152' title='bbox 1753 1101 2163 1169; x_wconf 89' lang='lat' dir='ltr'><strong>contemplativa</strong></span> <span class='ocrx_word' id='word_1_153' title='bbox 2193 1096 2557 1154; x_wconf 83' lang='lat' dir='ltr'><strong>collocaverit.</strong></span> 
     </span>
    </p>
   </div>
   <div class='ocr_carea' id='block_1_27' title="bbox 1824 1197 3299 1275">
    <p class='ocr_par' dir='ltr' id='par_1_27' title="bbox 1824 1197 3299 1275">
     <span class='ocr_line' id='line_1_27' title="bbox 1824 1197 3299 1275; baseline -0.015 -6"><span class='ocrx_word' id='word_1_154' title='bbox 1824 1216 1999 1269; x_wconf 77' lang='lat' dir='ltr'><strong>CAPUT</strong></span> <span class='ocrx_word' id='word_1_155' title='bbox 2027 1212 2166 1267; x_wconf 84' lang='lat' dir='ltr'><strong>XIV.</strong></span> <span class='ocrx_word' id='word_1_156' title='bbox 2209 1210 2416 1265; x_wconf 56' lang='lat' dir='ltr'><strong>Caelum</strong></span> <span class='ocrx_word' id='word_1_157' title='bbox 2450 1222 2571 1263; x_wconf 87' lang='lat' dir='ltr'><strong>esse</strong></span> <span class='ocrx_word' id='word_1_158' title='bbox 2622 1207 2788 1275; x_wconf 64' lang='lat' dir='ltr'><strong>ignea:</strong></span> <span class='ocrx_word' id='word_1_159' title='bbox 2850 1212 3056 1257; x_wconf 72' lang='lat' dir='ltr'><strong>natum</strong></span> <span class='ocrx_word' id='word_1_160' title='bbox 3088 1208 3142 1254; x_wconf 88' lang='lat' dir='ltr'><strong>et</strong></span> <span class='ocrx_word' id='word_1_161' title='bbox 3186 1197 3299 1250; x_wconf 88' lang='lat' dir='ltr'><strong>dari</strong></span> 
     </span>
    </p>
   </div>
   <div class='ocr_carea' id='block_1_28' title="bbox 1756 1289 3300 1375">
    <p class='ocr_par' dir='ltr' id='par_1_28' title="bbox 1756 1289 3300 1375">
     <span class='ocr_line' id='line_1_28' title="bbox 1756 1289 3300 1375; baseline -0.014 -13"><span class='ocrx_word' id='word_1_162' title='bbox 1756 1324 1861 1362; x_wconf 91' lang='lat' dir='ltr'><strong>non</strong></span> <span class='ocrx_word' id='word_1_163' title='bbox 1896 1315 2143 1375; x_wconf 85' lang='lat' dir='ltr'><strong>oportere</strong></span> <span class='ocrx_word' id='word_1_164' title='bbox 2174 1305 2420 1371; x_wconf 85' lang='lat' dir='ltr'><strong>quintum</strong></span> <span class='ocrx_word' id='word_1_165' title='bbox 2452 1298 2719 1369; x_wconf 82' lang='lat' dir='ltr'><strong>quoddam</strong></span> <span class='ocrx_word' id='word_1_166' title='bbox 2753 1308 2954 1363; x_wconf 86' lang='lat' dir='ltr'><strong>corpus</strong></span> <span class='ocrx_word' id='word_1_167' title='bbox 2983 1302 3175 1361; x_wconf 58' lang='lat' dir='ltr'><strong>prater</strong></span> <span class='ocrx_word' id='word_1_168' title='bbox 3196 1289 3300 1342; x_wconf 88' lang='lat' dir='ltr'><strong>cle-</strong></span> 
     </span>
    </p>
   </div>
   <div class='ocr_carea' id='block_1_29' title="bbox 1756 1404 2225 1465">
    <p class='ocr_par' dir='ltr' id='par_1_29' title="bbox 1756 1404 2225 1465">
     <span class='ocr_line' id='line_1_29' title="bbox 1756 1404 2225 1465; baseline -0.013 -13"><span class='ocrx_word' id='word_1_169' title='bbox 1756 1407 1935 1452; x_wconf 86' lang='lat' dir='ltr'><strong>menta</strong></span> <span class='ocrx_word' id='word_1_170' title='bbox 1972 1404 2225 1465; x_wconf 90' lang='lat' dir='ltr'><strong>quatuor.</strong></span> 
     </span>
    </p>
   </div>
   <div class='ocr_carea' id='block_1_30' title="bbox 1828 1484 3329 1575">
    <p class='ocr_par' dir='ltr' id='par_1_30' title="bbox 1828 1484 3329 1575">
     <span class='ocr_line' id='line_1_30' title="bbox 1828 1484 3329 1575; baseline -0.016 -12"><span class='ocrx_word' id='word_1_171' title='bbox 1828 1509 2009 1563; x_wconf 79' lang='lat' dir='ltr'><strong>CAPUT</strong></span> <span class='ocrx_word' id='word_1_172' title='bbox 2050 1505 2279 1575; x_wconf 32' lang='lat' dir='ltr'><strong>XVaDe</strong></span> <span class='ocrx_word' id='word_1_173' title='bbox 2333 1502 2705 1556; x_wconf 86' lang='lat' dir='ltr'><strong>immobilitate</strong></span> <span class='ocrx_word' id='word_1_174' title='bbox 2749 1498 2986 1551; x_wconf 87' lang='lat' dir='ltr'><strong>siderum</strong></span> <span class='ocrx_word' id='word_1_175' title='bbox 3040 1502 3089 1547; x_wconf 86' lang='lat' dir='ltr'><strong>et</strong></span> <span class='ocrx_word' id='word_1_176' title='bbox 3144 1484 3329 1559; x_wconf 84' lang='lat' dir='ltr'><strong>quam</strong></span> 
     </span>
    </p>
   </div>
   <div class='ocr_carea' id='block_1_31' title="bbox 1760 1583 3306 1664">
    <p class='ocr_par' dir='ltr' id='par_1_31' title="bbox 1760 1583 3306 1664">
     <span class='ocr_line' id='line_1_31' title="bbox 1760 1583 3306 1664; baseline -0.014 -11"><span class='ocrx_word' id='word_1_177' title='bbox 1760 1610 1904 1655; x_wconf 74' lang='lat' dir='ltr'><strong>recte</strong></span> <span class='ocrx_word' id='word_1_178' title='bbox 1934 1596 2250 1653; x_wconf 78' lang='lat' dir='ltr'><strong>Aristotcles</strong></span> <span class='ocrx_word' id='word_1_179' title='bbox 2281 1607 2509 1664; x_wconf 79' lang='lat' dir='ltr'><strong>Corpora</strong></span> <span class='ocrx_word' id='word_1_180' title='bbox 2539 1590 2781 1646; x_wconf 71' lang='lat' dir='ltr'><strong>cmlestia</strong></span> <span class='ocrx_word' id='word_1_181' title='bbox 2822 1587 3057 1642; x_wconf 81' lang='lat' dir='ltr'><strong>animata</strong></span> <span class='ocrx_word' id='word_1_182' title='bbox 3097 1583 3306 1637; x_wconf 87' lang='lat' dir='ltr'><strong>consti-</strong></span> 
     </span>
    </p>
   </div>
   <div class='ocr_carea' id='block_1_32' title="bbox 77 1698 1895 1790">
    <p class='ocr_par' dir='ltr' id='par_1_32' title="bbox 77 1698 1895 1790">
     <span class='ocr_line' id='line_1_32' title="bbox 77 1698 1895 1790; baseline 0.001 -19"><span class='ocrx_word' id='word_1_183' title='bbox 77 1698 330 1790; x_wconf 74' lang='lat' dir='ltr'><strong>qnidem</strong></span> <span class='ocrx_word' id='word_1_184' title='bbox 361 1735 478 1774; x_wconf 87' lang='lat' dir='ltr'><strong>esse</strong></span> <span class='ocrx_word' id='word_1_185' title='bbox 517 1720 835 1788; x_wconf 85' lang='lat' dir='ltr'><strong>simpliciter</strong></span> <span class='ocrx_word' id='word_1_186' title='bbox 866 1736 1053 1785; x_wconf 79' lang='lat' dir='ltr'><strong>unum,</strong></span> <span class='ocrx_word' id='word_1_187' title='bbox 1082 1719 1180 1774; x_wconf 88' lang='lat' dir='ltr'><strong>hoc</strong></span> <span class='ocrx_word' id='word_1_188' title='bbox 1200 1728 1300 1783; x_wconf 87' lang='lat' dir='ltr'><strong>est,</strong></span> <span class='ocrx_word' id='word_1_189' title='bbox 1332 1729 1390 1773; x_wconf 91' lang='lat' dir='ltr'><strong>ut</strong></span> <span class='ocrx_word' id='word_1_190' title='bbox 1411 1732 1659 1790; x_wconf 80' lang='lat' dir='ltr'><strong>supremo</strong></span> <span class='ocrx_word' id='word_1_191' title='bbox 1688 1718 1731 1772; x_wconf 87' lang='lat' dir='ltr'><strong>B</strong></span> <span class='ocrx_word' id='word_1_192' title='bbox 1761 1698 1895 1743; x_wconf 60' lang='lat' dir='ltr'><strong>tua“</strong></span> 
     </span>
    </p>
   </div>
   <div class='ocr_carea' id='block_1_33' title="bbox 84 1806 1656 1881">
    <p class='ocr_par' dir='ltr' id='par_1_33' title="bbox 84 1806 1656 1881">
     <span class='ocr_line' id='line_1_33' title="bbox 84 1806 1656 1881; baseline -0.004 -15"><span class='ocrx_word' id='word_1_193' title='bbox 84 1815 209 1866; x_wconf 86' lang='lat' dir='ltr'><strong>Deo</strong></span> <span class='ocrx_word' id='word_1_194' title='bbox 241 1821 301 1866; x_wconf 89' lang='lat' dir='ltr'><strong>et</strong></span> <span class='ocrx_word' id='word_1_195' title='bbox 326 1827 449 1867; x_wconf 89' lang='lat' dir='ltr'><strong>esse</strong></span> <span class='ocrx_word' id='word_1_196' title='bbox 478 1821 530 1866; x_wconf 89' lang='lat' dir='ltr'><strong>et</strong></span> <span class='ocrx_word' id='word_1_197' title='bbox 557 1826 716 1881; x_wconf 82' lang='lat' dir='ltr'><strong>posse</strong></span> <span class='ocrx_word' id='word_1_198' title='bbox 745 1821 800 1866; x_wconf 91' lang='lat' dir='ltr'><strong>et</strong></span> <span class='ocrx_word' id='word_1_199' title='bbox 824 1806 1053 1877; x_wconf 76' lang='lat' dir='ltr'><strong>efﬁcere,</strong></span> <span class='ocrx_word' id='word_1_200' title='bbox 1099 1813 1213 1866; x_wconf 87' lang='lat' dir='ltr'><strong>sive</strong></span> <span class='ocrx_word' id='word_1_201' title='bbox 1241 1812 1409 1880; x_wconf 79' lang='lat' dir='ltr'><strong>magis</strong></span> <span class='ocrx_word' id='word_1_202' title='bbox 1450 1812 1656 1877; x_wconf 81' lang='lat' dir='ltr'><strong>placet,</strong></span> 
     </span>
    </p>
   </div>
   <div class='ocr_carea' id='block_1_34' title="bbox 78 1890 1657 1971">
    <p class='ocr_par' dir='ltr' id='par_1_34' title="bbox 78 1890 1657 1971">
     <span class='ocr_line' id='line_1_34' title="bbox 78 1890 1657 1971; baseline -0.004 -12"><span class='ocrx_word' id='word_1_203' title='bbox 78 1905 400 1959; x_wconf 78' lang='lat' dir='ltr'><strong>essentiam</strong></span> <span class='ocrx_word' id='word_1_204' title='bbox 433 1906 724 1971; x_wconf 82' lang='lat' dir='ltr'><strong>potentiam</strong></span> <span class='ocrx_word' id='word_1_205' title='bbox 758 1912 809 1957; x_wconf 91' lang='lat' dir='ltr'><strong>et</strong></span> <span class='ocrx_word' id='word_1_206' title='bbox 838 1890 1013 1956; x_wconf 76' lang='lat' dir='ltr'><strong>actuin</strong></span> <span class='ocrx_word' id='word_1_207' title='bbox 1050 1903 1195 1957; x_wconf 91' lang='lat' dir='ltr'><strong>nullo</strong></span> <span class='ocrx_word' id='word_1_208' title='bbox 1225 1903 1380 1955; x_wconf 73' lang='lat' dir='ltr'><strong>modo</strong></span> <span class='ocrx_word' id='word_1_209' title='bbox 1405 1900 1657 1954; x_wconf 84' lang='lat' dir='ltr'><strong>distincta</strong></span> 
     </span>
    </p>
   </div>
   <div class='ocr_carea' id='block_1_35' title="bbox 80 1989 1657 2064">
    <p class='ocr_par' dir='ltr' id='par_1_35' title="bbox 80 1989 1657 2064">
     <span class='ocr_line' id='line_1_35' title="bbox 80 1989 1657 2064; baseline -0.005 -14"><span class='ocrx_word' id='word_1_210' title='bbox 80 1996 323 2061; x_wconf 80' lang='lat' dir='ltr'><strong>haberi,</strong></span> <span class='ocrx_word' id='word_1_211' title='bbox 359 1996 460 2064; x_wconf 87' lang='lat' dir='ltr'><strong>boc</strong></span> <span class='ocrx_word' id='word_1_212' title='bbox 491 2003 574 2048; x_wconf 88' lang='lat' dir='ltr'><strong>est</strong></span> <span class='ocrx_word' id='word_1_213' title='bbox 603 2002 659 2047; x_wconf 88' lang='lat' dir='ltr'><strong>ut</strong></span> <span class='ocrx_word' id='word_1_214' title='bbox 696 1993 830 2047; x_wconf 86' lang='lat' dir='ltr'><strong>alias</strong></span> <span class='ocrx_word' id='word_1_215' title='bbox 859 1993 952 2056; x_wconf 89' lang='lat' dir='ltr'><strong>sit,</strong></span> <span class='ocrx_word' id='word_1_216' title='bbox 990 1994 1123 2047; x_wconf 89' lang='lat' dir='ltr'><strong>alias</strong></span> <span class='ocrx_word' id='word_1_217' title='bbox 1168 1993 1363 2062; x_wconf 85' lang='lat' dir='ltr'><strong>possit,</strong></span> <span class='ocrx_word' id='word_1_218' title='bbox 1394 1992 1523 2044; x_wconf 85' lang='lat' dir='ltr'><strong>alias</strong></span> <span class='ocrx_word' id='word_1_219' title='bbox 1546 1989 1657 2044; x_wconf 80' lang='lat' dir='ltr'><strong>etii-</strong></span> 
     </span>
    </p>
   </div>
   <div class='ocr_carea' id='block_1_36' title="bbox 80 2080 1659 2152">
    <p class='ocr_par' dir='ltr' id='par_1_36' title="bbox 80 2080 1659 2152">
     <span class='ocr_line' id='line_1_36' title="bbox 80 2080 1659 2152; baseline -0.004 -10"><span class='ocrx_word' id='word_1_220' title='bbox 80 2087 229 2146; x_wconf 67' lang='lat' dir='ltr'><strong>ciat.</strong></span> <span class='ocrx_word' id='word_1_221' title='bbox 263 2085 364 2141; x_wconf 87' lang='lat' dir='ltr'><strong>sed</strong></span> <span class='ocrx_word' id='word_1_222' title='bbox 400 2094 457 2139; x_wconf 88' lang='lat' dir='ltr'><strong>ut</strong></span> <span class='ocrx_word' id='word_1_223' title='bbox 487 2085 647 2138; x_wconf 90' lang='lat' dir='ltr'><strong>simul</strong></span> <span class='ocrx_word' id='word_1_224' title='bbox 678 2095 734 2139; x_wconf 90' lang='lat' dir='ltr'><strong>et</strong></span> <span class='ocrx_word' id='word_1_225' title='bbox 765 2086 836 2138; x_wconf 86' lang='lat' dir='ltr'><strong>sit</strong></span> <span class='ocrx_word' id='word_1_226' title='bbox 877 2095 929 2139; x_wconf 88' lang='lat' dir='ltr'><strong>et</strong></span> <span class='ocrx_word' id='word_1_227' title='bbox 959 2085 1127 2152; x_wconf 86' lang='lat' dir='ltr'><strong>possit</strong></span> <span class='ocrx_word' id='word_1_228' title='bbox 1174 2093 1228 2137; x_wconf 90' lang='lat' dir='ltr'><strong>et</strong></span> <span class='ocrx_word' id='word_1_229' title='bbox 1257 2084 1469 2137; x_wconf 83' lang='lat' dir='ltr'><strong>efliciat.</strong></span> <span class='ocrx_word' id='word_1_230' title='bbox 1503 2080 1659 2137; x_wconf 78' lang='lat' dir='ltr'><strong>Unde</strong></span> 
     </span>
    </p>
   </div>
   <div class='ocr_carea' id='block_1_37' title="bbox 79 2172 1657 2245">
    <p class='ocr_par' dir='ltr' id='par_1_37' title="bbox 79 2172 1657 2245">
     <span class='ocr_line' id='line_1_37' title="bbox 79 2172 1657 2245; baseline -0.004 -14"><span class='ocrx_word' id='word_1_231' title='bbox 79 2185 295 2245; x_wconf 79' lang='lat' dir='ltr'><strong>postea</strong></span> <span class='ocrx_word' id='word_1_232' title='bbox 332 2174 741 2245; x_wconf 77' lang='lat' dir='ltr'><strong>reprehenditur</strong></span> <span class='ocrx_word' id='word_1_233' title='bbox 768 2174 1105 2237; x_wconf 84' lang='lat' dir='ltr'><strong>Aristoteles,</strong></span> <span class='ocrx_word' id='word_1_234' title='bbox 1130 2174 1222 2243; x_wconf 91' lang='lat' dir='ltr'><strong>qui</strong></span> <span class='ocrx_word' id='word_1_235' title='bbox 1257 2175 1490 2227; x_wconf 85' lang='lat' dir='ltr'><strong>animam</strong></span> <span class='ocrx_word' id='word_1_236' title='bbox 1524 2172 1657 2245; x_wconf 84' lang='lat' dir='ltr'><strong>defi-</strong></span> 
     </span>
    </p>
   </div>
   <div class='ocr_carea' id='block_1_38' title="bbox 80 2243 1660 2333">
    <p class='ocr_par' dir='ltr' id='par_1_38' title="bbox 80 2243 1660 2333">
     <span class='ocr_line' id='line_1_38' title="bbox 80 2243 1660 2333; baseline -0.004 -12"><span class='ocrx_word' id='word_1_237' title='bbox 80 2259 305 2321; x_wconf 81' lang='lat' dir='ltr'><strong>niveril</strong></span> <span class='ocrx_word' id='word_1_238' title='bbox 339 2243 460 2321; x_wconf 78' lang='lat' dir='ltr'><strong>esse</strong></span> <span class='ocrx_word' id='word_1_239' title='bbox 493 2277 666 2320; x_wconf 88' lang='lat' dir='ltr'><strong>actum</strong></span> <span class='ocrx_word' id='word_1_240' title='bbox 699 2282 716 2333; x_wconf 87' lang='lat'><strong>;</strong></span> <span class='ocrx_word' id='word_1_241' title='bbox 764 2267 830 2320; x_wconf 92' lang='lat' dir='ltr'><strong>de</strong></span> <span class='ocrx_word' id='word_1_242' title='bbox 872 2281 972 2333; x_wconf 85' lang='lat' dir='ltr'><strong>qua</strong></span> <span class='ocrx_word' id='word_1_243' title='bbox 997 2281 1054 2319; x_wconf 91' lang='lat' dir='ltr'><strong>re</strong></span> <span class='ocrx_word' id='word_1_244' title='bbox 1104 2265 1232 2318; x_wconf 84' lang='lat' dir='ltr'><strong>libet</strong></span> <span class='ocrx_word' id='word_1_245' title='bbox 1264 2265 1422 2319; x_wconf 86' lang='lat' dir='ltr'><strong>etiam</strong></span> <span class='ocrx_word' id='word_1_246' title='bbox 1472 2243 1660 2316; x_wconf 79' lang='lat' dir='ltr'><strong>Jacobi</strong></span> 
     </span>
    </p>
   </div>
   <div class='ocr_carea' id='block_1_39' title="bbox 84 2352 1660 2428">
    <p class='ocr_par' dir='ltr' id='par_1_39' title="bbox 84 2352 1660 2428">
     <span class='ocr_line' id='line_1_39' title="bbox 84 2352 1660 2428; baseline -0.006 -16"><span class='ocrx_word' id='word_1_247' title='bbox 84 2356 342 2428; x_wconf 74' lang='lat' dir='ltr'><strong>Ziegleri</strong></span> <span class='ocrx_word' id='word_1_248' title='bbox 370 2355 470 2409; x_wconf 84' lang='lat' dir='ltr'><strong>viri</strong></span> <span class='ocrx_word' id='word_1_249' title='bbox 494 2356 637 2410; x_wconf 89' lang='lat' dir='ltr'><strong>docti</strong></span> <span class='ocrx_word' id='word_1_250' title='bbox 660 2369 941 2409; x_wconf 84' lang='lat' dir='ltr'><strong>censuram</strong></span> <span class='ocrx_word' id='word_1_251' title='bbox 970 2354 1280 2407; x_wconf 81' lang='lat' dir='ltr'><strong>adscribere</strong></span> <span class='ocrx_word' id='word_1_252' title='bbox 1302 2352 1392 2421; x_wconf 86' lang='lat' dir='ltr'><strong>qui</strong></span> <span class='ocrx_word' id='word_1_253' title='bbox 1426 2354 1502 2405; x_wconf 89' lang='lat' dir='ltr'><strong>sic</strong></span> <span class='ocrx_word' id='word_1_254' title='bbox 1531 2353 1660 2405; x_wconf 87' lang='lat' dir='ltr'><strong>scri-</strong></span> 
     </span>
    </p>
   </div>
   <div class='ocr_carea' id='block_1_40' title="bbox 84 2442 1663 2514">
    <p class='ocr_par' dir='ltr' id='par_1_40' title="bbox 84 2442 1663 2514">
     <span class='ocr_line' id='line_1_40' title="bbox 84 2442 1663 2514; baseline -0.004 -13"><span class='ocrx_word' id='word_1_255' title='bbox 84 2448 173 2501; x_wconf 84' lang='lat' dir='ltr'><strong>bit.</strong></span> <span class='ocrx_word' id='word_1_256' title='bbox 202 2444 455 2514; x_wconf 87' lang='lat' dir='ltr'><strong>quodam</strong></span> <span class='ocrx_word' id='word_1_257' title='bbox 483 2445 536 2498; x_wconf 91' lang='lat' dir='ltr'><strong>in</strong></span> <span class='ocrx_word' id='word_1_258' title='bbox 572 2446 692 2498; x_wconf 86' lang='lat' dir='ltr'><strong>loco</strong></span> <span class='ocrx_word' id='word_1_259' title='bbox 721 2461 735 2497; x_wconf 88' lang='lat'><strong>:</strong></span> <span class='ocrx_word' id='word_1_260' title='bbox 772 2443 874 2498; x_wconf 80' lang='lat' dir='ltr'><strong>Sed</strong></span> <span class='ocrx_word' id='word_1_261' title='bbox 900 2461 1057 2509; x_wconf 83' lang='lat' dir='ltr'><strong>quant</strong></span> <span class='ocrx_word' id='word_1_262' title='bbox 1089 2454 1318 2496; x_wconf 79' lang='lat' dir='ltr'><strong>sectatur</strong></span> <span class='ocrx_word' id='word_1_263' title='bbox 1345 2460 1467 2512; x_wconf 88' lang='lat' dir='ltr'><strong>rogo</strong></span> <span class='ocrx_word' id='word_1_264' title='bbox 1492 2442 1663 2511; x_wconf 83' lang='lat' dir='ltr'><strong>(intel-</strong></span> 
     </span>
    </p>
   </div>
   <div class='ocr_carea' id='block_1_41' title="bbox 82 2536 1660 2607">
    <p class='ocr_par' dir='ltr' id='par_1_41' title="bbox 82 2536 1660 2607">
     <span class='ocr_line' id='line_1_41' title="bbox 82 2536 1660 2607; baseline -0.004 -17"><span class='ocrx_word' id='word_1_265' title='bbox 82 2540 268 2607; x_wconf 83' lang='lat' dir='ltr'><strong>ligens</strong></span> <span class='ocrx_word' id='word_1_266' title='bbox 315 2536 671 2605; x_wconf 82' lang='lat' dir='ltr'><strong>Aristotelem)</strong></span> <span class='ocrx_word' id='word_1_267' title='bbox 707 2536 1215 2589; x_wconf 82' lang='lat' dir='ltr'><strong>demonstrationum</strong></span> <span class='ocrx_word' id='word_1_268' title='bbox 1263 2536 1660 2596; x_wconf 59' lang='lat' dir='ltr'><strong>necessitatem,</strong></span> 
     </span>
    </p>
   </div>
   <div class='ocr_carea' id='block_1_42' title="bbox 88 2623 1664 2698">
    <p class='ocr_par' dir='ltr' id='par_1_42' title="bbox 88 2623 1664 2698">
     <span class='ocr_line' id='line_1_42' title="bbox 88 2623 1664 2698; baseline -0.003 -17"><span class='ocrx_word' id='word_1_269' title='bbox 88 2630 185 2698; x_wconf 82' lang='lat' dir='ltr'><strong>qui</strong></span> <span class='ocrx_word' id='word_1_270' title='bbox 214 2645 250 2680; x_wconf 89' lang='lat' dir='ltr'><strong>a</strong></span> <span class='ocrx_word' id='word_1_271' title='bbox 288 2628 499 2695; x_wconf 84' lang='lat' dir='ltr'><strong>scriptis</strong></span> <span class='ocrx_word' id='word_1_272' title='bbox 532 2628 640 2679; x_wconf 84' lang='lat' dir='ltr'><strong>suis</strong></span> <span class='ocrx_word' id='word_1_273' title='bbox 670 2625 802 2677; x_wconf 88' lang='lat' dir='ltr'><strong>sicut</strong></span> <span class='ocrx_word' id='word_1_274' title='bbox 836 2623 1036 2677; x_wconf 79' lang='lat' dir='ltr'><strong>libitum</strong></span> <span class='ocrx_word' id='word_1_275' title='bbox 1068 2633 1142 2677; x_wconf 88' lang='lat' dir='ltr'><strong>est</strong></span> <span class='ocrx_word' id='word_1_276' title='bbox 1179 2624 1415 2679; x_wconf 85' lang='lat' dir='ltr'><strong>discedit.</strong></span> <span class='ocrx_word' id='word_1_277' title='bbox 1441 2626 1544 2675; x_wconf 79' lang='lat' dir='ltr'><strong>Aut</strong></span> <span class='ocrx_word' id='word_1_278' title='bbox 1572 2623 1664 2676; x_wconf 87' lang='lat' dir='ltr'><strong>de-</strong></span> 
     </span>
    </p>
   </div>
   <div class='ocr_carea' id='block_1_43' title="bbox 90 2715 1665 2788">
    <p class='ocr_par' dir='ltr' id='par_1_43' title="bbox 90 2715 1665 2788">
     <span class='ocr_line' id='line_1_43' title="bbox 90 2715 1665 2788; baseline -0.004 -16"><span class='ocrx_word' id='word_1_279' title='bbox 90 2721 298 2788; x_wconf 82' lang='lat' dir='ltr'><strong>ﬁniens</strong></span> <span class='ocrx_word' id='word_1_280' title='bbox 340 2718 605 2783; x_wconf 85' lang='lat' dir='ltr'><strong>animam,</strong></span> <span class='ocrx_word' id='word_1_281' title='bbox 647 2717 1102 2784; x_wconf 66' lang='lat' dir='ltr'><strong>{demonstratione</strong></span> <span class='ocrx_word' id='word_1_282' title='bbox 1146 2731 1267 2769; x_wconf 79' lang='lat' dir='ltr'><strong>usus</strong></span> <span class='ocrx_word' id='word_1_283' title='bbox 1318 2715 1438 2768; x_wconf 84' lang='lat' dir='ltr'><strong>est?</strong></span> <span class='ocrx_word' id='word_1_284' title='bbox 1490 2717 1665 2766; x_wconf 84' lang='lat' dir='ltr'><strong>anima</strong></span> 
     </span>
    </p>
   </div>
   <div class='ocr_carea' id='block_1_44' title="bbox 94 2806 1667 2877">
    <p class='ocr_par' dir='ltr' id='par_1_44' title="bbox 94 2806 1667 2877">
     <span class='ocr_line' id='line_1_44' title="bbox 94 2806 1667 2877; baseline -0.003 -17"><span class='ocrx_word' id='word_1_285' title='bbox 94 2806 336 2877; x_wconf 81' lang='lat' dir='ltr'><strong>(inquit)</strong></span> <span class='ocrx_word' id='word_1_286' title='bbox 368 2818 439 2859; x_wconf 81' lang='lat' dir='ltr'><strong>est</strong></span> <span class='ocrx_word' id='word_1_287' title='bbox 472 2815 617 2859; x_wconf 86' lang='lat' dir='ltr'><strong>actus</strong></span> <span class='ocrx_word' id='word_1_288' title='bbox 644 2806 873 2874; x_wconf 86' lang='lat' dir='ltr'><strong>corporis</strong></span> <span class='ocrx_word' id='word_1_289' title='bbox 896 2806 1129 2875; x_wconf 84' lang='lat' dir='ltr'><strong>organici</strong></span> <span class='ocrx_word' id='word_1_290' title='bbox 1155 2806 1371 2874; x_wconf 80' lang='lat' dir='ltr'><strong>physici,</strong></span> <span class='ocrx_word' id='word_1_291' title='bbox 1405 2806 1557 2857; x_wconf 82' lang='lat' dir='ltr'><strong>vitam</strong></span> <span class='ocrx_word' id='word_1_292' title='bbox 1580 2806 1667 2855; x_wconf 85' lang='lat' dir='ltr'><strong>Ita-</strong></span> 
     </span>
    </p>
   </div>
   <div class='ocr_carea' id='block_1_45' title="bbox 94 2895 1664 2964">
    <p class='ocr_par' dir='ltr' id='par_1_45' title="bbox 94 2895 1664 2964">
     <span class='ocr_line' id='line_1_45' title="bbox 94 2895 1664 2964; baseline -0.004 -10"><span class='ocrx_word' id='word_1_293' title='bbox 94 2899 275 2954; x_wconf 68' lang='lat' dir='ltr'><strong>bsntis</strong></span> <span class='ocrx_word' id='word_1_294' title='bbox 308 2897 364 2948; x_wconf 84' lang='lat' dir='ltr'><strong>in</strong></span> <span class='ocrx_word' id='word_1_295' title='bbox 393 2897 642 2964; x_wconf 75' lang='lat' dir='ltr'><strong>petentia.</strong></span> <span class='ocrx_word' id='word_1_296' title='bbox 672 2895 812 2964; x_wconf 89' lang='lat' dir='ltr'><strong>Ergo</strong></span> <span class='ocrx_word' id='word_1_297' title='bbox 849 2896 986 2949; x_wconf 81' lang='lat' dir='ltr'><strong>alius</strong></span> <span class='ocrx_word' id='word_1_298' title='bbox 1018 2904 1222 2947; x_wconf 84' lang='lat' dir='ltr'><strong>secutus</strong></span> <span class='ocrx_word' id='word_1_299' title='bbox 1249 2896 1538 2962; x_wconf 73' lang='lat' dir='ltr'><strong>exemplum</strong></span> <span class='ocrx_word' id='word_1_300' title='bbox 1576 2896 1664 2947; x_wconf 84' lang='lat' dir='ltr'><strong>de-</strong></span> 
     </span>
    </p>
   </div>
   <div class='ocr_carea' id='block_1_46' title="bbox 95 2987 1667 3059">
    <p class='ocr_par' dir='ltr' id='par_1_46' title="bbox 95 2987 1667 3059">
     <span class='ocr_line' id='line_1_46' title="bbox 95 2987 1667 3059; baseline 0 -20"><span class='ocrx_word' id='word_1_301' title='bbox 95 2991 289 3059; x_wconf 75' lang='lat' dir='ltr'><strong>ﬁniat,</strong></span> <span class='ocrx_word' id='word_1_302' title='bbox 325 2988 511 3054; x_wconf 85' lang='lat' dir='ltr'><strong>auriga</strong></span> <span class='ocrx_word' id='word_1_303' title='bbox 551 2995 626 3039; x_wconf 80' lang='lat' dir='ltr'><strong>est</strong></span> <span class='ocrx_word' id='word_1_304' title='bbox 654 2998 801 3040; x_wconf 87' lang='lat' dir='ltr'><strong>actor</strong></span> <span class='ocrx_word' id='word_1_305' title='bbox 830 2987 1081 3039; x_wconf 67' lang='lat' dir='ltr'><strong>curricuii</strong></span> <span class='ocrx_word' id='word_1_306' title='bbox 1115 2995 1309 3039; x_wconf 87' lang='lat' dir='ltr'><strong>motum</strong></span> <span class='ocrx_word' id='word_1_307' title='bbox 1351 2987 1581 3039; x_wconf 83' lang='lat' dir='ltr'><strong>habentis</strong></span> <span class='ocrx_word' id='word_1_308' title='bbox 1612 2988 1667 3039; x_wconf 86' lang='lat' dir='ltr'><strong>in</strong></span> 
     </span>
    </p>
   </div>
   <div class='ocr_carea' id='block_1_47' title="bbox 93 3051 1736 3147">
    <p class='ocr_par' dir='ltr' id='par_1_47' title="bbox 93 3051 1736 3147">
     <span class='ocr_line' id='line_1_47' title="bbox 93 3051 1736 3147; baseline -0.002 -16"><span class='ocrx_word' id='word_1_309' title='bbox 93 3051 375 3147; x_wconf 60' lang='lat' dir='ltr'><strong>potentia.</strong></span> <span class='ocrx_word' id='word_1_310' title='bbox 405 3051 542 3133; x_wconf 60' lang='lat' dir='ltr'><strong>Nam</strong></span> <span class='ocrx_word' id='word_1_311' title='bbox 566 3077 654 3129; x_wconf 76' lang='lat' dir='ltr'><strong>ille</strong></span> <span class='ocrx_word' id='word_1_312' title='bbox 678 3092 793 3144; x_wconf 78' lang='lat' dir='ltr'><strong>qua:</strong></span> <span class='ocrx_word' id='word_1_313' title='bbox 821 3076 889 3128; x_wconf 87' lang='lat' dir='ltr'><strong>ad</strong></span> <span class='ocrx_word' id='word_1_314' title='bbox 917 3076 1264 3128; x_wconf 83' lang='lat' dir='ltr'><strong>substantiam</strong></span> <span class='ocrx_word' id='word_1_315' title='bbox 1287 3077 1513 3129; x_wconf 77' lang='lat' dir='ltr'><strong>hominis</strong></span> <span class='ocrx_word' id='word_1_316' title='bbox 1543 3077 1670 3129; x_wconf 85' lang='lat' dir='ltr'><strong>atti-</strong></span> <span class='ocrx_word' id='word_1_317' title='bbox 1693 3051 1736 3108; x_wconf 65' lang='grc' dir='ltr'><strong>θ</strong></span> 
     </span>
    </p>
   </div>
   <div class='ocr_carea' id='block_1_48' title="bbox 97 3166 1666 3236">
    <p class='ocr_par' dir='ltr' id='par_1_48' title="bbox 97 3166 1666 3236">
     <span class='ocr_line' id='line_1_48' title="bbox 97 3166 1666 3236; baseline 0.001 -17"><span class='ocrx_word' id='word_1_318' title='bbox 97 3167 333 3227; x_wconf 84' lang='lat' dir='ltr'><strong>nebant,</strong></span> <span class='ocrx_word' id='word_1_319' title='bbox 355 3166 470 3217; x_wconf 83' lang='lat' dir='ltr'><strong>dico</strong></span> <span class='ocrx_word' id='word_1_320' title='bbox 494 3181 651 3233; x_wconf 80' lang='lat' dir='ltr'><strong>genus</strong></span> <span class='ocrx_word' id='word_1_321' title='bbox 676 3175 723 3218; x_wconf 78' lang='lat' dir='ltr'><strong>et</strong></span> <span class='ocrx_word' id='word_1_322' title='bbox 756 3166 1102 3235; x_wconf 70' lang='lat' dir='ltr'><strong>differentiam</strong></span> <span class='ocrx_word' id='word_1_323' title='bbox 1122 3167 1468 3234; x_wconf 73' lang='lat' dir='ltr'><strong>essentialem,</strong></span> <span class='ocrx_word' id='word_1_324' title='bbox 1491 3184 1523 3220; x_wconf 92' lang='lat' dir='ltr'><strong>a</strong></span> <span class='ocrx_word' id='word_1_325' title='bbox 1548 3170 1666 3236; x_wconf 86' lang='lat' dir='ltr'><strong>qui-</strong></span> 
     </span>
    </p>
   </div>
   <div class='ocr_carea' id='block_1_49' title="bbox 96 3254 1399 3325">
    <p class='ocr_par' dir='ltr' id='par_1_49' title="bbox 96 3254 1399 3325">
     <span class='ocr_line' id='line_1_49' title="bbox 96 3254 1399 3325; baseline -0.003 -16"><span class='ocrx_word' id='word_1_326' title='bbox 96 3260 195 3311; x_wconf 84' lang='lat' dir='ltr'><strong>bus</strong></span> <span class='ocrx_word' id='word_1_327' title='bbox 230 3256 445 3325; x_wconf 74' lang='lat' dir='ltr'><strong>desumi</strong></span> <span class='ocrx_word' id='word_1_328' title='bbox 478 3254 824 3322; x_wconf 79' lang='lat' dir='ltr'><strong>deﬁnitionem</strong></span> <span class='ocrx_word' id='word_1_329' title='bbox 859 3257 1152 3323; x_wconf 87' lang='lat' dir='ltr'><strong>oportebat,</strong></span> <span class='ocrx_word' id='word_1_330' title='bbox 1187 3259 1399 3324; x_wconf 79' lang='lat' dir='ltr'><strong>attigit-</strong></span> 
     </span>
    </p>
   </div>
   <div class='ocr_carea' id='block_1_50' title="bbox 168 3344 1667 3417">
    <p class='ocr_par' dir='ltr' id='par_1_50' title="bbox 168 3344 1667 3417">
     <span class='ocr_line' id='line_1_50' title="bbox 168 3344 1667 3417; baseline 0.001 -16"><span class='ocrx_word' id='word_1_331' title='bbox 168 3348 368 3402; x_wconf 78' lang='lat' dir='ltr'><strong>CAPUT</strong></span> <span class='ocrx_word' id='word_1_332' title='bbox 417 3344 484 3399; x_wconf 90' lang='lat' dir='ltr'><strong>X.</strong></span> <span class='ocrx_word' id='word_1_333' title='bbox 545 3345 888 3400; x_wconf 75' lang='lat' dir='ltr'><strong>Platonicum</strong></span> <span class='ocrx_word' id='word_1_334' title='bbox 942 3348 1147 3416; x_wconf 74' lang='lat' dir='ltr'><strong>dogma</strong></span> <span class='ocrx_word' id='word_1_335' title='bbox 1188 3347 1513 3411; x_wconf 85' lang='lat' dir='ltr'><strong>defenditur,</strong></span> <span class='ocrx_word' id='word_1_336' title='bbox 1557 3363 1667 3417; x_wconf 93' lang='lat' dir='ltr'><strong>quo</strong></span> 
     </span>
    </p>
   </div>
   <div class='ocr_carea' id='block_1_51' title="bbox 101 3436 1661 3494">
    <p class='ocr_par' dir='ltr' id='par_1_51' title="bbox 101 3436 1661 3494">
     <span class='ocr_line' id='line_1_51' title="bbox 101 3436 1661 3494; baseline 0.002 -3"><span class='ocrx_word' id='word_1_337' title='bbox 101 3440 350 3493; x_wconf 71' lang='lat' dir='ltr'><strong>daretur</strong></span> <span class='ocrx_word' id='word_1_338' title='bbox 397 3438 603 3490; x_wconf 85' lang='lat' dir='ltr'><strong>animas</strong></span> <span class='ocrx_word' id='word_1_339' title='bbox 652 3452 682 3491; x_wconf 90' lang='lat' dir='ltr'><strong>e</strong></span> <span class='ocrx_word' id='word_1_340' title='bbox 732 3436 868 3492; x_wconf 66' lang='lat' dir='ltr'><strong>caelo</strong></span> <span class='ocrx_word' id='word_1_341' title='bbox 914 3439 1299 3493; x_wconf 83' lang='lat' dir='ltr'><strong>descendentes</strong></span> <span class='ocrx_word' id='word_1_342' title='bbox 1362 3439 1661 3494; x_wconf 86' lang='lat' dir='ltr'><strong>hauriendo</strong></span> 
     </span>
    </p>
   </div>
   <div class='ocr_carea' id='block_1_52' title="bbox 103 3530 1668 3601">
    <p class='ocr_par' dir='ltr' id='par_1_52' title="bbox 103 3530 1668 3601">
     <span class='ocr_line' id='line_1_52' title="bbox 103 3530 1668 3601; baseline 0.001 -16"><span class='ocrx_word' id='word_1_343' title='bbox 103 3532 459 3585; x_wconf 84' lang='lat' dir='ltr'><strong>oblivionem</strong></span> <span class='ocrx_word' id='word_1_344' title='bbox 520 3544 698 3582; x_wconf 87' lang='lat' dir='ltr'><strong>rerum</strong></span> <span class='ocrx_word' id='word_1_345' title='bbox 749 3530 1096 3594; x_wconf 85' lang='lat' dir='ltr'><strong>divinarum,</strong></span> <span class='ocrx_word' id='word_1_346' title='bbox 1148 3549 1373 3601; x_wconf 87' lang='lat' dir='ltr'><strong>quarum</strong></span> <span class='ocrx_word' id='word_1_347' title='bbox 1420 3534 1473 3586; x_wconf 91' lang='lat' dir='ltr'><strong>in</strong></span> <span class='ocrx_word' id='word_1_348' title='bbox 1530 3535 1668 3588; x_wconf 64' lang='lat' dir='ltr'><strong>caelo</strong></span> 
     </span>
    </p>
   </div>
   <div class='ocr_carea' id='block_1_53' title="bbox 102 3620 1664 3690">
    <p class='ocr_par' dir='ltr' id='par_1_53' title="bbox 102 3620 1664 3690">
     <span class='ocr_line' id='line_1_53' title="bbox 102 3620 1664 3690; baseline 0.001 -13"><span class='ocrx_word' id='word_1_349' title='bbox 102 3632 273 3677; x_wconf 84' lang='lat' dir='ltr'><strong>erant</strong></span> <span class='ocrx_word' id='word_1_350' title='bbox 331 3620 583 3683; x_wconf 61' lang='lat' dir='ltr'><strong>conscita,</strong></span> <span class='ocrx_word' id='word_1_351' title='bbox 624 3621 757 3676; x_wconf 86' lang='lat' dir='ltr'><strong>alias</strong></span> <span class='ocrx_word' id='word_1_352' title='bbox 799 3637 927 3675; x_wconf 85' lang='lat' dir='ltr'><strong>vero</strong></span> <span class='ocrx_word' id='word_1_353' title='bbox 975 3624 1162 3689; x_wconf 83' lang='lat' dir='ltr'><strong>magis,</strong></span> <span class='ocrx_word' id='word_1_354' title='bbox 1202 3621 1334 3678; x_wconf 82' lang='lat' dir='ltr'><strong>alias</strong></span> <span class='ocrx_word' id='word_1_355' title='bbox 1375 3626 1577 3690; x_wconf 90' lang='lat' dir='ltr'><strong>minus,</strong></span> <span class='ocrx_word' id='word_1_356' title='bbox 1610 3626 1664 3679; x_wconf 89' lang='lat' dir='ltr'><strong>in</strong></span> 
     </span>
    </p>
   </div>
   <div class='ocr_carea' id='block_1_54' title="bbox 105 3713 1664 3785">
    <p class='ocr_par' dir='ltr' id='par_1_54' title="bbox 105 3713 1664 3785">
     <span class='ocr_line' id='line_1_54' title="bbox 105 3713 1664 3785; baseline 0.003 -18"><span class='ocrx_word' id='word_1_357' title='bbox 105 3716 277 3769; x_wconf 83' lang='lat' dir='ltr'><strong>terris</strong></span> <span class='ocrx_word' id='word_1_358' title='bbox 328 3729 435 3766; x_wconf 89' lang='lat' dir='ltr'><strong>non</strong></span> <span class='ocrx_word' id='word_1_359' title='bbox 471 3713 678 3767; x_wconf 85' lang='lat' dir='ltr'><strong>discere</strong></span> <span class='ocrx_word' id='word_1_360' title='bbox 712 3717 802 3769; x_wconf 90' lang='lat' dir='ltr'><strong>sed</strong></span> <span class='ocrx_word' id='word_1_361' title='bbox 850 3716 1160 3781; x_wconf 88' lang='lat' dir='ltr'><strong>reminisci,</strong></span> <span class='ocrx_word' id='word_1_362' title='bbox 1201 3716 1345 3785; x_wconf 86' lang='lat' dir='ltr'><strong>quod</strong></span> <span class='ocrx_word' id='word_1_363' title='bbox 1385 3718 1495 3771; x_wconf 91' lang='lat' dir='ltr'><strong>illic</strong></span> <span class='ocrx_word' id='word_1_364' title='bbox 1542 3728 1664 3772; x_wconf 90' lang='lat' dir='ltr'><strong>ante</strong></span> 
     </span>
    </p>
   </div>
   <div class='ocr_carea' id='block_1_55' title="bbox 106 3805 555 3883">
    <p class='ocr_par' dir='ltr' id='par_1_55' title="bbox 106 3805 555 3883">
     <span class='ocr_line' id='line_1_55' title="bbox 106 3805 555 3883; baseline -0.016 -21"><span class='ocrx_word' id='word_1_365' title='bbox 106 3805 502 3875; x_wconf 72' lang='lat' dir='ltr'><strong>cognoverint.</strong></span> <span class='ocrx_word' id='word_1_366' title='bbox 546 3877 555 3883; x_wconf 79' lang='lat'><strong>_</strong></span> 
     </span>
    </p>
   </div>
   <div class='ocr_carea' id='block_1_56' title="bbox 1828 1790 3306 1861">
    <p class='ocr_par' dir='ltr' id='par_1_56' title="bbox 1828 1790 3306 1861">
     <span class='ocr_line' id='line_1_56' title="bbox 1828 1790 3306 1861; baseline -0.015 -5"><span class='ocrx_word' id='word_1_367' title='bbox 1828 1802 2004 1857; x_wconf 77' lang='lat' dir='ltr'><strong>CAPUT</strong></span> <span class='ocrx_word' id='word_1_368' title='bbox 2032 1798 2172 1855; x_wconf 77' lang='lat' dir='ltr'><strong>XVI.</strong></span> <span class='ocrx_word' id='word_1_369' title='bbox 2205 1799 2339 1853; x_wconf 86' lang='lat' dir='ltr'><strong>Num</strong></span> <span class='ocrx_word' id='word_1_370' title='bbox 2377 1795 2616 1851; x_wconf 67' lang='lat' dir='ltr'><strong>caelestia</strong></span> <span class='ocrx_word' id='word_1_371' title='bbox 2654 1805 2881 1861; x_wconf 88' lang='lat' dir='ltr'><strong>corpora</strong></span> <span class='ocrx_word' id='word_1_372' title='bbox 2927 1790 2975 1843; x_wconf 81' lang='lat' dir='ltr'><strong>vi</strong></span> <span class='ocrx_word' id='word_1_373' title='bbox 3019 1796 3072 1841; x_wconf 89' lang='lat' dir='ltr'><strong>et</strong></span> <span class='ocrx_word' id='word_1_374' title='bbox 3116 1790 3306 1838; x_wconf 80' lang='lat' dir='ltr'><strong>natura</strong></span> 
     </span>
    </p>
   </div>
   <div class='ocr_carea' id='block_1_57' title="bbox 1761 1878 3307 1963">
    <p class='ocr_par' dir='ltr' id='par_1_57' title="bbox 1761 1878 3307 1963">
     <span class='ocr_line' id='line_1_57' title="bbox 1761 1878 3307 1963; baseline -0.014 -18"><span class='ocrx_word' id='word_1_375' title='bbox 1761 1897 1912 1963; x_wconf 83' lang='lat' dir='ltr'><strong>ignea</strong></span> <span class='ocrx_word' id='word_1_376' title='bbox 1940 1892 2255 1945; x_wconf 70' lang='lat' dir='ltr'><strong>calefaciunt</strong></span> <span class='ocrx_word' id='word_1_377' title='bbox 2285 1890 2397 1942; x_wconf 71' lang='lat' dir='ltr'><strong>haec</strong></span> <span class='ocrx_word' id='word_1_378' title='bbox 2427 1886 2703 1946; x_wconf 75' lang='lat' dir='ltr'><strong>inferiora,</strong></span> <span class='ocrx_word' id='word_1_379' title='bbox 2737 1898 2804 1934; x_wconf 90' lang='lat' dir='ltr'><strong>an</strong></span> <span class='ocrx_word' id='word_1_380' title='bbox 2839 1891 2985 1933; x_wconf 81' lang='lat' dir='ltr'><strong>motu</strong></span> <span class='ocrx_word' id='word_1_381' title='bbox 3024 1878 3307 1931; x_wconf 76' lang='lat' dir='ltr'><strong>duntaxat.</strong></span> 
     </span>
    </p>
   </div>
   <div class='ocr_carea' id='block_1_58' title="bbox 1829 1991 3306 2059">
    <p class='ocr_par' dir='ltr' id='par_1_58' title="bbox 1829 1991 3306 2059">
     <span class='ocr_line' id='line_1_58' title="bbox 1829 1991 3306 2059; baseline -0.014 1"><span class='ocrx_word' id='word_1_382' title='bbox 1829 2007 1999 2059; x_wconf 78' lang='lat' dir='ltr'><strong>CAPUT</strong></span> <span class='ocrx_word' id='word_1_383' title='bbox 2037 2004 2196 2057; x_wconf 90' lang='lat' dir='ltr'><strong>XVII.</strong></span> <span class='ocrx_word' id='word_1_384' title='bbox 2253 2003 2442 2056; x_wconf 78' lang='lat' dir='ltr'><strong>Utrum</strong></span> <span class='ocrx_word' id='word_1_385' title='bbox 2486 2014 2576 2053; x_wconf 87' lang='lat' dir='ltr'><strong>ars</strong></span> <span class='ocrx_word' id='word_1_386' title='bbox 2622 2007 2676 2051; x_wconf 87' lang='lat' dir='ltr'><strong>et</strong></span> <span class='ocrx_word' id='word_1_387' title='bbox 2722 2004 2915 2049; x_wconf 82' lang='lat' dir='ltr'><strong>natura</strong></span> <span class='ocrx_word' id='word_1_388' title='bbox 2965 1991 3306 2047; x_wconf 88' lang='lat' dir='ltr'><strong>deliberent,</strong></span> 
     </span>
    </p>
   </div>
   <div class='ocr_carea' id='block_1_59' title="bbox 1760 2095 2357 2163">
    <p class='ocr_par' dir='ltr' id='par_1_59' title="bbox 1760 2095 2357 2163">
     <span class='ocr_line' id='line_1_59' title="bbox 1760 2095 2357 2163; baseline -0.008 -14"><span class='ocrx_word' id='word_1_389' title='bbox 1760 2095 1889 2149; x_wconf 92' lang='lat' dir='ltr'><strong>dum</strong></span> <span class='ocrx_word' id='word_1_390' title='bbox 1928 2095 2123 2163; x_wconf 85' lang='lat' dir='ltr'><strong>aliquid</strong></span> <span class='ocrx_word' id='word_1_391' title='bbox 2169 2102 2357 2163; x_wconf 81' lang='lat' dir='ltr'><strong>agunt.</strong></span> 
     </span>
    </p>
   </div>
   <div class='ocr_carea' id='block_1_60' title="bbox 1830 2195 3311 2269">
    <p class='ocr_par' dir='ltr' id='par_1_60' title="bbox 1830 2195 3311 2269">
     <span class='ocr_line' id='line_1_60' title="bbox 1830 2195 3311 2269; baseline -0.014 -7"><span class='ocrx_word' id='word_1_392' title='bbox 1830 2208 2007 2262; x_wconf 78' lang='lat' dir='ltr'><strong>CAPUT</strong></span> <span class='ocrx_word' id='word_1_393' title='bbox 2037 2204 2218 2259; x_wconf 85' lang='lat' dir='ltr'><strong>XVIII.</strong></span> <span class='ocrx_word' id='word_1_394' title='bbox 2250 2201 2438 2256; x_wconf 87' lang='lat' dir='ltr'><strong>Utrum</strong></span> <span class='ocrx_word' id='word_1_395' title='bbox 2467 2216 2585 2269; x_wconf 75' lang='lat' dir='ltr'><strong>quae</strong></span> <span class='ocrx_word' id='word_1_396' title='bbox 2618 2200 2751 2253; x_wconf 76' lang='lat' dir='ltr'><strong>fiunt</strong></span> <span class='ocrx_word' id='word_1_397' title='bbox 2779 2200 2957 2253; x_wconf 85' lang='lat' dir='ltr'><strong>omnia</strong></span> <span class='ocrx_word' id='word_1_398' title='bbox 2983 2237 2997 2261; x_wconf 92' lang='lat'><strong>,</strong></span> <span class='ocrx_word' id='word_1_399' title='bbox 3032 2195 3164 2247; x_wconf 83' lang='lat' dir='ltr'><strong>ﬁant</strong></span> <span class='ocrx_word' id='word_1_400' title='bbox 3222 2206 3311 2243; x_wconf 88' lang='lat' dir='ltr'><strong>nc-</strong></span> 
     </span>
    </p>
   </div>
   <div class='ocr_carea' id='block_1_61' title="bbox 1762 2287 3315 2361">
    <p class='ocr_par' dir='ltr' id='par_1_61' title="bbox 1762 2287 3315 2361">
     <span class='ocr_line' id='line_1_61' title="bbox 1762 2287 3315 2361; baseline -0.012 -7"><span class='ocrx_word' id='word_1_401' title='bbox 1762 2298 2023 2360; x_wconf 84' lang='lat' dir='ltr'><strong>cessario,</strong></span> <span class='ocrx_word' id='word_1_402' title='bbox 2061 2312 2125 2348; x_wconf 86' lang='lat' dir='ltr'><strong>an</strong></span> <span class='ocrx_word' id='word_1_403' title='bbox 2159 2302 2213 2348; x_wconf 89' lang='lat' dir='ltr'><strong>el</strong></span> <span class='ocrx_word' id='word_1_404' title='bbox 2238 2294 2411 2361; x_wconf 82' lang='lat' dir='ltr'><strong>aliqua</strong></span> <span class='ocrx_word' id='word_1_405' title='bbox 2447 2291 2842 2357; x_wconf 76' lang='lat' dir='ltr'><strong>contingenter,</strong></span> <span class='ocrx_word' id='word_1_406' title='bbox 2881 2298 2932 2341; x_wconf 84' lang='lat' dir='ltr'><strong>et</strong></span> <span class='ocrx_word' id='word_1_407' title='bbox 2968 2299 3145 2341; x_wconf 89' lang='lat' dir='ltr'><strong>utrum</strong></span> <span class='ocrx_word' id='word_1_408' title='bbox 3177 2287 3315 2339; x_wconf 84' lang='lat' dir='ltr'><strong>dan-</strong></span> 
     </span>
    </p>
   </div>
   <div class='ocr_carea' id='block_1_62' title="bbox 1763 2380 3313 2457">
    <p class='ocr_par' dir='ltr' id='par_1_62' title="bbox 1763 2380 3313 2457">
     <span class='ocr_line' id='line_1_62' title="bbox 1763 2380 3313 2457; baseline -0.01 -11"><span class='ocrx_word' id='word_1_409' title='bbox 1763 2392 1888 2446; x_wconf 88' lang='lat' dir='ltr'><strong>dum</strong></span> <span class='ocrx_word' id='word_1_410' title='bbox 1923 2392 1996 2444; x_wconf 88' lang='lat' dir='ltr'><strong>sit</strong></span> <span class='ocrx_word' id='word_1_411' title='bbox 2034 2387 2239 2457; x_wconf 87' lang='lat' dir='ltr'><strong>aliquid</strong></span> <span class='ocrx_word' id='word_1_412' title='bbox 2283 2387 2335 2439; x_wconf 89' lang='lat' dir='ltr'><strong>in</strong></span> <span class='ocrx_word' id='word_1_413' title='bbox 2379 2385 2442 2438; x_wconf 89' lang='lat' dir='ltr'><strong>iis</strong></span> <span class='ocrx_word' id='word_1_414' title='bbox 2488 2399 2603 2452; x_wconf 81' lang='lat' dir='ltr'><strong>qua:</strong></span> <span class='ocrx_word' id='word_1_415' title='bbox 2635 2382 2769 2433; x_wconf 82' lang='lat' dir='ltr'><strong>fiunt</strong></span> <span class='ocrx_word' id='word_1_416' title='bbox 2810 2381 2949 2450; x_wconf 87' lang='lat' dir='ltr'><strong>quod</strong></span> <span class='ocrx_word' id='word_1_417' title='bbox 2985 2396 3090 2432; x_wconf 89' lang='lat' dir='ltr'><strong>non</strong></span> <span class='ocrx_word' id='word_1_418' title='bbox 3124 2380 3313 2433; x_wconf 85' lang='lat' dir='ltr'><strong>habeat</strong></span> 
     </span>
    </p>
   </div>
   <div class='ocr_carea' id='block_1_63' title="bbox 1761 2472 3315 2539">
    <p class='ocr_par' dir='ltr' id='par_1_63' title="bbox 1761 2472 3315 2539">
     <span class='ocr_line' id='line_1_63' title="bbox 1761 2472 3315 2539; baseline -0.011 0"><span class='ocrx_word' id='word_1_419' title='bbox 1761 2472 1987 2539; x_wconf 74' lang='lat' dir='ltr'><strong>causam</strong></span> <span class='ocrx_word' id='word_1_420' title='bbox 2022 2481 2105 2536; x_wconf 89' lang='lat' dir='ltr'><strong>sui</strong></span> <span class='ocrx_word' id='word_1_421' title='bbox 2135 2494 2277 2534; x_wconf 88' lang='lat' dir='ltr'><strong>esse.</strong></span> <span class='ocrx_word' id='word_1_422' title='bbox 2310 2476 2438 2530; x_wconf 86' lang='lat' dir='ltr'><strong>&#39;fale</strong></span> <span class='ocrx_word' id='word_1_423' title='bbox 2478 2489 2605 2526; x_wconf 83' lang='lat' dir='ltr'><strong>vero</strong></span> <span class='ocrx_word' id='word_1_424' title='bbox 2656 2481 2847 2525; x_wconf 82' lang='lat' dir='ltr'><strong>tractat</strong></span> <span class='ocrx_word' id='word_1_425' title='bbox 2878 2482 2990 2525; x_wconf 91' lang='lat' dir='ltr'><strong>toto</strong></span> <span class='ocrx_word' id='word_1_426' title='bbox 3021 2474 3197 2539; x_wconf 78' lang='lat' dir='ltr'><strong>rapite</strong></span> <span class='ocrx_word' id='word_1_427' title='bbox 3226 2488 3315 2523; x_wconf 86' lang='lat' dir='ltr'><strong>ar-</strong></span> 
     </span>
    </p>
   </div>
   <div class='ocr_carea' id='block_1_64' title="bbox 1765 2552 3316 2643">
    <p class='ocr_par' dir='ltr' id='par_1_64' title="bbox 1765 2552 3316 2643">
     <span class='ocr_line' id='line_1_64' title="bbox 1765 2552 3316 2643; baseline -0.008 -16"><span class='ocrx_word' id='word_1_428' title='bbox 1765 2580 2078 2643; x_wconf 79' lang='lat' dir='ltr'><strong>gumentum</strong></span> <span class='ocrx_word' id='word_1_429' title='bbox 2109 2569 2401 2631; x_wconf 82' lang='lat' dir='ltr'><strong>Gemistus,</strong></span> <span class='ocrx_word' id='word_1_430' title='bbox 2430 2566 2570 2632; x_wconf 84' lang='lat' dir='ltr'><strong>quod</strong></span> <span class='ocrx_word' id='word_1_431' title='bbox 2602 2566 2647 2619; x_wconf 83' lang='lat' dir='ltr'><strong>si</strong></span> <span class='ocrx_word' id='word_1_432' title='bbox 2680 2566 2797 2632; x_wconf 89' lang='lat' dir='ltr'><strong>quis</strong></span> <span class='ocrx_word' id='word_1_433' title='bbox 2824 2563 2876 2615; x_wconf 92' lang='lat' dir='ltr'><strong>in</strong></span> <span class='ocrx_word' id='word_1_434' title='bbox 2906 2552 3193 2629; x_wconf 57' lang='lat' dir='ltr'><strong>conspei&#39;tu</strong></span> <span class='ocrx_word' id='word_1_435' title='bbox 3226 2564 3316 2615; x_wconf 78' lang='lat' dir='ltr'><strong>lia-</strong></span> 
     </span>
    </p>
   </div>
   <div class='ocr_carea' id='block_1_65' title="bbox 1766 2656 2701 2730">
    <p class='ocr_par' dir='ltr' id='par_1_65' title="bbox 1766 2656 2701 2730">
     <span class='ocr_line' id='line_1_65' title="bbox 1766 2656 2701 2730; baseline -0.012 -13"><span class='ocrx_word' id='word_1_436' title='bbox 1766 2663 1905 2725; x_wconf 83' lang='lat' dir='ltr'><strong>beat,</strong></span> <span class='ocrx_word' id='word_1_437' title='bbox 1946 2676 2059 2716; x_wconf 88' lang='lat' dir='ltr'><strong>rem</strong></span> <span class='ocrx_word' id='word_1_438' title='bbox 2097 2661 2378 2730; x_wconf 86' lang='lat' dir='ltr'><strong>perspicue</strong></span> <span class='ocrx_word' id='word_1_439' title='bbox 2421 2656 2701 2725; x_wconf 71' lang='lat' dir='ltr'><strong>intelliget.</strong></span> 
     </span>
    </p>
   </div>
   <div class='ocr_carea' id='block_1_66' title="bbox 1836 2768 3313 2843">
    <p class='ocr_par' dir='ltr' id='par_1_66' title="bbox 1836 2768 3313 2843">
     <span class='ocr_line' id='line_1_66' title="bbox 1836 2768 3313 2843; baseline -0.007 -14"><span class='ocrx_word' id='word_1_440' title='bbox 1836 2775 2003 2829; x_wconf 88' lang='lat' dir='ltr'><strong>Omne</strong></span> <span class='ocrx_word' id='word_1_441' title='bbox 2029 2774 2166 2843; x_wconf 90' lang='lat' dir='ltr'><strong>quod</strong></span> <span class='ocrx_word' id='word_1_442' title='bbox 2199 2772 2253 2826; x_wconf 77' lang='lat' dir='ltr'><strong>fit</strong></span> <span class='ocrx_word' id='word_1_443' title='bbox 2284 2772 2358 2838; x_wconf 43' lang='lat' dir='ltr'><strong>ab.</strong></span> <span class='ocrx_word' id='word_1_444' title='bbox 2379 2771 2549 2839; x_wconf 86' lang='lat' dir='ltr'><strong>aliqua</strong></span> <span class='ocrx_word' id='word_1_445' title='bbox 2581 2783 2743 2823; x_wconf 89' lang='lat' dir='ltr'><strong>causa</strong></span> <span class='ocrx_word' id='word_1_446' title='bbox 2771 2805 2786 2829; x_wconf 85' lang='lat'><strong>,</strong></span> <span class='ocrx_word' id='word_1_447' title='bbox 2821 2783 3042 2822; x_wconf 87' lang='lat' dir='ltr'><strong>necesse</strong></span> <span class='ocrx_word' id='word_1_448' title='bbox 3069 2775 3149 2820; x_wconf 90' lang='lat' dir='ltr'><strong>est</strong></span> <span class='ocrx_word' id='word_1_449' title='bbox 3178 2768 3313 2821; x_wconf 84' lang='lat' dir='ltr'><strong>ﬁeri.</strong></span> 
     </span>
    </p>
   </div>
   <div class='ocr_carea' id='block_1_67' title="bbox 1770 2855 3318 2928">
    <p class='ocr_par' dir='ltr' id='par_1_67' title="bbox 1770 2855 3318 2928">
     <span class='ocr_line' id='line_1_67' title="bbox 1770 2855 3318 2928; baseline -0.006 -12"><span class='ocrx_word' id='word_1_450' title='bbox 1770 2864 1872 2916; x_wconf 81' lang='lat' dir='ltr'><strong>Sed</strong></span> <span class='ocrx_word' id='word_1_451' title='bbox 1899 2864 2076 2914; x_wconf 86' lang='lat' dir='ltr'><strong>omnis</strong></span> <span class='ocrx_word' id='word_1_452' title='bbox 2102 2874 2263 2913; x_wconf 88' lang='lat' dir='ltr'><strong>causa</strong></span> <span class='ocrx_word' id='word_1_453' title='bbox 2298 2872 2417 2928; x_wconf 65' lang='lat' dir='ltr'><strong>quae</strong></span> <span class='ocrx_word' id='word_1_454' title='bbox 2453 2858 2654 2925; x_wconf 82' lang='lat' dir='ltr'><strong>aliquid</strong></span> <span class='ocrx_word' id='word_1_455' title='bbox 2698 2855 2847 2919; x_wconf 87' lang='lat' dir='ltr'><strong>facit,</strong></span> <span class='ocrx_word' id='word_1_456' title='bbox 2883 2856 3113 2925; x_wconf 88' lang='lat' dir='ltr'><strong>idipsum</strong></span> <span class='ocrx_word' id='word_1_457' title='bbox 3140 2864 3193 2907; x_wconf 93' lang='lat' dir='ltr'><strong>et</strong></span> <span class='ocrx_word' id='word_1_458' title='bbox 3224 2871 3318 2907; x_wconf 88' lang='lat' dir='ltr'><strong>nc-</strong></span> 
     </span>
    </p>
   </div>
   <div class='ocr_carea' id='block_1_68' title="bbox 1771 2946 3314 3018">
    <p class='ocr_par' dir='ltr' id='par_1_68' title="bbox 1771 2946 3314 3018">
     <span class='ocr_line' id='line_1_68' title="bbox 1771 2946 3314 3018; baseline -0.006 -11"><span class='ocrx_word' id='word_1_459' title='bbox 1771 2955 2006 3007; x_wconf 84' lang='lat' dir='ltr'><strong>cessario</strong></span> <span class='ocrx_word' id='word_1_460' title='bbox 2024 2961 2075 3006; x_wconf 89' lang='lat' dir='ltr'><strong>ct</strong></span> <span class='ocrx_word' id='word_1_461' title='bbox 2094 2960 2240 3005; x_wconf 86' lang='lat' dir='ltr'><strong>certo</strong></span> <span class='ocrx_word' id='word_1_462' title='bbox 2264 2950 2412 3002; x_wconf 80' lang='lat' dir='ltr'><strong>facit.</strong></span> <span class='ocrx_word' id='word_1_463' title='bbox 2441 2948 2577 3018; x_wconf 84' lang='lat' dir='ltr'><strong>Ergo</strong></span> <span class='ocrx_word' id='word_1_464' title='bbox 2608 2947 2788 2999; x_wconf 86' lang='lat' dir='ltr'><strong>omnia</strong></span> <span class='ocrx_word' id='word_1_465' title='bbox 2826 2946 2961 2999; x_wconf 82' lang='lat' dir='ltr'><strong>ﬁunt</strong></span> <span class='ocrx_word' id='word_1_466' title='bbox 2984 2947 3314 3017; x_wconf 80' lang='lat' dir='ltr'><strong>necessario.</strong></span> 
     </span>
    </p>
   </div>
   <div class='ocr_carea' id='block_1_69' title="bbox 1771 3033 3318 3104">
    <p class='ocr_par' dir='ltr' id='par_1_69' title="bbox 1771 3033 3318 3104">
     <span class='ocr_line' id='line_1_69' title="bbox 1771 3033 3318 3104; baseline -0.006 -10"><span class='ocrx_word' id='word_1_467' title='bbox 1771 3035 2302 3095; x_wconf 66' lang='lat' dir='ltr'><strong>Minurenfconcedit</strong></span> <span class='ocrx_word' id='word_1_468' title='bbox 2322 3037 2535 3104; x_wconf 85' lang='lat' dir='ltr'><strong>quidem</strong></span> <span class='ocrx_word' id='word_1_469' title='bbox 2572 3033 2912 3095; x_wconf 81' lang='lat' dir='ltr'><strong>Aristoteles,</strong></span> <span class='ocrx_word' id='word_1_470' title='bbox 2939 3033 3031 3086; x_wconf 78' lang='lat' dir='ltr'><strong>sed</strong></span> <span class='ocrx_word' id='word_1_471' title='bbox 3060 3034 3318 3100; x_wconf 87' lang='lat' dir='ltr'><strong>maj0tem</strong></span> 
     </span>
    </p>
   </div>
   <div class='ocr_carea' id='block_1_70' title="bbox 1776 3124 2978 3195">
    <p class='ocr_par' dir='ltr' id='par_1_70' title="bbox 1776 3124 2978 3195">
     <span class='ocr_line' id='line_1_70' title="bbox 1776 3124 2978 3195; baseline -0.008 -10"><span class='ocrx_word' id='word_1_472' title='bbox 1776 3132 1989 3195; x_wconf 86' lang='lat' dir='ltr'><strong>Innitat,</strong></span> <span class='ocrx_word' id='word_1_473' title='bbox 2022 3130 2165 3183; x_wconf 90' lang='lat' dir='ltr'><strong>unde</strong></span> <span class='ocrx_word' id='word_1_474' title='bbox 2201 3142 2228 3180; x_wconf 88' lang='lat' dir='ltr'><strong>a</strong></span> <span class='ocrx_word' id='word_1_475' title='bbox 2272 3127 2514 3181; x_wconf 83' lang='lat' dir='ltr'><strong>Getuisto</strong></span> <span class='ocrx_word' id='word_1_476' title='bbox 2549 3124 2978 3193; x_wconf 81' lang='lat' dir='ltr'><strong>reprelienditur.</strong></span> 
     </span>
    </p>
   </div>
   <div class='ocr_carea' id='block_1_71' title="bbox 1842 3236 3317 3303">
    <p class='ocr_par' dir='ltr' id='par_1_71' title="bbox 1842 3236 3317 3303">
     <span class='ocr_line' id='line_1_71' title="bbox 1842 3236 3317 3303; baseline -0.004 -7"><span class='ocrx_word' id='word_1_477' title='bbox 1842 3242 2022 3296; x_wconf 78' lang='lat' dir='ltr'><strong>CAPUT</strong></span> <span class='ocrx_word' id='word_1_478' title='bbox 2062 3239 2199 3303; x_wconf 80' lang='lat' dir='ltr'><strong>XIX.</strong></span> <span class='ocrx_word' id='word_1_479' title='bbox 2251 3238 2451 3291; x_wconf 82' lang='lat' dir='ltr'><strong>Motum</strong></span> <span class='ocrx_word' id='word_1_480' title='bbox 2509 3238 2561 3290; x_wconf 91' lang='lat' dir='ltr'><strong>in</strong></span> <span class='ocrx_word' id='word_1_481' title='bbox 2611 3237 2769 3289; x_wconf 83' lang='lat' dir='ltr'><strong>rebus</strong></span> <span class='ocrx_word' id='word_1_482' title='bbox 2821 3236 3152 3289; x_wconf 84' lang='lat' dir='ltr'><strong>naturalibus</strong></span> <span class='ocrx_word' id='word_1_483' title='bbox 3199 3250 3317 3291; x_wconf 88' lang='lat' dir='ltr'><strong>esse</strong></span> 
     </span>
    </p>
   </div>
   <div class='ocr_carea' id='block_1_72' title="bbox 1774 3327 3322 3400">
    <p class='ocr_par' dir='ltr' id='par_1_72' title="bbox 1774 3327 3322 3400">
     <span class='ocr_line' id='line_1_72' title="bbox 1774 3327 3322 3400; baseline -0.004 -12"><span class='ocrx_word' id='word_1_484' title='bbox 1774 3336 2106 3400; x_wconf 69' lang='lat' dir='ltr'><strong>azqnivocum</strong></span> <span class='ocrx_word' id='word_1_485' title='bbox 2164 3340 2218 3386; x_wconf 86' lang='lat' dir='ltr'><strong>et</strong></span> <span class='ocrx_word' id='word_1_486' title='bbox 2267 3345 2431 3384; x_wconf 86' lang='lat' dir='ltr'><strong>unum</strong></span> <span class='ocrx_word' id='word_1_487' title='bbox 2492 3330 2720 3399; x_wconf 79' lang='lat' dir='ltr'><strong>agettdo,</strong></span> <span class='ocrx_word' id='word_1_488' title='bbox 2779 3327 3004 3381; x_wconf 86' lang='lat' dir='ltr'><strong>alterum</strong></span> <span class='ocrx_word' id='word_1_489' title='bbox 3071 3329 3322 3395; x_wconf 78' lang='lat' dir='ltr'><strong>patiendo</strong></span> 
     </span>
    </p>
   </div>
   <div class='ocr_carea' id='block_1_73' title="bbox 1774 3416 1935 3479">
    <p class='ocr_par' dir='ltr' id='par_1_73' title="bbox 1774 3416 1935 3479">
     <span class='ocr_line' id='line_1_73' title="bbox 1774 3416 1935 3479; baseline -0.006 0"><span class='ocrx_word' id='word_1_490' title='bbox 1774 3416 1935 3479; x_wconf 34' lang='lat' dir='ltr'><strong>ﬁeri:</strong></span> 
     </span>
    </p>
   </div>
   <div class='ocr_carea' id='block_1_74' title="bbox 1819 3530 3323 3605">
    <p class='ocr_par' dir='ltr' id='par_1_74' title="bbox 1819 3530 3323 3605">
     <span class='ocr_line' id='line_1_74' title="bbox 1819 3530 3323 3605; baseline -0.005 -15"><span class='ocrx_word' id='word_1_491' title='bbox 1819 3537 2029 3605; x_wconf 79' lang='lat' dir='ltr'><strong>_CAI‘UT</strong></span> <span class='ocrx_word' id='word_1_492' title='bbox 2060 3536 2177 3590; x_wconf 85' lang='lat' dir='ltr'><strong>XX.</strong></span> <span class='ocrx_word' id='word_1_493' title='bbox 2226 3536 2299 3590; x_wconf 89' lang='lat' dir='ltr'><strong>De</strong></span> <span class='ocrx_word' id='word_1_494' title='bbox 2343 3534 2476 3590; x_wconf 89' lang='lat' dir='ltr'><strong>ideis</strong></span> <span class='ocrx_word' id='word_1_495' title='bbox 2510 3548 2528 3588; x_wconf 89' lang='lat'><strong>:</strong></span> <span class='ocrx_word' id='word_1_496' title='bbox 2566 3533 2742 3588; x_wconf 78' lang='lat' dir='ltr'><strong>sintne</strong></span> <span class='ocrx_word' id='word_1_497' title='bbox 2808 3532 2977 3599; x_wconf 69' lang='lat' dir='ltr'><strong>idem;</strong></span> <span class='ocrx_word' id='word_1_498' title='bbox 3028 3541 3137 3584; x_wconf 89' lang='lat' dir='ltr'><strong>tum</strong></span> <span class='ocrx_word' id='word_1_499' title='bbox 3197 3530 3323 3599; x_wconf 86' lang='lat' dir='ltr'><strong>quid</strong></span> 
     </span>
    </p>
   </div>
   <div class='ocr_carea' id='block_1_75' title="bbox 1778 3624 3327 3698">
    <p class='ocr_par' dir='ltr' id='par_1_75' title="bbox 1778 3624 3327 3698">
     <span class='ocr_line' id='line_1_75' title="bbox 1778 3624 3327 3698; baseline -0.006 -15"><span class='ocrx_word' id='word_1_500' title='bbox 1778 3631 1907 3691; x_wconf 87' lang='lat' dir='ltr'><strong>sint,</strong></span> <span class='ocrx_word' id='word_1_501' title='bbox 1945 3642 1996 3682; x_wconf 89' lang='lat' dir='ltr'><strong>et</strong></span> <span class='ocrx_word' id='word_1_502' title='bbox 2030 3629 2354 3698; x_wconf 88' lang='lat' dir='ltr'><strong>cujusmodi,</strong></span> <span class='ocrx_word' id='word_1_503' title='bbox 2388 3637 2439 3680; x_wconf 88' lang='lat' dir='ltr'><strong>et</strong></span> <span class='ocrx_word' id='word_1_504' title='bbox 2482 3629 2678 3697; x_wconf 85' lang='lat' dir='ltr'><strong>quibus</strong></span> <span class='ocrx_word' id='word_1_505' title='bbox 2720 3626 3019 3680; x_wconf 86' lang='lat' dir='ltr'><strong>rationibus</strong></span> <span class='ocrx_word' id='word_1_506' title='bbox 3065 3624 3180 3677; x_wconf 86' lang='lat' dir='ltr'><strong>illas</strong></span> <span class='ocrx_word' id='word_1_507' title='bbox 3211 3624 3327 3674; x_wconf 83' lang='lat' dir='ltr'><strong>Pla-</strong></span> 
     </span>
    </p>
   </div>
   <div class='ocr_carea' id='block_1_76' title="bbox 1781 3714 3329 3776">
    <p class='ocr_par' dir='ltr' id='par_1_76' title="bbox 1781 3714 3329 3776">
     <span class='ocr_line' id='line_1_76' title="bbox 1781 3714 3329 3776; baseline -0.007 -1"><span class='ocrx_word' id='word_1_508' title='bbox 1781 3724 1946 3775; x_wconf 90' lang='lat' dir='ltr'><strong>tonici</strong></span> <span class='ocrx_word' id='word_1_509' title='bbox 1978 3723 2233 3776; x_wconf 85' lang='lat' dir='ltr'><strong>adversus</strong></span> <span class='ocrx_word' id='word_1_510' title='bbox 2263 3719 2599 3775; x_wconf 82' lang='lat' dir='ltr'><strong>Aristotelem</strong></span> <span class='ocrx_word' id='word_1_511' title='bbox 2633 3717 2999 3772; x_wconf 81' lang='lat' dir='ltr'><strong>adversarium</strong></span> <span class='ocrx_word' id='word_1_512' title='bbox 3036 3730 3195 3769; x_wconf 88' lang='lat' dir='ltr'><strong>suum</strong></span> <span class='ocrx_word' id='word_1_513' title='bbox 3232 3714 3329 3766; x_wconf 77' lang='lat' dir='ltr'><strong>de-</strong></span> 
     </span>
    </p>
   </div>
   <div class='ocr_carea' id='block_1_77' title="bbox 1688 3814 2019 3867">
    <p class='ocr_par' dir='ltr' id='par_1_77' title="bbox 1688 3814 2019 3867">
     <span class='ocr_line' id='line_1_77' title="bbox 1688 3814 2019 3867; baseline 0 -2"><span class='ocrx_word' id='word_1_514' title='bbox 1688 3842 1689 3845; x_wconf 58' lang='grc' dir='ltr'><strong>η</strong></span> <span class='ocrx_word' id='word_1_515' title='bbox 1782 3814 2019 3867; x_wconf 70' lang='lat' dir='ltr'><strong>tendant.</strong></span> 
     </span>
    </p>
   </div>
  </div>
