3982 6332
165 404 264 467 941

251 520 412 574 Ἀλλὰ
452 521 620 574 ταῦτα
656 520 754 593 μὲν
784 524 913 592 περὶ
962 523 1056 593 τῆς
1114 523 1326 587 τελείας
1382 541 1440 576 τε
1494 526 1585 576 καὶ
1633 519 1747 590 μετ’
1778 526 1825 585 Α

163 616 479 684 ἐπιστήμης
523 614 724 683 ἀρετῆς
753 617 838 687 εἴη
878 617 944 669 ἂν
970 616 1230 688 είρηκὼς,
1260 613 1329 689 ἧς
1360 617 1454 671 καὶ
1482 617 1632 680 αὐτῷ
1656 632 1743 667 σο-

165 708 253 777 φῷ
278 706 393 760 ὅντε
432 705 624 776 μετῆν.
676 707 1010 780 Ἐπιστήμην
1041 709 1149 780 γὰρ
1188 708 1461 779 ἀνθρώπῳ
1503 723 1750 775 παραγε-

164 801 406 869 νομένην
457 799 673 869 ἀνάγκη
732 802 993 856 ἁπάντων
1045 804 1268 871 κρατεῖν
1320 818 1380 856 τε
1444 804 1538 858 καὶ
1595 801 1749 869 ἄγειν

166 887 455 957 ἀσφαλῶς,
583 892 649 945 ἂν
677 893 814 964 αὐτὴ
840 892 915 965 (6)
944 893 1217 965 ὑφηγῆται
1254 896 1385 965 πρὸς
1425 894 1486 947 τὸ
1511 896 1595 947 ἀεὶ
1632 894 1749 963 βέλ-

164 999 376 1035 τιστον.

246 1073 391 1143 Πρλς
432 1073 487 1127 δὲ
532 1074 761 1140 πολλοὺς
806 1075 915 1129 τῶν
938 1074 1138 1145 ἀρετὴν
1168 1076 1615 1146 ἐπιτηδευόντων,
1654 1078 1750 1131 ἅτε

168 1164 438 1235 λογισμοῦ
486 1166 613 1220 ἄνευ
646 1166 853 1234 ταύτην
884 1166 1329 1236 ἐπιτηδεύοντας,
1356 1167 1481 1243 δόξῃ
1522 1169 1575 1221 δὲ
1615 1168 1750 1239 ὀρθῇ

168 1258 499 1326 ἀγομένους,
526 1259 663 1320 τέως
696 1258 797 1327 μὲν
841 1257 1012 1312 πολλὰ
1042 1260 1143 1313 καὶ
1186 1260 1398 1329 μεγάλα
1430 1260 1749 1329 κατορθοῦν,

167 1349 268 1401 καὶ
316 1350 522 1419 σφόδρα
567 1350 718 1403 ἔστιν
766 1352 855 1403 ὅτε
888 1352 1213 1421 εὐδοκιμεῖν.
1242 1354 1315 1405 Οὐ
1350 1342 1456 1424 μὴν
1488 1354 1623 1406 ἀλλὰ
1659 1355 1752 1405 καὶ

116 1444 117 1449 “
169 1442 389 1510 μεγάλα
428 1443 826 1513 ἐξαμαρτάνειν
870 1446 1016 1499 ἔστιν
1050 1447 1161 1511 ὅτε,
1194 1446 1290 1500 ἅτε
1336 1427 1570 1535 φαύλους
1601 1447 1754 1510 τινὰς

164 1522 379 1604 ἆρετῆς
435 1535 683 1604 φύλακας
731 1538 827 1591 ὑπ’
858 1539 1081 1608 ἀγνοίας
1135 1557 1239 1594 που
1284 1522 1529 1611 ὁπήποτε
1580 1540 1753 1608 ἀρετὴ

167 1628 381 1695 ἀγαθόν
435 1633 573 1695 ἐστι,
627 1632 728 1704 τὴν
760 1632 817 1685 δὲ
865 1634 960 1688 τοῦ
1013 1634 1132 1705 βίου
1180 1635 1438 1706 τελευτὴν
1483 1636 1595 1696 τοῖς
1625 1634 1756 1695 τέως

169 1722 587 1795 ἀναμαρτήτοις
637 1724 1003 1794 διαγεγονόσι,
1061 1728 1261 1799 πολλὴν
1308 1728 1407 1798 τὴν
1455 1728 1757 1796 ἀσφάλειαν

168 1815 286 1870 τῶν
336 1816 437 1888 ήδη
494 1817 673 1881 καλῶς
733 1821 789 1871 ἐν
858 1820 936 1889 τῷ
990 1820 1089 1891 βίῳ
1148 1820 1559 1889 πεπραγμένων
1616 1834 1757 1886 παρ-

171 1907 344 1977 έχειν,
378 1909 454 1972 ὼς
480 1910 662 1963 οὐκέτ’
693 1910 763 1964 ἂν
803 1909 908 1964 ὑπὸ
937 1912 1353 1983 ἁμαρτημάτων
1381 1911 1759 1983 ἀνα-τραπησο⁸

177 2002 384 2070 μένων.
1112 2055 1117 2060 .

252 2091 439 2163 Ταύτη
492 2110 571 2147 τοι
617 2094 715 2146 καὶ
751 2094 859 2147 τῶν
892 2094 1066 2164 λόγων
1098 2098 1175 2167 (7)
1207 2096 1333 2160 τοὺς
1356 2098 1678 2169 ἐπιταφίους
1705 2114 1761 2151 τε

174 2183 275 2235 καὶ
324 2181 669 2252 ἐπικηδεὶους
714 2184 845 2240 πολὺ
880 2186 945 2241 ἄν
979 2204 1063 2251 τις
1106 2187 1215 2240 τῶν
1257 2187 1436 2243 ἄλλων
1471 2190 1764 2259 ἐγκωμίων

176 2274 292 2329 τῶν
353 2276 494 2329 κατὰ
540 2272 846 2346 ἀνθρώπων
900 2279 1201 2345 γινομένων
1246 2278 1528 2351 ’ἡγήσαιτο
1586 2282 1764 2350 ἀσφαυ

173 2368 492 2439 λεστὲρους,
531 2367 607 2433 ὡς
646 2368 712 2423 ἂν
752 2370 844 2423 ἐπὶ
878 2369 1123 2442 βεδαίαις
1156 2389 1217 2426 τε
1251 2372 1352 2445 ἤδη
1400 2372 1633 2443 πράξεσι
1669 2375 1763 2427 καὶ

178 2460 390 2531 πολλήν
449 2476 569 2515 τινα
620 2461 720 2532 τὴν
776 2462 1077 2531 ἀσφάλειαν
1143 2463 1453 2535 είληφυίαις
1503 2466 1763 2535 γιγνομέ-

180 2570 310 2618 νους
474 2555 582 2609 Καὶ
631 2552 905 2623 Ἀθηναῖοι
948 2558 1086 2608 κατᾶ
1123 2556 1249 2620 τοὺς
1280 2554 1374 2610 τοῦ
1396 2555 1649 2619 ’Σόλωνος
1679 2556 1767 2608 νόο

187 2662 328 2717 μους
378 2646 805 2717 πολιτευόμενοι,
858 2646 927 2701 τὰ
959 2647 1129 2702 πολλὰ
1161 2648 1371 2713 τούτοις
1404 2650 1641 2720 μάλιστα
1673 2650 1768 2702 ἐπὶ

187 2742 304 2804 τοῖς
329 2738 507 2805 καλῶς
539 2740 949 2812 τετελευτηκόσι
971 2740 1207 2815 χρῆσθαι
1223 2742 1521 2813 -ἐνόμισανι

265 2915 375 2969 Καὶ
402 2914 464 2984 δὴ
494 2914 587 2968 καὶ
612 2916 773 2986 ἡμεῖς
798 2916 855 2980 ἐς
881 2916 1029 2971 τόνδε
1061 2917 1151 2971 τὸν
1179 2917 1334 2988 λόγον
1368 2919 1460 2973 ἐπὶ
1496 2919 1591 2974 τοῦ
1627 2921 1767 2975 Osto-

186 3011 356 3064 τάτου
389 3010 545 3081 ἡμῶν
569 3013 836 3082 ἡγεμόνος
867 3013 1088 3083 γυναικὶ
1111 3015 1391 3086 οίχομένῃ,
1424 3016 1598 3069 εἰπεῖν
1629 3031 1765 3085 προ-

186 3105 463 3175 ήχθημεν,
499 3105 617 3174 ἅμα
657 3105 756 3176 μέν
794 3106 961 3162 καλὸν
1011 3106 1346 3179 ἁπειληφυίᾳ
1403 3108 1538 3177 αὐτῇ
1591 3108 1765 3177 πέρας

184 3197 289 3251 ’τοῦ¹
323 3198 466 3268 βίου,
498 3199 595 3269 τὴν
626 3199 725 3271 τῆς
756 3202 954 3271 ἀρετῆς
1005 3202 1133 3271 ἄχρι
1178 3201 1437 3273 τελευτῆς
1469 3200 1764 3272 σωτηρίαν,

1094 406 1490 467 LAUDATiO
1523 378 1668 466 FUN
1689 400 1907 462 EBRIS
1952 395 2257 459 CLEOPtE
2294 392 2475 453 aue.

3327 382 3430 445 942

1936 514 2040 571 Sed
2104 514 2219 568 haec
2276 510 2497 581 quidem
2549 478 2909 655 driperlecta
2953 508 3007 556 et
3037 514 3102 555 ea
3147 515 3267 569 que
3302 513 3428 552 cum

1942 608 2085 655 entia
2118 617 2200 655 est
2237 606 2433 655 virtute
2496 601 2589 655 dix
2659 600 2721 655 it.
2779 612 2901 655 (tua:
2953 604 3006 651 et
3062 593 3187 655 ipsi,
3248 603 3428 655 utpote

1859 608 2086 665 scientia
2118 617 2200 689 est
2237 606 2433 659 virtute
2496 593 2721 665 dixdrit,
2779 612 2901 667 qua:
2953 604 3006 651 et
3062 593 3187 665 ipsi,
3248 603 3433 663 utpote

1859 700 2115 770 sapienti,
2145 687 2342 752 inerat.
2385 694 2519 752 Nam
2570 694 2656 750 ubi
2687 691 2916 747 scientia
2948 687 3157 744 homini
3187 701 3435 741 accesse-

1861 794 1950 859 rit,
1983 806 2207 848 necesse
2245 798 2329 846 est
2364 804 2488 843 eam
2536 786 2781 841 omnium
2807 782 2968 855 potiri
3015 790 3071 837 et
3123 790 3435 845 constanter

1859 901 2040 957 agere,
2082 899 2191 955 qua
2224 883 2337 954 ipsa
2365 882 2646 949 direxerit,
2671 881 2739 935 ad
2773 864 2823 934 id
2858 877 3003 949 quod
3039 889 3257 945 semper
3288 871 3433 943 opti-

1861 995 2009 1035 mum
2046 978 2137 1035 sit.
3202 965 3213 975 ⁸

1929 1070 2008 1124 Ad
2052 1070 2187 1134 haec,
2226 1067 2428 1122 multos
2458 1079 2644 1119 eorum
2703 1065 2795 1134 qui
2829 1065 3084 1119 virtutem
3127 1070 3434 1125 sectantur,

1860 1166 1962 1221 etsi
2021 1164 2233 1232 absque
2297 1170 2446 1216 certa
2488 1160 2703 1214 ratione
2756 1174 2875 1215 eam
2918 1167 3218 1223 sectentur,
3280 1166 3430 1210 recta

1862 1270 1992 1309 vero
2034 1253 2292 1322 Opinio-ne
2324 1251 2540 1315 ductos,
2586 1250 2928 1321 aliquatenus
2976 1249 3197 1317 quidem
3267 1245 3439 1302 multa

1862 1361 1916 1402 et
1945 1362 2139 1418 magna
2191 1360 2403 1415 gerere,
2439 1344 2624 1398 videas
2665 1341 2932 1421 interdum
2978 1351 3031 1399 et
3061 1342 3214 1396 valde
3271 1341 3439 1395 incla-

1867 1455 2101 1496 rescere.
2131 1438 2475 1515 Quandoque
2507 1445 2688 1492 tamen
2734 1447 2789 1492 et
2848 1450 3038 1505 magna
3079 1441 3336 1505 peccant,
3381 1442 3439 1488 ut

1865 1533 1958 1604 qui
2015 1533 2123 1589 sint
2190 1531 2429 1601 imperiti
2490 1530 2713 1600 quidam
2753 1529 3009 1602 custodes
3041 1529 3280 1591 virtutis,
3315 1525 3440 1582 ideo

1866 1630 2007 1695 quod
2069 1627 2320 1682 nesciunt
2368 1624 2557 1695 utique
2588 1639 2697 1695 qua
2758 1624 2974 1679 ratione
3026 1625 3201 1678 virtus
3231 1622 3441 1678 bonum

1868 1722 1959 1786 sit,
2010 1720 2136 1775 vitte
2192 1734 2323 1774 vero
2353 1720 2515 1773 linem
2552 1719 2618 1773 iis
2668 1718 2760 1788 qui
2816 1728 3043 1772 eatenus
3072 1718 3188 1772 sine
3216 1727 3442 1784 peccato

1871 1824 2357 1887 perseveraveruut
2404 1813 2630 1868 multam
2655 1827 2844 1867 eorum
2885 1826 3005 1881 qua:
3037 1823 3129 1880 per
3158 1808 3443 1873 vitamho-

1860 1916 2013 1962 neste
2040 1906 2183 1963 facta
2212 1916 2335 1981 sunt
2363 1908 2711 1962 securitatem
2746 1904 2961 1971 afferre,
2998 1918 3061 1959 ea
3100 1904 3305 1974 quippe
3338 1918 3436 1975 per

1866 2008 2085 2070 peccata
2110 2001 2223 2071 jam
2253 1999 2486 2071 perverti
2524 2015 2627 2054 non
2663 2008 2937 2069 poterunt.

1864 2091 2277 2163 ﬁQuapropter
2356 2091 2612 2147 funebres
2685 2093 3091 2163 mortualesque
3140 2091 3443 2157 orationes,

1867 2202 1978 2258 pne
1999 2185 2211 2243 caeteris
2245 2183 2646 2241 laudationibus
2697 2184 2835 2256 quge’
2872 2186 2939 2241 de
2976 2185 3290 2240 hominibus
3346 2185 3446 2239 ha-

1869 2281 2088 2345 bentur,
2139 2277 2311 2335 multo
2360 2259 2627 2334 certiores
2676 2280 2911 2349 quisque
2965 2279 3238 2334 aestimare
3285 2277 3446 2342 solet,

1868 2371 2073 2440 quippe
2099 2384 2219 2439 quae
2276 2371 2423 2425 circa
2471 2369 2584 2441 jam
2636 2368 2824 2425 ﬁrmas
2851 2370 3095 2426 actiones
3129 2380 3183 2427 et
3216 2371 3445 2426 multam

1871 2462 2160 2522 quamdam
2229 2460 2608 2517 certitudinem
2677 2460 2901 2531 adeptas
2986 2472 3295 2519 versentur.
3384 2461 3447 2518 Et

1869 2552 2250 2619 Athenienses,
2301 2552 2455 2622 juxta
2509 2550 2729 2607 Solonis
2786 2553 2933 2623 leges
2992 2568 3107 2609 rem
3173 2553 3447 2623 publicam

1850 2644 2343 2710 'administrantes,
2379 2654 2439 2697 ut
2480 2644 2774 2714 plurimum
2810 2645 2865 2698 in
2912 2660 3009 2700 eos
3054 2646 3323 2716 praecipue
3351 2646 3445 2715 qni

1871 2737 2071 2789 decora
2109 2744 2286 2789 morte
2318 2735 2667 2800 interierunt,
2705 2736 2809 2792 hoc
2841 2736 3217 2793 laudationum
3253 2753 3449 2806 genere

1871 2826 2136 2881 utendum
2195 2842 2317 2883 esse
2376 2836 2700 2891 sanxerunt.

1942 2920 2310 2990 Nosquoque
2346 2919 2398 2975 ln
2433 2920 2637 2977 hancce
2676 2921 2977 2977 orationem
3024 2923 3092 2979 de
3123 2922 3450 2979 divinissinti

1871 3013 2132 3085 principis
2167 3014 2339 3068 nostri
2383 3014 2637 3070 defuncta
2699 3031 2869 3070 uxore
2896 3015 3197 3073 habendam
3241 3018 3452 3085 prodii-

1872 3119 2015 3173 mus,
2043 3114 2155 3160 tum
2185 3104 2404 3170 quidem
2432 3120 2498 3160 ne
2522 3120 2637 3161 eam
2662 3122 2789 3176 quae
2820 3108 3112 3177 pulchrum
3139 3110 3259 3165 vita:
3291 3109 3450 3165 linem

1871 3207 1953 3253 cst
1977 3207 2249 3262 assecuta,
2296 3196 2513 3252 virtutis
2554 3214 2747 3268 nempe
2795 3201 2865 3256 ad
2918 3201 3128 3256 obitum
3197 3218 3449 3272 persevc-

188 3292 288 3344 καὶ
334 3292 489 3345 αὐτοὶ
531 3296 807 3365 κοσμῆσαι
859 3294 938 3364 τῷ
980 3295 1122 3366 λόγῳ
1181 3296 1280 3349 οὐκ
1334 3294 1766 3362 ἀπαξιώσαντες,

1879 3289 2127 3352 rantiam,
2164 3288 2410 3343 oratione
2450 3298 2636 3344 nostra
2668 3291 2934 3348 decorare
2964 3310 3300 3362 recusemus,
3333 3307 3444 3351 tum

189 3384 313 3453 ἅμα
342 3384 399 3436 δὲ
428 3385 523 3439 καὶ
556 3385 662 3455 ἰδία
693 3387 854 3457 χάριν
879 3387 1019 3458 αὐτῇ
1043 3386 1247 3458 ταύτην
1277 3388 1636 3455 ἐκτιννύντες,
1671 3390 1771 3457 τῆς

186 3492 254 3529 τε
294 3474 479 3561 αἰδοῦς
532 3477 627 3532 καὶ
675 3478 915 3545 εὐνοίας,
952 3479 1020 3550 ην
1050 3480 1168 3534 ἀίεὶ
1202 3480 1335 3555 ἡμῖν
1380 3480 1768 3551 ἐνδεικνυμένη

186 3569 436 3621 διετέλει.

280 3660 497 3731 Ἐκείνη
532 3663 639 3734 γὰρ
670 3663 736 3716 ἐκ
772 3662 873 3733 μὲν
916 3663 1099 3734 χώρας
1132 3663 1206 3736 (9)
1233 3662 1335 3733 τῆς
1382 3665 1612 3729 Ἰταλίας
1652 3666 1773 3733 ὲγε⁶

187 3755 362 3821 γλόνει,
401 3748 471 3825 ἧς
524 3753 652 3819 τοὺς
688 3756 983 3826 οἰκήτορας
1035 3756 1193 3824 ἴσμεν
1252 3756 1543 3827 Ῥωμαίοις
1606 3760 1771 3813 πάλαι

192 3846 502 3914 ἑπομένους
534 3846 737 3916 πολλῆς
783 3848 876 3900 καὶ
912 3846 1004 3916 τῆς
1034 3847 1269 3919 ἀρίστης
1310 3848 1494 3918 σχεδὸν
1538 3849 1637 3919 τῆς
1665 3852 1769 3905 πά-

194 3955 299 4007 σης
326 3938 654 4010 οἰκουμένης
684 3938 881 4010 μοίρας
907 3941 1341 4009 κεκρατηκότας.
1378 3942 1486 3995 Καὶ
1517 3944 1641 4006 τοὺς
1676 3945 1774 4014 τῆς

192 4031 511 4105 ἠμεμονίας
561 4030 733 4099 αὐτῆς
785 4033 947 4102 ὅρους
998 4032 1135 4102 πρὸς
1179 4031 1277 4101 μὲν
1323 4031 1525 4104 ἄρκτον
1550 4034 1799 4103 Ἴστρων

199 4125 341 4195 πρὸς
377 4125 432 4178 δὲ
461 4124 813 4195 μεσημϐρίαν
842 4124 1049 4195 Λιϐύης
1077 4127 1188 4187 τοῖς
1219 4126 1515 4196 ἀοικήτοις,
1558 4127 1688 4197 πρὸς
1719 4126 1775 4179 δὲ

192 4218 439 4288 ἑσπέραν
471 4216 733 4285 Ὠκεανῷ,
765 4216 857 4270 καὶ
891 4216 1026 4286 πρὸς
1053 4217 1128 4271 ’έω
1156 4218 1388 4290 Τίγρητι
1426 4219 1657 4289 ποταμῷ
1682 4236 1775 4270 πε-

194 4312 555 4378 ποιημένους.
592 4308 799 4361 Γονέων
829 4307 943 4378 (10)
978 4308 1023 4362 δ’
1048 4309 1230 4363 αὐτῶν
1256 4309 1357 4378 ἔφυ
1390 4310 1556 4382 ἀρετῇ
1586 4328 1642 4364 τε
1680 4312 1775 4364 καὶ

195 4402 467 4471 ἐμπειρίᾳ
503 4398 803 4470 πολεμικῇ,
842 4400 1000 4454 τοῦτο
1030 4401 1129 4468 μὲν
1149 4393 1225 4453 ὧν
1254 4397 1429 4471 ἦρξαν
1454 4402 1661 4455 πόλεων
1688 4418 1805 4464 κε-,

194 4492 577 4561 κρατηκότων,
614 4489 724 4543 αἰεὶ
753 4488 809 4544 δὲ
844 4489 983 4560 πρὸς
1014 4491 1258 4554 ἅπαντας
1294 4492 1422 4562 περὶ
1452 4493 1519 4545 τὰ
1551 4491 1775 4544 τοιαῦτα

194 4583 657 4655 εὐδοκιμούντων.

1875 3396 2004 3435 vero
2051 3390 2109 3435 ut
2166 3381 2418 3451 privatim
2458 3383 2598 3437 hanc
2645 3384 2692 3438 ei
2731 3395 2938 3453 partem
2987 3390 3334 3446 exSUlvamus
3365 3409 3449 3446 rc-

1874 3470 2138 3525 vcrentire
2202 3482 2256 3526 et
2303 3470 2698 3531 benevolentia:
2752 3492 2916 3545 quam
2972 3481 3127 3535 nobis
3189 3483 3449 3538 exhibere

1875 3579 2151 3633 nunquam
2175 3562 2403 3619 destitit.
2884 3572 2887 3575 ’

1946 3656 2038 3711 Illa
2066 3658 2212 3711 enim
2255 3674 2316 3713 ex
2354 3658 2537 3714 Italica
2584 3662 2801 3729 regione
2826 3671 2943 3718 orta
2976 3674 3115 3729 erat,
3167 3668 3323 3737 cujus
3370 3672 3447 3724 in-

1874 3746 2022 3800 colas
2048 3746 2298 3802 novimus
2325 3746 2605 3804 Romanos
2636 3751 2763 3804 olim
2819 3754 3119 3809 COtIlillcllii
3154 3773 3443 3827 progressu

1877 3837 2138 3907 majorem
2178 3837 2567 3909 melioremque
2625 3840 2740 3895 lere
2806 3844 2956 3898 orbis
3008 3846 3247 3903 universi
3283 3852 3452 3920 impc-

1878 3930 1958 3983 rio
1988 3929 2309 4000 subjugasse
2358 3931 2645 4000 etimperii
2677 3936 2939 3991 terminos
2982 3937 3146 4007 hujus
3200 3943 3266 3995 ad
3326 3960 3449 4013 sep.

1883 4022 2210 4077 tentrioninn
2265 4021 2424 4086 Istro,
2500 4023 2565 4077 ad
2622 4024 2915 4081 meridiem
2996 4030 3445 4092 inhabitabilibus

1878 4113 2059 4186 Libya:
2085 4114 2349 4185 partibus,
2385 4114 2449 4167 od
2509 4116 2844 4171 occidentem
2881 4134 3085 4175 oceano
3114 4131 3167 4176 et
3193 4127 3259 4177 ad
3292 4141 3452 4179 auro—

1880 4200 1991 4261 ram
2023 4206 2168 4277 Tigri
2202 4206 2426 4262 ﬂumine
2462 4207 2723 4264 delinitos
2796 4212 2899 4265 sibi
2936 4216 3309 4273 constituisse.
3352 4219 3451 4273 Pu-

1878 4308 2057 4353 rentes
2088 4309 2267 4354 autem
2306 4314 2371 4353 ex
2406 4300 2604 4369 quibus
2629 4310 2713 4356 est
2750 4313 2889 4367 orta,
2920 4308 3118 4363 virtute
3146 4320 3197 4363 et
3228 4312 3451 4367 militari

1878 4392 2072 4463 peritia
2106 4408 2199 4463 per
2229 4408 2391 4462 quam
2442 4394 2777 4459 civitatibus,
2814 4398 3012 4466 quibus
3040 4402 3451 4471 imperitabant,

1880 4489 2036 4558 potiti
2099 4499 2247 4555 sunt,
2299 4504 2512 4557 semper
2568 4491 2709 4558 apud
2740 4506 2931 4547 omnes
2992 4494 3044 4549 in
3086 4497 3248 4554 rebus
3288 4500 3450 4571 hujus

1879 4581 2094 4651 generis
2140 4580 2461 4636 inclaruere.

270 4674 430 4731 Οὓτω
457 4673 515 4727 δὲ
570 4676 634 4728 ἐκ
671 4672 930 4729 τοιούτων
956 4674 1125 4744 φῦσα,
1162 4675 1291 4746 τῇδέ
1336 4692 1395 4729 τε
1438 4676 1668 4731 ἐλθοῦσα
1706 4678 1767 4747 τιξ

1960 4670 2186 4729 Talibus
2212 4674 2374 4743 igitur
2398 4685 2538 4741 orta,
2573 4686 2858 4747 postquam
2890 4678 2993 4733 huc
3027 4684 3288 4749 venisset,
3318 4685 3459 4741 diri-

193 4767 463 4835 Θειοτάτῳ
489 4765 645 4835 ἡμῶν
666 4765 979 4839 συνῴκησεν
1000 4768 1252 4837 ἡγεμόνι,
1279 4767 1430 4841 καλῷ
1460 4786 1518 4821 τε
1545 4768 1658 4823 ὄντι
1684 4773 1779 4824 καὶ

193 4857 393 4930 ἀγαθῷ
425 4858 563 4929 καλή
588 4876 647 4912 τε
682 4858 922 4930 κάγαθὴ,
953 4860 1124 4914 πολύν
1152 4878 1210 4914 τε
1258 4863 1352 4915 καὶ
1398 4863 1651 4934 λαμπρὸν
1682 4866 1745 4916 κό

193 4971 339 5025 σμον
366 4955 641 5025 φερομένη
673 4954 819 5009 κατά
846 4971 904 5008 τε
954 4956 1110 5026 σῶμα
1160 4958 1252 5009 καὶ
1281 4957 1492 5028 ψυχήν⁵
1526 4957 1776 5028 σώματο;

196 5047 304 5117 μὲν
364 5045 561 5109 κάλλος
602 5046 693 5100 καὶ
747 5046 999 5117 μέγεθος,
1038 5047 1216 5117 ψυχῆς
1242 5048 1297 5101 δὲ
1335 5037 1396 5103 τό
1429 5050 1563 5121 πρὸς
1596 5050 1776 5102 πᾶσαν

192 5138 405 5208 ἀρετὴν
452 5134 510 5193 εὖ
558 5140 825 5209 πεφυκός.
859 5126 1041 5194 Ἐνιαι
1084 5141 1183 5210 μὲν
1222 5141 1329 5213 γὰρ
1358 5140 1467 5194 τῶν
1503 5141 1779 5210 γυναικῶν

196 5230 433 5293 κάλλους
493 5228 745 5300 σώματος
801 5230 1063 5301 τυχοῦσαι
1104 5230 1298 5285 ἔπειτα
1342 5230 1477 5285 πολύ
1514 5248 1566 5284 τι
1602 5230 1781 5301 ψυχῆς

201 5316 399 5391 αἶσχος
421 5319 596 5393 τούτῳ
618 5322 976 5376 ἀντιτιθεῖσαι
1010 5322 1287 5393 ἄχρηστον
1310 5322 1463 5390 αὐτὸ,
1495 5322 1693 5394 μᾶλλον
1722 5324 1777 5375 δὲ

271 5466 350 5538 (6)
379 5467 423 5539 l_.
450 5484 505 5539 q.
542 5466 821 5539 ἐξηγῆται.
1163 5534 1169 5539 _

275 5485 350 5538 to)
381 5485 423 5522 ι.
450 5485 505 5539 q.
542 5485 601 5533 ες
677 5486 821 5537 ηται.
1163 5534 1169 5539 _

275 5542 354 5608 (7)
384 5485 704 5611 Ciceroﬁge
725 5540 826 5611 leg.
862 5540 926 5607 Il,
958 5540 1053 5605 25,
1080 5539 1173 5595 24.

276 5614 353 5679 t8)
384 5609 606 5682 Confer,
647 5609 857 5682 qui_’de
906 5614 1187 5682 sculptura
1244 5622 1485 5667 veterum
1541 5612 1777 5679 scripse-

198 5693 358 5766 ηυξ,
395 5680 690 5766 Quensted,
726 5680 1046 5763 Gyraldan
1085 5680 1434 5766 Gntheriut'n,
1486 5682 1689 5766 Nic-obii
1721 5698 1776 5766 ἰ).

202 5771 258 5808 a.
292 5749 371 5806 De
402 5752 609 5824 origine
644 5749 855 5824 harum.
881 5754 1189 5824 orationum
1224 5755 1331 5809 vid.
1369 5753 1590 5824 Dionys.
1636 5751 1783 5805 Hali.

409 5822 589 5890 Antiq.
636 5821 785 5878 Rom.
838 5823 874 5879 Ι.
912 5840 964 5891 ν,
996 5840 1047 5895 p.
1086 5822 1185 5878 154
1227 5825 1335 5896 (ed.
1382 5821 1783 5895 LatCVignon,

1886 4765 2122 4818 nissimo
2188 4765 2419 4834 principi
2476 4778 2663 4821 nostro
2710 4762 2891 4836 nupsit
2950 4773 3175 4840 pulchra
3227 4787 3278 4829 et
3312 4778 3453 4832 bona

1888 4856 2113 4923 pulchro
2138 4866 2188 4908 et
2222 4856 2381 4920 bono,
2428 4857 2770 4927 multumque
2801 4871 2852 4912 et
2876 4863 3217 4929 splendidum
3250 4881 3456 4938 corpo-

1885 4950 1960 5002 ris
1983 4958 2035 5001 et
2066 4948 2232 5001 animi
2266 4950 2519 5003 decorem
2551 4965 2736 5005 secum
2769 4951 3022 5017 atterens.
3065 4962 3314 5029 corporis
3342 4961 3459 5032 qui-

1883 5043 2005 5094 clem
2026 5040 2471 5109 pulchritudinem
2521 5050 2577 5095 et
2619 5046 3061 5114 magnitudinem,
3103 5052 3268 5106 animi
3331 5069 3458 5108 vero

1884 5132 2123 5187 indolem
2156 5130 2221 5187 ad
2279 5138 2493 5187 omnem
2524 5134 2783 5191 virtutem
2839 5154 2866 5191 η
2928 5149 3123 5195 natura
3179 5158 3459 5213 cmnpara-

1891 5240 2025 5283 tam.
2056 5227 2407 5282 Feruinarunt
2434 5228 2577 5283 enim
2610 5232 2861 5301 quaedam
2930 5238 3175 5306 corporis
3208 5252 3459 5294 venusta-

1896 5329 2004 5375 tem
2067 5319 2433 5380 sortita‘.,sed
2483 5321 2609 5375 huic
2666 5324 2892 5380 multam
2956 5328 3120 5383 animi
3155 5328 3456 5387 lmditatem

1955 5466 2033 5536 (9)
2068 5462 2312 5522 Umbria.

1957 5545 2068 5608 (ιυ)
2105 5538 2234 5592 Ftlia
2270 5539 2369 5591 luit
2394 5536 2682 5608 :llalatesm:
2710 5540 2861 5593 ducis
2897 5538 3171 5595 Marchim.
3199 5541 3459 5599 pill‘JlllZ.

1885 5612 1921 5663 l.
1955 5625 2005 5663 c.
2036 5610 2097 5662 ll.
2127 5607 2897 5685 cap.__l0._De‘Malatestat-um
2924 5612 3345 5685 aritninensium
3371 5636 3464 5685 ge-

1888 5696 2017 5733 nere
2057 5681 2201 5735 conf.
2260 5679 2411 5731 Paul.
2465 5679 2757 5733 llamnsius
2825 5683 2875 5733 in
2938 5681 3177 5738 Dedicat.
3242 5679 3460 5740 llobe'tti

1888 5751 2118 5804 Valturii
2152 5749 2226 5803 De
2274 5766 2327 5803 re
2363 5750 2610 5822 utiliter-1',
2655 5750 2827 5805 Paris.
2884 5767 2972 5822 ap.
3023 5750 3268 5809 Wechel.
3325 5756 3461 5813 1554

1886 5822 1982 5891 (fol
2031 5821 2109 5891 ‘2).
2144 5823 2419 5875 Pontanus
2451 5821 2515 5875 ad
2548 5823 2865 5891 l’ltt'antzzun
2898 5821 2934 5877 Ιζ
2970 5838 3019 5878 c.
3059 5826 3126 5878 ad
3161 5826 3461 5881 Leandrum

1885 5890 2159 5949 Albertum
2196 5894 2247 5949 in
2280 5891 2585 5949 Botnanula
2622 5890 2802 5950 Descr.
2834 5891 2969 5949 Ital.
3006 5896 3241 5968 delegat.
