3982 6332
528 381 633 445 947

1755 384 2077 444 GEORGII
2127 386 2556 445 PLETIIONIS

3667 378 3758 443 9Z8

527 501 682 569 quasi
715 498 780 552 ad
828 502 987 555 breve
1019 509 1230 572 tempus
1265 500 1331 553 ab
1398 499 1501 552 illis
1548 499 1815 561 desertos,
1873 512 2085 552 rursum

2194 518 2314 562 νους
2348 517 2404 552 τε
2443 500 2576 564 πρδς
2602 499 2740 562 οἵαις
2770 500 3017 568 γένοιντο
3047 500 3348 570 διατριϐαῖς
3401 499 3476 559 ὡς
3516 498 3756 565 ἀμείνοσι

525 591 724 646 melius
745 599 796 646 et
833 594 898 645 ad
926 593 1165 647 beatiora
1200 606 1386 646 eorum
1410 590 1597 644 socios
1629 588 1762 652 fore,
1800 580 2088 642 maximam

527 684 729 740 doloris
760 696 971 755 partem
1000 697 1254 741 excutere
1282 692 1493 752 Oportet
1526 693 1577 738 et
1615 698 1776 752 quam
1806 681 2091 736 mitissime

523 777 889 833 calamitatem
937 778 1101 832 ferre.

595 1041 870 1095 Fortassis
902 1040 999 1094 abs
1029 1055 1084 1093 re
1114 1055 1219 1094 non
1253 1042 1356 1095 erit
1387 1042 1453 1096 de
1486 1043 1649 1095 animi
1682 1044 2092 1097 immortalitate

522 1143 575 1185 et
604 1133 902 1186 mternitate
933 1146 1104 1199 pauca
1148 1134 1397 1201 quaedam
1420 1141 1473 1187 et
1504 1149 1624 1203 quae
1654 1135 1826 1203 magis
1885 1133 1994 1187 sint
2023 1134 2088 1186 ad

527 1240 740 1278 manum
783 1224 1073 1279 disserere.
1100 1224 1353 1280 Forsitan
1385 1225 1528 1280 enim
1564 1225 1728 1295 aliqui
1789 1235 1939 1289 sunt,
1998 1224 2091 1294 qui

523 1315 589 1369 de
623 1315 723 1369 hoc
760 1316 874 1384 ipso
903 1316 1259 1371 dubitandum
1297 1331 1418 1372 esse
1447 1327 1704 1372 censeant
1733 1326 1789 1372 et
1849 1323 2093 1371 metuant

523 1422 613 1470 ne,
653 1417 934 1475 postquam
975 1407 1239 1463 interierit
1273 1408 1451 1474 homo,
1483 1419 1536 1462 et
1570 1409 1682 1477 ipse
1725 1409 1938 1464 animus
1969 1424 2090 1464 eum

482 1496 688 1549 haece
715 1496 855 1550 mole
880 1492 1209 1550 dissolvatur
1267 1508 1322 1552 ct
1383 1499 1569 1553 nullus
1623 1500 1772 1553 ullibi
1831 1501 2090 1569 supersit.

521 1585 760 1650 Quorum
788 1602 851 1654 ex
889 1590 1070 1642 animo
1097 1589 1200 1642 nisi
1234 1598 1434 1644 metum
1491 1591 1634 1643 hunc
1690 1591 1944 1656 auferas,
2028 1606 2092 1643 ex

519 1677 724 1731 czeteris
740 1686 884 1732 certe
901 1679 1242 1733 sermonibus
1259 1680 1457 1769 nullam
1480 1688 1573 1733 aut
1589 1680 1856 1736 modicam
1879 1684 2089 1750 capient

519 1771 830 1824 utilitatem.
2052 1777 2054 1780 ’

586 1883 1132 1940 immortalemen-im
1195 1900 1315 1940 esse
1368 1886 1605 1941 hominis
1663 1887 1928 1951 animum,
1980 1903 2084 1940 non
2120 1887 2158 1939 Β

459 1999 463 2002 ~
518 1987 699 2027 nostra
725 1985 931 2029 tantum
958 1987 1040 2032 est
1069 1977 1335 2045 doctrina,
1404 1993 1581 2048 neque
1607 1994 1671 2034 ex
1736 1981 1938 2035 recenti
1999 1980 2080 2034 vel

515 2067 676 2119 etiam
708 2066 760 2119 in
785 2069 967 2123 multis
1009 2070 1194 2139 utique
1218 2072 1367 2127 orbis
1416 2073 1686 2143 partibus,
1736 2076 1830 2128 sed
1862 2073 2082 2140 antiqua

515 2166 568 2212 et
600 2173 664 2212 ex
695 2161 921 2230 antiquo
944 2171 998 2216 et
1045 2176 1262 2233 semper
1313 2165 1455 2234 apud
1512 2165 1669 2233 longe
1717 2165 1981 2234 plurimas
2031 2175 2085 2220 et

515 2250 1283 2310 celebratissimashominum
1319 2269 1508 2323 gentes
1542 2267 1594 2311 et
1635 2258 1830 2311 tradita
1865 2268 1916 2311 et
1951 2273 2084 2325 prac-

514 2342 710 2406 dicata,
773 2343 881 2398 imo
937 2360 1064 2400 vero
1123 2346 1190 2400 ita
1242 2348 1356 2401 fere
1387 2349 1643 2403 omnibus
1725 2349 1951 2410 credita,
2027 2357 2083 2402 ut

513 2435 787 2502 prepalam
810 2435 879 2490 sit
897 2452 1086 2493 omnes
1114 2439 1335 2493 omnino
1359 2438 1605 2495 homines
1628 2439 1819 2494 ideoin
1839 2451 2083 2495 mortuos
2115 2468 2142 2490 ς

514 2527 776 2596 obsequia
803 2529 1048 2598 qutedam
1070 2532 1335 2593 conferre,
1360 2531 1503 2596 quod
1531 2547 1852 2601 persuasum
1882 2532 2084 2587 habent

512 2636 576 2674 ea
609 2637 711 2674 non
747 2625 900 2690 quasi
933 2625 1003 2679 iis
1031 2625 1254 2695 quijam
1292 2627 1424 2680 nihil
1485 2627 1616 2691 sint,
1678 2627 1773 2682 sed
1828 2627 1985 2696 quasi
2017 2626 2085 2681 iis

512 2715 606 2780 qui
665 2715 774 2769 sint
822 2733 981 2785 quant
1045 2719 1278 2773 maxime
1335 2728 1387 2774 et
1446 2723 1760 2774 consistant
1820 2720 2085 2790 impendi.

513 2805 743 2862 Constat
767 2810 908 2863 enim
943 2809 1192 2866 homines
1213 2829 1334 2866 eum
1353 2815 1460 2868 lem
1486 2815 1550 2868 ad
1578 2817 1796 2870 modum
1823 2825 1874 2870 et
1895 2817 1960 2869 de
1986 2816 2087 2871 ﬁde

514 2901 685 2955 divini
741 2902 980 2956 numinis
1042 2915 1096 2958 et
1150 2905 1215 2959 de
1268 2906 1674 2962 immortalitate
1739 2909 1902 2962 animi
1966 2925 2086 2963 sese

515 2996 736 3051 haltere.
775 2997 905 3049 Esse
933 2995 1077 3050 enim
1116 2997 1358 3052 divinum
1419 3015 1616 3054 numen
1667 3011 1852 3053 tenent
1893 3016 2081 3055 omnes

516 3095 570 3140 et
598 3086 745 3156 juxta
774 3086 1020 3141 decretas
1055 3087 1155 3141 sibi
1194 3091 1337 3159 leges
1364 3090 1569 3154 colunt,
1591 3104 1912 3158 omnesque.
1970 3089 2077 3144 fato

519 3177 722 3234 functis
741 3179 1051 3234 hominibus
1081 3182 1334 3250 obsequia
1358 3181 1686 3246 deferentes,
1713 3184 1811 3237 hos
1830 3198 2082 3251 superes-

516 3288 574 3327 se
603 3282 654 3326 et
679 3273 976 3328 consistere
1009 3276 1182 3343 pa'am
1215 3279 1560 3344 profitentur,
1593 3278 1661 3329 ita
1698 3289 1754 3333 ut
1800 3279 2082 3349 aequaliter

518 3377 747 3434 utraque
775 3365 960 3434 Opinio
988 3377 1188 3421 cet-tam
1214 3368 1410 3421 habeat
1431 3369 1612 3425 ﬁnem.
1635 3371 1788 3436 Quod
1821 3372 1865 3427 si
1897 3373 2081 3442 utique

517 3461 580 3513 de
607 3458 972 3530 qualicunque
1021 3477 1078 3516 re
1119 3463 1189 3515 sit
1228 3462 1605 3528 dubitandum,
1639 3475 1694 3518 at.
1723 3474 1869 3520 certe
1901 3465 1966 3520 de
1999 3466 2083 3518 his

512 3567 633 3622 qnte
655 3551 1104 3610 manifestissime
1155 3566 1208 3610 et
1252 3556 1527 3610 communi
1557 3557 1767 3611 calculo
1792 3567 1844 3612 et
1872 3573 2082 3627 semper

511 3645 652 3714 apud
685 3661 873 3702 omnes
902 3646 1152 3703 homines
1188 3659 1310 3704 sunt
1347 3654 1561 3704 decreta
1596 3666 1874 3719 nunquam
1925 3652 2082 3705 dubi-

516 3743 626 3786 tare
653 3729 829 3789 liceat.

585 3850 803 3908 Adth
826 3864 1027 3918 autem,
1054 3856 1259 3908 nullum
1296 3874 1357 3910 ex
1425 3861 1797 3916 animantibus
1850 3864 2081 3919 rationis

513 3947 828 4014 expertibus
865 3963 1062 4001 numen
1097 3951 1309 4018 aliquod
1339 3953 1599 4008 exsistere
1664 3956 1915 4016 credidit.
1960 3958 2082 4012 ideo

515 4041 657 4106 quod
683 4055 902 4095 causam
957 4058 1062 4095 non
1126 4044 1388 4113 intelligit,
1433 4046 1609 4117 neque
1654 4049 2081 4104 immortalitatis

514 4133 781 4188 desiderio
814 4134 950 4188 afﬁci
987 4145 1184 4202 poteSt,
1212 4139 1336 4206 quia
1377 4155 1482 4192 noti
1515 4141 1657 4209 eapit
1709 4144 2026 4198 infinitatem
2065 4162 2079 4211 ;

513 4225 656 4296 quod
688 4229 730 4281 si
759 4227 1080 4282 inﬁnitatem
1124 4246 1228 4283 non
1279 4232 1444 4300 capit,
1511 4250 1609 4288 nec
1667 4237 2022 4291 aeternitatem
2066 4257 2080 4292 :

515 4321 606 4374 sed
636 4319 883 4375 rationali
949 4330 1155 4376 naturae
1215 4324 1339 4388 soli,
1403 4337 1596 4392 praeter
1634 4337 1831 4382 caetera
1890 4332 2080 4396 multa,

514 4413 637 4468 data
667 4423 746 4469 est
774 4424 827 4468 et
856 4430 1031 4470 causa:
1051 4429 1102 4470 et
1125 4416 1407 4474 inﬁnitatis
1427 4422 1802 4493 cognitio,qua
1824 4406 2081 4493 praeditus

515 4516 565 4559 et
613 4508 795 4573 homo,
827 4518 1009 4579 utpote
1032 4511 1353 4567 rationalem
1378 4515 1623 4568 animum
1664 4531 1691 4568 a
1721 4519 1828 4571 Deo
1853 4521 2081 4573 sortitus

2196 593 2287 643 καὶ
2319 591 2634 660 θειοτέραις,
2663 591 2892 654 ἑαυτούς
2920 609 2977 644 τε
3012 593 3085 654 ὡς
3139 593 3270 661 πρὶς
3321 591 3502 657 ὀλίγον
3548 590 3758 643 ἐκείνων

2193 684 2676 754 ἀπολελειμμένοι,
2709 679 2868 745 αὖθις
2911 685 3131 752 ἄμεινόν
3173 701 3232 736 τε
3281 685 3371 736 καὶ
3405 683 3492 735 ἐπ’
3519 681 3753 751 ἀμείνοσι

2195 780 2485 847 πράγμασι
2534 775 2915 850 συνεσοίμεθα,
2961 773 3054 828 τοῦ
3088 793 3146 826 τε
3197 769 3392 829 πολλοῦ
3443 776 3544 845 τῆς
3595 763 3756 839 λάιτῇ

2193 870 2272 922 δεῖ
2309 870 2564 940 ἀφαιρεῖν
2615 870 2707 920 καὶ
2736 868 2924 958 ῖέρειν
2973 867 3038 920 ἂν
3072 867 3147 930 ὡς
3179 869 3464 936 πραότατα
3506 868 3604 938 τὴν
3638 884 3759 936 συμ-

2136 969 2150 989 ’
2197 963 2392 1030 φοράν.

2270 1057 2427 1118 Ἴσως
2486 1054 2531 1107 δ’
2584 1056 2682 1108 οὐκ
2743 1054 2807 1107 ἂν
2859 1054 3089 1124 ἄκαιρον
3144 1055 3227 1124 εἴη
3276 1055 3367 1107 καὶ
3423 1054 3551 1123 περὶ
3593 1053 3760 1124 ψυχῆς

2197 1148 2496 1206 ἀθανασίας
2535 1165 2593 1202 τε
2632 1149 2722 1201 καὶ
2767 1147 3071 1218 ἀῖδιότητος
3123 1146 3304 1217 βραχέ’
3337 1147 3599 1228 ἅττα-καὶ
3629 1147 3759 1199 αὑτὰ

2195 1244 2262 1296 τὰ
2295 1241 2698 1312 προχειρότατα
2742 1240 2991 1294 διελθεῖν.
3031 1242 3190 1303 Ἴσως
3226 1242 3334 1310 γὰρ
3367 1240 3430 1293 ἄν
3459 1257 3603 1302 τινες
3635 1237 3758 1305 εἷεν,

2196 1339 2245 1390 οἳ
2293 1337 2388 1390 καὶ
2447 1337 2576 1404 περί
2632 1335 2797 1388 αὑτοῦ
2837 1335 3028 1390 τούτου
3061 1336 3354 1400 ἐνδοιάζειν
3400 1337 3464 1386 ἂν
3493 1335 3759 1399 ἀξιοῦντες

2196 1431 2286 1483 καὶ
2335 1430 2584 1494 δεδιότες,
2619 1428 2715 1499 μὴ,
2751 1429 2973 1482 ἐπειδὰν
2999 1429 3242 1501 ἀποθάνῃ
3277 1431 3304 1482 ό
3335 1429 3644 1499 ἄνθρωπος,
3673 1427 3761 1479 καὶ

2196 1527 2227 1594 ἡ
2255 1525 2401 1593 ψυχὴ
2425 1523 2560 1592 τῷδε
2589 1525 2668 1593 τῷ
2703 1526 2852 1593 δγκῳ
2888 1525 3270 1599 συνδιαλύηταί
3293 1543 3354 1591 γε
3384 1525 3476 1578 καὶ
3501 1525 3650 1578 οὐδὲν
3682 1525 3758 1576 ἐτι

2193 1614 2431 1683 οὐδαμοῦ
2484 1614 2760 1682 λείπηται.
2793 1608 2894 1668 Ὧν
2925 1615 2988 1685 ἢν
3022 1617 3094 1687 μή
3140 1634 3224 1680 τις
3255 1615 3410 1686 ἐξέλῃ
3454 1618 3553 1685 τῆς
3590 1615 3758 1685 ψυχῆς

2193 1707 2351 1760 τοῦτο
2377 1706 2435 1758 τὸ
2470 1707 2609 1772 δέος,
2639 1707 2746 1760 τῶν
2776 1726 2837 1776 γε
2863 1709 3037 1763 ἄλλων
3068 1710 3284 1776 πάντων
3321 1709 3497 1776 λόγων
3521 1708 3668 1764 οὐδὲν
3698 1709 3761 1762 ἂν

2195 1802 2225 1870 ἢ
2265 1801 2498 1868 σμικρόν
2524 1816 2576 1852 τι
2613 1801 2823 1868 γένοιτο
2845 1801 3058 1870 ὄφελος.

2274 1915 2361 1990 Ὠς
2414 1915 2523 1986 γὰρ
2551 1916 2818 1969 ἀθάνατον
2868 1915 3015 1986 ψυχή
3067 1918 3100 1985 ἡ
3152 1919 3470 1992 ἀνθρωπίνη
3512 1923 3760 1994 (17),οὑκ

2191 2007 2459 2077 ἡμέτερος
2491 2008 2650 2076 μόνον
2680 2010 2707 2061 ὁ
2729 2009 2882 2071 λόγος
2905 2010 3013 2062 οὐδ’
3038 2012 3099 2062 ἐκ
3130 2011 3249 2064 νέου
3285 2013 3314 2078 ἢ
3341 2015 3435 2066 καὶ
3463 2017 3520 2067 ἐν
3554 2016 3759 2079 πολλοῖς

2187 2117 2268 2151 τοι
2294 2100 2392 2168 τῆς
2423 2099 2750 2169 οἰκουμένης
2785 2101 3450 2173 μὲρεσι¹τεθρυλλημένος,
3496 2106 3631 2159 ἀλλὰ
3659 2124 3757 2158 πα-

2187 2190 2334 2254 λαιός
2361 2208 2419 2244 τε
2451 2191 2545 2242 καὶ
2580 2191 2642 2243 ἐκ
2674 2191 2928 2256 παλαιοῦ,
2959 2195 3053 2246 καὶ
3076 2195 3186 2247 αἰεί
3221 2197 3328 2257 τοῖς
3358 2195 3634 2260 πλείστοις
3664 2199 3757 2251 καὶ

2184 2283 2648 2349 εὐδοκιμωτάτοις
2682 2282 2789 2336 τῶν
2824 2286 2961 2336 κατὰ
2993 2286 3092 2354 τὴν
3123 2286 3448 2358 οἰκουμένην
3476 2291 3649 2357 γενῶν
3673 2291 3758 2342 λε-

2184 2375 2413 2444 γόμενός
2438 2392 2498 2427 τε
2525 2375 2619 2428 καὶ
2643 2375 2922 2445 ᾁδόμενος,
2951 2378 3138 2446 σχεδὸν
3161 2379 3218 2432 δὲ
3248 2382 3415 2435 πᾶσιν
3445 2383 3756 2454 ἀνθρώποις

2185 2467 2326 2520 οὕτω
2360 2484 2451 2521 ποι
2490 2466 2684 2520 δοκῶν.
2725 2467 2819 2529 Ὠς
2877 2467 3027 2536 δῆλοι
3078 2470 3359 2537 γίγνονται
3409 2474 3651 2537 ἅπαντες
3706 2478 3756 2528 οἱ

2186 2560 2486 2628 ἅνθρωποι,
2526 2559 2820 2629 θεραπείας
2861 2552 3016 2624 τινας
3045 2564 3154 2624 τοῖς
3190 2564 3494 2633 οἰχομένοις
3523 2569 3759 2636 προσφέ-

2193 2669 2326 2720 ρειν,
2356 2649 2669 2721 νομίζοντες
2701 2650 2798 2721 οὐχ
2834 2651 2908 2713 ὡς
2941 2652 3122 2706 οὐκέτι
3182 2654 3244 2724 δὴ
3301 2650 3419 2708 οὖσι
3470 2659 3532 2708 τδ
3576 2657 3757 2725 μηδὲν,

2189 2743 2301 2796 ἀλλ’
2325 2744 2398 2806 ὡς
2437 2745 2517 2796 ὅτι
2553 2742 2789 2810 μάλιστα
2829 2739 2947 2796 οὖσί
2981 2748 3040 2798 τε
3069 2739 3160 2796 καὶ
3188 2747 3506 2800 συνεστῶσι.
3541 2749 3762 2802 Φαίνον-

2189 2854 2279 2888 ται
2312 2838 2419 2904 γὰρ
2452 2835 2500 2887 οἰ
2529 2834 2806 2904 ἄνθρωποι
2847 2835 3247 2906 παραπλησίως
3285 2837 3420 2905 πρός
3455 2855 3510 2889 τε
3541 2837 3637 2908 τὴν
3667 2839 3756 2890 τοῦ

2187 2928 2344 2980 Θεὶου
2392 2926 2550 2990 δόξαν
2583 2929 2673 2979 καὶ
2703 2928 2802 2995 τὴν
2843 2926 2942 2996 τῆς
2981 2927 3160 2999 ψυχῆς
3187 2928 3485 2984 ἀθανασίαν
3525 2931 3756 3000 ἔχοντες.

2189 3016 2342 3095 Εἶναί
2372 3036 2429 3071 τε
2462 3021 2569 3088 γάρ
2608 3035 2659 3072 τι
2695 3019 2836 3071 θεῖον
2883 3019 3124 3084 ἅπαντες
3149 3022 3432 3089 νομίζουσι
3475 3024 3566 3076 καί
3599 3024 3758 3093 θερα-

2187 3111 2413 3163 πεύουσι
2444 3111 2585 3164 κατά
2631 3111 2699 3164 τὰ
2725 3112 3022 3182 δεδογμένα
3068 3113 3240 3181 σφίσι,
3277 3115 3370 3169 καὶ
3409 3119 3520 3179 τοῖς
3547 3118 3758 3185 οἰχομέ-

2187 3220 2298 3264 νοις
2345 3203 2453 3254 τῶν
2488 3201 2794 3268 ἀνθρώπων
2825 3203 3122 3272 θεραπείας
3153 3205 3391 3268 ἆπαντες
3429 3207 3761 3276 προσφέρον-

2189 3312 2279 3357 τες
2339 3295 2486 3362 δῆλοί
2549 3297 2684 3348 εἰσιν
2721 3295 2796 3358 ὼς
2851 3298 3150 3365 περιόντων
3176 3314 3236 3351 τε
3282 3298 3462 3352 αὐτῶν
3507 3299 3600 3353 καὶ
3641 3315 3762 3351 συν-

2190 3386 2440 3440 εστώτων
2496 3386 2809 3454 δοξάζοντες
2859 3388 2994 3459 (18).
3045 3389 3196 3443 Ἵλατ’
3250 3391 3316 3443 ἃν
3367 3390 3760 3461 παραπλησίως

2190 3480 2396 3548 ταύτην
2423 3497 2480 3532 τε
2515 3481 2778 3550 κάκείνην
2803 3480 2901 3548 τὴν
2931 3481 3088 3546 δόξαν
3116 3483 3176 3536 τὸ
3206 3484 3393 3536 πιστὸν
3424 3483 3588 3552 ἔχειν.
3617 3484 3676 3536 ΕΞ
3708 3483 3762 3535 δέ

2191 3592 2252 3642 γε
2282 3573 2573 3639 ἐνδοιάζειν
2608 3576 2719 3645 χρὴ
2754 3575 2882 3646 περὶ
2912 3575 3070 3647 δόξης
3100 3576 3432 3646 ἡστινοσοῦν,
3471 3577 3586 3630 ἀλλ’
3619 3573 3762 3630 οὗτοι

2190 3667 2321 3738 περὶ
2351 3667 2458 3721 τῶν
2490 3668 2632 3721 οὕτω
2673 3669 2990 3741 περιφανῶς
3023 3673 3118 3727 καὶ
3145 3673 3297 3742 κοινῇ
3331 3671 3424 3725 καὶ
3455 3673 3564 3724 αἰεὶ
3601 3673 3759 3726 πᾶσιν

2190 3761 2502 3832 ἀνθρώποις
2537 3762 2876 3832 δεδογμένων
2899 3763 3193 3828 ἐνδοιάζειν
3224 3766 3354 3836 χρή.

2266 3879 2387 3930 Ἔτι
2412 3876 2457 3930 δ’
2488 3878 2641 3930 οὐδὲν
2681 3879 2788 3931 τῶν
2818 3879 3026 3946 ἀλόγων
3059 3879 3182 3932 οὔτε
3206 3879 3350 3933 θείου
3379 3899 3430 3934 τι
3455 3881 3758 3951 νενόμικεν,

2191 3971 2271 4022 ὃτι
2313 3971 2387 4039 μὴ
2441 3971 2618 4031 αἰτίας
2653 3969 2901 4038 συνίησιν
2944 3970 3055 4023 οὔτ’
3084 3970 3151 4024 ἂν
3195 3972 3495 4042 ἀῖδιότητος
3538 3974 3757 4042 ὲφίοιτο.

2195 4062 2274 4113 ὅτι
2309 4061 2430 4130 μηδ’
2462 4063 2724 4131 ἀπειρίας
2759 4062 3040 4132 συνίησιν·
3078 4065 3124 4116 εἰ
3156 4064 3210 4117 δὲ
3243 4065 3315 4135 μὴ
3341 4066 3616 4134 ἀπειρίας,
3645 4065 3760 4118 οὐδὲ

2193 4154 2516 4234 ἀϊδιότητος.
2571 4153 2729 4208 Ἀλλὰ
2761 4156 2896 4225 μόνῃ
2945 4159 3008 4226 τῇ
3042 4156 3228 4227 λογικῇ
3269 4158 3426 4226 φύσει
3475 4161 3610 4227 πρὸς
3643 4161 3762 4212 πολ-

2192 4248 2302 4311 λοῖς
2327 4247 2525 4313 ἄλλοις,
2568 4248 2661 4301 καὶ
2697 4249 2730 4318 ἦ
2770 4266 2829 4301 τε
2861 4252 2956 4318 τῆς
2982 4251 3162 4313 αἰτίας
3192 4251 3284 4303 καὶ
3325 4253 3356 4322 ἠ
3387 4252 3485 4320 τῆς
3512 4253 3762 4323 ἀπειρίας

2190 4343 2402 4395 δέδοται
2457 4343 2680 4408 γνῶσις,
2716 4333 2801 4413 ἧς
2830 4347 2923 4396 καὶ
2956 4346 2983 4396 ὁ
3030 4343 3334 4412 ἄνθρωπος,
3388 4346 3484 4399 ᾶτε
3539 4346 3764 4414 λογικῆς

2190 4431 2365 4504 ψυχῆς
2394 4433 2529 4502 πρὸς
2565 4433 2659 4486 τοῦ
2692 4433 2828 4488 Θεοῦ
2863 4434 3199 4504 τετυχηκὼς,
3235 4439 3327 4489 τοῦ
3370 4454 3428 4490 τε
3459 4438 3615 4492 Θείου
3643 4456 3761 4492 συν-

2197 4527 2306 4608 ίησι
2329 4528 2422 4580 καὶ
2453 4526 2755 4596 άῖδιότητος
2786 4529 2994 4598 συνίησί
3024 4547 3082 4580 τε
3114 4528 3228 4598 ἅμα
3263 4530 3357 4584 καὶ
3386 4531 3638 4600 ἐφίεται·
3668 4534 3763 4584 οὐκ

516 4610 561 4650 ιιι
591 4599 834 4652 divinum
870 4617 1067 4655 numen
1103 4604 1382 4673 intelligit,
1422 4606 1660 4676 itemque
1695 4609 1947 4678 intelligit
1984 4611 2081 4666 im»

2192 4618 2253 4671 ἂν
2276 4599 2369 4672 τὸν
2401 4618 2534 4673 Θεὸν
2585 4618 2705 4672 οὔτ*
2732 4622 2797 4673 ἂν
2830 4621 3092 4692 ἀλλοτρίᾳ
3122 4638 3181 4674 τε
3230 4623 3404 4693 πάντη
3431 4599 3434 4600 ν
3458 4625 3552 4676 καὶ
3597 4623 3762 4695 θνητῇ

517 4691 918 4754 mortalitatem,
962 4709 1193 4764 eamque
1219 4696 1378 4750 simul
1406 4701 1609 4766 appetit
1643 4718 1654 4753 :
1687 4701 1854 4755 Deum
1888 4718 2084 4772 nempe

516 4798 852 4852 nequaquam
886 4784 1010 4838 huic
1043 4796 1248 4843 naturae
1268 4806 1386 4859 qua:
1409 4793 1476 4843 sit
1508 4794 1730 4848 omnino
1761 4811 1789 4848 a
1819 4812 1875 4850 se
1907 4798 2081 4853 aliena

515 4884 563 4926 t'l.
610 4878 854 4932 mortalis
907 4876 988 4931 sui
1045 4883 1400 4950 cognoscendi
1445 4884 1756 4940 facultatem
1824 4890 2079 4944 daturum

482 4997 485 5000 -
515 4984 654 5030 esse.
681 4971 770 5023 sed
807 4972 852 5024 ei
878 4987 997 5040 qum
1019 4974 1087 5028 sit
1115 4976 1216 5028 sibi
1247 4976 1595 5045 aliquatenus
1628 4989 1858 5048 cognata
1889 4999 1906 5047 ;
1937 4997 2083 5037 com-

517 5061 797 5117 municare
833 5064 999 5127 enim.
1027 5067 1070 5119 si
1104 5070 1425 5136 oportuerit,
1455 5071 1504 5123 id
1543 5073 1686 5140 quod
1721 5077 2002 5144 cognoscit
2031 5078 2076 5131 ei

515 5155 655 5219 quod
690 5156 1061 5225 cognoscitur,
1084 5175 1203 5214 quae
1228 5177 1353 5216 vero
1383 5163 1523 5218 inter
1546 5179 1604 5219 se
1648 5169 2077 5232 communicant,

590 5341 989 5426 (l7i‘SIolenme
1030 5348 1601 5426 hoc_argnmentorum
1657 5373 1846 5424 genus,
1881 5375 1990 5426 quo
2029 5369 2081 5414 et

519 5414 871 5498 immortalem
909 5433 1026 5498 esse
1066 5414 1337 5498 animum,
1373 5433 1424 5477 et
1463 5423 1628 5498 Deum
1657 5414 1805 5489 csse.
1834 5414 2080 5498 antiqui-

521 5496 605 5568 tus
637 5484 868 5568 probare
904 5488 1192 5568 voluerunt
1230 5494 1520 5568 sapientes,
1549 5497 1773 5568 scimus,
1795 5484 2077 5568 'quanllnnt

516 5555 695 5633 valere
731 5555 940 5609 debeat.
988 5557 1144 5634 Nulla
1180 5571 1261 5612 est
1295 5555 1437 5615 enim
1485 5555 1938 5634 opinionttm,'ttti
1981 5572 2080 5625 lto-

522 5624 748 5688 ntinttm,
807 5628 1112 5701 veneranda
1143 5642 1434 5701 senectus,
1491 5624 1662 5701 n'eqne
1707 5624 1931 5694 omnino
1979 5642 2081 5694 hoc

521 5704 892 5778 argument-tun
932 5698 1085 5777 .aliud
1133 5698 1678 5778 quidqnamprobat,
1719 5723 1910 5778 praeter
1956 5714 2079 5776 hoc,

529 5780 720 5841 omnes
789 5767 1046 5841 homines
1091 5784 1119 5821 a
1176 5767 1536 5826 remOtissitita
1591 5767 1730 5832 inch
1761 5767 2078 5841 antiquitate

536 5835 984 5891 immortalitatem
1028 5848 1080 5894 et
1111 5855 1311 5896 numen
1363 5855 1619 5911 optasse:
1665 5851 1818 5916 cujus
1866 5835 1937 5906 rei
1993 5835 2079 5920 qui

2192 4713 2351 4781 φύσει
2383 4713 2574 4766 ἑαυτὸν
2597 4714 2909 4781 γνωρίζειν,
2940 4715 3075 4767 ἀλλά
3104 4733 3177 4785 πη
3206 4716 3301 4768 καὶ
3331 4717 3531 4786 οἰκείᾳ.
3558 4720 3763 4771 Κοινωο

2192 4808 2299 4858 νεῖν
2323 4806 2428 4876 γὰρ
2462 4807 2527 4859 ἂν
2556 4805 2733 4876 una};
2765 4806 3033 4875 γινῶσκον
3058 4808 3135 4878 τῷ
3164 4812 3574 4879 γινωσκομὲνῳ.
3605 4810 3685 4863 Τὰ
3711 4810 3764 4864 δὲ

2190 4895 2549 4949 κοινωνοῦντα
2589 4898 2680 4949 καὶ
2724 4899 2898 4951 οἰκεῖά
2930 4915 3005 4968 πη
3043 4899 3292 4967 ἀλλήλοις
3329 4900 3436 4953 δέοι
3481 4901 3547 4954 ἂν
3600 4898 3762 4958 εἶναι.

2189 4991 2314 5045 οὖτ’
2347 4993 2414 5045 ἂν
2448 4993 2748 5062 άῖδιότητος
2799 4993 3096 5058 ἐπιθυμίαν
3124 4995 3410 5062 ἐνθέμενον
3447 4995 3527 5064 τῷ
3557 4997 3766 5066 ἀνθρώο

2194 5104 2304 5154 πω,
2353 5085 2544 5138 ἔπειτα
2583 5087 2747 5153 ἀτελῆ
2786 5104 2845 5138 τε
2883 5089 2947 5140 ἂν
2978 5087 3149 5155 αὐτὴν
3189 5089 3284 5139 καὶ
3317 5089 3547 5154 μάταιον
3582 5091 3764 5143 ἀπολι-

2190 5178 2332 5229 πεῖν.
2380 5175 2516 5230 Οὐδὲ
2553 5179 2660 5244 γὰρ
2700 5177 2827 5235 ἄλλο
2858 5179 3008 5229 οὐδὲν
3040 5177 3147 5229 τῶν
3194 5180 3447 5248 μεγάλων
3498 5180 3593 5233 καὶ
3629 5182 3766 5235 κατὰ

2193 5378 2322 5415 usus
2356 5362 2506 5437 sitin
2537 5365 2726 5437 morali
2759 5368 3172 5437 argumentandi
3210 5382 3430 5436 genere,
3467 5386 3574 5426 non
3614 5387 3734 5426 com

2192 5435 2517 5511 tctttnendus
2545 5435 2954 5511 _i-lle_p_rofecto,
2991 5449 3191 5511 norunt
3215 5454 3426 5506 omnes,
3460 5442 3552 5511 qui
3605 5460 3635 5497 e
3665 5446 3765 5498 cri—

2194 5504 2590 5576 tices_formnla
2626 5508 2995 5576 philosophari
3028 5510 3232 5562 sciunt.

2263 5574 2374 5643 (18)
2409 5593 2426 5624 ι
2464 5577 2590 5630 Plus
2615 5574 2757 5646 apud
2790 5574 2874 5632 me
2897 5581 3245 5647 antiquorum
3273 5582 3576 5635 auctoritas
3606 5587 3761 5642 valet.

2190 5647 2270 5719 _vel
2307 5658 2618 5719 nosti-orum
2653 5649 2943 5716 majorum,
2977 5652 3068 5719 qni
3104 5652 3334 5704 mortuis
3361 5661 3468 5703 tant
3519 5656 3763 5719 religiosa

2184 5717 2308 5785 jnta
2363 5718 2673 5772 tribuerunt
2711 5734 2726 5772 :
2765 5721 2907 5786 quod
2940 5717 3045 5774 non
3096 5720 3356 5774 fecissent
3402 5717 3672 5786 profecto,
3721 5729 3761 5780 si

2193 5788 2323 5839 nihil
2383 5789 2446 5839 ad
2491 5805 2583 5844 eos
2645 5791 2913 5859 pertinere
2969 5791 3385 5846 arbitrarentur.
3436 5812 3452 5841 ι
3518 5796 3632 5849 Cic.
3695 5799 3762 5851 De

2189 5861 2368 5919 mnia,
2392 5878 2435 5912 ‹,·.
2480 5861 2520 5911 ἰ.
