3982 6332
258 265 373 329 953

1016 272 1408 335 LAUDATIO
1440 272 1825 337 FUNEBRIS

1942 278 2196 342 ELENE
2236 284 2323 344 P.\
2340 282 2833 348 l.rEOLOGlN.-E.

3433 282 3539 346 954

256 378 338 431 Τὸ
371 378 427 430 δὲ
460 396 663 451 μουσας
694 382 870 452 τιμῶν
899 382 1052 447 ἔθνος
1083 387 1182 441 οὐκ
1216 388 1481 457 ἄμουσον,
1515 390 1636 445 οὐδὲ
1683 389 1839 445 ἀπαί-

1961 402 2132 467 musis
2168 419 2510 476 nequaquam
2543 405 2719 460 aliena
2770 410 2886 459 erat
2919 401 3272 472 animumque
3304 400 3374 457 ob
3400 402 3535 459 insi-

255 473 449 528 δευτον
486 476 609 529 οὐδέ
642 494 707 544 γε
765 477 825 530 τὸ
863 477 1041 549 ψυχῆς
1072 479 1421 554 ἀνθρωπίνης
1456 485 1522 553 τῇ
1571 484 1846 555 ἀθανασίᾳ

265 566 497 634 νομίζον
536 568 752 635 ἀγενές.
788 568 993 623 Τούτου
1034 570 1126 624 τοῦ
1178 572 1391 640 γένους,
1425 577 1451 628 ό
1482 576 1581 644 τῆς
1607 575 1734 645 ἄρτι
1781 573 1846 645 δὴ

261 659 672 730 μετηλλαχυίας
698 661 788 714 τὸν
817 661 931 732 βίον
972 663 1248 733 βασιλίδος
1271 652 1455 740 πατὴρ
1481 661 1549 740 ἦν
1578 668 1760 741 χώρας
1786 685 1845 722 τε

259 753 450 821 ἄρχων
476 752 537 805 οὐ
558 752 709 827 παρά
750 754 926 823 Ἀξιὸν
952 758 1217 829 ποταμὸν,
1238 753 1299 814 οῦ
1325 762 1385 814 τὸ
1418 760 1562 832 ὕδωρ
1594 764 1651 815 ἐν
1681 778 1843 816 ποτα-

265 844 438 912 μείων
497 844 708 900 ὑδάτων
758 849 870 912 τοῖς
918 849 1238 921 κρατίστοις
1294 854 1390 906 καὶ
1448 853 1843 921 ὑγιεινοτάτοις

259 937 441 991 πίνειν
466 937 607 1004 ἐστὶ,
639 938 731 991 καὶ
770 939 932 1002 αὐτὸς
969 943 1026 995 ἐν
1056 941 1266 1012 ἀνδρῶν
1292 946 1407 1008 τοῖς
1438 946 1843 1015 ἀνδρειοτάτοις

259 1029 359 1082 καὶ
412 1029 777 1097 δικαιοτάτοις
816 1036 1123 1105 τυγχάνων,
1170 1038 1265 1090 καὶ
1314 1038 1381 1092 τά
1431 1054 1494 1105 γε
1544 1039 1680 1108 πρὸς
1716 1041 1845 1106 τοὺς

262 1121 453 1191 φίλους
486 1126 827 1189 πιστότατος.
861 1128 905 1180 Τ
909 1127 1122 1182 οιούτου
1169 1130 1226 1183 δέ
1275 1130 1482 1199 πατρὸς
1516 1136 1776 1201 γεγονυῖα
1808 1136 1842 1205 ἡ

260 1212 373 1267 τῶν
418 1215 707 1286 ἡμετέρων
763 1218 1035 1287 βασιλέων
1089 1237 1149 1273 τε
1204 1223 1299 1277 καὶ
1354 1223 1641 1293 ἡγεμόνων
1700 1224 1841 1298 αὐτη

266 1306 478 1378 μήτηρ,
508 1308 587 1378 τῷ
611 1308 822 1365 τούτων
858 1312 1032 1383 πατρὶ
1063 1314 1316 1384 ἐγήματο
1351 1315 1530 1387 πολλῷ
1564 1318 1840 1389 κρείττονι

238 1402 363 1470 ’τήν
387 1419 447 1455 τε
490 1401 648 1467 ἀξίαν
677 1405 850 1475 τύχην
878 1405 911 1477 ἢ
949 1396 1091 1461 κατά
1122 1411 1252 1472 τούς
1281 1410 1480 1481 ἑαυτῆς
1525 1412 1718 1478 γονέας
1744 1413 1841 1466 καὶ

259 1494 413 1565 αὐτῷ
458 1512 519 1548 τε
570 1495 724 1566 καλῷ
774 1496 1005 1567 κάγαθῷ
1063 1499 1301 1571 βασιλεῖ,
1348 1504 1443 1557 καὶ
1499 1504 1599 1558 οὐκ
1640 1504 1841 1574 ὀλίγων

258 1587 527 1643 τοιούτων
576 1589 848 1660 βασιλέων
908 1591 1167 1665 ἀπογόνῳ
1232 1594 1575 1667 βασιλεύοντί
1630 1615 1688 1651 τε
1742 1600 1838 1652 τοῦ

258 1681 533 1753 ἡμετέρου
564 1682 755 1738 τούτου
783 1683 878 1739 τοῦ
928 1684 1216 1757 Ῥωμαίων
1247 1688 1460 1759 γένους,
1492 1682 1552 1745 οῦ
1584 1674 1713 1763 περὶ
1739 1689 1840 1761 τῆς

258 1776 435 1831 πάλαι
475 1776 732 1850 εὐτυχίας
760 1794 822 1832 τε
857 1777 974 1851 ἅμα
1014 1781 1106 1834 καὶ
1131 1783 1190 1845 ἐς
1231 1782 1402 1837 πλείω
1443 1783 1839 1857 διακεκριμένη

257 1867 433 1936 γένει,
461 1869 621 1941 ἡμῶν
661 1870 761 1943 μὲν
786 1871 1079 1942 κρείττων,
1107 1873 1324 1927 ἐκείνου
1374 1874 1429 1928 δέ
1461 1892 1514 1930 τι
1553 1877 1694 1932 πάνυ
1732 1877 1842 1932 λει-

260 1962 499 2035 πομένη.
531 1963 645 2018 Οὐκ
690 1963 841 2019 ἔστιν
881 1961 947 2018 αὖ
974 1964 1034 2029 ὃς
1063 1965 1125 2020 οὐ
1176 1966 1273 2022 καὶ
1315 1966 1473 2021 τοῦτο
1525 1970 1728 2040 νομιεῖ.
1758 1968 1837 2024 Οὐ

259 2054 371 2127 γὰρ
415 2057 638 2124 ἀξιώσει
680 2074 765 2122 τις
798 2056 909 2113 τῶν
937 2056 1033 2112 τοῦ
1061 2056 1199 2113 Θεοῦ
1236 2059 1416 2131 ἔργων
1446 2059 1507 2114 τὸ
1544 2061 1841 2131 κράτιστον

257 2148 412 2217 ἡμᾶς
443 2165 501 2201 τε
526 2143 688 2215 εἶναι,
710 2148 913 2215 ταύτας
931 2148 996 2223 δὴ
1019 2148 1119 2215 τάς
1143 2152 1303 2223 ἡμῶν
1329 2151 1616 2224 κρείττους
1648 2152 1841 2223 φύσεις

257 2239 434 2305 οὐδεὶς
488 2242 639 2305 ὅστις
690 2242 753 2296 οὐ
797 2241 923 2307 νοῦς
971 2242 1037 2298 ἂν
1075 2244 1209 2316 φαίη
1266 2241 1407 2302 εἶναι
1436 2244 1469 2316 ἢ
1503 2246 1599 2300 καὶ
1659 2247 1837 2319 ψυχάς

255 2349 413 2395 τινας
468 2332 578 2386 τῶν
634 2334 927 2407 ἡμετέρων
984 2336 1310 2407 κρείττους*
1370 2339 1420 2393 εί
1468 2337 1525 2392 δέ
1587 2338 1835 2394 τοιαῦται

259 2425 471 2481 ἐκεῖναι
500 2424 715 2495 φύσεις,
744 2428 799 2479 τί
834 2428 901 2482 ἂν
929 2427 1060 2482 ἀλλο
1084 2429 1266 2483 αὐτῶν
1294 2430 1354 2484 τὸ
1386 2432 1721 2502 κυριώτατον
1747 2434 1831 2501 εἴη

257 2517 423 2589 ἔργον
457 2519 554 2573 καὶ
590 2519 794 2591 πρᾶξις
823 2519 855 2591 ἢ
903 2520 937 2592 ἡ
988 2520 1097 2574 τῶν
1136 2520 1310 2574 ὅντων
1342 2520 1566 2593 Θεωρία,
1602 2529 1696 2576 καὶ
1748 2523 1834 2577 ἐπ’

256 2612 398 2683 αὐτῇ
442 2613 475 2684 ἠ
510 2611 605 2666 τοῦ
647 2613 758 2668 τῶν
800 2612 940 2668 ὅλων
975 2614 1326 2686 Δημιουργοῦ
1377 2615 1577 2681 ἔννοια,
1629 2611 1697 2691 ἦς
1729 2619 1841 2683 τοῖς

257 2705 559 2774 τυγχάνειν
583 2705 912 2775 πεφυκόσιν,
944 2706 1172 2777 οὐδεμία
1209 2702 1294 2771 τις
1341 2706 1408 2763 ἂν
1443 2707 1579 2777 άλλη
1630 2708 1843 2777 γένοιτο

259 2799 532 2871 κρείττων
562 2797 767 2871 πρᾶξις
796 2799 919 2854 οὐδὲ
951 2800 1377 2872 μακαριωτέρα,
1407 2794 1475 2873 ἧς
1504 2801 1597 2853 καὶ
1629 2799 1843 2871 ἀνθρω-

259 2909 362 2955 πος
406 2892 541 2962 πρὸς
580 2892 648 2963 τῇ
697 2891 831 2965 ἀλλῃ
862 2892 972 2946 τῶν
1000 2893 1173 2948 ὄντων
1205 2893 1433 2965 θεωρίᾳ,
1488 2893 1581 2947 καὶ
1633 2891 1839 2964 ταύτης

257 2983 421 3054 δῆλός
460 2985 576 3038 ἐστι
598 2984 913 3056 τυγχάνων.
946 2985 1157 3040 Οὐκοῦν
1189 2987 1250 3040 οὐ
1295 2987 1457 3057 μόνον
1489 2987 1601 3047 τοῖς
1635 2986 1841 3057 θηρίων

1956 503 2064 548 tam
2105 497 2575 554 immortalitatem
2621 499 2844 569 plurimi
2881 495 3533 565 faciebat.lmperatricis

1948 597 2128 643 autem
2196 600 2398 646 nostrae
2454 608 2577 662 quae
2620 608 2767 647 nunc
2823 590 3059 647 maxime
3122 597 3370 644 emortua
3425 597 3531 654 est,

1944 689 2100 750 pater
2127 682 2396 753 regionem
2437 700 2544 740 non
2609 685 2773 741 vilem
2848 698 3018 754 prope
3074 681 3273 737 Axium
3327 679 3529 736 ﬂumen

1946 773 2190 844 regebat,
2217 776 2375 845 cujus
2425 793 2565 848 aqua
2604 778 2997 849 potabilissima
3028 775 3220 832 eadem
3276 785 3331 828 et
3382 772 3531 827 salu—

1944 865 2180 921 berrima
2231 875 2503 925 censetur.
2540 869 2655 926 Rex
2702 872 2817 941 ipse
2857 868 3190 926 fortissimus
3213 863 3530 936 etjustissi-

1948 974 2069 1013 mus
2107 959 2349 1013 virorum
2392 970 2446 1014 et
2475 975 2602 1033 erga
2633 963 2840 1020 amicos
2900 961 3199 1018 fidissimus
3227 958 3348 1014 fuit.
3379 957 3529 1013 Talis

1946 1048 2110 1118 igitur
2139 1049 2380 1118 parentis
2439 1051 2546 1105 lilia
2603 1052 2990 1123 imperatorum
3048 1067 3111 1107 ac
3167 1051 3365 1107 ducum
3428 1064 3530 1103 no-

1944 1148 2183 1196 strorum
2220 1152 2415 1210 mater,
2452 1145 2641 1199 horum
2684 1146 2913 1215 genitori
2942 1155 3202 1216 nupserat
3233 1144 3325 1215 qui
3362 1157 3523 1211 gene-

1945 1234 2020 1288 ris
2060 1233 2346 1291 nobilitate
2397 1246 2451 1290 et
2501 1236 2733 1292 fortunae
2769 1238 2963 1306 opibus
3021 1237 3192 1292 multo
3235 1234 3436 1291 clarior
3468 1239 3529 1286 ut

1942 1337 1997 1384 et
2026 1329 2286 1383 virtutum
2310 1329 2483 1400 gloria
2517 1330 2571 1384 in
2602 1330 2946 1386 Romaeorum
2976 1330 3173 1402 populo
3199 1328 3525 1391 excellebat,

1942 1421 2191 1492 quamvis
2222 1420 2466 1479 inferiori
2498 1421 2615 1493 ipsa
2654 1422 2771 1479 loco
2818 1423 3050 1478 oriunda
3093 1431 3259 1488 esset,
3293 1420 3345 1475 id
3381 1418 3525 1489 quod

1943 1514 2089 1570 inter
2144 1527 2335 1570 omnes
2378 1522 2612 1571 constat.
2672 1514 2994 1586 Quicunque
3049 1515 3192 1569 enim
3248 1512 3524 1568 hominem

1941 1605 2456 1674 praestantissimum
2482 1605 2754 1663 Creatoris
2795 1621 2934 1677 opus
2968 1605 3267 1669 existimat,
3303 1602 3529 1659 minime

1949 1697 2159 1754 animas
2190 1697 2402 1769 aliquas
2432 1698 2637 1756 nostris
2667 1700 2924 1755 meliores
2944 1713 3067 1755 esse
3101 1695 3341 1767 negabit.
3374 1693 3530 1762 Quod

1946 1789 1996 1847 si
2028 1790 2099 1845 ita
2148 1799 2252 1857 est,
2278 1790 2407 1862 quid
2434 1792 2716 1863 antiquius
2772 1806 2897 1847 esse
2940 1797 3119 1860 potest
3150 1803 3314 1859 quam
3346 1786 3530 1856 Opinio

1944 1896 2066 1954 qua:
2093 1896 2157 1938 ex
2192 1897 2372 1937 rerum
2408 1892 2719 1938 creatarum
2772 1880 3213 1939 consideratione
3244 1878 3440 1944 oritur,
3474 1884 3530 1931 et

1944 1974 2053 2031 fine
2074 1989 2237 2044 quem
2262 1975 2502 2031 universi
2530 1976 2784 2032 conditor
2800 1975 2906 2032 sibi
2930 1972 3233 2045 proposuit,
3256 1984 3363 2040 quo
3392 1968 3529 2023 nihil

1945 2069 2164 2136 melius,
2196 2068 2274 2126 nil
2308 2068 2523 2126 beatius
2558 2070 2787 2141 cogitari
2826 2077 3026 2141 potest,
3066 2075 3120 2125 et
3149 2066 3305 2137 cujus
3364 2063 3530 2118 homo

1946 2161 2063 2233 ipse
2119 2161 2408 2218 manifeste
2458 2162 2727 2233 particeps
2756 2172 2859 2219 est.
2887 2160 3053 2235 Igitur
3084 2175 3191 2216 non
3227 2165 3436 2213 tantum
3470 2164 3531 2208 ut

1948 2263 2137 2309 caetera
2168 2252 2423 2308 animalia
2454 2263 2773 2326 operaretur
2808 2255 2995 2318 homo,
3026 2250 3125 2308 sed
3150 2246 3526 2305 nobilissimov

1900 2351 1908 2360 '
1947 2363 2066 2402 rum
2094 2346 2258 2403 simul
2286 2362 2453 2418 penes
2484 2363 2587 2405 nos
2620 2360 2880 2420 generum
2936 2343 3245 2413 exemplum
3297 2340 3351 2395 in
3394 2353 3529 2409 ope-

1944 2439 2115 2494 rando
2166 2445 2220 2495 et
2264 2453 2389 2493 cum
2448 2437 2571 2494 aliis
2600 2436 2945 2516 subsistendo
2988 2444 3331 2507 sequeretur.
3364 2430 3524 2485 Rela-

1947 2529 2149 2585 tionem
2215 2529 2362 2584 enim
2422 2538 2626 2585 certam
2705 2527 3038 2583 intercedere
3100 2531 3318 2595 oportet
3382 2522 3526 2577 inter

1944 2620 2323 2676 exsistentiam
2373 2629 2429 2675 et
2482 2620 2678 2691 agendi
2718 2620 3036 2675 facultatem
3090 2627 3143 2673 et
3199 2617 3317 2671 vice
3349 2626 3524 2670 versa.

1945 2712 2101 2779 Quod
2137 2712 2182 2769 si
2226 2712 2352 2783 quis
2412 2712 2691 2768 hominem
2754 2727 2860 2784 qua
2905 2710 3135 2767 bestiam
3192 2706 3524 2772 considerat,

1945 2805 2229 2861 bestialem
2255 2820 2387 2862 sane
2420 2805 2470 2861 ei
2505 2814 2759 2861 naturam
2818 2819 2943 2860 esse
3000 2802 3285 2868 fatebitur,
3318 2814 3419 2857 nec
3445 2806 3527 2853 ta-

1944 2900 2077 2952 men
2125 2896 2367 2953 melioris
2403 2912 2527 2952 eum
2556 2906 2767 2953 natura:
2810 2903 3115 2967 compotem
3154 2893 3395 2967 negabit,
3426 2908 3527 2949 nec

1945 2988 2236 3044 mirabitur
2285 2990 2430 3059 quod
2465 3003 2629 3058 opera
2673 3003 2882 3045 naturae
2932 3005 3045 3047 sua:
3093 3003 3336 3060 congrua
3377 2986 3526 3044 facit.

261 3077 448 3147 ἔργοις
474 3078 725 3132 κοινωνοί
746 3076 814 3132 ἀν
844 3076 1131 3149 ἄνθρωπος
1163 3079 1260 3132 καὶ
1290 3078 1357 3130 τὰ
1386 3079 1553 3148 θηρία
1584 3078 1835 3150 πράττοι,

1946 3080 2091 3138 Duas
2113 3080 2257 3137 enim
2282 3080 2489 3136 homini
2521 3082 2793 3142 essentias
2823 3083 3004 3139 inesse
3026 3082 3129 3138 sibi
3149 3080 3526 3154 persuadebit,

260 3174 403 3229 ἀλλά
441 3173 536 3227 καὶ
576 3174 692 3236 τοῖς
732 3171 844 3226 τῶν
878 3172 1209 3245 κρειττόνων
1263 3173 1420 3244 ἡμῶν
1452 3173 1627 3242 γενῶν
1664 3175 1713 3226 εί
1738 3172 1838 3243 τῆς

260 3265 437 3332 αὐτῆς
460 3266 645 3329 αὐτοῖς
670 3264 906 3335 θεωρίας
938 3267 994 3328 ἐς
1018 3264 1254 3335 δύναμιν
1284 3265 1376 3318 καὶ
1398 3264 1563 3327 αὐτὸς
1585 3264 1835 3330 ἅπτεται,

258 3361 330 3415 τὰ
373 3359 432 3415 δὶ
484 3358 848 3414 κοινωνοῦντα
901 3361 1016 3422 τοῖς
1069 3359 1274 3429 ἔργοις⁹
1313 3358 1408 3413 καὶ
1446 3360 1569 3420 ταῖς
1627 3358 1841 3422 οὐσίαις

262 3451 481 3522 ἀνάγκη
531 3453 834 3506 κοινωνεῖν.
883 3450 1174 3519 ’Δνάλογον
1208 3451 1317 3519 γὰρ
1355 3450 1438 3503 δεῖ
1478 3449 1623 3520 ἔχειν
1654 3448 1841 3512 οὐσίας

258 3562 319 3599 τε
351 3546 556 3616 ἔργοις,
612 3546 706 3599 καὶ
752 3542 891 3616 ἔργα
932 3543 1162 3607 οὐσίαις,
1211 3542 1401 3613 ῶσπερ
1455 3540 1548 3595 οὐν
1595 3559 1678 3604 τις
1727 3543 1839 3603 τοῖς

260 3636 470 3708 θηρίων
495 3636 677 3707 ἔργοις
708 3635 1071 3690 κοινωνοῦντα
1102 3635 1392 3704 ἄνθρωπον
1446 3635 1610 3704 ὀρῶν,
1647 3634 1838 3687 οὐσίαν

259 3731 327 3801 τῇ
378 3726 585 3799 θηρίων
625 3725 1018 3799 παραπλησίαν
1051 3725 1263 3780 τίθεται
1303 3725 1469 3781 αὐτὸν
1512 3724 1831 3796 κεκτῆσθαι,

256 3821 445 3886 καλῶς
473 3820 644 3887 ἀξιῶν
678 3820 770 3873 καὶ
815 3820 930 3883 τοῖς
962 3818 1069 3872 τῶν
1106 3818 1430 3890 κρειττόνων
1474 3818 1632 3887 ἡμῶν
1662 3817 1837 3886 γενῶν

256 3913 622 3970 κοινωνοῦντα
655 3912 801 3983 ὀρῶν
841 3911 1027 3984 ἔργοις
1064 3912 1159 3965 καὶ
1207 3910 1398 3965 οὐσίαν
1447 3908 1838 3982 παραπλησίαν

252 4009 325 4079 τῇ
356 4004 585 4060 ἐκείνων
617 4006 732 4077 ἔχει
773 4004 1029 4071 ἀξιούτω,
1051 4002 1127 4067 ὡς
1166 4006 1265 4074 οὐχ
1295 3997 1407 4058 οἷόν
1439 4019 1496 4055 τε
1522 4002 1583 4055 ὃν
1617 3999 1693 4075 μὴ
1737 4002 1838 4056 οὐκ

1942 3172 2182 3231 divinam
2244 3172 2744 3244 immortalemque,
2820 3183 2876 3229 et
2955 3174 3238 3231 bestialem
3295 3188 3526 3244 eamque

1941 3265 2249 3320 mortalem.
2283 3265 2526 3334 Cogitari
2578 3267 2720 3321 enim
2763 3280 3043 3337 nunquam
3106 3272 3284 3337 potest
3350 3265 3522 3320 Deum

1940 3357 2155 3414 infinite
2185 3357 2386 3413 bonum
2418 3366 2473 3414 et
2502 3368 2654 3415 extra
2701 3374 2918 3414 omnem
2949 3358 3207 3417 invidiam
3262 3359 3523 3429 positum,

1943 3465 2050 3506 non
2084 3461 2292 3522 partem
2349 3451 2585 3520 aliquam
2650 3452 2847 3507 divinae
2914 3460 3123 3507 naturae
3176 3451 3522 3517 mortalibus,

1939 3541 2406 3597 immortalitatem
2438 3541 2672 3609 scilicet,
2721 3542 3005 3599 indidisse.
3036 3542 3327 3613 Nunquam
3376 3550 3523 3599 certe

1939 3632 2083 3704 quod
2146 3634 2376 3689 mortale
2422 3642 2505 3689 est
2555 3634 3017 3691 immortalitatem
3071 3635 3421 3690 nanciscetur
3452 3633 3522 3689 ob

1938 3726 2157 3794 limites)
2185 3734 2391 3781 natura:
2441 3726 2692 3781 humanm
2725 3727 2954 3797 positos,
2986 3726 3077 3798 qui
3120 3743 3221 3783 nos
3252 3725 3522 3797 perfectos

1937 3834 2058 3875 esse
2109 3834 2219 3874 non
2270 3819 2480 3887 sinunt,
2524 3820 2625 3876 etsi
2680 3835 2781 3876 nos
2816 3822 2974 3892 ipsos
3020 3830 3239 3891 propter
3299 3834 3522 3875 causam

1938 3914 2174 3984 aliquam
2234 3921 2327 3970 aut
2377 3912 2498 3977 sine
2553 3929 2721 3971 causa
2757 3915 3157 3984 interimamus,
3194 3929 3302 3986 qua
3355 3914 3420 3970 de
3467 3929 3524 3969 re

1940 4020 2087 4061 nunc
2126 4006 2275 4076 loqui
2319 4006 2650 4076 superfluum
2702 4018 2851 4064 esset
2883 4023 3072 4065 coram
3110 4018 3189 4064 t0t
3220 4008 3349 4063 viris
3402 4006 3522 4077 ejus

254 4105 367 4159 ἀπὸ
405 4105 814 4177 παραπλησίων
856 4104 960 4174 τῆς
1010 4101 1201 4167 οὐσίας
1240 4103 1605 4174 παραπλήσια
1641 4102 1738 4156 καὶ
1770 4100 1839 4154 τά

1942 4098 2088 4154 baud
2121 4099 2353 4171 ignaris.
2382 4098 2539 4154 Nunc
2570 4114 2698 4155 vero
2728 4099 2846 4170 ejus
2880 4101 2953 4155 rei
2975 4102 3304 4155 mentionem
3342 4100 3522 4154 facere

255 4199 395 4270 ἔργα
422 4195 584 4263 εῖναι,
617 4201 713 4252 καὶ
750 4199 815 4250 ἐκ
846 4197 996 4250 δυοῖν
1024 4195 1218 4250 οὐσίαν
1243 4195 1335 4249 τὸν
1365 4196 1657 4266 ἄνθρωπον
1684 4211 1838 4266 νομι-

1942 4191 2089 4247 haud
2123 4191 2459 4249 fastidiosum
2516 4193 2643 4258 erit,
2678 4194 2949 4262 siquidem
2978 4208 3040 4248 ex
3083 4204 3156 4249 tot
3192 4210 3312 4261 qua!
3340 4206 3520 4262 quon-

252 4291 398 4357 ζέτω
446 4288 845 4351 συντεθεῖσθαι,
907 4288 1005 4358 τῆς
1063 4288 1162 4357 μὲν
1218 4286 1370 4350 θείας
1414 4287 1579 4351 τινος,
1626 4285 1724 4356 τῆς
1778 4284 1836 4339 δὲ

1942 4283 2063 4340 dam
2097 4283 2331 4340 floruere
2360 4285 2683 4341 civitatibus
2724 4285 2942 4342 difficile
2990 4287 3237 4341 invenias
3268 4285 3519 4349 alteram,

252 4364 583 4455 θηριώδους,
629 4380 726 4436 καὶ
776 4378 980 4448 ταύτης
1032 4380 1130 4448 μὲν
1183 4378 1408 4449 θνητῆς,
1450 4378 1550 4449 τῆς
1587 4376 1645 4431 δὲ
1682 4378 1835 4441 θείας

1942 4377 1993 4433 ἱιι
2055 4392 2161 4449 qua
2214 4378 2389 4433 virtus
2455 4387 2510 4433 et
2579 4379 2800 4435 fortuna
2857 4378 3088 4434 feliciori
3148 4392 3309 4449 quam
3376 4379 3518 4447 apud

166 4482 169 4483 '
250 4449 416 4549 ἡμῶν
440 4477 737 4540 ἀθανάτου,
775 4474 829 4526 si
871 4490 935 4541 γε
977 4473 1072 4527 καὶ
1103 4474 1136 4543 ἡ
1171 4470 1280 4526 τῶν
1312 4472 1641 4542 κρειττόνων
1672 4471 1833 4543 ἡμῶν

1942 4468 2191 4535 Βοωιεοε
2227 4472 2429 4527 unione
2463 4472 2771 4543 gaudebant
2800 4488 2866 4528 ac
2898 4472 3101 4529 diutius
3129 4472 3447 4528 ﬂoruerunt.

251 4570 431 4642 γενῶν
462 4569 732 4630 ἀθάνατος
754 4583 769 4601 ·
812 4565 1027 4636 οὐδαμῆ
1058 4565 1169 4637 γάρ
1199 4565 1267 4619 ἂν
1314 4564 1538 4634 εὐλογον
1578 4567 1688 4632 εἴη,
1718 4566 1903 4636 ἄκρως
1935 4564 2161 4635 ἀγαθῶν
2194 4564 2323 4619 ὄντα
2346 4564 2437 4619 τὸν
2466 4565 2601 4621 Θεὸν
2633 4568 2728 4621 καὶ
2758 4566 2955 4637 φθόνου
2982 4567 3088 4633 ἔξω
3117 4566 3318 4629 παντὸς
3343 4565 3420 4636 μὴ
3456 4566 3520 4618 οὐ

254 4664 396 4734 πρὸς
448 4665 564 4726 τοῖς
615 4661 799 4725 ἀλλοις
842 4676 895 4714 τι
924 4659 1227 4723 ἀθανάτους
1278 4661 1379 4724 τάς
1411 4660 1696 4728 ἐγγυτέρω
1736 4660 1932 4715 ἑαυτοῦ
1989 4659 2177 4724 οὐσίας
2240 4662 2589 4730 παραγαγεῖν
2624 4677 2640 4693 ·
2694 4662 2744 4715 εί
2809 4662 2856 4715 δ’
2888 4663 3094 4715 ἐκεῖναι
3127 4661 3385 4716 ἀθάνατοι
3418 4660 3521 4714 κᾶν

249 4759 415 4833 ἡμῶν
438 4760 564 4814 ὅσον
589 4759 687 4829 τῆς
710 4755 899 4820 οὐσίας
919 4754 1114 4817 αὐταῖς
1149 4755 1558 4825 παραπλήσιον,
1589 4755 1859 4810 ἀθάνατον
1892 4756 1980 4828 εῐη
2006 4772 2019 4787 ’
2053 4754 2176 4808 ἐπεὶ
2208 4754 2319 4809 οὐδ’
2344 4754 2411 4810 ἀν
2435 4772 2566 4810 ποτε
2595 4756 2806 4824 γένοιτο
2832 4755 3024 4827 θνητὸν
3049 4756 3302 4827 ἀθανάτῳ
3336 4773 3515 4825 παρα-

250 4858 486 4928 πλήσιον
506 4854 614 4909 οὐδ’
638 4853 722 4922 ἐφ’
740 4848 984 4915 ὀσονοῦν,
1014 4848 1076 4903 τὸ
1100 4849 1531 4922 πεπερασμένην
1560 4865 1625 4916 γε
1653 4848 1777 4923 ἔχον
1797 4850 1896 4933 τὴν
1918 4850 2015 4905 τοῦ
2046 4846 2189 4905 εἶναι
2217 4848 2450 4921 δύναμιν
2474 4848 2570 4903 καὶ
2592 4850 3003 4914 ἐπιλείπουσαν,
3027 4849 3105 4915 τῷ
3126 4852 3519 4924 ἀνεπίλειπτον

249 4956 432 5025 ἔχοντι
464 4949 562 5003 καὶ
591 4947 820 5018 ἄπειρον
844 4960 860 4977 ⁸
898 4947 994 5000 καὶ
1028 4946 1129 5019 μὲν
1158 4947 1221 5018 δὴ
1250 4946 1353 5000 κάν
1381 4946 1432 4998 οί
1457 4944 1614 4999 αὐτοὶ
1637 4944 1837 5010 αὐτοὺς
1865 4944 2287 5009 ἀποκτιννύντες
2315 4945 2428 4999 the
2474 4942 2683 5015 ἀρετῆς
2732 4946 3027 5017 περίεργον
3074 4947 3144 5002 ἀν
3192 4948 3279 5018 εἴη
3333 4947 3519 5017 λέγειν

249 5046 585 5117 παμπόλλων
639 5039 891 5096 εἰδότωνο
928 5040 1067 5095 ἀλλά
1107 5039 1364 5094 τοσοῦτον
1416 5038 1593 5094 εἰπεῖν
1645 5039 1705 5093 ἐν
1744 5039 1824 5110 τῷ
1869 5039 2103 5112 παρόντι
2162 5040 2223 5093 οὐ
2261 5040 2542 5110 φορτικὸν,
2596 5040 2680 5094 ὅτι
2735 5037 2947 5094 πολλῶν
2988 5042 3281 5095 πολιτειῶν
3319 5056 3380 5094 τε
3417 5042 3513 5095 καὶ

248 5139 543 5215 βασιλειῶν
595 5135 892 5206 γεγονυιῶν
938 5136 996 5188 ἐν
1048 5135 1212 5190 παντὶ
1252 5133 1330 5203 τῷ
1374 5133 1437 5188 ἐν
1489 5135 1678 5206 μνήμῃ
1721 5135 1900 5207 χρόνῳ
1933 5134 2170 5205 χαλεπὸν
2204 5134 2356 5189 ἐστιν
2386 5132 2592 5206 εὑρεῖν,
2626 5133 2761 5188 ὅπου
2804 5134 2976 5205 ἀρετή
3026 5150 3087 5187 τε
3138 5134 3235 5187 καὶ
3288 5133 3516 5203 εὐτυχία

248 5238 340 5292 ἐπ’
370 5233 504 5289 αὐτὸ
532 5227 980 5300 συνεληλυθέτην,
1002 5227 1079 5292 ὡς
1114 5231 1173 5282 ἐν
1202 5231 1271 5301 τῇ
1298 5227 1466 5283 πάλαι
1499 5228 1789 5301 Ῥωμαίων
1820 5227 2084 5300 πολιτείᾳ,
2108 5225 2226 5297 ἃμα
2251 5226 2307 5281 δὲ
2331 5228 2425 5282 καὶ
2448 5227 2541 5281 ἐπὶ
2574 5227 2712 5283 πολύ
2743 5225 2838 5282 τοῦ
2871 5228 3069 5299 χρόνου
3099 5228 3417 5303 διαρκέσαν,

322 5330 402 5400 Τῇ
463 5328 521 5382 δέ
573 5326 670 5381 νῦν
725 5321 1043 5396 ὑμνουμένη
1110 5322 1344 5393 βασιλίδι
1398 5322 1559 5378 τοῦτο
1608 5324 1827 5397 πρῶτον

2013 5319 2151 5379 Huic
2203 5331 2401 5377 nostra
2426 5318 2641 5390 quidem
2673 5319 3006 5391 imperatrioi
3038 5318 3183 5377 felici
3220 5334 3348 5376 casu
3374 5317 3514 5374 obti-
3568 5343 3577 5354 -

249 5420 475 5491 εὐτυχὲς
509 5415 721 5486 ὑπῆρξε
746 5414 808 5469 τὸ
845 5414 963 5486 ἃμα
1014 5413 1112 5484 μὲν
1141 5414 1198 5481 ἐξ
1229 5412 1454 5482 ἀγαθῶν
1483 5412 1601 5485 ἃμα
1632 5414 1679 5468 δ’
1728 5414 1830 5468 οὐκ

1942 5415 2017 5487 git
2068 5423 2126 5470 ut
2168 5414 2327 5471 bonis
2382 5414 2561 5481 iisque
2615 5412 2892 5471 nobilibus
2944 5420 3225 5485 procreata
3275 5411 3513 5482 parenti-

248 5514 356 5568 ἀσὴ
367 5529 482 5584 μων
505 5509 703 5581 φῦσαν,
731 5507 946 5562 πολλῶν
970 5507 1280 5576 κρείττονος
1308 5505 1341 5577 ἢ
1368 5504 1490 5560 καθ’
1517 5505 1717 5576 ἑαυτὴν
1734 5504 1829 5560 τοῦ

1942 5509 2040 5566 bus
2084 5507 2428 5563 Romaaorum
2470 5507 2792 5577 imperatori
2840 5509 3037 5578 genere
3087 5504 3339 5585 nobiliorl
3386 5514 3516 5559 nato

246 5606 433 5675 γάμου
492 5603 680 5673 τυχεῖν
735 5599 948 5671 βασιλεῖ
995 5598 1281 5669 Ῥωμαίων
1326 5597 1625 5670 γημαμένη
1654 5614 1669 5629 ο
1702 5597 1827 5669 ἀρτι

1942 5603 2205 5667 nuberet;
2242 5600 2334 5672 qui
2362 5600 2503 5670 patri
2537 5600 2796 5658 defuncto
2826 5600 3113 5665 successit,
3143 5598 3308 5669 inque
3341 5614 3513 5666 regno

246 5697 349 5767 τὴν
382 5693 661 5765 βασιλείαν
680 5691 831 5767 μετά
858 5691 960 5762 τὴν
980 5688 1076 5743 τοῦ
1099 5690 1305 5761 πατρὸς
1335 5688 1598 5762 τελευτὴν
1631 5706 1828 5761 παρει-

1942 5708 2036 5749 suo
2076 5707 2200 5748 cum
2264 5690 2412 5746 varia
2456 5690 2673 5746 fortuna
2735 5691 2949 5746 luctans
3003 5686 3314 5745 inva'siones
3378 5689 3512 5745 Bar-
3564 5704 3567 5707 λ

244 5764 464 5861 hiem,
494 5785 562 5839 τὰ
602 5764 841 5856 δήετά
887 5781 1069 5841 ταῦτα
1091 5782 1195 5839 οὐκ
1222 5776 1441 5857 ἀμιγεῖς
1468 5781 1525 5837 αί
1565 5783 1822 5853 ,εὐτυχίαι

1942 5784 2184 5841 barorum
2231 5798 2294 5841 ac
2342 5769 2693 5842 obséssioues
2733 5779 2945 5837 urbium
2984 5787 3238 5841 expertus
3273 5788 3356 5836 est
3398 5796 3507 5837 nou
