3982 6332
517 275 625 334 955

1758 263 2082 324 GEORGII
2119 260 2564 323 PLETIIONIS

3685 256 3785 318 93-6

514 396 740 450 paucas,
776 384 937 441 inter
967 398 1100 455 quas
1151 383 1368 452 longam
1422 380 1707 447 diramque
1748 378 1905 433 initio
1940 377 2094 448 regni

2222 376 2294 429 ιαὶ
2326 374 2435 428 τῶν
2465 374 2750 451 ,ἐναντίων
2790 373 2882 429 διὰ
2929 373 3024 435 τὰς
3076 372 3180 425 ὑπὸ
3214 370 3321 424 τῶν
3350 367 3662 438 Βαρϐάρων
3685 386 3785 422 πο-

513 474 654 543 ejus,
689 491 792 547 qua
826 478 955 533 urbs
985 486 1168 531 nostra
1200 472 1648 542 expugnabatur;
1682 469 1736 524 in
1766 484 1873 539 quo
1905 484 2087 525 rerum

517 565 837 621 discrimine
873 564 1182 633 imperatrix
1212 562 1442 617 fortuna:
1470 562 1899 617 vicissitudinem
1932 560 2091 615 ﬁrmo

518 656 642 710 tulit
679 658 883 719 animo,
923 664 978 709 et
1024 657 1075 708 in
1109 664 1339 723 utraque
1373 653 1589 708 fortuna
1633 654 1830 708 mentis
1864 652 2093 723 :equita-

518 758 625 800 tem
674 746 1037 810 conservavit,
1093 761 1192 801 nec
1233 745 1403 801 fracta
1468 745 1632 802 rebus
1678 745 1943 811 adversis,
1993 758 2094 800 nec

423 847 437 862 ‘
518 837 772 892 secundis
802 839 1112 900 tumefacta,
1146 836 1373 907 tempori
1422 838 1713 907 prudenter
1763 836 2092 891 inserviens.

516 925 723 996 Ingenii
778 928 924 983 enim
984 929 1261 999 acumine}
1282 930 1404 999 plus
1460 944 1619 999 quam
1673 926 1925 982 muliebri
1959 943 2095 998 gau-

517 1014 700 1079 debat,
758 1030 863 1070 non
922 1017 1106 1073 minus
1150 1019 1389 1087 prudens
1435 1032 1599 1087 quam
1642 1018 1757 1087 ipsa
1806 1016 2094 1087 Penelope.

518 1104 796 1163 Justitiam
832 1123 957 1161 vero
985 1123 1103 1162 eam
1140 1106 1438 1163 extremam
1470 1109 1707 1163 coluisse
1732 1110 1856 1178 quis
1884 1110 2096 1164 dubitat

521 1197 612 1251 ubi
663 1197 931 1252 audiverit
986 1213 1262 1267 nunquam
1305 1213 1423 1253 eam
1460 1208 1554 1254 aut
1592 1200 1709 1255 viro
1740 1211 1832 1255 aut
1884 1202 2097 1255 mulieri

524 1290 727 1341 malum
762 1290 1075 1357 intentasse,
1104 1292 1244 1345 bona
1286 1301 1469 1347 autem
1512 1293 1568 1346 in
1604 1294 1803 1348 multos
1870 1294 2096 1348 multas-

520 1395 628 1447 que
652 1380 970 1436 contulisse.
992 1381 1047 1435 ld
1076 1397 1204 1439 vero
1221 1394 1347 1439 ante
1362 1385 1543 1440 omnia
1570 1386 1619 1440 ei
1647 1388 1873 1458 contigit
1900 1388 2100 1442 multos

521 1484 725 1538 eosque
756 1473 928 1527 bonos
971 1473 1113 1531 ﬁlios
1163 1477 1215 1529 in
1270 1478 1444 1533 lucem
1505 1479 1761 1546 edidisse,
1797 1482 1936 1536 inter
1962 1495 2100 1551 quos

526 1565 882 1632 imperatores
909 1579 968 1623 et
997 1570 1190 1637 duces,
1222 1572 1315 1641 qui
1343 1574 1644 1627 secundum
1678 1575 1744 1628 ab
1772 1575 2102 1644 imperatore

522 1653 699 1709 locum
757 1666 1090 1728 occupantes
1118 1663 1485 1732 concorditer,
1534 1673 1588 1718 et
1632 1666 1675 1719 si
1728 1667 1945 1736 quando
1995 1668 2107 1722 dis-

2208 468 2479 539 λιορκίας,
2533 466 2710 529 δεινάς
2758 484 2817 518 τε
2877 467 2971 520 καὶ
3027 466 3268 536 χαλεπὰς
3308 461 3638 532 γεγονυίας*
3687 463 3779 512 καὶ

2213 560 2449 632 μάλιστα
2477 558 2575 628 τὴν
2612 557 2730 629 μετ’
2760 558 2820 609 οὐ
2864 556 2999 610 πολύ
3028 557 3127 626 τῆς
3165 556 3343 625 ἀρχῆς
3364 554 3467 621 τῆς
3501 551 3782 622 βασιλέως,

2207 654 2411 722 ὅτεπερ
2469 650 2565 704 καὶ
2614 650 2932 721 μακροτάτη
3002 650 3095 702 καὶ
3158 646 3444 714 δεινοτάτη
3515 647 3583 715 τῇ
3634 643 3785 695 πόλει

2208 744 2369 815 ἡμῶν
2393 744 2426 813 ἡ
2452 742 2741 814 πολιορκία
2772 741 3041 811 ἐγεγόνει,
3066 738 3180 792 ἀλλ’
3204 740 3239 808 ἡ
3271 737 3486 807 βασιλὶς
3519 735 3683 804 αὕτη,
3710 734 3785 795 ὡς

2215 831 2564 905 μετριώτατα
2594 833 2842 903 ἐφαίνετο
2865 831 3179 908 ¹ἀμφοτέροις
3214 830 3458 899 φέρουσα
3486 826 3557 880 δι’
3587 825 3785 895 ἀρετὴν

2209 925 2306 986 τὰς
2364 924 2555 994 τύχας,
2601 924 2713 978 οὐτ’
2745 927 2803 978 έν
2840 928 2959 987 ταῖς
2992 925 3305 994 δυστυχίαις
3356 920 3783 987 ταπεινουμένη,

2209 1017 2321 1071 οὐτ’
2342 1019 2399 1070 ὲν
2426 1019 2545 1079 ταῖς
2577 1016 2857 1087 εὐτυχίαις
2900 1015 3246 1086 χαυνουμένη
3270 1030 3283 1045 ο
3320 1012 3459 1066 ἀλλὰ
3484 1014 3547 1064 τὸ
3578 1010 3787 1079 πρέπον

2211 1112 2269 1163 ὲν
2300 1113 2415 1172 τοῖς
2446 1112 2658 1180 καιροῖς
2694 1111 2977 1180 ἑκατέροις
3016 1105 3393 1171 διασώζουσαι
3434 1106 3537 1173 τήν
3584 1122 3645 1156 τε
3680 1102 3785 1169 γὰρ

2213 1201 2433 1255 σύνεσιν
2486 1205 2583 1256 καὶ
2635 1203 2753 1271 ἅμα
2806 1201 3187 1271 γενναιότητα,
3250 1200 3523 1270 κρείττων
3566 1198 3598 1265 ἢ
3654 1195 3788 1248 κατὰ

2213 1298 2448 1363 γυναῖκα
2477 1290 2566 1365 ἦν,
2611 1298 2709 1364 τήν
2754 1312 2814 1347 τε
2841 1294 3201 1366 σωφροσύνην
3255 1291 3315 1345 οὐ
3364 1290 3568 1360 χείρων
3621 1291 3791 1357 Πηνε-

2211 1386 2406 1457 λόπης,
2434 1388 2532 1455 τὴν
2561 1387 2618 1440 δὲ
2648 1386 3021 1457 δικαιοσύνην,
3060 1386 3178 1449 πῶς
3210 1386 3271 1438 οὐ
3300 1384 3495 1437 τελέαν
3526 1382 3791 1451 ἐσχηκυῖα

2213 1483 2281 1551 ἢν
2333 1482 2516 1551 ἴσμεν,
2584 1480 2755 1533 κακὸν
2807 1489 2908 1550 μεν
2958 1480 3151 1534 οὐδένα
3204 1478 3317 1532 οὐτ’
3380 1478 3619 1547 ἀνδρῶν,
3669 1472 3791 1526 οὐτε

2214 1573 2489 1643 γυναικών
2539 1571 2761 1624 πώποτε
2804 1571 3219 1640 ἐργασαμένην,
3266 1568 3450 1637 ἀγαθὰ
3478 1567 3536 1620 δὲ
3568 1565 3792 1626 πολλούς

2212 1682 2273 1718 τε
2327 1666 2419 1717 καὶ
2466 1663 2691 1737 πολλὰς,
2738 1662 2832 1714 καί
2887 1679 2972 1724 τις
3024 1661 3375 1727 δικαιοσύνης
3429 1659 3615 1726 ἕτερος
3672 1655 3792 1724 ὅρος

523 1748 726 1803 (ordia:
756 1750 908 1807 locus
934 1762 1101 1818 esset,
1135 1756 1280 1825 quod
1330 1756 1476 1811 inter
1513 1735 1757 1827 ejusdem
1825 1761 2108 1828 potestatis

2222 1758 2547 1831 κυριώτερος
2579 1756 2611 1825 ἢ
2644 1756 2704 1807 τὺ
2738 1754 2908 1809 κακὸν
2942 1755 3042 1823 μὲν
3088 1753 3292 1821 μηδένα
3346 1750 3572 1803 πώποτε
3626 1748 3790 1817 ἐργα-

525 1840 704 1895 socius
738 1844 851 1898 ﬁeri
892 1847 1050 1913 solet,
1081 1862 1298 1919 semper
1337 1859 1517 1904 tamen
1550 1850 1673 1907 lites
1716 1852 1839 1907 sine
1870 1853 1948 1907 ira
1978 1863 2108 1907 sunt

523 1933 827 2004 diremptae.

2214 1852 2410 1906 σασθαι
2439 1850 2636 1903 ἑκόντα
2684 1845 2847 1912 εἶναι,
2903 1846 3085 1914 ἀγαθὰ
3116 1845 3173 1897 δὲ
3218 1840 3478 1913 συχνούς,
3532 1841 3708 1893 ὲκείνο
3739 1839 3793 1890 δὲ

2211 1944 2350 2015 πρὸς
2394 1942 2609 2003 πολλοῖς
2647 1941 2825 2004 ἄλλοις
2862 1938 3167 2009 εὐτυχέσιν,
3224 1934 3627 2006 εὐτυχέστατον
3657 1933 3791 1999 αὐτῇ

528 2028 737 2096 ὑπῆρξε
765 2030 825 2085 τὸ
854 2031 1067 2087 πολλῶν
1097 2034 1195 2089 καὶ
1222 2036 1448 2106 ἀγαθῶν
1480 2037 1688 2093 παίδων
1722 2040 1937 2112 μητέρα
1966 2041 2254 2108 γεγονυῖαν
2289 2039 2385 2091 καὶ
2415 2036 2522 2089 τῶν
2557 2034 2658 2105 μὲν
2690 2034 2870 2088 αὐτῶν
2900 2030 3187 2101 βασιλέων,
3211 2030 3320 2083 τῶν
3350 2028 3395 2081 δ’
3422 2027 3709 2097 ἡγεμόνων
3736 2045 3792 2081 τε

525 2122 723 2191 ἄλλως,
755 2126 852 2180 καὶ
873 2129 1152 2199 δευτερεῖα
1174 2130 1277 2203 τῆς
1304 2133 1582 2202 βασιλείας
1609 2137 1948 2206 ἐσχηκότων.
1976 2136 2189 2199 πάντας
2213 2134 2417 2204 ἐφορᾷν
2437 2131 2507 2184 τὰ
2532 2130 2631 2200 μὲν
2662 2128 2853 2192 πολλὰ,
2877 2124 3250 2197 ὁμονοητικῶς
3274 2123 3497 2194 ἔχοντας
3520 2121 3787 2189 ἀλλήλοιν.

530 2214 661 2267 Ιίίδέ
679 2232 809 2268 ποτε
836 2219 932 2273 καὶ
950 2220 1287 2292 διενεχθῆναί
1317 2240 1369 2276 τι
1398 2225 1597 2294 συνέϐη
1639 2231 1699 2290 ἐς
1754 2227 1920 2297 μηδὲν
1947 2226 2246 2296 ἀνήκεστον
2279 2223 2763 2294 έξενηνεγμένους,
2787 2213 2875 2272 οἷα
2904 2216 3365 2287 γίγνεσθαιεφιλεῖ
3408 2219 3524 2280 τοῖς
3578 2216 3791 2279 πολλοῖς

525 2306 639 2359 τῶν
672 2308 766 2363 ἐπὶ
790 2311 901 2365 τῶν
928 2314 1128 2382 ὁμοίων
1155 2316 1490 2371 δυναστειῶν
1520 2319 1963 2389 καθεστηκότων,
1997 2317 2114 2373 ἀλλ’
2138 2317 2328 2385 ὥσπερ
2354 2316 2597 2385 ἀψοφητὶ
2631 2315 2731 2377 τὰς
2760 2314 3023 2383 διαφορὰς
3046 2310 3508 2372 κατελελυκύτας,

602 2404 692 2459 Sic
753 2405 922 2475 igitur
982 2406 1256 2464 fortunata
1322 2421 1513 2468 nostra
1582 2412 1901 2483 imperatrix
1964 2411 2111 2468 omni

530 2492 730 2553 indolis
784 2499 939 2555 bona!
1002 2502 1160 2558 laude
1209 2506 1521 2572 cumulata,
1575 2506 1703 2561 licet
1765 2507 1909 2561 haud
1978 2522 2116 2576 pra:-

534 2597 744 2644 matura
790 2598 952 2647 aetate
1000 2593 1322 2662 decesserit,
1370 2613 1511 2667 {egre
1546 2608 1724 2655 tamen
1750 2600 1868 2670 ejus
1905 2599 2113 2654 obitum

528 2675 799 2745 ferimus;
862 2695 986 2734 nam
1042 2682 1116 2737 ita
1171 2698 1202 2737 a
1253 2694 1446 2740 natura
1509 2690 1810 2758 comparati
1852 2699 2121 2759 quotquot

534 2770 789 2828 mortales
826 2786 1038 2841 sumus,
1094 2784 1154 2830 ut
1207 2792 1387 2832 rerum
1451 2780 1852 2837 vicissitudines
1898 2798 1962 2837 ac
2006 2782 2118 2838 dis-

530 2862 766 2916 crimina
794 2878 949 2935 mgro
1000 2868 1181 2921 animo
1221 2872 1611 2935 sustineamus,
1652 2873 1778 2939 quia
1824 2872 2111 2927 cltarorum

536 2954 775 3023 rapitum
816 2957 1114 3013 absentiam
1143 2961 1295 3015 valde
1344 2962 1718 3020 desideramus
1744 2977 1798 3020 et
1828 2967 1999 3022 luctui
2030 2969 2111 3021 in-

537 3046 843 3115 dulgentes.
891 3048 1120 3119 Oportet
1151 3054 1297 3108 enim
1329 3055 1401 3109 ita
1449 3058 1515 3110 de
1556 3067 1868 3117 nostrorum
1898 3066 2116 3115 nostrav

536 3153 645 3206 que
674 3141 918 3209 ipsorum
956 3153 1131 3199 morte
1166 3147 1511 3216 cogitemus:
1564 3151 1844 3206 meliorem
1878 3151 2116 3222 aliquem

537 3240 589 3280 et
619 3231 1054 3297 prtestantiorem
1088 3235 1252 3292 nobis
1308 3237 1490 3293 locum
1556 3243 1823 3295 reservari
1876 3252 1929 3297 ct
1974 3244 2124 3298 exsi-

538 3321 794 3375 stentiam
823 3335 1063 3380 nostram
1094 3342 1201 3382 non
1238 3345 1344 3384 una
1374 3345 1500 3386 cum
1542 3340 1715 3388 morte
1747 3334 1924 3389 ﬁnire.
1958 3335 2123 3391 Exse-

540 3414 764 3469 «rabilis
820 3418 965 3471 enim
1029 3430 1113 3475 est
1173 3423 1423 3479 doctrina
1482 3422 1672 3481 eorum
1726 3430 1819 3498 qui
1888 3439 2120 3484 mortem

542 3523 860 3577 supremum
915 3510 1115 3567 malum
1158 3531 1280 3571 esse
1346 3520 1597 3584 credunt,
1670 3521 1745 3575 ita
1796 3530 1856 3576 ut
1912 3522 2003 3590 qui
2059 3522 2120 3575 il-

544 3601 648 3654 lam
698 3611 999 3671 sectantur,
1030 3609 1222 3678 privati
1272 3621 1367 3667 aut
1425 3614 1692 3677 civitates,
1728 3615 1780 3668 in
1831 3629 2021 3669 errore
2061 3630 2123 3670 ac

544 3690 765 3746 miseria
793 3708 1111 3753 versentur:
1167 3701 1285 3756 Huc
1356 3704 1566 3757 accedit
1643 3703 1786 3773 quod
1831 3704 2122 3759 falsissima

546 3797 669 3837 esse
701 3782 994 3854 invenitur,
1027 3799 1082 3843 et
1103 3789 1353 3847 homines
1404 3795 1661 3847 meliores
1714 3795 1937 3849 reddere
1988 3812 2126 3848 nuu-

550 3888 714 3939 quam
743 3876 962 3941 poti-rit.
1017 3876 1135 3945 Quo
1174 3881 1319 3934 enim
1348 3892 1528 3951 pacto,
1575 3884 1722 3953 quod
1778 3884 1977 3939 falsum
2016 3897 2120 3950 est,

549 3964 828 4032 virtutem,
861 3977 916 4023 et
941 3974 1085 4039 quod
1119 3986 1333 4040 verum,
1365 3974 1495 4029 vitia
1559 3974 1885 4042 ingenerare
1913 3978 2126 4047 possit?

546 4052 653 4108 Nec
690 4070 854 4125 porro
900 4059 1310 4118 similitudinem
1372 4075 1628 4136 spectans
1672 4083 1793 4137 qua:
1841 4069 1983 4123 inter
2026 4084 2127 4125 nos

542 4155 598 4199 et
617 4148 870 4204 animalia
897 4151 1203 4219 intercedit,
1225 4158 1517 4211 essentiam
1543 4166 1785 4212 nostram
1813 4157 2121 4212 beSIiarum

547 4250 759 4325 natura:
785 4243 1018 4299 similem
1078 4246 1293 4317 ﬁngas;
1356 4249 1449 4304 sed
1507 4251 1759 4321 superius
1802 4252 1934 4306 illud
1980 4253 2125 4323 quod

550 4338 710 4389 nobis
762 4337 1066 4409 ingenitum
1113 4353 1218 4409 est,
1251 4344 1493 4411 intuens,
1536 4364 1857 4418 persuasum
1906 4348 2124 4414 habeto,

2292 2407 2443 2479 Αὕτη
2488 2408 2520 2477 ἡ
2552 2405 2696 2459 οὕτω
2732 2406 2829 2475 μὲν
2861 2404 2998 2472 καλὴ
3025 2401 3242 2472 κάγαθὴ
3271 2402 3372 2471 τὴν
3413 2400 3617 2471 ψυχὴν,
3653 2399 3792 2454 οὕτω

2221 2503 2277 2556 δὲ
2314 2502 2412 2570 τὴν
2462 2500 2633 2569 τύχην
2672 2496 2903 2566 εὐτυχὴς
2934 2498 3045 2559 τοῖς
3081 2495 3356 2567 πλείστοις
3388 2497 3445 2547 ἐν
3476 2494 3668 2565 ἡλικίᾳ
3700 2496 3794 2547 οὐκ

2222 2594 2387 2664 ἀώρῳ
2438 2594 2501 2644 ὲκ
2557 2588 2651 2643 τοῦ
2692 2590 2819 2658 τῇδε
2866 2588 2962 2641 νῦν
3009 2588 3220 2657 οἴχεται
3252 2585 3397 2655 βίου,
3431 2588 3529 2638 καὶ
3558 2588 3795 2655 ἐνεγκεῖν

2173 2738 2176 2742 λ
2223 2684 2324 2755 μὲν
2360 2681 2560 2752 ἀλγητὶ
2608 2681 2669 2733 τὸ
2713 2678 2939 2749 γεγονὸς
2967 2679 3029 2731 οὐ
3062 2678 3246 2749 ρᾴδ;ον
3272 2717 3287 2742 ,
3319 2678 3443 2731 ἐπεὶ
3470 2677 3795 2748 πεφύκαμέν

2222 2787 2288 2837 γε
2316 2772 2411 2822 καὶ
2454 2769 2556 2831 τὰς
2597 2767 2763 2828 ἄλλας
2816 2768 2915 2829 τὰς
2964 2766 3153 2844 ὲνθᾴδε
3205 2766 3453 2837 ἀλλήλων
3488 2767 3794 2829 διαστάσεις

2224 2862 2319 2913 καὶ
2360 2860 2677 2930 ἀποδημίας
2714 2861 2808 2913 καὶ
2843 2859 3081 2929 μάλιστα
3113 2861 3293 2913 αὐτῶν
3318 2865 3413 2924 τὰς
3451 2861 3795 2931 μακροτέρας

2223 2954 2453 3007 ἔσεσθαι
2520 2954 2808 3018 δοκούσας,
2846 2953 2945 3005 οὐκ
2980 2952 3247 3022 avenge.
3275 2954 3465 3022 φέρειν
3496 2956 3545 3006 oi
3587 2953 3794 3022 ἄνθρω-

2224 3062 2314 3098 ποι
2342 3087 2356 3113 ,
2386 3044 2481 3098 dre
2515 3048 2609 3097 καὶ
2643 3044 2895 3115 ἡδόμενοι
2945 3044 3143 3114 μᾶλλον
3190 3044 3267 3113 τῷ
3297 3042 3532 3110 ἐγγύθεν
3564 3046 3680 3107 τοῖς
3708 3061 3793 3110 φι-

2225 3139 2513 3209 λουμένοις
2549 3142 2815 3192 συνεῖναι.
2845 3137 2999 3190 “Ωστ’
3037 3137 3104 3191 ἂν
3131 3138 3361 3200 εἰκότως
3407 3138 3505 3189 καὶ
3549 3138 3642 3188 ἐπὶ
3684 3138 3794 3197 ταῖς
3850 3185 3862 3187 _

2225 3233 2473 3303 ἀλλήλων
2506 3232 2857 3285 διαστάσεσιν
2911 3214 3138 3299 ἀλγεῖν,
3198 3232 3303 3302 χρὴ
3355 3230 3411 3283 δὲ
3461 3232 3509 3283 εἰ
3548 3230 3642 3283 καὶ
3678 3232 3795 3302 πρε

2226 3325 2336 3379 τῶν
2370 3324 2641 3379 τελευτῶν
2685 3326 2795 3377 τῶν
2834 3341 2891 3376 τε
2924 3324 3143 3377 οἰκείων
3177 3325 3269 3377 καὶ
3303 3323 3474 3393 φίλων
3511 3325 3602 3376 καὶ
3645 3324 3795 3391 ἡμῶν

2162 3434 2197 3451 "‘
2225 3420 2405 3472 αὐτῶν
2458 3419 2603 3471 οὓτω
2638 3416 3006 3482 διανοεῖσθαι,
3045 3416 3121 3480 ώς
3165 3412 3490 3487 ἀποδημιῶν
3516 3415 3610 3469 τοῦ
3647 3416 3794 3485 ἀμεῖ-

2226 3515 2376 3576 νονός
2428 3529 2487 3564 τε
2548 3512 2644 3565 καὶ
2703 3510 3039 3580 κυριωτέρου
3092 3510 3248 3580 ἡμῶν
3298 3509 3479 3563 οὐσῶν
3509 3513 3567 3572 ἐς
3591 3509 3655 3578 δή
3683 3525 3795 3561 τινα

2229 3602 2381 3672 αὐτῷ
2416 3602 2770 3671 προσήκοντα
2828 3600 3027 3670 χῶρον,
3068 3600 3185 3653 ἀλλ’
3214 3599 3275 3653 οὐ
3311 3598 3408 3653 τοῦ
3456 3602 3655 3663 παντὸς
3692 3601 3795 3651 όλέ-

2227 3696 2393 3765 θρων.
2449 3695 2632 3748 Δεινδν
2681 3693 2789 3764 γὰρ
2830 3694 2891 3746 τὸ
2920 3693 3113 3763 δόγμα,
3154 3692 3215 3745 τὸ
3256 3691 3351 3746 τοῦ
3401 3692 3597 3754 παντὸς
3649 3691 3796 3761 ἡμῶν

2226 3787 2448 3857 ὄλεθρον
2485 3787 2572 3839 τὸν
2610 3786 2841 3841 Θάνατον
2880 3780 3059 3849 εἶναι,
3097 3789 3193 3838 καὶ
3233 3780 3314 3848 οἷς
3354 3786 3421 3838 ἂν
3462 3785 3795 3854 ἐγγίγνηται,

2228 3880 2323 3933 καὶ
2388 3880 2630 3941 ἰδιώταις
2676 3878 2770 3931 καὶ
2811 3877 3022 3944 πόλεσι,
3073 3877 3439 3946 φαυλοτέρους
3479 3879 3573 3928 καὶ
3619 3877 3794 3943 ἀγενε-

2234 3974 2459 4044 στέρους
2497 3974 2575 4045 τῷ
2610 3976 2841 4045 ἐναντίῳ
2869 3975 3102 4042 δόγματι
3134 3972 3437 4041 χρωμένων
3464 3971 3628 4033 ποιεῖ,
3661 3969 3795 4021 ἔπει-

2229 4084 2297 4120 τα
2328 4068 2383 4121 δὲ
2425 4066 2519 4122 καὶ
2549 4066 2745 4138 ψευδὲς
2785 4069 2879 4121 καὶ
2926 4067 3150 4133 πρῶτον
3186 4064 3289 4135 μὲν
3334 4066 3512 4134 τούτῳ
3539 4063 3687 4133 αὐτῷ
3715 4062 3795 4129 δῆ-

2228 4162 2319 4214 λον
2356 4162 2430 4226 ώς
2486 4162 2681 4231 ψευδὲς
2735 4162 2811 4229 τῷ
2859 4164 3075 4231 χείρους
3108 4161 3234 4221 τούς
3267 4156 3589 4227 ἀνθρώπους
3629 4157 3794 4209 ποιεῖν

2230 4257 2338 4308 τῶν
2368 4256 2446 4327 τῷ
2481 4257 2713 4324 ἐναντίῳ
2757 4256 2989 4326 δόγματι
3023 4253 3344 4323 χρωμένων.
3378 4252 3455 4304 Οὐ
3492 4249 3600 4320 γὰρ
3631 4249 3788 4309 static.

2230 4349 2291 4401 τὸ
2350 4338 2449 4417 μὲν
2506 4349 2706 4419 ψευδὲς
2762 4347 2962 4417 δόγμα,
3006 4345 3249 4416 βελτίους
3293 4344 3419 4405 τοὺς
3462 4339 3791 4411 ἀνθρώπους,

548 4429 768 4481 alteram
798 4445 1026 4502 eamque
1046 4435 1372 4492 diviniorcm
1419 4440 1575 4495 nobis
1600 4450 1655 4494 et
1674 4442 1895 4495 minime
1928 4442 2115 4494 bestia

2235 4442 2293 4493 τδ
2332 4441 2379 4494 δ’
2408 4442 2608 4512 ἀληθὲς
2638 4441 2854 4511 χείρους
2906 4441 3107 4503 ποιεῖν,
3141 4437 3278 4492 ἀλλὰ
3314 4435 3392 4506 τῷ
3422 4434 3541 4487 ὄντι
3569 4476 3583 4498 ,
3616 4432 3675 4487 τὸ
3707 4434 3791 4502 μὲν

553 4523 658 4574 lem
722 4523 900 4579 inesse
936 4537 1208 4583 naturam.
1276 4530 1427 4585 Scito
1461 4532 1607 4586 enim
1659 4532 1826 4587 Deum
1881 4534 2120 4603 aliquem

552 4615 787 4670 universi
822 4628 1118 4675 creatorem
1152 4623 1405 4677 omnibus
1432 4625 1596 4678 rebus
1643 4639 1742 4695 pro
1788 4625 1997 4680 infinita
2025 4640 2125 4680 sua

551 4704 789 4761 bonitate
804 4710 1113 4778 prresidere,
1132 4727 1232 4768 nec
1250 4729 1581 4785 quemquam
1599 4731 1720 4770 esse
1736 4717 1821 4771 cui
1842 4728 1933 4769 aut
1952 4716 2125 4771 medi-

552 4798 718 4854 tando
750 4805 928 4858 autab
943 4806 1064 4860 aliis
1084 4808 1134 4862 id
1156 4808 1417 4865 discendo
1441 4825 1545 4862 non
1570 4810 1751 4863 credat
1779 4811 1880 4863 nisi
1918 4810 1971 4864 in
2002 4811 2126 4863 ulti-

553 4906 696 4943 mam
732 4894 919 4962 lapsus
958 4897 1020 4951 sit
1050 4912 1264 4954 morum
1302 4903 1734 4968 perversitatem.
1760 4901 1927 4956 Nemo
1958 4903 2123 4957 etiam

552 4984 819 5040 dubitabit
844 4989 974 5058 quin
999 4991 1070 5046 sit
1112 4994 1294 5064 aliqua
1330 5010 1430 5051 nos
1460 4996 1601 5050 inter
1657 5005 1711 5050 et
1740 4996 1894 5051 illum
1935 5006 2127 5051 natura

558 5077 716 5129 vobis
768 5082 1036 5149 superior,
1096 5087 1204 5140 Deo
1248 5099 1427 5144 autem
1486 5090 1732 5145 inferior.
1799 5092 1944 5147 Duas
1982 5095 2126 5147 enim

560 5168 725 5224 homo
781 5174 918 5241 gerit
968 5185 1205 5241 naturas,
1249 5197 1408 5236 unam
1471 5183 1859 5249 immortalem,
1903 5188 2128 5240 alteram

559 5268 881 5332 mortalem;
928 5285 1026 5323 nec
1075 5284 1158 5328 est
1211 5290 1375 5331 causa
1434 5278 1487 5332 in
1535 5277 1749 5332 ruinam
1799 5295 1919 5333 sese
1950 5280 2126 5349 ipsum

556 5362 946 5432 praecipitandi,
1012 5368 1120 5422 imo
1167 5384 1285 5425 esse
1333 5380 1387 5426 et
1442 5374 1756 5428 conservari
1802 5391 1924 5428 cum
1968 5390 2130 5444 Opor—

555 5462 654 5510 t-I.
721 5455 893 5526 Igitur
955 5458 998 5513 si
1056 5460 1217 5514 homo
1284 5480 1340 5517 sc
1405 5467 1519 5535 ipse
1579 5468 1859 5534 occiderit,
1922 5480 2128 5539 partem

554 5545 635 5597 sui
677 5548 960 5603 mortalem
1011 5553 1229 5616 occidit,
1267 5570 1443 5624 neque
1473 5573 1596 5611 \et'o
1627 5559 2007 5626 immortalem,
2039 5576 2133 5629 pa—

560 5651 677 5689 rum
732 5639 917 5705 refert,
975 5659 1082 5713 qua
1146 5645 1214 5699 de
1262 5661 1425 5702 eausa
1476 5648 1523 5703 itl
1578 5650 1787 5715 fecerit,
1839 5664 1892 5706 et
1929 5654 1995 5707 de
2025 5672 2128 5723 qua

561 5728 653 5783 llic
705 5730 954 5800 loquendi
1004 5752 1111 5790 non
1166 5747 1247 5793 est
1295 5748 1505 5809 tt-mpus
1561 5757 1656 5795 nec
1718 5742 1883 5799 Ιυρυρ.
1915 5745 2129 5802 Sei~us

2228 4533 2449 4605 χείρους
2494 4536 2622 4597 τοὺς
2679 4532 3005 4602 ἀνθρώπους
3052 4529 3243 4584 ποιοῦν
3292 4528 3439 4582 τοῦτ’
3470 4527 3589 4580 ἐστὶ
3622 4528 3715 4613 κα)
3742 4522 3792 4575 τὸ

2226 4628 2443 4699 ψευδὲς,
2495 4627 2569 4699 τδ-
2590 4627 2644 4680 δὲ
2696 4626 2960 4697 βελτίους,
2992 4624 3245 4694 τάληθές.
3285 4622 3521 4676 Ἔπειτα
3560 4620 3638 4690 μὴ
3668 4618 3788 4688 πρὸς

2226 4696 2324 4792 τὴν
2358 4722 2465 4774 τῶν
2504 4696 2715 4791 θηρίων
2760 4720 2917 4790 ἡμῶν
2974 4718 3136 4789 μόνον
3169 4715 3309 4785 ὀρῶν
3354 4714 3680 4776 κοινωνίαν,
3712 4709 3789 4763 καὶ

2228 4815 2409 4868 πᾶσαν
2467 4812 2564 4881 τὴν
2612 4812 2800 4864 οὐσῖαν
2854 4812 2920 4881 τῇ
2975 4809 3085 4862 τῶν
3147 4805 3356 4877 θηρίων
3413 4803 3789 4875 παραπλησίαν

2228 4905 2424 4959 οἰέσθω
2477 4906 2622 4973 ἡμᾶς
2672 4903 2859 4972 ἔχειν,
2924 4900 3059 4954 ἀλλὰ
3112 4900 3208 4952 καὶ
3268 4895 3405 4968 πρὸς
3454 4896 3555 4957 τὰς
3618 4894 3788 4960 ἐτέρας
3861 4945 3865 4947 .

2232 5000 2388 5071 ἡμῶν
2422 4997 2650 5067 πράξεις
2683 4996 2777 5057 τὰς
2816 4993 3096 5062 θειοτέρας
3149 4988 3476 5042 ἀποϐλέπων
3498 5026 3515 5052 ,
3569 4985 3789 5056 ἡγείσθω

2230 5094 2326 5148 καί
2365 5109 2485 5145 τινα
2518 5091 2652 5159 ἡμῖν
2688 5088 2887 5140 ἐνεῖναι
2927 5084 3121 5137 οὐσίαν
3165 5081 3380 5151 ἑτέραν,
3416 5080 3553 5132 πολὺ
3581 5080 3679 5149 τῆς
3710 5078 3790 5144 θη·

2236 5186 2366 5257 ρίων
2419 5185 2625 5252 ταύτης
2681 5181 2991 5249 Οειοτέραν’
3049 5177 3160 5247 έχει
3204 5176 3311 5244 γὰρ
3360 5172 3478 5227 ὡδί.
3542 5172 3675 5226 θεὸν
3708 5171 3789 5242 μέν

2232 5299 2354 5335 τινα
2389 5280 2487 5333 ἕνα
2526 5279 2637 5339 τοῖς
2672 5275 2814 5338 ὅλοις
2862 5272 3185 5341 ὲφεστᾶναι,
3227 5268 3565 5340 δημιουργόν
3618 5283 3677 5319 τε
3715 5265 3791 5318 αὐ·

2232 5374 2340 5426 τῶν
2373 5372 2523 5446 ipsa,
2552 5370 2645 5421 καὶ
2668 5364 3020 5438 παραγωγὸν,
3049 5363 3142 5415 καὶ
3173 5361 3361 5414 τοῦτον
3390 5361 3578 5431 ἄκρως
3610 5356 3791 5425 ἀγαθὸν

2234 5464 2407 5528 εἶναι,
2445 5464 2620 5524 οὐδεὶς
2667 5463 2814 5522 ὅστις
2869 5462 2929 5512 οὐ
2962 5460 3159 5529 νομιεῖ,
3205 5457 3237 5527 ἧ
3278 5455 3441 5516 αὖτ’-ς
3469 5448 3790 5523 ὲννοήσα.;,ἦ

2234 5563 2343 5613 τῶν
2370 5560 2538 5612 διτων
2571 5557 2865 5627 ἀξιούντων
2894 5555 3129 5614 ἀκοὲων,
3166 5552 3212 5603 εί
3246 5549 3320 5619 μὴ
3352 5548 3561 5616 σφόδρα
3595 5564 3679 5609 τις
3709 5545 3792 5595 διε-

2238 5654 2428 5723 φῢιιροι
2492 5651 2587 5719 τὴν
2654 5650 2915 5712 διάνοιαν,
2979 5645 3089 5699 οὐδ’
3128 5644 3204 5707 ὡς
3266 5643 3456 5696 τούτου
3514 5642 3611 5694 καὶ
3647 5634 3793 5708 Δἡμῶν

2241 5747 2445 5817 μεταξὺ
2485 5746 2567 5815 εἴη
2604 5762 2683 5808 τις
2817 5741 2910 5797 καὶ
2948 5741 3079 5810 ἄλλη
3132 5739 3313 5808 φύσις,
3346 5734 3455 5789 εἴτε
3487 5736 3552 5806 δὴ
3598 5735 3693 5805 μία
3736 5727 3792 5796 τῷ
