3958 6328
146 427 274 489 1069

1105 413 1129 429 "
1168 406 1663 495 LAMENTATIO
1692 417 1795 482 DE
1826 405 2045 482 croLt
2074 420 2333 484 carm.
2408 412 2417 429 ‘

3246 420 3407 487 .1070

142 543 338 614 σφόδρα
402 541 575 615 νεαρῷ
633 541 730 613 τῆς
773 540 1010 614 ἡλικίας,
1067 542 1163 597 καὶ
1211 542 1375 598 ἄλλου
1415 540 1552 613 ἄλλῃ
1584 539 1722 593 ἀπε-

1836 538 1882 591 in
1916 538 2224 595 calamitate
2256 540 2415 597 {idem
2448 538 2832 595 adolescentiae
2854 539 3143 610 fragilitate
3180 539 3406 609 relique.

141 637 439 710 νεχθέντος,
475 638 629 710 μόλις
653 632 736 702 εἷς
769 654 861 706 μοι
893 635 1324 707 περισέσωσται,
1355 636 1516 700 ὤνιος
1546 636 1720 706 ἀργυ-

143 734 297 802 ρίοις,
355 732 449 785 καὶ
503 729 855 801 ταλαιπωρίᾳ
891 730 1085 802 πολλῇ’
1127 729 1227 783 οὐκ
1264 729 1330 783 ἂν
1379 728 1513 791 ἴσως
1560 725 1722 781 τοῦτο

144 826 356 895 συμϐὰν
385 825 583 890 οὕτως,
614 824 665 878 εί
691 827 719 879 ό
745 825 928 899 πατὴρ
965 824 1067 894 μὲν
1095 825 1304 889 αὐτοῖς,
1329 824 1467 894 ἐμοὶ,
1484 822 1541 877 δὲ
1561 820 1721 877 ἀδελ-

141 917 236 986 φὸς
268 920 488 988 περιῆν.
516 916 667 988 Ταχὺ
693 917 802 987 γὰρ
833 915 901 971 ἂν
928 917 1126 981 αὐτοὺς
1158 915 1507 986 ἀναζητήσας
1536 929 1724 983 περιε-

127 1009 373 1072 σώσατο,
401 1008 496 1063 τοῦ
523 1009 686 1063 πόνου
720 1027 812 1081 μοι
845 1010 1249 1081 συναράμενος.
1273 1007 1390 1062 Νῦν
1416 1006 1556 1061 δὲτὸ
1579 1006 1724 1061 ὲκεί-

136 1121 262 1166 νους
296 1103 397 1174 μὶν
427 1104 484 1170 ἐξ
509 1102 817 1175 ἀνθρώπων
851 1102 1132 1173 γενέσθαι,
1166 1101 1268 1171 εμὲ
1297 1100 1354 1155 δὲ
1391 1099 1555 1171 μόνον
1581 1100 1719 1171 πρὸς

137 1198 313 1251 πάντα
352 1196 428 1270 μὴ
466 1196 756 1268 ἐξαρκεῖν,
808 1197 985 1260 ἄλλως
1036 1212 1095 1249 τε
1155 1194 1251 1248 καὶ
1310 1194 1719 1269 ἀπραγμοσύνῃ

138 1289 477 1361 συνεζηκότα
533 1290 704 1363 πολλῇ
761 1290 851 1364 (δι’
892 1290 961 1361 ἢν
1007 1289 1147 1359 πρὸς
1185 1289 1364 1343 πάντα
1413 1286 1575 1341 πόνον
1626 1288 1723 1342 καὶ

136 1382 356 1453 πρᾶξιν,
394 1383 536 1455 πλὴν
583 1385 677 1439 τοῦ
730 1384 872 1439 κατὰ
932 1383 1059 1448 τοὺς
1123 1382 1355 1451 λόγους,
1405 1381 1720 1436 συνέϐαινεν

137 1476 281 1547 ἔχειν
308 1476 576 1549 ἀπείρως)
608 1476 785 1533 αἴτιον
818 1477 1006 1541 αὐτοῖς
1053 1474 1152 1546 τῆς
1196 1476 1456 1548 τοιαύτης
1491 1477 1721 1545 μεταϐο-

136 1568 254 1641 λῆς.
297 1567 439 1624 Οῦτε
480 1570 591 1643 γάρ
642 1571 824 1641 εὑρεῖν
854 1568 1073 1635 αὐτοὺς,
1103 1570 1212 1641 ὅπη
1259 1569 1385 1640 γῆς,
1415 1569 1601 1641 ῥᾴδιον
1632 1565 1719 1638 ἦν,

134 1665 256 1719 οὐδὲ
290 1664 401 1718 τῶν
434 1663 613 1719 ἀλλων
640 1663 835 1717 οὐδένα
869 1656 1180 1733 συγγενῶν,
1217 1663 1436 1719 πάντων
1471 1662 1721 1728 ἐλεεινῶς

136 1759 243 1821 τοῖς
280 1755 580 1829 βαρϐάροις
620 1755 715 1810 ἀπ’
746 1754 999 1825 ἀλλήλων
1029 1755 1453 1827 γεγενημένων,
1501 1755 1596 1809 καὶ
1628 1754 1722 1810 ἀλ-

1824 630 1954 697 rint,
1981 629 2231 704 aliusque
2255 620 2708 690 alio'abstraclus
2741 635 2835 701 sit,
2863 633 2950 689 vix
2983 647 3127 687 unus
3162 633 3295 687 mihi
3327 646 3407 688 re-

1824 733 1954 792 stat,
1986 737 2211 800 argento
2270 729 2502 796 venalis,
2564 745 2764 801 magna
2814 727 3139 786 difﬁcultate
3188 724 3414 782 conflic-

1824 826 1947 874 tans
1975 836 1988 873 :
2026 818 2167 888 quod
2200 818 2432 877 fortasse
2461 837 2570 877 non
2603 821 2928 887 accidisset,
2963 821 3007 876 si
3075 828 3226 890 pater
3258 818 3412 887 ipsis,

1822 920 1877 968 et
1913 913 2043 969 mihi
2074 913 2262 979 frater,
2286 926 2615 987 superesset.
2648 918 2807 988 Brevi
2826 917 2971 973 enim
2995 929 3092 973 eos
3128 914 3413 985 requirens

1824 1017 2223 1073 conservasset,
2253 1007 2458 1066 laboris
2498 1011 2631 1066 mihi
2672 1012 2878 1069 socius.
2914 1010 3073 1065 Nunc
3107 1024 3253 1074 vero,
3306 1007 3415 1063 illis

1824 1096 1893 1153 de
1922 1098 2029 1154 vita
2057 1096 2337 1161 communi
2364 1102 2618 1163 sublatis.
2643 1119 2877 1171 quorum
2911 1119 3079 1179 opera
3114 1102 3247 1158 mihi
3274 1115 3410 1172 opus

1824 1201 2109 1256 erat.cum
2143 1207 2243 1265 ego
2282 1194 2434 1251 solus
2464 1196 2612 1250 omni
2650 1197 2823 1253 labori
2845 1198 3068 1254 ferendo
3088 1214 3194 1253 non
3208 1212 3411 1257 essem.

1825 1287 2125 1357 praesertim
2157 1296 2317 1343 aetate
2349 1288 2403 1343 in
2436 1290 2550 1344 otio
2572 1290 2881 1357 litterisque
2928 1289 3064 1348 acta‘
3107 1290 3281 1364 (unde
3344 1288 3411 1345 ad

1825 1394 2046 1435 omnem
2078 1382 2319 1438 laborem
2338 1394 2383 1438 ei
2413 1382 2704 1445 actionem,
2726 1393 3086 1456 praeterquam
3107 1386 3171 1439 ad
3207 1369 3412 1446 studia,

1826 1474 1981 1531 rudis
2010 1483 2065 1531 et
2093 1475 2313 1545 ineptus
2340 1460 2511 1546 sum),
2549 1492 2713 1533 causa
2756 1477 2868 1534 haec
2905 1478 3009 1534 illis
3043 1486 3205 1533 tanta:
3242 1484 3412 1531 muta-

1821 1556 1993 1627 tionis
2023 1570 2241 1627 aCCitlil.
2270 1568 2459 1639 Neque
2492 1556 2660 1634 cnim,
2709 1572 2931 1626 ubinam
2988 1571 3089 1640 ipsi
3141 1580 3413 1626 terrarum

1824 1664 2029 1728 essent,
2059 1670 2278 1731 repertu
2314 1661 2702 1729 fa‘cileserant:
2736 1676 2911 1731 neque
2934 1673 3253 1735 ceterorum
3279 1675 3414 1716 con-
3515 1724 3523 1733 ,

1828 1755 2253 1828 sanguineorum
2314 1756 2458 1811 ullus
2503 1774 2516 1809 :
2569 1756 2715 1826 quod
2769 1754 2969 1827 singuli
3032 1753 3414 1810 miserabiliter

134 1848 229 1903 λου
269 1848 407 1921 ἄλλῃ
429 1848 848 1919 ἀπενεχθέντος*
881 1847 976 1901 καὶ
997 1848 1026 1901 ό
1047 1847 1315 1901 ἑκάστοτε
1334 1847 1392 1902 δὲ
1424 1848 1525 1901 σὺν
1548 1836 1717 1917 πολλῇ

1836 1863 1856 1901 a
1906 1850 2151 1905 barbaris
2184 1848 2434 1905 distracti
2473 1864 2503 1903 a
2534 1864 2593 1904 se
2622 1848 2855 1904 invicem
2915 1856 3117 1913 essent,
3165 1847 3416 1916 aliusque

136 1940 493 2015 ταλαιπωρίᾳ
530 1960 621 2015 μοι
672 1940 1065 2012 εὑρισκόμενος
1098 1934 1251 1993 εἷλκε
1307 1939 1445 2010 πρὸς
1501 1938 1720 1996 ἑαυτόν.

137 2033 363 2107 Πρῶτον
400 2033 493 2089 οῦν
522 2032 908 2103 περιτυγχάνω
932 2034 998 2100 τῇ
1033 2030 1259 2102 ἀδελφῇ,
1297 2026 1419 2084 εἶτα
1446 2033 1510 2099 τῇ
1549 2030 1723 2101 μητρὶ

137 2126 398 2205 ἀλλαχοῦ,
421 2126 501 2199 τῷ
524 2124 791 2197 ἀδελφιδῷ
816 2124 1065 2195 ὕστερον·
1092 2126 1188 2179 καὶ
1218 2124 1431 2187 τούτοις
1451 2121 1551 2193 τὴν
1573 2122 1726 2175 ἐλευ-

137 2221 329 2293 θερίαν
353 2221 459 2275 ὑπὸ
490 2219 608 2291 Θεῷ
641 2220 801 2291 αἰτίῳ
825 2216 1245 2289 περιποιοῦμαι,
1270 2217 1425 2283 τάξιν
1449 2216 1725 2286 ὑπηρέτου

140 2314 337 2380 σώζων
369 2314 555 2379 αὐτός,
598 2314 694 2368 καὶ
728 2313 789 2367 τὸ
840 2311 1044 2381 σφόδρα
1077 2311 1318 2383 χαλεπὸν
1361 2310 1465 2380 τῆς
1502 2310 1613 2364 τῶν
1638 2310 1728 2363 λύ-

135 2426 287 2486 τρων
322 2406 616 2479 εὑρέσεωςο
651 2405 718 2476 ἢν
766 2405 903 2475 ἐλέῳ
935 2404 1082 2474 μόνῳ
1121 2394 1259 2457 Θεοῦ
1305 2396 1619 2474 ὲκτὼμεθα,
1655 2403 1725 2458 δι’

144 2502 213 2571 ἢν
236 2498 350 2555 τῶν
378 2498 737 2571 παρεχόντων
792 2498 890 2552 καὶ
914 2497 1209 2551 ἐλεούντων
1239 2499 1273 2568 ὴ
1305 2496 1424 2552 θεία
1458 2495 1727 2562 ἀντίδοσις

144 2591 553 2666 μυριοπλασίας
596 2585 1014 2663 ἀποδοθήσεται.
1052 2590 1231 2644 Μόνον
1262 2589 1357 2644 νῦν
1406 2591 1546 2661 είμι,
1598 2607 1729 2659 συγ-

140 2685 327 2755 γενέσι
361 2682 576 2749 πολλοῖς
604 2682 854 2752 πολλαχῆ
884 2682 1333 2751 διεσπαρμένοις,
1369 2684 1463 2735 καὶ
1488 2681 1727 2752 οὐδαμοῦ

139 2776 267 2832 om
301 2776 498 2831 σύνδυο
535 2775 978 2848 εὑρισκομένοις,
1035 2776 1093 2830 ἐν
1138 2776 1345 2847 ἀπορίᾳ
1404 2774 1575 2846 πολλῇ
1632 2776 1730 2829 καὶ

138 2866 495 2939 ταλαιπωρίᾳ
529 2867 766 2940 μεγάλῃ.
822 2866 993 2921 Τοῦτό
1050 2883 1119 2937 με
1172 2868 1263 2921 καὶ
1314 2866 1435 2920 λίαν
1482 2865 1729 2935 ἀλγύνει,

136 2957 308 3013 τοῦτο
330 2950 477 3012 ποιεί
504 2959 566 3012 τδ
596 2959 696 3029 ζῇν
726 2959 1120 3030 ἀπολέγεσθαι.
1154 2959 1304 3030 Δῦτη
1333 2976 1425 3029 μοι
1456 2958 1732 3029 συμφορὰ,

139 3044 511 3125 παραμυθίας
549 3051 809 3106 ὑπόθεσιν
840 3051 1105 3123 οὐδεμίαν
1158 3054 1554 3123 ὑποφαίνουσα.
1618 3052 1734 3108 Μία
1776 3114 1783 3121 ε

141 3164 239 3217 μοι
279 3146 447 3216 μόνον
480 3140 831 3218 παραμυθία,
866 3144 927 3200 τὸ
962 3146 1091 3208 τοὺς
1139 3145 1456 3215 ἀδελφιδοῦς
1501 3143 1736 3215 ἀνακλη·

1750 1898 1798 1960 Β

1828 1943 1935 1999 alio
1969 1944 2270 2013 abreptus:
2298 1943 2372 1997 ita
2400 1944 2453 1998 u't
2487 1943 2724 2012 quisque
2752 1942 3020 2011 ipsorum,
3060 1941 3149 1995 vix
3195 1954 3337 2009 aegre
3383 1953 3414 1991 a

1830 2032 2150 2089 mediverso
2175 2034 2229 2090 in
2258 2016 2380 2089 loco
2418 2039 2686 2101 repertus,
2747 2045 2833 2085 me
2893 2031 2950 2085 in
3005 2044 3063 2085 se
3122 2029 3419 2098 quaerendo

1830 2135 2156 2196 occupatum
2210 2135 2437 2182 teneret.
2471 2125 2653 2181 Ptimu
2687 2124 2873 2196 itaque
2929 2108 3223 2179 nanciscor
3267 2135 3419 2178 soro-

1831 2232 1968 2281 rem,
1998 2218 2197 2275 deinde
2234 2227 2467 2274 matrem
2505 2219 2614 2273 alio
2650 2218 2703 2273 in
2742 2216 2880 2286 loco,
2940 2221 3053 2273 tum
3113 2216 3296 2273 fratris
3358 2218 3421 2271 li-

1831 2312 1965 2368 lium
2002 2329 2016 2368 :
2051 2310 2252 2383 quibus
2279 2310 2613 2376 libertatem,
2648 2310 2758 2367 Deo
2778 2309 3023 2380 iuvante,
3062 2306 3277 2381 peperi:
3307 2310 3423 2383 ipse
3481 2354 3489 2362 .

1834 2406 2197 2462 ministerium
2245 2421 2409 2462 omne
2467 2405 2680 2470 obiens,
2729 2402 3154 2474 difﬁcillimeque
3189 2402 3423 2475 pretium

1830 2500 2137 2556 redimendi
2176 2514 2476 2575 corrogans
2515 2516 2529 2553 :
2572 2498 2716 2568 quod
2750 2497 2865 2554 θοὴ
2898 2497 2991 2553 Dei
3032 2495 3410 2555 misericordia

1832 2590 2113 2647 consecuti
2140 2592 2343 2646 sumusl
2368 2605 2383 2649 ;
2408 2603 2506 2661 pro
2523 2604 2632 2660 quo
2653 2588 2762 2646 illis
2780 2588 2898 2659 qui,
2917 2598 3162 2644 nostrum
3186 2586 3419 2655 m'serti,

1832 2683 2394 2751 contulerunt,tlivina
2412 2683 2714 2753 benignitas
2735 2681 3168 2738 cumulatissime
3189 2680 3423 2753 gratiam
3454 2724 3457 2727 ι

1835 2782 2057 2836 referet.
2107 2777 2448 2832 Nunesolus
2506 2792 2673 2839 sum:
2710 2774 3153 2845 consanguineis,
3185 2789 3422 2844 quorum

1840 2852 2069 2941 magnus
2100 2884 2387 2934 numerus,
2414 2869 2467 2922 in
2492 2867 2639 2922 varia
2665 2868 2781 2921 loca
2808 2867 3095 2938 dispersis,
3124 2882 3191 2922 ne
3212 2867 3424 2926 duobus

1836 2965 2057 3036 quidem
2089 2964 2303 3033 uspiam
2336 2950 2444 3016 una
2466 2960 2838 3025 manentibus,
2867 2959 2922 3013 in
2957 2974 3152 3030 magna
3182 2968 3426 3029 egestate

1835 3068 1891 3114 et
1910 3058 2194 3115 aerumnis.
2229 3055 2341 3110 lloc
2365 3054 2545 3125 ipsum
2569 3061 2673 3117 est,
2712 3051 2857 3123 quod
2889 3050 3057 3107 valde
3074 3065 3164 3107 me
3214 3050 3426 3106 discru-

1837 3153 1963 3215 ciet,
1994 3151 2099 3206 hoc
2126 3150 2372 3204 animum
2408 3159 2466 3203 ut
2492 3144 2862 3218 despondeam
2912 3142 3084 3210 facit,-
3122 3143 3237 3199 haec
3280 3144 3426 3199 calas

140 3238 345 3304 θέντας
387 3238 539 3304 ἰδεῖν,
581 3236 677 3292 καὶ
730 3242 867 3309 πρὸς
918 3237 981 3291 τὸ
1018 3239 1248 3309 πάτριον
1298 3237 1467 3303 σέϐας
1508 3236 1731 3303 ἐπανελ-

1845 3246 2004 3301 mitas
2044 3243 2225 3301 solatii
2278 3242 2546 3298 rationem
2600 3242 2809 3296 nullam
2872 3239 3139 3295 ostendit.
3191 3235 3426 3293 Uuicum

142 3333 369 3399 θέντας.
405 3333 471 3387 Ὃ
511 3331 745 3401 γίνοιτο,
778 3332 874 3385 καὶ
909 3333 1099 3403 μεῖζον
1124 3332 1204 3396 είς
1241 3332 1601 3402 παραμυθίας
1648 3341 1739 3402 μοι

139 3426 307 3497 λόγον
339 3426 544 3498 οὐδὲνῆ
578 3427 674 3481 καὶ
702 3426 795 3480 τοῦ
830 3425 929 3497 ζῇν
953 3426 1058 3493 ἔξω
1089 3426 1375 3499 γενοίμην,
1404 3426 1491 3481 ἵνα
1520 3424 1617 3479 καὶ
1643 3423 1737 3478 τοῦ

139 3520 355 3591 ἀλγεῖν.
399 3510 567 3576 Ἀλλά
619 3505 855 3586 δέδοικα,
917 3520 992 3591 μὴ
1028 3520 1122 3573 καὶ
1174 3518 1366 3575 τούτου
1424 3520 1738 3591 γινομένου.

144 3615 423 3685 μειζόνως
451 3615 677 3687 ἀλγήσω
708 3615 741 3686 ἢ
774 3614 915 3669 κατὰ
947 3596 1044 3687 τὴν
1076 3613 1172 3667 νῦν
1230 3615 1540 3685 συμφορὰν,
1582 3612 1742 3666 κολά-

142 3723 306 3761 σεσιν
339 3706 725 3777 ἀτελευτήτοις
757 3705 1107 3776 ὑποϐληθεὶς,
1139 3706 1207 3758 δι’
1232 3705 1290 3759 ὃν
1327 3706 1613 3774 ἐπίκειμαι
1642 3704 1742 3774 τῆς

137 3798 330 3873 ψυχῆς
363 3801 669 3870 μολυσμόν.
711 3799 872 3853 Ἀλλά
901 3796 1130 3853 καὶτῶν
1166 3799 1262 3854 νῦν
1301 3800 1623 3871 συμφορῶν,
1646 3798 1741 3852 καὶ

139 3890 253 3944 τῶν
279 3891 366 3951 εἰς
395 3889 458 3943 τδ
507 3888 704 3959 μέλλον
735 3888 1114 3959 ἀπαλλαγείην
1146 3880 1442 3957 κολάσεων,
1472 3887 1567 3943 τοῦ
1601 3886 1738 3943 Θεοῦ

141 3999 237 4053 μοι
278 3982 417 4036 ῐλεω
475 3980 573 4035 νῦν
616 3979 841 4047 ίδρντος,
870 3982 966 4035 καὶ
1006 3980 1085 4052 τῷ
1135 3981 1307 4052 πατρὶ
1368 3980 1749 4051 συγγενοίμην

139 4076 240 4129 καὶ
292 4073 538 4144 ἀδελφῷ,
577 4073 627 4127 εί
692 4073 788 4127 καὶ
849 4074 925 4145 μὴ
973 4074 1075 4142 τῆς
1130 4073 1502 4144 καθαρότητος
1556 4074 1742 4137 αὐτοῖς

138 4151 422 4222 κοινωνῶ.
460 4166 588 4221 Εἴθε
621 4166 679 4220 δὲ
707 4168 742 4238 ἡ
776 4164 1016 4236 Χριστοῦ
1047 4164 1209 4237 χάρις
1238 4169 1303 4236 τῇ
1332 4167 1459 4233 ιὶμοι1
1484 4168 1743 4237 μετανοτᾳ

94 4242 97 4243 ί
142 4260 245 4344 καὶ
282 4244 433 4331 mi;
464 4260 530 4331 τῇ
560 4259 700 4330 πρδς
740 4257 809 4311 id:
841 4257 1005 4344 una
1029 4258 1139 4311 τῶν
1194 4260 1373 4312 ἐκεῖσε
1410 4257 1743 4323 ἀπαλλάξειε
1812 4261 1821 4266 ·

139 4336 553 4424 κολαστηρίων,
588 4351 681 4406 τὸν
712 4349 822 4406 τῶν
862 4336 1052 4404 παθῶν
1084 4350 1276 4421 ἐσμὸν,
1304 4349 1363 4404 ὃν
1393 4351 1742 4422 περίκειμαι,

139 4438 487 4521 παριδοῦσα.
524 4443 777 4518 Ζήσομαι
806 4438 1015 4509 τοίνυν,
1045 4444 1152 4507 ἕως
1181 4444 1248 4498 ἂν
1276 4438 1369 4516 ἐξῇ
1403 4440 1535 4515 ζῇν,
1564 4444 1746 4518 ἀλγῶν

138 4546 239 4599 καὶ
294 4541 560 4613 δακρύων
614 4541 664 4593 εί
719 4536 795 4611 μή
837 4556 889 4592 τι
913 4539 1281 4610 χρηστότερον
1312 4537 1373 4600 ἐξ
1404 4538 1745 4592 ἀνελπίστων

1842 3342 1973 3397 milii
2003 3339 2269 3395 solatium
2291 3340 2482 3404 restat,
2510 3337 2554 3393 si
2585 3347 2811 3406 nepotes
2833 3350 2894 3389 ex
2922 3333 3094 3388 fratre
3132 3325 3428 3401 recupera;

1843 3443 1931 3491 tos
1955 3434 2190 3496 videam,
2254 3443 2308 3488 et
2364 3431 2432 3487 ad
2470 3418 2715 3501 patriam
2772 3427 3089 3498 religionem
3143 3418 3426 3481 reductos.

1844 3526 2063 3583 Utinam
2098 3526 2200 3581 hoc
2234 3525 2363 3583 fiat!
2422 3523 2595 3594 major
2651 3520 2783 3575 mihi
2847 3523 2914 3575 ad
2968 3518 3223 3597 solatium
3289 3517 3428 3571 ratio

1842 3620 1988 3675 nulla
2024 3618 2141 3673 dari
2174 3625 2372 3689 potest.
2408 3616 2517 3670 Aut
2547 3622 2677 3670 sane
2698 3624 2761 3669 ex
2787 3612 2893 3666 vita
2911 3614 3129 3682 quoque
3149 3611 3428 3689 discedere

1842 3714 2142 3783 continget,
2181 3688 2350 3766 utsic
2379 3708 2545 3765 etiam
2609 3704 2930 3787 aegritudine
2984 3700 3151 3758 animi
3208 3688 3428 3759 liberer.

1842 3806 2025 3862 Metuo
2050 3816 2233 3859 tamen
2260 3818 2347 3871 ne,
2382 3802 2428 3858 si
2461 3803 2563 3856 hoc
2592 3786 2796 3856 factdm
2833 3798 3021 3865 fuerit,
3086 3799 3141 3853 in
3197 3798 3463 3867 majores

1841 3898 2101 3962 incidam,
2122 3898 2293 3966 quam
2319 3893 2551 3965 quantos
2569 3899 2634 3948 ex
2663 3888 3027 3963 praesentibus
3056 3888 3214 3946 malis
3234 3889 3431 3950 sentio,

1844 3989 2081 4054 dolores,
2118 3986 2457 4041 cruciatibus
2490 3982 2711 4040 aeternis
2751 3980 2977 4053 prOpter
3026 3981 3223 4036 animae
3298 3984 3433 4037 meai

1845 4077 2256 4150 inquinamenta
2284 4076 2598 4132 mandatus.
2635 4075 2742 4131 Sed
2776 4076 2983 4130 utinam
3037 4086 3091 4130 et
3148 4076 3434 4143 prmsenti-

1850 4172 1951 4227 bus
1973 4170 2234 4235 miseriis,
2260 4179 2313 4225 et
2347 4168 2546 4224 futurae
2582 4158 2701 4223 vitae
2731 4170 2936 4240 pmnis.
2978 4168 3087 4223 Deo
3119 4184 3207 4223 me
3252 4163 3434 4239 prapi-

1852 4261 1940 4317 tiis
1973 4259 2148 4316 oculis
2177 4258 2498 4329 aspiciente,
2545 4259 2766 4324 liberer,
2821 4259 3209 4327 consortioque
3266 4261 3435 4328 patris

1849 4366 1904 4410 et
1933 4353 2117 4409 fratris
2147 4353 2318 4421 fruar,
2357 4353 2485 4408 licet
2514 4367 2620 4407 non
2653 4368 2715 4408 ea
2741 4354 2998 4422 puritate,
3028 4367 3133 4422 (tua
3161 4354 3282 4422 ipsi,
3305 4356 3432 4408 sim.

1848 4444 1988 4518 Opto
2017 4461 2145 4502 vero
2176 4446 2376 4500 Christi
2402 4445 2669 4517 gratiam.
2691 4454 2747 4498 ut
2780 4460 2841 4499 ca
2875 4458 2981 4507 me,
3016 4445 3332 4513 paenitentia
3366 4446 3433 4499 ad

1849 4539 2024 4593 bonas
2050 4538 2301 4592 actiones
2333 4537 2790 4607 propendentem,
2854 4534 3158 4590 inferorum
3225 4538 3434 4591 crucia-

141 4606 464 4708 ἀναφανείη
490 4633 674 4699 ποθὲν,
703 4606 875 4704 τιμὴν
907 4606 1130 4685 ἀπασαν
1165 4606 1448 4699 τιθέμενος
1495 4628 1625 4700 παρ’
1654 4630 1731 4682 ού-

1853 4630 2054 4686 mentis
2085 4629 2300 4696 liberet,
2323 4644 2429 4684 non
2470 4629 2657 4683 habito
2681 4643 2969 4699 pravorum
3041 4629 3334 4685 allectuum
3381 4640 3437 4685 et

138 4734 234 4787 δεν
266 4732 385 4786 τῶν
428 4732 533 4785 οὐκ
582 4730 670 4799 ἐφ’
718 4730 852 4801 ἡμῖν
884 4723 1071 4793 οὖσαν,
1105 4728 1200 4781 καὶ
1244 4726 1399 4780 οὐδὲν
1446 4728 1586 4797 πρὸς
1621 4726 1739 4797 ἐμέ·

138 4826 248 4881 κάν
264 4841 421 4888 τινες
447 4822 710 4877 τάναντία
732 4820 1078 4893 ψηφίζοιντο,
1099 4816 1280 4887 κάμοῦ
1313 4817 1560 4887 μέλλοιεν
1587 4816 1747 4886 ἐσχά-

138 4934 245 4989 την
283 4914 735 4984 καταγινώσκειν
771 4910 1131 4983 ἀϐελτηρίαν,
1180 4908 1339 4962 τοῦτό
1371 4924 1437 4977 γε
1473 4908 1658 4973 αὐτοῖς
1682 4909 1742 4961 οὐ

140 5011 505 5083 συνᾴδοντος.

1856 4730 2225 4793 peccatorum,
2265 4738 2502 4793 quorum
2558 4722 2813 4776 satellitio
2864 4725 3099 4793 stipatus
3152 4738 3297 4786 sum,
3346 4738 3437 4778 re-

1854 4823 2065 4886 spectu.
2101 4813 2292 4870 Vivam
2322 4816 2504 4887 igitur,
2537 4816 2717 4886 annd
2776 4814 2956 4871 vivere
3000 4820 3346 4884 concedetur,
3383 4817 3438 4871 in

1855 4908 2047 4985 dolore
2097 4916 2153 4963 et
2197 4908 2476 4977 lacrymis,
2542 4910 2646 4964 nisi
2694 4908 2825 4978 quid
2881 4910 3158 4979 insperato
3197 4906 3440 4965 melioris

1854 5003 2087 5059 fortuna:
2107 5002 2358 5059 alicunde
2388 5017 2474 5056 me
2508 5006 2807 5069 respexerit
2838 5018 2852 5055 :
2885 5016 3103 5055 onmem
3142 5002 3307 5070 hujus
3337 5018 3442 5057 sa:-

139 5105 258 5161 culi
285 5107 558 5160 honorem
597 5117 692 5175 pro
714 5103 886 5159 nihilo
927 5109 1149 5173 putans,
1176 5114 1302 5154 cum
1334 5099 1380 5154 is
1406 5112 1516 5152 non
1572 5096 1644 5152 sit
1688 5097 1742 5151 in
1821 5106 2095 5168 potestate
2120 5106 2329 5163 nostra,
2398 5111 2496 5151 nec
2558 5096 2624 5148 ad
2693 5110 2778 5149 me
2825 5096 3054 5150 attineat
3113 5096 3436 5165 quidquam,

138 5198 413 5274 quamvis
440 5198 608 5267 aliqui
646 5198 700 5252 in
733 5197 1007 5253 contraria
1034 5195 1145 5252 sint
1174 5194 1470 5260 sententia,
1528 5192 1761 5263 ideoque
1797 5208 1904 5259 me,
1942 5193 2159 5263 quodin
2193 5192 2296 5247 hoc
2329 5191 2461 5261 ipsis
2523 5206 2629 5245 non
2671 5190 2959 5257 assentiar,
3023 5178 3278 5249 extrenm
3345 5194 3441 5249 dc-

141 5295 376 5354 mentic
412 5280 639 5349 nomine
661 5293 1025 5349 cundemnatu
1036 5291 1101 5344 ri.
2408 5289 2427 5297 '
