3958 6328
1027 527 1934 796 MARCUS
2046 527 3290 796 EUGENICUS

1692 960 2034 1019 EP’IIESIUS
2089 961 2607 1019 METROPOLITA.

521 401 623 442 ἔφη
667 433 772 441 νην-ν
785 432 1027 442 .-—————-.-o-

907 1281 1426 1386 NOTITIA
1543 1244 2209 1384 Hlsronlca
2320 1295 2469 1384 Er

1827 1244 2209 1384 om.
2320 1295 2469 1384 ET
2596 1289 3390 1383 LITTERARIA.

1527 1484 1744 1546 (Fabric.
1766 1482 2003 1537 Bibliotb.
2029 1486 2117 1536 Gr.
2149 1486 2229 1536 ed.
2280 1483 2479 1546 liarles,
2514 1487 2636 1534 tom.
2672 1484 2763 1547 Χ.)-

578 1789 794 1846 Marcus
826 1789 1159 1859 Eugenicus,
1199 1787 1395 1861 Eplicsi
1434 1791 1802 1862 mctropolita,
1833 1792 2153 1848 Latinorum
2191 1793 2242 1848 in
2277 1794 2535 1857 concilio,
2587 1792 2672 1846 cui
2727 1809 2833 1848 non
2882 1791 3236 1863 subscripsit,
3265 1791 3615 1858 Florentino,
3653 1807 3793 1848 anno

509 1879 668 1942 H59.
707 1891 871 1949 atque
906 1880 1166 1951 deinceps
1198 1882 1263 1934 ad
1311 1882 1520 1935 obitum
1559 1897 1733 1950 usijue
1767 1883 2127 1939 adversarius
2159 1885 2486 1948 acerrimus,
2520 1884 2873 1952 unionisque,
2909 1897 3074 1952 quam
3133 1897 3258 1936 cum
3316 1881 3426 1936 illis
3460 1895 3793 1950 componere

505 1965 744 2023 Joannes
775 1969 1114 2037 Palarologus
1151 1971 1280 2038 imp.
1319 1969 1665 2034 instituebat,
1708 1985 1906 2040 magna
1945 1985 2204 2036 remora;
2242 1987 2417 2028 novus
2469 1972 2592 2026 ideo
2641 1971 2872 2026 l‘hotius
2905 1971 3087 2025 dictus
3125 1969 3348 2024 Horatio
3375 1967 3700 2022 Iustiniano
3738 1969 3789 2021 in

505 2057 659 2117 Actis
689 2055 910 2110 concilii
942 2055 1088 2112 Flor.
1114 2074 1128 2123 ;
1158 2056 1298 2112 idem
1335 2072 1480 2112 anno
1512 2055 1669 2118 lui,
1704 2057 1863 2112 morti
1897 2057 2142 2127 vicinus,
2168 2058 2400 2130 Georgio
2436 2058 2725 2114 Scholario
2757 2057 2958 2113 tuenda
3002 2057 3207 2114 (ἱκεοκ
3242 2056 3506 2113 Ecclesiae
3539 2058 3789 2128 dogmata

507 2157 562 2198 et
588 2145 844 2200 unionem
876 2144 1185 2217 fugiendam
1214 2145 1554 2216 gravissimis
1605 2145 1784 2200 verbis
1815 2145 2223 2202 commendavit
2269 2167 2284 2203 :
2328 2148 2597 2220 Georgius
2650 2148 2842 2211 etiam,
2871 2147 3001 2213 Deo,
3036 2147 3245 2214 angelis
3297 2158 3351 2200 et
3382 2146 3708 2202 hominibus
3741 2147 3788 2198 in

508 2233 881 2288 testimonium
912 2233 1217 2297 advocatis,
1250 2234 1350 2287 hoc
1400 2247 1458 2286 se
1516 2231 1934 2288 observaturum
1993 2243 2183 2288 sancte
2227 2235 2457 2303 juravit,
2519 2234 2946 2304 observavitque
2997 2233 3195 2289 deinde
3243 2233 3703 2302 diligentissime,
3738 2241 3789 2284 et

506 2321 749 2376 Marcum
811 2322 1102 2406 doctorenl
1131 2336 1290 2406 suum
1354 2321 1674 2375 defunctum
1722 2335 1819 2388 pro
1878 2320 2076 2403 funere;
2126 2320 2393 2376 laudavit.
2445 2321 2660 2392 Scripta
2713 2323 2831 2391 ejus
2890 2331 3286 2392 oppugnarunt
3351 2320 3530 2376 Gralci
3580 2320 3790 2374 inma-

503 2427 700 2480 φρονες
741 2408 1013 2481 Joscphus
1063 2397 1464 2473 Etethoncnsis.
1496 2409 1795 2480 Gregorius
1829 2397 2295 2466 lderomonachus
2327 2413 2790 2481 protosynccllus,
2824 2409 3075 2466 Bessario
3105 2419 3157 2465 et
3188 2410 3281 2479 qui
3309 2408 3502 2464 Latine
3535 2410 3786 2480 scripsit,

502 2499 748 2555 Andreas
775 2500 1143 2555 Colossensis.
1178 2499 1311 2565 Ejus
1336 2502 1539 2568 Scripta
1571 2500 1688 2557 lucc
1723 2499 1854 2554 mihi
1884 2499 2177 2558 innotuere
2215 2516 2229 2554 :

495 2640 499 2645 .
579 2590 895 2658 LEpislola
939 2591 1006 2642 ad
1066 2589 1326 2643 Joannem
1383 2585 1772 2658 PalmoliJgum,
1831 2588 2024 2656 incipit

2223 2588 2295 2640 ,όν
2323 2586 2600 2654 τοιητοῦτο
2654 2587 2870 2656 μικρόν.
2929 2585 3145 2642 Citatur
3194 2587 3264 2641 ab
3306 2586 3510 2641 Allalt'o
3570 2586 3640 2646 de
3695 2600 3786 2658 sy.

505 2678 649 2731 nodo
676 2693 790 2742 vui,
823 2693 943 2747 pag.
1000 2677 1124 2732 515.
1164 2675 1340 2731 Fami.
1377 2676 1613 2746 Mosqua!
1649 2679 1700 2730 in
1754 2677 1878 2731 cod.
1918 2690 2068 2746 synm

2221 2676 2287 2741 l5,
2342 2675 2408 2728 ad
2444 2671 2644 2727 Joann.
2695 2672 3081 2742 Palaeologum,
3139 2674 3505 2744 ἀπορήσαντα
3547 2676 3660 2748 πρὸ
3692 2674 3784 2728 toi

505 2767 828 2837 λατινισμοῦ
851 2783 864 2797 °
902 2768 1009 2821 inc.
1031 2768 1125 2830 ,Σὺ
1166 2767 1285 2835 μὲν,
1321 2761 1364 2818 ὧ
1396 2766 1641 2820 Θειότατε
1667 2765 1886 2836 βασιλεῦ
1910 2780 1924 2794 ”
1964 2797 2033 2806 -
2065 2786 2068 2819 ι

2227 2772 2314 2818 tur
2347 2762 2592 2833 ejusdem
2635 2762 2930 2831 explicatio
2984 2766 3084 2832 τῆς
3129 2764 3612 2832 ἐκκλησιαστικῆς
3657 2764 3787 2817 ἁκο-

503 2854 727 2916 λουθίας
750 2870 763 2885 '
799 2855 920 2909 init.
951 2855 1100 2908 Ἔδει
1135 2855 1233 2923 μὲν
1258 2854 1399 2908 κατὰ
1427 2855 1527 2923 τὴν
1553 2853 1907 2908 κελεύουσαν.
1940 2851 2003 2907 ν.
2035 2851 2066 2905 Ν

2216 2855 2270 2905 aei
2300 2849 2468 2906 Notit.
2515 2849 2675 2904 codd.
2711 2848 2807 2904 Gr.
2845 2848 3024 2920 Mosq.
3079 2866 3133 2920 p.
3167 2851 3295 2915 249,
3329 2868 3384 2905 n.
3419 2853 3472 2916 1,
3512 2854 3569 2918 2,
3605 2852 3779 2906 Paria.

505 2945 558 2997 in
585 2945 720 2998 bibl.
757 2944 906 3013 pubi.
941 2959 1132 2998 novem
1162 2944 1322 2998 codd.
1353 2952 1572 2998 exstant
1596 2943 1762 2998 Marci
1790 2942 2049 3015 Eugenici
2091 2939 2367 3008 Epistolas.
2417 2937 2478 2992 V.
2515 2938 2686 2994 lndic.
2723 2934 2787 2993 ad
2856 2941 2964 2995 vol.
3001 2939 3042 2994 11
3075 2940 3194 2994 Cat.
3221 2957 3355 2996 mss.
3390 2940 3574 2996 Paris.
3612 2941 3782 3013 Regg.

505 3031 862 3099 Singulorum
919 3033 1064 3086 enim
1095 3030 1258 3085 codd.
1320 3033 1777 3085 commemoratio
1809 3032 2038 3085 molesta
2099 3027 2599 3084 foret.-—Addam
2655 3028 3023 3097 quorumdam
3077 3029 3314 3084 aliorum
3374 3031 3597 3100 Ephesii
3653 3032 3784 3088 libr.

476 3108 689 3195 lminus
719 3119 954 3175 dilucide
997 3119 1359 3173 indicatorum
1406 3117 1665 3172 Notitiam
1703 3135 1716 3172 :
1749 3118 1996 3174 Venetiis
2060 3117 2113 3171 in
2172 3117 2306 3172 bibl.
2355 3115 2648 3171 Justinian.
2683 3115 2848 3170 Marci
2907 3115 3166 3185 Ephesini
3222 3132 3386 3186 opera
3435 3121 3615 3185 varia,
3648 3131 3784 3176 teste

501 3208 798 3264 Montfauc.
833 3207 974 3261 Bibl.
1014 3206 1258 3261 bibliotlt.
1285 3222 1416 3263 nm.
1458 3220 1510 3268 υ.
1543 3205 1649 3260 483
1686 3205 1752 3261 D.
1783 3236 1852 3246 —
1884 3204 2020 3260 Ibid.
2057 3223 2110 3277 p.
2170 3206 2276 3260 772
2332 3205 2395 3259 E.
2434 3205 2612 3259 Paris.
2646 3206 2700 3257 in
2737 3204 2861 3258 cod.
2916 3204 3138 3259 Cardiu.
3183 3205 3488 3275 Radulphi,
3527 3208 3780 3277 quadam

498 3297 661 3352 Marci
687 3295 927 3368 Ephesii.
959 3326 1028 3337 --
1059 3296 1192 3350 Ibid.
1231 3311 1285 3365 p.
1320 3295 1458 3350 1526
1480 3294 1548 3350 ο.
1580 3294 1632 3348 in
1668 3295 1801 3350 bibl.
1831 3296 1898 3350 de
1928 3296 2127 3350 Mesme
2153 3293 2374 3366 Ephesii
2403 3293 2633 3348 scholia.
2661 3321 2726 3330 -—
2752 3291 2990 3361 illosquzo
3019 3294 3071 3345 in
3105 3294 3223 3346 cod.
3253 3294 3449 3364 synod.
3487 3296 3598 3359 555
3630 3312 3684 3351 u.
3712 3298 3736 3350 1
3765 3313 3782 3363 ;

496 3387 672 3457 ejusd.
710 3386 956 3450 Διάλεξις
1000 3387 1138 3464 per?
1171 3384 1281 3437 τῶν
1313 3383 1602 3455 πρέσϐεων
1631 3383 1726 3437 τοῦ
1782 3385 1941 3436 πάπα
1965 3401 1977 3414 ο
2013 3399 2059 3438 c:

2219 3385 2373 3438 initio
2400 3399 2413 3435 :
2441 3393 2495 3437 et
2529 3399 2582 3435 n.
2622 3381 2712 3455 '13,
2743 3382 2958 3451 sylloge'
2999 3381 3255 3452 χρήσεων
3285 3385 3588 3454 γραφικῶν
3623 3402 3782 3453 γετο.

495 3475 808 3546 νυῖαπαρὰ
855 3475 950 3528 τοῦ
989 3474 1240 3542 Ἐφέσου,
1277 3475 1342 3526 de
1397 3473 1751 3542 processione
1799 3471 2038 3541 Spiritus

2337 3488 2402 3526 ex
2456 3471 2573 3528 solo
2637 3469 2820 3525 Patre.
2894 3470 3011 3525 Inc.
3060 3470 3282 3541 Ἐπειδὴ
3353 3473 3499 3539 μετὰ
3553 3474 3654 3544 τῆς
3682 3473 3783 3528 τοῦ
3839 3510 3840 3515 η

495 3566 734 3632 κόσμου’
777 3563 836 3616 ν.
871 3561 1120 3616 Matt/uri
1151 3562 1186 3616 l.
1221 3576 1272 3615 c.
1308 3577 1361 3630 p.
1383 3560 1492 3615 234
1515 3569 1564 3614 et
1596 3560 1722 3614 255.
1757 3558 1929 3614 ΙΙΛΜ..

563 3652 617 3706 2.
651 3649 930 3708 Orationes
961 3655 1078 3704 duae
1109 3651 1168 3704 ἀι
1185 3650 1523 3720 purgator-io,
1557 3648 1824 3703 Ferrariae
1851 3649 2068 3716 scriptae
2089 3657 2141 3704 et
2166 3650 2347 3704 adhuc
2375 3650 2612 3705 ineditaa.
2633 3648 2768 3706 Vide
2794 3649 3078 3710 Allatium.
3105 3648 3184 3704 De
3207 3653 3545 3721 purgator-io,
3573 3666 3630 3722 p.
3651 3652 3779 3717 241,

493 3749 546 3793 et
578 3739 735 3796 liich.
769 3739 1075 3802 Simonem,
1108 3747 1239 3794 tom.
1275 3735 1342 3789 IV
1376 3735 1522 3792 Bibl.
1555 3737 1776 3802 criticw,
1838 3753 1960 3808 pag.
1993 3738 2086 3792 21.
2122 3728 2293 3802 infra,
2329 3755 2384 3794 n.
2428 3739 2513 3793 16.
2552 3736 2719 3793 ΕΑιικ.
2768 3737 3063 3793 Medioiani
3099 3739 3152 3793 in
3186 3739 3326 3794 bibl.
3357 3741 3628 3796 Ambros.
3661 3736 3783 3813 qua:

494 3839 626 3884 sunt
659 3843 786 3899 Opp.
815 3828 992 3898 ejusd.
1030 3828 1104 3881 ita
1140 3840 1168 3882 a
1217 3825 1518 3880 Montfanc.
1554 3826 1608 3882 in
1666 3825 1806 3881 Bibl.
1858 3827 2098 3882 biblioth.
2151 3845 2279 3883 nm.
2335 3843 2387 3898 p.
2423 3828 2517 3894 501
2558 3827 2624 3893 D,
2687 3837 3064 3883 memorantur
3102 3847 3116 3884 :
3149 3829 3317 3884 Marci
3368 3831 3780 3904 archiepiscopi

498 3915 778 3989 Ephesini,
814 3915 950 3970 alias
975 3915 1232 3969 monachi
1264 3923 1318 3970 et
1381 3915 1594 3970 abbatis
1652 3917 2095 3988 congregationis
2151 3918 2493 3973 Cassinensis
2528 3917 2585 3972 S.
2616 3915 2844 3972 Iustina:
2898 3917 2967 3971 de
3009 3917 3215 3981 Padua,
3277 3933 3467 3988 opera,
3502 3919 3539 3974 i.
3568 3935 3622 3976 e.
3659 3937 3784 3977 ora-

497 4006 572 4056 lio
608 4004 788 4058 habita
814 4003 880 4058 de
924 4005 1242 4074 purgatorio
1297 4005 1348 4057 in
1404 4003 1650 4072 synodo;
1685 4032 1754 4042 -—
1783 4001 2090 4072 Responsio
2143 4007 2208 4060 ad
2265 4007 2578 4076 propositas
2623 4006 3036 4079 dubitationes;
3066 4037 3137 4047 —-
3165 4006 3457 4064 Confessio
3509 4010 3663 4068 edita
3725 4013 3779 4064 in

495 4090 730 4147 concilio
758 4090 1122 4158 Florentino;
1152 4120 1218 4131 -—
1246 4089 1438 4161 Capita
1467 4091 1716 4158 quaedam
1755 4103 1945 4144 contra
1986 4091 2253 4158 Latinos;
2286 4121 2353 4132 ——
2392 4091 2660 4163 Apologia
2713 4091 2884 4155 dicta,
2921 4091 2975 4145 in
3022 4093 3141 4162 ejus
3187 4104 3393 4161 morte;
3424 4123 3500 4136 —-
3533 4094 3776 4165 Epistula

437 4239 442 4244 ν
494 4181 557 4235 ad
599 4179 982 4248 Scholarium;
1015 4210 1084 4220 -—
1116 4179 1425 4250 ReSponsio
1457 4179 1523 4233 ad
1556 4179 1818 4249 quasdam
1855 4180 2267 4245 dubitationes;
2306 4210 2367 4221 -
2401 4181 2656 4236 Canones
2689 4180 3090 4247 astronomici;
3129 4209 3194 4222 —-
3236 4170 3440 4252 Opusc.
3477 4187 3544 4238 de
3572 4200 3776 4240 conse—

482 4273 735 4332 cratione
773 4269 1336 4324 altarium.‘—Marci
1392 4269 1649 4338 Eugenici
1705 4269 2107 4337 8p"Ctlizllitttlcs
2165 4269 2221 4321 in
2290 4285 2579 4323 numerum
2636 4272 2969 4324 talentorum
3020 4262 3080 4324 et
3140 4272 3430 4340 parabolas
3487 4271 3776 4343 Evangelii

493 4356 658 4430 (conf.
684 4358 749 4413 ad
776 4374 830 4412 η.
866 4359 942 4428 7).
973 4388 1044 4398 —
1078 4355 1341 4412 Paria-in
1374 4357 1504 4411 bibl.
1541 4357 1690 4426 pubi.
1728 4357 1848 4412 Cod.
1891 4357 2048 4423 1218,
2085 4359 2436 4413 continentur
2467 4360 2647 4427 plura,
2682 4376 2806 4430 qua:
2866 4359 2974 4414 huc
3009 4361 3310 4430 pertinent,
3353 4375 3546 4431 opera,
3592 4363 3779 4418 brevi-

493 4451 620 4501 tatis
646 4447 830 4502 studio
877 4447 1039 4503 simul
1090 4448 1445 4507 memoranda
1483 4462 1494 4498 :
1530 4448 1679 4508 scil..
1737 4462 1790 4499 υ.
1828 4447 1879 4511 1,
1907 4445 2174 4518 Anonymi
2231 4449 2408 4502 oratio
2445 4448 2690 4503 funebris
2730 4449 2782 4502 in
2841 4448 3058 4503 laudem
3093 4448 3264 4504 Marci
3295 4449 3580 4520 Eugenici.
3613 4481 3688 4491 —
3719 4451 3774 4520 2)

493 4535 668 4607 llujus
694 4535 930 4591 llomilia
961 4539 1137 4607 prima
1162 4535 1229 4590 de
1263 4535 1607 4609 purgatorio,
1646 4533 1914 4590 Ferrarius
1943 4536 2124 4591 habita
2160 4553 2346 4592 coram
2379 4555 2595 4594 summo
2627 4540 2908 4608 pontifice,
2938 4521 3316 4596 cardinalibus
3354 4551 3410 4595 et
3437 4540 3559 4596 aliis
3581 4541 3775 4598 Eccle-

493 4626 585 4679 siae
616 4623 738 4679 Lat.
776 4623 1265 4695 Dnctoribum-lnc.
1309 4621 1531 4692 Ἐπειδὴ
1563 4623 1703 4694 μετὰ
1755 4623 2002 4693 ἀγάπης.
2037 4655 2056 4664 -

2222 4626 2412 4693 Εμιςιι.
2472 4626 2706 4681 llomilia
2761 4628 3005 4683 secunda
3037 4627 3104 4683 de
3157 4629 3349 4684 eodem
3376 4643 3725 4702 argumento
3756 4624 3781 4688 τ’

493 4715 605 4768 Inc.
641 4712 850 4781 Πολλῆς
884 4713 985 4783 μὲν
1008 4711 1082 4777 ὼς
1107 4711 1344 4783 ἀληθῶς.
1380 4710 1686 4790 -ἰὲΕῙιιε
1734 4713 2024 4780 responsio

2212 4717 2513 4786 ijcctioncs,
2546 4717 2748 4786 quibus
2782 4733 2881 4773 sua
2917 4717 2985 4773 de
3017 4719 3146 4790 igne
3190 4722 3513 4789 purgator-io
3545 4730 3775 4778 senten-

493 4806 588 4870 tia,
619 4818 742 4857 cnm
775 4819 804 4856 a
837 4802 1209 4857 cardinalibus
1243 4812 1355 4854 tum
1383 4799 1742 4855 ab-ECclesiaa
1790 4799 1907 4854 Lat.
1941 4803 2056 4855 tbeo

2208 4826 2209 4829 η
2253 4815 2565 4874 Oppugnala
2602 4806 2780 4860 fuerat
2813 4826 2826 4860 :
2859 4806 2972 4862 inc.
3023 4807 3250 4877 Ἐπειδὴ
3292 4809 3667 4877 σαφέστερον.
3705 4840 3771 4852 -

494 4892 554 4946 Ν.
589 4893 622 4948 9
645 4903 728 4948 est
757 4893 984 4948 secund.
1013 4892 1261 4948 ordinem
1316 4890 1535 4946 Fabric.
1569 4907 1625 4948 n.
1663 4891 1748 4946 15.
1777 4890 1941 4959 --,N.
1971 4891 2055 4956 10,

2209 4893 2240 4946 d
2272 4891 2491 4948 Fabric.
2521 4896 2686 4949 etiam
2738 4913 2794 4950 n.
2832 4895 2921 4949 10.
2957 4926 3028 4935 -
3055 4891 3120 4950 Ν.
3167 4895 3253 4962 11,
3292 4895 3613 4953 Solutiones
3664 4900 3770 4962 du,-

492 4984 706 5036 biorum
739 4979 1124 5051 quorumdam,
1163 4980 1259 5049 ipsi
1295 4981 1700 5050 propOsitorum
1736 4999 1749 5034 :
1785 4983 1907 5036 init.
1942 4982 2004 5035 '0

2231 4964 2421 5052 axium.
2461 4985 2560 5036 οὐκ
2598 4985 2734 5054 ἔχει.
2781 4984 2968 5038 -12.
3007 4985 3080 5039 De
3136 4973 3414 5041 additione
3467 5000 3497 5039 a
3555 4987 3770 5042 Latinis

491 5071 1178 5142 Symboloinsertazacc.
1212 5067 1278 5123 ad
1338 5069 1637 5140 marginem
1695 5072 1904 5124 scholia
1962 5085 2048 5126 am

2217 5090 2322 5127 ma.
2359 5074 2472 5128 Inc.
2533 5073 2831 5144 Θαυμάζω,
2881 5074 3000 5137 πῶς
3045 5074 3178 5143 ἡμῖν
3205 5076 3280 5144 (ν,
3317 5075 3386 5130 ad
3416 5091 3476 5132 n.
3517 5076 3551 5130 5
3604 5088 3769 5132 nota-

489 5163 649 5230 tum).
679 5189 747 5198 ——
777 5159 841 5214 Ν.
871 5159 961 5222 26,
985 5159 1052 5213 ‘27
1077 5168 1127 5211 et
1154 5157 1245 5223 28,
1279 5159 1520 5214 citantur
1543 5159 1610 5213 ad
1647 5157 1925 5226 Fabricio,
1965 5178 2019 5214 n.

2206 5174 2252 5217 et
2291 5165 2372 5218 1-1.
2404 5195 2473 5204 -
2506 5165 2644 5220 Ibid.
2684 5165 2738 5218 in
2769 5166 2892 5220 cod.
2931 5165 3097 5228 12111,
3132 5181 3184 5218 n.
3229 5165 3281 5218 1.
3313 5164 3629 5236 Responsio
3656 5170 3769 5221 du-

487 5251 625 5319 plcx'
645 5251 707 5303 de
739 5249 860 5317 igne
894 5247 1231 5318 purgatorio.
1261 5278 1329 5287 —
1356 5247 1415 5302 In
1450 5239 1574 5304 cod.
1609 5249 1770 5316 1286,
1812 5267 1865 5304 n.
1902 5252 1954 5316 1,
1979 5263 2063 5305 est
2115 5252 2258 5322 apud
2293 5251 2510 5306 Fabric.
2543 5239 2597 5307 εἰ.
2628 5252 2682 5305 7.
2714 5281 2784 5291 -—
2818 5252 2879 5306 Ν.
2913 5251 2965 5316 8,
3025 5251 3188 5306 Marci
3227 5254 3511 5324 Ephesini,
3535 5252 3768 5320 Juliani,

483 5344 717 5399 Andreae
739 5339 961 5406 Rhodii,
994 5340 1337 5397 Bessarionis
1368 5350 1422 5397 et
1449 5343 1682 5398 aliorum
1723 5345 1993 5415 Disputat.
2029 5348 2229 5402 habita:
2284 5348 2337 5401 in
2393 5348 2628 5404 concilio
2673 5345 3016 5402 Florentino.
3047 5378 3113 5385 —
3145 5346 3207 5402 Ν.
3251 5349 3336 5415 10,
3368 5350 3511 5418 apud
3543 5325 3767 5404 Fabric.

481 5446 560 5489 est
599 5449 658 5486 n.
692 5430 745 5487 6.
772 5428 929 5485 --N.
972 5431 1057 5500 12,
1093 5429 1244 5502 Opus
1293 5433 1563 5490 adversus
1621 5434 1870 5491 Latinos.
1916 5438 2006 5491 ubi
2062 5437 2129 5491 de
2179 5436 2416 5506 Spiritus
2448 5437 2625 5492 sancti
2660 5440 3038 5505 processione,
3069 5436 3135 5490 de
3179 5436 3412 5506 azymis,
3443 5438 3509 5491 de
3537 5425 3768 5492 Sabbati

475 5523 714 5594 jejunio,
743 5515 810 5578 de
837 5522 958 5592 igne
1019 5522 1353 5592 purgatorio,
1405 5526 1473 5581 de
1499 5517 1783 5591 beatiiate.
1824 5528 1890 5581 de
1924 5528 2184 5595 baptismi
2222 5527 2400 5580 verbis
2453 5535 2506 5580 ct
2534 5527 2740 5595 nuptiis
2775 5522 3143 5591 sacerdotum,
3199 5525 3268 5580 de
3319 5538 3531 5595 Quarta:
3565 5528 3675 5581 diei
3717 5535 3769 5583 ct

479 5601 1080 5682 Parascevcsjéjuniis,
1123 5620 1178 5664 et
1204 5609 1271 5666 de
1311 5609 1484 5667 tribas
1510 5615 1972 5686 quadragesimis.
2001 5618 2038 5668 l.

2201 5617 2479 5686 αρᾶκλητε
2512 5616 2704 5683 Κύριε.
2732 5646 2803 5654 ——
2829 5615 2891 5668 Ν.
2933 5617 3019 5680 19,
3074 5633 3121 5668 ν.
3162 5616 3325 5700 ξιιΐτιιμ
3360 5630 3416 5669 n.
3469 5614 3564 5678 23,
3596 5632 3652 5670 η.
3691 5617 3763 5674 20

476 5702 606 5766 etB,
639 5711 767 5756 sunt
801 5717 894 5771 ap.
949 5699 1172 5771 Fabric.
1220 5718 1274 5756 η.
1313 5702 1398 5754 16.
1427 5703 1655 5758 -—lbid.
1692 5707 1742 5758 in
1791 5709 1913 5759 cod.
1953 5705 2113 5768 i321,
2157 5723 2214 5760 n.
2246 5707 2334 5766 51,
2374 5706 2542 5774 Epist.
2601 5705 2878 5776 encycliea
2928 5704 2994 5759 de
3036 5699 3249 5776 synodo
3285 5702 3611 5760 Florentino
3652 5721 3767 5762 non

477 5793 828 5888 suscipienda
863 5792 1076 5852 (forsan
1118 5809 1172 5848 ιι.
1216 5792 1269 5854 5,
1300 5793 1438 5856 apud
1467 5775 1827 5859 Fabricium).
1876 5826 1940 5836 -—-
1976 5794 2039 5849 Ν.
2079 5783 2181 5858 3'3,‘
2217 5795 2455 5858 Epistula
2484 5794 2549 5850 ad
2585 5792 2881 5859 Georgium
2913 5792 3259 5851 Scltolariutn
3299 5804 3497 5851 contra
3539 5798 3680 5850 ritus
3713 5807 3767 5852 et
