3958 6328
165 306 304 361 1013
1026 360 1029 366 ,
1165 301 1485 364 MARCUS
1517 302 1720 366 EPIIE

1876 304 1929 362 ς.
1969 328 2037 337 —-
2068 301 2408 367 ΝΟἸῚΤΙΛ.
2682 270 2688 274 ⁷
3303 297 3439 364 ιιι-ιι

161 414 428 470 sacritieia
462 414 722 472 Romanae
751 418 1128 475 Ecclesi:e.'—
1168 420 1230 476 Ν.
1263 423 1350 487 55,
1379 423 1445 477 ad
1483 420 2020 490 cumdcm.Epistola
2083 425 2466 494 gratulatot'ia,
2498 424 2640 496 quod
2695 439 2724 479 a
2773 421 2986 478 Latinis
3018 420 3328 478 desciverit.
3371 456 3441 465 --

160 501 224 554 Ν.
259 503 347 564 54,
383 514 466 557 est
490 520 578 573 ap.
616 503 834 563 Fabric.
874 525 928 562 ιι.
971 509 1055 563 17.
1098 542 1167 550 —-
1208 510 1271 565 Ν.
1305 512 1397 578 55,
1427 511 1490 564 ad
1527 511 1721 566 Latino

1876 511 2089 578 sponsio
2126 513 2190 566 de
2234 513 2355 582 igne
2394 514 2730 582 purgatorio.
2760 542 2823 556 --
2855 511 2994 565 Ibid.
3031 510 3084 563 in
3117 501 3242 563 cod.
3283 509 3439 571 1572,

161 608 217 669 ιι.
255 593 308 654 5,
338 592 503 648 Marci
538 594 826 666 Eugenici,
861 601 952 668 qui
988 601 1224 656 concilio
1277 600 1601 656 Florentino
1657 600 1933 662 interfuit,
1987 613 2148 669 opus.
2189 601 2256 654 de
2314 601 2437 668 igne
2473 602 2830 672 ‘ptirgatorio,
2867 601 3139 655 adversus
3189 597 3440 660 Latinos,

159 680 467 747 ineditum;
525 699 578 736 ιι.
613 686 668 748 4,
700 674 1003 756 Expositio,
1040 691 1182 758 apu'l
1214 689 1435 744 Fabric.
1462 706 1516 744 lt.
1552 691 1638 744 11.
1689 721 1722 734 .-

1877 689 1920 743 1.
1958 687 2012 742 in
2053 687 2180 743 cod.
2225 688 2386 752 1589,
2436 704 2492 742 ιι.
2523 689 2577 742 2.
2614 689 2768 744 Orat.
2809 689 2928 754 dua:
2974 689 3041 743 de
3078 689 3205 758 igne
3237 700 3440 756 purga-

159 771 324 830 tnrio,
352 770 578 839 eadem,
609 787 727 839 qua:
763 791 813 829 ιι.
854 776 939 844 16,
971 793 1057 847 ap.
1088 777 1293 841 Fabr.;
1327 786 1381 832 ct
1431 794 1489 833 ιι.
1524 778 1578 843 5,
1624 777 1906 848 Expositio
1937 778 1991 832 in
2055 792 2276 832 sacram
2313 775 2643 847 Liturgiam.
2672 804 2742 816 ο--
2779 777 2837 831 1η
2890 778 3013 831 eod.
3046 776 3274 832 Coislin.
3310 773 3439 838 289,

160 855 396 911 llomilia
433 859 578 914 dicta
615 860 877 920 Ferrarius
906 867 969 920 ad
1006 861 1314 924 cardinales
1356 877 1409 923 et
1460 868 1701 936 reliquos

1880 882 2059 921 lorum
2094 867 2348 922 doctores
2387 867 2518 934 περὶ
2558 864 2655 917 τοῦ
2687 865 3052 941 δοξαζομένου
3088 865 3222 933 παρ’
3254 864 3440 934 αὐτοῖς

159 945 463 1014 καθαρσίου
507 951 678 1019 πυρός
748 956 1016 1024 (estapud
1048 955 1208 1012 Fabr.
1244 974 1297 1013 ιι.
1337 956 1422 1022 16,
1452 955 1599 1028 prior
1634 972 1721 1011 res

1875 956 1976 1026 in).
2028 953 2090 1009 V.
2125 954 2316 1012 Montf.
2352 951 2492 1007 Bibl.
2529 951 2692 1008 Coisl.
2737 969 2789 1022 p.
2826 953 2952 1010 406.
2987 987 3058 996 -
3081 951 3438 1008 Seu-Monii.

159 1034 216 1086 in
251 1034 390 1090 Bibl.
432 1038 673 1099 biblioth.
725 1060 854 1097 mss.
888 1061 938 1113 p.
977 1047 1134 1110 1552,
1194 1052 1413 1104 exstant
1463 1047 1516 1101 in
1581 1045 1717 1102 God.
1763 1044 1970 1100 Mazar.
2009 1042 2110 1097 124
2149 1061 2162 1096 :
2211 1059 2267 1097 ιι.
2309 1043 2361 1107 1,
2419 1041 2609 1096 Oratio
2647 1040 2911 1094 Ferraria:
2942 1041 3126 1095 habita
3176 1041 3242 1095 ad
3273 1040 3437 1094 Card.

157 1124 409 1196 aliosque
438 1127 662 1186 Latinos
697 1133 763 1187 de
787 1134 1279 1212 igne'purgatorio.
1312 1167 1383 1177 -—
1420 1133 1485 1192 N.
1515 1131 1570 1199 2,
1603 1135 2011 1203 Responsiones
2043 1134 2108 1189 ad
2140 1132 2484 1204 objectioncs
2519 1132 2564 1186 ei
2600 1130 2797 1185 factas.
2828 1159 2896 1172 —-
2927 1129 2992 1186 N.
3021 1130 3075 1193 ϐ,
3106 1132 3249 1202 quod
3296 1131 3439 1185 idem

158 1223 267 1273 est,
309 1230 370 1270 ac
408 1216 624 1274 Fabric.
683 1237 737 1275 n.
775 1223 840 1276 15
890 1209 1062 1292 citat;
1097 1253 1166 1268 -—
1195 1224 1280 1281 Ν.
1315 1227 1368 1291 7,
1402 1225 1633 1283 Joannis
1689 1223 1954 1293 Eugenici
2021 1223 2289 1278 adversus
2323 1221 2695 1277 deﬁnitionem
2743 1219 2962 1274 concilii
2999 1218 3340 1286 Florentini;
3371 1247 3443 1258 ——
3534 1209 3540 1212 ’

157 1299 228 1354 Ν.
272 1303 359 1369 15,
387 1307 582 1374 synodi
615 1311 966 1376 praesentium
1001 1313 1159 1369 CPoli
1194 1316 1582 1384 episcoporum
1609 1308 1880 1384 apologia,
1919 1313 2068 1382 quod
2109 1311 2486 1368 Florentinam
2530 1309 2802 1382 synodum
2854 1324 2959 1363 non
2991 1309 3294 1378 receperint
3325 1324 3342 1374 ;
3370 1335 3441 1349 -—

155 1386 229 1442 Ν.
278 1390 366 1453 15,
400 1392 565 1448 Marci
604 1394 822 1467 Ephesii
877 1399 1142 1458 adversus
1182 1403 1555 1468 scholarium;
1590 1432 1658 1442 ιω
1686 1417 1740 1456 n.
1772 1401 1857 1466 16,
1893 1401 2174 1458 Adversus
2233 1400 2483 1464 Latinos,
2510 1399 2689 1469 capita
2735 1398 3073 1470 syllogistica
3099 1397 3247 1469 (add.
3285 1414 3341 1452 ιι.
3382 1397 3436 1460 7,

156 1493 252 1564 ap.
285 1478 550 1553 Fabric.).
578 1516 648 1526 —
671 1488 942 1564 ﬁpologia
978 1506 1074 1560 pro
1107 1492 1331 1558 unione,
1361 1494 1498 1550 citra
1535 1493 1656 1563 ejus
1726 1491 2060 1546 sententiam
2128 1489 2422 1546 Florentiae
2471 1488 2654 1543 habita
2682 1504 2696 1555 ;
2730 1495 2786 1542 et
2844 1503 2896 1541 ιι.
2935 1487 3025 1552 19,
3059 1487 3237 1556 ejusd.
3291 1485 3440 1541 Con-

156 1562 358 1629 fessio.
389 1569 442 1624 in
481 1562 688 1641 synodo
723 1573 1041 1634 Florentina
1074 1579 1223 1635 edita
1249 1579 1502 1636 Barlaam
1539 1562 1821 1643 monachi,
1850 1579 2150 1650 procedere
2198 1578 2462 1647 Spiritum
2498 1585 2752 1634 sanctum
2789 1590 2859 1632 ex
2912 1577 3041 1631 solo
3059 1573 3241 1629 Patre.
3277 1573 3440 1628 (Ζοιιῇ

157 1669 332 1741 S_"Pl’a
356 1656 418 1710 .in
446 1660 500 1716 h.
535 1661 643 1716 vol.
671 1677 726 1730 p.
754 1665 881 1730 468,
916 1683 1053 1733 ιχιι,
1093 1676 1148 1724 et
1176 1668 1243 1724 de
1274 1669 1397 1741 igne
1429 1669 1772 1740 purgatorio,
1797 1678 1904 1724 etc.
1932 1699 2002 1709 —
2035 1667 2092 1722 lu
2125 1667 2513 1740 Baumgarten.
2545 1665 2866 1721 Nachricht.
2905 1680 3002 1719 von
3067 1657 3440 1732 mérkwi’trdig.

155 1739 428 1812 Bi‘tchern,
468 1756 598 1804 tom.
635 1752 722 1819 V1,
750 1768 802 1821 p.
843 1755 973 1821 451,
1010 1754 1196 1822 ibique
1225 1739 1335 1813 not.
1375 1759 1416 1813 i.
1455 1756 1624 1813 11Αιιι..

236 1831 292 1888 5.
332 1831 714 1917 Responsiones
749 1844 818 1895 ad
852 1849 1169 1912 quwstiones
1195 1838 1576 1912 cardinalium,
1601 1864 1740 1902 .mss.
1767 1845 1824 1900 ln
1854 1848 2042 1918 codice
2066 1846 2234 1918 Regio
2272 1845 2446 1901 Paris.
2478 1845 2608 1902 250.
2648 1845 2806 1910 1218,
2832 1847 2885 1900 in
2934 1843 3066 1900 bibl.
3106 1844 3259 1915 pubi.
3296 1861 3350 1900 ιι.
3385 1846 3439 1912 4,

155 1932 216 1975 et
247 1939 303 1986 ν,
335 1925 399 1979 ad
434 1943 490 1980 ιι.
524 1928 579 1992 2,
607 1928 784 1984 Leidrc
814 1933 960 1989 inter
990 1936 1116 1990 cod.
1164 1932 1420 1993 Vossian.
1456 1952 1506 1989 ν.
1538 1936 1714 1992 Catal.

1654 1937 1714 1990 ι1.
1744 1935 1875 1989 bibl.
1910 1933 2067 1988 Leid.
2102 1950 2154 2003 p.
2188 1935 2313 2000 59⁸7,
2338 1951 2395 1989 ιι.
2422 1935 2520 1990 -57,
2551 1934 2724 1989 llum.
2792 1953 2797 1960 '
2869 1953 2877 1974 ι
3101 1985 3103 1987 ,
3216 2000 3217 2004 η

233 2011 290 2065 4.
332 2013 538 2070 Salutio
563 2018 796 2074 duarum
828 2025 1180 2092 qumtionum
1210 2025 1363 2096 παρὰ
1397 2027 1493 2079 τοῦ
1526 2025 1791 2095 βασιλέως

1874 2025 1896 2078 b
1943 2024 2266 2091 imperatore
2300 2023 2534 2089 (Joanne
2565 2022 2896 2093 l’alaeologo)
2930 2022 3345 2090 propositarum.
3381 2021 3437 2076 In

154 2103 356 2188 codice
380 2103 550 2175 Regio
575 2107 739 2173 2016,
777 2116 916 2166 teste
962 2113 1179 2168 Labbeo
1210 2128 1333 2184 pag.
1367 2112 1435 2169 88
1484 2113 1620 2177 bibl.
1657 2127 1810 2168 novae
1871 2125 2005 2167 mss.
2047 2111 2230 2184 [ConL
2299 2112 2424 2167 cod.
2489 2109 2809 2180 Mosquens.
2862 2111 2987 2188 555,
3013 2111 3102 2176 41,
3137 2120 3188 2167 et
3229 2111 3280 2166 in
3312 2109 3438 2166 cud.

158 2187 440 2247 Escarial.
478 2209 600 2250 mox
635 2198 855 2254 citanda
888 2208 1087 2256 exstat.
1120 2201 1298 2258 lianc.

144 2356 170 2368 -
237 2280 292 2336 5.
324 2281 567 2352 Epistola
601 2291 865 2360 eucyclica
896 2292 966 2344 ad
989 2308 1165 2346 autne;
1194 2291 1535 2347 Christianos
1568 2292 1635 2347 de
1678 2288 1890 2362 synodo
1927 2287 2241 2344 Florentina
2298 2303 2406 2343 non
2454 2287 2834 2356 suscipienda,
2887 2302 3010 2359 qua:
3059 2302 3182 2344 cum
3215 2287 3437 2368 _Josep_hi

162 2367 538 2428 Ilethonensis
566 2378 924 2445 responsione
951 2379 1151 2446 legitur
1180 2389 1304 2448 post
1330 2388 1446 2434 acta
1475 2378 1692 2434 concilii
1728 2376 1879 2432 Flor.
1931 2387 2064 2430 tom.
2102 2375 2244 2442 XIII,
2281 2377 2505 2442 Labbei,
2540 2392 2663 2445 pag.
2713 2376 2854 2442 677;
2893 2387 2948 2432 et
2998 2387 3132 2432 tom.
3159 2364 3263 2442 IX;
3302 2376 3440 2430 llar-

156 2458 322 2513 dnin.
371 2476 493 2529 pag.
529 2463 662 2518 549.·
712 2464 954 2542 Incipit:
1001 2466 1144 2533 Ἐγὼ
1201 2468 1289 2521 διὰ
1312 2466 1412 2538 τὴν
1444 2465 1714 2536 ἐπιταγὴν

1902 2465 1999 2536 τὴν
2034 2467 2245 2535 χρείαν.
2310 2465 2498 2520 Grmce
2550 2474 2602 2519 et
2644 2466 2837 2520 Latine
2888 2482 3012 2521 cum
3067 2467 3324 2521 versione
3350 2465 3435 2521 Jo.

159 2547 407 2602 Matthaei
443 2549 995 2624 Caryophyli._F.taa.
1034 2553 1238 2610 Matriii
1296 2556 1349 2609 in
1387 2555 1510 2610 cod.
1552 2553 1720 2625 Regio
1761 2553 1850 2620 77,
1915 2554 2011 2608 fol.
2068 2554 2193 2616 509,
2228 2563 2543 2623 sequuntur
2591 2553 2771 2620 ejusd.
2828 2553 3106 2610 Professio
3147 2556 3293 2617 ﬁdei,
3347 2572 3439 2624 ap.

155 2635 384 2692 Fabric.
424 2653 480 2693 ιι.
516 2639 604 2695 17.
636 2670 703 2682 —
728 2643 1057 2712 Excerptum
1111 2645 1271 2698 breve
1319 2659 1385 2697 ex
1440 2643 1562 2712 ejus
1615 2659 1737 2712 cap.
1790 2642 2144 2711 syllogisticis
2183 2640 2262 2712 (ιι.
2313 2639 2365 2705 7,
2401 2657 2490 2711 ap.
2522 2627 2860 2709 Fabric.’)—
2887 2639 3041 2696 Tum
3089 2645 3441 2714 opusculum,

159 2726 313 2795 quod
341 2731 425 2782 est
454 2743 545 2796 ap.
578 2727 789 2785 Fabric.
826 2748 882 2787 ιι.
919 2733 1006 2788 15.
1041 2764 1112 2774 —--
1152 2733 1286 2787 Dein
1320 2747 1510 2802 opusc.
1563 2730 1728 2800 cujus
1775 2732 2056 2785 rarissime
2089 2733 2148 2785 ﬁt
2190 2733 2395 2786 mentio
2435 2732 2501 2786 de
2550 2731 2786 2786 terminis
2818 2733 2940 2786 vita:
3006 2733 3115 2803 (est
3169 2743 3348 2788 tamen
3385 2734 3440 2787 in

159 2813 288 2869 cod.
327 2815 590 2872 Escorial.
651 2819 787 2874 etin
827 2820 947 2875 cod.
1015 2820 1330 2890 Mosqucnsi
1369 2821 1496 2887 594,
1547 2837 1603 2875 ιι.
1651 2819 1720 2873 12

1884 2819 2123 2873 ΜαιιΙιωί
2153 2820 2188 2872 ι.
2225 2833 2272 2872 c.
2310 2834 2361 2888 p.
2396 2819 2548 2886 252).
2590 2819 2705 2874 lnc.
2740 2817 2865 2872 osz'
2900 2821 3066 2884 αὐτὸς
3111 2823 3363 2893 ἠπόρεις,
3395 2805 3439 2876 ὣ

161 2905 410 2982 μακάριε
444 2907 704 2974 δέσποτα,
742 2909 839 2961 τοῦ
871 2908 1212 2978 ζητουμένου
1242 2911 1342 2980 τὴν
1364 2901 1520 2963 Ideni
1551 2909 1724 2980 ὲξευρε

1878 2927 1882 2958 ;
1931 2909 2024 2960 καὶ
2061 2907 2380 2962 ἀποδοῦναι.
2411 2936 2480 2946 —-
2510 2907 2750 2976 Epistula
2783 2910 2848 2963 ad
2887 2909 3186 2979 Georgium
3237 2913 3318 2982 (ιι.
3354 2912 3441 2976 11,

159 3005 252 3056 ap.
291 2991 560 3062 Fabric.).
591 3024 658 3034 —
688 2995 807 3050 Alia
850 2998 914 3049 ad
949 2997 1200 3051 eumdem
1233 3007 1287 3053 et
1321 2997 1510 3053 eadem
1547 3013 1668 3053 esse
1705 2997 1939 3059 videtur,
1978 3012 2097 3065 quae
2127 3007 2209 3051 est
2265 3011 2350 3066 ap.
2403 2994 2565 3050 Fabr.
2605 3011 2662 3049 ιι.
2717 2996 2800 3063 10,
2836 3005 2889 3050 et
2915 3014 3077 3066 quam
3109 2998 3354 3069 Cangius,
3383 3000 3435 3053 in

161 3079 414 3134 Glossar.
442 3080 535 3136 Gr.
563 3083 672 3138 vol.
703 3083 770 3148 11,
796 3086 907 3140 col.
942 3085 1106 3150 1281,
1147 3087 1297 3141 velut
1332 3086 1595 3142 ineditam
1661 3097 1951 3148 memorat,
1993 3097 2366 3156 pro-vocatque
2396 3085 2462 3139 ad
2504 3086 2627 3140 cid.
2659 3085 2789 3141 bibl.
2831 3071 3007 3142 Paris.
3057 3087 3241 3156 Regia:
3269 3088 3438 3156 5118,

162 3169 259 3229 qui
293 3171 346 3222 in
386 3170 548 3226 catal.
583 3187 712 3227 mss.
754 3172 886 3228 bibl.
933 3175 1081 3244 puhl.
1141 3174 1314 3232 Paris.
1381 3184 1704 3230 numeratur
1740 3173 1900 3240 1218,
1945 3174 2036 3229 ubi
2074 3175 2272 3232 .locnm
2304 3183 2538 3242 Occupat
2590 3173 2883 3228 decimum.
2931 3174 3007 3229 De
3066 3175 3150 3228 his
3183 3177 3438 3232 omnibus

161 3259 324 3324 plura
367 3257 612 3327 disputat
645 3259 838 3316 lriarte
864 3262 918 3317 in
947 3262 1068 3320 Cat.
1107 3264 1265 3319 codd.
1309 3263 1402 3320 Gr.
1439 3263 1640 3318 Matrit.
1669 3280 1723 3332 p.
1761 3261 1866 3318 285
1897 3279 2014 3334 seq.
2061 3296 2120 3306 —
2167 3264 2223 3317 In
2257 3264 2418 3318 codd.
2456 3262 2950 3327 Escorialensibns,
2985 3263 3275 3332 inquibus
3307 3277 3437 3322 sunt

162 3347 415 3401 ntizedam
443 3364 474 3402 a
503 3348 755 3404 Fabricio
787 3365 894 3404 non
930 3341 1336 3422 observatalv.
1369 3352 1548 3406 Plueri
1576 3351 1831 3407 llinerar.
1864 3370 1957 3421 per
2008 3353 2237 3421 llisprm.
2272 3368 2325 3422 p.
2378 3351 2534 3421 180),
2565 3362 2920 3407 asservantur
2956 3351 3120 3409 Marci
3179 3353 3438 3423 Eugeuici

163 3435 410 3504 Epistula
447 3438 516 3491 al
549 3437 867 3493 orthodozos
897 3439 1252 3506 Christianos,
1308 3441 1512 3510 ubique
1571 3441 1820 3509 gentium
1870 3451 1923 3495 et
1979 3441 2283 3497 insularum
2343 3441 2601 3510 degentes
2632 3456 2647 3507 ;
2686 3470 2752 3480 ——
2779 3439 2846 3494 de
2868 3426 3289 3497 .re'surreetione
3313 3485 3330 3510 ,
3368 3451 3470 3483 —'

162 3527 236 3578 de
272 3525 524 3580 terminis
560 3528 682 3580 vitae
709 3527 773 3580 ad
806 3525 1116 3594 lsidorum;
1160 3559 1220 3568 -
1249 3529 1313 3583 ad
1350 3529 1486 3599 imp.
1515 3528 1720 3583 Joann.
1757 3526 2153 3602 Palmologum,
2189 3531 2530 3586 dubitantem
2571 3529 2639 3583 de
2693 3529 3014 3584 Latinorum
3059 3532 3191 3594 ritu,
3221 3549 3434 3587 sermo-

164 3630 267 3669 nes
295 3615 439 3677 duo;
471 3645 544 3657 —
567 3613 800 3671 llornilia
836 3617 888 3669 in
922 3617 1308 3672 dormitioncm
1365 3616 1424 3672 S.
1465 3611 1677 3673 Macarii
1740 3618 1970 3674 Corona».
2005 3619 2179 3690 (conf.
2205 3619 2273 3674 ad
2327 3635 2381 3673 n.
2415 3620 2466 3688 7)
2498 3636 2516 3683 ;·
2541 3649 2609 3658 -
2639 3617 3104 3688 Interrogationes
3138 3621 3204 3675 ad
3243 3637 3439 3690 quem-
3534 3682 3537 3685 ,

162 3705 296 3758 dam
329 3705 668 3760 dubitantem
694 3725 708 3774 ;
737 3706 1115 3762 ——Conlcssio
1143 3717 1305 3761 rectae
1338 3708 1458 3760 iilci
1497 3706 1789 3763 Florentiae
1830 3708 1993 3772 facta,
2031 3707 2334 3764 secumlnm
2373 3705 2643 3776 synodum
2690 3705 3010 3761 Latinorum
3042 3723 3165 3762 cum
3203 3707 3441 3780 Chryso-
3497 3694 3522 3756 ι’

162 3805 389 3859 stomo;
425 3821 492 3833 --
534 3794 699 3850 Marci
729 3792 1140 3864 Epistolae'dua:
1177 3794 1243 3848 ad
1302 3797 1658 3864 przepositum
1702 3798 1754 3850 in
1797 3796 1852 3850 S.
1893 3806 2076 3849 monte
2136 3793 2513 3854 habitationis.
2555 3781 2914 3863 Batopcdiuin
2957 3794 2998 3848 1.
3031 3824 3098 3835 —
3127 3796 3205 3849 Ad
3247 3813 3442 3866 quem-

163 3881 296 3934 dam
340 3879 686 3938 Scholarium
724 3885 1133 3953 pltilOSOpltum,
1174 3886 1365 3938 altera.
1399 3914 1464 3924 —-
1501 3884 1712 3940 Monac.
1750 3886 1803 3940 in
1840 3887 1963 3942 cod.
2020 3886 2212 3940 Bavar.
2249 3885 2371 3939 145.
2409 3883 2507 3938 fol.
2545 3882 2672 3945 188,
2706 3884 2798 3937 ubi
2842 3895 3148 3952 sequuntur
3179 3885 3442 3955 Pro/“casio

163 3971 340 4040 (apud
370 3969 585 4026 Fabric.
623 3988 676 4027 ιι.
719 3972 800 4041 10)
831 3981 944 4026 ιιιιιι
1001 3974 1170 4028 altera
1218 3973 1381 4041 epist.
1415 3973 1692 4046 encyclica
1755 3976 1852 4042 (ib.
1899 3992 1949 4028 ιι.
1997 3974 2076 4045 6).
2109 4005 2179 4014 —
2217 3973 2473 4043 Dialogus
2507 3971 2682 4032 Graeci
2714 3980 2768 4025 et
2805 3971 3010 4035 Latini,
3045 3989 3141 4027 seu
3179 3976 3242 4027 de
3282 3977 3440 4026 mliti-

161 4072 313 4112 trone
336 4060 389 4110 in
423 4058 662 4128 symbolo
694 4075 711 4113 :
744 4060 912 4129 incip.
940 4059 1222 4130 Θαυμάζω
1248 4061 1363 4122 πῶς
1396 4064 1527 4129 ἡμῖν
1563 4063 1724 4130 una)

1875 4078 1888 4092 ο
1919 4063 1972 4115 in
2005 4063 2108 4114 line
2138 4068 2381 4125 notatur,
2414 4059 2684 4126 scriptum
2705 4073 2828 4112 esse
2857 4075 2929 4111 ιιι.
2959 4060 3132 4128 April.
3155 4078 3241 4130 an.
3276 4062 3436 4127 0051,

163 4164 271 4204 seu
309 4163 416 4202 acra
447 4157 635 4203 nostra
668 4148 825 4214 1445,
860 4149 1050 4203 indict.
1087 4165 1157 4202 γι.
1198 4146 1352 4202 llunc
1379 4149 1654 4218 dialogum
1703 4150 1863 4204 etiam
1901 4146 2088 4201 omisit
2140 4146 2443 4210 Fabricius,
2480 4143 2584 4196 nisi
2635 4143 2737 4210 sit,.
2761 4143 3021 4214 opinante
3051 4144 3298 4210 llarlliu,
3343 4164 3442 4212 cr.

163 4247 417 4306 cerptum
445 4239 684 4306 capitum
713 4237 983 4308 syllorgist.
1015 4238 1116 4307 (α).
1162 4267 1232 4278 -
1265 4237 1536 4305 Posthasc,
1571 4237 1957 4306 Marci-Epiros.
1991 4244 2222 4305 metrop.
2257 4235 2320 4289 ad
2344 4249 2534 4289 omnes
2572 4237 2770 4305 ubique
2806 4245 3078 4310 terrarum
3140 4245 3196 4291 et
3232 4238 3440 4291 insulae

166 4343 301 4380 rum
355 4326 694 4382 orthodoxos
752 4327 1098 4382 Christianos
1137 4345 1149 4380 :
1190 4326 1349 4395 cujus
1404 4329 1626 4396 quidem
1666 4326 1729 4395 Et

1874 4340 1918 4378 .e
1976 4325 2193 4378 initium
2247 4333 2331 4378 est
2365 4339 2380 4376 :
2417 4323 2545 4386 Τοῖς
2606 4323 2923 4394 ἅπανταχοῦ
2964 4325 3066 4395 τῆς
3102 4325 3203 4394 γῆς
3230 4341 3245 4357 ο
3292 4325 3437 4379 illam

167 4416 477 4484 Epistolam
515 4415 716 4485 excipit
739 4417 999 4487 Apologia
1030 4415 1279 4483 Gregorii
1313 4415 1724 4472 hieromonachi
1753 4423 1809 4493 et
1834 4414 2250 4487 protosyncelli,
2284 4426 2472 4484 postea
2511 4415 2863 4483 patriarchae,
2898 4415 3085 4471 Roma:
3116 4415 3335 4494 sepulti,
3364 4411 3434 4469 'in

165 4503 429 4574 Ephesini
459 4504 740 4572 epistolam
767 4520 796 4557 e
843 4504 1007 4559 variis
1041 4506 1244 4558 sanctis
1280 4520 1293 4554 :
1327 4504 1450 4559 init.
1487 4504 1559 4556 Τὸ
1595 4504 1691 4573 μὲν

1878 4504 2019 4572 ῐμιον
2050 4503 2145 4556 τοῦ
2175 4502 2482 4575 αἰδεσίμου.
2515 4533 2585 4544 -
2608 4503 2747 4559 Ibid.
2779 4503 2830 4556 in
2885 4502 3009 4558 cod.
3039 4502 3133 4566 54,
3159 4492 3281 4558 ead.
3312 4503 3441 4573 Epi-

162 4593 315 4649 srola
349 4607 470 4645 cum
508 4591 770 4659 Apologia
799 4600 904 4646 etc.
953 4593 1112 4647 Conl.
1143 4593 1211 4646 cl.
1248 4591 1436 4647 llardt.
1476 4592 1528 4646 in
1580 4591 1784 4646 Aretini
1814 4590 2143 4661 Reytrwgcn,
2180 4600 2288 4646 etc.
2338 4606 2430 4645 an.
2480 4589 2639 4654 1804,
2679 4600 2822 4660 part.
2853 4589 2939 4656 10,
2977 4604 3099 4660 pag.
3133 4590 3200 4643 19
3223 4605 3346 4659 sqq.
3388 4601 3442 4645 ct

163 4687 315 4750 part.
353 4697 390 4743 ι,
426 4696 477 4746 p.
518 4679 586 4733 25
615 4694 731 4750 seq.
771 4709 837 4720 —-
863 4679 1062 4735 Eadem
1118 4679 1346 4749 epistola
1395 4694 1519 4734 cum
1556 4679 1806 4749 Gregorii
1845 4681 2094 4750 apologia
2156 4679 2208 4732 in
2248 4680 2372 4734 cod.
2406 4678 2724 4749 Mosquensi
2774 4678 2970 4748 synod.
3023 4677 3153 4742 552,
3192 4694 3245 4732 ιι.
3283 4678 3338 4733 5.
3375 4677 3440 4737 ν.

163 4767 420 4823 ΜαιιΙιωὶ
454 4776 566 4822 not.
596 4768 688 4822 cit.
721 4782 773 4835 p.
807 4767 914 4822 228
953 4784 1098 4836 seq.,
1135 4777 1297 4836 atque
1324 4782 1380 4836 p.
1411 4768 1538 4832 252,
1575 4783 1629 4823 n.
1669 4767 1756 4834 22,
1795 4767 1918 4822 cod.
1962 4767 2089 4832 594,
2124 4767 2352 4836 epistola
2409 4766 2711 4834 encyclios.
2751 4795 2811 4805 —
2859 4763 3150 4820 Florentiae
3211 4765 3263 4820 in
3304 4766 3437 4821 bibl.

163 4855 496 4910 monasterii
533 4855 1008 4911 Benedictinorum
1041 4854 1102 4909 Β.
1138 4856 1340 4921 Mariae,
1366 4855 1614 4926 Josephi,
1648 4855 1892 4926 episcopi
1948 4855 2249 4920 Methones,
2283 4853 2529 4925 apologia
2581 4853 2647 4909 ad
2682 4853 2925 4908 libellum
2954 4852 3122 4909 Marci
3153 4852 3439 4924 Ephesini.

165 4944 237 4999 v.
275 4941 570 4998 blontl‘auc.
600 4943 739 4997 Bibl.
777 4943 1024 4998 biblioth.
1057 4931 1192 5000 mss.
1228 4960 1282 5013 p.
1320 4944 1426 4999 415
1455 4942 1515 5007 ε,
1558 4955 1610 4998 et
1646 4943 1711 4996 ad

539 4957 570 4998 ε.
600 4943 739 4997 Bibl.
777 4943 1024 4998 biblioth.
1057 4931 1192 5000 mss.
1228 4960 1282 5013 p.
1320 4944 1426 4999 415
1455 4942 1515 5007 C,
1558 4955 1610 4998 et
1646 4943 1711 4996 ad
1747 4959 1802 4997 ιι.
1834 4944 1887 4998 7.
1927 4942 2102 4998 Hanc.

239 5030 299 5085 6.
343 5028 589 5101 Epistolq
620 5022 887 5097 encycliciz
911 5031 979 5083 ad
1005 5047 1181 5086 omnes
1207 5032 1395 5100 ubique
1424 5042 1688 5085 terrarum
1718 5039 1980 5100 degentes,
2016 5032 2083 5086 de
2123 5030 2318 5085 eodem
2345 5043 2688 5100 argumento,
2725 5046 2860 5101 qua!
2889 5047 3010 5087 cum
3073 5029 3436 5103 responsione

163 5118 424 5188 Gregorii
455 5105 852 5189 Protosyttcelli
885 5129 1063 5173 exstat
1098 5129 1231 5174 tom.
1265 5119 1383 5175 Xlll
1412 5119 1618 5176 Concil.
1647 5119 1871 5183 Labbei,
1899 5135 2020 5190 pag.
2058 5119 2180 5178 740.
2223 5127 2277 5175 et
2306 5127 2438 5172 tom.
2482 5117 2552 5171 IX
2617 5117 2907 5183 llarduin.,
2942 5134 2997 5188 p.
3033 5120 3159 5175 601.
3193 5120 3387 5188 Incipit
3422 5138 3434 5173 :
3473 5114 3477 5115 ί

163 5209 236 5264 01
275 5209 379 5278 τὴν
418 5207 595 5279 κακὴν
626 5208 776 5278 ἡμᾶς
801 5199 1187 5276 αἰχμαλωσίαν
1220 5208 1726 5279 αἰχμαλωτεύσαντι

1869 5210 2023 5264 lracce
2064 5218 2118 5266 et
2157 5206 2349 5262 Latine
2391 5224 2514 5262 cum
2563 5208 2814 5262 versione
2848 5210 3198 5280 CaryOphyli,
3227 5226 3278 5278 p.
3311 5204 3432 5262 6.10.

165 5296 341 5352 ΕἈιιιι.
401 5295 534 5351 Mss.
563 5294 804 5366 Mosqnae
832 5296 885 5351 in
910 5296 1070 5351 cedd.
1104 5297 1298 5365 synod.
1329 5295 1394 5350 15
1425 5304 1478 5350 et
1513 5296 1638 5362 554,
1680 5313 1728 5350 ιι.

1874 5293 1922 5353 θ’.
1955 5297 2192 5352 Μειιιιιωί
2263 5294 2432 5349 Notil.
2470 5296 2567 5354 cit.
2603 5311 2653 5364 ρ.
2692 5296 2762 5350 50
2797 5307 2850 5351 et
2883 5298 3008 5353 252.
3048 5327 3114 5336 ——
3147 5297 3437 5351 Mediolani

165 5401 222 5439 ιιι
252 5383 389 5439 bibl.
427 5382 683 5441 Ambros.
717 5384 959 5440 estliber
984 5384 1242 5454 anonymi
1278 5384 1556 5440 Adversus
1588 5393 1992 5456 argumentum,
2024 5400 2133 5454 quo
2174 5384 2226 5439 in
2265 5385 2457 5454 primis
2492 5385 2568 5437 uti
2604 5385 2816 5440 solebat
2845 5386 3106 5441 adversus
3132 5384 3435 5437 catholicus

165 5471 415 5536 Marcus,
448 5472 809 5542 Ephesiorum
842 5473 1094 5529 antistes.
1119 5472 1186 5527 γ.
1221 5473 1520 5530 Montl‘auc.
1553 5459 1692 5528 Bibl.
1721 5473 1968 5530 biblioth.
2007 5488 2141 5529 mss.
2172 5488 2226 5544 p.
2271 5472 2396 5529 519.
2431 5473 2492 5527 C.
2530 5502 2598 5512 —
2637 5475 2774 5530 Add.
2806 5490 2972 5544 supra
3027 5474 3092 5526 ad
3130 5489 3183 5526 ιι.
3218 5473 3250 5525 2
3288 5481 3339 5526 ct
3384 5473 3435 5533 5.

246 5696 330 5763 1a)
361 5697 504 5753 I-lcm
526 5708 704 5773 tamen
727 5719 915 5770 opusc.
937 5718 1059 5758 cum
1097 5704 1285 5756 eodem
1327 5703 1593 5773 principio
1641 5714 1854 5761 exstare
1893 5705 2054 5761 etiam
2083 5704 2135 5757 in
2198 5700 2318 5758 cod.
2362 5700 2493 5755 bibl.
2593 5702 2737 5771 publ.
2795 5699 2966 5754 Paris.
3025 5698 3158 5754 1218
3207 5715 3260 5752 ιι.
3350 5697 3440 5765 12,

165 5767 283 5838 iam
304 5783 466 5840 supra
497 5767 999 5843 animadvertimus,
1024 5775 1088 5829 ad
1123 5791 1174 5829 n.
1208 5773 1260 5830 2.
1329 5767 1339 5773 ’
1510 5767 1522 5772 ’
2229 5797 2235 5806 ·
