3958 6328
1136 387 1634 449 LAMENTATIO
1660 389 1754 448 DE
1794 387 2015 447 CPOLI
2043 386 2296 477 CA_PTA.

3208 378 3351 442 1052

221 502 591 574 μεναμόνον,
635 502 772 557 ἀλλὰ
823 503 916 569 καὶ
964 504 1025 555 τὸ
1056 501 1216 570 σῶμα
1248 503 1539 566 κόπτοντα,
1579 503 1656 556 κα¹

1775 501 2150 556 acerbissima.
2205 499 2338 553 Nam
2371 497 2590 552 visurus
2641 508 2759 553 erat
2799 506 2942 552 certe
2992 497 3103 574 illa,
3139 513 3260 567 qua:
3294 495 3348 549 e't

94 597 329 663 μυρίαις
390 594 520 647 αὐτὸ
569 593 968 663 ταλαιπωρίαις
1021 593 1524 657 καθυποϐάλλοντα,
1580 594 1673 646 νύ-

91 704 253 756 κτωρ
280 687 373 739 καὶ
408 686 747 755 μεθημέραν.
774 684 850 739 Οὐ
880 685 944 754 δὴ
971 686 1153 754 θρηνῶ
1184 703 1286 755 μου
1315 685 1403 736 τὸν
1433 686 1668 755 πατέρα,

91 774 218 842 ἅμα
256 775 356 844 μὲν
395 774 613 843 πατρίδι
662 773 1060 840 συνεαλωκότα,
1112 776 1208 827 καὶ
1261 773 1485 848 δούλιον,
1515 771 1671 846 ἦμαρ

92 867 308 930 ἰδόντα,
333 870 633 934 ποιητικῶς
669 866 865 929 είπεῖν,
899 864 1015 934 ἅμα
1058 865 1114 918 δὲ
1152 869 1218 936 τῇ
1269 865 1518 936 αἰσθήσει
1569 867 1667 934 τῆς

90 959 370 1026 ἀδοκήτου
424 959 516 1010 καὶ
555 957 948 1027 χαλεπωτάτης
987 957 1198 1027 ἐκείνης
1232 959 1475 1022 δουλείας
1511 960 1670 1011 πολε-

94 1050 200 1120 μίᾳ
266 1051 412 1118 χειρὶ
453 1049 513 1100 τὸ
577 1049 679 1116 ζῇν
728 1048 1144 1114 ἀπολελοιπότα,
1180 1049 1315 1124 πρὶν
1376 1049 1483 1102 τῶν
1532 1050 1671 1118 μετὰ

87 1140 274 1192 ταῦτα
312 1143 509 1208 πεῖραν
541 1140 732 1193 λαϐεῖν
780 1141 993 1204 δεινῶν,
1038 1140 1323 1208 ἑπομένων
1368 1141 1581 1194 πολλῶν
1613 1158 1668 1193 τε

87 1234 190 1284 καὶ
229 1232 507 1301 μεγάλων·
553 1230 689 1284 ἀλλὰ
720 1232 816 1284 καὶ
846 1224 1199 1302 παραμυθίας
1237 1233 1370 1287 αὐτὸ
1397 1234 1463 1302 δὴ
1509 1235 1670 1288 τοῦτο

94 1324 365 1391 γαμοῦμαι
389 1323 643 1375 ὑπόθεσιν
669 1326 727 1376 ὲν
757 1324 876 1385 ταῖς
904 1323 1319 1393 κατειληφυίαις
1345 1326 1494 1395 ἡμᾶς
1531 1342 1669 1394 συμ-

91 1416 315 1482 φοραῖς,
351 1415 411 1466 El
438 1415 494 1466 δέ
516 1432 594 1484 τῳ
623 1414 821 1482 πικρὸν
848 1415 994 1468 δοκεῐ
1045 1417 1105 1470 τὸ
1141 1417 1234 1487 βίᾳ
1261 1417 1358 1486 τῆς
1384 1419 1668 1488 παρούσης

91 1505 244 1572 ζωῆς
272 1504 605 1576 ὑπεξελθεῖν,
625 1503 789 1579 [forte
819 1507 1142 1578 πολεμίους]
1160 1508 1431 1577 πολεμούς
1452 1525 1512 1562 τε
1539 1509 1668 1562 ἰδεῖν

91 1596 482 1663 ἐσπασμένους
518 1597 814 1667 μαχαίρας,
859 1596 1077 1665 φονικὸν
1123 1598 1220 1651 καὶ
1273 1598 1533 1660 πνέοντας
1572 1599 1668 1652 καὶ

88 1688 364 1754 ὁρῶντας,
383 1689 479 1739 καὶ
497 1688 709 1758 πληγὰς
731 1688 1083 1755 ἔντείνοντας,
1107 1689 1139 1759 ἢ
1165 1691 1301 1746 κατά
1319 1691 1423 1744 τῶν
1439 1709 1665 1762 καιριω-

90 1780 300 1844 τάτων,
337 1779 426 1833 ἵνα
447 1779 513 1850 δὴ
538 1781 729 1834 θᾶττον
751 1782 991 1852 ἀπολίπῃ
1031 1783 1090 1834 τὸ
1117 1782 1214 1853 ζῇν
1242 1785 1270 1836 ὁ
1299 1784 1665 1854 πληττόμενος

1774 590 1898 644 aliis
1955 589 2287 654 acciderent,
2316 597 2370 642 et
2394 588 2448 643 ei
2477 588 2578 656 ipsi
2611 588 2931 643 sustinenda
2970 587 3224 653 fuissent,
3251 603 3342 640 su-

1775 681 1888 736 bito
1947 681 2001 735 itt
2029 690 2235 735 tantam
2259 680 2384 734 vitae
2403 680 2890 735 commutationem
2927 679 3295 748 pratcipitatus
3325 693 3342 707 '

1774 789 1894 843 quae
1924 773 2061 827 utala
2086 771 2190 826 n'on
2225 773 2289 827 ad
2318 773 2563 826 animum
2595 773 2771 826 solum
2807 769 3131 840 perventura
3159 781 3340 830 erant,

1771 865 1867 921 sed
1895 879 2097 933 corpus
2139 865 2300 919 etiam
2330 863 2618 930 aﬂlictura,
2651 875 2704 919 et
2733 863 3034 916 innumeris
3081 861 3340 914 aerumnis

1772 961 2110 1028 subiectura,
2133 941 2296 1029 idque
2331 957 2446 1012 dies
2481 965 2534 1011 et
2564 964 2769 1009 noctes.
2807 953 2925 1009 Non
2954 953 3116 1024 igitur
3153 953 3338 1021 lugeo,

1773 1054 2017 1123 inquam,
2061 1060 2266 1121 patrem
2301 1063 2502 1113 meum,
2524 1046 2669 1115 quod
2706 1062 2809 1099 una
2845 1030 3060 1114 quidem
3093 1060 3214 1098 cum
3250 1060 3340 1112 pa-

1739 1171 1741 1175 π
1771 1145 1872 1199 tria
1896 1153 2109 1212 captus,
2133 1139 2411 1197 servitutis
2434 1140 2647 1192 initium
2673 1136 2900 1192 viderit:
2932 1137 3114 1189 statim
3133 1141 3339 1197 autem,

1728 1246 1828 1290 ‘ut
1897 1214 2229 1303 inopinatam
2290 1233 2437 1286 illam
2497 1229 2952 1297 durissimamqne
3015 1227 3339 1282 servitutem

1769 1343 1932 1384 sensu
1969 1325 2232 1396 percepit,
2274 1323 2455 1378 hostili
2489 1322 2668 1391 gladio
2725 1321 3089 1390 interemptus
3148 1319 3336 1384 fuerit,

1768 1419 2086 1489 priusquam
2112 1422 2439 1471 consecutas
2460 1413 2658 1468 exinde
2678 1427 2951 1467 aerumnas
2971 1411 3337 1481 experiretur,

1769 1512 1967 1565 multas
1995 1522 2050 1564 et
2086 1521 2312 1577 magnas
2344 1523 2362 1561 :
2393 1507 2487 1561 sed
2543 1507 2644 1560 hoc
2672 1506 2788 1576 ipso
2809 1546 2821 1567 ,
2854 1519 2954 1575 pro
3012 1514 3338 1572 argumento

1766 1600 2156 1657 consolationis
2180 1607 2324 1664 utor,
2355 1599 2483 1653 dum
2506 1598 2572 1652 ad
2602 1597 3031 1667 magnitudinem
3061 1597 3340 1675 involven-

1771 1692 1907 1746 tium
1940 1707 2041 1748 nos
2071 1692 2442 1746 calamitatum
2499 1689 2730 1760 respicio
2802 1687 2955 1755 Quod
2982 1689 3027 1743 si
3062 1690 3147 1744 cui
3176 1704 3334 1743 acer-

1767 1774 1893 1838 bum
1925 1783 2158 1844 videtur,
2187 1782 2424 1836 violenta
2451 1789 2626 1834 morte
2656 1795 2721 1834 ex
2756 1779 2858 1834 hac
2891 1781 2999 1834 vita
3034 1781 3334 1846 discedere,

88 1870 120 1937 ἢ
157 1869 273 1922 τῶν
300 1863 461 1940 ἦττον
486 1869 764 1936 τοιούτων,
791 1871 856 1924 ἵνῗ
890 1872 1144 1926 ὲπιπλέον
1183 1873 1570 1943 αἰσθανόμενος
1599 1875 1656 1928 τὸ

1761 1889 1885 1930 cum
1915 1874 2097 1930 hostes
2118 1873 2298 1928 videat
2348 1873 2544 1942 aliquis
2598 1872 2812 1927 eductis
2871 1871 3091 1942 gladiis,
3130 1861 3332 1926 caedem

87 1962 378 2030 θνήσκειν,
404 1961 792 2033 ὀδυνηρότερον
821 1965 1041 2032 γίνοιτο,
1071 1965 1479 2036 φιλανθρωπίας
1512 1969 1611 2038 μὲν
1632 1971 1662 2021 ὁ

87 2038 637 2124 τοιοῦτος’λογισμδς,
669 2055 874 2108 καὶτὸν
903 2054 1129 2110 τοιαῦτα
1159 2056 1544 2125 διανοούμενον
1559 2059 1661 2128 τῆς

88 2146 234 2214 πρὸς
267 2146 364 2215 τὴν
386 2145 547 2212 φύσιν
597 2146 928 2218 ἀποδέχομαι
964 2149 1334 2217 συμπαθείας.
1371 2150 1445 2204 Τὸ
1475 2151 1659 2218 μέντοι

86 2238 194 2290 οὐκ
248 2237 498 2306 ἄμισθον,
525 2238 632 2290 οὐδ’
669 2239 910 2310 ἀκερδὲς
969 2240 1063 2294 τοῦ
1119 2242 1366 2296 τοιούτου
1404 2243 1658 2310 θανάτου,

86 2329 293 2393 πείθει,
329 2329 411 2399 ’μὴ
455 2330 653 2399 μᾶλλον
694 2329 984 2406 ὀδύρεσθαι
1031 2331 1224 2398 ταῦτα,
1271 2332 1304 2403 ἢ
1353 2334 1540 2401 πράως
1574 2335 1664 2403 φέ-

89 2438 233 2488 ρειν,
267 2414 413 2496 ᾗπερ
455 2420 600 2483 εἰκὸς
639 2421 1032 2492 μεταχωρῆσαι
1072 2424 1164 2477 τὸν
1189 2422 1334 2478 οὕτω
1362 2425 1464 2495 τῆς
1513 2426 1661 2494 ζωῆς

88 2512 444 2565 ὑπεκστάντα
488 2511 890 2582 διανοούμενον,
929 2514 1021 2567 καὶ
1076 2516 1333 2586 μάλιστα,
1364 2519 1414 2570 ει
1457 2518 1658 2586 μετιὼν

87 2603 400 2673 ἐτύγχανεν
456 2605 658 2674 ἀρετὴν
699 2605 793 2657 καὶ
824 2605 953 2677 παρ’
974 2601 1113 2661 ’ὅλον
1143 2607 1235 2662 τδν
1265 2609 1416 2678 αὐτῷ
1456 2627 1660 2681 μετρη-

89 2697 262 2773 θρξντα
303 2697 417 2766 βίον
461 2696 626 2767 αὐτὴν
675 2697 822 2767 αὐτῷ
877 2690 1346 2768 προστησάμενος.
1388 2697 1513 2764 Οἷός
1566 2719 1659 2770 μοι

87 2789 114 2838 ὁ
147 2787 338 2854 πατὴρ
377 2785 546 2854 μυρία
574 2785 924 2856 συνεσχηιιὼς
947 2787 1138 2857 ἀρετῇ,
1173 2790 1267 2841 καὶ
1297 2789 1438 2858 μετά
1457 2775 1660 2859 ταύτης

86 2879 406 2931 ἀποθανὼν.
439 2877 614 2930 Πολλὰ
641 2878 698 2931 δὲ
721 2878 872 2948 αὺτῷ
898 2878 996 2949 τῆς
1020 2881 1221 2951 ἀρετῆς
1246 2881 1314 2934 τὰ
1347 2868 1656 2953 μαρτύρια,

87 2968 185 3018 καὶ
214 2968 330 3029 τοῖς
368 2967 528 3021 αὐτὸν
551 2967 713 3021 εἰδόσι
758 2969 1013 3038 γνώριμα
1055 2971 1249 3024 πάντα.
1285 2973 1394 3025 Καί
1427 2990 1517 3042 μοι
1550 2988 1653 3025 πε-

87 3057 317 3124 ρίεργον
339 3055 772 3125 ἀπαριθμεϊσθαι
811 3057 986 3110 πάντα
1018 3059 1118 3111 ὅσα
1149 3075 1207 3112 τε
1236 3060 1296 3112 ιν
1349 3077 1656 3132 πτωχοτρο-

1767 1966 2010 2022 trucibus
2038 1965 2213 2020 oculis
2238 1965 2582 2030 anhelantes,
2617 1973 2670 2018 et
2721 1966 2943 2020 vulnera
3001 1965 3332 2034 inﬂigentes.

1763 2071 1937 2125 eaque
1990 2055 2073 2111 vel
2104 2056 2434 2125 opportunis
2465 2056 2709 2125 partibus
2738 2057 3080 2125 corporibus,
3134 2059 3337 2125 quibus

1763 2147 2060 2216 percussis.
2088 2149 2194 2204 cita
2221 2163 2366 2202 mors
2391 2148 2654 2218 sequitur;
2681 2151 2760 2203 vel
2787 2159 2845 2204 et
2873 2149 2992 2203 aliis
3034 2149 3219 2205 minus
3246 2167 3336 2220 pe-

1763 2239 2036 2304 riculosis,
2079 2247 2138 2293 ut
2199 2254 2396 2295 sensus
2459 2240 2663 2294 doloris
2722 2239 3039 2294 diuturnior
3100 2250 3327 2295 mortem

1761 2337 1950 2391 aﬂ'erat
1993 2336 2330 2390 acerbiorem
2393 2337 2806 2397 :humanitatis
2877 2339 3126 2408 equidem
3202 2339 3328 2393 talis

1763 2435 1850 2482 est
1880 2427 2143 2497 cogitatio
2175 2445 2189 2482 :
2222 2443 2460 2498 eumque
2485 2431 2578 2498 qui
2609 2430 2712 2485 hoc
2746 2430 2927 2485 animo
2981 2441 3086 2497 est,
3139 2432 3324 2491 laudo,

1760 2521 1906 2591 quod
1958 2521 2207 2576 humana!
2243 2531 2454 2576 natura:
2483 2523 2960 2578 commiseratione
3011 2523 3274 2578 atliciatur
3314 2541 3326 2576 :

1759 2604 2078 2674 sedtamen,
2101 2612 2226 2680 quia
2284 2628 2432 2667 mors
2489 2613 2798 2682 hujusmodi
2857 2630 2960 2668 suo
3009 2617 3228 2683 praemio
3275 2625 3330 2667 et

1765 2702 1921 2758 lucro
1974 2718 2086 2757 non
2136 2714 2306 2768 caret,
2335 2720 2443 2758 non
2476 2713 2582 2758 tam
2613 2705 2678 2758 ad
2736 2707 3139 2761 Iamentandum
3164 2723 3326 2776 quant

1760 2796 1826 2850 ad
1859 2795 2134 2850 moderate
2182 2796 2297 2851 haec
2321 2795 2600 2850 ferendum
2636 2796 2898 2861 adducor,
2934 2798 3062 2850 dum
3113 2814 3322 2852 mecum

1758 2889 2038 2958 perpendo
2093 2888 2456 2944 conditionem
2492 2903 2640 2958 :qua
2693 2889 2819 2943 hinc
2849 2887 3166 2944 discessisse
3196 2906 3327 2959 pro-

1763 2981 1934 3034 babile
1968 2991 2051 3034 est
2073 2995 2195 3035 eum
2226 2980 2421 3048 quisic
2453 2980 2911 3062 vitam‘reliquit;
2968 2982 3202 3042 maxime
3253 2987 3323 3045 si,

1724 3069 1977 3145 'virtutis
2024 3071 2204 3124 studio
2253 3071 2495 3134 deditus,
2553 3087 2673 3127 eam
2716 3073 2818 3126 sibi
2869 3088 2967 3142 per
3003 3081 3173 3128 totum
3208 3077 3340 3128 vitae

83 3149 268 3214 φίαις,
291 3146 392 3200 ὅσα
420 3149 477 3199 ὲν
503 3147 736 3218 ὑποδοχῇ
786 3149 976 3214 ξένων,
1019 3151 1333 3222 συμπαθείᾳ
1358 3153 1652 3223 δεομένων,

1760 3175 1872 3214 sua:
1895 3161 2226 3216 curriculum
2285 3163 2615 3231 sequendam
2687 3163 2861 3216 duxit.
2920 3162 3067 3218 Talis
3142 3174 3324 3217 autem

83 3240 180 3290 καὶ
242 3239 387 3308 ᾰπερ
435 3236 618 3302 ἁπλῶς
652 3240 743 3291 τὸν
796 3240 1060 3310 ἐλεήμονα
1101 3244 1524 3314 χαρακτηρίζει,
1565 3248 1656 3301 κ..ὶ

1761 3266 1914 3306 meus
1951 3261 2102 3320 pater
2138 3253 2372 3315 exstitit,
2396 3253 2489 3322 qui
2529 3253 2840 3313 ind‘ivulsus
2875 3255 3096 3310 virtutis
3151 3265 3325 3309 secta-

82 3330 325 3392 δίκαιον,
379 3328 760 3399 εὐλαϐουμένῳ
799 3333 859 3386 τὸ
912 3334 1088 3387 δοκεῖν
1118 3335 1186 3389 τά
1213 3338 1390 3390 οίκετα
1437 3337 1683 3410 θαυμάοι

79 3418 221 3500 ζειν,
275 3420 323 3472 εί
372 3421 636 3489 πατρικὸν
679 3421 768 3474 διὰ
812 3423 1024 3493 μακροῦ
1055 3425 1380 3495 διεξέλθοιμι
1410 3428 1652 3484 ἔπαινον.

83 3513 216 3579 (Kal
246 3507 410 3580 εἶχεν
430 3510 518 3564 ἔτι
543 3513 834 3594 ἐγκώμιον
861 3510 1012 3579 εἶτα,
1039 3516 1130 3570 ὅτι
1177 3518 1372 3586 ἱερεὺς
1393 3516 1471 3590 ἦν
1506 3522 1653 3575 Θεοῦ

81 3603 259 3668 ἄξιος
288 3622 299 3630 ·
328 3604 458 3673 μεθ’
513 3604 569 3671 d,
617 3605 708 3659 ὅτι
765 3609 866 3661 καί
890 3623 1049 3674 τινες
1094 3609 1355 3676 ἀναξίως
1385 3613 1654 3682 ἐτόλμων

81 3695 379 3764 ἱερᾶσθαι,
415 3698 513 3750 καὶ
566 3699 938 3768 λειτουργεῖν
974 3699 1117 3766 Θεῷ,
1155 3701 1255 3756 καί
1292 3701 1544 3772 ἔλεγεν·
1589 3706 1652 3758 ’0

84 3789 224 3858 πρὸς
259 3789 371 3852 τοῖς
396 3788 576 3851 ἄλλοις
628 3782 947 3860 ἀτοπὴμασι
1006 3792 1220 3855 πολλοῖς
1255 3794 1350 3847 καὶ
1394 3795 1652 3863 μεγάλοις

81 3879 361 3948 ὑπάρξασι
409 3882 549 3946 τότε,
580 3881 732 3935 οὐδὲν
762 3878 945 3953 ἦττον,
968 3873 1024 3936 ἐί
1053 3884 1130 3955 μὴ
1161 3878 1254 3938 irai
1296 3886 1520 3954 μᾶλλον,
1549 3886 1650 3958 τὴν

80 3971 479 4041 σιδηρᾶνίὴμίν
503 3971 579 4034 ὡς
628 3974 915 4045 ἀστραπὴν
947 3973 1231 4044 παρώξυνε
1269 3992 1326 4028 τε
1379 3977 1483 4029 καὶ·
1530 3979 1651 4030 ἀνε-

81 4062 349 4115 στίλϐωσε
386 4062 604 4131 ῥάϐδον,
630 4065 731 4117 ’ἐπὶ
762 4064 907 4118 ἔθνει·
939 4067 1188 4137 ἀσυνέτῳ
1218 4069 1652 4136 παροργίσαντος

50 4155 226 4222 ,ἡμᾶς
264 4154 545 4221 τοῦιθεοῦ,
581 4157 670 4208 καὶ
699 4156 796 4227 τὴν
824 4157 934 4210 τῶν
978 4159 1215 4228 ἀνομιῶν
1243 4160 1399 4230 ἡμῶν
1429 4161 1652 4215 ὲπίσιιε-

76 4245 171 4313 ψιν
231 4247 616 4314 ἐργασαμένου
667 4249 728 4300 ὲν
778 4249 1052 4318 μάστιξιν,
1089 4250 1566 4323 ὄτιὲξεκαύθημεν
1591 4255 1651 4307 ἐν

77 4339 196 4399 ταῖς
249 4336 572 4407 ἐπιθυμίαις
603 4340 786 4409 ἡμῶν,
834 4342 927 4393 καὶ
980 4341 1301 4411 ἀπέστημεν
1354 4343 1448 4396 τοῦ
1484 4344 1646 4413 μόνου

74 4428 379 4496 δυναμένου
407 4429 601 4492 σώζειν
627 4432 795 4500 ἡμᾶς.
822 4431 932 4488 Καὶ
952 4429 1100 4498 εἶτα,
1127 4435 1275 4502 μετὰ
1296 4436 1361 4488 τὸ
1383 4435 1651 4500 ἐξειπεῖν

75 4520 173 4570 καὶ
207 4520 370 4573 ἄλλα
398 4522 533 4589 περὶ
561 4521 667 4576 τοῦ
695 4524 925 4591 πατρὸς
957 4524 1138 4590 αὐτῷ,
1172 4524 1396 4595 ἐπάγει·

1759 3355 1842 3398 tor
1872 3341 1976 3397 fuit
2011 3353 2063 3397 et
2094 3343 2221 3399 huic
2256 3346 2580 3400 immortuus
2609 3345 2930 3414 estpltaque
2955 3347 3122 3399 multa
3144 3363 3322 3401 rerum

1757 3435 2109 3491 laudabilium
2146 3434 2472 3490 doCument-a
2530 3437 2724 3503 dedit:
2761 3449 2888 3492 nota
2934 3437 3062 3501 illis,
3125 3439 3327 3506 quibus

1755 3533 1919 3578 notus
1950 3525 2070 3588 fuit,
2096 3525 2296 3580 omnia.
2320 3525 2428 3580 Nec
2450 3526 2590 3579 mihi
2622 3541 2848 3582 necesse
2870 3538 2973 3592 est,
3001 3542 3325 3580 enumerare

1755 3633 1875 3685 qua:
1906 3619 1988 3672 vel
2021 3621 2072 3671 in
2132 3633 2396 3687 pauperes
2443 3622 2709 3689 erogavit,
2777 3619 2855 3674 vel
2887 3621 2938 3672 in
2993 3619 3321 3687 recipiendis

1755 3710 2078 3778 hospitibus,
2126 3711 2748 3780 tttisericorditeindigis,
2783 3711 3012 3779 benigne
3041 3709 3171 3765 fecit
3236 3711 3317 3762 vel

1755 3803 1842 3856 illa
1870 3803 2068 3870 quibus
2137 3801 2333 3871 aliquis
2358 3804 2708 3871 cognoscitur
2729 3859 2732 3862 ,
2753 3803 2831 3855 vir
2862 3803 3039 3856 bonus
3070 3812 3125 3856 et
3158 3804 3322 3856 mise-

1754 3895 1948 3949 ricors.
2010 3891 2210 3947 Vereor
2261 3895 2429 3956 enim,
2464 3909 2531 3948 ne
2590 3909 2704 3948 mea
2747 3895 2928 3948 videar
2956 3895 3232 3959 admirari,
3269 3896 3316 3946 si

1753 3999 2011 4054 paternas
2040 3987 2194 4055 leuga
2226 3985 2473 4038 oratione
2513 4001 2858 4054 percenseam
2897 3986 3105 4040 laudes.
3134 3987 3197 4038 Et
3223 3989 3320 4038 ad-

1752 4064 2008 4130 debantur
2030 4077 2182 4147 plura
2239 4078 2293 4129 in
2326 4077 2504 4130 eadem
2533 4079 2774 4145 epistola,
2815 4078 2883 4130 ad
2941 4078 3146 4132 laudem
3174 4079 3323 4131 illius

1749 4165 1849 4223 viri
1881 4183 1900 4220 :
1933 4177 2011 4232 ut,
2046 4167 2184 4233 quod
2215 4168 2463 4238 sacerdos
2514 4167 2701 4236 {uisset
2759 4167 2865 4220 Deo
2919 4167 3130 4234 dignus.
3191 4167 3323 4219 Huic

1753 4261 1868 4313 loco
1907 4258 2150 4311 additum
2180 4259 2441 4326 quosdam
2480 4274 2558 4323 se,
2585 4275 2708 4313 cum
2743 4259 2889 4328 digiti
2957 4274 3062 4312 non
3114 4270 3319 4322 essent,

1752 4352 1804 4403 in
1830 4351 2122 4404 sacerdotii
2153 4351 2470 4420 dignitatem
2503 4351 2819 4419 ingessisse,
2867 4361 2921 4404 et
2984 4366 3138 4402 saera
3173 4350 3317 4403 cele-

1750 4439 1958 4512 brasse.
1997 4441 2098 4496 Ubi
2160 4444 2386 4496 addebat
2428 4459 2445 4495 :
2483 4441 2594 4496 Hoc
2620 4444 2782 4496 etiam
2844 4450 3040 4510 prmter
3089 4443 3192 4494 alia
3225 4444 3320 4493 ah-

1679 4525 1723 4580 D
1751 4535 1941 4600 surda,
1977 4524 2295 4604 quattnulta
2331 4552 2634 4615 magnaque
2668 4546 2795 4591 tunc
2829 4537 3172 4597 exstiterunt,
3209 4549 3316 4586 non

76 4622 260 4673 minus
283 4617 412 4680 illis,
471 4617 583 4684 imo
639 4619 811 4675 multo
868 4620 1063 4689 magis,
1126 4620 1356 4674 ferream
1419 4609 1644 4694 virgam,
1682 4635 1933 4696 tanquam
1967 4630 2164 4699 fulgur,
2195 4632 2249 4685 in
2312 4609 2410 4687 nos
2445 4633 2672 4686 irritavit
2743 4641 2794 4686 et
2849 4632 3135 4686 vibravit:
3208 4639 3324 4684 sto-

73 4717 237 4772 lidam
293 4717 406 4786 De'o
427 4722 650 4782 gentem.
687 4713 847 4788 _irate
888 4716 1435 4794 innosimmittente,
1465 4718 1800 4792 ﬂagellisque
1833 4736 2047 4782 nostras
2121 4729 2440 4798 iniquitates
2502 4733 2776 4797 visitanle,
2843 4734 2988 4800 quod
3048 4731 3316 4798 cupidita-

76 4813 224 4866 tibus
257 4810 915 4873 nostris‘exarseramus,
951 4811 1020 4865 ab
1084 4808 1442 4882 illoquequi
1504 4814 1654 4869 solus
1701 4814 2042 4876 'conservare
2105 4837 2206 4876 nos
2240 4833 2473 4893 poterat,
2531 4823 2927 4877 deieceramus.
2962 4804 3069 4876 ‘lIis
3125 4824 3199 4884 ita
3251 4825 3316 4875 de

69 4916 223 4974 patre
248 4906 425 4972 dictis,
458 4914 507 4958 et
532 4906 650 4958 aliis
671 4904 1033 4974 superaddita)
1063 4903 1265 4972 infert:

137 4998 396 5052 Τοιούτου
427 4997 606 5051 τοίνυν
645 4997 799 5059 ὄντος
830 5013 924 5067 μοι
954 4995 1048 5049 τοῦ
1075 4995 1277 5066 πατρός
1303 5012 1319 5029 ο
1345 4997 1394 5049 εί
1417 4998 1647 5066 σφαγεὶς

70 5092 264 5162 ᾢχετο,
331 5094 379 5144 εί
429 5090 636 5158 ἄταφος
696 5091 974 5159 ἔρριπται,
1035 5092 1082 5142 εἰ
1133 5090 1208 5159 μὴ
1274 5090 1372 5158 τῆς
1435 5108 1646 5159 νενομι-

70 5187 279 5255 σμένης
312 5183 610 5252 τετύχηκεν
653 5183 828 5248 ὁσίας,
863 5181 911 5234 εί
950 5183 1022 5252 μὴ
1053 5183 1120 5234 τά
1172 5183 1355 5236 είκότα
1383 5183 1644 5254 τεθρήνη-

70 5297 180 5343 ται,
213 5267 388 5331 ταῦτα
415 5275 478 5344 δὴ
501 5275 569 5329 τὰ
588 5268 698 5328 τῶν
731 5275 1067 5344 μικρολόγων
1111 5277 1204 5326 καὶ
1252 5273 1630 5345 μικροψύχων,

71 5379 125 5427 τῖε
174 5375 280 5443 τῆς
330 5373 479 5436 θείας
525 5371 744 5441 ἐκείνης
799 5371 977 5440 ψυχῆς
1034 5371 1132 5422 καὶ
1185 5371 1636 5440 μεγαλοψυχίας;

71 5465 279 5518 Οὔκουν
335 5464 444 5517 οὐδ’
472 5463 671 5534 ἤκουσέ
736 5461 836 5528 μού
874 5479 978 5525 τις,
1031 5461 1141 5514 οὐδ’
1188 5461 1502 5529 ἀκούσεται,
1545 5463 1638 5514 τὸν

69 5557 304 5610 τοιοῦτον
356 5555 711 5624 ὀδυρομένου,
753 5555 863 5607 οὐδ’
908 5557 963 5606 ὲν
1016 5552 1175 5622 δεινῷ
1220 5553 1504 5622 τιθεμένου
1547 5556 1638 5606 τὸν

71 5651 264 5714 τρόπον
316 5648 415 5717 τῆς
468 5648 746 5717 τελευτῆς.
795 5647 936 5700 Ἀλλ’
997 5649 1201 5699 ἐκεῖνον
1225 5647 1323 5716 μὲν
1356 5648 1449 5700 ἐπὶ
1499 5651 1633 5702 πᾶσι

1822 5001 1969 5057 Talis
2000 5001 2165 5073 igitur
2208 5017 2331 5057 cum
2404 5002 2533 5054 mihi
2600 4999 2762 5054 fuerit
2817 5010 3014 5070 pater:
3049 5001 3094 5055 si
3150 5000 3321 5053 etiam

1750 5093 2050 5150 trucidatus
2076 5093 2262 5162 periit.
2303 5094 2347 5146 si
2386 5093 2697 5146 inhumatus
2754 5094 3028 5161 projectus
3074 5093 3194 5155 fuit,
3269 5096 3316 5146 si

1743 5185 1906 5254 justis
1960 5185 2234 5252 exsequiis
2292 5184 2490 5248 caruit,
2530 5182 2578 5237 si
2611 5200 2718 5236 non
2790 5185 2855 5235 de
2889 5199 3038 5235 more
3089 5183 3316 5236 deﬂetus

1745 5287 1848 5342 est,
1882 5277 2010 5345 quid
2043 5277 2177 5340 hate,
2214 5290 2336 5345 quae
2367 5276 2615 5330 hOntines
2641 5278 2691 5329 in
2728 5277 2905 5344 parvis
2940 5280 3102 5330 rebus
3148 5292 3316 5330 occu-

1742 5373 1876 5441 pati,
1918 5380 1971 5424 et
2007 5370 2202 5439 pusillo
2260 5370 2447 5423 animo
2506 5371 2737 5437 prmditi,
2799 5382 3054 5437 reputare
3117 5370 3315 5431 solent,

1742 5465 1807 5518 ad
1845 5465 1992 5518 illam
2057 5464 2226 5517 divini
2264 5464 2428 5517 animi
2485 5464 2826 5516 altitudinem
2859 5462 3129 5516 attinent?
3165 5466 3294 5527 Qun

1741 5553 1884 5607 circa
1921 5567 2020 5606 nec
2050 5551 2232 5623 audita
2260 5560 2342 5606 est
2375 5569 2471 5604 vox
2503 5538 2618 5604 mea
2642 5552 2709 5605 ab
2747 5553 2876 5616 ullo,
2908 5567 3000 5603 nec
3035 5553 3312 5615 audietur,

1742 5645 1889 5698 hunc
1923 5644 2077 5697 talem
2111 5643 2444 5712 deplorantis
2481 5655 2532 5698 et
2595 5645 2840 5696 dolenter
2897 5644 3084 5696 mortis
3139 5660 3315 5710 gentm

74 5740 306 5809 ἡγοῦμαί
339 5756 397 5792 τε
450 5742 543 5792 καὶ
598 5738 850 5809 ὀνομάζω
908 5739 1198 5809 μακάριον,
1251 5739 1342 5814 καὶ
1408 5741 1629 5808 μνήμης

1756 5735 1981 5791 'erentis.
2018 5736 2294 5801 Qttinitno,
2332 5737 2381 5789 in
2425 5736 2509 5790 his
2539 5737 2786 5790 omnibus
2813 5736 2961 5787 illum
2991 5748 3041 5786 et
3063 5736 3317 5788 existimo

74 5833 414 5903 μαρτυρικῆς
448 5831 603 5899 ἀξιῶ,
636 5831 809 5896 οὓτως
855 5831 994 5902 ὑπὲρ
1022 5829 1305 5894 εὐσεϐείας
1350 5832 1630 5886 ἀπολελοι-

1738 5840 1792 5886 et
1822 5831 2046 5884 nomino
2073 5831 2288 5884 beatum
2326 5844 2338 5880 :
2376 5830 2603 5899 parique
2655 5843 2775 5897 cun)
2817 5829 3146 5898 tttztrtt‘ribns
3198 5844 3310 5881 tut:-
