3958 6328
547 247 683 308 1063

1730 233 2099 297 MATTHXEI
2137 235 2603 296 CAMARIOTIE

3664 244 3797 305 iﬂﬁi

543 358 711 412 moria
768 356 989 426 dignum
1026 355 1234 424 judico,
1299 353 1388 420 qui
1428 352 1502 405 ita
1555 347 1768 403 fortiter
1793 364 1891 420 pro
1921 351 2122 418 pietate

2239 345 2363 399 πὸτα
2386 345 2445 400 τὸ
2470 347 2592 416 ζῇν.
2629 344 2889 415 Ἐμαυτδν
2915 347 2969 400 δὲ
3014 349 3378 419 ἁποδὺρομσι,
3412 355 3488 420 μὴ
3538 370 3772 408 κεκοινω

545 451 850 504 Christiana
883 450 1045 503 vitam
1073 445 1393 515 prol'utlerit.
1430 442 1503 498 De
1539 457 1625 496 me
1660 443 1842 512 potius
1871 441 2114 510 deploro,

549 542 640 609 qui
681 556 788 594 non
845 539 1025 594 socius
1057 536 1104 590 ei
1140 534 1334 589 mortis
1361 533 1696 587 fuerimvnec
1730 530 1932 601 dignus
1966 528 2120 582 babi-

548 643 636 688 tus
658 644 713 685 ut
767 646 888 684 cum
922 629 1011 683 illo
1042 627 1294 682 similiter
1345 641 1376 681 e
1410 626 1518 680 vita
1551 623 1758 679 abirem
1794 639 1808 677 :
1849 632 1907 675 ut
1937 637 2003 675 ne
2030 621 2120 676 hic

549 723 814 777 moriendi
851 721 1043 775 modus
1078 720 1209 774 mihi
1241 720 1465 788 praemio
1493 716 1860 789 caruisset,ut
1884 715 1963 769 sic
1993 728 2123 766 one-

550 831 610 868 re
634 806 1000 868 aerumnarum
1047 812 1312 867 liberatus
1360 826 1558 873 essem,
1612 819 1666 864 et
1713 806 2118 877 insequentium

550 906 802 959 dolorum
833 921 999 959 sensu
1038 905 1280 975 privatus
1315 919 1452 972 quos
1478 909 1531 956 et
1559 903 1668 955 huc
1715 915 1886 969 usque
1923 912 2121 968 passus

552 1015 699 1060 sum,
731 1007 785 1052 et
819 998 1047 1067 posthac
1079 996 1277 1050 talibus
1301 994 1642 1062 temporibus
1673 992 1865 1061 patiar.
1898 991 2030 1045 Nam
2056 1005 2124 1044 ne

553 1104 679 1156 spes
707 1088 922 1156 quidem
953 1088 1058 1138 ulla
1091 1084 1333 1139 melioris
1367 1084 1627 1151 deinceps
1666 1082 1899 1136 fortuna:
1936 1081 2124 1136 relicta

551 1179 656 1235 e'st.
683 1179 828 1233 Adeo
870 1178 1067 1247 quippe
1102 1192 1188 1231 res
1216 1175 1528 1230 Christiana
1569 1183 1841 1245 prostrata
1895 1175 2039 1245 jacet
2070 1186 2127 1229 at

553 1272 626 1324 illi
661 1271 750 1339 qui
783 1269 1218 1325 Christianorum
1284 1282 1479 1320 nomen
1520 1276 1740 1340 gerunt,
1795 1266 1959 1336 hujus
2015 1267 2121 1320 vim

553 1379 782 1432 prorsus
841 1352 1250 1432 abnegaverint,
1284 1360 1412 1412 dum
1443 1373 1506 1412 ea
1545 1357 1729 1412 cuncti
1781 1358 1980 1411 audent
2006 1371 2152 1425 qua:-

551 1455 723 1508 Dcum
750 1445 1279 1521 adindignationem
1307 1443 1638 1518 provocant:
1675 1448 1930 1513 ut,'cujus
1965 1437 2126 1502 bene-

555 1547 674 1600 ficia
710 1555 763 1599 et
807 1542 1160 1611 multiplicem
1222 1540 1450 1611 sanandi
1492 1538 1788 1594 bonitatem
1826 1553 1934 1592 non
1959 1553 2127 1608 agno-

554 1636 773 1691 verunt.
800 1635 919 1704 ejus
945 1633 1079 1687 iram
1102 1632 1279 1700 justas
1306 1646 1497 1700 poenas
1525 1631 1592 1685 de
1652 1632 1908 1698 peccatis,
1943 1645 1969 1682 a
1999 1633 2122 1699 qui-

2222 436 2427 505 νηκὸτα
2468 437 2569 506 τῆς
2624 437 2883 504 τελευτῆς
2940 438 3016 508 τῷ
3053 442 3239 510 πατρὶ,
3275 442 3412 512 μηδὲ
3473 443 3632 510 ἄξιον
3687 463 3801 514 κρι-

2223 524 2410 590 Θέντα,
2452 529 3085 597 παραπλησίωςιὲκείνῳ
3113 533 3206 585 τοῦ
3252 532 3351 603 ζῇν
3380 534 3487 599 ἔξω
3521 539 3796 603 γενέσθαι,

2224 617 2309 669 τνα
2338 617 2402 685 δὴ
2438 618 2513 689 μὴ
2567 618 2800 687 ἄμισθος
2831 623 2857 673 ὁ
2909 624 3107 689 τρόπος
3140 641 3230 692 μοι
3273 629 3369 696 τῆς
3423 629 3692 701 τελευτῆς
3716 626 3796 702 ἦν,

2221 706 2315 761 τοῦ
2345 725 2404 760 τε
2431 708 2657 779 φορτίῆυ
2693 713 2804 763 τῶν
2840 714 3028 765 παθῶν
3066 715 3533 786 ὑποτεμνόμενος,
3563 722 3670 774 καί
3701 723 3800 774 τῶν

2223 799 2488 866 ἀλγεινῶν
2541 801 2650 853 τῶν
2700 803 2837 870 μετὰ
2902 805 3075 860 ταῦτα
3127 809 3642 882 ἀπαλλαττόμενος,
3679 816 3716 867 ὃ.
3746 833 3798 868 τε

2225 890 2467 961 ὕπέστην
2495 894 2551 955 ἐς
2582 892 2763 965 δεῦρο,
2793 897 2886 948 καὶ
2938 884 3083 969 ἆπερ
3115 901 3172 953 ἔν
3204 902 3431 971 τοιούτῳ
3465 905 3655 978 καιρῷ
3685 907 3804 966 ὑπο-

2229 982 2521 1052 στήσοῖιαι.
2555 984 2632 1039 Οὐ
2697 987 2804 1064 γὰρ
2838 989 2949 1042 οὐδ’
2975 990 3131 1054 ἐλπὶς
3183 996 3315 1064 ἡμῖν
3353 997 3550 1052 λοιπὸν
3595 1003 3803 1067 οὐδενὸς

2210 1074 2522 1140 -τεύξεσθαι
2548 1083 2936 1151 χρηστοτέρου.
2966 1084 3122 1137 Οὕτω
3163 1087 3232 1140 τὰ
3276 1089 3635 1157 Χριστιανῶν
3669 1098 3804 1164 ἄγαν

2228 1169 2392 1233 νοσεῖ,
2423 1168 2506 1220 ὃτι
2550 1170 2611 1221 τὸ
2651 1169 3002 1240 Χριστιανῶν
3047 1175 3214 1246 ὄνομα
3258 1182 3666 1258 περικείμενοι,
3713 1188 3802 1253 τὴν

2226 1256 2322 1309 τοῦ
2352 1257 2609 1326 ὀνόματος
2645 1261 2994 1318 παντάπασιν
3033 1256 3308 1338 ἧρνηνται
3329 1272 3585 1340 δύναμιν,
3610 1280 3794 1332 ἐκεῖνα

2229 1348 2434 1410 πάντες
2460 1350 2767 1421 τολμῶντες
2806 1357 2842 1409 ἃ
2885 1357 2979 1428 τὴν
3019 1358 3112 1415 τοῦ
3149 1360 3284 1414 Θεοῦ
3319 1368 3462 1417 κινεῖ
3487 1367 3803 1438 ἀγανάκτηο

2231 1456 2338 1504 σιν,
2369 1440 2477 1507 ἵνα,
2503 1441 2561 1495 ὃν
2601 1437 3018 1516 εὐεργετοῦντα,
3056 1453 3149 1503 καὶ
3179 1455 3444 1518 ποικίλως
3470 1437 3803 1528 θεραπεύον-

2230 1547 2317 1595 τα,
2370 1533 2468 1589 οὐκ
2500 1536 2846 1604 ἐπέγνωσαν,
2883 1540 3074 1596 τοῦτον
3133 1543 3287 1608 δίκας
3338 1548 3804 1618 εἰσπραττόμενοι

2232 1625 2524 1692 ὲπιγνοῐεν,
2569 1623 2642 1682 ὦν
2701 1630 3140 1702 ἀμεταμελήτως
3189 1635 3650 1706 πλημμελοῦντες
3710 1642 3804 1694 οὔκ

558 1722 659 1782 bus
695 1726 1070 1796 pmnitentiam
1120 1725 1328 1792 agendo
1384 1739 1441 1777 se
1507 1731 1755 1794 avertere
1813 1721 2127 1788 noluerunt,

2239 1717 2664 1789 ἐπεστρέφοντο·
2696 1723 2809 1774 οὐδ’
2841 1725 2898 1774 ὲν
2922 1723 2998 1795 τῷ
3061 1728 3348 1794 μαστίζειν
3403 1732 3689 1798 πατρικῶς
3717 1734 3802 1784 τοῦ

557 1820 845 1888 exigentis,
880 1826 1206 1886 Cognoscant
1235 1832 1249 1870 :
1285 1815 1376 1892 qui
1411 1824 1588 1868 tamen
1627 1828 1692 1866 ne
1724 1815 1865 1867 inter
1897 1801 2132 1882 punien-

557 1909 947 1978 dumquidcm,
979 1917 1266 1977 paternum
1317 1908 1560 1961 animum
1603 1921 1630 1959 a
1671 1915 1854 1961 nostra
1892 1905 2128 1961 utilitate

558 2003 754 2056 avertit
791 2019 804 2056 :
841 2017 964 2064 (tuae
990 2008 1138 2054 certe
1166 2001 1219 2054 in
1258 2000 1572 2053 universum
1642 1999 1780 2054 ratio
1836 1998 1918 2053 est
1949 1998 2130 2054 omnis

560 2096 748 2162 virgae,
781 2110 944 2161 quam
976 2092 1118 2147 Deus
1151 2092 1430 2157 concutit:
1457 2092 1580 2145 dum
1615 2099 1709 2144 aut
1751 2091 1880 2144 vitia
1936 2105 2131 2159 ampu-

560 2181 657 2246 tat,
690 2193 782 2236 aut
815 2192 1128 2250 peccatores
1156 2181 1380 2251 corrigit
1405 2190 1458 2233 et
1509 2181 1742 2234 reducit.
1789 2178 2127 2246 Quamquam

562 2292 626 2328 ne
656 2275 902 2344 flagellati
933 2275 1148 2343 quidem
1185 2273 1427 2342 plerique
1462 2273 1529 2326 ad
1570 2272 1851 2326 meliorem
1891 2282 2126 2327 mentem

560 2367 738 2420 redire
775 2366 983 2426 volunt,
1012 2365 1171 2434 plane
1196 2365 1337 2418 vitiis
1385 2379 1442 2418 se
1498 2364 1777 2427 dedentes,
1805 2364 1876 2417 ita
1911 2373 1970 2418 ut
2023 2364 2132 2418 sint

561 2459 908 2512 incurabiles.
941 2456 1078 2522 Quid
1113 2470 1242 2526 ergo
1293 2457 1486 2509 urit-um
1521 2455 1617 2519 sit,
1654 2455 1850 2509 talibus
1889 2456 2131 2524 quotidie

559 2549 834 2615 tantisque
855 2546 1045 2614 subjici
1084 2546 1282 2599 malis?
1309 2547 1379 2598 De
1402 2560 1485 2597 me
1507 2544 1688 2612 itaque
1705 2546 1899 2598 merito
1927 2548 2130 2598 lamen-

565 2648 648 2690 tor
672 2637 742 2690 ob
781 2637 928 2694 haec.
987 2644 1188 2703 patrem
1232 2647 1358 2686 vero
1393 2633 1447 2686 in
1482 2647 1765 2685 numerum
1819 2645 2008 2684 eorum
2041 2633 2144 2700 qui'

562 2728 820 2797 martyrio
858 2726 1194 2795 reliquerunt
1226 2725 1412 2786 vitam,
1448 2725 1643 2785 refero,
1683 2737 1788 2776 non
1826 2723 1985 2776 modo
2010 2738 2134 2792 pro-

563 2824 679 2881 pter
713 2827 883 2880 genus
914 2814 1126 2874 mortis,
1156 2810 1247 2864 sed
1277 2811 1438 2865 etiam
1471 2819 1683 2878 propter
1704 2811 1844 2878 vitre
1879 2811 2136 2865 innocen-

568 2907 694 2958 tiam
729 2912 780 2957 et
806 2905 1018 2972 longam
1051 2900 1242 2954 animae
1272 2900 1715 2967 praeparatiOnem
1739 2900 1804 2951 ad
1826 2899 1994 2953 illam.
2024 2898 2134 2953 Hac

569 3013 698 3064 ergo
727 2995 1056 3062 cogitatione
1097 2990 1412 3061 metnmiam
1484 2990 1602 3059 ejus
1643 3005 1850 3058 usurpo
1881 2991 2132 3059 diemque

568 3089 718 3139 illum
754 3088 962 3138 honoro
991 3083 1080 3152 qui
1113 3083 1288 3152 gladio
1326 3093 1663 3151 peremptum
1735 3082 1869 3135 vidit
1897 3101 1908 3135 :
1939 3082 2133 3150 gladio,
2167 3076 2209 3132 (Ζ

567 3181 653 3246 qui
681 3178 1032 3230 intoh-randis
1064 3191 1185 3230 eum
1221 3176 1379 3228 malis
1413 3175 1681 3240 liberavit,
1709 3174 1802 3242 qui
1839 3176 1890 3227 in
1923 3185 2140 3229 sanctos

567 3278 831 3336 martyres
862 3267 1042 3320 retulit
1065 3266 1177 3333 qui,
1211 3273 1269 3316 ut
1300 3267 1518 3317 credere
1543 3279 1636 3332 par
1663 3271 1766 3326 est,
1822 3266 1868 3317 ei
1909 3275 1958 3318 et
1987 3281 2141 3319 coro-

565 3373 690 3411 nam
745 3368 1000 3410 :eternam
1029 3357 1305 3425 imposuit,
1340 3365 1389 3408 et
1435 3356 1769 3408 sacerdotem
1796 3353 1808 3362 ’
1833 3356 2134 3408 νίοιὶιιιιιηι-

568 3464 672 3517 que
716 3464 844 3502 vero
889 3450 1159 3514 unicoqne
1203 3446 1459 3500 Pontilici
1489 3445 1706 3499 Christo
1735 3444 1840 3499 Deo
1867 3446 2086 3500 adduxit
2126 3464 2138 3499 :

569 3555 727 3610 quem
758 3540 1100 3594 desiderabat
1140 3547 1193 3593 et
1261 3539 1522 3606 spirabat,
1583 3538 1669 3590 cui
1742 3538 1976 3601 vivebat,
2046 3555 2142 3608 pro

569 3648 678 3698 quo
703 3633 833 3688 obiit
859 3648 875 3698 ;
902 3632 966 3685 ad
998 3648 1156 3702 quem
1195 3640 1449 3698 tanquam
1485 3645 1513 3683 e
1543 3630 1843 3683 diversorio
1870 3631 2140 3698 discessit,

567 3739 829 3790 cumquo
859 3733 1160 3776 versatur:
1228 3722 1364 3775 idem
1432 3729 1588 3774 antea
1660 3722 1935 3786 sacerdos,
1997 3723 2135 3776 idem

568 3827 840 3884 postremo
866 3832 1008 3868 nunc
1046 3816 1286 3867 victima.

638 3906 714 3960 illi
747 3922 897 3970 Sane,
927 3907 1016 3960 tali
1049 3907 1185 3968 viro,
1225 3909 1359 3960 bene
1411 3907 1721 3961 c0nsultum
1769 3917 1872 3972 est,
1925 3912 2016 3978 qui
2067 3911 2132 3965 ad

571 3998 810 4050 cmlestia
841 3998 978 4051 bona
1013 3997 1290 4050 transierit
1321 4014 1334 4049 :
1369 3998 1523 4051 nobis
1555 4014 1703 4061 vero,
1737 3999 1827 4065 qui
1856 3999 1906 4050 in
1941 4000 2139 4055 miser-

572 4090 707 4140 rima
734 4089 993 4141 servitute
1031 4088 1200 4141 relicti
1230 4104 1440 4152 sumus,
1504 4089 1685 4142 omnia
1716 4105 1796 4150 ,se
1851 4106 2040 4145 omnes
2092 4094 2142 4144 in

573 4192 750 4250 partes
773 4181 909 4235 male
941 4181 1160 4244 habent.
1189 4180 1250 4233 Et
1279 4182 1494 4250 quidem
1525 4183 1613 4234 illa
1638 4197 1756 4249 quae
1777 4188 2140 4237 communiter

568 4288 755 4325 omnes
784 4284 835 4324 et
869 4272 1063 4339 singuli
1097 4273 1480 4340 passi-sumus,
1511 4271 1565 4325 in
1597 4273 1878 4337 praesentia
1912 4290 2145 4330 comme-

2240 1806 2548 1872 λυσιτελοῦς
2580 1811 2955 1882 ἀφιστάμενον
2979 1831 2997 1846 ο
3027 1815 3087 1879 ὃς
3129 1817 3206 1888 δὴ,
3227 1819 3457 1872 καθόλου
3493 1814 3677 1888 λόγος,
3711 1824 3807 1875 mi-

2196 1985 2199 1988 _
2245 1915 2343 1968 σης
2373 1900 2634 1969 μάστιγος
2674 1905 3022 1974 κινουμένης,
3076 1907 3342 1979 θεόθεν,ἢ
3399 1913 3805 1984 περιαιρούσης

2241 1989 2341 2059 τὴν
2367 1992 2587 2056 κακίαν,
2615 1992 2646 2061 ἢ
2686 1994 2813 2056 τοὺς
2828 1996 3280 2067 πλημμελοῦντας
3303 2003 3715 2074 ὲπανορθούσης
3750 2023 3804 2058 τε

2242 2081 2335 2133 καὶ
2404 2083 2816 2153 ἀνακτωμένης.
2881 2086 3076 2142 Καίτοι
3141 2089 3263 2155 οὐδὲ
3317 2094 3710 2162 μαστιζομενοι
3761 2098 3808 2150 ci

2244 2172 2510 2237 πλείονες,
2553 2175 2650 2244 οὐχ
2709 2176 2994 2244 αἱροῦνται
3043 2183 3469 2252 σωφρονέστεροι
3528 2187 3804 2253 γενέσθαι,

2243 2265 2493 2331 καθάπαξ
2535 2265 2728 2318 ἑαυτοῦ
2759 2267 2834 2336 τῷ
2865 2268 2957 2322 τοῦ
3012 2271 3215 2336 πάθους
3250 2274 3454 2344 ἀνιάτω
3502 2277 3804 2332 ἐκδεδωκό-

2240 2371 2350 2415 τες.
2381 2358 2473 2409 Διὸ
2509 2359 2602 2409 καὶ
2630 2357 2739 2410 τῶν
2771 2362 3026 2412 τοιούτων
3063 2362 3210 2416 ἐστιν
3240 2367 3537 2436 ὁσημέραι,
3591 2372 3688 2424 καὶ
3728 2388 3808 2423 το-

2245 2447 2454 2499 σούτων
2490 2449 2786 2518 πειρᾶσθαι
2837 2451 3048 2505 δεινῶν.
3093 2454 3357 2522 Ἐμαυτὸν
3416 2459 3514 2525 μὲν
3549 2458 3641 2512 οὖν
3669 2462 3811 2513 εικό-

2241 2555 2347 2601 τως
2379 2541 2748 2610 ἀποκλαίομαι
2781 2543 2872 2594 ἐπὶ
2912 2545 3121 2607 τούτοις
3144 2561 3159 2575 ·
3199 2547 3288 2598 τὸν
3340 2547 3395 2600 δὲ
3459 2551 3676 2620 πατέρα
3703 2556 3812 2614 τοῖς

2247 2630 2600 2698 μαρτυρικῶς
2634 2631 3018 2685 ἁπολελοιπόσι
3072 2633 3161 2686 τὸν
3194 2634 3305 2704 βίον
3339 2638 3586 2692 ἑντάττω
3629 2642 3693 2693 οὔ
3737 2643 3810 2709 τῷ

2242 2720 2428 2789 τρόπῳ
2466 2720 2622 2788 μόνον
2665 2721 2763 2790 τῆς
2812 2723 3088 2793 τελευτῆς,
3137 2726 3274 2778 ἀλλὰ
3311 2730 3406 2780 καὶ
3454 2733 3522 2798 τῇ
3579 2733 3813 2799 καθαρό-

2241 2827 2362 2879 τητι
2395 2811 2488 2863 τοῦ
2523 2812 2661 2880 βίου,
2691 2815 2784 2866 καὶ
2835 2815 2899 2884 τῇ
2951 2815 3086 2884 πρὸς
3114 2817 3283 2887 αὐτὴν
3327 2820 3389 2871 ἐκ
3446 2821 3665 2890 μακροῦ
3709 2839 3811 2875 πα-

2246 2906 2485 2972 ρασκευῇ
2522 2904 2618 2972 τῆς
2647 2903 2843 2973 ψυχῆς.
2873 2907 2983 2958 Καὶ
3017 2906 3187 2970 οὕτως
3226 2909 3390 2962 αὑτοῦ
3420 2915 3651 2981 μνήμην
3699 2931 3814 2967 ποι-

2243 2996 2433 3065 οῦμαι,
2491 2997 2582 3049 καὶ
2646 2996 2744 3067 τὴν
2805 3001 3017 3068 ἡμέραν
3066 3003 3228 3071 τιμῶ,
3283 3003 3406 3073 ητις
3450 3008 3664 3060 ἐκεῖνον
3707 3003 3814 3063 εἶδε

2246 3089 2519 3156 μαχαίρας
2587 3090 2748 3158 ἔργον
2787 3092 3150 3161 γεγενημένον
3185 3095 3488 3164 μαχαίρας,
3539 3100 3576 3168 ἡ
3631 3101 3816 3153 δεινῶν

2215 3179 2533 3258 ,ἀφορήτων
2564 3181 2962 3252 ἀπήλλαξεν,ὴ
3011 3187 3121 3243 τοῖς
3172 3181 3412 3254 μάρτυσι
3473 3193 3818 3262 συνηρίϐμη-

2247 3286 2356 3334 σεν,
2379 3269 2545 3340 ἥπερ,
2579 3273 2653 3334 ὡς
2679 3274 2842 3340 εἰκὸς,
2877 3277 3236 3346 περιέστεψεν
3260 3281 3517 3348 αἰωνίως,
3541 3287 3637 3337 καὶ
3664 3287 3815 3356 ίερέα

2245 3363 2334 3412 xa‘.
2360 3363 2401 3412 ίε
2414 3364 2554 3431 ρεῖον
2576 3363 2655 3431 τῷ
2674 3364 2912 3435 ἀληθινῷ
2945 3368 3039 3419 καὶ
3069 3368 3212 3438 μόνῳ
3233 3370 3481 3440 ἀρχιερεῖ
3503 3373 3723 3443 Χριστῷ
3743 3377 3819 3445 τῷ

2244 3451 2361 3520 Θεῷ
2414 3456 2793 3523 παρέστησεν·
2824 3456 2882 3508 ὃν
2919 3458 3106 3510 ἐπόθει
3163 3463 3257 3512 καὶ
3287 3462 3461 3526 ἔπνει,
3498 3458 3656 3535 ᾧπερ
3697 3467 3816 3533 ἔζη,

2246 3543 2415 3613 οὗπερ
2482 3547 2772 3621 τέ’]νηκεν·
2800 3578 2805 3588 ι
2835 3549 2971 3618 πρὸς
3022 3549 3080 3601 ὃν
3124 3551 3401 3616 ἀνέλυσεν,
3557 3559 3814 3613 σύνεστι-

2246 3636 2412 3704 θύτης
2455 3639 2742 3706 πρότερον,
2773 3641 2864 3694 καὶ
2914 3641 3151 3710 θῦμᾶτε
3191 3642 3532 3715 τελευταῖον,
3569 3650 3598 3702 ὁ
3658 3652 3816 3715 αὐτος

2243 3728 2497 3796 γεγονώς.

2324 3908 2483 3961 Ἀλλὰ
2517 3905 2724 3980 τῷ“μὲν
2748 3911 2974 3983 τοιούτῳ
3005 3915 3146 3968 πάνυ
3197 3920 3380 3984 καλῶς
3415 3916 3818 3994 ἡμεταφοίτη-

2248 4014 2328 4060 σις
2363 4002 2440 4060 είς
2483 4001 2548 4052 τὰ
2574 4003 2758 4063 ,ἐκεῖσε
2795 4005 2976 4069 ἀγαθά
2999 4021 3014 4037 ο
3046 4007 3177 4076 ἡμῖν
3224 4008 3299 4074 δὲ,
3336 4011 3452 4063 ὅσοι
3491 4015 3816 4084 περίεσμεν,

2243 4090 2452 4177 ἔτιτὴν
2511 4093 2713 4160 πικρὰν
2769 4097 3026 4165 φέροντες
3082 4098 3348 4165 δουλείαν,
3404 4104 3583 4158 πάντα
3647 4108 3820 4177 πάντη

2244 4175 2518 4252 δυστυχῶς
2546 4184 2676 4253 ἔχει.
2715 4186 2813 4239 Καὶ
2845 4188 2912 4239 τὰ
2938 4189 3037 4257 μὲν
3067 4193 3221 4243 κοινὰ
3247 4196 3438 4258 πᾶσιν,
3466 4197 3567 4249 ὅσα
3585 4175 3819 4262 ἕκαστος

2247 4273 2466 4336 ἔπαθεν,
2515 4277 2572 4326 ὲν
2619 4276 2695 4346 τῷ
2732 4279 2957 4346 παρόντι
2990 4281 3296 4350 ὀδύρεσθαι,
3328 4289 3430 4362 ,καὶ
3472 4289 3821 4362 ὲπεκδιηγεῖ-

572 4363 834 4415 morando
868 4365 1146 4428 deplorare
1175 4377 1638 4430 supervacaneum
1668 4372 1770 4416 est.
1805 4364 1859 4419 Si
1889 4380 2015 4419 vero
2069 4368 2133 4420 ad

2251 4363 2373 4416 σθαι
2411 4367 2683 4434 περιττόν·
2733 4371 2780 4420 εί
2827 4370 2897 4422 δὲ’
2928 4373 2995 4422 τὰ
3039 4373 3209 4426 οἰκεῖα
3251 4377 3551 4446 ποιήσομαι
3599 4381 3819 4462 θρῆνον,

573 4454 790 4520 prOpria
819 4461 871 4505 et
901 4453 1194 4505 domestica
1230 4464 1548 4506 convertam
1587 4455 1812 4519 luctum,
1849 4457 1961 4510 haec
2007 4472 2142 4525 quo-

573 4558 677 4609 que
707 4545 1011 4595 communis
1043 4543 1284 4595 oumium
1308 4545 1534 4611 querela"
1555 4542 1813 4613 est,'quod
1845 4561 1873 4599 a
1899 4560 2141 4600 commu-

573 4635 733 4686 Ilione
756 4634 915 4700 hujus
948 4635 1122 4686 luctus
1184 4637 1432 4688 exclusus
1459 4635 1723 4689 sitnemo.
1751 4636 1956 4691 Cuncta
1991 4640 2142 4694 nobis

576 4726 822 4792 praesidia
857 4736 907 4778 et
939 4737 1256 4779 ornamenta
1305 4728 1466 4782 simul
1537 4743 1646 4781 uno
1699 4727 1899 4797 impetu
1959 4743 2141 4800 erepta

576 4828 721 4869 sunt.
750 4815 926 4869 Patria
952 4826 1103 4883 capta
1128 4827 1230 4878 est,
1265 4819 1422 4888 cujus
1451 4820 1580 4872 urbs
1610 4819 1662 4872 in
1703 4823 1892 4884 terris,
1946 4823 2143 4877 similis

576 4908 745 4970 nulla,
781 4907 872 4960 sed
902 4908 1170 4982 ejusmodi
1200 4925 1318 4977 quae
1353 4925 1454 4962 non
1488 4910 1721 4963 humana
1755 4912 1988 4980 potuerit
2051 4929 2144 4968 ex-

577 4998 707 5050 strui
752 5011 933 5050 mann.
962 4997 1179 5060 Eadem,
1214 4999 1586 5065 magnitudine
1633 5009 1686 5053 et
1739 5001 2139 5068 pulchritudine

583 5088 927 5155 praestabilis,
979 5087 1088 5162 situ
1148 5101 1198 5141 et
1249 5100 1530 5148 venustate
1587 5093 1931 5160 splendens:
1973 5111 2135 5164 quam

575 5179 843 5232 aliirmare
870 5184 1110 5241 omnium
1138 5184 1344 5250 uspiam
1402 5185 1615 5238 urbium
1672 5189 1959 5240 maximam
2023 5170 2160 5256 pul-i

577 5270 1015 5349 citet-ritnamque
1041 5275 1238 5336 ausim,
1259 5291 1420 5344 quam
1455 5292 1611 5329 unam
1641 5284 1828 5333 omnes
1850 5281 2141 5349 sperabant

534 5435 538 5437 _
575 5374 629 5415 et
653 5348 966 5430 credebant,
1007 5366 1058 5418 in
1088 5377 1403 5434 perpetuum
1431 5374 1498 5421 ab
1531 5371 1783 5424 omnibus
1822 5386 2136 5436 mansuram

559 5456 1066 5523 inexpugnabilem,
1142 5460 1228 5512 cui
1285 5463 1579 5513 secundum
1647 5447 1836 5526 Deum,
1903 5467 2142 5520 universi

576 5546 802 5625 Salutem
839 5548 1128 5609 credebant
1159 5562 1311 5601 suam
1356 5563 1368 5597 :
1397 5565 1515 5619 qua:
1547 5551 1589 5605 si
1616 5553 1804 5606 oculus
1833 5555 2140 5623 appelletur

578 5635 727 5690 orbis
760 5645 929 5702 terrae,
963 5648 1051 5690 aut
1097 5652 1210 5704 car,
1244 5656 1272 5693 τι
1302 5656 1426 5696 vero
1458 5657 1561 5698 non
1594 5645 1895 5712 aberretur,
1925 5651 1987 5700 de
2027 5664 2132 5717 qua

2245 4456 2399 4506 κοινὰ
2450 4458 2564 4538 καὶ,
2591 4458 2762 4513 ταῦτα
2795 4462 2960 4514 πᾶσιν
3000 4459 3141 4517 εἶναι
3189 4467 3512 4536 συμϐαίνει·
3540 4473 3622 4527 ὅτι
3674 4475 3740 4536 δὴ
3766 4456 3822 4527 τί

2245 4546 2376 4598 αὶτὸ
2408 4551 2559 4618 κοινῇ
2594 4551 2792 4611 πάντες
2834 4554 3180 4622 πεπόνθαμεν
3219 4559 3433 4621 πένθος.
3471 4560 3657 4615 [liv-ra
3689 4568 3819 4633 ἡμῖν

2245 4639 2439 4706 ἀθρόον
2503 4640 2673 4709 ᾤχετο
2701 4647 2767 4696 τὰ
2801 4645 2957 4700 καλά.
3005 4647 3067 4699 Ἠ
3098 4651 3320 4718 πατρὶς
3347 4653 3512 4717 ἑάλω,
3551 4657 3709 4718 πόλις
3764 4660 3822 4711 οὐ

2246 4735 2386 4782 κατὰ
2417 4734 2512 4794 τὰς
2549 4736 2604 4785 ὲν
2635 4739 2704 4806 γῇ
2733 4738 2914 4800 πόλεις
2947 4741 3185 4808 ἁπάσας,
3225 4743 3361 4798 ἀλλὰ
3391 4746 3576 4815 σχεδὸν
3605 4751 3822 4820 ἀνθρω-

2248 4822 2406 4892 πίνης
2435 4825 2702 4894 κρείττων
2727 4829 2926 4897 χειρός.
2965 4830 3029 4883 Ἦ
3057 4833 3218 4902 αὑτὴ,
3245 4838 3454 4909 μεγάλη
3470 4856 3529 4892 τε
3551 4843 3650 4893 καὶ
3677 4845 3817 4910 καὶὴ

2249 4912 2393 4964 θέσει
2427 4916 2521 4966 καὶ
2553 4919 2738 4984 χάρισι
2765 4919 3167 4989 διαλάμπουσα,
3197 4925 3290 4976 καὶ
3314 4928 3487 4979 εἰπεῖν
3520 4928 3627 4979 τῶν
3665 4932 3727 4982 ὲν
3756 4936 3819 5000 τῇ

2247 5005 2437 5057 πασῶν
2469 5010 2698 5078 μεγίστη
2735 5027 2792 5062 τε
2827 5013 2918 5078 καὶ
2963 5015 3224 5085 καλλίστη
3247 5036 3260 5048 ·
3312 5019 3378 5089 ἢν
3412 5021 3579 5089 μόνην
3609 5022 3817 5084 πάντες

2246 5095 2312 5150 δι’
2346 5097 2537 5160 αἰῶνος
2597 5100 2820 5170 ήλπιζόν
2875 5120 2933 5156 τε
2968 5107 3059 5158 καὶ
3109 5109 3395 5162 ἐπίστευον
3429 5112 3707 5166 ἀνάλωτον
3763 5117 3820 5166 ὲκ

2247 5191 2462 5241 πάντων
2493 5194 2926 5260 διαγενήσεσθαι·
3017 5200 3154 5265 μετᾶ
3183 5199 3318 5253 Θεὸν
3341 5203 3439 5271 τὴν
3471 5205 3690 5258 ἑαυτῶν
3719 5222 3818 5258 σω-

2252 5285 2445 5351 τηρίαν
2478 5286 2759 5339 ἐπίστευον
2793 5289 3054 5351 ἅπαντες.
3080 5292 3146 5359 ἠν
3172 5291 3447 5361 ὀφθαλμόν
3474 5286 3559 5356 τις
3590 5311 3821 5364 προπι-

2250 5374 2369 5426 πὼν
2397 5376 2491 5445 τῆς
2525 5378 2619 5444 γῆς
2641 5415 2655 5441 ,
2686 5378 2717 5446 ἦ
2763 5381 2989 5449 καρδίαν
3022 5382 3117 5434 τοῦ
3147 5385 3516 5454 προσήκοντος
3543 5382 3643 5438 οὒκ
3687 5389 3826 5442 ἁπε-

2247 5467 2593 5534 νεχθήσεται·
2627 5465 2773 5544 ὲφάᾗ
2814 5473 2949 5524 πᾶσι
2983 5475 3124 5548 μέγα
3158 5478 3374 5543 φρονεῖν
3406 5472 3510 5544 ἦν’
3541 5480 3632 5529 καὶ
3675 5473 3744 5551 ἧς
3766 5481 3820 5530 τὸ

2253 5553 2518 5626 κληθῆναι
2554 5562 2777 5630 πολίτην
2825 5564 2920 5630 οὐχ
2971 5566 3002 5632 ἡ
3038 5565 3273 5634 τυχοῦσα
3319 5567 3574 5629 ὑπόθεσις
3611 5573 3696 5630 εὶς
3736 5572 3822 5622 M-

2218 5713 2221 5717 _
2249 5665 2341 5717 γον
2389 5652 2702 5724 φιλοτιμίας
2729 5669 2742 5683 ⁸
2782 5657 2812 5723 η
2856 5656 3078 5724 τοιλύτη
3129 5655 3307 5711 τοίνυν
3349 5659 3479 5736 ἡμῖν
3504 5659 3680 5728 ’ὲὲιλω,
3705 5709 3708 5711 .
3733 5663 3820 5713 καὶ
