3974 6334
537 410 671 472 ἲο67

1721 401 2088 463 ΜΑΤΤΠίΕΙ
2132 401 2600 464 (ΞΛΜΑΒΙΟΤΕ
2640 471 2644 475 _

3425 373 3456 383 φ.

3703 392 3829 455 1058

533 533 770 594 petuque
802 523 1153 598 intolerando
1209 510 1746 592 quosvis‘invadunt.
1783 517 1957 586 Hujus
1981 520 2131 587 prin-

2239 520 2521 589 συνηρεφῆ
2556 500 2914 588 νεμηθέντος,
2972 514 3146 579 οὕτως
3183 514 3304 598 esse
3335 512 3436 582 τὴν
3481 509 3834 582 βαρϐαρικὴν

533 616 672 684 cipis
705 617 857 670 urbis
886 616 1045 670 ruina
1074 614 1318 670 omnium
1352 610 1568 667 animos
1595 610 1794 680 dejccit
1829 620 1883 666 et
1915 611 2129 680 amixit,

535 725 599 763 ac
664 710 892 779 proinde
945 708 1044 763 sibi
1099 714 1351 759 metuunt
1401 719 1615 760 omnes.
1669 703 1840 759 Nemo
1897 706 2131 774 amplius

537 803 776 858 libertati
808 817 921 857 suae
951 799 1202 862 conﬁdit,
1234 796 1326 852 sed
1361 799 1547 852 cuncti
1576 814 1605 851 a
1634 798 1870 853 barbaro
1933 813 1993 852 se
2043 798 2130 852 in-

539 909 728 948 vasum
773 890 838 945 iri
876 898 1147 943 metuunt.
1185 887 1322 941 Hinc
1355 889 1414 942 lit
1451 899 1506 942 ut
1536 889 1734 957 pattim
1789 905 1981 943 eorum
2035 890 2132 944 tri-

538 987 726 1039 butum
763 983 812 1036 ei
846 980 1106 1058 pendant,
1145 996 1250 1050 qua
1294 996 1362 1036 ne
1395 983 1510 1052 ipsa
1546 982 1768 1051 quidem
1801 996 1858 1034 re
1891 996 1952 1037 sc
1981 990 2129 1036 tutos

538 1090 827 1130 mansuros
883 1074 1206 1141 conﬁdunt;
1271 1075 1364 1129 alii
1434 1091 1563 1130 vero
1624 1076 1728 1128 hoc
1781 1074 1952 1143 parati
2004 1083 2133 1128 sunt

537 1169 735 1232 facere,
765 1166 870 1222 nisi
901 1175 1024 1220 ante
1061 1168 1334 1234 oppressi,
1363 1149 1430 1222 de
1483 1177 1627 1221 terra
1682 1165 1842 1220 deleti
1896 1151 2132 1222 iuerint.

533 1261 688 1314 Sicut
721 1259 868 1316 enim
905 1259 1048 1329 ignis
1082 1261 1338 1315 violentia
1369 1261 1570 1329 passim
1600 1260 1664 1312 ad
1720 1275 1937 1314 omnem
1994 1273 2128 1314 con-

532 1364 737 1424 gestam
769 1353 1099 1421 obviamque
1128 1353 1412 1406 materiam
1455 1362 1759 1420 grassatur,
1791 1351 1863 1406 ita
1891 1330 2135 1406 bas-bari-

532 1465 655 1502 cum
724 1449 778 1502 iu
830 1463 1025 1502 omnes
1080 1433 1348 1517 impetum
1405 1463 1568 1501 nemo
1622 1445 1880 1502 cohibere
1929 1454 2128 1516 potest.

534 1541 761 1610 Semper
801 1539 866 1595 ad
895 1540 1106 1610 majora
1138 1540 1404 1596 barbarus
1459 1539 1821 1608 c0gitationes
1873 1537 2131 1604 intendit,

532 1633 886 1700 cupiditatem
920 1648 1076 1705 suam
1103 1633 1169 1687 ad
1200 1641 1440 1686 extrema
1477 1647 1653 1701 usque
1677 1642 1834 1688 terrae
1861 1631 2130 1696 extendit,

532 1731 587 1778 et
616 1739 727 1793 quo
761 1728 942 1778 minus
978 1725 1034 1777 in
1070 1737 1261 1777 omnes
1293 1706 1439 1777 caeco
1469 1723 1674 1790 impetu
1712 1723 1976 1782 incurrat,
2025 1733 2133 1777 ter-

535 1820 683 1871 mino
713 1825 924 1869 velatur
957 1803 1132 1869 n’ullo.
1166 1814 1247 1869 Ah
1278 1815 1446 1869 altera
1479 1824 1655 1883 parte,
1691 1826 1836 1868 metu
1867 1814 2130 1884 prostrati

2241 613 2383 666 κατὰ
2430 615 2674 666 ἰτόιντιον⁴
2702 609 2892 678 ἔφοδον
2944 610 3004 662 ού
3054 593 3278 661 δύναται
3323 603 3505 667 ούδεῖς
3557 605 3833 671 ἐπισχεῖν.

2247 705 2360 758 Ἀεὶ
2392 703 2610 774 μεέζοσι
2648 699 2922 772 βάρϐαρος
2970 700 3239 767 ἐγχειρεῖ,
3267 699 3361 751 καλ.
3394 698 3495 759 τὴν
3526 693 3831 763 ἐπιθυμίη

2239 795 2320 856 είς
2359 795 2427 848 τὰ
2453 793 2556 862 γῆς
2592 793 2804 864 πέρατα
2840 786 3182 858 παρατείνειο
3215 792 3312 845 καὶ
3339 792 3466 860 ὅρος
3507 786 3696 856 αὐτῷι
3718 788 3837 849 τοὺς

2186 889 2329 942 νὲπὶ
2359 888 2436 957 τῷ
2484 889 2661 941 πάντα
2699 887 3060 956 κατατρέχειν
3103 886 3313 949 οὐδείς..
3345 885 3560 946 Πάντες
3601 882 3666 936 δὲ
3701 898 3834 932 κιτ-

2236 982 2510 1051 επτήχασι
2614 983 2708 1034 καὶ
2736 981 2831 1034 τοῦ
2859 979 2981 1034 καθ’
3014 979 3209 1034 ἑαυτὸν
3238 978 3549 1049 φροντίζων
3574 976 3837 1039 ἕκαστος,

2238 1056 2515 1142 κάθηνται
2579 1073 2638 1125 τὸ
2683 1073 2880 1143 μέλλον
2929 1068 3403 1132 ἀποσκοποῦντες,
3455 1068 3580 1124 δέον
3621 1068 3832 1138 Δδρμᾷκι,

2241 1165 2499 1238 σύστημα
2527 1169 2856 1236 γενομένους
2895 1168 2976 1231 ἒν,
3017 1163 3182 1218 αὑτὸν
3228 1165 3384 1234 κοινῇ
3427 1166 3647 1226 πάντας
3699 1162 3839 1230 ἀμύ-

2237 1261 2459 1324 νασθαι,
2489 1262 2584 1314 καὶ
2632 1262 2794 1330 δίκην
2837 1261 2970 1332 παρ’
3008 1260 3174 1315 αὐτοῦ
3205 1253 3528 1331 λαϐεῖν,ἰῶν
3585 1254 3837 1325 είςΧρι-

2238 1355 2495 1418 στιανοὺς
2542 1355 2642 1408 καὶ
2686 1355 2748 1408 τὸ
2794 1353 3038 1426 Χριστοῦ
3087 1355 3282 1423 ὄνομα,
3340 1353 3436 1405 καὶ
3489 1350 3693 1420 ὕϐριζε
3749 1349 3838 1400 καὶ

2239 1449 2482 1519 ὑϐρίζων
2534 1449 2885 1520 καθεκάστην
2922 1449 2983 1503 ού
3040 1443 3304 1521 παύετάίξ.
3355 1444 3526 1499 Ἀλλά
3559 1442 3727 1496 τοῦτό
3778 1459 3836 1507 γε

2236 1541 2350 1594 οὔτ’
2386 1540 2620 1611 ἐμέλησέ
2650 1559 2738 1595 πω
2767 1542 2976 1607 οὐδενὶ,
3003 1539 3128 1594 οὔτε
3159 1539 3406 1609 μελήσει,
3453 1536 3596 1606 πλὴν
3625 1537 3686 1587 εί
3707 1535 3838 1594 est;

2239 1632 2475 1702 θελήσει.
2509 1633 2677 1699 ἀξίων
2708 1634 3010 1704 γινομένων
3051 1633 3231 1703 ἡμῶν.
3263 1634 3374 1687 Καὶ
3402 1632 3645 1691 ἕκαστος
3680 1627 3839 1682 τοῦτο

2238 1727 2694 1797 παρακερδαίνει,
2746 1728 2806 1782 τὸ
2859 1729 2974 1792 τοῖς
3042 1727 3236 1791 δεινοῖς
3286 1725 3518 1796 ὕστερος
3578 1721 3836 1793 ἡγεῖσθαι

2237 1820 2728 1890 ταμιευθὴσεσθαι,
2779 1819 3070 1886 ἐξαπατῶν
3115 1820 3308 1875 ἑαυτὸν
3358 1821 3427 1890 τῇ
3489 1817 3834 1886 ίδιοπραγίει,

534 1919 665 1964 sunt
692 1926 907 1975 omnes,
940 1921 993 1964 et
1025 1925 1125 1978 pro
1166 1924 1225 1964 se
1261 1908 1500 1978 quisque
1533 1907 1778 1974 solliciti,
1840 1917 2130 1977 exspecta-

2238 1915 2331 1968 καὶ
2376 1916 2440 1984 τῇ
2478 1914 2726 1986 ἀπωλείᾳ
2755 1915 2865 1969 τῶν
2896 1916 3094 1981 ἄλλων,
3146 1915 3178 1986 ἦ
3222 1914 3319 1969 καὶ
3352 1913 3431 1984 τῷ
3463 1914 3542 1983 μὴ
3584 1913 3651 1967 ἂν
3685 1913 3837 1980 ἥξειν

534 2005 682 2058 tione
715 2005 910 2068 futuri,
945 2020 1183 2075 quonam
1219 2020 1306 2058 res
1339 2018 1588 2057 evasura:
1608 2003 1740 2064 sint,
1811 2004 2132 2073 languentes

537 2105 780 2162 cessant,
809 2112 932 2150 eum
961 2108 1153 2152 contra
1190 2106 1471 2167 oporteret
1506 2097 1559 2149 in
1589 2111 1757 2149 unum
1810 2095 2133 2166 conspirare

535 2189 844 2253 universos,
867 2190 1369 2260 communibusque
1403 2189 1598 2259 opibus
1633 2197 1688 2241 et
1719 2189 1888 2243 artuis
1917 2188 2129 2243 hostem

535 2282 845 2352 populsare,
887 2297 950 2337 ac
981 2297 1173 2357 poenas
1206 2283 1475 2337 scelerum
1509 2298 1631 2352 quae
1661 2284 1713 2336 in
1779 2281 2160 2340 Christianos

531 2373 849 2444 Christique
904 2389 1101 2431 nomen
1157 2374 1556 2427 contumeliose
1589 2384 1642 2428 et
1693 2372 2024 2442 perpetravit
2078 2380 2132 2424 et

531 2468 778 2536 quotidie
808 2476 1124 2537 perpetrare
1153 2481 1260 2520 non
1287 2467 1520 2528 desistit,
1555 2467 1621 2520 de
1646 2466 1994 2528 illosumere.
2021 2463 2129 2520 Sed

534 2565 641 2616 hoc
683 2561 890 2616 nemini
947 2575 1095 2614 nunc
1132 2574 1278 2614 cura:
1320 2568 1423 2624 est,
1456 2573 1632 2628 neque
1684 2557 1915 2628 posthac
1961 2557 2128 2610 etiam

533 2666 680 2706 cura!
704 2652 829 2718 erit,
858 2652 960 2706 nisi
994 2650 1374 2721 tum,quando
1407 2647 1552 2704 Deus
1587 2648 1925 2715 z'olet,nobis
1953 2646 2132 2717 dignis

535 2744 712 2801 lactis.
748 2745 961 2816 Singuli
992 2758 1142 2808 vero,
1183 2758 1242 2797 se
1299 2751 1610 2812 postremos
1666 2740 1734 2794 ad
1793 2741 2131 2795 calamitates

535 2845 874 2914 reservatum
914 2837 978 2890 iri
1009 2844 1291 2905 putantes,
1314 2834 1458 2888 maie
1481 2833 1692 2887 interea
1726 2833 1828 2886 boc
1884 2847 2052 2886 mora:
2075 2833 2131 2884 in

535 2931 690 2984 lucro
721 2936 957 2999 ponunt.
991 2925 1096 2981 Ubi
1125 2934 1274 2981 certe
1302 2925 1518 2994 seipsos
1543 2925 1844 2993 decipiunt,
1902 2938 2128 2978 suarum

505 3038 509 3041 ·
537 3034 722 3074 rerum
751 3019 954 3082 studio,
983 3028 1041 3072 ut
1070 3016 1420 3088 negligentia,
1457 3017 1580 3070 aliis
1631 3015 1838 3068 interea
1899 3029 2132 3078 pereun-

537 3117 705 3182 tibus,
735 3105 973 3170 aut'dum
995 3127 1292 3186 nunquam
1319 3111 1384 3165 ad
1413 3126 1470 3165 se
1504 3121 1730 3163 ventura
1761 3108 1959 3163 similia
1986 3109 2125 3164 mala

537 3219 749 3280 putant,
781 3218 877 3263 aut
908 3217 1036 3261 tunc
1082 3205 1303 3259 demum
1360 3218 1419 3258 se
1463 3217 1616 3256 arma
1655 3211 1710 3256 et
1748 3201 2125 3258 defensionem

2244 2008 2375 2060 ποτὲ
2407 2007 2504 2061 καὶ
2539 2010 2619 2071 είς
2653 2010 2817 2062 αὐτὸν
2871 2009 3081 2063 οἴεσθαι
3122 2009 3191 2062 τὰ
3252 2008 3403 2061 δεινά
3431 2023 3445 2039 ο
3495 2007 3530 2076 ἢ
3564 2005 3696 2060 τότε
3725 2007 3839 2059 δια-

2243 2101 2539 2170 νοούμενος
2571 2100 2925 2173 διεγερθῆναί
2973 2120 3033 2154 τε
3083 2099 3570 2179 καθάμύνασθαι,
3617 2102 3709 2155 ὅτε
3743 2100 3838 2155 καὶ

2243 2191 2331 2245 ἐπ’
2363 2193 2525 2246 αὑτὸν
2555 2194 2584 2246 ὀ
2617 2194 2890 2264 βάρϐαρος
2933 2194 3011 2263 ίιγ
3059 2193 3191 2261 πρὶν
3236 2192 3292 2245 δὲ
3339 2191 3498 2245 τοῦτο
3546 2192 3831 2260 γενέσθα,

2243 2289 2368 2355 μηδ’
2405 2287 2472 2358 ἂν
2518 2273 2664 2342 εἷ’τι
2705 2290 2800 2342 καὶ
2851 2287 3060 2356 γένοιτό
3135 2305 3267 2341 ποτε
3313 2287 3834 2358 διεγερθησύμξνλςο

2240 2380 2358 2433 οὐδὲ
2387 2379 2581 2432 τοῦτον
2612 2379 2745 2448 γοῦν
2773 2380 2988 2444 οὐδενὸς
3015 2380 3394 2451 λογιζομένου,
3437 2381 3514 2452 μὴ
3546 2399 3836 2455 προαναρ-

2241 2471 2521 2542 πασνθῆναι
2562 2472 2793 2541 φθάσαι,
2825 2475 2957 2544 πρίν
2983 2492 3106 2528 τινα
3139 2473 3326 2544 σχεδὸν
3355 2459 3546 2529 λαϐεῖν
3578 2477 3838 2545 αἴσθησιν

2239 2565 2348 2617 τῶν
2372 2565 2588 2619 δεινῶν.
2625 2567 2798 2620 Τοῦτο
2826 2567 2871 2619 δ’
2900 2569 3153 2632 ἑκάστοις
3179 2571 3323 2622 ποιεῖ
3345 2561 3378 2639 ἦ
3403 2586 3461 2622 τε
3496 2570 3635 2640 ἄλλη
3661 2572 3836 2634 πᾶσα,

2239 2650 2273 2731 ᾖ
2313 2658 2580 2722 συζῶσιν,
2621 2658 2946 2730 ἀϐελτηρία.
3007 2661 3102 2712 καὶ
3143 2659 3203 2712 τὸ
3257 2661 3322 2712 δι’
3374 2660 3550 2729 αὐτὴν
3580 2662 3681 2731 τὴν
3730 2663 3838 2715 τῶν

2242 2749 2453 2802 πολλῶν
2491 2749 2713 2820 ἀγάπην
2770 2751 3034 2819 ψυγῆναι,
3088 2751 3184 2804 καὶ
3227 2750 3557 2820 ἐξαφανίσαι
3599 2757 3696 2810 τὸν
3742 2757 3834 2810 ἐπὶ

2240 2840 2338 2908 τῆς
2370 2843 2610 2906 πίστεως
2650 2843 2832 2912 ζῆλον.
2871 2843 2934 2898 Ei
2962 2844 3006 2897 δ’
3039 2844 3292 2912 ἕκαστος,
3341 2847 3833 2920 ἀποστρεφόμενος

2238 2936 2306 2989 τὰ
2340 2938 2554 3002 πονηρὰ
2585 2934 2742 3004 ἔργα,
2784 2935 2852 2988 τά
2900 2936 3012 2989 τῶν
3050 2936 3399 3005 Χριστιανῶν
3430 2938 3674 2993 ἑκάστου
3725 2941 3833 2994 ὑπὸ

2237 3029 2346 3081 τῶν
2371 3027 2585 3082 ἀσεϐῶν
2638 3029 2786 3098 πάθη
2847 3030 2956 3084 ἴδια
3010 3031 3315 3098 ἐλογίζετο,
3367 3032 3465 3086 καὶ
3498 3032 3665 3103 ζῆλον
3691 3035 3834 3103 ὑπὲρ

2236 3121 2332 3174 τοῦ
2376 3119 2618 3189 Χριστοῦ
2671 3121 2939 3191 ὀνόματος
2994 3123 3362 3197 ἀνελάμϐανε-ο
3398 3128 3710 3197 πρέποντα,
3765 3128 3837 3198 μὴ

2237 3213 2374 3267 ἄλλα
2401 3214 2583 3278 ἄλλοις
2615 3215 2889 3280 ἐγκαλῶν,
2921 3209 3002 3278 οἷς
3030 3216 3089 3269 ού
3126 3215 3306 3286 θέμις’
3338 3217 3400 3271 οὐ
3438 3221 3608 3286 μόνον
3643 3221 3744 3274 οὐκ
3773 3221 3837 3275 ἂν

532 3313 893 3375 suscepturos
956 3301 1222 3372 cOgitant,
1257 3299 1479 3368 quando
1511 3299 1564 3352 in
1601 3298 1748 3365 ipsos
1782 3297 1945 3352 etiam
1997 3297 2125 3352 bar—

2238 3306 2388 3358 αὐτοὶ
2417 3306 2510 3358 τὸν
2549 3306 2828 3377 βάρϐαρον
2887 3307 3188 3373 ἐδεδίεσαν,
3243 3309 3365 3363 ἀλλ’
3413 3310 3529 3364 οὐδ’
3567 3312 3638 3366 ἂν
3676 3314 3837 3382 ἡμεῖς

476 3446 481 3454 .
532 3400 698 3453 barus
733 3396 998 3451 invaserit
1033 3395 1397 3464 ;priusquam
1433 3407 1562 3446 vero
1592 3394 1693 3446 hoc
1719 3391 1835 3457 ﬁat,‘
1889 3405 1947 3446 se
1984 3407 2127 3446 nun-

529 3506 718 3560 quam,
754 3476 1021 3562 quidqu'id
1078 3487 1241 3544 etiam
1274 3486 1389 3551 ﬁat,
1418 3495 1770 3542 surrecturos
1801 3485 2129 3541 vindictam-

527 3599 636 3652 que
665 3594 979 3654 paraturos.
1037 3579 1149 3638 Nec
1187 3568 1405 3635 interim
1446 3579 1551 3633 hoc
1583 3579 1778 3634 saltem
1832 3580 2127 3648 quisquam

528 3676 754 3744 cogitat,
788 3675 890 3731 sibi
913 3679 1221 3730 cavendum
1285 3687 1430 3738 esse,
1490 3687 1558 3727 ne
1611 3679 1736 3726 ante
1789 3673 2129 3742 opprimatur

529 3783 691 3837 quam
727 3768 840 3824 fere
879 3768 1049 3822 ullum
1091 3781 1316 3822 sensum
1375 3766 1556 3837 capiat
1613 3766 1892 3820 interitus.
1947 3764 2127 3821 Causa

531 3863 694 3933 hujus
722 3863 847 3916 mali
881 3871 962 3916 est
994 3877 1120 3916 eum
1158 3861 1368 3929 reliqua
1404 3859 1607 3932 omnis,
1636 3875 1760 3914 cum
1798 3874 1906 3928 qua
1937 3875 2131 3915 conse-

530 3963 786 4021 nescunt,
821 3954 1094 4009 stoliditas
1127 3963 1182 4007 et
1212 3953 1492 4015 socordia,
1555 3962 1670 4005 tum
1708 3952 1852 4020 quod
1874 3951 2000 4007 hinc
2018 3953 2129 4022 ple-

531 4060 831 4115 roremque
859 4045 1026 4099 etiam
1057 4043 1308 4097 cbaritas"
1327 4041 1563 4105 refrixit,
1590 4053 1643 4096 et
1674 4043 1954 4114 religionis
1981 4045 2130 4099 zelus

527 4139 786 4195 exolevit.
814 4136 970 4202 Quod
1007 4135 1054 4190 si
1098 4135 1503 4203 unusquisque,
1567 4135 1812 4202 improba
1873 4133 2013 4188 facta
2077 4143 2132 4190 et

527 4230 732 4286 scelera
765 4231 1095 4294 detestatus,
1137 4231 1278 4282 mala
1332 4229 1536 4294 quibus
1599 4228 1801 4296 singuli
1854 4226 2133 4283 Christia-

527 4336 722 4376 norum
751 4323 821 4376 ab
851 4321 1016 4391 impia
1047 4329 1205 4390 gente
1238 4319 1580 4383 aﬂiciuntur,
1601 4335 1699 4375 sua
1733 4320 2128 4385 existimasset,

525 4415 1040 4484 annulatiouemque
1067 4412 1384 4483 proﬂhristi
1420 4413 1643 4467 nomine
1671 4429 1731 4468 se
1761 4412 1981 4483 dignam
2012 4425 2132 4467 susv

525 4508 788 4576 cepisset,
839 4521 952 4562 non
979 4516 1163 4561 autem
1182 4505 1415 4561 crimina
1447 4506 1555 4561 alia
1587 4506 1709 4560 aliis
1741 4504 1963 4573 indigne
1979 4503 2132 4574 obje-

526 4601 715 4667 cisset,
750 4615 857 4654 non
895 4609 1108 4655 tantum
1141 4600 1242 4670 ipsi
1299 4601 1590 4654 barbarum
1622 4615 1766 4654 nunc
1797 4614 1906 4654 non
1957 4600 2130 4655 refor-

2233 3413 2297 3464 γε
2321 3395 2630 3469 τηλικαύτῃ
2661 3400 3213 3469 περιεπεπτώκειμεν
3238 3404 3520 3473 συμφορᾷ,
3558 3406 3657 3457 καὶ
3683 3405 3838 3476 δίκην

2233 3491 2332 3558 τὴν
2383 3489 2542 3554 ἀξίαν
2603 3491 2772 3545 πάλαι
2822 3493 2890 3545 ἂν
2921 3494 2948 3545 ὁ
2980 3491 3260 3563 βάρϐαρος
3312 3495 3592 3550 ἐδεδώκει.
3635 3497 3754 3549 Νῦν
3785 3497 3837 3551 δὲ

2232 3582 2321 3635 διὰ
2351 3582 2411 3634 τὸ
2449 3582 2654 3652 μηδένα
2691 3582 2786 3637 τοῦ
2828 3585 3208 3654 προσήκοντος
3251 3584 3509 3655 ἐθελῆσαι
3550 3588 3835 3655 γενέσθαι,

2233 3673 2330 3726 καὶ
2360 3673 2460 3744 τὴν
2492 3674 2643 3729 θείαν
2677 3676 3075 3742 ἐγκαταλιπεῖν
3107 3677 3260 3748 ἡμᾶς
3285 3679 3570 3747 πρόνοιαν,
3603 3683 3836 3744 ἑκόντας

2233 3768 2758 3837 ἀποσχοινισθέντας
2807 3769 3000 3840 αὐτῆς,
3035 3771 3130 3823 ἐπὶ
3162 3772 3364 3842 πολλῆς
3404 3790 3463 3825 τε
3515 3774 3614 3828 τοῦ
3651 3777 3834 3831 κωλύ-

2234 3876 2423 3923 σοντος
2458 3860 2718 3930 ἐρημίας,
2747 3859 2780 3931 ἢ
2815 3860 2911 3913 καὶ
2935 3859 3072 3924 ὅλως
3098 3861 3192 3916 τοῦ
3227 3863 3596 3935 ἀμυνομένου,
3644 3869 3750 3939 τήν
3781 3884 3836 3922 τι

2234 3953 2390 4007 πόλιν
2422 3953 2581 4023 ὴμῶν
2615 3951 2724 4023 (εἴη
2776 3953 2834 4007 δὲ
2893 3954 2988 4008 καὶ
3033 3955 3222 4027 κοινὴν
3279 3959 3514 4028 πατρίδα
3550 3959 3670 4014 τῶν
3697 3962 3835 4031 Χρι-

2235 4045 2471 4100 στιανῶν
2504 4045 2765 4099 ἁπάντων
2793 4046 2995 4116 είπεῖν)
3014 4047 3043 4100 ὁ
3074 4047 3249 4117 βάρϐα
3261 4066 3352 4120 ρος
3381 4054 3832 4121 κατεστρέψατο,

2235 4140 2384 4208 ἡμᾶς
2428 4154 2487 4190 τε
2546 4137 3063 4207 ἐξηνδραποδίσατο,
3121 4142 3218 4194 καὶ
3272 4144 3448 4195 πάντα
3500 4143 3731 4214 διέθηκε
3773 4149 3835 4199 τὰ

2235 4231 2540 4316 δεινότατα,
2575 4231 2820 4293 καὶτοῖς
2849 4231 3058 4296 λοιποῖς
3115 4235 3254 4303 μετὰ
3313 4234 3510 4288 πολλοῦ
3556 4239 3656 4290 τοῦ
3708 4240 3833 4311 θρά-

2237 4339 2365 4385 σους
2395 4321 2489 4375 καὶ
2525 4320 2768 4391 μεγάλου
2801 4323 3122 4393 ἐπέρχεται.
3154 4326 3253 4378 Διὰ
3284 4328 3457 4380 ταῦτα
3501 4331 3594 4382 καὶ
3641 4331 3834 4400 ὀδύρεο

2238 4433 2360 4484 μαι,
2396 4416 2491 4468 καὶ
2521 4414 2748 4486 δακρύω
2781 4453 2796 4478 ,
2846 4419 2941 4469 καὶ
2975 4415 3070 4470 τοῦ
3117 4417 3377 4489 δακρύειν
3421 4420 3480 4473 ού
3519 4422 3833 4492 παύσομαι,

2233 4508 2338 4572 ἕως
2368 4507 2434 4562 ἂν
2460 4507 2559 4580 τὴν
2589 4507 2943 4573 τῶν,ἀσεϐῶν
2970 4510 3112 4563 κατὰ
3141 4509 3488 4582 Χριστιανῶν
3521 4514 3834 4584 εὐημερίαν

2235 4603 2371 4673 ὁρῶ.

527 4696 820 4760 midarent,
861 4697 956 4751 sed
989 4712 1057 4751 ne
1089 4711 1192 4750 nos
1220 4695 1438 4765 quidem
1466 4695 1576 4764 jam
1611 4698 1662 4748 in
1698 4704 1902 4749 tantam
1956 4695 2342 4753 incidissemus
2382 4699 2771 4766 calamitatem,
2804 4711 2996 4769 poenas
3045 4705 3225 4752 autem
3274 4698 3596 4768 jamdudum
3655 4700 3831 4758 hostis

528 4806 585 4848 se
617 4793 811 4862 dignas
831 4790 1094 4845 dedisset.
1121 4788 1282 4843 Nunc
1308 4805 1463 4855 vero,
1493 4791 1754 4858 quoniam
1782 4803 1941 4844 nemo
1969 4789 2140 4845 voluit
2178 4788 2416 4847 cilicium
2449 4790 2652 4862 facere,
2715 4792 3023 4862 divinaeque
3090 4807 3192 4848 nos
3241 4794 3594 4860 providentiae
3658 4799 3832 4852 desil-

529 4886 627 4940 tuti
661 4885 866 4939 luimus
915 4898 1042 4954 ope,
1075 4885 1204 4938 dum
1235 4893 1421 4940 nostra
1447 4884 1604 4955 culpa
1641 4886 1784 4941 ultro
1816 4900 1918 4941 nos
1952 4886 2019 4941 ab
2047 4901 2111 4942 ea
2173 4889 2508 4944 exclusimus
2540 4907 2554 4943 :
2589 4888 2850 4956 quoniam
2870 4887 2997 4942 item
3027 4903 3219 4958 magna
3268 4889 3675 4959 prohibentium
3738 4894 3828 4948 bo.

526 4996 688 5046 Stena,
721 4989 815 5035 aut
877 4981 1069 5036 saltem
1130 4979 1530 5043 resistentium,
1592 4980 1822 5050 penuria
1879 4983 2112 5047 exstitit,
2155 4983 2359 5038 factum
2392 4992 2495 5050 est,
2534 4990 2673 5039 utet
2702 4983 2894 5038 urbem
2962 4990 3235 5050 nostram,
3285 4984 3398 5040 imo
3477 5002 3828 5044 commuan

529 5078 910 5133 universorum
988 5075 1434 5129 Christianorum
1513 5075 1773 5144 patriam,

1855 5075 2126 5133 barbarus
2165 5076 2442 5144 everterit,
2516 5077 2807 5145 omnisque
2871 5076 3091 5146 generis
3135 5079 3404 5132 horrenda
3466 5083 3720 5150 exempla
3776 5087 3825 5137 in

527 5189 628 5229 nos
655 5173 888 5229 ediderit
921 5179 1134 5241 captos,
1172 5173 1301 5226 etin
1329 5178 1560 5224 Caeteros
1613 5183 1808 5239 magna
1875 5167 2104 5222 audacia
2144 5170 2410 5226 eﬂ‘renate
2441 5169 2683 5224 invadat.
2718 5166 2815 5222 His
2881 5167 2949 5221 de
3033 5166 3220 5222 causis
3278 5183 3381 5238 ego
3440 5170 3719 5242 lacrymor
3777 5184 3827 5230 et

530 5272 704 5342 ploro,
737 5287 835 5326 nec
863 5269 1200 5340 lacrymandi
1239 5266 1399 5320 ﬁnem
1444 5264 1660 5330 faciam,
1722 5263 1966 5333 quandiu
2020 5263 2310 5334 impiorum
2336 5262 2522 5319 felices
2551 5271 2744 5319 contra
2765 5261 3115 5319 Christianos
3145 5279 3438 5320 successus
3465 5265 3680 5320 videbo.

600 5371 844 5436 Augetur
877 5365 1042 5418 etiam
1073 5377 1226 5417 meus
1251 5360 1408 5416 dolor
1441 5376 1508 5415 ex
1539 5374 1605 5414 eo
1630 5360 1779 5428 quod
1834 5359 1981 5414 circa
2034 5358 2130 5413 do—
2161 5361 2209 5419 ι)

527 5463 788 5515 mesticos
820 5467 870 5512 et
907 5465 1170 5525 cognatos
1191 5470 1339 5511 meos
1371 5455 1575 5508 factum
1599 5461 1704 5508 est.
1738 5451 1953 5507 Etenim
1984 5451 2131 5508 alius

525 5555 720 5609 borum
752 5552 880 5614 alio,
925 5551 1113 5604 nescio
1141 5564 1248 5619 quo
1280 5558 1556 5603 terrarum
1608 5545 1856 5617 singuli,
1889 5545 2126 5615 dispersi

522 5659 671 5702 sunt.
704 5645 962 5701 Nunnuili
994 5658 1237 5713 quoque,
1272 5658 1397 5696 vera
1427 5642 1696 5712 religione
1729 5643 2022 5709 abnegata,
2055 5639 2123 5693 ad

522 5740 855 5808 impietatem
881 5735 1216 5791 defet'crunt.
1234 5734 1308 5787 Ac
1338 5734 1402 5788 de
1420 5745 1742 5788 etetororum
1769 5733 1986 5802 quidem
2011 5747 2130 5785 om-

523 5834 674 5886 nium
708 5830 926 5884 fortuna
989 5827 1446 5897 singulorumque
1502 5826 1681 5880 dicere
1717 5841 1823 5877 non
1851 5839 2072 5892 possunt
2107 5839 2121 5879 ξ

523 5922 615 5977 sed
648 5922 713 5977 de
729 5930 962 5984 quatuor
987 5919 1174 5974 iratt'is
1199 5917 1304 5972 mei
1329 5918 1471 5981 liliis,
1506 5932 1628 5971 cum
1657 5925 1764 5970 tres
1793 5914 1901 5981 (hei
1928 5913 2061 5967 mihi
2085 5913 2125 5979 !)

2321 5355 2619 5410 Ἐπιτείνει
2641 5355 2698 5410 δέ
2726 5372 2820 5426 μοι
2847 5354 2910 5410 τὸ
2932 5355 3108 5422 πάθος
3132 5358 3226 5412 καὶ
3254 5356 3313 5411 τὸ
3334 5357 3431 5410 ἐπὶ
3460 5360 3570 5420 τοῖς
3600 5359 3826 5423 οἰκείοις

2233 5451 2325 5505 καὶ
2355 5450 2649 5521 συγγενέσι
2694 5451 3090 5522 γεγενημένον.
3144 5451 3342 5515 ’Ἄλλος
3374 5452 3482 5521 γὰρ
3527 5452 3690 5522 ἄλλῃ,
3730 5454 3825 5505 οὐκ

2234 5539 2330 5597 οἷδ’
2363 5546 2471 5615 ὅπη
2512 5541 2641 5612 γῆς,
2678 5541 3056 5614 διεσπάρησαν
3094 5541 3352 5606 ἕκαστος.
3389 5543 3456 5608 ,οί
3489 5542 3546 5596 δὲ
3595 5543 3693 5596 καὶ
3727 5543 3826 5614 τὴν

2233 5635 2541 5707 ἀμώμητον
2577 5634 2763 5689 πίστιν
2787 5634 3056 5706 ἦμειψαν,
3099 5636 3191 5688 ἐπὶ
3221 5635 3322 5705 τὴν
3353 5624 3613 5688 ἀσέϐειαν
3662 5651 3826 5704 μετα-

2239 5727 2446 5793 θέντες.
2478 5726 2585 5780 Ka‘t
2612 5727 2738 5789 τοὺς
2776 5727 2876 5797 μὲν
2903 5727 3099 5786 ἄλλους
3136 5726 3387 5790 ἅπαντας
3438 5725 3564 5779 καθ’
3597 5727 3824 5781 ἕκαστον

2232 5818 2414 5885 λέγειν
2442 5819 2544 5869 οὐκ
2579 5816 2645 5870 ἂν
2679 5810 2790 5880 οἶδε
2834 5833 2893 5867 τε
2933 5812 3023 5887 ἦν’
3062 5816 3177 5869 ἀλλ’
3210 5815 3510 5884 ἀδελφιδῶν
3550 5833 3650 5885 μοι
3702 5834 3825 5872 τεσ-

2235 5912 2440 5981 σάρων,
2477 5910 2586 5966 τῶν
2638 5911 2825 5980 τριῶν,
2881 5911 3015 5979 φεῦί
3064 5910 3449 5980 μεταθεμένων
3483 5909 3677 5974 δεινῶς
3705 5955 3719 5970 ,
3757 5910 3827 5975 τῷ
