3974 6334
169 418 298 481 ltili!)

1131 407 1156 422 ‘
1195 400 1690 489 LAuENTA'Tto
1719 411 1821 475 nu
1852 399 2071 476 (τινοιί
2100 414 2359 479 carm.
2433 407 2443 421 ‘

3272 415 3432 481 .1070

164 536 364 607 σφόδρα
428 535 601 607 νεαρῷ
660 535 755 607 τῆς
800 534 1036 607 ἠλικέας,
1093 536 1189 591 καὶ
1237 536 1401 592 ἄλλου
1441 534 1578 607 ἄλλῃ
1610 533 1748 588 ἀπε-

1857 531 1908 585 in
1942 532 2250 589 calamitate
2283 534 2441 591 fidem
2474 533 2858 590 adolescentia:
2880 534 3169 604 fragilitate
3206 534 3432 604 relique-

164 631 465 703 νεχθέντος,
501 631 654 703 μόλις
679 624 761 695 εἷς
795 648 886 699 μοι
919 629 1350 701 περισέσωσται,
1381 630 1542 694 ὢνιος
1572 630 1746 700 ἀργυ-

165 726 322 795 ρίοις,
381 725 475 778 καὶ
529 722 882 794 ταλαιπωρίᾳ
916 723 1110 795 πολλῇ’
1152 723 1253 777 ούκ
1289 723 1355 777 ἂν
1405 722 1539 785 ἴσως
1586 719 1748 775 τοῦτο

168 819 381 888 συμϐάν
410 819 609 883 οὕτως,
640 818 691 871 εί
717 820 744 872 ό
771 818 954 891 πατῇρ
991 818 1092 888 μὲν
1121 818 1331 884 αὐτοῖς,
1355 816 1567 887 ἐμοὶδὲ
1587 813 1747 871 ἀδελ-

163 909 261 978 φδς
293 913 514 982 περιῆν.
541 910 693 981 Ταχὺ
718 910 828 980 γὰρ
859 908 926 964 ἂν
953 911 1152 974 αὑτοὺς
1183 909 1533 979 ἀναζητήσας
1561 923 1749 976 περιε-

148 1002 398 1065 ’σώσατο,
428 1002 521 1056 τοῦ
549 1002 712 1056 πόνου
745 1021 837 1074 μοι
870 1004 1275 1074 συναράμενος.
1298 1001 1416 1055 Νῦν
1442 1000 1581 1054 δὲτὸ
1605 1000 1749 1054 ὲκεί-

159 1114 287 1159 νους
321 1095 421 1166 μὲν
453 1097 510 1163 ἐξ
534 1095 843 1168 ἀνθρώπων
876 1096 1157 1166 γενέσθαι,
1192 1094 1293 1164 ἐμὲ
1322 1094 1380 1149 δὲ
1416 1093 1581 1165 μόνον
1607 1092 1745 1164 πρὸς

160 1190 338 1244 πάντα
377 1189 454 1263 μὴ
491 1189 781 1260 ἐξαρκεῖν,
833 1190 1011 1253 άλλως
1061 1205 1121 1242 τε
1180 1187 1277 1242 καὶ
1336 1187 1745 1263 ἀπραγμοσύνῃ

160 1282 503 1354 συνεζηκότα
559 1283 729 1357 πολλῇ
787 1283 877 1357 (δι’
917 1283 986 1354 ἢν
1032 1281 1173 1352 πρὸς
1211 1282 1389 1336 πάντα
1438 1280 1600 1335 πόνον
1652 1282 1748 1335 καὶ

158 1376 382 1445 πρᾶξιν,
419 1376 562 1451 πλὴν
608 1378 703 1432 τοῦ
756 1377 897 1432 κατά
957 1376 1085 1441 τοὺς
1148 1376 1381 1444 λόγους,
1431 1374 1746 1429 συνέϐαινεν

157 1468 307 1539 ἔχειν
334 1470 601 1541 ἀπείρως)
634 1470 811 1527 αἴτιον
843 1470 1032 1534 αὐτοῖς
1078 1468 1177 1539 τῆς
1222 1469 1483 1541 τοιαύτης
1517 1470 1747 1539 μεταϐο-

156 1562 280 1633 λῆς.
322 1560 465 1617 υῦτε
506 1563 617 1635 γὰρ
667 1564 849 1634 εὑρεῖν
880 1562 1098 1629 αὑτοὺς,
1128 1563 1238 1635 ὅπη
1284 1562 1411 1634 γῆς,
1441 1563 1627 1635 ῥᾴδιον
1658 1559 1745 1632 ἦν,

156 1657 282 1711 οὑδὲ
316 1657 427 1711 τῶν
459 1656 638 1711 ἄλλων
664 1657 860 1710 οὐδένα
894 1657 1200 1727 συγγενῶν,
1241 1657 1461 1713 πάντων
1497 1656 1747 1721 ἐλεεινῶς

155 1751 267 1814 τοῖς
306 1747 605 1822 βαρϐάροις
645 1748 740 1803 ἀπ’
771 1748 1024 1819 ἀλλήλων
1054 1749 1478 1821 γεγενημένων,
1526 1749 1622 1803 καὶ
1654 1748 1748 1803 ἀλ-

1850 624 1980 691 rint,
2007 625 2257 698 aliusque
2280 614 2733 686 alio'abstractus
2767 630 2860 696 sit,
2888 628 2975 683 vix
3009 642 3153 682 unus
3188 627 3321 681 mihi
3352 641 3433 683 re-

1850 727 1980 787 stat,
2012 732 2236 794 argento
2272 724 2528 791 venalis,
2590 740 2789 796 magna
2840 722 3164 780 dilﬁcultate
3214 719 3440 777 conﬂic-

1850 820 1973 868 tans
2001 830 2015 867 :
2051 812 2193 882 quod
2226 813 2458 872 furtasse
2487 831 2595 872 non
2629 815 2954 882 accidisset,
2988 815 3033 871 si
3100 823 3251 885 pater
3283 813 3437 882 ipsis,

1848 914 1903 962 et
1938 907 2069 963 mihi
2101 907 2288 974 frater,
2312 920 2641 982 superesset.
2674 912 2832 982 Brevi
2851 912 2997 968 enim
3020 925 3117 967 eos
3154 909 3439 980 requirens

1849 1011 2249 1067 conservasset,
2279 1002 2484 1060 laboris
2524 1005 2656 1060 mihi
2697 1008 2902 1064 socius.
2939 1005 3098 1060 Nunc
3132 1020 3279 1068 vero,
3331 1002 3441 1069 illis

1849 1090 1919 1147 de
1948 1092 2056 1148 vita
2083 1085 2362 1155 communi
2390 1096 2643 1158 sublatis.
2669 1114 2903 1166 quorum
2936 1114 3104 1174 opera
3139 1097 3271 1153 miln
3299 1110 3435 1167 Opus

1850 1195 2135 1250 erat.cum
2168 1202 2269 1260 ego
2309 1189 2460 1245 solus
2490 1191 2637 1245 omni
2675 1192 2849 1248 labori
2870 1193 3094 1249 ferendo
3113 1206 3436 1253 nonessem.

1851 1281 2151 1351 praesertim
2184 1290 2343 1337 aetate
2375 1282 2429 1337 in
2463 1284 2576 1339 otio
2598 1285 2906 1353 litterisque
2954 1283 3089 1343 acta‘
3133 1285 3305 1359 (unde
3370 1283 3436 1340 ad

1851 1388 2072 1430 omnem
2103 1376 2345 1432 laborem
2363 1388 2409 1433 ei
2438 1377 2729 1439 actionem,
2751 1387 3111 1451 prmterquam
3132 1380 3196 1434 ad
3232 1364 3437 1441 studia,

1852 1468 2007 1525 rudis
2036 1477 2090 1526 et
2120 1470 2338 1539 ineptus
2366 1455 2536 1540 sum),
2574 1486 2738 1527 causa
2781 1472 2892 1528 haec
2930 1473 3034 1529 illis
3068 1481 3230 1528 tanta:
3267 1478 3437 1526 muta-

1847 1549 2019 1621 tionis
2049 1564 2266 1621 accitlit.
2295 1562 2485 1634 Neque
2517 1551 2685 1630 enim,
2734 1566 2955 1621 ubinam
3013 1566 3114 1636 ipsi
3166 1575 3438 1620 terrarum

1850 1657 2055 1722 essent,
2085 1664 2303 1725 repertu
2339 1656 2727 1725 facileserant:
2761 1671 2936 1725 neque
2959 1668 3278 1729 caeterorum
3303 1670 3438 1711 con.
3540 1718 3548 1729 ι

1853 1750 2279 1822 sanguineorum
2340 1750 2483 1805 ullus
2528 1768 2541 1803 :
2593 1750 2739 1821 quod
2794 1749 2994 1821 singuli
3056 1748 3439 1805 miserabiliter

155 1841 252 1897 λου
296 1840 432 1914 ἄλλῃ
454 1841 873 1912 ἀπενεχθέντος*
906 1840 1001 1894 καὶ
1022 1841 1051 1895 ό
1072 1841 1341 1895 ἑκάστοτε
1360 1840 1417 1895 δὲ
1450 1842 1550 1896 σὺν
1573 1829 1743 1911 πολλῇ

1857 1857 1882 1894 a
1931 1844 2176 1899 barbaris
2210 1842 2459 1899 distracti
2498 1859 2529 1898 a
2559 1858 2619 1899 se
2646 1842 2880 1898 invicem
2939 1851 3142 1908 essent,
3189 1842 3440 1911 aliusque

156 1933 517 2008 ταλαιπωρίᾳ
556 1953 646 2007 μοι
697 1933 1090 2005 εὑρισκόμενος
1123 1926 1275 1987 εἷλκε
1332 1933 1471 2004 πρὸς
1526 1932 1746 1990 ἑαυτόν.

158 2027 389 2101 Πρῶτον
425 2026 519 2081 οῦν
548 2026 933 2096 περιτυγχάνω
957 2028 1024 2094 τῇ
1058 2024 1285 2095 ἀδελφῇ,
1322 2020 1445 2078 εἶτα
1471 2026 1535 2093 τῇ
1572 2023 1748 2094 μητρὶ

156 2120 423 2198 ἀλλαχοῦ,
446 2119 525 2192 τῷ
549 2117 817 2190 ἀδελφιδῷ
841 2117 968 2173 ῦστε
978 2136 1091 2188 ρον·
1117 2119 1213 2172 καὶ
1243 2117 1455 2181 τούτοις
1476 2115 1577 2186 τὴν
1598 2116 1751 2169 ἐλευ-

157 2214 355 2286 θερίαν
378 2214 485 2269 ὑπὸ
515 2212 633 2283 Θεῷ
667 2213 827 2285 αἰτίῳ
850 2209 1270 2282 περιποιοῦμαι,
1295 2211 1450 2276 τάξιν
1474 2210 1749 2280 ὑπηρέτου

158 2307 362 2373 σώζων
394 2307 579 2373 αὑτός,
623 2308 720 2361 καὶ
753 2306 813 2360 τὺ
865 2304 1068 2374 σφόδρα
1102 2304 1343 2376 χαλεπὴν
1385 2305 1489 2373 τῆς
1527 2304 1638 2357 τῶν
1662 2303 1753 2357 λύ-

154 2418 313 2479 τρων
348 2401 641 2472 εὑρέσεωςο
676 2400 744 2469 ἢν
791 2398 928 2468 ἐλέῳ
960 2398 1107 2467 μόνῳ
1146 2396 1284 2451 Θεοῦ
1330 2389 1643 2467 ὲκτώμεθα,
1680 2397 1749 2452 δι’

162 2496 233 2565 ἢν
258 2492 376 2548 τῶν
403 2491 762 2565 παρεχόντων
818 2492 915 2545 καὶ
939 2490 1235 2545 ἐλεούντων
1264 2492 1297 2561 ὴ
1330 2490 1449 2545 θεία
1483 2489 1753 2563 ἀντίδοσις

163 2585 577 2659 μυριοπλασίας
621 2579 1039 2656 ἀποδοθήσεται.
1077 2583 1257 2638 Μόνον
1287 2583 1382 2639 νῦν
1431 2586 1571 2655 ειμι,
1623 2600 1754 2653 συγ-

157 2678 353 2749 γενέσι
386 2676 600 2742 πολλοῖς
629 2676 879 2746 πολλαχῆ
909 2675 1358 2745 διεσπαρμένοις,
1394 2678 1489 2729 καὶ
1512 2675 1752 2746 οὐδαμοῦ

156 2768 522 2826 οὑδὲ-σύνδυο
560 2769 1002 2841 εὑρισκομένοις,
1060 2770 1118 2823 ἐν
1162 2769 1369 2840 ἀπορίᾳ
1429 2768 1599 2839 πολλῇ
1658 2771 1755 2823 καὶ

153 2860 520 2932 ταλαιπωρίᾳ
554 2860 791 2933 μεγάλῃ.
847 2859 1018 2915 Τοῦτό
1075 2876 1144 2931 με
1197 2861 1289 2915 καὶ
1339 2859 1459 2914 λίαν
1508 2859 1754 2929 ἀλγύνει,

154 2951 333 3007 τοῦτο
354 2955 501 3005 ποιεί
528 2952 591 3005 τδ
620 2953 721 3022 ζῇν
751 2952 1145 3023 ἀπολέγεσθαι.
1178 2952 1328 3023 Αὕτη
1358 2970 1449 3022 μοι
1481 2952 1757 3023 συμφορὰ,

156 3036 536 3119 παραμυθίας
574 3044 833 3099 ὑπόθεσιν
865 3044 1130 3116 οὐδεμίαν
1183 3047 1579 3116 ὑποφαίνουσα.
1643 3046 1759 3102 Μία
1801 3108 1809 3115 ,

157 3157 271 3210 μοι
302 3138 472 3209 μόνον
505 3134 856 3211 παραμυθία,
891 3138 952 3193 τὸ
987 3138 1115 3202 τοὺς
1164 3139 1481 3208 ἀδελφιδοῦς
1526 3137 1761 3211 ἁνακληέ

1776 1892 1824 1954 Β

1853 1937 1960 1992 alio
1995 1938 2296 2007 abreptus:
2324 1937 2397 1991 ita
2425 1938 2477 1991 ut
2512 1937 2749 2007 quisque
2777 1936 3045 2005 ipsorum,
3086 1936 3173 1990 vix
3219 1949 3361 2004 aegre
3407 1948 3439 1986 a

1855 2010 2406 2084 mcdiversoinloeo
2444 2034 2711 2095 repertus,
2771 2040 2858 2080 me
2918 2026 2975 2080 in
3029 2039 3088 2080 se
3146 2022 3443 2093 quaerendo

1855 2128 2181 2191 occupatum
2235 2129 2462 2175 teneret.
2496 2119 2678 2175 Ptimo
2712 2118 2898 2190 itaque
2954 2102 3247 2174 nanciscor
3291 2130 3443 2173 sort»

1857 2226 1993 2275 rem,
2023 2212 2223 2268 deinde
2260 2221 2491 2268 matrem
2530 2214 2638 2267 alio
2674 2213 2727 2267 in
2766 2210 2905 2281 loco,
2965 2216 3077 2268 tum
3137 2211 3320 2268 fratris
3383 2212 3445 2266 fl-

1856 2306 1990 2362 linm
2027 2324 2041 2362 :
2076 2305 2277 2377 quibus
2304 2305 2637 2371 libertatem,
2672 2305 2782 2362 Deo
2803 2303 3048 2375 iuvante,
3087 2304 3301 2376 peperi:
3330 2305 3447 2377 ipse
3504 2348 3511 2356 .

1860 2400 2221 2456 ministerium
2270 2415 2434 2457 omne
2492 2400 2705 2464 obiens,
2754 2397 3178 2469 difficillimeque
3213 2397 3447 2469 pretium

1855 2494 2161 2551 redimendi
2201 2508 2500 2569 corrogans
2539 2510 2553 2547 :
2597 2492 2740 2563 quod
2775 2492 2889 2548 soh
2922 2491 3015 2548 Dei
3056 2489 3434 2548 misericordia

1857 2584 2137 2641 consecuti
2165 2590 2369 2640 sumusl
2392 2600 2408 2643 :
2432 2598 2530 2655 pro
2548 2598 2656 2655 quo
2677 2582 2786 2641 illis
2804 2583 2921 2654 qui,
2941 2596 3031 2639 nos
3046 2592 3186 2637 trum
3210 2581 3443 2650 m'serti,

1857 2677 2418 2745 contulerunt,tlivitia
2437 2677 2738 2748 benignitas
2759 2676 3191 2732 cumulatissime
3212 2675 3446 2747 gratiam
3476 2716 3481 2721 ι

1860 2777 2082 2830 referet.
2131 2771 2472 2826 Nunesolus
2531 2786 2696 2835 sum:
2735 2769 3176 2840 consanguineis,
3208 2784 3445 2839 quorum

1864 2847 2094 2935 magnus
2124 2878 2410 2928 numerus,
2438 2863 2490 2916 in
2517 2862 2664 2916 varia
2689 2862 2805 2917 loca
2832 2862 3119 2933 dispersis,
3146 2878 3215 2917 ne
3235 2862 3448 2920 duobus

1861 2959 2081 3030 quidem
2112 2958 2326 3027 uspiam
2361 2944 2468 3011 una
2490 2955 2862 3019 manentibus,
2892 2954 2945 3008 in
2981 2969 3175 3025 magna
3205 2962 3450 3024 egestate

1859 3062 1916 3108 et
1934 3052 2217 3108 aerumnis.
2254 3049 2365 3104 lloc
2389 3048 2569 3119 ipsum
2593 3056 2696 3113 est,
2735 3045 2881 3117 (μιοά
2913 3044 3079 3103 valde
3097 3040 3187 3102 me
3237 3044 3450 3101 discru-

1862 3147 1988 3208 ciet,
2019 3144 2123 3200 hoc
2150 3144 2395 3198 animum
2432 3153 2490 3197 ut
2516 3141 2885 3212 despondeam
2936 3136 3109 3205 facit,-
3145 3138 3260 3194 lucc
3303 3139 3450 3194 cala-i

156 3231 371 3297 θέντας
412 3230 563 3297 ἰδεῖν,
605 3229 702 3285 καὶ
755 3235 891 3303 πρὸς
943 3230 1007 3285 τὸ
1042 3232 1273 3303 πάτριον
1323 3230 1492 3296 σέὸας
1532 3230 1752 3295 ἐπανελα

1870 3240 2029 3295 mitas
2068 3237 2249 3294 solatii
2302 3236 2570 3291 rationem
2624 3236 2833 3290 nullam
2895 3234 3161 3290 ostendit.
3214 3231 3450 3289 Unicum

157 3326 393 3392 θόντας.
430 3326 496 3380 '0
535 3324 769 3394 γένοιτο,
803 3325 899 3379 καὶ
934 3326 1123 3397 μεῖζον
1148 3326 1228 3390 είς
1266 3325 1625 3396 παραμυθίας
1672 3334 1764 3395 μοι

154 3420 331 3490 λόγον
364 3419 568 3492 οὐδὲνῆ
602 3421 699 3473 καὶ
727 3419 819 3474 τοῦ
854 3419 954 3491 ζῇν
977 3419 1083 3487 ἔξω
1113 3420 1400 3492 γενοίμην,
1429 3420 1515 3474 ἵνα
1545 3418 1640 3473 καὶ
1667 3417 1763 3472 τοῦ

153 3515 380 3585 ἀλγεῖν.
424 3502 592 3569 Ἀλλὰ
644 3514 880 3581 δέδοικα,
941 3513 1017 3584 μὴ
1053 3513 1147 3567 καὶ
1198 3512 1390 3568 τούτου
1448 3514 1763 3584 γινομένου,

157 3608 448 3680 μειζόνως
475 3608 702 3681 ἀλγήσω
733 3608 766 3679 ἢ
798 3608 939 3661 κατὰ
971 3589 1069 3680 τὴν
1100 3607 1196 3660 νῦν
1254 3609 1565 3678 συμφορὰν,
1607 3605 1767 3659 κολά-

154 3716 329 3754 σασιν
363 3699 749 3769 ἀτιλευτήτοις
781 3698 1132 3769 ὑποϐληθσὶς,
1164 3698 1232 3751 δι’
1256 3698 1315 3752 ὃν
1351 3699 1637 3768 ὲπίκειμαι
1667 3698 1766 3768 τῆς

150 3791 354 3866 ψυχῆς
387 3794 693 3863 μολυσμόν.
736 3792 896 3846 Ἀλλά
925 3790 1154 3846 καὶτῶν
1189 3792 1287 3847 νῦν
1325 3794 1647 3864 συμφορῶν,
1671 3792 1765 3845 καὶ

150 3884 271 3938 τῶν
299 3884 391 3944 εἰς
420 3882 482 3935 τὸ
532 3880 729 3950 μέλλον
759 3881 1138 3952 ἀπαλλαγείην
1169 3874 1466 3950 κολάσεων,
1496 3881 1592 3936 τοῦ
1625 3879 1762 3936 Θεοῦ

1868 3335 1998 3391 mihi
2027 3333 2280 3389 solatium
2315 3334 2506 3399 restat,
2534 3332 2577 3388 si
2608 3342 2835 3400 nepotes
2857 3345 2919 3383 ex
2946 3327 3117 3383 fratre
3154 3321 3452 3396 recupera;

1868 3436 1956 3484 tos
1980 3428 2214 3490 videam,
2278 3437 2331 3481 et
2388 3425 2455 3480 ad
2494 3412 2739 3495 patriam
2795 3421 3112 3492 religionem
3166 3414 3450 3476 reductos.

1869 3519 2087 3577 Utlnam
2122 3520 2225 3575 hoc
2258 3519 2386 3575 fiat!
2446 3517 2618 3587 major
2676 3514 2807 3569 mihi
2870 3517 2937 3570 ad
2991 3512 3246 3568 solatium
3313 3512 3452 3567 ratio

1867 3613 2013 3668 nulla
2049 3611 2165 3666 dari
2197 3618 2396 3683 potest.
2431 3609 2541 3663 Ant
2570 3616 2700 3663 sane
2721 3618 2784 3663 ex
2810 3606 2915 3660 vita
2934 3606 3152 3677 quoque
3173 3589 3452 3660 discedere

1866 3707 2166 3777 continget,
2205 3702 2374 3759 utsic
2403 3702 2568 3758 etiam
2632 3697 2953 3781 aegritudine
3007 3696 3175 3752 animi
3231 3683 3451 3754 liberer.

1867 3801 2050 3855 Metuo
2074 3810 2257 3852 tamen
2282 3811 2370 3865 ne,
2406 3796 2452 3851 si
2484 3796 2585 3850 hoc
2614 3780 2819 3850 faettim
2857 3792 3045 3859 fuerit,
3109 3794 3163 3847 in
3220 3793 3485 3861 majores

1865 3891 2125 3956 incidam,
2146 3902 2309 3959 quam
2343 3887 2575 3959 quantos
2592 3902 2657 3941 ex
2686 3883 3050 3957 praesentibus
3080 3882 3237 3940 malis
3256 3884 3455 3945 sentio.

150 3992 253 4047 μοι
297 3975 441 4029 ἵλεω
500 3972 598 4027 νῦν
640 3972 866 4039 ἰδόντος,
895 3973 990 4027 καὶ
1031 3974 1109 4044 τῷ
1159 3974 1331 4044 πατρὶ
1392 3974 1752 4044 συγγενοίμηι

1867 3982 2105 4048 dolores,
2142 3979 2480 4035 crueiatibus
2513 3976 2734 4034 aeternis
2775 3974 3000 4047 propter
3050 3976 3246 4031 animae
3321 3979 3483 4031 meai.

148 4069 255 4123 καὶ
310 4065 563 4148 ἀδελφῷ,
601 4066 652 4120 εί
717 4065 812 4119 καὶ
873 4066 950 4137 μὴ
997 4064 1099 4134 τῆς
1154 4065 1526 4137 καθαρότητος
1580 4066 1752 4129 αὐτοῖς

1869 4070 2280 4143 inquinamenta
2308 4069 2622 4126 mandatus.
2659 4068 2764 4123 Sed
2800 4070 3007 4124 utinam
3061 4079 3114 4123 et
3170 4071 3456 4137 prmsentl-

148 4157 445 4247 κοινωνῶ.
484 4159 613 4213 Εἴθε
646 4158 703 4213 δὲ
732 4160 766 4231 ἡ
800 4157 1041 4229 Χριστοῦ
1071 4157 1233 4229 χάρις
1262 4161 1327 4229 τῇ
1356 4160 1483 4226 ἐμοὶ
1509 4161 1752 4230 μετανοίᾳ

1874 4165 1975 4220 bus
1997 4163 2259 4229 miseriis,
2283 4173 2337 4218 et
2371 4161 2570 4217 futurae
2604 4151 2725 4217 vitm
2755 4163 2959 4233 pmnis,
3002 4162 3111 4216 Deo
3143 4178 3231 4218 me
3275 4157 3457 4233 propi-

148 4253 259 4336 καὶ
300 4252 457 4325 ῥοπῇ
488 4252 554 4323 τῇ
584 4250 724 4322 πρὸς
764 4249 833 4304 τὰ
866 4248 1030 4336 καλὰ⁵
1053 4250 1163 4304 τῶν
1218 4252 1398 4304 ὲκεῖσε
1434 4250 1752 4316 ἀπαλλάξειε

1876 4254 1964 4310 tiis
1997 4253 2173 4309 oculis
2201 4252 2522 4323 aspiciente,
2568 4252 2789 4317 liberer,
2845 4253 3232 4321 (‘onsorlinqtte
3290 4255 3457 4322 patris

147 4329 578 4417 κολαστηρίων,
612 4344 705 4398 τὸν
736 4342 845 4399 τῶν
886 4329 1077 4397 παθῶν
1107 4343 1301 4413 ἑσμὸν,
1328 4341 1388 4397 ὃν
1417 4344 1752 4415 περίκειμαι

1873 4360 1927 4403 et
1957 4347 2142 4403 fratris
2170 4347 2341 4414 fruar,
2381 4346 2508 4401 licet
2537 4361 2643 4400 non
2677 4362 2738 4402 ea
2765 4348 3021 4415 puritate,
3051 4361 3156 4416 qua
3184 4347 3305 4416 ipsi,
3328 4350 3455 4402 sim.

146 4441 510 4515 παριδοῦσα.
549 4436 802 4510 Ζήσομαι
830 4431 1038 4503 τοίνυν,
1069 4436 1176 4500 ἕως
1206 4437 1273 4491 ἂν
1301 4430 1394 4508 ἐξῇ
1429 4434 1559 4507 ζῇν,
1588 4438 1752 4511 ἀλγῶπ

1872 4438 2012 4511 Opto
2041 4454 2170 4495 vero
2200 4438 2400 4493 Christi
2427 4438 2691 4509 gratiam.l
2714 4447 2771 4491 nt
2804 4454 2865 4492 ea
2898 4452 3005 4501 tne,
3039 4439 3355 4507 paenitentia
3389 4441 3456 4493 ad

146 4539 253 4592 καὶ
311 4534 585 4606 δακρύων
638 4534 689 4586 εί
744 4530 819 4604 μή
860 4549 913 4585 τι
937 4530 1305 4603 χρηστότερον
1336 4529 1397 4594 ἐξ
1429 4531 1752 4585 ἀνελπίστωε

1874 4532 2049 4586 bonas
2073 4530 2324 4586 actiones
2357 4530 2813 4600 propendentem,
2877 4528 3181 4583 inferorum
3248 4533 3458 4585 crucia-

146 4600 488 4702 ἀναφανείη
515 4625 698 4692 ποθὲν,
727 4600 898 4697 τιμὴν
931 4600 1155 4679 ἀπασαν
1188 4600 1473 4692 τιθέμενος
1519 4621 1649 4693 παρ’
1678 4622 1752 4675 ού-

1877 4624 2078 4680 mentis
2109 4622 2324 4689 liberet,
2347 4637 2454 4677 non
2494 4622 2681 4676 habito
2704 4637 2993 4691 pravorum
3064 4623 3357 4678 allectumn
3405 4634 3460 4679 et

144 4728 245 4781 δὶν
280 4724 409 4779 τῶν
452 4724 557 4778 οὑκ
606 4722 694 4791 ἐφ’
742 4722 876 4794 ἡμῖν
908 4716 1095 4785 οὖσαν,
1128 4721 1223 4775 καὶ
1267 4719 1424 4773 οὐδὲν
1471 4721 1610 4790 πρὸς
1646 4719 1752 4789 ἐμέ

1880 4724 2249 4786 peccatorum,
2289 4731 2525 4787 quorum
2581 4716 2836 4770 satellitio
2887 4719 3123 4786 stipatus
3175 4731 3321 4780 sum,
3370 4731 3460 4772 re-

142 4820 258 4876 κάν
277 4833 445 4880 τινες
470 4813 735 4870 τάναντία
756 4813 1101 4885 ψηφίζοιντο,
1122 4809 1304 4881 κάμοῦ
1337 4810 1585 4880 μέλλοιεν
1611 4810 1741 4878 ἐσχά

1878 4817 2089 4879 spectu.
2124 4807 2316 4864 Vivam
2346 4809 2528 4880 igitur,
2560 4809 2741 4879 quom]
2798 4808 2979 4865 vivere
3023 4813 3368 4877 concedetur,
3405 4811 3460 4865 in

142 4928 256 4983 την
296 4906 759 4976 καταγινώσκειν
795 4903 1155 4975 ἀϐελτηρίαν,
1204 4900 1362 4955 τοῦτό
1395 4917 1461 4971 γε
1498 4901 1682 4965 αὐτοῖς
1707 4903 1752 4954 ot

1879 4902 2072 4979 dolore
2121 4910 2177 4957 et
2220 4902 2499 4970 lacrymis,
2566 4904 2669 4957 nisi
2718 4901 2848 4971 quid
2904 4903 3181 4973 insperato
3220 4890 3462 4958 melioris

143 5005 529 5078 συνᾴδοντας.

1879 4997 2110 5053 fortuna:
2131 4996 2382 5053 alicunde
2412 5011 2497 5050 me
2532 4999 2831 5063 respexerit
2861 5012 2876 5049 :
2909 5010 3126 5076 omnem
3164 4997 3329 5065 hujus
3360 5012 3464 5050 sae-

143 5071 582 5156 culi-honorem
620 5110 717 5168 pro
739 5095 910 5151 nihilo
951 5102 1173 5165 putans,
1201 5106 1326 5147 cum
1358 5092 1404 5148 is
1430 5105 1541 5147 non
1596 5090 1668 5145 sit
1712 5090 1766 5144 in
1845 5099 2119 5161 potestate
2144 5100 2352 5157 nostra,
2422 5105 2520 5144 nec
2581 5089 2648 5142 ad
2717 5103 2802 5143 me
2849 5071 3076 5144 attineat
3135 5089 3459 5159 quidquam,

141 5192 437 5271 quamvis
462 5190 632 5259 aliqui
670 5191 724 5245 in
758 5189 1030 5245 contraria
1058 5187 1169 5245 sint
1198 5188 1493 5253 sententia,
1553 5186 1785 5255 ideoque
1821 5201 1928 5253 me,
1966 5186 2183 5256 quodin
2216 5185 2320 5239 hoc
2353 5185 2484 5254 ipsis
2546 5200 2652 5239 non
2694 5184 2982 5251 assentiar,
3047 5172 3301 5242 extremae
3367 5186 3464 5242 dc-

143 5289 392 5349 mentitn
436 5272 663 5342 nomine
684 5284 1125 5341 cendemnaturi.
