3974 6334
3251 396 3788 436 3m

519 405 610 446 Ε-
667 436 1025 446 νο-ο--υ--φο-οο-ο-

883 435 1100 446 ’φο-’σ-μ-η--
1111 431 1464 442 'm
1474 431 1894 441 _—~—~
1955 430 2342 440 vm.~-

1025 530 1932 799 MARCUS
2043 527 3288 798 EUGENICUS

1691 962 2032 1021 EPIIESIUS
2086 963 2606 1020 METROPOLITA.

667 437 875 445 v_v-.--

906 1284 1424 1390 ΝΟἹῚΊῚᾹ
1542 1245 2208 1387 Htsroatca
2318 1299 2423 1385 ET

1817 1245 2208 1387 'oatca
2318 1297 2468 1385 ET
2595 1227 3386 1384 LITTERARIIA.

1526 1487 1743 1548 (Fabric.
1765 1485 2001 1539 Bibliotb.
2029 1487 2117 1539 Gr.
2149 1487 2228 1538 ed.
2279 1485 2478 1547 llarles,
2513 1488 2634 1535 tom.
2671 1485 2761 1548 X.)

578 1793 795 1849 Marcus
825 1792 1159 1863 Eugenieus,
1198 1791 1394 1864 Ephesi
1433 1794 1801 1865 metropolita,
1832 1794 2152 1850 Latinorum
2190 1795 2242 1850 in
2277 1795 2534 1859 concilio,
2586 1794 2672 1848 cui
2727 1810 2832 1848 non
2882 1791 3234 1863 subscripsit,
3264 1791 3617 1859 Florentino,
3654 1807 3795 1847 anno

509 1883 668 1946 I459.
707 1895 871 1952 atque
905 1884 1166 1955 deinceps
1197 1885 1263 1938 ad
1310 1885 1519 1938 obitum
1543 1874 1732 1953 usque
1767 1885 2127 1941 adversarius
2159 1887 2486 1950 acerrimus,
2519 1886 2872 1953 unionisque,
2909 1897 3072 1952 quam
3133 1897 3258 1936 cum
3315 1881 3424 1936 illis
3459 1895 3796 1950 componere

505 1969 744 2026 Joannes
776 1972 1114 2041 Palzeologus
1151 1973 1279 2042 imp.
1319 1973 1665 2036 instituebat,
1707 1987 1906 2042 magna
1945 1986 2204 2037 remora;
2241 1989 2416 2030 novus
2470 1973 2591 2028 ideo
2640 1972 2871 2026 I‘hotins
2905 1973 3086 2026 dictus
3125 1969 3348 2023 Iloratio
3374 1967 3700 2023 Iustiniano
3739 1968 3791 2021 in

505 2061 659 2121 Actis
689 2059 910 2114 concilii
943 2058 1089 2115 Flor.
1114 2077 1128 2126 ;
1158 2060 1298 2115 idem
1335 2075 1480 2115 anno
1512 2057 1669 2121 Ib”,
1703 2060 1863 2114 morti
1897 2059 2142 2128 vicinus,
2168 2059 2400 2132 Georgio
2437 2060 2724 2116 Scholario
2757 2058 2958 2114 tuenda
3002 2058 3206 2114 Greca:
3241 2056 3504 2112 Ecclesia:
3537 2059 3792 2127 dogmata

508 2161 561 2202 et
588 2149 844 2204 unionem
876 2147 1185 2220 fugiendam
1215 2148 1553 2218 gravissimis
1606 2148 1784 2202 verbis
1816 2147 2223 2204 commendavit
2268 2167 2284 2204 :
2328 2150 2597 2221 Georgius
2650 2149 2841 2212 etiam,
2871 2149 3001 2214 Deo,
3037 2148 3244 2215 angelis
3297 2157 3350 2200 et
3382 2147 3708 2202 hominibus
3741 2146 3790 2198 in

508 2237 882 2292 testimonium
912 2236 1217 2300 advocatis,
1250 2237 1350 2290 hoc
1400 2250 1458 2289 se
1516 2234 1934 2291 observaturum
1993 2245 2183 2290 sancte
2227 2237 2457 2304 juravit,
2519 2235 2945 2305 observavitque
2997 2234 3194 2290 deinde
3243 2233 3703 2301 diligentissime,
3739 2239 3791 2284 et

506 2325 749 2380 Marcum
812 2326 1104 2409 doctareul
1131 2339 1289 2409 suum
1354 2324 1674 2379 defunctum
1722 2338 1820 2390 pro
1878 2323 2077 2405 funere3
2126 2323 2394 2378 laudarit.
2445 2322 2660 2393 Scripta
2713 2324 2831 2392 ejus
2890 2332 3286 2392 oppugnarunt
3350 2319 3528 2376 Grzeci
3580 2320 3792 2374 λατινῦ-

503 2431 701 2484 φρονες
742 2412 1014 2484 Iosephus
1064 2400 1464 2476 ﬁethonensis.
1497 2412 1795 2482 Gregorius
1829 2400 2294 2468 hieronionachus
2327 2414 2790 2482 protosyncellus,
2824 2410 3074 2466 Bessario
3105 2419 3156 2465 et
3187 2410 3282 2480 qui
3309 2408 3503 2464 Latine
3533 2409 3789 2479 scripsit,

503 2504 749 2559 Andreas
775 2504 1144 2559 Colossensis.
1178 2502 1312 2568 Ejus
1337 2505 1539 2570 scripta
1571 2503 1688 2560 lttrc
1723 2501 1855 2556 mihi
1885 2501 2177 2560 innotuere
2216 2518 2229 2555 :

496 2644 500 2650 .
539 2639 542 2643 ν
579 2595 626 2647 1.
658 2593 896 2662 Epistola
939 2595 1008 2646 σει
1067 2592 1327 2646 Joannem
1384 2588 1772 2660 PaleIOgum,
1830 2591 2024 2658 incipit
2061 2608 2065 2645 ε

2220 2589 2296 2642 νόν
2323 2587 2600 2654 τοι-τοῦτο
2655 2588 2870 2656 μικρόν.
2929 2586 3144 2643 Citatur
3194 2587 3264 2641 ab
3306 2585 3508 2641 Allalio
3569 2585 3641 2646 de
3695 2599 3789 2656 sy-

506 2682 650 2735 nodo
677 2697 791 2745 rtn,
824 2697 944 2751 pag.
1001 2680 1125 2736 5I5.
1166 2678 1340 2734 Ἐλιέα.
1378 2679 1614 2749 Μοεᾳυαε
1649 2681 1700 2733 in
1754 2679 1878 2734 cod.
1918 2692 2075 2749 synoc

2217 2678 2287 2743 Π),
2343 2676 2410 2730 ad
2445 2673 2645 2728 Joann.
2696 2673 3081 2742 I’alzeologum,
3139 2675 3506 2744 ἀπορήσαντα
3545 2675 3658 2747 πρὸ
3691 2673 3786 2728 rei

505 2770 828 2841 λατινισμοῦ
852 2787 865 2801 ο
903 2772 1011 2825 inc.
1032 2772 1126 2836 ,Σὺ
1167 2770 1286 2838 μὲν,
1321 2763 1365 2821 ὦ
1397 2769 1642 2823 (isititate
1667 2767 1888 2839 βασιλεῦ
1911 2782 1924 2797 ·
1964 2799 2034 2809 —
2065 2784 2074 2822 t

2227 2774 2314 2820 tur
2347 2763 2592 2834 ejusdem
2637 2763 2931 2832 explicatio
2985 2767 3086 2833 τῆς
3129 2763 3613 2832 ὲκκλησιαστικῆς
3659 2764 3790 2817 ἁκο-

505 2858 728 2920 λουθίις
751 2874 764 2889 ·
799 2859 922 2912 init.
951 2858 1101 2912 Ἔδει
1137 2859 1234 2926 μὲν
1259 2856 1400 2911 κατὰ
1429 2857 1528 2926 τὴν
1555 2855 1908 2910 κελεύουσαν.
1940 2854 2004 2909 ν.
2036 2853 2074 2907 Μ

2213 2856 2271 2907 sei
2301 2851 2468 2908 Notit.
2515 2850 2676 2906 codd.
2713 2849 2808 2905 Gr.
2846 2848 3025 2920 Mosq.
3079 2866 3133 2920 p.
3167 2851 3296 2915 2-59,
3329 2868 3383 2905 n.
3419 2853 3472 2915 I,
3512 2853 3568 2917 Ξ,
3605 2851 3782 2906 Paris.

506 2949 559 3002 in
587 2948 721 3002 bibl.
758 2948 908 3017 publ.
943 2962 1134 3002 novem
1164 2947 1324 3002 codd.
1354 2955 1573 3002 exstant
1597 2945 1763 3001 Marci
1791 2944 2050 3017 Eugenici
2093 2941 2368 3011 Epistolae.
2417 2939 2478 2994 V.
2516 2939 2687 3010 Indic.
2724 2941 2787 2994 ad
2857 2941 2965 2996 vol.
3003 2940 3043 2994 II
3075 2941 3195 2994 Cat.
3222 2957 3356 2996 mss.
3389 2940 3572 2995 Paris.
3612 2941 3784 3012 Regg.

507 3035 864 3103 Singulorum
920 3036 1066 3090 enim
1096 3033 1260 3089 codd.
1321 3035 1778 3088 commemoratio
1811 3035 2039 3087 molesta
2099 3028 2601 3086 foret.-—-Addam
2656 3028 3023 3099 quorumdam
3077 3029 3314 3083 aliorum
3374 3031 3598 3100 Ephesii
3653 3032 3787 3087 libr.

478 3112 690 3199 lminus
719 3123 956 3178 dilucide
999 3123 1361 3176 indicaturum
1407 3120 1667 3175 Notitiam
1705 3138 1718 3175 :
1751 3121 1997 3176 Venetiis
2061 3120 2114 3174 in
2173 3118 2307 3174 bibl.
2356 3117 2649 3172 Justinian.
2684 3116 2850 3171 Marci
2907 3116 3168 3186 Ephesini
3223 3131 3386 3186 opera
3434 3120 3614 3184 varia,
3649 3130 3788 3176 teste

502 3212 800 3267 Montfauc.
834 3211 976 3264 Bibl.
1016 3209 1260 3264 biblioth.
1287 3225 1417 3266 nm.
1459 3223 1512 3271 ο.
1545 3208 1650 3263 485
1688 3207 1754 3263 D.
1785 3238 1854 3248 --
1886 3207 2022 3263 Ibid.
2058 3225 2111 3279 p.
2171 3208 2278 3262 77'2
2333 3207 2396 3261 Ε.
2435 3207 2614 3260 Paris.
2648 3207 2701 3258 in
2739 3204 2862 3259 cod.
2917 3204 3140 3259 cardiu.
3184 3204 3488 3276 Radulphi,
3527 3208 3784 3276 quaedam

500 3302 663 3356 Marci
688 3300 929 3372 Ephesii.
960 3330 1031 3340 ——
1060 3299 1195 3354 Ibid.
1232 3314 1287 3368 p.
1322 3297 1459 3352 I326
1482 3297 1550 3353 D.
1582 3297 1634 3351 in
1669 3298 1802 3352 bibl.
1832 3297 1900 3352 de
1929 3298 2129 3352 Mesme
2155 3296 2376 3368 Ephesii
2405 3295 2634 3350 scholia.
2660 3322 2728 3331 -ο
2754 3292 2991 3361 Mosqua:
3021 3294 3071 3346 in
3106 3294 3225 3347 cod.
3254 3293 3449 3364 synod.
3487 3295 3596 3356 555
3631 3313 3686 3351 n.
3715 3297 3738 3350 1
3766 3313 3784 3364 ;

497 3391 675 3461 ejusd.
712 3390 959 3453 Διάλεξις
1003 3390 1140 3467 per?
1174 3387 1283 3440 τῶν
1314 3386 1604 3458 πρέσϐεων
1633 3386 1728 3440 τοῦ
1783 3386 1943 3439 mina.
1967 3403 1978 3416 '
2014 3402 2066 3441 ea

2216 3387 2414 3440 initio:
2443 3394 2496 3439 et
2531 3401 2584 3437 n.
2623 3383 2713 3456 12,
2745 3383 2961 3453 sylloge'
3001 3382 3256 3452 χρήσεων
3287 3384 3586 3453 γραφικῶν
3623 3402 3785 3452 γεγο.

497 3479 810 3549 νυίαπαρὰ
858 3478 952 3532 τοῦ
992 3477 1242 3546 Ἐφέσου,
1280 3478 1345 3530 de
1400 3475 1753 3545 processione
1801 3473 2066 3544 Spiritus'

2339 3489 2404 3529 ex
2458 3473 2574 3528 solo
2638 3470 2824 3526 Patre.
2895 3471 3013 3526 Inc.
3061 3471 3284 3541 Ἐπειδὴ
3355 3474 3498 3540 μετὰ
3550 3474 3654 3544 τῆς
3684 3473 3786 3528 τοῦ
3843 3509 3847 3522 ι

497 3570 736 3636 κόσμου’
779 3567 838 3620 V.
873 3564 1122 3620 Matthxi
1154 3565 1189 3618 Ι.
1224 3579 1274 3618 c.
1311 3580 1364 3634 p.
1387 3562 1494 3618 254
1517 3571 1566 3617 et
1598 3563 1724 3617 9.35.
1759 3561 1931 3616 IIaaL.

565 3656 620 3710 ‘2.
653 3654 932 3712 Orationes
964 3658 1081 3708 duce
1111 3653 1170 3706 άι
1189 3653 1526 3722 purgatorio,
1560 3651 1826 3706 Ferrariae
1853 3651 2069 3718 scriptae
2091 3659 2143 3705 et
2168 3653 2349 3706 adhuc
2377 3651 2614 3706 ineditaa.
2634 3649 2770 3707 Vide
2796 3650 3080 3710 Allatium.
3107 3649 3187 3704 De
3210 3653 3542 3722 purgatorio,
3570 3665 3629 3722 p.
3651 3651 3783 3717 2U,

495 3753 548 3797 ct
581 3742 738 3800 Rich.
772 3743 1077 3806 Simonem,
1111 3749 1242 3797 tom.
1278 3738 1343 3792 IV
1379 3738 1524 3794 Bibl.
1557 3741 1778 3805 criticaz,
1841 3756 1962 3810 pag.
1995 3740 2088 3794 9.5.
2125 3730 2294 3804 Infra,
2331 3757 2386 3796 n.
2430 3741 2515 3795 I6.
2553 3739 2721 3794 Fann.
2770 3739 3064 3794 Mediolani
3101 3740 3154 3793 in
3188 3740 3329 3795 bibl.
3360 3741 3624 3796 Ambros.
3661 3735 3786 3812 qua:

497 3843 628 3888 sunt
662 3847 789 3903 Opp.
817 3831 995 3902 ejusd.
1033 3831 1107 3884 ita
1143 3844 1171 3885 a
1220 3828 1520 3884 Montfanc.
1557 3828 1610 3884 in
1669 3828 1809 3883 Bibl.
1859 3829 2100 3885 biblioth.
2153 3848 2282 3885 mss.
2337 3846 2388 3899 p.
2425 3830 2518 3884 501
2560 3829 2626 3894 D,
2688 3838 3065 3883 memorantur
3104 3847 3118 3885 :
3151 3829 3320 3884 Marci
3369 3830 3784 3902 archiepiscopi

502 3918 782 3992 liphesini,
817 3919 952 3973 alias
976 3918 1235 3972 monachi
1267 3927 1321 3972 et
1383 3918 1597 3973 abbatis
1655 3919 2098 3990 congregationis
2153 3920 2496 3974 Cassincnsis
2531 3919 2587 3973 S.
2617 3916 2847 3974 Iustina:
2900 3919 2969 3973 de
3010 3918 3218 3982 Padua,
3279 3933 3466 3988 opera,
3500 3919 3536 3973 i.
3565 3934 3618 3974 e.
3657 3935 3788 3976 ora.

500 4010 575 4060 tio
611 4008 791 4062 habita
817 4007 884 4061 de
926 4009 1245 4078 purgatorio
1300 4009 1351 4061 in
1407 4005 1653 4076 synodo;
1687 4035 1756 4044 ——
1785 4003 2093 4074 Responsio
2146 4009 2210 4062 ad
2268 4009 2580 4078 propositas
2625 4008 3038 4081 dubitationes;
3069 4039 3139 4048 —
3167 4006 3456 4063 Confessio
3507 4008 3664 4066 edita
3727 4012 3782 4063 in

498 4095 732 4150 concilio
761 4094 1125 4162 Florentino;
1156 4123 1222 4134 —
1249 4092 1441 4164 Capita
1471 4093 1719 4161 quamam
1758 4105 1948 4146 contra
1989 4093 2256 4160 Latinos;
2289 4123 2356 4134 —
2395 4093 2662 4164 Apologia
2715 4092 2886 4156 dicta,
2922 4093 2978 4146 in
3025 4093 3144 4163 ejus
3189 4104 3394 4161 morte;
3425 4123 3497 4136 -—
3530 4093 3780 4164 Epistula

440 4243 446 4248 _
497 4185 561 4239 ad
603 4183 986 4251 Seholaritnn;
1017 4213 1088 4223 —-
1119 4183 1429 4254 Responsio
1461 4182 1526 4236 ad
1559 4182 1822 4252 quasdam
1858 4183 2270 4246 dubitationes;
2308 4211 2369 4222 --
2403 4183 2660 4238 Canones
2692 4181 3092 4248 astronomici;
3131 4210 3196 4222 ——
3238 4171 3440 4252 opusc.
3477 4186 3542 4239 de
3570 4198 3784 4240 conse~

489 4277 738 4335 cratioue
777 4272 1339 4328 altarium.-’-—Marei
1395 4271 1651 4342 Eugenici
1707 4272 2110 4340 spvcnlationcs
2168 4271 2224 4323 in
2292 4287 2582 4325 numerum
2638 4273 2972 4326 talentorum
3023 4263 3082 4325 et
3142 4273 3431 4341 parabolas
3486 4271 3780 4342 Evangelii

496 4360 661 4433 (conf.
688 4362 752 4417 ad
779 4377 834 4416 n.
869 4363 945 4432 7).
977 4391 1047 4402 -—-
1081 4359 1345 4416 Parimin
1377 4360 1508 4414 bibl.
1545 4359 1693 4429 publ.
1731 4360 1852 4414 eod.
1894 4360 2052 4426 1218,
2088 4361 2439 4415 continentur
2470 4361 2651 4428 plura,
2685 4377 2808 4431 quae
2869 4360 2976 4415 huc
3013 4362 3313 4431 pertinent,
3355 4375 3545 4431 opera,
3589 4362 3784 4416 brevi-

497 4456 624 4505 tatis
650 4452 834 4506 studio
880 4451 1043 4507 simul
1094 4451 1449 4510 memoranda
1486 4466 1498 4502 :
1534 4450 1682 4511 scil.,
1740 4465 1794 4502 u.
1831 4450 1882 4514 1,
1909 4448 2177 4521 Anonymi
2233 4450 2410 4504 oratio
2448 4449 2693 4504 funebris
2733 4450 2785 4503 in
2844 4449 3060 4504 Iaudem
3096 4448 3266 4532 Marci
3298 4449 3579 4519 Eugenici.
3613 4481 3691 4490 —
3722 4450 3779 4520 2)

497 4539 672 4611 llujus
697 4539 933 4595 lIomilia
965 4542 1140 4611 prima
1167 4540 1233 4594 de
1267 4538 1611 4612 purgatorio,
1650 4536 1918 4592 Ferrarice
1945 4539 2127 4593 habita
2163 4554 2349 4594 coram
2381 4556 2598 4595 summo
2630 4540 2912 4610 pontifice,
2941 4540 3319 4596 cardinalibus
3357 4550 3411 4594 et
3437 4539 3558 4594 aliis
3580 4540 3780 4598 Eccle-

497 4630 589 4683 siae
620 4627 742 4683 Lat.
781 4626 1269 4699 Doetoribus.-Inc.
1313 4624 1534 4695 Ἐπειδὴ
1567 4626 1706 4698 μετὰ
1759 4625 2005 4695 ἀγάπης.
2040 4657 2066 4667 -

2225 4629 2415 4695 Ejusd.
2475 4627 2709 4683 Homilia
2765 4629 3007 4683 secunda
3041 4627 3107 4684 de
3161 4629 3351 4684 eodem
3377 4623 3789 4700 argumentor

498 4719 609 4773 Inc.
645 4716 854 4785 Πολλῆς
888 4718 989 4788 μὲν
1011 4715 1086 4780 ὡς
1111 4715 1348 4786 ἀληθῶς.
1383 4714 1690 4791 —-'4LEjus
1737 4715 2027 4783 reaponsio
2060 4731 2067 4768 ι

2212 4719 2516 4787 ijcctiones,
2550 4719 2752 4787 quibus
2786 4734 2885 4773 sua
2919 4718 2988 4774 de
3020 4719 3149 4791 igne
3192 4720 3512 4790 purgatorio
3544 4729 3781 4776 senten-

497 4810 592 4874 tia,
623 4822 746 4860 cum
779 4823 808 4860 a
842 4805 1213 4861 cardiualibus
1247 4815 1359 4857 tum
1387 4801 1745 4859 abECclesiat
1793 4802 1910 4856 Lat.
1944 4801 2066 4858 theo

2208 4827 2213 4856 ;
2257 4815 2569 4876 Oppugnata
2605 4808 2784 4861 fuerat
2817 4827 2830 4860 :
2862 4807 2975 4863 inc.
3026 4808 3253 4877 Ἐπειδὴ
3294 4809 3669 4877 σαφέστερον.
3707 4839 3777 4851 -

498 4897 559 4951 Ν.
593 4897 626 4952 9
650 4906 733 4952 est
762 4896 988 4952 secund.
1017 4895 1265 4953 ordinem
1320 4893 1538 4950 Fabric.
1573 4910 1629 4951 n.
1667 4895 1752 4949 15.
1781 4893 1944 4962 -Ν,
1974 4893 2058 4958 10,

2212 4895 2244 4948 d
2268 4893 2494 4977 Fabric.
2525 4897 2689 4950 etiam
2742 4914 2797 4951 n.
2835 4896 2924 4950 10.
2960 4925 3031 4935 —
3058 4893 3122 4950 N.
3170 4895 3256 4975 11,
3295 4895 3614 4952 Solutiones
3665 4899 3775 4953 dn-

497 4988 711 5041 biorum
743 4983 1129 5055 quorumdam,
1167 4983 1263 5053 ipsi
1299 4983 1704 5053 propositorum
1739 5001 1752 5038 :
1788 4986 1910 5039 init.
1945 4984 2007 5038 '0
2062 4999 2066 5026 ι

2234 4973 2425 5054 σχῆμα.
2465 4985 2564 5037 οὐκ
2601 4986 2737 5055 ἔχει.
2782 4981 2853 5027 ’-
2884 4985 2971 5038 12.
3010 4987 3084 5040 De
3139 4973 3416 5041 additione
3466 4999 3495 5038 a
3556 4985 3776 5041 Latinis

496 5074 1182 5146 Symboloinserta:acc.
1216 5071 1282 5126 ad
1342 5072 1641 5142 marginem
1699 5074 1908 5126 scholia
1966 5088 2065 5142 ann

2220 5091 2325 5128 ma.
2363 5076 2476 5130 Inc.
2537 5074 2835 5145 Θαυμάζω,
2885 5075 3004 5138 πῶς
3048 5075 3181 5144 ἡμῖν
3208 5076 3283 5144 (ν.
3320 5075 3388 5130 ad
3418 5090 3478 5132 n.
3517 5075 3552 5130 5
3606 5087 3777 5132 nota-

493 5165 654 5234 tum).
683 5193 752 5201 —
780 5162 845 5218 Ν.
876 5162 966 5225 26,
990 5162 1057 5216 27
1081 5173 1132 5215 et
1159 5161 1248 5227 28,
1283 5161 1524 5216 citantur
1548 5162 1614 5216 ad
1651 5159 1929 5227 Fabricio,
1969 5180 2023 5217 n.
2057 5166 2108 5229 7;
2140 5165 2171 5219 5
2203 5176 2256 5218 et
2294 5167 2376 5220 11.
2408 5196 2476 5206 --
2509 5165 2648 5221 Ibid.
2688 5167 2741 5220 in
2773 5166 2896 5220 cod.
2934 5165 3100 5229 1261,
3135 5182 3188 5218 n.
3232 5165 3284 5219 1.
3317 5164 3630 5236 Responsio
3659 5169 3742 5221 du
3764 5197 3777 5208 -

492 5254 712 5322 plcx'de
745 5253 866 5321 igne
899 5251 1235 5320 purgatorio.
1265 5281 1334 5290 —
1361 5249 1419 5305 In
1455 5251 1578 5306 cod.
1613 5251 1774 5318 1286,
1816 5269 1870 5306 n.
1906 5254 1958 5317 1,
1983 5265 2068 5307 est
2119 5253 2262 5324 apud
2296 5252 2514 5307 Fabric.
2547 5240 2600 5308 πί.
2631 5253 2686 5306 7.
2719 5282 2788 5292 —-
2823 5253 2883 5308 Ν.
2917 5252 2969 5316 8,
3030 5251 3192 5306 Marci
3231 5253 3512 5324 Ephesini,
3536 5251 3776 5337 Iuliani,

405 5379 408 5382 ~
489 5347 722 5402 Andreas
745 5343 966 5410 Rhodii,
999 5343 1342 5400 Bessarionis
1373 5353 1426 5400 et
1453 5345 1686 5400 aliorum
1728 5348 1996 5417 Disputat.
2034 5349 2233 5404 habitae
2288 5350 2341 5402 in
2397 5349 2632 5404 concilio
2677 5346 3020 5403 Florentino.
3051 5379 3117 5386 —
3148 5347 3211 5401 Ν.
3254 5348 3340 5415 10,
3371 5350 3514 5418 apud
3545 5347 3775 5404 Fabric.

486 5449 566 5492 est
605 5452 663 5490 n.
697 5433 750 5490 6.
778 5432 934 5489 -Ν,
977 5434 1062 5502 12,
1098 5432 1248 5504 Opus
1298 5437 1567 5492 adversus
1626 5436 1875 5494 Latinos.
1921 5439 2010 5493 ubi
2067 5439 2133 5492 de
2165 5437 2420 5508 ‘Spiritus
2452 5438 2629 5492 sancti
2665 5440 3042 5506 processione,
3073 5437 3139 5490 de
3182 5437 3415 5506 azymis,
3447 5438 3512 5491 de
3539 5424 3778 5492 Satibati

481 5527 719 5598 jejunio,
748 5518 816 5581 de
842 5525 964 5594 igne
1025 5525 1358 5594 purgator-io,
1410 5529 1476 5584 de
1504 5520 1788 5594 beatitate,
1828 5530 1894 5583 de
1929 5529 2189 5597 baptismi
2227 5529 2404 5581 verbis
2457 5537 2510 5581 ct
2538 5528 2744 5596 nuptiis
2780 5523 3147 5591 sacerdotum,
3203 5525 3272 5580 de
3323 5537 3534 5595 quarta
3568 5526 3679 5580 diei
3723 5535 3778 5583 ιι

485 5605 1084 5685 Parascevcsjéjuniis,
1128 5613 1276 5669 etde
1316 5613 1489 5670 tribns
1515 5617 1977 5689 quadragesimis.
2005 5621 2054 5670 I.

2206 5619 2484 5687 αρὰκλητε
2516 5617 2709 5685 Κύριε.
2737 5647 2808 5655 ——
2834 5615 2895 5668 Ν.
2938 5617 3023 5680 19,
3078 5633 3125 5667 v.
3166 5616 3329 5689 infra,
3364 5630 3420 5668 η.
3473 5613 3567 5678 28,
3599 5631 3655 5669 n.
3696 5616 3772 5673 20

482 5705 612 5769 ριὲ,
644 5714 773 5759 sunt
954 5675 1176 5774 Fabric.
1225 5721 1279 5759 n.
1319 5705 1404 5758 16.
1432 5675 1660 5784 -11›ὶύ.
1697 5675 1760 5760 ἱιῖ
1796 5711 1918 5762 cod.
1959 5707 2118 5771 13:27,,
2163 5724 2218 5761 n.
2248 5675 2338 5768 iii.
2378 5675 2546 5775 Epist.
2603 5675 2882 5776 encyclica
2932 5675 3254 5775 de'syno‘do
3289 5675 3615 5759 Florentina
3656 5720 3776 5761 non

483 5797 834 5891 suscipienda
869 5795 1082 5854 (forsan
1123 5813 1178 5852 n.
1222 5795 1444 5860 5,-apnd
1472 5796 1832 5862 Fabriclnzn).
1881 5829 1945 5838 -—-
1982 5796 2044 5851 Ν.
2084 5785 2184 5860 5ἳῖ
2221 5796 2460 5860 Epistola
2488 5795 2554 5851 ad
2589 5793 2886 5859 Georgium
2917 5793 3265 5851 Scholariutn
3303 5803 3502 5850 contra
3542 5796 3686 5850 ritus
3717 5805 3775 5851 et
