3974 6334
135 339 266 397 1013
987 382 1023 405 ,-
1127 336 1447 400 MARCUS
1479 336 1704 401 EPIIEE

1832 336 2371 401 S.—NOTIT1A.
2458 299 2461 301 ί
2643 302 2651 309 ’
3264 329 3401 399 1074

130 449 392 506 sacriticia
423 448 685 507 Romanae
713 452 1092 510 Ecclesi:c.'—
1130 455 1193 512 N.
1225 458 1313 522 55,
1341 457 1408 512 ad
1445 455 1983 525 eurndcm.Epistola
2044 459 2429 529 gratulatoria,
2459 458 2603 530 quod
2657 473 2686 513 a
2734 455 2949 513 Latinis
2979 453 3290 512 desciverit.
3332 488 3404 499 ..-

130 536 189 590 N.
222 538 310 599 54,
344 549 429 593 cst
452 555 540 609 ap.
578 537 797 598 Fabric.
836 559 891 598 ιι.
932 544 1018 599 17.
1060 576 1130 586 -—
1170 544 1235 600 Ν.
1267 546 1359 613 55,
1389 545 1453 600 ad
1488 545 1699 600 Latino:

1832 544 2052 614 Sponsio
2088 546 2153 601 de
2196 546 2317 616 igne
2356 548 2693 618 purgatorio.
2722 577 2786 591 —-
2816 545 2957 601 Ibid.
2993 544 3047 598 in
3078 534 3205 598 eod.
3244 541 3401 606 1572,

130 643 180 705 n.
218 628 273 691 5,
300 626 466 683 Marci
500 629 789 710 Eugenici,
823 636 915 704 qui
950 636 1187 691 concilio
1238 634 1563 693 Florentino
1619 634 1896 697 interfuit,
1949 648 2111 710 opus,
2151 636 2218 688 de
2275 634 2400 703 igne
2434 636 2792 707 .purgatorio.
2829 635 3101 690 adversus
3150 631 3403 695 Latinos,

129 715 431 784 ineditum;
487 734 540 771 n.
576 721 631 783 4,
661 708 966 791 Expositio,
1002 724 1144 794 apu'i
1176 723 1398 780 Fabric.
1425 741 1479 779 ιι.
1513 725 1600 780 14.
1651 756 1698 769 ο-

1834 722 1883 778 11.
1920 721 1975 777 in
2014 708 2141 778 cod.
2187 717 2372 786 1589,
2399 738 2455 776 ιι.
2485 723 2540 777 2.
2576 722 2730 779 Orat.
2771 723 2891 788 dure
2936 723 3003 778 de
3039 722 3167 792 igne
3198 734 3403 790 purga-

129 806 287 866 torio,
314 805 540 873 eaedem,
571 822 690 874 qure
725 826 778 865 ιι.
814 810 902 881 16,
932 827 1020 883 ap.
1050 811 1213 868 Fabr.
1241 830 1256 878 ;
1289 821 1343 867 ct
1393 829 1452 869 ιι.
1485 812 1540 878 5,
1586 811 1868 882 Expositio
1900 811 1954 867 in
2016 825 2238 867 sacram
2274 809 2605 882 Liturgiam.
2634 838 2704 851 -——
2742 811 2799 865 In
2852 812 2975 866 cod.
3008 809 3237 866 Coislio.
3272 806 3402 872 289,

131 890 359 947 llomilia
395 894 541 950 dicta
576 894 840 955 Ferrarius
868 902 931 956 ad
967 894 1277 959 cardinales
1317 912 1371 959 et
1422 902 1664 971 reliquos
1699 904 1700 955 ζ

1834 916 2022 956 norum
2056 900 2311 956 doctares
2349 900 2481 970 napi.
2521 897 2617 952 τοῦ
2648 898 3015 977 δοξαζομένου
3050 898 3184 968 παρ’
3216 898 3403 970 αὐτοῖς

128 980 425 1050 καθαρσίου
469 985 655 1065 πυρός.
710 990 979 1060 (estapud
1010 989 1171 1046 Fabr.
1205 1008 1260 1047 ιι.
1300 990 1385 1057 16,
1414 990 1562 1062 prior
1596 1006 1697 1061 resl

1837 990 1938 1061 io).
1989 987 2053 1044 V.
2087 988 2278 1047 Monti.
2315 985 2455 1042 Bibl.
2491 985 2655 1042 Coisl.
2698 1002 2751 1056 p.
2788 986 2915 1044 406.
2949 984 3400 1043 —-Sec.-Montl‘.

130 1068 178 1122 in
214 1068 353 1126 Bibl.
394 1072 635 1134 bibliotlt.
687 1094 817 1133 mss.
849 1096 901 1148 p.
938 1081 1097 1146 1552,
1155 1086 1376 1139 exstant
1425 1081 1478 1136 in
1542 1079 1680 1137 Coel.
1725 1078 1932 1134 Mazar.
1972 1076 2072 1132 124
2111 1094 2124 1130 :
2173 1093 2230 1131 ιι.
2271 1077 2323 1141 1,
2381 1075 2572 1130 Oratio
2610 1074 2873 1129 Ferrarire
2904 1074 3089 1130 habita
3138 1075 3204 1129 ad
3235 1074 3399 1128 Card.

128 1158 371 1231 aliosque
400 1161 625 1221 Latinos
658 1167 725 1222 de
749 1168 1242 1249 ignepurgatorio.
1274 1201 1346 1212 —
1381 1167 1448 1227 N.
1477 1164 1533 1234 2,
1564 1169 1973 1239 Responsiones
2006 1168 2072 1224 ad
2102 1165 2447 1238 obiectiones
2480 1166 2527 1221 ei
2563 1164 2759 1219 factas.
2790 1193 2859 1207 -
2889 1163 2955 1220 Ν.
2983 1165 3039 1228 6,
3068 1165 3212 1236 quod
3257 1165 3401 1220 idem

129 1256 230 1309 est.
272 1265 333 1305 ac
370 1251 587 1309 Fabric.
643 1272 700 1310 ιι.
737 1257 803 1311 15
852 1241 1024 1327 citat;
1059 1288 1128 1303 -—
1157 1258 1225 1316 N.
1276 1261 1331 1327 7,
1364 1258 1596 1319 Joannis
1652 1257 1916 1329 Eugeniei
1983 1257 2251 1313 adversus
2285 1255 2658 1312 deﬁnitionem
2705 1253 2924 1309 concilii
2961 1252 3302 1320 Florentini;
3333 1281 3406 1293 —-
3497 1241 3503 1247 ’

127 1334 190 1389 Ν.
234 1338 322 1404 15,
348 1341 544 1409 synodi
576 1346 929 1412 praesentium
962 1347 1122 1405 CPoli
1156 1351 1545 1420 episcoporum
1572 1342 1843 1419 apologis,
1881 1347 2031 1417 quod
2072 1345 2449 1403 Florentinam
2492 1342 2765 1416 synodum
2816 1358 2922 1397 non
2953 1344 3257 1413 receperint
3287 1357 3306 1409 ;
3331 1370 3404 1383 —

126 1420 191 1477 Ν.
240 1425 328 1489 15,
361 1427 527 1483 Marci
566 1428 784 1502 Ephesii
839 1434 1106 1493 adversus
1144 1437 1518 1503 scholarium;
1550 1466 1621 1478 -υο
1648 1452 1702 1491 ιι.
1733 1435 1820 1500 10,
1854 1435 2137 1493 Adversus
2196 1435 2446 1499 Latinos,
2472 1432 2651 1503 capita
2697 1432 3035 1504 syllogistica
3061 1431 3210 1503 (add.
3247 1448 3304 1487 η.
3344 1431 3400 1494 7.

128 1527 215 1600 ap.
248 1513 512 1589 Fabric).
540 1524 905 1600 —.Apologia
939 1541 1037 1597 pro
1069 1527 1294 1594 unione,
1323 1528 1461 1585 citra
1498 1527 1619 1598 ejus
1688 1525 2023 1580 sententiam
2091 1523 2385 1580 Florentiae
2433 1522 2659 1590 habita;
2692 1529 2748 1577 et
2806 1536 2859 1576 ιι.
2897 1520 2988 1587 19,
3020 1520 3200 1590 ejusd.
3253 1518 3403 1576 Con-

127 1597 320 1665 fessiO.
350 1603 405 1658 in
442 1597 650 1676 synodo
685 1608 1004 1670 Florentina
1036 1614 1186 1671 edita
1212 1613 1465 1677 Barlaam
1501 1597 1784 1678 monachi,
1812 1613 2113 1684 procedere
2160 1612 2425 1683 Spiritum
2460 1619 2714 1669 sanctum
2751 1624 2822 1666 ex
2874 1610 3005 1666 solo
3021 1608 3204 1664 Patre.
3239 1606 3403 1662 Coum

128 1704 295 1779 supra
318 1691 379 1745 .in
407 1694 463 1753 Ιι.
497 1695 606 1751 vol.
633 1711 688 1766 p.
716 1699 843 1765 468,
877 1717 1015 1769 xxu,
1055 1710 1110 1759 et
1138 1702 1206 1759 de
1236 1703 1359 1776 igne
1391 1704 1735 1775 purgatorio,
1758 1712 1866 1759 etc.
1894 1732 1966 1744 —
1997 1701 2055 1757 In
2087 1701 2476 1779 Baumgarten.
2508 1699 2828 1755 Nachricht.
2867 1714 2966 1753 von
3028 1691 3403 1767 ntérkws‘irdig.

126 1773 391 1847 Brit-Item,
430 1791 561 1840 tom.
596 1786 684 1855 Vl,
712 1802 765 1857 p.
806 1790 937 1855 451,
971 1789 1159 1857 ibique
1186 1773 1299 1848 not.
1337 1773 1588 1855 εξιῐιιιιι..

198 1865 255 1923 5.
294 1865 676 1953 Responsiones
711 1878 781 1930 ad
814 1883 1133 1948 qumstiones
1156 1872 1539 1947 cardinalium,
1562 1898 1702 1937 mss.
1729 1879 1787 1935 lo
1815 1882 2004 1952 codice
2028 1880 2197 1953 Regio
2234 1880 2409 1936 Paris.
2440 1878 2571 1936 250.
2610 1880 2769 1944 1218,
2795 1880 2848 1934 'm
2897 1877 3029 1935 bibl.
3068 1877 3222 1950 pubi.
3258 1896 3312 1934 ιι.
3347 1880 3402 1947 4,

126 1966 179 2011 et
209 1972 267 2021 ν,
298 1960 362 2014 ad
396 1977 452 2015 ιι.
486 1962 542 2026 2,
569 1962 746 2019 Leidre
775 1967 923 2024 inter
952 1970 1078 2025 cod.
1126 1966 1383 2027 Vossian.
1418 1986 1468 2025 ν.
1500 1970 1677 2026 Catal.

1612 1971 1677 2025 al.
1705 1962 1838 2024 bibl.
1872 1968 2029 2023 Leid.
2064 1984 2118 2038 p.
2149 1968 2276 2036 597,
2300 1985 2358 2023 ιι.
2384 1968 2483 2024 -57.
2513 1968 2687 2023 ΙΙΑιιι..
2754 1987 2760 1994 ι
2831 1986 2840 2009 ι
3178 2034 3181 2041 ι

194 2045 253 2100 ι.
294 2047 501 2105 Salutio
526 2052 759 2109 duarum
790 2059 1142 2127 quastionum
1172 2058 1326 2131 παρὰ
1358 2060 1457 2114 τοῦ
1487 2058 1753 2129 βασιλέως
1794 2060 1859 2113 ab
1906 2059 2229 2126 imperatore
2261 2057 2496 2125 (Joanne
2527 2055 2859 2127 Palaeologo)
2893 2056 3307 2125 propositarum.
3343 2055 3402 2110 In

124 2136 319 2223 codice
342 2138 513 2211 Regio
537 2142 702 2208 2016,
739 2150 879 2200 testo
925 2146 1142 2203 Labbeo
1172 2162 1295 2220 pag.
1329 2138 1398 2204 88
1446 2147 1583 2212 bibl.
1619 2161 1773 2203 noras
1833 2160 1967 2202 mss.
2009 2144 2193 2218 [Couﬁ
2261 2146 2387 2201 cod.
2450 2143 2772 2214 Mosqucns.
2825 2144 2950 2223 555,
2975 2145 3065 2210 41,
3099 2154 3151 2201 et
3191 2145 3243 2200 in
3274 2143 3401 2201 cod.

128 2220 402 2282 Escarial.
440 2244 563 2284 mox
598 2232 818 2289 citanda
850 2243 1050 2291 exstat.
1082 2235 1260 2293 "snt.

100 2385 140 2402 ,ε
198 2314 255 2372 5.
286 2316 530 2387 Epistola
564 2325 829 2395 encyclica
859 2326 929 2379 ad
953 2342 1129 2382 omnes
1157 2325 1498 2382 Christianos
1530 2326 1598 2382 de
1640 2322 1853 2396 synodo
1889 2321 2204 2378 Florentina
2260 2337 2369 2377 non
2417 2320 2798 2391 suscipienda,
2850 2336 2973 2393 qua:
3021 2334 3145 2378 cum
3177 2321 3400 2402 .iosepln'

131 2396 502 2462 Ilethonensis
528 2412 887 2479 responsione
913 2413 1114 2481 legitur
1142 2424 1267 2483 post
1291 2423 1409 2469 acta
1436 2412 1655 2469 concilii
1690 2410 1842 2466 Flor.
1893 2419 2027 2465 tom.
2064 2409 2207 2476 XIII,
2244 2410 2469 2476 Labbei,
2502 2425 2626 2480 pag.
2675 2409 2818 2477 6T7;
2855 2421 2911 2467 et
2961 2421 3095 2467 tom.
3120 2396 3227 2477 IX;
3265 2410 3403 2465 ηιατ-

127 2493 286 2549 dnin.
334 2510 457 2564 pag.
491 2497 625 2553 549:
675 2498 917 2578 Incipit:
964 2500 1107 2569 Ἐγὼ
1164 2502 1252 2556 διὰ
1274 2500 1374 2573 τὴν
1406 2499 1677 2571 ὲπιταγὴν

1864 2499 1962 2570 τὴν
1996 2500 2208 2570 χρείαν.
2272 2499 2461 2555 Graece
2512 2508 2565 2553 et
2606 2499 2800 2555 Latine
2850 2515 2975 2555 cum
3029 2501 3287 2556 versione
3312 2499 3398 2556 Jo.

128 2581 371 2638 Mattba-i
406 2584 959 2658 CaryophyliaFAsa.
996 2588 1200 2645 Matriti
1258 2590 1312 2644 in
1349 2589 1472 2644 cod.
1514 2587 1683 2659 Regio
1722 2587 1813 2656 77,
1877 2587 1973 2642 l‘ol.
2030 2588 2155 2650 569,
2190 2596 2509 2657 sequuntur
2554 2587 2735 2655 ejusd.
2791 2587 3069 2645 Professio
3109 2590 3256 2652 ﬁdei,
3310 2606 3403 2658 ap.
3464 2593 3467 2596 ‘

125 2669 348 2728 Fabric.
387 2687 444 2729 ιι.
478 2674 568 2729 17.
598 2677 1020 2747 —Excerplum
1073 2679 1234 2733 breve
1281 2693 1348 2732 ex
1402 2677 1525 2746 ejus
1578 2693 1694 2747 cap.

1840 2676 2107 2746 Iogisticis
2145 2675 2224 2747 (ιι.
2275 2672 2328 2739 7,
2363 2692 2452 2745 ap.
2485 2660 2729 2744 Fabric.)
2752 2707 2822 2717 —
2849 2672 3005 2731 Tum
3052 2678 3404 2748 opusculmn,

126 2760 277 2831 quod
304 2766 388 2818 est
417 2777 509 2832 ap.
540 2762 753 2820 Fabric.
788 2782 845 2822 ιι.
882 2768 969 2823 15.
1004 2798 1075 2809 --
1115 2766 1249 2821 Dein
1283 2781 1472 2837 opusc.
1525 2765 1691 2835 cujus
1736 2765 2019 2820 rarissime
2052 2767 2111 2820 tit
2152 2767 2358 2821 mentio
2397 2765 2464 2820 de
2512 2765 2749 2820 terminis
2780 2767 2903 2821 vitae
2969 2766 3078 2837 (est
3132 2776 3313 2841 tamen
3348 2768 3403 2841 in

127 2848 251 2905 cod.
290 2850 553 2907 Escorial.
614 2863 667 2909 et
697 2853 751 2908 in
789 2854 910 2909 cod.
978 2854 1293 2925 Mosquensi
1331 2855 1459 2923 594,
1509 2871 1566 2910 ιι.
1613 2853 1696 2917 12.

1845 2853 2086 2909 ΜαιιΙιαεί
2116 2854 2151 2907 l.
2187 2868 2235 2907 c.
2272 2868 2324 2923 p.
2358 2853 2511 2921 252).
2552 2853 2668 2909 Inc.
2702 2851 2828 2907 Obr’
2863 2855 3030 2918 αὑτδς
3074 2838 3326 2927 ἠπόρεις,
3358 2838 3402 2910 ὦ

128 2939 373 3019 μακάριε
406 2941 668 3009 δέσποτα,
703 2942 801 2996 τοῦ
834 2942 1176 3013 ζητουμένου
1204 2944 1306 3014 τὴν
1326 2935 1482 2998 Non)
1514 2943 1697 3014 ἔξευρε

1835 2958 1846 2995 ε
1893 2944 1987 2995 καὶ
2022 2941 2343 2997 ἀποδοῦναι.
2373 2970 2443 2980 --
2472 2941 2714 3011 Epistula
2740 2944 2811 2998 ad
2849 2942 3149 3013 Georgium
3200 2947 3282 3016 (ιι.
3316 2945 3404 3011 11,

126 3040 213 3092 np.
253 3020 523 3097 Febrim).
553 3058 622 3069 —-
650 3029 769 3084 Alia
812 3032 877 3084 ad
912 3031 1164 3086 eumdem
1196 3041 1250 3087 et
1283 3032 1473 3087 eadem
1509 3047 1631 3089 esse
1668 3047 1695 3085 ν

1829 3045 1902 3093 ιι,
1939 3046 2060 3100 quae
2089 3042 2173 3086 est
2228 3045 2313 3100 ap.
2365 3028 2528 3085 Fabr.
2567 3045 2625 3084 ιι.
2679 3030 2763 3098 10,
2798 3039 2852 3085 et
2878 3048 3041 3101 quam
3072 3031 3317 3104 Cangi‘us,
3346 3034 3398 3087 in

126 3112 377 3169 Glossar.
404 3114 498 3171 Gr.
526 3117 640 3189 vol.
665 3117 732 3182 11,
758 3120 870 3175 col.
904 3119 1069 3185 1281,
1110 3121 1261 3176 velut
1294 3120 1557 3177 ined'itam
1624 3131 1915 3184 memorat,
1956 3130 2329 3190 pro-vocatque
2358 3119 2425 3173 ad
2467 3120 2591 3175 eid.
2621 3119 2752 3175 bibl.
2793 3104 2972 3176 Paris.
3020 3121 3205 3191 Regia:
3232 3122 3417 3193 5118,

127 3204 221 3264 ιμιί
254 3205 309 3257 in
348 3204 511 3261 catal.
545 3221 674 3262 mss.
716 3206 850 3263 bibl.
895 3209 1045 3279 puhl.
1103 3209 1278 3267 Paris.
1343 3218 1667 3264 numeratur
1701 3206 1864 3279 1218,
1907 3208 1999 3264 ubi
2037 3209 2235 3267 .locum
2266 3217 2501 3276 Occupat
2553 3207 2847 3262 decimum.
2893 3208 2971 3263 De
3029 3208 3115 3262 his
3145 3211 3402 3266 omnibus
3516 3260 3523 3267 .

125 3292 287 3359 plura
329 3292 574 3362 disputat
608 3294 801 3351 lriarte
827 3296 881 3352 in
908 3296 1031 3354 Cat.
1069 3298 1229 3354 codd.
1270 3297 1367 3354 Gr.
1401 3297 1604 3353 Matrit.
1632 3313 1686 3367 p.
1722 3295 1829 3353 285
1860 3312 1977 3369 seq.
2025 3330 2084 3340 —
2129 3298 2187 3352 lu
2219 3298 2381 3353 codd.
2418 3295 2914 3361 Escorialensibna,
2948 3297 3005 3352 in
3029 3299 3238 3367 quibus
3270 3310 3401 3355 sunt

126 3382 378 3436 nuarJam
406 3398 436 3437 a
464 3382 717 3439 Fabricio
748 3398 857 3439 non
892 3376 1299 3456 observata(V.
1332 3385 1511 3441 Plueri
1539 3385 1794 3442 ltinerar.
1826 3404 1920 3457 per
1970 3387 2200 3456 Ilispan.
2234 3402 2288 3457 p.
2341 3384 2498 3456 130),
2528 3396 2884 3442 asservantur
2920 3385 3083 3443 Marci
3142 3386 3402 3457 Eugenici

126 3468 373 3539 Epistula
410 3472 479 3525 αι
511 3471 830 3528 orthodoxa:
859 3473 1215 3540 Christianos,
1270 3474 1475 3544 ubique
1534 3474 1783 3544 gentium
1832 3484 1887 3530 et
1941 3475 2246 3531 insularum
2306 3474 2565 3545 degentes
2595 3490 2610 3541 ;
2648 3504 2717 3514 -
2741 3473 2809 3528 de
2830 3460 3253 3531 .re'surrectionc
3277 3518 3294 3545 ,
3330 3485 3434 3517 --'

125 3560 196 3614 de
231 3559 487 3615 terminis
522 3562 645 3615 vitzc
671 3561 736 3615 ad
768 3559 1079 3628 Isidorum;
1122 3563 1276 3617 -‘ad
1312 3563 1449 3634 imp.
1478 3561 1682 3618 Joann.
1718 3560 2116 3636 Palicolugum,
2152 3564 2495 3621 dubitantem
2534 3562 2602 3618 de
2656 3562 2977 3618 Latinorum
3022 3566 3154 3629 rita,
3184 3582 3397 3622 sermo-

126 3664 226 3704 nes
255 3650 402 3712 duo;
434 3648 764 3707 —Homi1ia
798 3650 851 3704 in
885 3650 1271 3707 dormitionem
1327 3650 1387 3706 S.
1426 3644 1641 3707 Macarii
1702 3653 1933 3709 Coronae
1967 3652 2143 3724 (conf.
2168 3652 2236 3708 ad
2289 3668 2345 3707 ιι.
2377 3654 2430 3722 7)
2460 3670 2480 3717 ;-
2504 3682 2573 3693 —
2601 3651 3067 3723 Interrogationes
3101 3655 3168 3710 ad
3206 3670 3403 3725 quem-
3480 3718 3499 3734 ,η

123 3738 256 3793 dam
291 3738 630 3795 dubitantem
656 3758 671 3809 ;
699 3740 1079 3797 —Coniessio
1105 3750 1268 3795 rectae
1301 3742 1421 3795 ﬁdei
1458 3739 1753 3797 Florentiae
1793 3741 1956 3807 facta,
1993 3741 2297 3798 secundum
2336 3739 2607 3811 synodum
2653 3738 2973 3818 Latinorum
3004 3757 3129 3796 cum
3166 3741 3405 3815 Chryso—
3459 3777 3467 3789 π

122 3839 353 3894 stomo;
388 3855 455 3867 --
496 3828 662 3885 Marci
691 3826 1103 3899 Epistolze'duae
1138 3827 1206 3883 ad
1265 3831 1622 3898 praepositum
1664 3831 1718 3884 in
1759 3830 1816 3885 S.
1855 3840 2039 3883 monte
2098 3828 2477 3889 habitationis,
2518 3826 2878 3897 Batopedium
2920 3827 2962 3883 1.
2994 3857 3062 3869 --
3090 3830 3169 3883 Ad
3209 3846 3405 3901 quem-

122 3914 253 3969 dam
301 3913 649 3973 Scholarium
687 3918 1097 3988 philosophum,
1136 3920 1328 3972 altera.
1361 3948 1428 3958 ——
1464 3917 1675 3975 Monac.
1712 3920 1766 3974 in
1803 3921 1927 3976 eod.
1983 3920 2175 3975 Bavar.
2211 3918 2335 3974 145.
2371 3917 2471 3973 fol.
2508 3916 2636 3981 188,
2668 3917 2762 3971 ubi
2805 3929 3112 3986 sequuntur
3141 3918 3406 3990 Professio

122 4005 302 4074 (apud
333 4004 548 4061 Fabric.
585 4022 640 4062 ιι.
681 4006 763 4077 10)
793 4015 907 4061 ιιιιιι
963 4008 1133 4062 altera
1180 4007 1344 4076 epist.
1378 4007 1655 4080 encyclica

1861 4026 1912 4062 ιι.
1959 4008 2040 4079 6).
2072 4039 2143 4049 —
2180 4006 2436 4078 Dialogus
2469 4005 2645 4067 Graeci
2677 4014 2732 4060 et
2768 4005 2973 4069 Latini,
3009 4022 3103 4061 sou
3141 4008 3206 4061 de
3246 4010 3403 4061 addi-

120 4106 273 4147 tione
296 4094 353 4145 in
386 4092 626 4163 symbolo
656 4109 674 4148 :
705 4094 875 4164 incip.
903 4094 1185 4165 Θαυμάζω
1211 4095 1326 4157 πῶς
1358 4097 1491 4165 ἡμῖν
1525 4096 1689 4165 ἐγκαλ

1838 4112 1852 4126 ο
1882 4097 1935 4150 in
1967 4096 2071 4149 line
2100 4102 2344 4159 notatur,
2377 4093 2648 4161 scriptum
2668 4107 2792 4147 esse
2820 4108 2892 4146 ιιι.
2922 4094 3095 4162 April.
3117 4112 3205 4165 an.
3239 4096 3400 4161 6951,

119 4198 224 4237 seu
266 4197 380 4237 arra
410 4192 598 4238 nostra
630 4182 788 4249 1445,
822 4183 1014 4238 indict.
1049 4198 1120 4237 νι.
1160 4181 1316 4247 Hunc
1341 4183 1617 4253 dialogum
1665 4184 1827 4238 etiam
1864 4180 2053 4236 omisit
2104 4180 2407 4246 Fabricius,
2443 4177 2548 4231 nisi
2598 4177 2701 4245 sit,.
2724 4177 2985 4248 opinante
3013 4178 3262 4244 llarltio,
3306 4198 3405 4247 ex:-

119 4281 380 4341 cerptum
407 4272 647 4340 capitum
675 4272 945 4344 syllogist.
978 4272 1079 4342 (α).
1124 4301 1196 4314 —-
1228 4271 1500 4340 Postbaec,
1534 4272 1921 4342 Marci-Ephes.‘
1953 4277 2186 4339 metrop.
2220 4268 2283 4334 ad
2307 4284 2498 4324 omnes
2535 4271 2734 4340 ubique
2769 4278 3042 4344 terrarum
3104 4279 3159 4325 et
3194 4272 3404 4326 insulae

121 4377 256 4416 rum
316 4360 658 4416 orthodoxos
715 4360 1062 4417 ChriSIianos
1099 4379 1113 4415 :
1153 4360 1312 4430 cuius
1367 4362 1590 4431 quidem
1628 4360 1690 4431 Et

1836 4374 1882 4413 ἀι
1939 4358 2156 4412 initium
2210 4366 2294 4411 est
2328 4373 2343 4410 :
2380 4357 2509 4421 Τοῖς
2569 4357 2887 4429 ἅπανταχοῦ
2928 4358 3030 4430 τῆς
3065 4358 3167 4428 γῆς
3193 4375 3209 4391 ο
3255 4359 3401 4413 illam

122 4449 441 4520 Epistolam
477 4450 679 4520 excipit
701 4451 962 4522 Apologia
992 4449 1243 4519 Gregorii
1276 4449 1687 4507 hieromonacbi
1715 4458 1773 4529 et.
1797 4448 2213 4521 protosyncelli,
2247 4460 2436 4519 postea
2473 4449 2826 4518 patriarchas,
2860 4448 3049 4505 Romae
3079 4449 3299 4529 sepulti,
3326 4444 3397 4503 ‘in

120 4537 392 4609 Ephesini
422 4538 704 4606 epistolam
729 4554 760 4592 e
806 4538 971 4593 variis
1003 4540 1208 4593 sanctis
1242 4554 1256 4589 :
1290 4538 1413 4594 init.
1450 4538 1522 4591 Τὸ
1558 4538 1654 4608 μὲν

1836 4537 1983 4607 ιμιον
2013 4536 2110 4591 to?)
2138 4536 2445 4609 αἰδεσίμου.
2478 4568 2549 4578 -
2571 4536 2710 4593 Ibid.
2742 4537 2793 4591 in
2848 4536 2973 4592 cod.
3002 4536 3097 4601 54,
3122 4525 3244 4592 cad.
3277 4536 3405 4607 Epi—

116 4627 270 4683 srola
308 4641 434 4681 cum
471 4625 734 4695 Apologia
762 4634 867 4681 etc.
916 4626 1076 4682 Conl.
1106 4626 1174 4681 cl.
1210 4625 1400 4682 llardt.
1439 4626 1493 4681 in
1543 4625 1747 4681 Aretini
1776 4624 2108 4695 Beytrregcn,
2143 4633 2252 4681 ctc.
2302 4640 2395 4679 an.
2443 4623 2603 4689 1804,
2640 4634 2785 4695 part.
2816 4623 2903 4692 10,
2940 4638 3063 4694 pag.
3096 4624 3163 4678 19
3187 4639 3310 4693 sqq.
3351 4634 3406 4679 ct

117 4722 270 4785 part.
311 4732 353 4778 ι,
388 4730 440 4781 p.
480 4713 549 4768 25
577 4728 695 4784 seq.
734 4712 1026 4769 —Eadem
1081 4715 1309 4783 epistola
1358 4728 1483 4768 cum
1518 4713 1770 4784 Gregorii
1808 4702 2058 4784 apologia
2120 4713 2173 4767 io
2211 4714 2336 4768 eod.
2369 4712 2688 4783 Mosquensi
2737 4712 2933 4783 synod.
2986 4711 3117 4776 552,
3154 4728 3209 4766 ιι.
3246 4712 3302 4767 5.
3338 4711 3404 4771 V.

117 4802 384 4858 Matthwi
417 4810 530 4857 not.
558 4801 651 4857 cit.
684 4816 737 4870 p.
770 4801 878 4857 228
916 4818 1061 4871 seq.,
1098 4811 1261 4871 atque
1286 4816 1343 4871 p.
1374 4802 1502 4866 252,
1538 4817 1593 4858 n.
1631 4802 1720 4868 22,
1757 4802 1881 4856 cod.
1925 4801 2052 4867 594,
2088 4800 2316 4870 epistola
2372 4799 2675 4869 encyclica.
2713 4829 2774 4839 —-
2822 4796 3114 4853 Florentia:
3173 4798 3401 4855 inrbihl.

116 4889 459 4961 monasterii
496 4889 971 4946 Benedictinorum
1004 4888 1066 4944 Β.
1100 4890 1303 4956 Mariae,
1329 4876 1577 4960 Josepbi,
1610 4889 1856 4961 episcopi
1911 4889 2213 4955 MethOnes,
2246 4887 2493 4960 apologis
2544 4887 2611 4943 ad
2645 4886 2889 4943 libellum
2916 4885 3085 4942 Marci
3115 4885 3403 4957 Ephesini.

118 4978 187 5033 ν.
221 4975 533 5034 Montfauc.
563 4977 703 5032 Bibl.
740 4977 988 5033 bibliotb.
1020 4965 1155 5035 mss.
1192 4994 1245 5048 p.
1284 4978 1389 5034 415
1418 4976 1479 5043 C,
1520 4988 1574 5033 et
1609 4977 1675 5031 ad
1710 4993 1766 5031 n.
1797 4978 1851 5033 7.
1891 4976 2067 5033 Hane.

187 5065 248 5121 6.
298 5062 552 5136 Epicteto
583 5056 851 5132 encyclic't't
874 5066 943 5119 ad
968 5082 1145 5121 omnes
1170 5066 1359 5134 ubique
1386 5077 1652 5120 terrarum
1681 5072 1944 5135 degentes,
1979 5065 2047 5121 de
2086 5064 2287 5119 eodem
2308 5076 2651 5134 argumento,
2688 5079 2825 5135 quae
2850 5080 2974 5121 cum
3036 5060 3399 5137 responsione

115 5154 386 5225 Gregorii
417 5138 816 5225 Protosﬁcelli
848 5163 1027 5208 exstat
1061 5164 1195 5208 tom.
1228 5153 1347 5210 X111
1375 5154 1582 5211 Concil.
1611 5153 1835 5218 Labbei,
1860 5169 1983 5225 pag.
2021 5152 2144 5213 740.
2186 5161 2241 5209 et
2270 5160 2402 5207 tom.
2446 5151 2516 5205 1X
2579 5150 2870 5217 Harduin.,
2906 5168 2960 5221 p.
2996 5152 3124 5209 601.
3156 5154 3351 5222 Incipit
3385 5170 3399 5207 :
3434 5147 3441 5149 “

114 5243 183 5300 οι
220 5244 340 5315 τὴν
380 5242 559 5315 κακὴν
589 5243 739 5314 ἡμᾶς
764 5241 1151 5311 αἰχμαλωσίαν
1184 5242 1680 5314 αἰχμαλωτεύσαντ

1827 5244 1987 5299 iracce
2026 5252 2082 5300 et
2120 5230 2313 5296 Latine
2354 5257 2478 5296 cum
2526 5241 2779 5296 versione
2811 5242 3163 5314 CaryOphyli,
3190 5258 3241 5311 p.
3274 5237 3396 5296 640.

116 5331 295 5389 Fusa.
364 5329 498 5387 Mss.
526 5329 768 5401 Mosquae
795 5331 848 5386 in
873 5331 1034 5387 ccdd.
1066 5331 1262 5401 synod.
1292 5330 1358 5386 15
1388 5338 1442 5385 et
1475 5329 1601 5397 554,
1644 5346 1676 5386 ιι

1831 5328 1886 5387 ν.
1917 5330 2156 5386 Matthci
2225 5327 2396 5384 Notil.
2433 5330 2531 5388 cit.
2566 5344 2617 5399 p.
2655 5329 2725 5384 30
2760 5340 2813 5385 et
2846 5332 2971 5387 252.
3010 5360 3078 5370 -
3109 5330 3400 5385 Mediolani

115 5436 171 5475 In
197 5418 350 5475 bibl.
389 5417 647 5475 Ambros.
680 5419 923 5476 estliber
947 5418 1207 5489 anonymi
1241 5418 1520 5476 Adversus
1550 5426 1956 5490 argumentum,
1987 5434 2097 5489 quo
2132 5418 2190 5474 iu
2227 5418 2421 5488 primis
2456 5419 2532 5471 uti
2567 5419 2779 5474 solebat
2808 5419 3070 5475 adversus
3095 5418 3399 5472 catholicos

115 5506 378 5573 Marcus,
411 5506 773 5577 Ephesiorum
806 5508 1057 5564 antistes.
1082 5506 1150 5563 γ.
1185 5507 1484 5565 Montl‘aue.
1514 5493 1655 5563 Bibi.
1683 5507 1932 5564 bibliotb.
1970 5522 2105 5564 mss.
2136 5522 2191 5578 p.
2234 5506 2360 5563 519.
2394 5506 2456 5562 C.
2493 5536 2562 5547 --
2600 5508 2738 5564 Add.
2769 5524 2935 5579 supra
2988 5506 3055 5561 ad
3093 5522 3147 5561 ιι.
3180 5507 3214 5559 2
3251 5515 3303 5560 et
3347 5506 3399 5568 5.

190 5733 283 5800 la)
315 5731 469 5790 Idem
490 5742 668 5807 tamen
690 5752 880 5804 opusc.
900 5753 1023 5793 cum
1061 5738 1249 5791 eodem
1290 5737 1557 5807 principio
1604 5748 1817 5796 exstare
1857 5739 2018 5796 etiam
2047 5737 2099 5793 in
2161 5734 2282 5792 cod.
2325 5734 2457 5790 bibl.
2556 5735 2701 5806 pubi.
2759 5732 2931 5788 Paris.
2987 5731 3121 5788 1218
3170 5748 3224 5786 n.
3274 5718 3404 5799 12,

113 5801 225 5875 iam
248 5818 430 5877 supra
460 5801 964 5878 animadvertimus,
988 5810 1052 5864 ad
1086 5825 1138 5864 ιι.
1171 5807 1224 5865 2.
1292 5801 1303 5807 ’
1473 5801 1486 5807 ’
2192 5832 2199 5840 '
