3974 6334
531 208 668 267 tum
1417 192 1419 194 ’
1471 207 1782 271 MARCUS
1804 205 2194 271 EPHESIUS
2216 203 2790 270 uernoroma.
3265 217 3270 220 -
3340 173 3346 176 ’
3668 197 3806 264 ιοίδ

529 314 1102 373 θιδεΙιιυευίεΙιιιὶει.
1139 314 1342 378 Ερσίεε.
1370 316 1666 374 Christian.
1697 326 2056 391 part.,nxtv,
2094 334 2151 389 p.
2197 301 2561 378 391-111.?-
2592 317 2818 387 J‘osephi
2863 314 3240 372 Methouensis
3271 324 3327 370 et
3376 312 3642 382 Gregorii
3679 312 3807 368 Ilie-

530 418 675 458 rom.
703 403 1108 476 Responsiones
1136 405 1200 462 ad
1237 420 1323 475 ep.
1375 406 1541 462 Marci
1577 406 1825 478 Ephesii,
1860 408 1982 464 Lat.
2013 409 2066 462 iu
2100 415 2303 462 sauctte
2357 407 2633 478 generalis
2693 404 3027 460 Florentium
3088 403 3286 474 synodi
3336 411 3474 457 tom.
3507 398 3586 467 ll,
3612 415 3670 471 p.
3700 400 3802 456 271

535 506 693 563 seqq.
732 490 793 546 V.
835 491 1223 561 Baumgarteu,
1256 495 1352 548 cit.
1406 492 1790 564 Nachrichten,
1829 505 1964 551 tum.
2002 494 2090 563 Vl,
2129 509 2185 564 p.
2222 494 2349 551 452.
2395 495 2570 552 Hau.

600 584 655 637 7.
688 584 875 649 Capita
899 582 1223 653 sgllogistica
1241 594 1424 642 contra
1446 587 1662 643 Latinos
1677 588 1739 641 de
1763 582 2169 661 processione‘St

2238 584 2340 637 itus
2361 579 2449 648 S.,
2473 582 2746 649 κεφάλαια
2766 578 3176 649 συλλογιστικὰ,
3195 595 3315 649 quae
3339 594 3517 649 usque
3547 578 3620 633 ad
3646 589 3807 647 caput

531 673 598 726 17
628 669 924 742 Gregorius
989 671 1450 746 Protosyucellus,
1485 687 1680 733 caetera
1713 676 1964 734 Bessario
2024 689 2100 730 ιο]

2236 672 2353 727 urit.
2411 669 2608 742 Incipit
2637 689 2654 726 :
2698 669 2992 755 Ἰξρώμεθα
3026 669 3158 755 τοὺς
3194 669 3486 731 Λατίνοῡς.
3518 665 3805 740 [Floreat

529 762 584 814 iu
617 761 739 814 cod.
773 760 1035 826 Laurent,
1060 762 1203 830 XIV,
1233 781 1288 820 u.
1320 766 1407 832 14,
1443 765 1580 836 plut.
1621 765 1709 821 10.
1740 765 1803 821 V.
1837 765 2068 821 Bandin.
2105 763 2226 819 Cat.
2263 759 2424 817 codd.
2462 759 2561 815 Gr.
2587 753 2826 824 Laut-.1,
2864 773 2918 828 p,
2952 753 3107 828 181.]
3143 757 3215 812 De
3240 757 3432 813 eodem
3472 766 3808 828 argumento

530 848 636 904 alia
673 850 840 904 Marci
883 849 1141 922 Ephesiui
1175 853 1353 923 capita
1393 854 1726 926 syllogistica
1757 861 2022 910 memorat
2060 851 2099 907 ‘l

2240 851 2400 905 iecitts
2441 847 2572 914 γη.
2618 865 2672 920 p.
2703 849 2739 905 3
2901 847 2975 902 Τὸ
3011 843 3236 915 Πνεῦμα
3290 846 3353 900 τὸ
3388 846 3550 914 ἅγιον
3599 847 3668 898 ιχ
3701 845 3809 898 Πα-

525 936 679 1003 τρός.
722 937 882 993 Aliud
937 941 1066 994 item
1098 941 1366 1011 scriptum
1403 941 1464 996 ν.
1499 958 1551 1012 p.
1597 939 1724 1000 227.
1781 942 1954 1011 lucip.
1988 942 2094 995 Και

2237 939 2280 1004 ες
2336 939 2488 992 ἔστιν
2519 937 2596 1001 ὡς
2651 936 2889 1008 ἀληθῶς.
2949 933 3105 993 Adde
3173 932 3432 990 eumdem
3472 931 3541 998 γ,
3581 949 3640 1002 p.
3678 931 3806 986 256.

527 1014 689 1080 ῈΑιιι.
725 1023 781 1080 5.
815 1042 868 1096 p.
893 1027 1021 1082 467.
1055 1028 1269 1084 Kollar.
1322 1029 1447 1085 eod.
1501 1029 1630 1088 280.
1664 1059 1736 1070 ——
1768 1029 1849 1086 Ib.
1891 1046 1944 1099 p.
1979 1029 2096 1093 510,

2238 1025 2294 1093 6,
2349 1024 2640 1092 cod.294.
2697 1024 2864 1080 Marci
2918 1022 3309 1094 Fragmentum
3371 1020 3807 1077 scbismatieum

528 1104 721 1179 contra
756 1113 979 1177 Latinos
1014 1116 1083 1172 de
1110 1120 1461 1188 processioue
1486 1118 1633 1189 Spir.
1667 1117 1881 1184 sa‘ucti;
1914 1118 2036 1174 iuit.
2069 1118 2097 1173 Ε

2249 1115 2344 1171 καὶ
2366 1115 2458 1169 τδν
2500 1115 2678 1186 μέγαν
2712 1113 2988 1184 Κύριλλον
3022 1113 3350 1182 συνηγορεῖν
3383 1111 3578 1173 αὐτοῖς
3606 1110 3807 1176 λέγου-

530 1217 616 1256 σιν
650 1202 867 1257 Ἰταλοί.
906 1231 977 1244 -
1003 1204 1266 1276 Mosquae,
1305 1207 1358 1262 in
1390 1207 1517 1263 cod.
1556 1207 1750 1279 synod.
1788 1206 1912 1270 391,
1945 1223 2001 1260 u.
2037 1206 2088 1270 1,
2113 1205 2305 1263 eadem
2363 1189 2524 1274 capp.
2557 1218 2681 1259 eum
2722 1203 3084 1272 responsione
3123 1199 3370 1270 Gregorii
3403 1197 3707 1253 Scholarii.
3741 1227 3811 1236 —

527 1286 594 1343 Ν.
618 1288 673 1352 5,
716 1287 884 1345 Marci
925 1290 1187 1363 Eugeuici
1219 1292 1287 1346 In
1313 1293 1945 1351 numerumtalentorum
1976 1294 2030 1366 iu
2064 1293 2096 1370 Ii

2237 1292 2321 1364 get.
2352 1291 2611 1363 parabola
2649 1290 2906 1361 Θεωρὶα;
2950 1291 3061 1344 inc.
3139 1288 3202 1342 '0
3237 1287 3308 1340 τὰ
3337 1288 3500 1340 πέντε
3531 1285 3806 1339 τάλαντα.

531 1374 710 1447 (Conf.
740 1379 805 1445 ad
846 1393 903 1434 η.
930 1379 1010 1451 2.)
1040 1402 1112 1423 ι·-
1142 1378 1208 1436 Ν.
1241 1379 1293 1448 ι,
1335 1380 1517 1450 ejusd.
1550 1381 1756 1453 ἀπορία
1786 1383 1929 1451 μετὰ
1959 1381 2100 1435 λύσει

2242 1382 2362 1438 init.
2398 1382 2463 1435 Ei
2494 1381 2650 1450 καὶὴ
2688 1381 3034 1450 σμικροτάτη
3093 1378 3300 1440 πίστις.
3357 1406 3425 1446 —;
3475 1375 3542 1430 Ν.
3573 1377 3633 1440 9,
3668 1373 3810 1429 Gre-

531 1464 692 1541 gorii,
732 1467 1057 1538 patriarcha:
1085 1467 1249 1525 Cl’ol.
1285 1469 1537 1540 apologia
1571 1479 1763 1528 contra
1831 1469 2090 1538 Ephesini
2151 1470 2541 1541 homologiam.
2574 1500 2646 1512 —-
2679 1466 2747 1525 Ν.
2786 1469 2877 1533 15,
2927 1467 3091 1523 Marci
3149 1464 3412 1538 Eugeuici
3468 1462 3718 1517 Humilia
3759 1465 3814 1514 in

529 1554 898 1622 dormitione»:
933 1557 992 1613 S.
1027 1557 1256 1615 Macarii
1279 1558 1373 1612 τοῦ
1405 1560 1669 1628 Κορωνᾶ’
1701 1560 1811 1614 inc.
1859 1559 1997 1628 Ὀδῷ
2036 1575 2098 1612 τιε

2245 1574 2370 1633 ιεκεν
2415 1555 2584 1624 (conf.
2618 1555 2684 1612 ad
2715 1572 2769 1610 n.
2821 1557 2904 1625 5).
2941 1584 3012 1597 --
3037 1553 3105 1609 Ν.
3159 1553 3245 1616 16,
3299 1552 3482 1624 ejusd.
3521 1550 3668 1620 Περὶ
3702 1548 3814 1599 τῶν

535 1644 936 1715 ἐμφερομένων
965 1650 1032 1718 τῇ
1064 1647 1183 1718 θείᾳ
1217 1648 1356 1720 εὐχῇ
1389 1647 1680 1720 ῥημάτων,
1721 1649 1893 1718 ἤγουν
1923 1647 2042 1711 τοῦ,
2076 1647 2250 1718 Κύριε
2286 1645 2470 1717 Ἰησοῦ
2499 1645 2732 1716 Χριστὲ,
2758 1645 2856 1699 fit
2883 1644 2977 1698 τοῦ
3023 1643 3180 1708 Θεοῦ,
3212 1642 3474 1712 ιλιησονς
3518 1642 3632 1695 inc.
3668 1639 3815 1708 Ὅση

534 1741 634 1812 μὲν
673 1743 704 1809 ἡ
741 1740 843 1809 τῆς
868 1741 1064 1812 εὐχῆς.
1116 1773 1187 1801 .—-
1220 1741 1289 1799 Ν.
1319 1744 1413 1810 20,
1474 1746 1648 1816 ejusd.
1685 1745 2050 1799 ἐπιτελεύτιοι
2098 1744 2311 1814 ὁμιλίαι
2376 1741 2664 1814 παρούσης
2716 1742 2815 1810 τῆς
2850 1741 2962 1797 τῶν
2995 1739 3297 1811 ὀρθοδόξων
3333 1738 3653 1802 ισυνάξΞως.
3699 1747 3811 1792 etc.

533 1830 654 1884 init.
693 1829 968 1899 Βούλομαι
1004 1831 1346 1904 πλατύτερον
1373 1832 1473 1902 τὴν
1520 1835 1689 1902 ἐμήν,
1727 1833 1911 1905 (Conf.
1948 1834 2012 1888 ad
2049 1849 2102 1888 n.

2285 1839 2337 1888 et
2369 1847 2426 1886 n.
2479 1832 2544 1886 21
2578 1849 2593 1884 :
2658 1829 2931 1890 Scholarii
2987 1827 3301 1898 ἐπικήδειος
3340 1825 3577 1896 μονῳδία
3615 1826 3716 1878 ἐπὶ
3750 1827 3813 1893 τῇ

531 1914 788 1987 κοιμήοει
810 1917 869 1974 8.
908 1916 1105 1985 Marci,
1139 1921 1378 1993 archiep.
1417 1923 1638 1994 Ephesi.
1665 1921 1986 1991 ἀνεγνώσθη
2018 1924 2100 1974 tat

2247 1923 2298 1974 ὲν
2318 1920 2398 1990 τῷ
2428 1921 2670 1988 λειψάνῳ
2698 1919 2835 1985 ναῷ,
2865 1918 2971 1972 inc.
3016 1914 3126 1970 Φεῦ
3172 1915 3293 1978 νῦν,
3327 1908 3372 1970 ὦ
3399 1917 3709 1984 παρόντες.
3750 1911 3816 1966 ν.

531 2003 721 2075 Matth.
757 2006 914 2062 uotit.
952 2008 1047 2062 cit.
1083 2023 1133 2078 p.
1162 2010 1287 2072 250,
1320 2026 1443 2079 sqq.
1475 2042 1543 2052 —-
1575 2011 1702 2066 Par.
1739 2011 1792 2063 in
1821 2010 1952 2064 bibl.
1989 2009 2138 2079 pubi.
2173 2009 2336 2064 codd.
2379 2008 2539 2073 12I8,
2572 2008 2732 2063 1261.
2763 2006 2944 2062 Oxon.
2989 2008 3043 2061 in
3079 2006 3214 2060 bibl.
3251 2005 3455 2062 Bodlei.
3485 2007 3618 2059 cod.
3650 2005 3749 2072 78,
3786 2006 3818 2057 3

528 2109 651 2163 sqq.
676 2093 827 2170 _Gull.
853 2095 1050 2156 Laudi.
1090 2111 1137 2152 s.
1177 2113 1234 2151 u.
1269 2098 1391 2158 720.
1425 2097 1545 2154 Cat.
1581 2114 1714 2154 mss.
1742 2098 1950 2170 Anglize
1979 2107 2105 2160 etc.,
2126 2098 2235 2152 vol.
2266 2097 2308 2163 Ι,
2341 2096 2508 2152 Marci
2539 2097 2744 2167 Eugeu.
2778 2095 2993 2150 Relatio
3024 2096 3090 2149 de
3117 2097 3324 2164 synodo
3351 2093 3676 2147 Florentina
3707 2110 3720 2157 ;
3751 2121 3820 2132 —

529 2182 703 2253 Epist.
735 2185 801 2242 ad
835 2183 1126 2255 GeOrgium
1171 2186 1460 2256 quemdam
1497 2188 1876 2259 presbyterum
1911 2189 1964 2240 in
1999 2185 2311 2241 Metbouem
2367 2187 2569 2250 missa;
2603 2215 2672 2226 --
2701 2182 2946 2254 Epistula
2979 2183 3045 2238 ad
3095 2183 3480 2246 Scliularinm;
3515 2180 3818 2234 Confessio

530 2273 956 2342 extemporaria,
987 2274 1088 2328 sub
1123 2284 1352 2330 mortem
1392 2276 1568 2341 facta;
1597 2276 1662 2331 ad
1713 2260 2061 2331 Scholarium
2098 2277 2439 2338 areboutem,
2491 2272 2764 2341 huiusque
2825 2270 3176 2338 Responsio;
3233 2269 3548 2339 Syllogismi
3612 2280 3817 2321 contra

531 2357 757 2415 Latinus
790 2363 857 2417 de
883 2364 1234 2432 processioue
1258 2365 1500 2433 Spiritus
1535 2367 1710 2420 sancti
1740 2380 1862 2419 cum
1906 2365 2288 2430 Responsione
2314 2358 2581 2417 Ge‘unadii
2618 2360 2909 2414 Scholarii.
2937 2389 3007 2398 —
3037 2358 3276 2413 Venetiis
3310 2357 3363 2411 iu
3397 2359 3518 2411 cod.
3555 2355 3818 2410 Nauiano

538 2449 665 2514 127,
692 2465 748 2503 u.
776 2452 830 2513 4,
857 2453 1195 2522 Syllogistica
1227 2469 1347 2524 cap.
1381 2455 1487 2509 ine.
1520 2454 1594 2507 Τὸ
1623 2454 1850 2523 Πνεῦμα
1879 2455 1940 2507 τὸ
1972 2452 2107 2521 διγιοε

2242 2448 2338 2503 ιΝ.
2377 2449 2429 2513 5,
2456 2447 2694 2502 Theoria
2740 2445 2794 2500 iu
2844 2446 3122 2515 parabolae
3153 2445 3811 2519 evangeliczenumerttlu

535 2541 887 2603 talentorum.
919 2570 986 2582 -ν-
1015 2540 1077 2595 Ν.
1108 2542 1163 2606 6,
1203 2543 1275 2597 De
1334 2545 1516 2598 anima
1554 2546 1841 2599 brutorum
1891 2544 2119 2612 quastio
2162 2551 2217 2595 et
2259 2536 2566 2607 responsio.
2619 2534 2782 2588 Coul'.
2833 2543 2943 2588 cat.
3004 2533 3162 2587 codd.
3200 2531 3296 2588 Gr.
3324 2531 3462 2590 Nan.
3491 2550 3546 2599 p.
3576 2534 3711 2588 280.
3751 2563 3820 2572 —

468 2683 473 2688 ,
536 2626 750 2682 Monac.
787 2630 840 2682 iu
876 2630 998 2684 cod.
1041 2628 1234 2687 Bavar.
1264 2633 1354 2697 27,
1393 2632 1558 2685 Marci
1600 2633 1730 2700 Eug.
1769 2631 1936 2700 Capp.
1978 2627 2309 2702 syllogistica
2331 2642 2455 2680 eum
2486 2624 2704 2692 Georgii
2733 2621 3004 2675 Sebolarii
3047 2621 3519 2675 eoufutatiooibus
3563 2625 3816 2691 priurum

538 2729 698 2785 capp.
724 2713 884 2780 XVII,
913 2725 968 2770 et
999 2716 1337 2772 Bessariouis
1376 2719 1644 2772 conlutat.
1675 2734 1703 2771 a
1757 2733 1879 2786 cap.
1915 2717 1998 2770 18.
2030 2715 2096 2770 ν.
2141 2715 2309 2770 llardt
2354 2715 2407 2767 in
2454 2713 2666 2768 Aretini
2699 2711 3028 2782 Beytrwgen,
3061 2721 3166 2766 etc.
3197 2725 3326 2764 ann.
3361 2711 3520 2770 1805,
3553 2723 3705 2779 part.
3743 2729 3819 2774 iv,

534 2819 588 2874 p.
631 2805 699 2856 12
733 2820 852 2872 seq.
893 2815 945 2859 et
979 2821 1144 2874 supra
1184 2805 1233 2858 iu
1273 2807 1374 2861 hoc
1407 2806 1514 2860 vol.
1555 2821 1604 2874 p.
1639 2807 1765 2870 ⁷572,
1815 2817 1952 2862 sect.
1984 2807 2038 2870 5,
2081 2815 2134 2859 et
2166 2820 2220 2872 ρ.
2249 2802 2374 2858 594.
2414 2810 2550 2856 seet.
2586 2801 2639 2854 4.
2665 2829 2736 2839 -
2766 2798 3081 2854 Secundum
3134 2809 3242 2854 eat.
3296 2800 3457 2854 codd.
3486 2798 3672 2853 Graec.
3713 2799 3821 2853 Ba-

533 2906 653 2944 var.
683 2907 736 2960 p.
772 2893 840 2945 50
869 2908 949 2961 sq.
979 2894 1031 2946 in
1069 2893 1340 2958 cod.1l8,
1373 2896 1462 2958 (ab
1505 2895 1726 2950 llardtio
1787 2905 2108 2949 numeratur
2139 2892 2267 2956 256,
2307 2891 2404 2946 sed
2435 2890 2582 2943 illam
2615 2888 2738 2942 libri
2767 2886 3016 2944 :.Aretiui
3052 2887 3341 2958 Begu-tege,
3396 2897 3530 2951 εις..
3575 2899 3818 2956 partem.

535 2982 590 3034 iu
632 2997 736 3050 qua
779 2982 867 3036 ille
899 2981 1021 3035 cod.
1061 2994 1402 3046 recensetur,
1433 2984 1674 3050 nondum
1719 2969 1894 3038 habeo
1935 2983 1985 3037 iu
2020 2981 2301 3048 manibus)
2329 2988 2458 3034 sunt.
2512 2977 2679 3032 Marci
2711 2975 2935 3045 Ephesii
2977 2977 3041 3031 ad
3072 2975 3364 3045 Georgium
3399 2978 3818 3048 presbyterum,

534 3069 755 3138 quando
788 3068 964 3124 Latini
993 3071 1293 3126 defecerint
1337 3087 1366 3124 a
1397 3081 1544 3127 recta
1576 3073 1718 3138 (Ide;
1747 3072 1923 3144 ejusd.
1970 3073 2307 3144 syllogistira
2338 3085 2500 3141 capp.
2527 3077 2721 3123 contra
2754 3064 2981 3121 Latinos
3029 3075 3085 3122 et
3137 3067 3282 3121 varia
3313 3068 3587 3136 opuscula
3621 3076 3822 3122 contra

534 3157 781 3226 Latinos,
813 3145 956 3213 add;
1007 3158 1072 3214 ad
1101 3175 1152 3213 u.
1187 3159 1240 3213 2.
1274 3158 1444 3216 Haec.
2979 3201 2982 3204 -

606 3248 662 3304 8.
703 3248 966 3319 Apologia
1001 3248 1062 3303 de
1089 3248 1219 3318 fuga
1254 3265 1377 3302 sua.
1417 3248 1634 3304 Citatur
1664 3265 1689 3302 a
1725 3247 1846 3303 Nic.
1877 3249 2158 3304 Comueuo
2193 3263 2316 3318 pag.
2356 3245 2483 3315 525,
2520 3246 2922 3317 pt'aauotiouum
2959 3253 3260 3316 mystagog.

604 3337 659 3394 9.
697 3336 899 3393 Contra
925 3338 1257 3407 encyclicam
1292 3338 1652 3404 Bcssarionis,
1687 3339 1763 3393 id.
1802 3354 1852 3408 p.
1887 3339 2010 3392 172.

511 3453 529 3469 -
606 3427 696 3481 10.
732 3425 975 3496 Epistola
1019 3427 1088 3480 ad
1140 3426 1418 3497 Georgium
1453 3424 1816 3493 Scholarium,
1842 3442 1947 3496 qua
2004 3441 2127 3481 eum
2162 3425 2533 3495 reprehendit,
2574 3425 2720 3496 quod
2755 3425 2822 3481 ad
2865 3422 3093 3480 Latinos
3149 3422 3455 3479 deﬂexerit.
3483 3423 3549 3478 γ.
3582 3425 3648 3479 ad
3675 3444 3734 3480 n.
3767 3426 3825 3489 2,

536 3516 572 3575 5
605 3526 660 3572 et
688 3516 748 3583 v7,
779 3532 943 3586 supra
979 3515 1030 3570 in
1068 3516 1168 3572 hoc
1193 3518 1303 3570 vol.
1341 3532 1395 3584 p.
1451 3516 1580 3580 572,
1620 3525 1754 3571 sect.
1792 3517 1846 3570 5.
1873 3545 1944 3556 --
1974 3514 2156 3572 Paris.
2186 3517 2238 3570 in
2282 3517 2421 3572 bibl.
2490 3517 2644 3586 pubi.
2683 3518 2813 3571 cod.
2882 3515 3021 3570 1218
3067 3516 3143 3585 (in
3187 3531 3295 3586 quo
3349 3517 3473 3570 cod.
3507 3518 3663 3586 plura
3697 3535 3827 3573 esse

537 3604 702 3659 Marci
739 3603 942 3675 Eugeu.
979 3605 1260 3673 opuscula,
1291 3605 1402 3673 jam
1440 3615 1598 3671 antea
1632 3606 2095 3682 observavimus),
2133 3621 2187 3658 u.
2225 3606 2314 3662 10.
2343 3637 2415 3646 ——
2439 3603 2730 3661 Florentiae
2779 3606 2831 3659 iu
2884 3604 3007 3658 cod.
3064 3604 3322 3660 Laurent.
3378 3605 3521 3667 XIII,
3555 3624 3612 3660 u.
3645 3608 3738 3672 45,
3772 3618 3828 3662 et

536 3709 595 3748 u.
634 3694 726 3756 4‘2,
761 3703 843 3746 est.
905 3693 1080 3762 ejush
1138 3693 1288 3762 εὐχὴ,
1353 3693 1542 3750 Oratio
1602 3694 2105 3761 ἱηο.ἘΘαυμαστὰ

2255 3699 2268 3764 '1
2326 3694 2529 3762 γνῶσίς
2565 3712 2659 3747 σου
2689 3693 2746 3759 ὲξ
2785 3691 2942 3762 ὲμοῦ.
2983 3690 3052 3746 γ.
3089 3692 3323 3748 Bandin.
3359 3693 3484 3747 Cat.
3517 3694 3695 3749 Codd.
3742 3712 3824 3764 gr.

537 3781 704 3837 Laur.
749 3781 833 3842 lll,
864 3798 915 3851 p.
951 3782 1073 3836 110.
1104 3811 1172 3820 --
1201 3782 1425 3835 Tauriu.
1461 3783 1513 3838 in
1549 3784 1671 3837 eod.
1698 3782 1832 3853 Reg.
1869 3783 1991 3849 161,
2023 3784 2192 3854 Epist.
2227 3784 2290 3837 ad
2320 3783 2519 3853 Georg.
2565 3783 2818 3837 Scholar.
2853 3781 2921 3836 ν.
2958 3782 3078 3837 Cat.
3110 3782 3267 3836 codd.
3311 3798 3392 3851 gr.
3424 3781 3596 3836 Taur.
3629 3801 3682 3852 p.
3718 3787 3830 3840 215

537 3887 656 3940 seq.
684 3870 795 3924 luc.
838 3871 1020 3938 ⁸οσης
1058 3872 1204 3940 ἡμᾶς
1239 3869 1544 3940 ἐνέπλησας
1573 3870 1788 3939 ἡδονῆς.
1828 3869 2023 3924 Eadem
2057 3885 2106 3924 es

2258 3872 2369 3924 cod.
2398 3869 2712 3940 Mosqueusi
2745 3879 2952 3940 lypogr.
2988 3869 3189 3939 syuod.
3244 3869 3335 3937 21,
3379 3887 3436 3926 u.
3477 3871 3568 3936 11,
3603 3877 3668 3928 ad
3695 3875 3827 3944 phi-

537 3963 753 4031 loSOpb.
783 3961 1072 4031 quemdam
1112 3960 1491 4022 Scholarium;
1547 3976 1602 4014 ν.
1629 3960 1889 4022 Mattbzei,
1918 3961 1958 4014 l.
1996 3975 2047 4014 c.
2087 3975 2138 4030 p.
2174 3960 2299 4015 514.
2344 3958 2515 4012 ΙΙΑΜ..

613 4051 698 4105 11.
738 4050 981 4117 Epistola
1006 4055 1073 4103 ad
1097 4047 1380 4118 Georgium
1415 4050 1776 4120 presbyterum
1807 4049 2201 4120 (Scltolarium)
2230 4057 2415 4102 contra
2447 4049 2578 4099 ritus
2613 4056 2662 4099 et
2694 4046 2965 4115 sacriﬁcia
2988 4044 3242 4101 Romana:
3264 4045 3542 4115 Ecclesia,
3585 4050 3780 4120 incipit
3814 4072 3827 4108 :

537 4142 650 4212 Τὴν
681 4142 900 4211 γραφήν
933 4158 1026 4192 σου
1060 4139 1374 4208 δεξάμενος.
1417 4139 1568 4192 lianc
1602 4137 1934 4209 oppugnavit
1964 4137 2106 4192 Audt

2259 4136 2583 4190 Iolosseusis
2624 4134 2677 4188 iu
2713 4135 2929 4204 dialogo
2963 4134 3028 4188 ad
3065 4136 3210 4188 cives
3241 4136 3653 4203 Mt‘lilOlleIlSCS,
3687 4151 3828 4196 teste

537 4230 759 4291 Allatio,
788 4245 839 4297 p.
889 4228 1007 4283 162.
1040 4237 1232 4281 contra
1260 4226 1665 4297 Creyghtouum
1724 4235 1777 4279 et
1817 4214 1884 4279 de
1927 4240 2222 4288 consensu,
2259 4240 2312 4294 p.
2345 4224 2474 4281 955.
2517 4223 2684 4277 FABR.
2724 4220 2846 4276 Vid.
2886 4223 2953 4278 ad
3008 4239 3066 4277 u.
3113 4223 3165 4290 7,
3209 4236 3264 4277 et
3305 4224 3532 4282 Gerium
3557 4229 3627 4282 ad
3660 4229 3828 4284 Cavei

537 4319 678 4373 Hist.
715 4319 818 4370 litt.
856 4315 956 4371 SS.
997 4315 1110 4368 EE.
1149 4317 1182 4368 l.
1213 4331 1260 4370 c.
1307 4333 1359 4385 p.
1397 4315 1522 4370 158.
1572 4315 1741 4369 11Αῐιι..

611 4406 698 4459 12.
738 4406 1150 4458 Antirrheticum
1178 4414 1365 4457 contra
1395 4403 1662 4455 Andream
1694 4389 2075 4456 Colossensern.
2114 4398 2324 4454 Citatur
2355 4403 2383 4454 a
2411 4399 2536 4453 Nic.
2570 4398 2859 4463 Comneno,
2889 4415 2944 4469 p.
2978 4399 3070 4464 42,
3105 4401 3229 4464 556,
3265 4403 3392 4456 120.

611 4495 700 4546 15.
735 4494 856 4544 Ὅτι
893 4494 952 4544 ού
987 4479 1149 4560 μὸνον
1181 4491 1284 4543 ἀπὸ
1319 4492 1502 4560 φωνῆς
1527 4490 1635 4542 τῶν
1660 4489 2000 4542 δεσποτικῶν
2030 4491 2180 4558 ρημά

2265 4508 2291 4541 ν
2328 4491 2652 4558 ἀγιάζονται
2680 4495 2750 4542 τὰ
2780 4489 2902 4542 θεῖοι
2933 4491 3104 4561 δῶρα.
3141 4490 3294 4555 Quod
3322 4493 3633 4548 divinorum
3660 4497 3829 4551 dono-

540 4600 661 4636 rum
690 4582 1015 4635 consecratio
1057 4596 1158 4632 non
1187 4580 1356 4632 solum
1399 4580 1459 4648 ﬁt
1498 4578 1663 4632 verbis
1697 4577 2013 4639 Dominicis,
2066 4585 2154 4631 sed
2191 4580 2353 4631 etiam
2399 4595 2431 4632 ιι
2463 4577 2669 4646 Spiritu
2715 4589 2902 4632 sancta
2966 4595 3057 4648 per
3092 4596 3267 4648 preces
3299 4589 3347 4633 et
3404 4581 3828 4639 benedictionem

538 4671 846 4724 sacerdotis.
889 4668 1127 4737 Incipit:
1173 4668 1364 4736 Ἡμεῖς
1401 4670 1464 4720 ἐκ
1503 4667 1612 4718 τῶν
1675 4665 1837 4733 ἱερῶν
1903 4665 2107 4717 amato

2293 4667 2481 4724 Graece
2541 4671 2605 4723 ad
2637 4671 2846 4724 calcem
2909 4671 3257 4738 llturgiarum
3296 4670 3351 4723 S.
3386 4670 3604 4736 Jacobi,
3647 4675 3826 4731 Basilii

539 4770 592 4814 et
619 4759 1018 4829 Cbrysostomi,
1065 4773 1120 4826 p.
1158 4756 1432 4824 138-141;
1466 4755 1640 4810 Paris.
1680 4755 1819 4808 1560
1856 4752 1950 4806 fol.
1988 4765 2040 4807 et
2069 4754 2262 4810 Latine
2289 4758 2338 4809 in
2369 4757 2666 4826 Liturgicis
2702 4757 2915 4812 Claudii
2946 4757 3013 4810 de
3040 4757 3313 4823 Saiuctes,
3339 4758 3628 4830 Autwerp.
3669 4763 3828 4829 1562,

540 4851 596 4915 8,
627 4866 747 4920 pag.
779 4849 869 4903 82.
907 4849 1070 4903 Faue.
1103 4849 1164 4904 V.
1208 4849 1275 4902 ad
1311 4866 1363 4903 u.
1397 4847 1452 4900 2.
1486 4877 1555 4885 —-
1591 4845 1765 4900 Paris.
1799 4847 1849 4897 in
1879 4844 2010 4899 bbl.
2049 4847 2198 4915 publ.
2229 4846 2390 4900 codd.
2422 4845 2590 4911 1201,
2622 4863 2677 4900 n.
2713 4848 2771 4909 2,
2807 4857 2860 4900 et
2890 4845 3053 4912 1218,
3084 4862 3138 4901 n.
3164 4846 3216 4902 9.
3250 4847 3554 4904 —-1ucod.
3590 4851 3829 4907 Coislin.

539 4940 666 4996 290.
705 4939 768 4995 ν.
797 4938 1096 4992 Moullauc.
1127 4937 1267 4990 Bibl.
1303 4935 1467 4991 Coisl.
1497 4951 1549 5006 p.
1573 4935 1700 4988 406.
1735 4934 1905 4987 ΗΑΜ..

611 5030 700 5084 11.
737 5026 1014 5095 Expositio
1047 5027 1146 5095 τῆς
1177 5024 1643 5095 ὲκκὶησιαστικῆς
1700 5020 2028 5084 dissimilia;
2088 5021 2171 5074 edi

2283 5020 2472 5077 Grmce
2509 5022 2574 5078 ad
2610 5025 2817 5081 calcem
2873 5042 3100 5096 operum
3137 5027 3413 5083 Simeouis
3464 5029 3832 5086 Thessaloni-

540 5122 742 5185 censis,
767 5116 931 5170 Jassii
967 5118 1017 5168 iu
1048 5101 1311 5169 Moldavia
1341 5114 1497 5179 1685,
1533 5113 1626 5167 fol.
1663 5110 1832 5184 Faue.
1863 5108 1924 5164 V.
1965 5111 2030 5163 ad
2068 5126 2124 5164 u.
2166 5111 2215 5176 1,
2249 5111 2304 5174 2,
2341 5111 2582 5180 Mosquze
2642 5114 2696 5168 in
2730 5115 2850 5178 cod,
2883 5115 3078 5186 synod.
3110 5117 3237 5182 595,
3273 5133 3329 5174 u.
3359 5117 3413 5172 2.
3456 5116 3518 5172 ν.
3557 5117 3830 5187 Mattliaei,

540 5210 578 5261 I.
616 5223 666 5262 c.
699 5224 751 5277 p.
795 5206 922 5268 210,
961 5204 1138 5258 Paris.
1174 5205 1226 5257 in
1264 5203 1394 5257 bibl.
1432 5203 1580 5271 pubi;
1618 5199 1945 5256 eodd.1218
1970 5209 2023 5255 et
2055 5199 2212 5254 1261.
2246 5231 2314 5239 —
2339 5199 2502 5255 Couf.
2563 5218 2730 5273 supra
2776 5204 2828 5257 iu
2881 5204 2935 5258 h.
2999 5206 3104 5259 vol.
3138 5222 3191 5275 p.
3225 5205 3318 5262 80.
3353 5238 3423 5248 —
3459 5206 3664 5265 Gerius
3702 5210 3742 5265 I.
3781 5227 3828 5266 ο,

543 5302 877 5370 suspicatur,
919 5299 1059 5353 hanc
1083 5297 1474 5366 expositionem
1515 5311 1623 5350 non
1652 5293 1873 5350 diﬂ'erre
1909 5309 1936 5347 a
1974 5293 2134 5348 Marci
2163 5294 2299 5364 Eug.
2341 5295 2668 5366 Paraphrasi
2722 5297 2773 5351 in
2809 5296 3304 5357 Peutecostarium.
3333 5300 3506 5357 HARL.

616 5391 704 5447 15.
749 5389 1080 5459 Purap/tasis
1109 5389 1159 5439 in
1197 5386 1669 5440 Pentecostarium.
1707 5385 1869 5439 Allat.
1899 5385 2032 5438 diss.
2064 5400 2122 5447 II,
2151 5399 2276 5453 pag.
2307 5385 2436 5448 280,
2479 5385 2547 5440 de
2579 5387 2735 5442 libris
2771 5387 2977 5444 Eceles.
3013 5389 3351 5446 Graecorum.

614 5482 700 5534 16.
738 5479 1022 5548 liesponsio
1055 5477 1250 5544 duplex
1284 5475 1352 5528 ad
1384 5461 1601 5528 Latinos
1623 5477 1683 5529 de
1721 5475 2053 5544 purgatorio.
2104 5473 2182 5527 Ms

2267 5490 2289 5525 a
2335 5474 2757 5531 bibLCa-sat'ea.
2782 5477 2975 5548 Incipit
3008 5479 3259 5553 εἙπειδὴ
3296 5483 3443 5551 μετὰ
3481 5484 3736 5558 ἀγάπης.
3774 5487 3836 5542 Et

616 5692 690 5758 (b)
724 5689 780 5745 S.
818 5704 934 5759 pag.
963 5689 1087 5744 250.
1124 5687 1323 5742 liollar.
1360 5703 1414 5741 u.
1444 5687 1497 5755 0,
1533 5690 1652 5743 cod.
1686 5686 1774 5743 08.
1807 5687 1979 5740 ιῑλιιι.
