3974 6334
156 186 299 242 101⁸1
1593 179 1725 240 ΝΟἾ

1891 181 1930 241 ι,
2172 150 2197 171 ⁴
2246 180 2249 181 ί
3320 172 3460 234 ιυτδ

150 292 348 352 ἐπιιδὴ
369 311 704 366 σαφεστερον
722 294 867 365 ἡμᾶς
885 294 1186 351 ἀπαιτεῖτε.
1206 294 1463 350 Lambec.
1488 293 1599 360 Vll,
1618 308 1719 363 pag

1890 306 1998 360 seq.
2027 290 2105 365 [p.
2125 291 2254 356 257,
2272 305 2387 363 seq.
2415 290 2553 347 Kell.
2577 306 2634 347 ιι.
2656 288 2812 345 5014
2840 285 2962 345 cod.
2999 284 3112 357 68.]
3134 284 3305 356 Supra
3327 302 3381 339 ιι.
3400 284 3459 357 2,

224 382 401 438 Etiam
437 384 691 447 ,libeiius
740 385 809 441 de
860 386 1199 457 purgatorio,
1239 385 1419 441 editus
1483 386 1588 441 sub
1644 382 1749 447 Nili
1806 381 2065 447 nomine,
2122 381 2303 437 Marco
2370 387 2563 436 nostro
2638 395 2668 436 a
2722 377 3054 451 quibusdam
3118 375 3454 430 vindicatur.

152 470 322 528 Faue.
386 472 447 528 In
507 472 633 530 cod.
674 471 987 546 Mosquensi
1051 478 1249 549 synod.
1301 475 1405 532 39l
1468 486 1599 532 sunt
1645 483 1721 529 tre

1893 470 2229 541 :sponsioues
2280 470 2346 525 ad
2404 469 2587 526 Latin.
2650 487 2708 527 ιι.
2768 470 2823 526 6.
2871 469 2987 525 Inc.
3036 464 3259 533 Ἐπειδὴ
3320 465 3462 534 μετὰ

146 564 416 636 arcium;
449 580 505 619 n.
546 566 578 620 7
630 566 747 620 inc.
776 566 986 638 Πολλῆς
1032 569 1133 638 μὲν
1171 569 1247 633 ὡς
1281 567 1502 640 ἀληθῶς
1524 582 1542 600 ⁸
1571 584 1628 623 n.
1663 566 1715 633 8,

1908 561 2125 633 Ἐπειδὴ
2171 562 2530 634 σαφέστερον.
2589 562 2652 617 γ.
2686 562 2949 627 Matthxi,
2982 560 3017 616 l.
3050 573 3100 614 c.
3143 573 3198 629 p.
3228 556 3357 612 251.
3390 558 3477 598 -“

150 649 211 704 In
236 651 354 708 Cat.
385 667 520 710 mss.
564 654 792 727 Angliae,
823 666 929 712 etc.
965 656 1074 713 vol.
1112 657 1179 722 ll,
1235 671 1287 738 p.
1319 657 1409 723 61,
1450 674 1506 712 ιι.
1537 657 1700 721 2253,
1733 653 1802 709 de
1868 652 1994 709 cod.
2021 650 2294 707 Vossiano
2330 653 2454 717 142,
2522 653 2634 707 haec
2688 662 2814 708 nota
2861 649 3041 707 Vossii
3100 647 3401 738 adducitur
3439 665 3456 702 :

158 759 179 793 ι
216 741 387 798 Marci
415 744 743 814 arehiepisc.
789 744 1049 816 Ephesini
1083 736 1256 800 oratt.
1285 745 1353 801 de
1379 744 1625 801 Latinor.
1657 745 2002 818 purgatorio,
2037 757 2103 819 ac
2157 742 2224 799 de
2258 742 2326 799 iis
2358 757 2481 813 quae
2519 744 2749 797 tractata
2792 742 2945 797 luere
2980 742 3035 797 in
3088 740 3299 812 synodo
3324 736 3457 793 Flo-

156 830 509 890 rentina.Ex
558 832 643 889 his
699 832 922 905 colligo,
969 833 1231 906 anonymi
1263 831 1583 889 Orationem
1634 833 1699 887 de
1761 832 2099 905 purgatorio,
2136 846 2167 886 a
2206 830 2484 887 Salmasio
2542 830 2697 901 operi
2743 830 2805 885 de
2839 829 3083 885 Primatu
3119 828 3455 892 subnexam,

157 914 328 973 Marci
356 917 620 989 Ephesinl
660 935 767 976 non
804 935 944 990 esse,
977 930 1038 977 ut
1096 935 1272 991 nuper
1329 921 1526 990 scripsi
1589 920 1643 975 in
1714 919 1989 976 Observat.
2018 923 2201 992 _sacris
2250 928 2307 975 et
2340 917 2396 974 in
2446 916 2775 973 Bibliotheca
2812 917 3029 973 selecto.
3081 915 3454 984 Quaarendum

124 1008 370 1076 -itaque,
414 1007 573 1074 cujus
602 1008 717 1065 haec
752 1010 931 1064 oratio
985 1008 1058 1066 sit
1104 1008 1372 1065 auctoris.
1404 1008 1513 1064 Alii
1564 1023 1700 1064 sane
1755 1004 1987 1066 Nicoiao
2041 1008 2335 1075 Cabasilae,
2374 1006 2467 1062 alii
2498 1005 2623 1061 Nilo
2673 1004 3162 1061 Thessalonicensi
3193 1019 3314 1060 eam
3350 1002 3456 1057 tri-

159 1092 361 1150 buunt.
398 1113 417 1147 ι
457 1093 625 1151 Hanc.

2476 1085 2485 1098 1

2614 1146 2625 1155 ι

234 1183 305 1237 17
365 1182 640 1254 Professio
673 1185 800 1256 ﬁdei
835 1184 887 1240 in
920 1183 1160 1241 concilio
1191 1183 1517 1242 Florentino
1543 1186 1755 1257 pridem
1784 1188 2016 1259 scripta,
2062 1186 2159 1243 sed
2221 1185 2445 1241 demum
2486 1184 2653 1254 paulo
2687 1190 2815 1238 ante
2863 1182 3074 1238 obitum
3119 1181 3289 1246 edita,
3317 1181 3455 1237 inci-

159 1271 245 1339 pit
274 1287 291 1326 :
334 1271 480 1341 Ἐγὼ
514 1275 580 1345 τῇ
606 1274 702 1327 τοῦ
729 1272 868 1327 Θεοῦ
904 1272 1090 1345 χάριτι
1118 1274 1391 1344 δόγμασιν
1420 1274 1719 1345 ἐντραφεὶς

1889 1275 2057 1330 ὅέσιν.
2088 1264 2462 1347 υριιιιςιιεινίι.⁸
2485 1271 2788 1344 Gregorius
2820 1270 3286 1343 Protosynceilus.
3320 1268 3458 1325 Vide

158 1360 444 1427 Allatium,
480 1359 555 1416 De
584 1378 862 1429 consensu,
900 1347 1027 1434 pag.
1065 1362 1191 1429 934,
1221 1362 1328 1420 955
1357 1371 1413 1420 et
1438 1363 1570 1432 sse,
1598 1363 1725 1430 285,

1914 1363 2081 1421 ιτριιιιι.
2106 1364 2354 1436 Mosquze
2412 1364 2469 1419 in
2506 1364 2671 1420 codd.
2704 1361 2905 1435 synod.
2942 1363 3009 1417 i3
3048 1372 3103 1418 et
3143 1362 3271 1428 354,
3308 1377 3366 1416 ιι.
3398 1360 3456 1415 2.

162 1450 230 1506 ν.
261 1449 503 1507 Matthsei
542 1451 579 1507 l.
608 1467 659 1508 c.
694 1466 749 1524 p.
789 1452 859 1509 29
890 1461 944 1509 et
968 1453 1101 1522 232,
1128 1452 1221 1510 ubi
1269 1453 1355 1510 bis
1402 1463 1731 1511 memoratui

1889 1470 2014 1527 mpe
2070 1470 2126 1510 η.
2180 1455 2237 1523 2,
2270 1453 2444 1510 Marci
2470 1484 2543 1494 —
2568 1450 2834 1524 Eugenici
2890 1451 2989 1505 καὶ.
3019 1450 3140 1505 νέου
3173 1450 3457 1519 θεολόγου,

158 1538 260 1593 τοῦ
299 1539 710 1611 ἀνατρέψαντος
762 1542 861 1614 τὴν
891 1542 1132 1613 ἄθεσμον
1185 1542 1244 1598 ἑν
1291 1542 1607 1616 Φλωρεντίᾳ
1639 1543 1877 1609 σύνοδον,
1911 1544 2177 1615 ὁμολογία
2234 1545 2517 1608 πίστεωςο
2567 1541 2714 1611 Ἐγὼ
2750 1538 2940 1613 τῇτοῦ
2976 1538 3113 1593 Θεοῦ
3145 1540 3365 1612 χάριτιο
3394 1554 3461 1592 ac

161 1644 222 1683 ιι.
256 1628 314 1683 4.
351 1628 460 1682 Τοῦ
490 1628 661 1684 αὐτοῦ
686 1630 852 1703 ἑτέρα
886 1631 1152 1701 ὁμολογία
1178 1630 1419 1696 πίστεως
1441 1647 1462 1668 ο
1511 1632 1654 1701 Ἐγὼ
1678 1636 1730 1705 τῇ

1905 1632 2043 1687 Θεοῦ
2075 1632 2287 1706 χάριτι.
2314 1631 2371 1687 in
2405 1620 2869 1704 posteriore’cod.
2898 1640 2985 1686 est
3019 1644 3241 1699 quoque
3269 1645 3327 1682 ιι.
3370 1627 3460 1692 14,

163 1714 344 1771 Marci
382 1717 584 1788 Eugen.
608 1718 875 1792 διαθήκηο
918 1719 1029 1776 Inc.
1064 1719 1344 1792 Βούλομαι
1373 1720 1717 1791 πλατύτερον

1891 1722 2008 1793 μὴν
2030 1724 2280 1794 γνώμην.
2320 1720 2508 1793 (Gonl.
2542 1720 2610 1776 ad
2663 1736 2716 1775 ιι.
2749 1718 2832 1792 7.)
2862 1748 2933 1762 -—
2963 1716 3193 1774 o0xonii
3232 1718 3289 1771 in
3321 1715 3460 1772 bibl.

160 1805 378 1861 Bodlei.
403 1807 523 1863 cod.
561 1806 790 1864 Barocc.
824 1808 950 1864 114.
981 1836 1050 1849 -
1075 1808 1213 1865 ibid.
1247 1808 1301 1865 in
1326 1809 1452 1866 cod.
1484 1809 1571 1867 Jo.
1606 1810 1828 1867 Selden.
1862 1810 1956 1877 47,
2019 1811 2074 1876 5,
2127 1810 2245 1867 sive
2273 1826 2332 1868 ιι.
2362 1810 2528 1877 3377,
2578 1808 2703 1866 Cat.
2759 1823 2895 1863 mss.
2946 1806 3158 1877 Anglia:
3196 1804 3307 1862 vol.
3338 1805 3377 1873 Ι,
3408 1814 3461 1859 et

161 1912 219 1966 p.
258 1894 389 1961 268,
418 1912 475 1951 ιι.
512 1898 576 1953 14
603 1907 658 1953 et
693 1898 781 1964 15,
822 1899 875 1953 in
904 1898 1252 1956 Adversariis
1281 1898 1411 1955 Ger.
1454 1898 1728 1972 Langbmn

1892 1901 1951 1956 d.
2003 1902 2070 1955 ad
2113 1902 2251 1969 n.5,
2296 1911 2353 1957 et
2382 1914 2578 1971 supra,
2634 1899 2689 1954 in
2724 1899 2782 1955 1ι.
2837 1898 2948 1955 vol.
2975 1912 3035 1967 p.
3065 1897 3195 1963 594,
3221 1905 3363 1952 sect.
3406 1897 3459 1951 4.

162 1986 366 2049 I'aris.,
415 1986 472 2042 in
526 1987 661 2050 bibl.
725 1988 878 2061 pubi.
939 1988 994 2044 in
1056 1989 1327 2061 quinque
1363 1988 1527 2044 codd.
1587 1990 1727 2059 parti

1893 1989 2190 2056 lenioratis,
2244 2005 2301 2044 ιι.
2337 1987 2500 2056 1218,
2570 1986 2737 2055 1259,
2795 1985 2958 2063 1527,
2989 1984 3138 2040 2075
3182 1992 3239 2041 et
3298 1983 3462 2041 5104.

167 2072 346 2131 lianc.
373 2104 377 2107 τ

240 2162 333 2219 18.
360 2162 649 2235 Ecphras‘is
681 2165 925 2224 animam
951 2165 1178 2236 agentis.
1206 2163 1351 2219 Citat
1402 2154 1639 2225 arma...
1670 2165 1737 2219 de
1768 2178 1809 2236 ε]

1890 2154 1981 2220 ιι1υ
2029 2176 2246 2231 octava,
2287 2181 2410 2238 pag.
2467 2164 2597 2222 544.
2652 2154 2747 2237 [ν.
2780 2165 3022 2223 Bandin.
3068 2163 3207 2238 Cat.
3241 2162 3339 2218 cit.
3369 2159 3459 2227 111,

166 2266 225 2321 ιι.
262 2251 390 2315 105,
423 2261 478 2309 et
505 2270 561 2307 ιι.
591 2254 663 2308 27
690 2253 812 2329 cit.|
1490 2308 1496 2314 .

241 2330 332 2399 19.
367 2342 572 2399 Ultima
604 2347 759 2404 verba
789 2346 859 2399 ad
918 2345 1252 2402 Gennadium
1294 2348 1662 2404 Scltolarium.
1694 2345 1829 2402 Vide
1874 2356 2042 2412 Supra
2088 2358 2213 2415 pag.
2260 2342 2366 2398 356
2438 2342 2518 2416 [et
2554 2351 2675 2400 not.
2713 2358 2885 2415 supra
2933 2343 3005 2399 ad
3034 2341 3280 2409 initium,
3312 2347 3369 2396 et
3395 2338 3463 2393 ad

167 2427 230 2481 ii.
270 2427 357 2499 7].
395 2428 641 2484 Meminit
676 2430 997 2486 Gennadius
1021 2432 1139 2502 ipse
1168 2447 1360 2503 supra,
1387 2446 1442 2501 p.
1469 2430 1598 2487 367.
1812 2446 1817 2452 '
2976 2448 2990 2461 '

164 2540 167 2541 ν
242 2516 337 2572 20.
374 2515 701 2583 Ωαανδιίοιιρδ
749 2518 1055 2589 theologiam
1103 2534 1207 2575 ms.
1246 2520 1302 2575 in
1354 2519 1483 2575 bibl.
1518 2520 1725 2576 Caesar.

1890 2534 1939 2587 p.
1981 2520 2049 2574 'H
2084 2520 2178 2575 τοῦ
2236 2519 2369 2575 Υἱοῦ
2424 2519 2779 2598 προσηγορία
2827 2520 2923 2575 δύο
2954 2519 3134 2573 ταῦτα
3173 2517 3459 2589 σημαίνει.

167 2604 434 2663 Lambec.
465 2606 575 2673 Vli,
616 2623 670 2678 p.
709 2608 744 2663 3
797 2606 871 2681 [p.
905 2609 1032 2665 239.
1064 2610 1208 2665 Koll.
1268 2626 1323 2665 ιι.
1378 2609 1436 2677 5,
1466 2611 1587 2666 eod.
1625 2610 1715 2676 68,

1894 2610 2113 2665 iandin.
2175 2609 2298 2665 Cat.
2362 2606 2641 2676 eitat.lll,
2679 2625 2733 2679 p.
2777 2608 2905 2676 100,
2940 2624 2997 2663 ιι.
3031 2607 3126 2675 21,
3172 2606 3297 2663 cod.
3371 2606 3463 2673 i3,

169 2695 316 2767 plut.
352 2694 467 2768 74].

246 2784 339 2839 21.
371 2767 562 2853 capita
594 2784 853 2849 LXVIII,
884 2796 1070 2840 contra
1096 2786 1321 2841 hivresiu
1352 2786 1815 2857 Acindynistarum

1896 2800 1959 2841 IS.
1991 2786 2045 2840 in
2072 2767 2512 2849 bibi..G:esarea,
2546 2785 2716 2856 incip.
2750 2786 2896 2856 Κεφ.
2930 2792 3001 2852 α’,
3033 2785 3096 2840 EI
3127 2785 3328 2839 ταυτόν
3346 2785 3465 2838 ἐστι

168 2872 315 2926 Θεοῦ
349 2874 508 2928 οὐσία
545 2877 641 2929 καὶ
670 2862 943 2945 ὲνέργέια.
986 2873 1242 2929 Lambec.
1289 2872 1355 2939 V,
1389 2889 1514 2945 pag.
1542 2873 1648 2928 226
1687 2876 1737 2946 [ι]

1893 2874 1933 2928 3.
1971 2874 2183 2931 Koilar.
2212 2890 2266 2929 ιι.
2307 2876 2357 2939 1,
2398 2875 2526 2931 eod.
2561 2874 2722 2947 278].
2751 2902 2755 2909 -
2781 2876 2951 2931 Marci
2984 2875 3233 2945 archiep.
3263 2873 3462 2944 Ephesi

169 2971 373 3017 contra
408 2964 725 3027 lmretieos,
785 2963 975 3020 Venet.
1040 2964 1093 3017 in
1160 2962 1296 3018 bibl.
1344 2962 1514 3020 Marc.
1575 2978 1691 3018 sec.
1756 2961 2061 3021 Montl‘aue.
2096 2964 2240 3021 Bibl.
2284 2965 2527 3019 biblioth.
2583 2982 2713 3020 mss.
2763 2982 2819 3036 ιι.
2862 2966 2991 3030 469,
3051 2965 3221 3020 Ε.-
3252 2965 3311 3020 in
3336 2965 3464 3021 cod.

175 3047 410 3107 Coislin.
443 3050 572 3117 288,
602 3050 773 3107 Marci
811 3051 1058 3107 monachi
1091 3050 1362 3107 adversus
1392 3050 1643 3107 Bariaam
1678 3059 1731 3105 et
1769 3040 2118 3131 Acindynum
2176 3069 2371 3125 opusc.
2410 3054 2559 3125 quod
2603 3069 2686 3125 gr.
2738 3065 2791 3110 et
2825 3053 2921 3109 lat.
2954 3053 3123 3109 edidit
3158 3051 3463 3131 Montiauc.

79 3176 99 3199 ,ι
140 3139 233 3195 in
264 3139 399 3195 bibl.
444 3139 676 3197 Coislin.
708 3156 762 3213 p.
789 3140 915 3209 404,
952 3156 1075 3209 sqq.
1107 3138 1268 3195 Gonl.
1304 3155 1497 3208 supra,
1536 3142 1588 3195 in
1623 3139 1680 3195 1ι.
1713 3140 1819 3196 vel.
1858 3156 1912 3212 p.
1951 3128 2076 3197 507.
2112 3141 2282 3198 Haec.
3162 3128 3167 3133 ’

245 3227 339 3283 22.
380 3228 624 3285 Canones
656 3240 774 3286 octo
807 3232 863 3286 in
896 3228 955 3285 S.
1000 3228 1272 3301 Virginem
1327 3227 1616 3298 Deiparam
1663 3238 1737 3284 et‘
1773 3229 1878 3285 duo
1908 3230 2119 3284 cantica
2166 3231 2223 3283 in
2266 3228 2326 3286 S.
2364 3220 2718 3297 Trinitatem,
2780 3244 2887 3285 ms.
2919 3229 2974 3284 in
3019 3230 3157 3286 bibi.
3187 3230 3465 3293 Caesarea,

175 3315 349 3387 incip.
376 3316 710 3389 ’Δρχόμενος
737 3320 981 3389 σήμερον
1017 3317 1111 3372 τοῦ
1145 3318 1485 3373 τελευταίου.
1526 3317 1744 3372 Lambei

1896 3356 1909 3382 ,
1945 3333 1999 3387 p.
2038 3318 2145 3373 284
2193 3317 2271 3390 [p.
2314 3318 2440 3383 599,
2469 3334 2583 3389 seq.
2614 3317 2754 3373 Koll.
2792 3321 2915 3374 cod.
2978 3317 3137 3391 3:24].
3188 3318 3367 3374 Paris.
3410 3319 3465 3372 in

173 3404 315 3461 bibi.
348 3405 499 3476 pubi.
528 3405 694 3472 2075,
739 3407 893 3477 plura
954 3415 1111 3470 sunt,
1144 3422 1266 3477 qum
1299 3406 1615 3463 summatim
1644 3404 1921 3474 indicabo,
1947 3421 2005 3460 ιι.
2041 3405 2134 3469 25,
2176 3406 2342 3461 Marci
2373 3407 2573 3491 Ephesi
2610 3406 2852 3475 Epistula
2887 3407 2951 3461 ad
2996 3422 3272 3462 summum
3333 3423 3470 3479 pon-

175 3494 405 3549 tificem.
436 3526 505 3538 -—-
540 3493 610 3550 N.
653 3496 745 3559 26,
795 3494 1072 3550 Professio
1128 3495 1251 3549 lidei
1276 3512 1290 3562 ;
1320 3524 1389 3535 —-
1416 3495 1479 3549 Ν.
1513 3494 1605 3559 27,
1675 3492 1933 3549 Carmina
1966 3493 2118 3549 varia
2172 3494 2239 3548 ad
2304 3492 2670 3564 Euthymium
2708 3494 3081 3564 pat‘riarcham
3111 3511 3124 3557 ;
3156 3523 3226 3531 —-
3258 3491 3324 3546 N.
3374 3492 3467 3557 28,

130 3608 135 3613 ο
174 3581 467 3652 Expositio
498 3583 772 3655 symboli;
810 3599 867 3638 ιι.
906 3583 1000 3646 29,
1032 3581 1224 3654 hymni
1265 3583 1320 3637 in
1361 3581 1687 3651 Deiparam;
1719 3611 1789 3624 -
1822 3581 1888 3638 Ν.
1920 3582 2013 3649 30,
2061 3579 2299 3637 Humilia
2358 3582 2414 3637 in
2455 3584 2763 3638 orationem
2812 3581 3185 3637 Dominieam.
3241 3580 3302 3635 in
3341 3582 3467 3636 eod.

175 3671 309 3725 cod.
355 3671 517 3726 multa
554 3669 784 3727 Joannis
810 3669 1074 3741 Eugenici
1106 3686 1307 3742 epuse.
1352 3670 1862 3741 deprehenduntur.

265 3758 462 3816 Versus
522 3761 603 3824 είς
657 3762 830 3829 τάφον
880 3760 977 3814 τοῦ
1026 3759 1355 3815 διδασκάλου
1408 3759 1580 3831 κυροῦ
1625 3760 1827 3831 Ἰωσὴφ

1901 3759 1953 3813 οὗ
2001 3759 2336 3833 Βρυεννεου;
2371 3760 2484 3820 inc.
2517 3747 2694 3815 Ὀὐδέν
2735 3779 2786 3813 τι
2822 3761 3013 3815 καινόν
3041 3777 3057 3828 ;
3091 3763 3143 3816 in
3170 3762 3296 3817 cod.
3323 3762 3470 3817 Mus—

176 3851 380 3921 qucnsi
416 3850 613 3921 synod.
646 3849 774 3914 297,
804 3867 861 3904 ιι.
887 3849 943 3904 2.
970 3848 1036 3905 V.
1068 3848 1329 3914 Matthei,
1361 3849 1397 3904 l.
1433 3864 1481 3907 c.
1515 3866 1570 3921 p.
1606 3849 1728 3905 192.
1764 3848 1940 3907 "Alli...

251 3936 348 3991 23.
386 3935 570 3992 Sermo
604 3937 657 3990 in
704 3934 762 3991 S.
798 3935 936 3991 Elia:
969 3936 1105 4007 festo
1149 3936 1204 3992 in
1259 3938 1427 4007 ofﬁcio
1459 3938 1734 4007 legendus,
1768 3938 1820 3992 in

1900 3953 1938 3992 ι.
1973 3938 2125 3992 Ἔδει
2162 3939 2263 4009 μὲν
2287 3937 2511 4009 ἀληθῶς
2553 3939 2683 4008 ἡμῖν
2737 3936 3272 4007 οὐρανοδρόμουτοῦ
3307 3939 3469 4007 λόγου

185 4024 621 4094 συνεπαρθῆναι.
653 4024 801 4080 Citat
831 4024 1130 4095 Gregorius
1166 4026 1609 4096 protosyncellus
1640 4026 1904 4095 Apologia
1930 4036 2123 4081 contra
2152 4025 2397 4081 Marcum
2427 4028 2626 4095 Ephes.
2660 4034 2793 4081 tom.
2825 4024 2967 4091 XIII,
3004 4023 3206 4080 Concil.
3244 4026 3470 4094 Labbci,

178 4128 239 4185 ιι.
278 4113 408 4178 802,
436 4121 492 4168 et
520 4114 842 4184 rogantibus
870 4114 1043 4170 Cretae
1073 4115 1270 4170 incolis
1301 4115 1567 4185 scriptum
1605 4116 1674 4170 ab
1699 4128 1763 4169 eo
1800 4123 2030 4168 testatur
2064 4115 2164 4185 (ά).

258 4202 353 4258 24.
387 4201 463 4256 De
494 4203 728 4259 hominis
758 4204 1129 4259 imbecillitate
1159 4211 1429 4261 tractatus
1458 4202 1556 4275 (c).
1597 4203 1697 4260 Ms.
1734 4203 1789 4258 in
1816 4201 1951 4258 bibl.
1980 4203 2328 4274 Augustam.
2362 4203 2455 4275 [ν.
2498 4202 2713 4259 ιὶοίεοιὶ
2747 4201 2866 4258 ind.
2898 4218 3032 4258 mss.
3071 4202 3203 4258 bibl.
3235 4201 3473 4282 August.

184 4308 244 4362 p.
273 4290 366 4347 89.
406 4291 600 4363 ΙΙΑιιι..]

509 4291 600 4363 πη]

255 4381 352 4435 25.
381 4381 446 4436 In
476 4385 769 4437 orationem
816 4382 1153 4438 Dominicam
1222 4400 1327 4441 ms.
1364 4383 1423 4440 In
1456 4383 1592 4440 bibi.
1657 4384 1934 4449 Casarea,
1971 4391 2109 4438 teste
2169 4380 2442 4438 Nesseiio.
2509 4380 2676 4438 Faue.
2724 4383 2870 4439 Part.
2924 4400 2995 4451 ιν,
3030 4400 3086 4455 p.
3120 4384 3246 4452 110,
3283 4402 3337 4441 ιι.
3382 4386 3471 4453 15,

182 4469 313 4525 cod.
348 4468 471 4524 195.
501 4469 644 4536 Add.
679 4471 771 4525 ad.
795 4476 865 4525 'n.
896 4470 988 4525 22.
1031 4470 1203 4525 HARL.
1773 4474 1779 4479 ’

256 4556 349 4612 26.
393 4555 581 4628 Imago
610 4559 948 4613 dormitionis
984 4558 1045 4615 S.
1080 4557 1340 4627 Ephraim
1368 4559 1514 4631 Syri.
1542 4560 1658 4615 lue.
1705 4561 1818 4612 Καὶ

1368 4559 1514 4631 Syri.
1542 4560 1658 4615 hic.
1705 4561 1818 4612 Καὶ
1849 4558 2044 4630 νεκρὸν
2076 4558 2222 4613 ἐστιν
2251 4561 2491 4614 ἐνταῦθα
2542 4561 2672 4614 ἰδεῖν
2692 4578 2705 4591 ·
2743 4562 2871 4616 item
2907 4579 2920 4616 :

254 4646 349 4701 27.
384 4644 569 4717 Imago
600 4650 852 4718 martyris
880 4650 1119 4703 eorunati
1148 4666 1168 4705 :
1199 4648 1351 4725 νΙιιίι.
1382 4650 1591 4721 Χαρίεν
1636 4652 1736 4721 μὲν
1766 4652 1823 4703 ίδι

1932 4650 2028 4703 καὶ
2048 4648 2496 4718 ἀγωνιζομένους
2517 4666 2529 4680 ι
2570 4649 2903 4705 Florentino:
2937 4651 2989 4704 in
3026 4652 3148 4705 cod.
3180 4651 3346 4706 Laur.
3377 4653 3470 4719 21,

180 4750 246 4791 n.
280 4734 305 4788 1
336 4744 391 4789 et
421 4733 477 4793 2.
500 4736 641 4805 plut.
674 4735 726 4789 4.
764 4735 827 4792 ν.
860 4734 1118 4803 Bandini,
1151 4735 1275 4790 Cat.
1308 4736 1405 4792 cit.
1445 4736 1555 4792 vol.
1597 4736 1642 4798 i,
1679 4753 1730 4804 p.

1907 4751 2027 4807 seq.
2057 4766 2127 4809 5—
2163 4734 2321 4790 Prior
2352 4738 2529 4806 imago
2582 4746 2664 4791 est
2695 4753 2911 4807 quoque
2946 4739 3077 4792 ibid.
3124 4740 3178 4791 in
3211 4740 3337 4794 cuti.
3377 4743 3464 4806 l3,

182 4840 248 4879 ιι.
290 4823 381 4889 14,
408 4825 545 4893 plut.
582 4824 671 4879 75.
708 4824 771 4879 V.
808 4822 1037 4880 Bandin.
1068 4825 1103 4878 l.
1143 4840 1195 4880 c.
1231 4825 1323 4891 111,
1352 4841 1409 4895 p.
1442 4824 1566 4889 105,
1596 4825 1687 4879 ubi
1713 4825 2001 4895 Opinatur,
2029 4825 2179 4879 illam
2211 4839 2334 4881 esse
2370 4824 2533 4889 forte,
2563 4840 2683 4894 qua:
2730 4842 2758 4879 ει
2800 4823 3058 4882 Fabricio
3087 4836 3282 4882 nostro
3323 4830 3467 4898 loco,

182 4927 245 4968 η.
280 4912 371 4976 18,
413 4914 516 4968 sub
551 4912 733 4976 titulo,
762 4913 1061 4983 Ecphrasis
1100 4913 1338 4968 animam
1371 4916 1575 4989 agentis
1612 4925 1949 4968 rerensctur.
1993 4912 2163 4969 "ARL.

257 5001 353 5057 28.
388 5000 644 5073 Epilogus
681 5002 933 5058 adversus
984 5003 1227 5057 Latinos.
1278 5004 1396 5059 inc.
1429 5004 1604 5056 Τοῦτο
1648 5003 1710 5055 τὸ
1758 5002 1822 5056 σύ

1912 5001 2066 5070 ολον;
2098 5001 2281 5057 Paris.
2323 5004 2376 5058 in
2423 5002 2556 5058 bibi.
2602 5002 2751 5070 pubi.
2795 5002 2958 5058 codd.
3000 5002 3156 5069 I286,
3193 5020 3246 5058 ιι.
3292 5005 3379 5071 19,
3422 5016 3475 5067 ct

163 5089 353 5163 1295,
386 5105 441 5143 ιι.
464 5089 516 5143 9.
563 5090 619 5143 In
650 5102 885 5160 utroque
922 5091 1112 5146 codice
1152 5091 1257 5147 alia
1281 5090 1445 5144 Marci
1479 5090 1612 5160 Eug.
1653 5093 1919 5159 opuscula
1956 5092 2333 5163 reperiuntur,
2360 5101 2415 5146 et
2456 5092 2731 5161 qtucdam,
2768 5108 2797 5147 a
2836 5090 3096 5149 Fabricio
3136 5093 3365 5162 omissa,
3404 5096 3472 5151 ad

183 5194 245 5236 ιι.
278 5176 336 5247 7;
367 5185 421 5234 et
443 5179 644 5248 passim
676 5178 935 5234 iudicavi.
963 5208 1032 5218 —
1062 5178 1139 5233 De
1170 5180 1411 5233 terminis
1440 5180 1580 5245 vitm,
1616 5198 1668 5235 ν.
1701 5194 1752 5233 ιιι

612 5194 644 5232 ιι
676 5178 935 5234 iudicavi.
963 5208 1032 5218 —
1062 5178 1139 5233 De
1170 5180 1411 5233 terminis
1440 5180 1580 5245 vitaz,
1616 5198 1668 5235 v.
1701 5180 1769 5233 ad
1805 5195 1858 5234 ιι.
1888 5180 1942 5234 5.
1975 5179 2145 5235 lianc.
2178 5173 2181 5178 ’

250 5361 322 5472 ((2
358 5360 427 5411 Ex
452 5361 562 5412 cod.
593 5360 883 5433 Monacensi
910 5361 1179 5434 novissime
1206 5363 1365 5412 edidit
1391 5363 1504 5412 Alb.
1528 5364 1752 5413 Jahnins.

252 5427 269 5472 ί
317 5426 331 5472 1
368 5424 501 5472 (‘itat
534 5432 686 5472 etiam
726 5423 1235 5472 Pseudo-Genuadlus
1267 5428 1316 5472 in
1351 5425 1590 5472 Aooloaia
1628 5437 1714 5472 ιιι-ο
1751 5437 1890 5472 eone.
1932 5425 2176 5472 li‘lorentu
2209 5426 2359 5472 eaniti

252 5423 331 5487 (ά)
368 5424 501 5474 (‘itat
534 5424 686 5475 etiam
726 5423 1235 5486 l’seudo-Genuadius
1267 5428 1316 5476 in
1351 5425 1590 5489 Apologia
1628 5437 1714 5487 pro
1751 5437 1890 5476 conc.
1932 5425 2176 5486 li‘iorent.,
2209 5426 2389 5489 capitis
2424 5425 2451 5474 1
2488 5432 2613 5479 secl.
2643 5430 2693 5478 5.
