3974 6334
117 375 243 440 1661

1130 374 1219 432 LA
1234 371 1627 434 MENTATIO
1654 373 1747 432 DE
1788 370 2010 431 CPOLI
2037 369 2290 460 eam.

3203 360 3345 424 1052

109 492 374 560 κ-ιούμενα
403 487 586 558 μόνον,
629 488 765 542 ἀλλὰ
817 489 910 541 καὶ
958 489 1019 540 τὸ
1050 485 1210 554 σῶμα
1242 488 1533 550 κόπτοντα,
1573 487 1654 540 καῚ

1769 484 2145 540 acerbissima.
2199 482 2332 536 Nam
2366 480 2584 535 visurus
2635 489 2752 536 erat
2792 488 2936 534 certe
2985 479 3096 556 illa,
3133 495 3253 549 quae
3288 476 3341 531 (ει

107 583 324 650 μυρίαις
385 580 515 632 αὐτὸ
563 578 962 648 ταλαιπωρίαις
1015 577 1518 641 καθυποϐἀλλοντα,
1574 577 1668 630 νύ-

104 691 248 742 κτωρ
275 673 367 725 καὶ
403 671 741 740 μεθημὲραν.
769 670 844 724 Οὐ
874 670 938 739 δὴ
966 670 1148 739 θρηνῶ
1179 687 1282 739 μου
1309 669 1397 720 τὸν
1427 671 1663 739 πατέρα,

101 761 217 829 ἅμα
253 761 350 830 μὲν
390 759 608 828 πατρίδι
657 757 1054 827 συνεαλωκότα,
1107 760 1202 811 καὶ
1255 758 1482 833 δούλιον.
1510 755 1666 830 ἦμαρ

102 854 303 915 ίδόντα,
328 855 628 920 ποιητικῶς
664 851 860 914 εἰπεῖν,
893 849 1009 919 ἅμα
1052 849 1109 902 δὲ
1146 853 1213 920 τῇ
1263 850 1514 921 αίσθησει
1564 851 1662 918 τῆς

98 945 364 1012 ἀδοκήτου
420 944 512 996 καὶ
550 942 942 1013 χαλεπωτάτης
981 943 1193 1011 ἐκείνης
1227 943 1470 1005 δουλείας
1505 944 1665 995 πολε-

101 1037 202 1107 μίᾳ
262 1037 406 1104 χειρὶ
449 1035 509 1085 τὸ
573 1034 674 1102 ζῇν
723 1033 1140 1099 ἀπολελοιπότα,
1175 1033 1310 1104 πρὶν
1371 1033 1478 1086 τῶν
1528 1035 1666 1102 μετὰ

93 1127 270 1178 ταῦτα
307 1128 505 1194 πεῖραν
537 1126 726 1178 λαϐεῖν
775 1126 988 1188 δεινῶν,
1033 1125 1319 1193 ἑπομένων
1363 1125 1577 1178 πολλῶν
1608 1142 1663 1177 τε

92 1220 192 1270 καὶ
228 1217 503 1288 μεγάλων·
549 1216 684 1270 ἀλλὰ
715 1217 811 1270 καὶ
841 1209 1194 1287 παραμυθίας
1231 1216 1364 1270 αύτδ
1391 1217 1458 1286 δὴ
1505 1219 1666 1272 τοῦτο

98 1309 361 1377 ποιοῦμαι
384 1308 638 1360 ὑπόθεσιν
664 1311 722 1361 ὲν
753 1309 871 1370 ταῖς
900 1307 1314 1378 κατειληφυίαις
1340 1310 1489 1380 ἡμᾶς
1526 1326 1665 1378 συμ-

94 1402 312 1468 φοραῖς.
346 1401 406 1452 Εἰ
434 1401 489 1451 δέ
512 1417 589 1470 τῳ
619 1400 816 1467 πικρὸν
843 1400 990 1454 δοκεῖ
1040 1401 1100 1455 τὸ
1137 1401 1229 1472 βίᾳ
1256 1402 1353 1471 τῆς
1380 1403 1664 1472 παρούσης

93 1490 242 1559 ζωῆς
269 1490 601 1562 ὑπεξελθεῖν,
621 1489 784 1564 [forte
814 1491 1138 1563 πολεμίους]
1156 1493 1427 1562 πολεμούς
1447 1509 1507 1546 τε
1534 1493 1664 1546 ἰδεῖν

92 1582 479 1649 ἐσπασμένους
515 1581 809 1652 μαχαίρας,
854 1581 1073 1650 φονικὸν
1119 1583 1216 1636 καὶ
1268 1582 1529 1645 πνέοντας
1567 1583 1664 1636 καὶ

87 1674 361 1740 ὁρῶντας,
380 1675 474 1724 καὶ
493 1674 704 1743 πληγὰς
727 1673 1079 1739 ἔντείνοντας,
1103 1673 1135 1743 ἢ
1160 1675 1297 1729 κατὰ
1314 1675 1419 1728 τῶν
1435 1693 1661 1746 καιριω-

89 1767 296 1831 τάτων,
333 1765 422 1819 ἵνα
443 1765 508 1836 δὴ
534 1766 726 1819 θᾶττον
747 1766 987 1836 ἀπολίπῃ
1027 1768 1086 1819 τὸ
1113 1767 1210 1837 ζῇν
1237 1769 1265 1821 ὁ
1295 1768 1660 1838 πληττόμενος

1768 574 1892 628 aliis
1950 573 2281 637 acciderent,
2311 580 2364 625 et
2388 571 2442 626 'ei
2471 571 2572 639 ipsi
2606 570 2925 625 sustinenda
2964 568 3218 634 fuissent,
3245 584 3336 622 su-

1770 665 1883 720 bito
1942 665 1996 718 in
2024 673 2229 718 tantam
2254 664 2378 717 vitm
2397 663 2884 717 commutationem
2922 660 3289 730 pratcipitatus
3319 675 3336 689 ν

1753 773 1888 827 ηοω
1919 757 2055 811 mala
2079 755 2185 810 non
2219 756 2283 810 ad
2313 756 2558 809 animum
2589 755 2765 809 solum
2802 751 3125 822 perventura
3153 763 3335 812 erant,

1766 848 1862 905 sed
1889 863 2092 918 corpus
2135 848 2295 902 etiam
2324 846 2612 913 alllictura,
2646 857 2699 901 et
2728 844 3028 898 innumeris
3076 842 3335 896 aerumnis

1767 945 2104 1013 subiectura,
2128 925 2291 1012 idque
2326 941 2440 995 dies
2475 948 2528 994 et
2558 947 2762 992 noctes.
2801 935 2918 991 Non
2949 935 3111 1013 igitur
3147 935 3332 1003 lugeo,

1768 1038 2012 1106 inquam,
2055 1044 2261 1105 patrem
2296 1047 2496 1096 meum,
2519 1029 2664 1098 quod
2701 1045 2803 1081 una
2839 1012 3054 1096 quidem
3087 1042 3208 1079 cum
3244 1042 3334 1094 pa-

1733 1154 1737 1158 τ
1767 1128 1868 1183 tria
1891 1137 2109 1206 captus,
2129 1122 2406 1180 servitutis
2429 1123 2642 1175 initium
2667 1118 2895 1174 viderit:
2926 1118 3109 1171 statim
3128 1123 3333 1178 autum,

1724 1230 1824 1274 ~ut
1892 1219 2224 1286 inopinatam
2284 1216 2432 1269 illam
2491 1211 2946 1280 durissimamque
3010 1209 3334 1264 servitutem

1765 1326 1927 1368 sensu
1965 1308 2228 1380 percepit.
2269 1305 2450 1361 hostili
2485 1304 2662 1374 gladio
2719 1303 3084 1372 interemptus
3143 1301 3331 1365 luerit,

1765 1402 2081 1472 priusquam
2108 1405 2434 1454 consecutus
2456 1395 2653 1450 exinde
2673 1409 2946 1449 aerumnas
2966 1393 3332 1463 experiretur,

1765 1495 1963 1548 multas
1991 1505 2047 1547 et
2083 1505 2308 1560 magnas
2339 1505 2358 1544 :
2389 1489 2482 1544 sed
2539 1489 2639 1542 hoc
2667 1488 2783 1558 ipso
2803 1529 2816 1549 ,
2849 1501 2949 1556 pro
3007 1496 3333 1553 argumento

1762 1583 2152 1640 consolationis
2175 1589 2320 1646 utor,
2351 1582 2479 1636 dum
2501 1581 2568 1634 ad
2598 1579 3026 1649 magnitudinem
3056 1579 3335 1632 involven-

1768 1675 1903 1729 tium
1936 1690 2037 1731 nos
2067 1674 2438 1729 calamitatum
2495 1672 2725 1742 respicio
2797 1669 2949 1736 Quod
2977 1671 3022 1725 si
3057 1671 3142 1725 cui
3172 1686 3330 1724 acer-

1764 1768 1888 1822 bum
1921 1765 2154 1827 videtur,
2184 1765 2421 1818 violenta
2447 1771 2622 1817 morte
2652 1777 2718 1816 ex
2751 1762 2853 1816 bac
2887 1763 2994 1816 vita
3029 1763 3329 1828 discedere,

88 1857 121 1924 ἢ
159 1855 270 1908 τῶν
297 1849 457 1926 ἦττον
482 1855 760 1922 τοιούτων,
787 1855 852 1908 ἵν’
885 1857 1140 1912 ὲπιπλέον
1179 1858 1567 1928 αίσθανόμενος
1595 1858 1654 1913 τὸ

1757 1873 1881 1914 cum
1911 1857 2094 1912 hostes
2115 1855 2294 1911 videat
2343 1855 2540 1924 aliquis
2595 1854 2807 1910 eductis
2865 1853 3087 1924 gladiis,
3126 1843 3328 1908 caedem

86 1948 374 2016 θνήσκειν,
400 1947 788 2018 ὀδυνηρότερον
817 1949 1037 2017 γίνοιτο,
1067 1949 1475 2020 φιλανθρωπίας
1508 1953 1607 2022 μὲν
1629 1955 1658 2005 ὁ

85 2022 633 2109 τοιοῦτος’λογισμὸς,
665 2039 870 2093 καὶτὸν
899 2039 1125 2094 τοιαῦτα
1155 2040 1540 2110 διανοούμενον
1555 2042 1658 2112 τῆς

85 2131 230 2201 πρὸς
264 2132 361 2202 τὴν
383 2131 544 2198 φύσιν
593 2132 925 2202 ἀποδέχομαι
961 2134 1330 2202 συμπαθείας.
1367 2135 1442 2188 Τὸ
1472 2135 1656 2202 μέντοι

85 2225 192 2277 οὐκ
245 2223 494 2293 ἄμισθον,
521 2223 628 2276 οὐδ’
666 2224 906 2296 ἀκερδὲς
966 2225 1060 2279 τοῦ
1115 2227 1363 2280 τοιούτου
1400 2227 1654 2294 θανάτου,

84 2316 290 2379 πείθει,
326 2316 407 2385 μὴ
450 2315 649 2384 μᾶλλον
691 2315 981 2391 ὀδύρεσθαι
1028 2316 1221 2383 ταῦτα,
1268 2316 1300 2388 ἢ
1347 2319 1537 2386 πράως
1571 2319 1660 2388 φέ-

88 2425 231 2474 ρειν,
265 2401 409 2482 ᾗπερ
451 2406 597 2469 είκδς
635 2407 1028 2478 μταχωρῆσαι
1068 2409 1161 2462 τὸν
1186 2407 1331 2462 οὕτω
1359 2409 1461 2479 τῆς
1510 2411 1658 2478 ζωῆς

85 2498 440 2551 ὑπεκστάντα
484 2497 887 2568 διανοούμενον,
926 2500 1018 2552 καὶ
1073 2500 1330 2572 μάλιστα,
1361 2503 1411 2555 εί
1454 2502 1655 2571 μετιὼν

83 2589 395 2659 ἐτύγχανεν
452 2591 659 2660 ἀρετὴν
697 2591 790 2644 καὶ
821 2591 950 2662 παρ’
970 2586 1110 2646 ’ὅλον
1141 2593 1232 2647 τὶν
1262 2594 1413 2664 αὐτῷ
1453 2611 1658 2666 μετρη-

85 2684 259 2759 θέντα
301 2683 414 2752 βίον
457 2682 624 2753 αὐτὴν
672 2682 819 2753 αὑτῷ
875 2683 1344 2754 προστησάμενος.
1386 2682 1511 2748 Οίός
1565 2703 1656 2755 μοι

83 2776 109 2824 ὁ
143 2774 334 2841 πατὴρ
374 2771 544 2841 μυρία
571 2771 920 2842 συνεσχηκὼς
944 2772 1135 2842 ἀρετῇ,
1170 2776 1264 2826 καὶ
1295 2775 1435 2843 μετὰ
1455 2760 1657 2844 ταύτης

81 2866 404 2918 ἀποθανών.
435 2863 611 2916 Πολλὰ
638 2864 694 2917 δὲ
719 2863 869 2933 αὺτῷ
895 2864 992 2935 τῆς
1017 2867 1219 2937 ἀρετῆς
1244 2867 1312 2920 τὰ
1345 2855 1654 2938 μαρτύρια,

1762 1950 2008 2006 trucibus
2034 1948 2210 2003 oculis
2234 1947 2578 2012 anhelantes,
2612 1956 2666 2000 et
2717 1948 2939 2001 vulnera
2996 1948 3327 2016 inﬂigentcs.

1759 2055 1933 2109 eaque
1986 2039 2070 2094 vel
2100 2039 2430 2108 opportunis
2461 2039 2705 2108 partibus
2734 2039 3076 2108 corporibus,
3130 2040 3333 2107 quibus

1760 2131 2056 2200 percussis,
2085 2133 2192 2187 cita
2219 2146 2362 2185 mors
2388 2131 2650 2201 sequitur;
2678 2133 2756 2185 vel
2783 2142 2841 2187 et
2869 2131 2988 2186 aliis
3030 2132 3216 2186 minus
3242 2149 3332 2202 pe-

1761 2223 2033 2288 riculosis,
2076 2231 2134 2276 ut
2195 2237 2393 2278 sensus
2456 2223 2659 2278 doloris
2718 2222 3035 2277 diuturnior
3096 2232 3324 2277 mortem

1758 2320 1947 2375 aderat
1989 2319 2327 2374 acerbiorem
2389 2320 2802 2380 :humauitatis
2873 2322 3123 2391 equidem
3199 2321 3324 2375 talis

1761 2420 1848 2466 est
1877 2411 2140 2480 cogitatio
2173 2428 2186 2465 :
2219 2426 2457 2481 eumque
2482 2413 2574 2481 qui
2606 2413 2708 2467 hoc
2743 2412 2924 2467 animo
2978 2424 3083 2479 est,
3136 2414 3332 2474 laudo,

1757 2505 1903 2574 quod
1956 2505 2204 2559 humanae
2241 2514 2451 2559 natura:
2480 2505 2956 2559 commiseratione
3007 2505 3271 2560 atliciatur
3311 2523 3324 2558 :

1757 2595 2075 2657 sedtamen,
2099 2595 2224 2664 quia
2281 2611 2429 2651 mors
2486 2596 2795 2665 hujusmodi
2853 2612 2957 2650 suo
3006 2599 3226 2665 prannio
3272 2607 3327 2649 et

1762 2687 1918 2742 lucro
1971 2702 2082 2741 non
2134 2697 2304 2752 caret,
2333 2703 2440 2741 non
2473 2697 2580 2741 tam
2611 2687 2675 2741 ad
2733 2691 3137 2743 lamentandum
3161 2705 3324 2758 quam

1758 2780 1823 2835 ad
1856 2779 2131 2834 moderate
2180 2780 2296 2834 haec
2319 2779 2598 2834 ferendum
2633 2779 2895 2844 adducor,
2931 2781 3059 2832 dum
3111 2796 3319 2835 mecum

1756 2873 2030 2942 perpendo
2090 2871 2454 2926 conditionem
2490 2886 2638 2941 :qua
2690 2871 2816 2926 hinc
2845 2871 3164 2928 discessisse
3193 2888 3324 2942 prn-

83 2954 181 3005 καὶ
211 2955 328 3016 τοῖς
365 2953 525 3007 αὐτὸν
549 2953 711 3007 εἰδόσι
756 2954 1012 3023 γνώριμα
1052 2956 1247 3009 πάντα.
1283 2957 1392 3010 Καί
1425 2975 1514 3026 μοι
1547 2973 1651 3010 πε-

1760 2965 1932 3019 habile
1966 2975 2048 3018 est
2071 2979 2193 3019 eum
2223 2963 2420 3032 quisic
2451 2965 2614 3017 vitam
2651 2962 2908 3030 reliquit;
2965 2965 3200 3031 maxime
3251 2969 3321 3026 si,

82 3044 315 3110 ρίεργον
336 3041 770 3111 ἀπαριθμεϊσθαι
808 3043 984 3096 πάντα
1015 3044 1116 3096 ὅσα
1148 3060 1205 3097 τε
1234 3045 1293 3097 ιν
1346 3061 1654 3116 πτωχοτρο-

1756 3054 1975 3129 virtutis
2021 3055 2202 3109 studio
2251 3054 2494 3118 deditus,
2551 3034 2670 3110 eam
2713 3056 2816 3109 sibi
2867 3071 2964 3124 per
3001 3064 3172 3110 totum
3207 3058 3338 3110 vitae

78 3135 265 3200 φίαις,
289 3133 390 3186 ὃσα
418 3135 475 3185 ὲν
501 3133 733 3204 ὑποδοχῇ
784 3135 974 3200 ξένων,
1017 3136 1331 3207 συμπαθείᾳ
1356 3137 1650 3208 δεομένων,

1758 3159 1869 3198 suae
1893 3144 2224 3200 curriculum
2283 3146 2613 3214 sequendam
2685 3145 2858 3199 duxit.
2917 3144 3064 3201 Talis
3140 3157 3323 3198 autem

78 3227 176 3276 καὶ
240 3225 385 3293 ὅπερ
433 3223 616 3287 ἁπλῶς
650 3225 741 3278 τὸν
793 3226 1058 3295 ἐλεήμονα
1100 3229 1522 3298 χαρακτηρίζει,
1562 3233 1654 3285 καὶ

1759 3250 1912 3290 meus
1949 3244 2100 3305 pater
2136 3236 2370 3298 exstitit,
2394 3238 2487 3306 qui
2527 3237 2838 3296 ind‘ivulsus
2872 3238 3094 3292 virtutis
3149 3247 3323 3292 secta-

75 3317 324 3378 δίκαιον,
379 3314 758 3386 εὐλαϐουμένῳ
797 3319 857 3372 τὸ
910 3319 1086 3372 δοκεῖν
1116 3320 1184 3374 τὰ
1211 3323 1388 3375 οίκεῖα
1435 3322 1681 3394 θαυμάυ

75 3405 218 3480 ζειν,
274 3406 322 3458 tl
370 3406 634 3475 πατρικὸν
678 3406 766 3460 διὰ
810 3408 1022 3479 μακροῦ
1054 3411 1379 3480 διεξέλθοιμι
1408 3413 1651 3469 ἔπαινον.

73 3499 213 3566 (Καὶ
243 3493 409 3566 εἶχεν
429 3497 518 3551 ἔτι
542 3499 832 3580 humator
859 3497 1009 3566 εἶτα,
1037 3502 1129 3556 ὅτι
1175 3504 1370 3572 ἱερεὺς
1392 3501 1470 3575 ἦν
1504 3507 1652 3560 Θεοῦ

72 3591 258 3655 ἄξιος
287 3608 297 3617 ·
327 3590 457 3660 μεθ’
512 3589 568 3657 ἂ,
615 3591 707 3645 ὄτι
764 3595 865 3647 καί
889 3609 1047 3660 τινες
1093 3595 1353 3661 ἀναξίως
1383 3598 1654 3665 ἐτόλμων

70 3673 378 3750 ἱερᾶσθαι,
415 3685 512 3736 καὶ
565 3684 936 3754 λειτουργεῖν
972 3685 1115 3753 Θεῷ,
1153 3686 1254 3741 καὶ
1290 3687 1544 3757 “erat”
1589 3691 1651 3743 Ὀ

73 3775 221 3844 πρὸς
258 3776 369 3838 τοῖς
394 3774 576 3838 ἄλλοις
628 3768 946 3846 ἀτοπημασι
1005 3777 1219 3841 πολλοῖς
1255 3779 1349 3832 καὶ
1393 3780 1682 3849 μεγάλοις,

69 3866 360 3934 ὑπάρξασι
407 3868 548 3932 τότε,
579 3867 731 3920 οὐδὲν
761 3864 944 3939 ἧττον,
969 3856 1023 3922 ἐι
1052 3870 1129 3940 μὴ
1160 3864 1253 3923 και
1295 3870 1520 3939 μᾶλλον,
1548 3871 1649 3942 τὴν

68 3957 315 4026 σιδηρᾶν
332 3958 478 4027 ἡμῖν
502 3957 578 4020 ὡς
627 3959 914 4031 ἀατραπὴν
947 3959 1230 4030 παρώξυνέ
1268 3977 1326 4014 τε
1379 3961 1483 4014 καῖ’
1529 3964 1650 4015 ἀνε-

67 4048 348 4101 στίλϐωσε
386 4048 603 4117 ῥάϐδον,
629 4051 730 4102 ’ἐπὶ
761 4049 906 4104 ἔθνει
938 4052 1187 4121 ἀσυνέτῳ
1217 4053 1651 4121 παροργίσαντος

35 4201 38 4206 _
63 4143 95 4208 ἡ
105 4141 222 4208 μᾶς
261 4140 544 4206 toﬁ-3206,
580 4143 670 4194 καὶ
698 4141 796 4212 τὴν
823 4142 934 4195 τῶν
977 4143 1214 4212 ἀνομιῶν
1243 4145 1398 4214 ἡμῶν
1428 4146 1652 4199 ἐπίσκε-

62 4232 163 4300 ψιν
227 4234 615 4301 ἐργασαμένου
667 4235 728 4286 ὲν
778 4233 1052 4304 μάστιξιν,
1089 4235 1566 4306 ὃτιὲξεκαύθημεν
1591 4239 1651 4291 ἐν

61 4326 189 4386 ταῖς
246 4322 572 4393 ἐπιθυμίαις
602 4326 786 4395 ἡμῶν,
834 4327 926 4378 καὶ
980 4327 1301 4396 ἀπέστημεν
1354 4327 1448 4380 τοῦ
1484 4329 1646 4398 μόνου

59 4414 380 4482 δυναμένου
408 4415 601 4478 σώζειν
627 4418 795 4486 ἡμᾶς.
821 4417 932 4473 Καὶ
951 4413 1099 4483 εἷτα,
1126 4419 1275 4487 μετὰ
1296 4420 1361 4473 τὸ
1382 4419 1650 4484 ἐξειπεῖν

57 4507 161 4558 καὶ
198 4507 371 4559 ἄλλα
399 4507 533 4574 περὶ
561 4507 667 4561 τοῦ
688 4510 925 4577 ,πατρὸς
957 4509 1138 4575 αὐτῷ,
1171 4509 1396 4580 ἐπάγει·

1758 3339 1841 3382 tor
1870 3326 1974 3381 fuit
2010 3338 2061 3382 et
2093 3326 2219 3383 huic
2255 3329 2579 3383 inunortuus
2608 3327 2928 3397 estpltaque
2952 3330 3120 3382 multa
3141 3345 3320 3383 rerum

1756 3419 2106 3473 laudabilium
2144 3419 2470 3474 documenta
2528 3419 2723 3474 dedit:
2759 3431 2886 3474 nota
2932 3420 3060 3484 illis,
3123 3421 3325 3488 quibus

1754 3518 1917 3563 notus
1949 3510 2067 3573 fuit,
2094 3510 2294 3564 omnia.
2319 3509 2426 3564 Nec
2447 3509 2589 3563 mihi
2620 3524 2847 3565 necesse
2868 3521 2972 3575 est,
2999 3525 3324 3562 enumerare

1753 3617 1874 3670 quze
1905 3603 1986 3656 vel
2019 3604 2070 3655 in
2130 3617 2394 3670 pauperes
2441 3605 2707 3672 erogavit,
2775 3602 2854 3656 vel
2886 3603 2936 3654 in
2992 3602 3320 3670 recipiendis

1754 3694 2077 3762 hospitibus,
2125 3694 2746 3764 misericordiieindigis,
2781 3694 3010 3761 benigne
3039 3693 3170 3747 fecit
3235 3693 3315 3744 vel

1754 3787 1841 3840 illa
1869 3786 2067 3854 quibus
2135 3785 2332 3854 aliquis
2356 3787 2830 3854 coguosciturvir
2861 3786 3037 3839 bonus
3069 3795 3122 3838 et
3157 3786 3321 3838 mise-

1753 3879 1948 3932 ricors.
2009 3875 2210 3930 Vereor
2260 3878 2428 3939 enim,
2463 3893 2530 3932 ne
2588 3893 2703 3931 mea
2745 3878 2928 3930 videar
2954 3878 3230 3940 admirari,
3268 3878 3313 3928 si

1753 3985 2010 4038 pati-ruas
2039 3970 2193 4038 longa
2225 3969 2472 4021 oratione
2512 3984 2857 4037 percenseam
2895 3969 3103 4023 laudes.
3133 3969 3195 4020 Et
3222 3971 3319 4020 (ul-

1751 4047 2007 4114 debdnmr
2029 4061 2182 4130 plura
2238 4061 2293 4112 in
2326 4060 2503 4113 eadem
2533 4061 2774 4128 epistola,
2813 4061 2882 4113 ad
2939 4061 3145 4114 laudem
3172 4062 3322 4114 illius

1749 4149 1850 4207 viri
1880 4168 1899 4204 :
1933 4161 2010 4216 ut,
2045 4150 2183 4216 quod
2215 4151 2463 4220 sacerdos
2516 4150 2700 4218 {uisset
2757 4149 2864 4202 Deo
2918 4149 3128 4216 dignus.
3190 4150 3323 4201 Huic

1753 4245 1868 4297 loco
1907 4242 2150 4295 additum
2179 4243 2441 4310 quosdam
2480 4257 2558 4305 se,
2585 4257 2708 4296 cum
2743 4241 2889 4310 digiti
2956 4257 3061 4294 non
3112 4252 3318 4305 essent,

1753 4335 1804 4386 in
1830 4334 2121 4387 sacerdotii
2153 4335 2470 4403 dignitatem
2504 4335 2819 4402 ingessisse,
2867 4344 2921 4386 et
2983 4348 3136 4385 sacra
3172 4333 3316 4385 cele-

1751 4412 1958 4496 brasse.
1997 4424 2098 4480 Ubi
2160 4426 2386 4478 addebat
2428 4441 2446 4478 :
2483 4424 2593 4479 lloc
2620 4427 2782 4478 etiam
2843 4432 3039 4493 prmter
3088 4425 3191 4477 alia
3225 4427 3320 4476 ab-

1678 4510 1724 4564 D
1752 4519 1941 4583 surda,
1977 4533 2100 4587 qua:
2127 4519 2295 4574 multa
2332 4534 2634 4588 magnaque
2668 4528 2795 4573 tunc
2829 4519 3172 4580 exstiterunt,
3209 4531 3316 4569 noli

56 4608 255 4661 minus
283 4603 412 4666 illis,
472 4603 583 4669 imo
640 4603 812 4660 multo
868 4605 1063 4674 magis,
1126 4604 1356 4659 ferream
1419 4608 1645 4678 virgam,
1682 4618 1932 4680 tanquam
1967 4613 2165 4682 fulgur,
2194 4614 2249 4668 in
2313 4629 2410 4670 nos
2445 4615 2672 4669 irritat-it
2743 4615 2795 4669 et
2849 4615 3135 4668 vibravit:
3208 4622 3324 4667 sto-

53 4705 228 4759 lidam
294 4702 407 4772 De'o
429 4707 650 4767 gentem.
688 4698 847 4773 _irate
889 4701 942 4753 in
969 4701 1435 4778 nosimmittente,
1464 4703 1802 4776 ﬂagellisque
1834 4720 2048 4766 nostras
2122 4712 2440 4782 iniquitates
2503 4715 2776 4779 visitante,
2843 4717 2988 4783 quod
3048 4714 3317 4780 cupidita-

55 4801 213 4855 tibus
249 4796 915 4858 nostris'exarseramus,
951 4796 1020 4850 ab
1083 4795 1287 4865 illoque
1350 4797 1444 4866 qui
1505 4799 1654 4853 solus
1702 4798 2043 4859 'conservare
2106 4820 2207 4860 nos
2241 4815 2474 4876 poterat,
2532 4806 2928 4860 defeceramus.
2962 4787 3070 4859 'lIis
3126 4806 3200 4866 ita
3251 4807 3320 4857 de

46 4905 212 4964 patre
240 4892 426 4957 dictis,
459 4899 508 4944 et
533 4891 651 4944 aliis
671 4888 1034 4959 superaddita
1064 4887 1265 4956 infert:

118 4985 398 5040 Τοιούτου
427 4983 607 5037 τοίνυν
647 4983 800 5043 ιντος
830 4998 924 5052 μοι
954 4979 1048 5034 τοῦ
1075 4980 1278 5050 πατρός
1304 4997 1320 5012 ο
1346 4981 1394 5034 εί
1418 4981 1648 5050 σφαγεὶς

45 5081 254 5151 ᾤχετο,
333 5079 382 5129 εἰ
431 5076 638 5144 ἄταφος
697 5076 974 5143 ἔρριπται,
1035 5076 1083 5126 εἰ
1133 5074 1208 5143 μὴ
1275 5074 1372 5142 τῆς
1436 5092 1648 5143 νενομι-

45 5175 272 5244 σμένης
312 5169 611 5237 τετύχηκεν
654 5169 828 5231 ὁσίας,
864 5166 912 5219 εί
950 5167 1023 5236 μὴ
1053 5167 1121 5219 τὰ
1173 5167 1356 5221 είκότα
1383 5166 1645 5238 τεθρήνη-

45 5287 162 5332 ται,
199 5253 390 5318 ταῦτα.
416 5262 479 5330 δὴ
502 5260 571 5314 τὰ
590 5253 700 5313 τῶν
732 5259 1068 5329 μικρολόγων
1112 5261 1206 5311 καὶ
1252 5259 1632 5330 μικροψύχων,

45 5368 103 5418 τίω
155 5362 271 5431 τῆς
330 5358 481 5420 θείας
526 5357 745 5425 ἐκείνης
800 5356 978 5426 ψυχῆς
1036 5356 1133 5407 καὶ
1185 5355 1638 5425 μεγαλοψυχίας;

45 5455 270 5508 Οῠκουν
337 5449 446 5501 οὐδ’
474 5448 673 5519 ἦκουσέ
737 5447 838 5513 μού
876 5464 980 5510 τις,
1033 5446 1142 5499 οὐδ’
1189 5447 1503 5514 ἀκούσεται,
1547 5448 1640 5498 τὸν

42 5546 298 5600 τοιοῦτον
359 5539 712 5608 ὀδυρομένου,
755 5539 866 5591 οὐδ’
910 5542 965 5591 ὲν
1018 5537 1177 5606 δεινῷ
1221 5538 1506 5607 τιθεμένου
1549 5540 1640 5591 τὸν

43 5643 250 5707 τρόπον
311 5633 418 5702 τῆς
470 5632 748 5701 τελευτῆς.
797 5631 938 5685 Ἀλλ’
999 5633 1204 5684 ἐκεῖνον
1228 5632 1325 5701 μὲν
1358 5633 1451 5685 ἐπὶ
1501 5635 1635 5686 πᾶσι

46 5728 298 5800 ἡγοῦμαί
337 5742 400 5778 τε
452 5727 546 5777 καί⁵
600 5723 852 5794 ὀνομάζω
911 5724 1200 5794 μακάριον,
1254 5724 1344 5775 καὶ
1409 5725 1631 5793 μνήμης

47 5818 417 5895 μαρτυρικῆς
451 5817 605 5885 ἀξιῶ,
638 5816 812 5881 οὕτως
857 5815 997 5886 ὑπὲρ
1025 5813 1307 5878 εὐσεϐείας
1352 5816 1633 5870 ἀπολελοι-

1822 4984 1970 5040 Talis
2001 4985 2166 5056 igitur
2210 5000 2332 5039 cum
2404 4984 2534 5036 mihi
2601 4981 2763 5036 fuerit
2818 4992 2971 5052 pater
3001 4999 3014 5034 :
3050 4982 3094 5037 si
3151 4981 3322 5035 etiam

1751 5075 2051 5134 trucidatus
2077 5076 2263 5145 periit,
2304 5076 2348 5128 si
2387 5076 2698 5128 inhumatus
2754 5075 3028 5143 projectus
3074 5074 3194 5136 fuit,
3270 5077 3317 5127 si

1744 5168 1908 5238 justis
1962 5168 2235 5236 exsequiis
2293 5166 2490 5230 caruit,
2531 5165 2720 5219 sinon
2791 5166 2856 5216 de
2890 5181 3038 5217 more
3091 5165 3316 5217 deﬂetus

1746 5271 1849 5325 est,
1883 5260 2012 5329 quid
2045 5259 2178 5323 haec,
2215 5273 2336 5328 qua:
2367 5258 2616 5313 homines
2642 5259 2693 5312 in
2730 5259 2906 5326 parvis
2941 5261 3103 5312 rebus
3149 5273 3317 5310 occu—

1744 5357 1877 5426 pati.
1919 5363 1972 5408 et
2008 5353 2204 5422 pusillo
2261 5353 2448 5406 animo
2507 5352 2739 5419 prmditi,
2801 5363 3054 5419 reputare
3118 5352 3315 5412 solent,

1744 5449 1809 5502 ad
1847 5449 1994 5502 illam
2058 5447 2228 5501 divini
2265 5446 2429 5500 animi
2486 5446 2828 5499 altitudinem
2861 5443 3130 5498 attinent?
3166 5447 3296 5508 Quo

1742 5537 1886 5592 circa
1922 5551 2021 5590 nec
2051 5535 2234 5590 audita
2261 5543 2343 5589 est
2376 5550 2472 5587 vox
2504 5522 2619 5587 mea
2643 5534 2711 5587 ab
2748 5536 2877 5598 ullo,
2909 5549 3002 5586 nec
3036 5533 3313 5597 audietur,

1744 5630 1890 5682 hunc
1924 5628 2079 5681 talem
2112 5626 2444 5696 deplorantis
2482 5638 2533 5680 et
2597 5627 2841 5679 dolenter
2898 5625 3085 5677 Inertis
3139 5641 3317 5691 genus

1739 5719 1983 5775 ferentis.
2020 5720 2296 5784 Quinimo,
2333 5720 2383 5772 in
2427 5719 2510 5772 his
2539 5720 2788 5773 Omnibus
2813 5718 2962 5769 illum
2991 5729 3043 5768 et
3063 5717 3320 5769 existima

1740 5825 1794 5871 et
1824 5814 2047 5868 nomino
2075 5816 2289 5868 beatum
2328 5827 2340 5863 :
2378 5813 2604 5881 parique
2657 5826 2776 5880 eum
2818 5811 3147 5880 ltl:tt‘l}‘:il,)us
3199 5825 3311 5862 me-
