3974 6334
525 273 662 335 1063

1708 249 2076 315 MAT'l‘HKEI
2116 247 2580 310 CAMARIOTE

3643 249 3662 308 1
3678 245 3780 307 ὓῧὶ

522 385 690 438 moria
748 381 968 451 dignum
1005 377 1213 447 judico,
1278 373 1368 440 qui
1406 371 1480 424 ita
1535 366 1746 422 fortiter
1772 381 1870 436 pro
1901 367 2135 434 pietate.

2239 359 2342 412 τότα
2365 358 2423 411 τὸ
2449 359 2571 427 ζῇν.
2607 354 2867 426 Ἐμαυτδν
2893 355 2947 408 δὲ
2993 355 3355 425 ἁποδύρομαι,
3390 360 3464 426 μὴ
3514 373 3754 409 κεκοινω

524 477 830 530 Christiana
863 474 1025 527 vitam
1052 466 1373 538 profuderit.
1409 463 1483 517 De
1519 476 1604 515 me
1639 461 1821 529 potius
1851 456 2094 525 deploro,

529 569 621 636 qui
662 582 770 620 non
827 563 1006 618 socius
1037 559 1085 613 ei
1121 555 1314 610 mortis
1342 552 1676 606 fuerim-nec
1710 548 1912 618 dignus
1946 543 2099 597 babi-

529 671 617 713 tus
640 670 694 711 ut
749 670 870 708 cum
904 653 992 706 illo
1024 649 1274 704 similiter
1327 661 1357 701 e
1391 646 1500 698 vita
1533 641 1740 697 abirem
1775 657 1789 693 :
1829 649 1888 691 ut
1918 653 1984 691 ne
2011 636 2102 690 hic

532 747 797 804 moriendi
833 745 1025 798 modus
1060 741 1191 796 mihi
1223 739 1447 808 prtemio
1475 735 1841 806 caruisset,ut
1865 730 1944 785 sic
1974 743 2105 782 one—

533 857 592 895 re
616 830 983 894 :erumttarittn
1028 835 1294 890 liberatus
1343 845 1540 892 essem,
1595 837 1649 882 et
1696 822 2101 894 insequentium

534 933 785 985 dolorum
817 945 983 983 sensu
1021 928 1264 997 privatus
1298 938 1436 992 quos
1461 929 1514 976 et
1542 922 1651 974 huc
1698 931 1870 985 usque
1906 905 2104 984 passus

536 1041 684 1087 sum,
715 1033 769 1078 et
803 1022 1031 1092 posthac
1063 1018 1261 1072 talibus
1285 1013 1626 1082 temporibus
1657 1009 1847 1078 patiar.
1882 1007 2014 1060 Nam
2040 1019 2107 1060 ne

538 1129 664 1183 spes
693 1113 908 1181 quidem
937 1111 1043 1162 ulla
1075 1107 1318 1160 melioris
1351 1103 1611 1170 deinceps
1651 1100 1884 1153 fortunae
1921 1097 2108 1151 relicta

537 1205 643 1261 e'st.
668 1205 814 1257 Adeo
856 1200 1052 1271 quippe
1087 1215 1173 1253 res
1203 1196 1514 1251 Christiana
1555 1200 1826 1263 prostrata
1880 1192 2025 1262 jacet
2055 1200 2113 1244 ut

539 1298 613 1351 illi
647 1296 736 1364 qui
770 1293 1205 1350 Christianorum
1269 1302 1466 1341 nomen
1507 1293 1726 1358 gerunt,
1781 1283 1945 1352 bujus
2002 1282 2108 1334 vim

540 1403 769 1459 prorsus
827 1375 1237 1455 abnegaverint,
1271 1380 1399 1433 dum
1430 1392 1493 1431 ea
1532 1375 1716 1431 cuncti
1768 1374 2141 1458 audentqua

540 1452 712 1535 boum
738 1478 801 1531 ad
838 1452 1268 1544 indignationem
1295 1463 1626 1538 provocant:
1662 1465 1918 1530 ut,'cujus
1953 1452 2113 1516 bene-

543 1573 663 1626 licia
698 1580 752 1624 et
796 1565 1148 1634 multiplicem
1210 1560 1440 1631 sanandi
1479 1557 1777 1613 bonitatem
1815 1571 1922 1608 non
1947 1568 2115 1624 agno-

543 1662 762 1717 verunt.
789 1659 908 1729 ejus
935 1656 1068 1711 iram
1091 1655 1268 1723 justas
1295 1657 1486 1721 poenas
1515 1651 1580 1704 de
1641 1649 1897 1716 peccatis,
1932 1661 1958 1698 a
1988 1647 2111 1714 qui-

2203 448 2407 518 νηκότα
2448 449 2549 516 τῆς
2604 446 2862 514 τελευτῆς
2920 446 2995 515 τῷ
3032 447 3218 516 πατρὶ,
3255 448 3390 517 μηδὲ
3449 447 3604 514 ἄξιον
3665 465 3787 516 κρι-

2203 537 2390 602 θέντα,
2432 539 3065 608 παραπλησίωςιὲκείνῳ
3093 539 3186 590 τοῦ
3232 537 3330 608 ζῇν
3359 539 3463 603 ἔξω
3496 541 3783 606 γενέσθαι,

2205 630 2290 682 ῐνα
2320 630 2383 697 δὴ
2420 630 2494 700 μὴ
2549 628 2780 698 ἄμισθος
2812 632 2838 682 ὁ
2889 631 3087 697 τρόπος
3121 647 3210 698 μοι
3253 633 3350 701 τῆς
3403 633 3669 704 τελευτῆς
3695 628 3784 703 ἦν,

2203 720 2296 774 τοῦ
2325 737 2386 773 τε
2413 719 2638 790 φορτίου
2675 723 2785 773 τῶν
2821 722 3009 774 παθῶν
3047 723 3510 790 ὑποτεμνόμενος,
3536 725 3646 777 καὶ
3678 723 3788 776 τῶν

2206 811 2471 878 ἀλγεινῶν
2523 812 2632 864 τῶν
2682 812 2820 880 μετὰ
2884 813 3057 867 ταῦτα
3109 815 3614 886 ἀπαλλαττόμενος,
3653 817 3693 870 ἃ.
3728 834 3785 869 τε

2208 903 2449 973 ὑπέστην
2478 906 2534 966 ἐς
2565 904 2746 975 δεῦρο,
2775 905 2869 958 καὶ
2920 892 3065 976 ἅπερ
3099 908 3154 960 ὲν
3186 907 3414 974 τοιούτῳ
3447 908 3628 981 καιρῷ
3660 910 3794 968 ὑπο-

2212 996 2504 1065 στήσομαί..
2538 994 2616 1051 Οὐ
2681 997 2788 1074 γὰρ
2822 997 2932 1051 οὐδ’
2959 997 3114 1062 ἐλπὶς
3167 1002 3299 1070 ἡμῖν
3337 1001 3528 1056 λοιπὸν
3574 1006 3792 1069 οὐδενος

2195 1087 2507 1152 τεύξεσθαι
2533 1092 2921 1160 χρηστοτὲρου.
2951 1091 3106 1144 Οῦτω
3148 1093 3216 1146 τὰ
3260 1094 3611 1162 Χριστιανῶν
3646 1099 3795 1166 ἄγαν

2213 1182 2377 1245 νοσεῖ,
2408 1181 2491 1232 ὃτι
2535 1182 2596 1232 τὸ
2635 1179 2987 1250 Χριστιανῶν
3033 1183 3199 1252 ὖνομα
3243 1186 3644 1264 περικείμενοι,
3695 1189 3795 1255 τὴν

2212 1269 2308 1322 τοῦ
2338 1270 2594 1338 ὀνόματος
2631 1274 2979 1326 παντάπασιν
3019 1277 3282 1345 ήρνηνται
3315 1277 3569 1345 δύναμιν,
3593 1282 3785 1336 ἐκεῖνα

2216 1361 2421 1422 πάντες
2446 1361 2754 1432 τολμῶντες
2793 1366 2830 1418 ἃ
2871 1365 2965 1435 τὴν
3005 1365 3099 1421 τοῦ
3135 1366 3270 1420 Θεοῦ
3305 1372 3449 1422 κινεῐ
3474 1371 3795 1440 ἀγανακτη-

2219 1469 2325 1517 σιν,
2356 1453 2464 1519 ινα,
2491 1453 2548 1507 ὃν
2588 1446 3006 1525 εὐεργετοῦντα,
3043 1460 3136 1511 καὶ
3167 1460 3430 1523 ποικίλως
3459 1461 3796 1531 θεραπεύοι-

2217 1561 2306 1608 τα,
2358 1546 2456 1600 οὐκ
2488 1548 2835 1614 ἐπέγνωσαν,
2871 1547 3062 1604 τοῦτον
3120 1549 3275 1613 δίκας
3326 1553 3798 1621 εἰσπραττόμενοι

2221 1638 2513 1705 ὲπιγνοῖεν,
2558 1634 2632 1693 ὦν
2690 1640 3128 1710 ἁμεταμελήτως
3178 1641 3636 1710 πλημμελοῦντες
3698 1644 3798 1696 οὐκ

547 1748 650 1809 bus
686 1749 1059 1822 pmuitentiam
1109 1745 1317 1815 agendo
1374 1759 1431 1797 se
1497 1750 1746 1810 avertere
1802 1738 2117 1802 noluerunt,

2239 1731 2654 1800 ἐπεστρέφοντο·
2685 1732 2798 1784 οὐδ’
2831 1734 2887 1783 ὲν
2912 1731 2989 1803 τῷ
3050 1733 3337 1802 μαστίζειν
3392 1735 3677 1802 πατρικῶς
3707 1735 3797 1786 τοῦ

547 1844 835 1914 exigentis,
870 1848 1196 1910 cognoscant
1225 1853 1240 1891 :
1276 1835 1367 1913 qui
1401 1844 1578 1888 tamen
1617 1846 1683 1885 ne
1715 1832 1856 1884 inter
1887 1816 2122 1898 punien-

549 1912 674 1991 dum
698 1935 938 2003 quidem,
971 1940 1257 2000 paternum
1307 1912 1551 1981 animum
1594 1939 1621 1978 a
1662 1933 1846 1978 nostra
1883 1922 2119 1977 utilitate

550 2029 746 2082 avertit
783 2045 796 2081 :
833 2041 956 2088 qua:
983 2031 1129 2077 certe
1157 2022 1211 2075 in
1251 2020 1564 2074 universum
1634 2017 1772 2071 ratio
1828 2025 1910 2070 est
1941 2013 2122 2070 omnis

552 2122 741 2188 virgae,
774 2134 937 2185 quam
970 2116 1111 2170 Deus
1144 2113 1385 2180 concutit
1409 2128 1422 2165 :
1450 2112 1574 2164 dum
1608 2117 1702 2162 aut
1744 2107 1872 2161 vitia
1929 2120 2123 2174 ampu-

552 2206 650 2272 tat,
683 2218 775 2262 aut
808 2216 1121 2275 peccatores
1149 2202 1374 2271 corrigit
1397 2210 1452 2253 et
1503 2199 1735 2253 reducit.
1782 2195 2120 2262 Quamquam

556 2318 620 2355 ne
651 2301 898 2370 ﬂagellali
926 2298 1143 2367 quidem
1178 2294 1422 2364 plerique
1456 2292 1523 2345 ad
1564 2289 1845 2344 meliorem
1885 2297 2120 2342 mentem

555 2393 733 2446 redire
770 2391 978 2449 volunt,
1007 2389 1166 2457 plane
1191 2387 1332 2440 vitiis
1379 2399 1437 2438 se
1493 2382 1772 2444 dedentes,
1800 2381 1871 2434 ita
1906 2389 1964 2433 ut
2017 2379 2127 2434 sint

557 2484 903 2538 incurabiles.
937 2479 1074 2546 Quid
1109 2493 1238 2548 ergo
1289 2477 1482 2529 nﬁrum
1517 2475 1612 2537 sit,
1649 2473 1846 2527 talibus
1884 2471 2127 2541 quotidie

555 2575 830 2641 tantisque
851 2570 1041 2638 subjici
1079 2568 1278 2622 malis?
1305 2568 1375 2619 De
1399 2579 1481 2617 me
1503 2564 1684 2632 itaque
1701 2563 1896 2615 merito
1923 2564 2126 2613 lamen—

561 2674 645 2716 tor
669 2662 739 2716 ob
779 2663 925 2718 llaec.
984 2667 1185 2727 patrem
1229 2669 1355 2708 vero
1391 2654 1444 2706 in
1479 2666 1762 2704 numerum
1816 2662 2005 2701 eorum
2037 2649 2141 2715 qui'

559 2753 817 2823 martyrio
856 2750 1192 2818 reliquerunt
1224 2747 1409 2806 vitam,
1445 2745 1641 2804 refero,
1681 2755 1786 2793 non
1825 2739 1983 2792 modo
2007 2753 2131 2807 pro-

560 2851 677 2907 pter
711 2852 882 2906 geuus
912 2837 1124 2896 mortis,
1155 2832 1246 2886 sed
1275 2833 1436 2885 etiam
1470 2838 1681 2898 propter
1703 2829 1821 2882 vita:
1877 2827 2135 2881 innocen-

566 2933 693 2985 tiam
727 2938 778 2983 et
805 2929 1017 2996 longam
1050 2923 1242 2976 animae
1271 2920 1715 2988 praeparationem
1737 2917 1803 2969 ad
1824 2915 1993 2969 illam.
2023 2913 2133 2968 llac

568 3038 698 3090 ergo
727 3018 1056 3087 cogitatione
1097 3012 1412 3083 memoriam
1484 3009 1602 3078 ejus
1642 3021 1848 3082 usurpo
1880 3008 2132 3074 diemque

568 3115 719 3166 illum
754 3113 962 3163 honoro
991 3106 1080 3175 qui
1113 3104 1289 3174 gladio
1327 3112 1663 3172 peremptum
1735 3099 1869 3152 vidit
1897 3117 1908 3151 :
1940 3098 2134 3167 gladio,
2167 3090 2210 3146 C

567 3206 654 3272 qui
681 3202 1034 3255 intolerandis
1064 3213 1186 3252 eum
1222 3196 1380 3249 malis
1413 3194 1683 3257 liberavit,
1710 3191 1803 3260 qui
1839 3192 1891 3244 in
1924 3200 2141 3245 sanctos

567 3303 833 3362 martyres
864 3290 1044 3344 retulit
1066 3289 1179 3355 qui,
1212 3294 1271 3338 ut
1302 3287 1520 3338 credere
1544 3297 1638 3351 par
1665 3289 1769 3342 est,
1824 3282 1870 3334 ei
1910 3290 1960 3334 et
1989 3295 2142 3334 coro-

567 3399 693 3437 nam
747 3392 1003 3435 aeternam
1030 3378 1307 3446 imposuit,
1343 3385 1392 3428 et.
1438 3374 1771 3429 sacerdotem
1799 3370 1809 3379 ’
1835 3372 2137 3425 νίριίιιιιιιιι-

570 3490 676 3543 que
719 3489 848 3527 vero
892 3473 1163 3537 unicoqtte
1207 3466 1462 3521 Pontilici
1492 3465 1709 3518 Christo
1738 3461 1844 3516 Deo
1869 3462 2089 3515 adduxit
2129 3478 2142 3513 :

572 3581 730 3635 quem
762 3564 1104 3618 desiderabat
1143 3569 1197 3614 et
1265 3560 1526 3628 spirabat,
1587 3557 1673 3608 cui
1746 3554 1980 3616 vivebat,
2050 3569 2146 3623 pro

573 3674 682 3724 quo
707 3658 837 3713 obiit
864 3672 880 3721 ;
906 3656 971 3710 ad
1002 3670 1161 3725 quem
1199 3662 1454 3719 tanquam
1489 3664 1518 3702 e
1548 3648 1847 3701 diversorio
1875 3646 2145 3712 discessit,

572 3764 834 3816 cumquo
863 3756 1166 3800 versatur:
1233 3743 1369 3796 idem
1437 3749 1592 3793 antea
1665 3738 1941 3802 sacerdos,
2002 3739 2140 3791 idem

574 3853 846 3910 postremo
872 3855 1014 3892 nunc
1053 3838 1293 3890 victima.

585 3999 588 4002 ἢ
645 3931 720 3985 llli
753 3947 904 3995 sane,
934 3931 1022 3984 tali
1055 3929 1191 3990 viro,
1231 3930 1365 3981 bene
1417 3925 1727 3980 consultum
1776 3935 1879 3988 est,
1932 3927 2023 3993 qui
2074 3926 2137 3979 ad

579 4023 818 4076 cmlestia
849 4022 986 4075 bona
1020 4019 1297 4073 transierit
1329 4034 1341 4070 :
1375 4018 1531 4070 nobis
1563 4031 1710 4078 vero,
1745 4016 1835 4082 qui
1863 4016 1914 4066 in
1949 4016 2146 4070 miser-

580 4116 714 4166 rima
741 4113 1002 4166 servitute
1038 4111 1208 4163 relicti
1237 4125 1449 4172 smnus,
1511 4107 1694 4160 omnia
1724 4121 1805 4168 se
1859 4121 2048 4160 omnes
2099 4107 2150 4159 in

581 4219 758 4276 partes
782 4205 918 4259 male
950 4204 1169 4266 habent.
1197 4202 1258 4254 Et
1288 4202 1503 4271 quidem
1534 4202 1622 4252 illa
1648 4214 1764 4268 quae
1785 4202 2149 4253 communiter

578 4313 764 4351 omnes
793 4308 844 4349 et
878 4297 1072 4362 singuli
1107 4294 1490 4362 passi-sumus,
1521 4291 1575 4344 in
1607 4290 1888 4355 praesentia
1922 4306 2153 4345 comme-

582 4388 844 4441 morando
878 4388 1156 4452 deplorare
1185 4396 1649 4451 supervacaneum
1678 4389 1780 4433 est.
1815 4381 1869 4436 Si
1899 4396 2026 4434 vero
2080 4383 2143 4434 ad

583 4481 801 4546 propria
829 4486 881 4529 et
911 4475 1204 4528 domestica
1241 4483 1559 4526 convertam
1598 4474 1823 4536 luctum,
1860 4473 1972 4526 haec
2019 4487 2154 4541 quo-

585 4584 688 4635 que
718 4568 1022 4621 communis
1054 4565 1296 4617 omnium
1319 4564 1546 4631 querela
1566 4560 1824 4631 est,'quod
1856 4578 1885 4615 a
1910 4576 2153 4615 commu-

586 4660 746 4713 nione
768 4659 927 4724 hujus
960 4659 1134 4709 luctus
1197 4659 1444 4708 exclusus
1471 4655 1736 4708 sitnemo.
1762 4653 1968 4707 Cuncta
2002 4654 2154 4708 nobis

588 4751 834 4818 praesidia
869 4759 919 4802 et
951 4758 1269 4801 ornamenta
1318 4747 1478 4802 simul
1550 4762 1659 4800 uno
1712 4745 1913 4814 impetu
1972 4758 2154 4814 erepta

590 4854 734 4895 Sunt.
763 4840 939 4894 Patria
965 4849 1116 4906 capta
1141 4848 1244 4900 est,
1279 4839 1435 4908 cujus
1464 4839 1593 4890 urbs
1624 4838 1675 4890 in
1716 4840 1906 4899 terris,
1959 4839 2157 4893 similis

591 4933 759 4996 trulla,
795 4932 886 4984 sed
917 4930 1184 5005 ejusmodi
1214 4946 1332 4998 quae
1367 4945 1468 4981 non
1501 4929 1736 4981 humana
1769 4929 2002 4997 potuerit
2065 4945 2158 4983 ex-

591 5023 722 5077 strui
766 5036 948 5073 manu.
977 5020 1194 5081 Eadem,
1230 5018 1602 5085 magnitudine
1648 5028 1702 5070 et
1753 5018 2155 5086 pulchritudine

598 5113 942 5182 praestabilis,
995 5110 1103 5186 situ
1163 5121 1214 5162 ct
1266 5120 1546 5167 venustate
1603 5111 1947 5178 splendens:
1989 5127 2151 5180 quam

591 5205 859 5258 allirmare
885 5194 1126 5264 omnium
1154 5204 1362 5271 uspiam
1419 5204 1631 5256 urbium
1688 5205 1976 5256 maximam
2040 5182 2177 5271 μυί-ἢ

594 5296 1032 5365 cherrimamque
1058 5297 1254 5358 ausim,
1275 5311 1436 5364 quam
1472 5312 1629 5348 unam
1658 5311 1845 5349 omnes
1868 5297 2159 5365 sperabant

553 5462 556 5463 ν
592 5401 646 5443 et
671 5373 984 5455 credebant,
1025 5390 1075 5441 in
1106 5398 1420 5456 perpetuum
1449 5393 1516 5440 ab
1549 5388 1802 5441 omnibus
1841 5402 2154 5452 mansuram

577 5482 1084 5548 inexpugnabilem,
1160 5481 1247 5533 cui
1303 5483 1597 5533 secundum
1666 5480 1855 5544 Deum,
1921 5482 2161 5536 universi

595 5572 821 5651 Salutem
858 5572 1147 5626 credebant
1178 5584 1330 5623 suam
1374 5584 1387 5616 τ
1415 5585 1534 5639 quae
1565 5570 1609 5624 si
1635 5571 1823 5624 oculus
1853 5571 2160 5639 appelletur

597 5661 746 5716 orbis
779 5671 948 5726 terrae,
982 5672 1070 5715 aut
1116 5676 1230 5726 cor,
1263 5677 1291 5714 a
1321 5677 1446 5716 vero
1478 5677 1580 5718 non
1613 5663 1915 5729 aberretur,
1945 5666 2007 5716 dc
2046 5679 2151 5732 qua

2229 1818 2537 1883 λυσιτελοῦς
2571 1815 2986 1892 ἀφιστάμενον·
3017 1822 3077 1886 ὃς
3119 1823 3448 1894 δηκαθόλου
3486 1824 3665 1891 λόγος,

2186 1999 2190 2003 .
2236 1929 2334 2003 σης
2364 1913 2624 1982 μάστιγος
2665 1914 3032 1983 κινουμένης,
3067 1914 3333 1984 θεόθεν,ῆ
3389 1916 3801 1986 περιαιρούσης

2233 2002 2332 2072 τὴν
2359 2004 2578 2066 κακίαν,
2606 2002 2637 2071 ἢ
2677 2004 2804 2066 τοὺς
2819 2003 3271 2075 πλημμελοῦντας
3295 2007 3708 2076 ὲπαὲνορθούσης
3744 2025 3801 2060 τε

2234 2094 2328 2146 καὶ
2396 2093 2808 2163 ἀνακτωμένης.
2873 2094 3068 2149 Καίτοι
3133 2095 3256 2161 οὐδὲ,
3309 2098 3704 2166 μαστιζόμενοι
3755 2099 3806 2151 οι

2237 2185 2503 2248 πλείονες,
2547 2185 2643 2254 οὐχ
2702 2185 2988 2254 αίροῦνται
3036 2188 3464 2257 σωφρονέστεροι
3522 2189 3803 2257 γενέσθαι,

2236 2277 2487 2343 καθάπαξ
2529 2275 2721 2329 ἑαυτοῦ
2753 2275 2828 2346 τῷ
2859 2275 2951 2330 τοῦ
3006 2278 3209 2342 πάθους
3244 2280 3449 2348 ἁνιὰτῳ
3499 2281 3801 2334 ἐκδεδωκό-

2235 2385 2346 2428 τες.
2375 2370 2468 2421 Διὸ
2503 2370 2596 2421 καὶ
2624 2367 2733 2420 τῶν
2766 2370 3021 2421 τοιούτων
3057 2369 3206 2422 ἔστιν
3235 2373 3533 2441 ὁσημέραι,
3587 2374 3683 2426 καὶ
3724 2390 3807 2425 το-

2241 2460 2450 2512 σούτων
2486 2459 2782 2529 πειρᾶσθαι
2833 2459 3043 2513 δεινῶν.
3088 2440 3352 2529 Ἐμαυτὸν
3412 2447 3514 2529 μὲν
3544 2461 3641 2516 οὖν
3666 2440 3811 2515 εἰκὸ-

2237 2569 2343 2614 τως
2375 2552 2744 2620 ἀποκλαίομαι
2777 2553 2867 2604 ἐπὶ
2908 2553 3117 2614 τούτοις
3141 2567 3156 2581 '
3196 2552 3283 2604 τὸν
3337 2552 3393 2605 δὲ
3457 2554 3674 2624 πατέρα
3700 2558 3812 2616 τοῖς

2243 2641 2596 2712 μαρτυρικῶς
2631 2641 3014 2693 ἀπολελοιπόσι
3068 2640 3157 2693 τὸν
3191 2641 3302 2710 βίον
3336 2643 3584 2696 ἐντάττω
3629 2644 3691 2696 οὗ
3736 2643 3822 2711 τῷ

2239 2733 2425 2808 τρόπῳ
2465 2731 2619 2800 μόνον
2664 2731 2760 2800 τῆς
2809 2732 3086 2801 τελευτῆς,
3134 2733 3272 2784 ἀλλὰ
3310 2735 3404 2784 καὶ
3452 2737 3522 2803 τῇ
3578 2735 3815 2801 καθαρό-

2239 2840 2361 2892 τητι
2393 2823 2486 2875 τοῦ
2522 2823 2659 2891 βίου,
2689 2825 2783 2876 καὶ
2833 2825 2898 2892 τῇ
2949 2824 3085 2892 πρὸς
3112 2824 3282 2893 αὐτὴν
3325 2825 3388 2876 ix
3445 2823 3668 2893 μακροῦ
3708 2840 3813 2876 πα-

2246 2918 2484 2986 ρασκευῇ
2521 2915 2618 2983 τῆς
2645 2913 2842 2982 ψυχῆς.
2873 2916 2982 2967 Καὶ
3015 2914 3186 2976 οὕτως
3225 2914 3390 2967 αὑτοῦ
3420 2918 3663 2985 μνήμην·
3699 2933 3816 2969 ποι-

2242 3009 2432 3078 οῦμαι,
2489 3008 2582 3060 καὶ
2646 3007 2743 3076 τὴν
2805 3009 3017 3078 ἡμέραν
3066 3009 3228 3078 τιμῶ,
3283 3009 3406 3078 ητις
3449 3013 3668 3063 ἐκεῖνον
3708 3005 3816 3065 εἶδε

2247 3101 2520 3169 μαχαίρας
2587 3101 2748 3169 ἔργον
2788 3100 3150 3168 γεγενημένον
3186 3101 3488 3169 μαχαίρας,
3543 3103 3579 3172 ἢ
3634 3102 3819 3155 δεινῶν

2217 3192 2534 3270 ηάφορήτων
2565 3190 2963 3261 ἁπήλλαξεν,ἠ
3012 3195 3122 3250 τοῖς
3174 3194 3413 3260 μάρτυσι
3473 3197 3821 3263 συνηριθμηο

2248 3299 2358 3346 σεν,
2380 3282 2547 3351 ἥπερ,
2581 3284 2655 3344 ὡς
2681 3283 2844 3349 εἰκὸς,
2879 3284 3238 3353 περιέστεψεν
3261 3286 3520 3351 αἰωνὶως,
3544 3290 3644 3340 καὶ
3671 3290 3818 3358 ίερὲα

2247 3375 2338 3425 καὶ
2363 3375 2556 3443 ἱερεῖον
2579 3374 2658 3441 τῷ
2677 3373 2915 3444 ἀληθινῷ
2948 3376 3041 3427 καὶ
3072 3375 3216 3444 μόνῳ
3235 3377 3482 3446 ἀρχιερεῖ
3505 3377 3732 3446 Χριστῷ
3751 3379 3823 3446 τῷ

2247 3464 2364 3532 Θεῷ
2417 3467 2796 3534 παρέστησεν·
2827 3465 2886 3516 ὃν
2922 3466 3110 3517 ἐπόθει
3165 3468 3260 3518 καὶ
3290 3468 3464 3531 ἔπνει,
3501 3462 3662 3538 ᾧπερ
3706 3470 3822 3535 ἔζη,

2250 3557 2420 3626 οῦττερ
2486 3558 2776 3624 τὲίινηκεν·
2805 3587 2808 3598 ι
2839 3558 2974 3626 πρὸς
3025 3557 3084 3608 ὂν
3128 3557 3404 3622 ἀνέλυσεν,
3559 3561 3820 3614 σύνεστι·

2250 3649 2416 3716 θύτης
2460 3650 2747 3718 πρότερον,
2779 3650 2868 3703 καὶ
2918 3650 3072 3718 θῦμὰ·
3097 3664 3156 3701 τε
3196 3648 3534 3719 τελευταῖον,
3572 3652 3602 3705 ὁ
3665 3655 3822 3716 αὐτὸς

2249 3756 2307 3807 γε
2316 3740 2503 3809 γονώς.

2331 3921 2490 3973 Ἀλλὰ
2524 3916 2611 3991 τῷ’
2631 3921 2730 3991 μὲν
2755 3910 2980 3991 τοιούτῳ
3011 3923 3152 3975 πάνυ
3203 3925 3387 3988 καλῶς
3420 3927 3451 3995 ἡ
3489 3929 3826 3996 μεταφοίτη-

2255 4027 2335 4073 σις
2371 4015 2446 4073 είς
2490 4012 2555 4063 τὰ
2581 4014 2764 4074 ,ἐκεῖσε
2803 4013 3021 4078 ἀγαθά*
3053 4015 3185 4083 ἡμῖν
3230 4013 3307 4080 δὲ,
3343 4016 3457 4067 ὅσοι
3495 4018 3825 4086 περίεσμεν.

2251 4102 2331 4153 ἔτι
2363 4103 2460 4172 τὴν
2520 4104 2722 4170 πικρὰν
2777 4106 3034 4173 φέροντες
3090 4105 3355 4170 δουλείαν,
3410 4108 3586 4160 πάντα
3654 4111 3829 4179 πάντη

2253 4187 2526 4263 δυστυχῶς
2556 4195 2685 4263 ἔχει.
2724 4196 2822 4248 Καὶ
2854 4197 2921 4248 τὰ
2947 4197 3046 4265 μὲν
3074 4199 3228 4250 κοινὰ
3256 4200 3445 4263 πᾶσιν,
3473 4201 3571 4252 ὅσα
3590 4201 3704 4256 ﬁxa
3717 4220 3829 4263 ne;

2257 4286 2476 4348 ἔπαθεν,
2525 4288 2582 4338 ὲν
2629 4286 2704 4355 τῷ
2741 4287 2966 4355 παρόντι
2999 4288 3304 4357 ὀδύρεσθαι,
3337 4292 3438 4367 ’καὶ
3479 4294 3832 4363 ὲπεκδιηγεῑο

2181 4399 2222 4455 D
2261 4376 2384 4429 σθαι
2421 4377 2694 4445 περιττόν*
2744 4380 2790 4429 εἰ
2838 4377 2908 4431 δὲ’
2938 4381 3005 4430 τὰ
3050 4381 3220 4432 οἰκεῖα
3261 4383 3559 4450 ποιήσομαι
3608 4384 3830 4464 θρῆνονν

2256 4469 2410 4519 κοινὰ
2460 4469 2573 4549 καὶ,
2602 4469 2773 4523 ταῦτα
2806 4470 2972 4522 πᾶσιν
3011 4465 3152 4524 εἶναι
3200 4471 3520 4542 συμόαίνειο
3549 4476 3635 4531 ὅτι
3688 4477 3755 4539 δὴ
3781 4487 3833 4529 τᾶ

2257 4559 2387 4611 alto
2420 4561 2571 4628 κοινῇ
2605 4561 2803 4620 πάντες
2845 4561 3192 4629 πεπόνθαμεν
3230 4564 3442 4639 πένθος.
3480 4564 3673 4618 Πάντα
3705 4570 3830 4636 ημῖν

2257 4651 2452 4718 ἁθρόον
2516 4651 2686 4721 ᾣχετο
2714 4655 2779 4706 τὰ
2813 4653 2970 4708 καλά.
3017 4654 3080 4706 Ἦ
3110 4656 3334 4724 πατρὶς.
3359 4657 3523 4720 ἑάλω,
3563 4659 3726 4719 πόλις
3779 4661 3832 4713 οὐ

2258 4747 2399 4795 κατὰ
2431 4745 2526 4805 τὰς
2561 4747 2617 4796 ὲν
2648 4749 2717 4815 γῇ
2746 4747 2927 4809 πόλεις
2961 4748 3198 4813 ἁπάσας,
3237 4748 3373 4802 ἀλλὰ
3403 4750 3589 4818 σχεδὸν
3620 4753 3833 4824 ἀνθρω-

2262 4835 2420 4905 πίνης
2449 4835 2715 4905 κρείττων
2741 4837 2940 4906 χειρός.
2979 4838 3043 4890 Ἦ
3071 4839 3232 4908 αὑτὴ,
3259 4842 3468 4913 μεγάλη
3483 4859 3543 4894 τε
3565 4846 3668 4896 καὶ
3693 4847 3829 4912 καὶὴ

2263 4926 2407 4977 θέσει
2441 4927 2535 4977 καὶ
2567 4930 2752 4995 χάρισι
2779 4927 3181 4997 διαλάμπουσα,
3211 4931 3304 4980 καὶ
3328 4933 3501 4982 εἰπεῖν
3535 4931 3644 4983 τῶν
3681 4935 3741 4984 ιν
3768 4937 3831 5000 τῇ

2262 5018 2452 5070 πασῶν
2484 5021 2714 5087 μεγίστη
2749 5037 2808 5071 τε
2842 5021 2934 5086 καὶ
2978 5023 3238 5091 καλλίστη
3262 5042 3275 5053 ·
3327 5024 3392 5093 ἢν
3427 5024 3596 5092 μόνην
3629 5025 3830 5085 πάντες

2261 5109 2328 5162 δι’
2362 5109 2553 5171 αἰῶνος
2612 5111 2836 5180 ἢλπιζόν
2891 5128 2948 5164 τε
2984 5115 3075 5164 καὶ
3125 5115 3410 5167 ἐπίστευον
3444 5116 3720 5169 ἀνάλωτον
3774 5118 3835 5166 ὲκ

2263 5205 2478 5254 πάντων
2510 5202 2942 5271 διαγενήσεσθαι·
3033 5206 3170 5272 μετὰ
3200 5205 3334 5258 Θεὸν
3356 5208 3456 5275 τὴν
3487 5207 3705 5260 ἑαυτῶν
3732 5224 3831 5259 συ-

2269 5297 2463 5364 τηρίαν
2496 5297 2777 5348 ἐπίστευον
2810 5298 3072 5358 ᾶπαντες.
3097 5299 3164 5366 ἢν
3189 5297 3464 5366 ὀφθαλμόν
3493 5313 3834 5366 τιςςπροσει-

2267 5387 2388 5438 πὼν
2415 5388 2509 5456 τῆς
2543 5389 2637 5455 γῆς
2659 5425 2674 5451 ,
2705 5388 2735 5456 ἢ
2782 5389 3008 5458 καρδίαν
3041 5389 3135 5440 τοῦ
3166 5391 3535 5460 προσήκοντος
3562 5385 3663 5441 οὐκ
3705 5390 3838 5444 ἀπὶ·

2265 5479 2612 5546 νεχθήσεταιο
2645 5475 2792 5552 ἐφ’-ᾗ
2833 5481 2968 5532 πᾶσι
3002 5481 3144 5554 μέγα
3177 5482 3393 5548 φρονεῖν
3425 5476 3492 5548 ἦν
3513 5497 3528 5510 ·
3559 5482 3654 5532 καὶ
3693 5475 3758 5552 ἧς
3779 5483 3834 5531 τὸ

2272 5565 2537 5638 κληθῆναι
2573 5572 2796 5638 πολίτην
2844 5573 2940 5638 οὐχ
2990 5573 3022 5639 ἡ
3057 5570 3293 5641 τυχοῦσα
3339 5572 3593 5632 ὑπόθεσις
3631 5575 3714 5632 εἰς
3751 5572 3837 5623 λό-

2239 5678 2360 5730 γον
2409 5663 2722 5734 φιλοτιμίας
2749 5678 2762 5692 °
2803 5667 2833 5732 ἡ
2875 5663 3098 5731 τοιιύτη
3149 5661 3328 5717 τοίνυν
3368 5664 3498 5740 ἡμῖν
3523 5663 3702 5728 ἑάλω,
3751 5663 3837 5714 καὶ
