3974 6334
201 475 215 537 i
226 476 328 538 069

1160 462 1184 478 ‘
1224 456 1719 548 LAMENTArto
1747 467 1849 532 DE
1880 455 2099 533 croci
2129 470 2388 535 CAPTA.
2462 464 2472 475 ‘

3300 530 3309 538 .
3328 471 3461 539 1οὊ

195 592 393 663 σφὸδρα
456 590 630 664 νεαρῷ
689 591 785 662 τῆς
828 590 1065 663 ἡλικίας,
1122 592 1218 647 καὶ
1266 592 1430 648 ἄλλου
1471 590 1607 663 ἄλλῃ
1639 590 1777 644 ἀπε-

1886 587 1937 641 in
1970 588 2279 645 calamitate
2311 590 2470 648 ﬁdem
2503 590 2886 647 adolescentia:
2909 591 3198 661 fragilitate
3235 591 3460 661 relique-

194 687 493 759 νεχθέντος,
530 688 683 759 μόλις
707 680 790 751 εἷς
823 703 915 755 μοι
948 685 1379 757 περισέσωσται,
1410 686 1571 750 ὤνιος
1601 686 1775 756 ἀργυ-

195 783 351 852 ρίοις,
409 781 504 834 καὶ
558 778 910 851 ταλαιπωρίᾳ
946 779 1139 851 πολλῇ’
1181 779 1282 833 οὐκ
1318 779 1385 833 ἂν
1434 778 1567 841 ίσως
1614 775 1776 830 τοῦτο

198 875 409 944 συμϐὰν
438 874 637 940 οῦτως,
669 874 719 927 εί
746 876 773 929 ό
799 874 983 951 πατὴρ
1020 874 1121 944 μὶν
1150 875 1359 940 αὐτοῖς,
1384 871 1596 944 Eiectos
1616 870 1776 927 ἀδελ-

194 966 288 1035 φδς
321 969 542 1038 περιῆν.
569 966 722 1038 Ταχὺ
747 966 857 1037 γὰρ
888 964 955 1021 ἂν
982 967 1181 1030 αὐτοὺς
1212 965 1561 1035 ἀναζητήσας
1590 981 1656 1017 πε
1668 979 1779 1033 ριε-

177 1058 426 1121 ’σὼσατο,
455 1058 549 1113 τοῦ
577 1058 741 1113 πόνου
774 1077 866 1130 μοι
899 1060 1304 1130 συναράμενος.
1328 1057 1445 1111 Νῦν
1470 1056 1610 1111 am
1634 1056 1778 1111 ἐκεί-

190 1170 315 1215 νους
349 1152 449 1222 μὲν
482 1153 539 1219 ἐξ
562 1152 872 1224 ἀνθρώπων
905 1152 1186 1223 γενέσθαι,
1221 1150 1323 1220 ἐμὲ
1351 1150 1409 1205 δὲ
1446 1149 1610 1221 μόνον
1635 1151 1774 1221 πρὸς

189 1246 367 1301 πάντα
406 1245 482 1319 μὴ
520 1245 809 1317 ἐξαρκεῖν,
861 1247 1039 1310 ἄλλως
1090 1262 1150 1299 τε
1210 1244 1307 1298 καὶ
1365 1244 1774 1319 ἀπραγμοσύνῃ

190 1338 531 1410 συνεζῃκότα
588 1339 757 1413 πολλῇ
816 1340 905 1413 (δι’
946 1340 1015 1411 ἢν
1061 1338 1201 1409 πρὸς
1239 1339 1418 1393 πάντα
1468 1336 1629 1391 πόνον
1680 1338 1777 1392 καὶ

186 1432 411 1501 πρᾶξιν,
447 1432 590 1506 πλὴν
636 1434 731 1488 τοῦ
784 1433 926 1488 κατὰ
985 1433 1114 1497 τούς
1177 1432 1410 1501 λόγους,
1460 1431 1775 1486 συνέϐαινεν

186 1524 336 1595 ἔχειν
364 1526 630 1598 ἀπείρως)
662 1526 839 1583 αἴτιον
872 1526 1061 1590 αὐτοῖς
1108 1524 1206 1596 τῆς
1251 1525 1511 1598 τοιαύτης
1546 1527 1776 1595 μεταϐο-

183 1618 308 1689 λῆς.
351 1616 494 1673 υῦτε
535 1619 645 1691 γὰρ
695 1620 878 1690 εὑρεῖν
908 1618 1127 1684 αὐτοὺς,
1158 1619 1267 1691 ὅπη
1313 1619 1440 1690 γῆς,
1469 1619 1655 1691 ῥᾴδιον
1686 1615 1773 1688 ἦν,

182 1713 310 1768 οὐδὲ
345 1713 455 1767 τῶν
488 1712 666 1768 ἀλλων
693 1713 889 1766 οὐδένα
922 1714 1229 1783 συγγενῶν,
1270 1713 1490 1769 πάντων
1525 1712 1775 1777 ἐλεεινῶς

181 1808 295 1870 τοίς
334 1804 633 1878 βαρϐάροις
673 1804 768 1859 ἀπ’
799 1804 1054 1876 ἀλλήλων
1083 1805 1507 1877 γεγενημένων,
1554 1804 1650 1859 καὶ
1682 1804 1776 1859 ἀλ-

181 1897 281 1952 λου
323 1897 461 1969 nan
483 1896 901 1968 ἀπενεχθέντος·
934 1897 1030 1951 καὶ
1051 1898 1079 1951 ὁ
1101 1897 1370 1951 ἑκάστοτε
1388 1896 1446 1951 δὲ
1479 1898 1579 1951 σὺν
1602 1885 1772 1967 πολλῇ

1805 1947 1852 2010 Β

181 1989 546 2063 ταλαιπωρίᾳ
584 2009 674 2063 μοι
725 1989 1118 2061 εὑρισκόμενος
1151 1983 1305 2043 εἷλκε
1360 1989 1499 2060 πρὸς
1554 1988 1774 2045 ἑαυτόν.

182 2083 418 2156 Πρῶτον
454 2082 547 2137 οὖν
577 2082 962 2152 περιτυγχάνω
986 2084 1052 2150 τῇ
1086 2080 1313 2151 ἀδελφῇ,
1351 2076 1473 2134 εἶτα
1499 2082 1564 2149 τῇ
1601 2079 1777 2150 μητρὶ

180 2176 451 2254 ἀλλαχοῦ,
474 2175 554 2248 τῷ
578 2173 845 2247 ἀδελφιδῷ
870 2173 1119 2244 ὕστερον·
1146 2175 1242 2228 καὶ
1272 2173 1483 2237 τούτοις
1505 2171 1605 2243 τὴν
1626 2172 1780 2225 ἐλευ-

181 2271 383 2341 θερίαν
406 2270 513 2324 ὑπὸ
543 2268 662 2340 Θεῷ
695 2270 855 2340 αἰτίῳ
879 2265 1298 2338 περιποιοῦμαι,
1323 2267 1479 2332 τάξιν
1503 2266 1778 2337 ὑπηρέτου

182 2362 390 2428 σώζων
423 2363 608 2429 αὐτος,
651 2364 748 2417 καὶ
781 2362 841 2416 τὸ
893 2361 1097 2430 σφόδρα
1130 2361 1371 2432 χαλεπὸν
1414 2361 1518 2429 τῆς
1556 2360 1667 2414 τῶν
1691 2359 1782 2413 λύ-

178 2475 340 2535 τρων
375 2456 670 2528 εὑρέσεωςο
704 2455 772 2525 ἠν
819 2454 957 2524 ἐλέῳ
989 2454 1135 2523 μόνῳ
1174 2452 1312 2507 Θεοῦ
1359 2446 1672 2524 ὲκτὼμεθα,
1709 2453 1779 2508 δι’

185 2551 259 2621 ἢν
285 2547 404 2604 τῶν
431 2547 791 2620 παρεχόντων
846 2548 943 2601 καὶ
967 2546 1263 2601 ἐλεούντων
1292 2549 1326 2617 ἠ
1358 2546 1478 2601 θεία
1512 2545 1781 2612 ἀντίδοσις

186 2640 606 2716 μυριοπλασίας
650 2634 1067 2712 ἀποδοθήσεται.
1105 2639 1285 2694 Μόνον
1315 2639 1411 2695 νῦν
1459 2642 1599 2711 είμι,
1651 2656 1783 2709 συγ-

180 2734 380 2805 γενέσι
414 2732 628 2797 πολλοῖς
657 2731 907 2801 πολλαχῆ
938 2731 1386 2801 διεσπαρμένοις,
1423 2734 1517 2785 καὶ
1541 2731 1781 2801 οὐδαμοῦ

177 2824 551 2881 οὐδὲ-σύνδυο
588 2824 1030 2897 εὑρισκομένοις,
1088 2825 1146 2879 ἐν
1190 2825 1398 2896 ἀπορίᾳ
1457 2824 1628 2895 πολλῇ
1686 2827 1783 2879 καὶ

177 2916 548 2988 ταλαιπωρίᾳ
582 2916 819 2989 μεγάλῃ.
875 2915 1046 2970 Τοῦτό
1103 2932 1173 2986 με
1225 2917 1317 2971 καὶ
1367 2915 1488 2970 λίαν
1536 2915 1782 2985 ἀλγύνει,

174 3007 360 3063 τοῦτο
383 3010 529 3062 ποιεί
556 3008 618 3061 τδ
648 3009 750 3078 ζῇν
779 3008 1173 3079 ἀπολέγεσθαι.
1206 3008 1356 3079 Αὕτη
1386 3026 1478 3078 μοι
1509 3008 1785 3079 συμφορὰ,

177 3091 564 3175 παραμυθίας
601 3100 861 3155 ὑπόθεσιν
893 3100 1158 3172 οὐδεμίαν
1211 3103 1607 3172 ὑποφαίνουσα.
1671 3102 1788 3158 Μία
1829 3164 1837 3171 _

176 3214 285 3266 μοι
329 3195 499 3265 μόνον
532 3190 884 3267 παραμυθία,
919 3193 980 3249 τὸ
1015 3194 1143 3258 τοὺς
1193 3194 1509 3263 ἀδελφιδοῦς
1554 3193 1789 3264 ἅνακλη·

1879 680 2008 747 rint,
2035 681 2285 755 aliusque
2310 670 2762 742 alio'abstractus
2795 687 2889 752 sit,
2917 684 3004 740 vix
3037 699 3182 739 unus
3216 684 3349 738 mihi
3381 698 3461 739 re-

1879 784 2009 843 stat,
2041 789 2265 850 argento
2299 781 2557 848 venalis,
2618 796 2818 853 magna
2868 779 3193 837 dilIicultate
3242 776 3469 834 conflic-

1878 876 2001 925 ta'ns
2029 886 2043 924 :
2080 868 2221 939 quod
2255 869 2487 928 furtasse
2516 888 2624 928 non
2657 872 2983 938 accidisset,
3017 873 3061 927 si
3129 880 3280 942 pater
3312 870 3466 938 ipsis,

1877 971 1932 1019 et
1967 963 2097 1019 mihi
2129 964 2316 1031 frater,
2340 977 2670 1037 superesset.
2702 968 2861 1037 Brevi
2880 969 3026 1024 enim
3049 981 3146 1024 eos
3182 966 3467 1037 requirens

1879 1067 2278 1123 conservasset,
2308 1058 2512 1117 laboris
2553 1062 2685 1116 mihi
2726 1064 2932 1120 socius.
2968 1062 3126 1117 Nune
3160 1076 3308 1125 vero,
3360 1058 3469 1116 illis

1878 1147 1947 1203 de
1976 1149 2085 1204 rita
2111 1150 2391 1209 communi
2419 1153 2672 1214 sublatis.
2698 1170 2932 1222 quorum
2965 1170 3133 1227 opera
3167 1154 3301 1210 mibi
3328 1166 3464 1224 Opus

1879 1251 2164 1306 erat.eum
2197 1257 2298 1316 ego
2338 1245 2488 1301 solus
2518 1247 2665 1302 omni
2704 1248 2877 1305 labori
2899 1249 3122 1305 ferendo
3142 1263 3465 1309 ncnessem.

1879 1337 2180 1406 praesertim
2212 1347 2372 1394 aetate
2404 1339 2457 1393 in
2491 1341 2605 1395 otio
2627 1341 2935 1409 litterisque
2983 1341 3118 1399 aeta'
3162 1341 3335 1416 (unde
3398 1340 3465 1397 ad

1879 1444 2101 1486 omnem
2132 1432 2373 1489 laborem
2392 1444 2437 1489 ef
2467 1434 2757 1497 actionem,
2780 1444 3140 1507 praeterquam
3161 1437 3225 1491 ad
3261 1420 3465 1497 studia,

1880 1524 2035 1581 rudis
2064 1533 2119 1581 et
2148 1526 2367 1596 ineptus
2394 1511 2565 1597 sum),
2603 1542 2767 1583 causa
2810 1529 2921 1585 haec
2958 1529 3063 1585 illis
3097 1538 3258 1584 tautae
3296 1535 3465 1583 muta-

1875 1621 2048 1678 tionis
2077 1620 2295 1677 aecidit.
2324 1619 2513 1690 Neque
2546 1608 2714 1686 enim,
2763 1622 2985 1677 ubinam
3042 1622 3143 1692 ipsi
3195 1632 3466 1677 terrarum

1878 1713 2083 1778 essent,
2114 1720 2332 1782 repertu
2368 1712 2756 1781 facileseraut:
2790 1727 2965 1781 neque
2988 1724 3307 1785 ceterorum
3332 1726 3467 1768 con-
3569 1775 3577 1784 ι

1882 1806 2307 1878 sanguineorum
2368 1806 2512 1861 nllus
2557 1825 2570 1860 :
2622 1806 2769 1877 quod
2822 1805 3024 1878 singuli
3086 1804 3468 1861 miserabiliter

1882 1913 1910 1950 a
1959 1900 2205 1955 barbaris
2238 1898 2488 1955 distracti
2527 1915 2557 1954 a
2587 1914 2648 1955 se
2676 1898 2908 1954 invicem
2968 1907 3171 1964 essent,
3218 1898 3469 1967 aliusque

1882 1993 1988 2048 alio
2023 1994 2325 2064 abreptus:
2352 1993 2425 2047 ita
2454 1994 2506 2048 ut
2541 1994 2777 2064 quisque
2806 1993 3073 2062 ipsorum,
3114 1992 3203 2046 vix
3248 2005 3390 2060 agre
3436 2005 3468 2042 a

1884 2066 2434 2140 mediversoinloeo
2473 2090 2740 2151 repertus,
2800 2096 2887 2136 me
2947 2082 3003 2136 in
3057 2096 3117 2136 se
3170 2079 3472 2159 quaerendo

1883 2185 2210 2247 occupatum
2264 2185 2491 2232 teneret.
2524 2176 2707 2231 Primo
2741 2175 2927 2247 itaque
2982 2174 3276 2230 nanciscor
3320 2186 3472 2229 soro-

1885 2283 2022 2331 rem,
2052 2268 2251 2324 deinde
2288 2278 2520 2324 matrem
2559 2270 2667 2325 alio
2703 2269 2756 2323 in
2795 2266 2933 2336 loco,
2993 2272 3106 2325 tum
3166 2259 3349 2325 fratris
3412 2269 3474 2322 fi-

1885 2362 2018 2418 lium
2056 2380 2069 2418 :
2104 2361 2305 2433 quibus
2333 2361 2666 2427 libertatem,
2701 2360 3077 2430 Deojuvante,
3116 2361 3331 2432 peperi:
3359 2362 3475 2436 ipse
3532 2404 3541 2414 .

1888 2456 2250 2512 ministerium
2299 2471 2463 2513 omne
2521 2456 2733 2521 obiens,
2782 2453 3207 2526 dillicillimeque
3242 2454 3475 2526 pretium

1884 2550 2190 2607 redimendi
2230 2564 2529 2623 corrogans
2568 2567 2582 2604 :
2626 2548 2769 2619 quod
2803 2548 2918 2605 soh
2951 2548 3044 2605 Dei
3085 2546 3463 2605 misericordia

1885 2640 2165 2697 consecuti
2193 2626 2398 2696 sumus?
2421 2656 2437 2699 :
2461 2654 2558 2712 pro
2576 2654 2685 2711 quo
2706 2639 2815 2698 illis
2833 2639 2951 2710 qui,
2970 2653 3060 2695 ηοξ
3075 2649 3215 2693 trum
3239 2638 3471 2706 m‘serti,

1886 2734 2447 2801 eontulerunt,divina
2466 2733 2767 2804 benignitas
2788 2733 3221 2789 cumulatissime
3241 2732 3475 2804 gratiam
3508 2774 3509 2777 η

1889 2832 2110 2886 referet.
2160 2827 2501 2882 Nunesolos
2559 2842 2725 2891 sum:
2763 2825 3205 2896 consanguineis,
3237 2840 3474 2895 quorum

1893 2902 2123 2991 magnus
2153 2934 2439 2984 numerus,
2467 2919 2519 2972 in
2546 2917 2692 2972 varia
2718 2918 2833 2972 loca
2861 2918 3149 2989 dispersis,
3175 2933 3244 2973 ne
3264 2918 3476 2977 duobus

1889 3015 2110 3086 quidem
2141 3014 2359 3083 uspiam
2390 3000 2497 3067 una
2518 3011 2891 3075 manentibus,
2920 3010 2974 3064 in
3009 3025 3204 3081 magna
3234 3018 3478 3080 egestate

1887 3108 2246 3164 etterumnis.
2282 3105 2394 3160 [loc
2418 3104 2598 3175 ipsum
2622 3112 2724 3168 est,
2764 3101 2910 3173 quod
2942 3101 3107 3159 valde
3127 3116 3216 3158 me
3266 3101 3479 3157 discru-

1890 3203 2016 3264 ciet,
2048 3200 2151 3256 hoc
2178 3200 2424 3254 animum
2461 3209 2519 3253 ut
2545 3197 2914 3268 despondeam
2965 3192 3137 3261 facit,-
3174 3194 3289 3251 baae
3332 3195 3479 3250 cale-3

175 3288 398 3352 θέντας
439 3286 591 3353 ἰδεῖν,
633 3285 730 3341 καὶ⁸
782 3290 919 3358 πρὸς
971 3286 1034 3340 τὸ
1070 3288 1300 3359 πάτριον
1351 3286 1520 3352 σέϐας
1560 3285 1782 3351 ἐπανελ-

1898 3296 2058 3351 mitas
2096 3293 2277 3351 solatii
2331 3292 2599 3348 rationem
2653 3293 2862 3347 nullam
2924 3290 3190 3346 ostendit.
3243 3287 3478 3345 Unicum

174 3382 421 3447 θόντας.
457 3382 523 3435 '0
563 3379 797 3450 γένοιτο,
831 3381 926 3435 καὶ
962 3382 1151 3452 μεῖζον
1176 3381 1256 3446 είς
1293 3381 1654 3451 παραμυθίας
1700 3390 1792 3452 μοι

172 3476 359 3546 λόγον
392 3475 595 3547 οὐδὲνῆ
630 3476 726 3529 καὶ
755 3475 847 3529 τοῦ
882 3474 982 3546 ζῇν
1005 3475 1111 3543 ἔξω
1141 3475 1428 3548 γενοίμην,
1457 3476 1543 3529 ἵνα
1573 3474 1669 3529 καὶ
1695 3473 1790 3528 τοῦ

169 3571 408 3641 ἀλγεῖν.
452 3558 619 3625 Ἀλλά
672 3569 908 3636 δέδοικα,
969 3569 1044 3640 μὴ
1080 3569 1174 3623 καὶ
1226 3567 1419 3624 τούτου
1476 3569 1790 3640 γινομένου,

175 3664 475 3735 μειζόνως
503 3664 729 3736 ἀλγήσω
761 3663 793 3735 ἢ
825 3663 966 3717 κατὰ
999 3646 1097 3736 τῆν
1127 3662 1224 3716 νῦν
1282 3664 1593 3735 συμφορὰν,
1635 3661 1794 3715 κολά-

170 3772 355 3810 σεσιν
390 3755 776 3825 ἀτελευτήτοις
808 3754 1160 3825 ὑποϐληθσὶς,
1192 3755 1260 3808 δι’
1284 3754 1342 3809 όν
1379 3755 1665 3824 ἐπίκειμαι
1695 3754 1794 3824 τῆς

166 3847 382 3922 ψυχῆς
415 3850 721 3919 μολυσμόν.
763 3849 924 3902 Ἀλλὰ
953 3846 1183 3902 καὶτῶν
1217 3848 1315 3903 νῦν
1353 3850 1675 3920 συμφορῶν,
1698 3848 1793 3901 καὶ

164 3940 294 3995 τῶν
324 3940 418 4000 εἰς
447 3938 510 3991 τὸ
559 3937 757 4007 μέλλον
787 3937 1166 4009 ἀπαλλαγείην
1197 3937 1494 4007 κολάσεων,
1524 3937 1620 3992 τοῦ
1652 3936 1790 3992 Θεοῦ

166 4049 275 4103 μοι
322 4031 469 4085 ἵλεω
526 4028 625 4083 νῦν
667 4029 893 4095 ίδρντος,
922 4030 1017 4084 καὶ
1058 4030 1137 4101 τῷ
1186 4031 1358 4101 πατρὶ
1420 4029 1801 4100 συγγενοίμην

161 4125 277 4179 καὶ
336 4122 590 4204 ἀδελφῷ,
629 4122 679 4176 εί
745 4120 840 4176 καὶ
901 4123 977 4194 μὴ
1025 4122 1127 4191 τῆς
1182 4122 1553 4193 καθαρότητος
1608 4123 1794 4186 αὐτοῖς

1896 3391 2026 3447 mibi
2055 3389 2308 3446 solatium
2343 3390 2535 3455 restat,
2563 3389 2607 3444 si
2637 3398 2864 3456 nepotes
2886 3401 2948 3439 ex
2975 3384 3146 3439 fratre
3183 3377 3481 3452 recupera-3

1896 3492 1984 3541 tos
2008 3484 2243 3546 videam,
2306 3493 2360 3537 et
2416 3481 2484 3537 ad
2524 3468 2768 3551 patriam
2824 3478 3141 3548 religionem
3195 3470 3479 3532 reductos.

1897 3575 2115 3633 Utinam
2150 3577 2253 3631 hoc
2286 3575 2415 3632 fiat!
2475 3574 2647 3644 major
2705 3570 2835 3626 mihi
2900 3573 2966 3627 ad
3020 3568 3275 3649 solatium
3341 3569 3480 3623 ratio

1895 3669 2041 3724 nulla
2077 3667 2193 3723 dari
2226 3675 2425 3739 potest.
2461 3665 2569 3720 Ant
2599 3672 2729 3720 sane
2750 3676 2813 3719 ex
2839 3662 2944 3717 vita
2963 3664 3181 3733 quoque
3201 3662 3480 3716 discedere

1894 3763 2194 3833 continget,
2234 3759 2403 3816 utsic
2432 3758 2597 3815 etiam
2661 3754 2982 3837 aegritudine
3036 3751 3203 3808 animi
3261 3739 3480 3810 liberer.

1895 3857 2078 3912 Metuo
2103 3866 2285 3909 tamen
2312 3868 2399 3921 ne,
2434 3853 2481 3909 si
2514 3853 2614 3907 hoc
2644 3837 2848 3907 factum
2886 3848 3073 3915 fuerit,
3138 3850 3192 3904 in
3249 3849 3514 3918 majores

1894 3948 2153 4013 incidam,
2174 3949 2347 4016 quam
2372 3944 2603 4016 quantos
2621 3958 2685 3998 ex
2715 3939 3080 4014 praesentibus
3109 3939 3266 3997 malis
3285 3940 3483 4001 sentio,

1895 4038 2133 4104 dolores,
2170 4036 2509 4091 Cruciatibus
2542 4034 2763 4090 aeternis
2804 4032 3029 4104 propter
3078 4033 3275 4087 animae
3350 4036 3511 4088 meai.

1897 4126 2309 4200 inquinamenta
2336 4127 2650 4182 mandatus.
2688 4125 2793 4181 Sed
2829 4127 3035 4181 utinam
3090 4136 3143 4181 et
3200 4127 3485 4195 praesenti-

162 4213 473 4302 κοινωνῶ.
511 4215 640 4269 Εἴθε
674 4214 732 4269 δὲ
759 4217 794 4287 ἡ
828 4213 1068 4285 Χριστοῦ
1099 4213 1260 4286 χάρις
1290 4218 1355 4285 τῇ
1384 4216 1511 4283 ἐμοὶΙ
1537 4217 1782 4286 μετανοίᾳ

1902 4222 2003 4277 bus
2025 4220 2287 4285 miseriis,
2311 4229 2365 4275 et
2400 4217 2599 4274 futura:
2633 4208 2753 4273 vita!
2783 4220 2988 4291 poenis,
3030 4219 3140 4273 Deo
3171 4235 3259 4274 me
3303 4214 3486 4290 prepi-

162 4309 280 4393 καὶ
325 4310 484 4380 ῥοπῇ
516 4306 582 4380 τῇ
612 4306 752 4378 πρὸς
792 4306 861 4361 τὰ
893 4305 1057 4393 καλδι⁸
1081 4307 1191 4361 τῶν
1246 4308 1426 4361 ἐκεῖσε
1462 4306 1782 4373 ἀπαλλάξειε

1904 4311 1992 4366 tiis
2024 4310 2201 4366 oculis
2228 4309 2551 4379 aspiciente,
2597 4309 2818 4375 liberer,
2873 4310 3261 4379 consortioque
3318 4312 3486 4379 patris

160 4385 606 4472 κολαστηρίων,
640 4400 733 4454 τὸν
764 4398 873 4455 τῶν
914 4385 1104 4454 παθῶν
1135 4399 1328 4470 ἐσμὸν,
1356 4398 1415 4453 ὃν
1444 4401 1782 4472 περίκειμαι.

1901 4417 1955 4460 et
1984 4403 2170 4459 fratris
2198 4404 2369 4471 fruar,
2409 4404 2537 4459 licet
2566 4417 2672 4457 non
2705 4418 2767 4459 ea
2794 4405 3049 4473 puritate,
3080 4418 3185 4473 qua
3213 4405 3334 4473 ipsi,
3356 4407 3483 4459 sim.

158 4488 539 4571 παριδοῦσα.
576 4492 830 4567 Ζήσομαι
857 4488 1067 4559 τοίνυν,¹
1096 4493 1203 4557 ἕως
1233 4494 1299 4547 ἂν
1327 4488 1422 4565 ἐξῇ
1456 4489 1586 4564 ζῇν,
1616 4494 1782 4567 ἀλγῶι

1899 4495 2197 4567 Οριονετο
2227 4496 2428 4550 Christi
2455 4495 2720 4567 gratiam,l
2742 4505 2800 4548 ut
2832 4510 2893 4550 ea
2927 4509 3033 4558 me,
3068 4496 3384 4564 poenitentia
3418 4498 3485 4550 ad

158 4597 273 4649 καὶ
337 4590 612 4662 δακρύων
666 4590 717 4642 εί
772 4586 847 4660 μή
888 4604 940 4641 τι
965 4587 1333 4659 χρηστότερον
1364 4586 1424 4650 ἐξ
1456 4588 1782 4641 ἀνελπίστωε.

1901 4589 2076 4643 bonas
2101 4587 2353 4642 actiones
2384 4587 2841 4657 propendentem,
2906 4585 3209 4641 inferorum
3277 4589 3486 4642 crueia-

157 4657 515 4759 ἀναφανείη
542 4681 725 4748 ποθὲν,
754 4657 925 4754 τιμὴν
958 4657 1182 4735 ἅπασαν
1216 4657 1500 4749 τιθέμενος
1547 4678 1676 4750 παρ’
1705 4679 1782 4732 οὐ·

1905 4680 2106 4736 mentis
2137 4679 2351 4745 liberet,
2375 4694 2481 4734 non
2522 4680 2709 4733 habito
2734 4694 3021 4749 pravorum
3092 4680 3385 4735 aﬂectuum
3433 4691 3489 4736 et

154 4785 265 4838 δὲν
302 4781 437 4836 τῶν
479 4781 585 4834 οὐκ
634 4779 722 4848 ἐφ’
769 4779 903 4851 ἡμῖν
935 4772 1122 4842 οὖσαν,
1156 4777 1251 4831 καὶ
1294 4776 1451 4830 οὐδὲν
1498 4778 1637 4845 πρὸς
1673 4776 1782 4846 ἐμὲ,⁴

1907 4780 2277 4843 peccatorum,
2317 4787 2553 4843 quorum
2609 4773 2864 4827 satellitio
2916 4776 3151 4844 stipatus
3204 4789 3349 4837 sum,
3397 4788 3488 4829 re-

152 4876 279 4933 κᾶν
299 4890 472 4936 τινες
498 4870 762 4926 τάναντία
784 4869 1129 4941 ψηφίζοιντο,
1150 4865 1331 4937 κάμοῦ
1364 4866 1612 4936 μέλλοιεν
1638 4866 1782 4935 ἑσχάη

1905 4873 2117 4936 spectu.
2153 4864 2343 4920 Vivam
2374 4866 2556 4937 igitur,
2588 4867 2769 4935 quom]
2827 4865 3007 4922 vivere
3051 4870 3397 4935 concedetur,
3434 4868 3489 4922 in

151 4986 276 5041 την
320 4963 787 5033 καταγινώσκειν
822 4960 1183 5031 ἁϐελτηρίσν,
1231 4956 1389 5012 τοῦτό
1422 4973 1488 5027 γε
1525 4958 1782 5022 αὐτοῖςόί

1906 4958 2099 5035 dolore
2149 4966 2205 5013 et
2250 4958 2528 5027 lacrymis,
2594 4961 2697 5014 nisi
2745 4958 2876 5028 quid
2932 4960 3209 5030 insperato
3248 4958 3491 5015 melioris

152 5061 557 5135 συνᾴδοντος.

1906 5053 2138 5109 fortuna:
2158 5052 2409 5109 alicunde
2439 5067 2525 5106 me
2559 5056 2859 5119 respexerit
2889 5069 2904 5107 :
2937 5066 3154 5133 omnem
3193 5053 3358 5121 bujus
3388 5069 3493 5107 ste-

150 5128 303 5214 ειιιί
322 5156 609 5209 honorem
648 5166 744 5224 pro
765 5152 937 5207 nihilo
979 5158 1200 5221 putans,
1228 5163 1354 5203 cum
1386 5148 1431 5203 is
1458 5162 1568 5202 non
1624 5146 1696 5202 sit
1739 5146 1794 5201 in
1872 5156 2146 5218 potestate
2171 5156 2380 5212 nostra,
2450 5161 2548 5201 nec
2608 5147 2675 5199 ad
2744 5160 2830 5200 me
2876 5128 3105 5200 attineat
3163 5146 3488 5216 quidquam,

146 5248 464 5328 quamvis
491 5247 659 5316 aliqui
698 5248 751 5301 in
784 5246 1057 5302 contraria
1085 5244 1196 5301 sint
1225 5244 1520 5309 sententia,
1581 5242 1811 5312 ideoque
1849 5258 1955 5309 me,
1994 5243 2210 5313 quodin
2244 5242 2347 5296 huc
2380 5241 2512 5311 ipsis
2574 5257 2680 5295 non
2722 5240 3010 5308 assentiar,
3074 5228 3329 5300 eXtrema:
3396 5244 3492 5300 de-

150 5345 427 5406 mentia
464 5336 690 5398 nomine
712 5340 1151 5397 cendemnaturi.
1221 5375 1224 5378 ~
