3974 6334
871 399 3241 444 _-—-——-——-——-—-—----——-—-————-__.
973 436 1034 447 _..__
1043 431 1452 444 --ρ-...σαμ-
1461 431 1909 442 ...η--ηη-...μ-
1942 431 2311 441 -._._.._._....._.
2318 428 3230 440 ,Μὴ-...κν-
3237 399 3779 439 m

1012 551 1920 800 MARCUS
2031 529 3274 799 EUGENICUS

1678 963 2020 1022 EPIIESIUS
2074 964 2593 1022 METROPOLITA.

505 405 609 447 ἓν·
653 437 754 446 ναι-.-
769 437 794 443 «ι
810 438 816 443 ι
827 438 840 443 ς
853 436 1012 447 -.ς-...ηο-

843 1285 1412 1390 ΝΟΊῚΤΙᾹ
1529 1246 2194 1388 Htsrontca
2305 1299 2412 1386 Ei

1804 1246 2194 1388 'ontca
2305 1298 2455 1386 ET
2581 1292 3373 1386 LITTERABIA.

1513 1489 1730 1550 (Fabric.
1751 1485 1988 1540 Bibliotb.
2015 1489 2103 1540 Gr.
2135 1489 2215 1539 ed.
2265 1486 2465 1548 llarles,
2499 1489 2621 1537 tom.
2657 1487 2740 1549 X.)

565 1793 781 1849 Marcus
812 1792 1146 1863 Eugenicus,
1185 1792 1381 1865 Ephesi
1420 1795 1788 1865 mctropolita,
1819 1795 2139 1851 Latinorum
2176 1796 2228 1851 in
2263 1797 2520 1859 concilio,
2572 1794 2658 1850 cui
2713 1811 2820 1850 non
2868 1793 3222 1865 subscripsit,
3251 1793 3600 1861 Florentino,
3637 1809 3787 1849 anno

496 1883 654 1946 1459.
694 1895 857 1952 atque
893 1884 1152 1955 deinceps
1184 1885 1250 1938 ad
1297 1885 1506 1938 obitum
1529 1874 1720 1954 usque
1753 1886 2113 1942 adversarius
2146 1888 2472 1951 acerrimus,
2505 1887 2859 1955 unionisque,
2895 1899 3059 1954 quam
3119 1899 3244 1938 cum
3300 1883 3409 1938 illis
3442 1897 3788 1953 componere

491 1970 731 2027 Joannes
761 1972 1101 2041 Palaeologus
1138 1974 1266 2042 imp.
1305 1973 1652 2038 insiitncbat,
1694 1988 1892 2043 magna
1931 1987 2190 2038 remora;
2228 1991 2403 2031 novus
2455 1974 2577 2029 ideo
2627 1973 2858 2028 f‘hotius
2891 1973 3074 2027 dictus
3111 1971 3334 2026 iloratio
3360 1969 3686 2025 Iustiniano
3730 1970 3783 2023 in

492 2061 647 2121 Actis
675 2060 897 2114 concilii
929 2059 1076 2116 Flor.
1101 2078 1115 2126 ;
1145 2060 1286 2116 idem
1321 2076 1467 2116 anno
1499 2059 1656 2122 H47,
1690 2061 1849 2115 morti
1884 2059 2128 2129 vicinus,
2155 2060 2387 2133 Georgio
2423 2061 2711 2118 Scholario
2743 2060 2944 2116 tuenda
2989 2059 3193 2117 Graecae
3227 2058 3487 2115 Ecclesiae
3520 2061 3783 2130 dogmata

494 2161 547 2202 et
575 2149 830 2204 unionem
862 2148 1172 2221 fugiendam
1201 2138 1560 2219 gravissimis
1591 2149 1771 2203 verbis
1802 2149 2209 2205 commendavit
2255 2169 2270 2206 :
2315 2151 2583 2222 Georgius
2635 2150 2828 2214 etiam,
2858 2150 2988 2216 Deo,
3023 2150 3231 2217 angelis
3283 2160 3336 2202 et
3368 2149 3696 2204 hominibus
3732 2148 3782 2200 in

495 2237 868 2292 testimonium
899 2236 1204 2300 advocatis,
1237 2237 1337 2290 hoc
1386 2251 1444 2289 se
1502 2235 1920 2291 observaturum
1979 2246 2169 2291 sancte
2214 2238 2444 2305 juravit,
2505 2237 2932 2306 observavitquc
2984 2235 3181 2290 deinde
3231 2235 3690 2304 diligentissime,
3729 2242 3783 2287 et

492 2326 736 2381 Marcum
799 2326 1090 2410 doctorenl
1117 2340 1276 2410 suum
1340 2324 1660 2379 defunctum
1707 2338 1806 2391 pro
1865 2324 2063 2406 funere3
2112 2324 2380 2380 laudarit.
2432 2324 2646 2394 Scripta
2698 2325 2818 2394 ejus
2877 2333 3272 2394 oppugnarunt
3337 2322 3511 2378 (ἔτωοί
3563 2322 3785 2376 λατινδ-

489 2431 687 2484 φρονες
729 2412 1000 2485 Iosephus
1051 2401 1451 2477 itcthoncnsis,
1483 2412 1782 2484 Gregorius
1815 2401 2281 2469 liieromonachus
2313 2415 2776 2484 protosynccllus,
2810 2412 3060 2468 Bessario
3092 2421 3143 2467 et
3174 2412 3267 2482 qui
3295 2410 3486 2465 Latine
3516 2411 3781 2481 scripsit,

489 2504 735 2559 Andreas
762 2504 1130 2560 Colossensis.
1165 2503 1298 2568 Ejus
1323 2505 1526 2572 scripta
1557 2503 1675 2561 lucc
1709 2502 1841 2557 mihi
1871 2502 2164 2561 innotuere
2201 2520 2216 2556 :
3276 2559 3280 2562 ν

482 2645 485 2650 .
527 2595 612 2647 .1.
644 2594 882 2662 Epistolu
926 2595 994 2646 arl
1053 2593 1312 2646 Joannem
1370 2589 1759 2661 Palatolbgum,
1816 2591 2010 2659 incipit
2047 2608 2063 2648 :
2098 2591 2282 2659 Δῶρὸν
2308 2589 2586 2657 τοιιτοῦτο
2640 2590 2857 2658 μικρόν.
2915 2587 3131 2644 Citatur
3180 2589 3250 2643 ab
3291 2588 3493 2643 Allalio
3552 2587 3623 2648 de
3680 2602 3782 2659 sy-

492 2682 636 2736 nodo
663 2697 778 2747 rm,
810 2697 930 2751 pag.
987 2681 1111 2736 515.
1152 2679 1327 2735 Filia.
1365 2680 1599 2750 Mosqmz
1635 2682 1686 2734 in
1740 2681 1865 2735 cod.
1905 2693 2061 2750 synoc

2210 2679 2274 2744 l3,
2329 2677 2396 2732 ad
2431 2674 2631 2730 Joann.
2681 2675 3068 2745 Palmoiogum,
3125 2676 3489 2745 ἀπορήσαντα
3529 2677 3639 2749 πρὸ
3676 2675 3779 2730 τοῦ

491 2771 815 2841 λατινισμοῦ
838 2772 1112 2838 ίὶιιοηΣὺ
1153 2770 1271 2839 μὲν,
1307 2763 1350 2822 ὦ
1383 2770 1628 2824 θειότατέ
1653 2769 1874 2839 βασιλεῦ
1897 2783 1910 2798 ⁶
1950 2800 2020 2810 —-
2052 2785 2060 2823 ι

2213 2775 2300 2821 tur
2333 2765 2578 2836 ejusdem
2622 2765 2917 2834 explicatio
2970 2769 3071 2835 τῆς
3115 2766 3596 2835 ἐκκλησιαστικῆς
3639 2766 3781 2822 ἁκο-

490 2858 714 2920 λουθίας
737 2874 750 2889 ο
785 2859 908 2913 init.
938 2858 1087 2912 Ἔδει
1123 2858 1220 2926 μὲν
1245 2857 1387 2912 κατὰ
1415 2859 1514 2926 τὴν
1540 2856 1894 2911 κελεύουσαν.
1926 2855 1990 2910 ν.
2021 2855 2059 2908 Μ

2204 2857 2256 2909 ei
2287 2852 2454 2908 Notit.
2501 2852 2661 2907 codd.
2698 2850 2794 2906 Gr.
2833 2850 3011 2922 Mosq.
3065 2867 3119 2922 p.
3153 2854 3282 2916 249,
3315 2870 3369 2907 n.
3404 2855 3457 2918 1,
3497 2855 3552 2919 2,
3589 2853 3773 2909 Paria.

492 2949 545 3002 in
572 2948 707 3002 bibl.
744 2948 894 3017 publ.
929 2962 1120 3002 novem
1150 2947 1310 3002 codd.
1340 2955 1559 3002 exstant
1583 2945 1749 3002 Marci
1776 2945 2035 3018 Eugenici
2077 2942 2355 3012 Epistolas.
2403 2940 2464 2995 V.
2501 2941 2673 3011 lndic.
2709 2938 2774 2996 ad
2843 2943 2951 2997 vol.
2989 2941 3029 2996 ll
3061 2943 3180 2996 Cat.
3207 2959 3341 2998 mss.
3374 2942 3557 2997 Paris.
3595 2943 3775 3015 Regg.

493 3035 849 3103 Singulorum
906 3036 1052 3089 enim
1082 3034 1247 3089 codd.
1307 3035 1764 3088 commemoratio
1797 3035 2024 3088 molesta
2085 3029 2586 3087 foret.--Addam
2642 3030 3009 3100 quorumdam
3063 3032 3300 3086 aliorum
3359 3032 3580 3102 Ephesii
3636 3034 3778 3091 libr.

463 3112 676 3198 'minus
704 3123 941 3178 dilucide
985 3123 1347 3176 indicatorum
1394 3121 1652 3176 Notitiam
1691 3121 1982 3177 :Venetiis
2047 3121 2100 3175 in
2158 3120 2293 3175 bibl.
2341 3117 2635 3173 Justinian.
2668 3118 2835 3173 Marci
2893 3118 3153 3187 Epltesini
3208 3133 3371 3188 opera
3420 3121 3598 3186 varia,
3631 3133 3778 3178 teste

488 3200 785 3267 Montfauc.
820 3211 962 3264 Bibl.
1003 3209 1246 3264 biblioth.
1273 3225 1403 3266 mss.
1445 3224 1497 3271 ι).
1530 3209 1636 3263 485
1673 3208 1740 3263 D.
1770 3239 1840 3248 —-
1871 3207 2007 3263 lbid.
2043 3226 2097 3280 p.
2157 3209 2264 3267 7.72
2319 3208 2382 3263 E.
2420 3208 2598 3262 Paris.
2633 3208 2688 3260 in
2724 3206 2848 3261 cod.
2903 3206 3125 3261 cardiu.
3169 3206 3473 3278 Radulphi,
3511 3210 3774 3278 quadam

485 3301 649 3356 Marci
673 3299 915 3371 Ephesii.
946 3330 1016 3342 --
1047 3299 1180 3354 Ibid.
1218 3314 1272 3368 p.
1307 3298 1445 3353 1326
1468 3297 1536 3354 D.
1568 3297 1620 3352 in
1655 3298 1788 3353 bibl.
1817 3299 1885 3353 de
1915 3298 2114 3353 Mesme
2140 3297 2362 3369 Ephesii
2388 3296 2619 3362 scholia.
2647 3324 2714 3332 —
2739 3294 2977 3363 Mosqua:
3006 3295 3056 3347 in
3091 3296 3210 3349 cod.
3239 3295 3435 3366 synod.
3471 3297 3580 3358 555
3613 3314 3668 3352 n.
3699 3299 3726 3352 1
3755 3315 3774 3366 ;

483 3390 660 3460 ejusd.
697 3389 944 3453 Διάλεξις
988 3391 1126 3468 per?
1159 3388 1269 3440 τῶν
1300 3387 1591 3458 πρὲσσεων
1619 3386 1714 3440 τοῦ
1769 3387 1928 3440 πάπα
1952 3403 1964 3417 ·
2000 3402 2052 3441 ca

2205 3387 2359 3441 initio
2387 3401 2400 3438 :
2428 3395 2482 3440 et
2516 3402 2569 3438 η.
2608 3383 2699 3457 12,
2730 3384 2947 3454 sylloge'
2987 3384 3241 3454 χρήσεων
3271 3386 3571 3456 γραφικῶν
3606 3403 3774 3455 γεγο.

483 3478 796 3549 γυῖα-παρὰ
843 3478 938 3532 τοῦ
977 3477 1228 3545 Ἑφέσου,
1265 3478 1330 3530 de
1385 3476 1739 3546 processione
1786 3474 2052 3545 Spiritus'

2324 3490 2389 3530 ex
2443 3474 2560 3530 solo
2624 3471 2812 3527 Patre;
2880 3472 2998 3528 llic.
3046 3472 3269 3544 Ἐπειδὴ
3341 3475 3484 3541 μετὰ
3535 3476 3638 3546 τῆς
3667 3476 3774 3530 τοῦ
3833 3511 3837 3526 .

483 3569 722 3636 κόσμου·
765 3567 823 3621 V.
858 3563 1108 3620 Ματιηίεὶ
1139 3565 1174 3619 l.
1209 3579 1260 3619 c.
1297 3563 1480 3634 p.234
1503 3572 1551 3618 et
1583 3563 1710 3618 235.
1745 3562 1916 3617 llaaL.

710 3584 722 3596 '
765 3567 823 3621 V.
858 3563 1108 3620 Ματιηίεὶ
1139 3565 1174 3619 l.
1209 3579 1260 3619 c.
1297 3563 1480 3634 p.234
1503 3572 1551 3618 et
1583 3563 1710 3618 235.
1745 3562 1916 3617 llaaL.
2183 3603 2191 3610 .
2277 3576 2279 3579 '

551 3656 604 3709 2.
639 3653 918 3712 Orationes
949 3658 1066 3708 duce
1097 3653 1155 3707 αι
1174 3654 1510 3723 purgalon’o,
1545 3651 1812 3707 Ferrariac
1838 3651 2054 3719 scriptas
2077 3660 2128 3707 ct
2153 3653 2334 3707 adhuc
2362 3653 2600 3708 ineditaa.
2620 3651 2755 3709 Vide
2781 3651 3065 3714 Allatium,
3092 3650 3171 3706 De
3194 3655 3528 3724 purgatorio,
3557 3668 3615 3724 p.
3635 3653 3770 3721 241,

481 3753 534 3796 ct
566 3742 722 3799 liich.
758 3742 1062 3806 Simonem,
1096 3749 1227 3798 toni.
1263 3738 1330 3793 IV
1365 3739 1509 3795 Bibl.
1543 3741 1764 3806 criticw,
1826 3757 1948 3811 pag.
1981 3741 2073 3795 21.
2109 3731 2280 3805 Infra,
2316 3758 2371 3798 u.
2415 3741 2500 3796 16.
2538 3739 2706 3795 Fann.
2755 3740 3048 3796 Mediolani
3085 3741 3139 3795 in
3173 3741 3314 3797 bibl.
3344 3743 3611 3798 Ambros.
3646 3738 3774 3815 quia

482 3843 614 3887 sunt
647 3847 775 3902 opp.
803 3831 980 3902 ejusd.
1018 3831 1092 3884 ita
1128 3845 1157 3885 a
1205 3828 1505 3884 Montfauc.
1542 3829 1596 3884 in
1653 3829 1794 3884 Bibl.
1845 3831 2085 3886 biblioth.
2138 3841 2266 3886 mss.
2322 3846 2374 3901 p.
2410 3831 2504 3897 501
2544 3831 2610 3896 D,
2673 3840 3050 3885 memorantur
3089 3849 3103 3886 :
3136 3831 3305 3886 Marci
3355 3832 3771 3905 archiepiscopi

487 3918 767 3992 Ephesini,
802 3919 938 3973 alias
963 3918 1220 3973 monachi
1253 3928 1307 3973 et
1369 3919 1583 3974 abbatis
1640 3921 2083 3991 congregationis
2138 3921 2481 3976 Cassinensis
2515 3920 2572 3974 S.
2602 3917 2832 3975 Iustina:
2885 3921 2955 3975 de
2995 3919 3202 3984 Padua,
3264 3935 3453 3990 opera,
3488 3922 3525 3975 i.
3555 3937 3606 3976 e.
3644 3938 3776 3979 ora-

485 4009 561 4059 tio
596 4007 775 4062 habita
802 4007 869 4061 de
912 4009 1230 4078 purgatorio
1285 4009 1336 4061 in
1392 4006 1638 4075 synodo;
1673 4035 1742 4045 -—
1770 4003 2078 4075 Responsio
2131 4010 2196 4062 ad
2253 4010 2565 4079 propositas
2609 4009 3023 4082 dubitationes;
3054 4040 3124 4050 —
3152 4009 3445 4065 Confessio
3495 4011 3649 4072 edita
3712 4014 3770 4066 in

483 4094 718 4150 concilio
745 4094 1110 4162 Florentino;
1139 4124 1207 4135 ——
1234 4092 1426 4165 Capita
1455 4093 1704 4162 quaedam
1743 4105 1933 4147 contra
1974 4093 2241 4160 Latinos;
2273 4123 2340 4135 -
2379 4095 2648 4166 Apologia,
2700 4094 2871 4158 dicta,
2908 4094 2962 4148 in
3009 4095 3128 4165 ejus
3174 4106 3380 4164 morte;
3411 4125 3487 4138 --
3519 4095 3764 4167 Epistula

421 4237 431 4249 ,,
482 4185 546 4239 ad
588 4183 971 4252 Scholariuin;
1003 4213 1074 4223 ——
1104 4183 1413 4254 ReSponsio
1445 4182 1512 4236 ad
1544 4182 1807 4252 quasdam
1842 4183 2254 4248 dubitationes;
2292 4213 2354 4224 -
2388 4184 2644 4239 Canones
2677 4183 3078 4249 astronomici;
3116 4212 3181 4224 -—
3223 4172 3427 4255 Opusc.
3465 4189 3531 4241 de
3561 4201 3768 4242 conse-

472 4276 722 4336 cratione
761 4272 1324 4328 altariuin.-'-Marci
1379 4271 1636 4342 Eugenici
1693 4272 2095 4340 spv-culationes
2153 4271 2208 4324 in
2277 4288 2566 4326 nuznerum
2623 4275 2956 4327 talentorum
3014 4281 3066 4327 et
3126 4275 3417 4343 parabolas
3474 4274 3767 4345 Evangelii

481 4359 646 4433 (conf.
672 4362 737 4416 ad
764 4378 819 4416 n.
854 4363 930 4433 7).
962 4391 1033 4402 —-
1066 4359 1329 4416 Parisjn
1361 4360 1493 4415 bibl.
1529 4361 1679 4430 publ.
1716 4361 1836 4415 cod.
1878 4361 2036 4426 1218,
2073 4362 2424 4416 continentur
2455 4363 2635 4430 plura,
2670 4378 2793 4432 quas
2853 4362 2962 4418 huc
2997 4363 3298 4434 pertinent,
3340 4377 3534 4433 opera,
3581 4365 3768 4420 brevi-

481 4454 609 4505 tatis
635 4451 818 4506 studio
865 4451 1028 4507 simul
1079 4451 1433 4510 memoranda
1471 4466 1483 4502 :
1518 4450 1667 4512 scil.,
1725 4466 1778 4502 υ.
1815 4450 1866 4514 1,
1894 4447 2162 4522 Anonymi
2219 4451 2395 4504 oratio
2433 4451 2678 4505 funebris
2718 4451 2769 4505 in
2829 4451 3044 4506 laudem
3080 4450 3251 4505 Marci
3283 4452 3571 4522 Eugenici.
3603 4483 3676 4493 —-
3705 4453 3764 4522 2)

482 4539 657 4610 llujus
682 4539 918 4594 llomilia
950 4542 1125 4611 prima
1151 4539 1217 4594 de
1250 4538 1596 4612 purgatorio,
1634 4536 1902 4593 Fcrrariae
1930 4539 2112 4594 habita
2147 4555 2333 4595 coram
2366 4557 2582 4597 summo
2615 4541 2897 4612 pontifice,
2926 4523 3302 4599 cardinalibus
3341 4551 3396 4597 et
3423 4543 3546 4598 aliis
3570 4543 3764 4601 Eccie.

481 4630 574 4683 site
605 4627 726 4683 Lat.
765 4622 1254 4699 Ductoribus-lue.
1297 4624 1520 4695 Ἐπειδὴ
1551 4627 1691 4699 μετὰ
1743 4626 1990 4696 ἀγάπης.
2024 4658 2050 4668 -

2210 4629 2399 4696 Ejusd.
2459 4629 2694 4684 Hoinilia
2750 4630 2992 4685 secunda
3025 4628 3092 4686 de
3145 4631 3335 4686 eodem
3363 4645 3712 4703 argumento
3743 4625 3771 4691 τ’

481 4720 594 4773 luc.
629 4715 838 4785 Πολλῆς
872 4717 973 4787 μὲν
996 4715 1070 4780 ὡς
1095 4714 1332 4786 ἀληθῶς.
1367 4714 1675 4793 -—-'4L_Ejus
1722 4716 2012 4783 responsio
2045 4732 2050 4769 :

2197 4720 2501 4788 ijcctioncs,
2534 4720 2736 4789 quibus
2770 4735 2869 4776 sua
2905 4719 2972 4776 de
3004 4721 3133 4793 igne
3177 4723 3499 4792 purgatorio
3531 4732 3766 4778 sentcn-

481 4810 576 4874 tia,
608 4822 730 4860 cum
763 4822 792 4859 a
826 4805 1196 4861 cardinalihus
1231 4815 1343 4858 tum
1371 4801 1730 4859 tib-Ecclesiae
1777 4802 1895 4856 Lat.
1929 4806 2050 4858 theo

2190 4826 2196 4859 ς
2241 4816 2553 4877 oppugnata
2589 4809 2769 4863 fuerat
2801 4828 2815 4862 :
2847 4809 2960 4865 inc.
3011 4810 3238 4879 Ἐπειδὴ
3279 4811 3656 4879 σαφέστερον.
3693 4842 3759 4853 -

482 4896 543 4950 Ν.
577 4897 610 4952 9
634 4907 717 4952 est
746 4896 972 4952 secund.
1002 4895 1249 4972 ordinem
1305 4893 1523 4950 Fabric.
1557 4911 1614 4951 n.
1651 4895 1736 4949 15.
1765 4893 1929 4962 —_N.
1959 4894 2042 4958 10,

2197 4894 2478 4972 d_Fabric.
2509 4898 2675 4952 etiam
2727 4916 2782 4953 ιι.
2821 4899 2909 4952 10.
2944 4928 3015 4937 —
3043 4895 3107 4952 N.
3154 4897 3240 4964 11,
3279 4897 3604 4955 Solutiones
3652 4902 3758 4963 du.-

480 4988 694 5040 biorum
727 4969 1124 5056 quorumdam,
1151 4983 1248 5053 ipsi
1283 4984 1689 5054 propositorum
1724 5001 1738 5038 :
1773 4986 1895 5039 init.
1929 4985 1991 5038 '0
2046 5003 2049 5024 ε

2219 4967 2408 5055 σχῆμα
2449 4987 2548 5038 οὐκ
2586 4988 2722 5057 ἔχει.
2769 5017 2838 5029 —-
2869 4987 2955 5040 12.
2995 4988 3068 5042 De
3123 4975 3401 5043 additione
3451 5001 3482 5041 a
3541 4987 3758 5043 Latinis

480 5071 1266 5146 Symboloinserta:ucc.ad
1326 5073 1626 5143 marginem
1683 5075 1892 5127 scholia
1950 5089 2049 5143 aml

2190 5078 2310 5130 ima.
2347 5077 2460 5132 Inc.
2521 5076 2819 5147 Θαυμὰζω,
2870 5076 2987 5140 πῶς
3031 5077 3165 5145 ἡμῖν
3192 5078 3267 5146 (ν.
3304 5077 3373 5132 ad
3402 5093 3462 5134 n.
3503 5078 3536 5131 5
3595 5090 3759 5134 nota-

477 5165 638 5233 tum).
667 5192 735 5202 —-
765 5162 829 5218 Ν.
859 5162 950 5225 26,
973 5162 1041 5216 27
1065 5173 1116 5216 et
1143 5161 1233 5228 28,
1267 5161 1509 5217 citantur
1532 5163 1598 5217 ad
1636 5160 1914 5228 Fabricio,
1953 5181 2007 5217 n.
2041 5167 2093 5231 7;
2124 5167 2155 5219 5
2187 5177 2241 5220 et
2279 5168 2360 5221 14.
2392 5197 2461 5208 -—
2494 5167 2632 5222 Ibid.
2673 5168 2726 5221 in
2756 5167 2880 5222 cod.
2919 5167 3086 5230 1201,
3120 5184 3172 5220 n.
3217 5167 3268 5221 1.
3301 5166 3618 5237 Responsio
3646 5171 3759 5224 du-

476 5254 696 5322 plex'dc
728 5252 849 5320 igne
883 5251 1219 5320 purgatorio.
1249 5281 1317 5291 —
1344 5250 1403 5305 In
1439 5243 1562 5307 cod.
1597 5252 1759 5320 1286,
1800 5270 1854 5307 η.
1890 5255 1943 5318 1,
1967 5265 2052 5308 est
2103 5254 2246 5325 apud
2281 5253 2498 5309 Fabric.
2531 5241 2585 5309 n.
2616 5253 2670 5308 7.
2703 5283 2772 5294 -
2807 5254 2868 5309 Ν.
2901 5254 2953 5318 8,
3013 5252 3176 5308 Marci
3215 5256 3496 5326 Ephesio},
3519 5253 3756 5339 Julian},

388 5378 393 5382 ~
473 5347 706 5402 Andreae
727 5343 950 5410 Rhodii,
982 5342 1325 5401 Bessarionis
1356 5353 1410 5400 et
1437 5347 1671 5401 aliorum
1712 5349 1980 5418 Disputat.
2018 5350 2218 5405 habitae
2272 5351 2326 5404 in
2381 5351 2616 5406 concilio
2661 5348 3004 5405 Florentino.
3034 5380 3102 5388 —-
3133 5348 3195 5404 Ν.
3237 5350 3324 5417 10,
3354 5352 3498 5420 apud
3528 5350 3757 5406 Fabric.

470 5449 550 5492 est
589 5452 646 5489 n.
680 5433 734 5490 6.
761 5432 917 5488 —-N.
961 5435 1045 5503 l2,
1082 5433 1232 5505 Opus
1282 5437 1551 5493 adversus
1610 5437 1860 5494 Latinos.
1905 5441 1995 5494 ubi
2051 5441 2117 5494 de
2149 5439 2404 5509 ‘Spit‘ilus
2437 5440 2613 5494 sancti
2649 5440 3026 5508 processione,
3057 5438 3124 5492 de
3167 5439 3398 5509 azymis,
3430 5439 3496 5493 de
3522 5427 3760 5494 Sabbati

465 5525 703 5597 jejunio,
732 5517 799 5582 de
827 5525 947 5595 igne
1009 5526 1342 5595 purgator-io,
1393 5530 1460 5585 de
1487 5521 1772 5594 beatilate,
1812 5531 1879 5584 de
1913 5530 2172 5599 baptismi
2210 5529 2389 5582 verbis
2442 5538 2494 5582 ct
2522 5529 2728 5598 nuptiis
2764 5525 3131 5593 sacerdotum,
3187 5526 3256 5582 de
3307 5539 3517 5597 quarta:
3550 5528 3665 5582 diei
3706 5537 3759 5585 οι

468 5604 1068 5685 Parascevesjéjuniis,
1112 5623 1166 5668 et
1192 5613 1259 5669 de
1299 5615 1472 5670 tribus
1498 5618 1961 5690 quadragesimis.
1989 5622 2026 5671 ι.

2190 5620 2468 5688 αράκλητε
2500 5618 2692 5686 Κύριε,
2721 5648 2792 5657 ——
2818 5617 2879 5670 N.
2921 5618 3007 5682 10,
3062 5635 3109 5670 v.
3151 5619 3313 5702 infra,
3347 5632 3404 5671 η.
3456 5615 3548 5679 23,
3580 5633 3642 5671 n.
3680 5618 3752 5675 90

465 5705 596 5769 019.,
628 5715 757 5760 sunt
790 5719 884 5775 ap.
937 5702 1160 5774 Fabric.
1208 5721 1262 5760 n.
1301 5705 1386 5758 16.
1415 5707 1644 5761 ——lbid.
1681 5710 1731 5761 iu
1780 5711 1902 5762 cod.
1941 5708 2102 5772 13.27,,
2146 5725 2202 5762 n.
2234 5708 2322 5769 51,
2362 5709 2530 5776 Epist.
2590 5707 2867 5777 encyclica
2915 5706 2982 5760 de
3025 5706 3237 5777 synodo
3273 5704 3597 5762 Florentius
3643 5723 3791 5763 non~

467 5796 818 5892 suscipienda
852 5795 1065 5854 (forsan
1107 5813 1161 5852 ιιι.
1205 5795 1427 5860 5,‹θι)ιιι1
1455 5778 1816 5881 Fabricliizn).
1865 5829 1928 5838 -—
1965 5785 2168 5861 κως
2205 5797 2444 5861 Epistula
2473 5796 2538 5852 ad
2573 5795 2870 5860 Georgium
2901 5794 3248 5853 Scholariutn
3288 5806 3486 5853 contra
3526 5799 3670 5853 ritus
3701 5807 3755 5852 et
