3974 6334
199 307 332 365 1013
1054 348 1089 371 μ
1194 304 1514 367 MARCUS
1546 303 1768 369 EPIIE!

1899 304 2438 370 S.—-NOTlTlA.
2526 266 2527 269 γ
2710 270 2717 277 ’
3330 298 3468 367 ιιι-ιι

194 416 458 473 sacritieia
489 416 751 475 Romana:
779 420 1158 477 Ecclesi:c.'—
1196 423 1260 479 N.
1291 425 1379 489 33,
1407 425 1474 479 ad
1511 422 2049 493 eutndcm.Epistola
2110 426 2495 496 gratulator-ia,
2526 426 2669 498 quod
2723 441 2752 481 a
2801 424 3015 481 Latinis
3045 421 3356 480 desciverit.
3398 457 3470 468 -η

194 503 255 557 Ν.
288 506 376 567 54,
410 516 494 560 est
518 522 606 576 ap.
644 505 863 565 Fabric.
902 527 957 565 ιι.
999 511 1085 566 17.
1127 544 1195 553 -
1236 511 1301 568 Ν.
1334 514 1426 581 55,
1455 513 1519 568 ad
1554 513 1763 567 Latino:

1898 512 2118 581 sponsio
2154 514 2219 569 de
2262 515 2384 584 igne
2422 515 2759 586 purgatorio.
2788 545 2852 559 -
2882 513 3023 568 Ibid.
3059 512 3113 567 in
3145 502 3271 567 c'od.
3310 510 3467 575 15⁸72,

193 610 247 669 ιι.
284 595 337 658 5,
366 594 531 651 Marci
565 596 855 679 Eugeniei,
889 602 981 671 qui
1016 603 1253 658 concilio
1304 601 1630 660 Florentino
1685 601 1962 665 interluit,
2015 616 2177 672 opus
2216 603 2285 657 de
2342 602 2466 672 igne
2500 604 2858 676 'purgatorio.
2895 603 3168 658 adversus
3217 599 3469 664 Latinos,

192 682 496 751 ineditum;
552 701 605 739 ιι.
641 688 696 751 4,
726 678 1032 759 Expositio,
1068 692 1211 762 apual
1242 690 1464 747 Fabric.
1491 708 1546 746 ιι.
1580 693 1667 747 11.
1717 723 1761 737 .-

1900 691 1950 746 Ll.
1987 689 2042 745 in
2081 688 2209 746 cod.
2253 685 2522 754 1589,ἰι.
2552 691 2607 745 2.
2642 690 2797 747 Orat.
2837 691 2957 756 dum
3001 691 3069 746 de
3106 690 3234 760 igne
3264 702 3469 759 purga-

192 772 353 833 torio,
380 772 606 841 eatdcm,
637 789 756 842 quas
791 793 843 832 ιι.
880 778 968 847 16,
999 794 1086 850 ap.
1117 779 1322 845 Fabr.;
1356 788 1409 834 ct
1460 796 1518 836 ιι.
1552 780 1607 846 ὅ,
1652 779 1934 850 Expositio
1966 780 2020 835 in
2083 793 2305 835 sacram
2341 777 2671 849 Liturgiam.
2700 806 2771 819 -—
2807 779 2865 835 in
2918 780 3041 835 cod.
3073 778 3303 835 Coislin.
3338 774 3467 840 289,

194 857 424 914 llomilia
461 861 608 917 dicta
642 862 906 923 Ferrarius
934 869 998 923 ad
1034 862 1343 927 cardinales
1384 879 1437 926 et
1488 870 1729 939 reliquos

1900 884 2088 924 norum
2122 868 2378 924 doctores
2416 869 2548 938 περὶ
2587 866 2684 920 τοῦ
2715 867 3080 945 δοξαζομένου
3116 867 3250 936 παρ’
3282 866 3469 937 αὐτοῖς

192 947 491 1017 καθαρσίου
534 953 721 1033 πυρός’
777 957 882 1025 (est
903 958 1045 1027 apud
1076 957 1237 1015 Fabr.
1272 975 1327 1014 ιι.
1365 957 1452 1025 16,
1480 957 1629 1030 prior
1662 974 1761 1028 rest

1903 958 2004 1029 io).
2056 955 2120 1012 V.
2153 956 2345 1015 Monti.
2381 954 2522 1010 Bibl.
2558 953 2721 1010 Coisl.
2764 971 2817 1025 p.
2854 955 2981 1013 406.
3015 989 3086 999 -—
3109 953 3467 1011 Sec.-Montl.

192 1035 246 1089 in
280 1036 419 1093 Bibl.
459 1040 701 1101 bibiiotlt.
754 1061 883 1100 mss.
916 1064 967 1116 p.
1005 1049 1163 1113 1332,
1222 1054 1443 1107 exstant
1491 1049 1545 1104 in
1609 1047 1747 1105 Cod.
1791 1046 1998 1102 Mazar.
2038 1044 2139 1101 121
2177 1062 2191 1099 :
2240 1061 2297 1100 ιι.
2338 1045 2390 1110 1,
2447 1043 2639 1099 Oratio
2676 1042 2939 1097 Ferrariae
2970 1043 3154 1098 habita
3204 1043 3271 1097 ad
3301 1042 3466 1097 Card.

190 1126 437 1199 aliosque
466 1128 691 1189 Latinos
724 1135 791 1190 de
815 1136 1308 1217 igne'purgatorio.
1340 1169 1412 1180 -—-
1448 1135 1514 1195 N.
1544 1132 1599 1202 2,
1631 1136 2039 1206 RespOnsiones
2072 1136 2138 1192 ad
2169 1134 2512 1206 obiectiones
2546 1134 2592 1189 ei
2628 1132 2826 1188 factas.
2856 1160 2925 1175 --
2955 1132 3020 1189 N.
3049 1133 3104 1197 ϐ,
3134 1133 3278 1204 quod
3324 1134 3468 1188 idem

190 1224 295 1276 cst.
337 1232 399 1272 ac
434 1218 653 1276 Fabric.
710 1239 766 1278 η.
803 1225 868 1279 13
918 1209 1091 1295 citat;
1125 1255 1195 1271 --
1222 1226 1291 1284 Ν.
1342 1228 1398 1294 7,
1430 1227 1662 1286 Joannis
1718 1225 1983 1297 Eugenici
2049 1226 2318 1281 adversus
2352 1223 2724 1279 deﬁnitionem
2771 1221 2990 1277 concilii
3026 1220 3368 1289 Florentini;
3399 1250 3472 1261 ——
3563 1209 3569 1215 ’

190 1301 258 1357 Ν.
300 1305 387 1371 15,
414 1308 611 1377 synodi
642 1314 995 1380 praesentium
1029 1315 1187 1372 CPoli
1221 1318 1610 1387 episcoporum
1638 1310 1909 1387 apologia,
1948 1314 2097 1385 quod
2138 1313 2515 1371 Florentinam
2558 1311 2830 1384 synodum
2882 1326 2988 1365 non
3019 1311 3323 1381 receperint
3353 1326 3372 1377 ;
3397 1338 3470 1352 —-

188 1387 259 1445 Ν.
306 1392 394 1456 15,
427 1394 593 1451 Marci
632 1396 851 1470 Ephesii
905 1402 1172 1461 adversus
1210 1405 1584 1471 scholarium;
1617 1434 1687 1445 υ-
1713 1420 1769 1459 ιι.
1800 1403 1887 1468 16,
1921 1403 2204 1461 Adversus
2262 1403 2512 1467 Latinos,
2538 1401 2717 1472 capita
2763 1400 3101 1473 syllogistica
3127 1399 3276 1471 (add.
3313 1416 3370 1455 ιι.
3410 1400 3465 1463 7,

188 1495 282 1567 ap.
313 1480 578 1557 Fabric).
606 1491 971 1567 —,Apologia
1006 1508 1104 1564 pro
1135 1494 1360 1561 unione,
1389 1496 1527 1553 citra
1564 1495 1685 1566 ejus
1754 1493 2089 1549 sententiam
2157 1491 2451 1548 Florentiae
2499 1491 2725 1558 habita;
2758 1497 2814 1545 et
2871 1505 2925 1544 ιι.
2964 1488 3054 1555 19,
3087 1488 3266 1558 ejusd.
3319 1488 3469 1545 Con—

189 1564 385 1633 fessio,
416 1570 471 1626 in
508 1564 716 1644 synodo
752 1575 1070 1637 Florentina
1102 1582 1252 1638 edita
1278 1580 1531 1640 Barlaam
1566 1564 1850 1647 monachi,
1878 1581 2179 1652 procedere
2226 1580 2491 1650 Spiritum
2526 1587 2780 1637 sanctum
2816 1592 2888 1635 ex
2940 1579 3071 1633 solo
3087 1574 3270 1631 Patre.
3305 1575 3469 1631 (leni.

188 1671 361 1745 supra
384 1658 446 1713 .in
473 1663 530 1719 b.
563 1663 672 1719 vol.
699 1679 754 1733 p.
782 1666 909 1733 468,
943 1685 1082 1737 uti,
1121 1678 1177 1727 et
1204 1670 1273 1726 de
1302 1671 1426 1745 igne
1456 1672 1801 1743 purgatorio,
1825 1680 1933 1728 etc.
1960 1700 2032 1713 -—
2063 1669 2122 1725 ln
2153 1669 2542 1745 Baumgarten.
2574 1667 2894 1723 Nachricht.
2932 1681 3032 1722 von
3094 1660 3469 1735 mérkwiirdig.

186 1740 457 1815 Bac/im,
496 1759 627 1808 tom.
663 1753 750 1822 Vl,
778 1770 831 1824 υ.
873 1757 1003 1823 tsi,
1038 1756 1225 1825 ibique
1253 1740 1365 1817 not.
1403 1740 1654 1816 ιζιιιιιι..

265 1833 320 1890 5.
359 1833 742 1919 Responsiones
778 1846 847 1897 ad
880 1850 1198 1916 quwstiones
1222 1840 1606 1915 cardinaiium,
1629 1866 1769 1905 ous.
1795 1847 1854 1903 lu
1882 1850 2070 1921 codice
2094 1848 2263 1921 Regio
2300 1846 2476 1904 Paris.
2506 1847 2637 1904 250.
2675 1848 2835 1913 1218,
2860 1848 2913 1903 'm
2962 1846 3095 1904 bibl.
3134 1846 3288 1918 publ.
3324 1863 3378 1902 ιι.
3413 1848 3468 1915 ι,

186 1934 247 1978 et
276 1940 331 1989 ν,
363 1927 429 1982 ad
462 1944 519 1983 ιι.
552 1930 609 1994 2,
634 1930 812 1987 Leidre
841 1935 989 1992 inter
1017 1938 1144 1993 cod.
1192 1935 1449 1996 Vossian.
1484 1954 1535 1993 γ.
1567 1938 1743 1994 Catal.

1677 1939 1743 1993 al.
1772 1930 1904 1992 bibl.
1938 1935 2095 1992 Leid.
2118 1926 2184 2007 ἰ).
2216 1937 2342 2004 597,
2366 1953 2424 1992 ιι.
2450 1937 2549 1993 -57,
2579 1935 2753 1992 llus.
2820 1955 2825 1964 '
2897 1955 2905 1978 ι
3129 1987 3131 1990 ι
3232 2006 3246 2009 Α

262 2013 319 2068 4.
360 2015 567 2073 Salutio
592 2020 825 2077 duarum
857 2027 1209 2094 quastionum
1238 2026 1393 2100 παρὰ
1425 2028 1523 2083 τοῦ
1554 2026 1820 2097 βασιλέως
1860 2027 1925 2082 ab
1971 2027 2295 2094 imperatore
2327 2025 2563 2093 (Joanne
2593 2023 2924 2095 l’alaeologo)
2958 2024 3374 2093 propositarum.
3410 2023 3468 2079 In

185 2104 385 2191 codice
408 2106 579 2178 Regio
603 2102 768 2175 2016,
806 2118 945 2168 testo
990 2114 1208 2171 Labbeo
1238 2131 1362 2187 pag.
1395 2106 1464 2173 88
1512 2116 1649 2181 bibl.
1685 2129 1839 2171 novat
1900 2128 2033 2170 mss.
2075 2113 2259 2186 [ConL
2327 2114 2454 2169 cod.
2516 2112 2838 2183 Mosqucns.
2890 2112 3016 2191 555,
3040 2114 3131 2179 41,
3165 2122 3217 2169 et
3256 2113 3309 2168 in
3341 2112 3467 2169 cod.

188 2188 469 2250 Escarial.
506 2211 629 2253 mox
663 2199 884 2257 citanda
917 2210 1116 2259 existat.
1147 2203 1327 2260 11Αιιι..

157 2352 201 2364 ‘_
264 2282 321 2339 5.
352 2284 596 2355 Epistola
629 2292 895 2362 encyclica
925 2293 995 2347 ad
1018 2310 1195 2350 omnes
1222 2293 1564 2351 Christianos
1596 2294 1664 2350 de
1706 2290 1918 2364 synodo
1954 2290 2269 2346 Florentina
2326 2305 2435 2345 non
2482 2289 2863 2359 Suscipiendo,
2916 2304 3039 2361 quae
3086 2303 3210 2347 cum
3242 2289 3466 2360 Iosephi

174 2358 568 2430 Tlethonensis
594 2358 953 2447 responsione
979 2381 1181 2450 legitur
1209 2391 1333 2451 post
1357 2391 1475 2437 acta
1503 2358 1907 2437 concilii'Flor.
1959 2388 2094 2433 tom.
2130 2377 2273 2444 Xlll,
2309 2378 2534 2445 Labbci,
2568 2358 2692 2448 pag.
2741 2378 2884 2447 677;
2921 2358 2976 2435 et
3026 2390 3160 2435 tom.
3186 2366 3292 2445 IX;
3330 2358 3469 2434 llar-

186 2460 352 2516 dttin.
400 2477 522 2531 pag.
557 2464 691 2520 549:
740 2466 984 2546 Incipit:
1029 2468 1173 2537 Ἐγὼ
1230 2469 1319 2524 διὰ
1340 2469 1441 2541 τὴν
1473 2467 1743 2538 ἑπιταγὴν

1930 2467 2028 2538 τὴν
2063 2468 2274 2538 χρείαν.
2338 2468 2527 2523 Grzcce
2578 2476 2631 2521 et
2672 2467 2866 2523 Latine
2916 2483 3040 2524 cum
3095 2469 3353 2524 versione
3377 2467 3463 2523 Jn.

189 2548 437 2606 Matthai
472 2551 1025 2626 CaryophylitFana.
1062 2555 1267 2613 Matriti
1324 2558 1379 2612 in
1415 2557 1539 2612 cod.
1580 2555 1749 2628 Regio
1789 2555 1879 2623 77,
1944 2555 2040 2611 l‘ol.
2096 2556 2221 2618 509.
2256 2564 2575 2626 sequuntur
2620 2555 2800 2623 ejusd.
2857 2556 3134 2613 Prolessio
3174 2558 3322 2621 ﬁdei,
3375 2574 3468 2626 ap.

184 2637 413 2695 Fabric.
453 2655 511 2696 ιι.
545 2641 633 2697 17.
663 2672 732 2685 --
756 2644 1086 2715 Excerptum
1139 2647 1300 2701 breve
1348 2661 1415 2700 ex
1468 2646 1591 2714 ejus
1644 2661 1767 2715 cap.
1818 2644 2173 2714 syllogisticis
2211 2642 2291 2715 (ιι.
2341 2640 2394 2708 7,
2429 2659 2518 2714 ap.
2550 2630 2795 2711 Fabric.)
2819 2675 2888 2686 —-
2915 2642 3070 2699 Tum
3117 2647 3470 2717 opusculum,

188 2728 342 2798 quod
368 2733 453 2785 est
483 2744 575 2799 ap.
606 2729 818 2788 Fabric.
854 2749 911 2790 ιι.
947 2735 1035 2791 15.
1070 2766 1141 2776 —-
1180 2735 1315 2790 Dein
1349 2749 1539 2805 opusc.
1592 2732 1757 2804 cujus
1802 2734 2085 2788 rarissime
2117 2735 2177 2788 lit
2217 2735 2424 2789 mentio
2463 2734 2530 2789 de
2578 2734 2815 2789 terminis
2846 2736 2969 2789 vita:
3034 2735 3143 2805 (est
3197 2744 3377 2810 tamen
3413 2736 3469 2810 in

188 2815 318 2873 cod.
355 2817 619 2875 Escorial.
680 2821 817 2877 etin
855 2822 976 2877 cod.
1044 2822 1359 2893 Mosquensi
1398 2822 1525 2890 591,
1576 2839 1632 2878 ιι.
1679 2821 1757 2877 12.

1911 2820 2153 2876 Matt/tati
2181 2822 2217 2874 l.
2253 2836 2301 2875 c.
2338 2836 2391 2891 p.
2424 2821 2576 2889 252).
2618 2821 2734 2877 lnc.
2768 2820 2894 2875 Obt’
2928 2823 3095 2887 αὐτὸς
3139 2807 3391 2896 ἠπόρειξ,
3422 2807 3467 2879 ὦ

190 2907 439 2993 μακᾷριε
473 2909 734 2977 δέσποτα,
769 2910 868 2964 τοῦ
900 2910 1242 2981 ζητουμένου
1270 2912 1372 2983 τὴν
1392 2902 1549 2966 hiatu
1580 2911 1759 2983 ἔξευρε

1900 2926 1912 2963 ε
1959 2911 2053 2962 καὶ
2089 2909 2409 2965 ἀποδοῦναι.
2438 2938 2509 2948 -—
2538 2909 2779 2979 Epistula
2806 2912 2878 2966 ad
2915 2910 3214 2982 Georgium
3266 2915 3347 2984 (ιι.
3382 2914 3469 2979 1i,

188 3008 280 3060 ap.
319 2992 588 3065 Febrim).
619 3026 688 3037 —
716 2997 836 3052 Alia
878 3000 943 3052 ad
978 2999 1230 3053 eumdem
1261 3009 1317 3054 et
1350 3000 1539 3055 eadem
1575 3014 1697 3056 esse
1734 2998 2125 3068 videtur,quat
2154 3009 2239 3054 est
2294 3012 2379 3068 ap.
2432 2996 2594 3053 Fabr.
2633 3013 2691 3052 ιι.
2745 2998 2829 3065 10,
2863 3007 2918 3053 et
2943 3016 3106 3069 quam
3137 3000 3382 3072 Congius
3410 3002 3464 3055 in

188 3080 443 3137 Glossar.
470 3082 564 3139 Gr.
592 3085 707 3157 vol.)
732 3085 798 3149 11.
824 3088 936 3143 col.
970 3087 1134 3153 1281,
1176 3080 1326 3144 velut
1361 3088 1624 3150 ined‘itam
1690 3099 1980 3151 memorat,
2022 3098 2395 3158 provocatque
2424 3087 2491 3141 ad
2533 3087 2657 3143 Old.
2687 3087 2818 3143 bibl.
2859 3072 3037 3145 Paris.
3085 3090 3270 3159 Regia:
3296 3090 3468 3159 5118,

188 3171 288 3231 qui
321 3172 375 3225 in
414 3172 577 3229 catal.
611 3188 741 3230 utss.
782 3174 916 3231 bibl.
961 3177 1111 3247 publ.
1169 3177 1344 3234 Paris.
1410 3186 1732 3233 numeratur
1768 3174 1929 3247 1218,
1973 3176 2065 3232 ubi
2102 3177 2301 3235 .locnm
2332 3185 2567 3245 occupat
2618 3175 2912 3230 decimum.
2958 3176 3036 3232 De
3094 3176 3180 3230 bis
3211 3180 3467 3235 cornibus
3580 3228 3588 3235 .

189 3260 352 3327 plura
395 3259 640 3329 disputat
674 3262 867 3319 lriarte
893 3264 947 3320 in
974 3263 1097 3322 Cat.
1135 3266 1295 3322 codd.
1337 3265 1432 3322 Gr.
1466 3265 1670 3321 Matrit.
1697 3281 1753 3335 p.
1788 3263 1895 3321 285
1925 3280 2042 3337 seq.
2089 3297 2150 3309 ——
2194 3265 2252 3320 lu
2286 3266 2447 3321 codd.
2484 3263 2982 3329 Escorialensibus,
3013 3265 3070 3320 in
3095 3267 3304 3335 quibus
3336 3279 3466 3325 sunt

188 3350 444 3404 mundam
473 3366 502 3405 a
531 3350 783 3407 Fabricio
814 3367 923 3407 non
959 3344 1365 3425 observataiV.
1398 3354 1577 3409 Plueri
1604 3353 1860 3410 ltinerar.
1892 3371 1986 3424 per
2036 3355 2266 3424 Ilispan.
2301 3370 2354 3425 p.
2407 3352 2564 3423 180),
2594 3364 2949 3410 asservantur
2984 3353 3149 3411 Marci
3207 3354 3467 3425 Eugenici

189 3438 439 3508 Epistula
475 3439 545 3493 αι
577 3439 896 3497 orthodoxa:
925 3440 1281 3509 Christianos,
1336 3428 1541 3512 ubique
1600 3443 1849 3512 gentium
1898 3453 1952 3498 et
2007 3443 2311 3499 insularum
2372 3442 2630 3513 degentes
2660 3458 2675 3509 ;
2714 3472 2782 3482 —
2807 3428 3318 3499 dore'surrectione
3342 3486 3359 3513 ,
3396 3453 3499 3486 --'

188 3530 267 3581 de
300 3526 553 3583 terminis
588 3530 711 3583 vitio
738 3529 802 3583 ad
834 3527 1145 3597 lsidorum;
1188 3561 1250 3571 -—
1277 3531 1341 3586 ad
1378 3531 1515 3602 imp.
1543 3530 1749 3586 Joann.
1784 3528 2182 3604 Palazologum,
2217 3532 2559 3589 dubitantem
2599 3530 2667 3586 de
2722 3530 3043 3587 Latinorum
3087 3534 3220 3597 rita,
3250 3551 3461 3591 sermo-

188 3632 296 3672 nes
324 3617 468 3680 duo;
500 3646 572 3660 —
594 3616 830 3674 Humilia
864 3619 918 3672 in
950 3619 1337 3675 dormitionem
1394 3618 1452 3675 S.
1492 3611 1706 3675 Macarii
1768 3620 1999 3677 Coronae
2033 3620 2208 3693 (conf.
2233 3621 2302 3676 ad
2355 3637 2410 3676 ιι.
2443 3622 2496 3690 7)
2526 3637 2546 3685 ;-
2570 3651 2638 3661 —
2666 3619 3133 3691 interrogationes
3167 3622 3233 3677 ad
3272 3639 3468 3692 quem-
3545 3686 3567 3702 _

187 3706 326 3761 dum
357 3706 697 3763 dubithntem
723 3727 737 3777 ;
766 3708 1145 3765 —Coniessio
1170 3719 1333 3763 rectae
1366 3710 1487 3763 11.ιυὶ
1525 3708 1818 3765 Florentiae
1859 3710 2022 3775 facta,
2059 3709 2363 3766 secundum
2401 3707 2672 3779 synodum
2718 3707 3039 3786 Latinorum
3070 3725 3194 3764 cum
3232 3709 3470 3782 Cbryso—
3525 3745 3531 3761 ς

187 3807 418 3861 stomo;
453 3823 521 3835 --
562 3796 728 3853 Marci
757 3793 1168 3867 Epistolae‘duac
1204 3796 1272 3851 ad
1330 3798 1687 3867 praepositum
1730 3800 1784 3853 in
1825 3798 1881 3853 S.
1921 3808 2104 3852 monte
2164 3796 2543 3858 habitationis,
2584 3794 2943 3866 Batopedium
2985 3796 3027 3851 l.
3059 3825 3128 3837 -
3155 3798 3234 3852 Ad
3275 3814 3471 3869 quem-

186 3882 324 3937 dam
368 3881 715 3941 Scholarium
752 3886 1162 3956 philosophum,
1202 3888 1394 3940 altera.
1426 3916 1492 3927 —-
1529 3886 1740 3943 Monac.
1778 3889 1832 3943 in
1869 3889 1993 3945 cod.
2049 3887 2241 3943 Bavar.
2276 3887 2400 3942 115.
2437 3885 2536 3941 fol.
2573 3884 2702 3948 188,
2733 3886 2827 3939 ubi
2870 3897 3177 3954 sequuntur
3206 3887 3471 3958 Pro/“casio

186 3972 369 4042 (apud
399 3971 614 4029 Fabric.
651 3990 706 4030 ιι.
747 3974 829 4043 10)
859 3983 973 4029 tum
1029 3975 1199 4030 altera
1246 3975 1410 4043 epist.
1443 3975 1721 4048 encyclica

1927 3994 1978 4031 ιι.
2025 3976 2105 4049 6).
2137 4007 2209 4017 -
2245 3974 2502 4046 Dialogus
2535 3972 2711 4035 Graeci
2743 3982 2797 4028 et
2833 3973 3039 4037 Latini,
3074 3990 3169 4030 sco
3207 3978 3272 4030 de
3311 3979 3468 4029 addi-

185 4074 342 4115 ttone
364 4062 418 4113 in
451 4060 692 4131 symbolo
723 4077 741 4115 :
772 4062 941 4132 ineip.
969 4061 1251 4133 Θαυμάζω
1276 4063 1392 4125 πῶς
1423 4066 1557 4132 ἡμῖν
1590 4065 1754 4133 ἐγκαλ

1903 4080 1917 4095 θ
1947 4064 2001 4118 in
2032 4064 2137 4117 line
2166 4070 2410 4127 notatur,
2442 4060 2712 4129 scriptum
2733 4074 2857 4115 esse
2886 4076 2958 4114 m.
2987 4062 3161 4130 April.
3183 4080 3270 4133 an.
3305 4064 3464 4129 6051,

184 4166 300 4207 seu
338 4164 445 4205 tera
475 4159 664 4206 nostra
695 4150 853 4217 1413,
888 4151 1080 4206 indict.
1115 4166 1186 4204 νι.
1226 4148 1381 4215 llunc
1406 4150 1682 4221 dialogum
1731 4152 1892 4207 etiam
1930 4148 2117 4204 omisit
2169 4148 2473 4214 Fabricius,
2508 4145 2614 4199 nisi
2663 4145 2766 4214 sit,
2790 4146 3051 4221 opinante
3079 4146 3327 4212 llarltio,
3372 4166 3470 4215 ec-

184 4248 445 4309 cerptum
472 4240 713 4309 capitum
742 4239 1012 4311 syllogist.
1044 4240 1145 4310 (α).
1191 4269 1261 4282 ——
1294 4239 1566 4308 Posthac,
1599 4240 1986 4309 Marci'pres.‘
2018 4245 2251 4308 metrop.
2285 4236 2348 4301 ad
2372 4224 2563 4292 omnes
2601 4239 2799 4308 ubique
2834 4246 3107 4313 terrarum
3169 4247 3225 4294 et
3260 4240 3469 4293 insula-

186 4344 331 4383 rum
383 4329 724 4385 ortbodoxos
781 4328 1128 4385 Christianos
1165 4347 1178 4384 :
1218 4328 1379 4398 cujus
1432 4330 1655 4399 quidem
1693 4328 1755 4398 Et

1902 4342 1947 4381 ιιι
2004 4327 2222 4381 initium
2276 4334 2409 4380 est:
2445 4325 2575 4389 Τοῖς
2635 4326 2952 4399 ἅπανταχοῦ
2993 4327 3095 4398 τῆς
3130 4327 3233 4396 γῆς
3258 4343 3274 4360 ο
3321 4327 3466 4382 illam

188 4418 505 4487 Epistolam
542 4418 745 4487 excipit
766 4419 1028 4490 Apologia
1059 4417 1309 4486 Gregorii
1342 4417 1752 4475 bieromonacbi
1780 4425 1839 4496 et
1862 4416 2278 4489 protosyncelli,
2312 4429 2501 4487 postea
2539 4417 2892 4486 patriarchae,
2926 4416 3114 4474 Romae
3144 4417 3364 4496 septdti,
3391 4414 3462 4472 'in

186 4505 458 4577 Ephesini
486 4505 770 4575 epistolam
795 4522 825 4560 e
872 4505 1036 4561 variis
1069 4507 1274 4561 sanctis
1308 4522 1322 4557 :
1356 4506 1479 4561 init.
1515 4506 1588 4558 Τὸ
1623 4506 1719 4576 μὲν

1901 4506 2047 4575 [μιον
2079 4504 2175 4559 τοῦ
2203 4505 2511 4578 αἰδεσίμου.
2543 4536 2615 4547 -
2637 4505 2777 4562 Ibid.
2808 4505 2859 4560 in
2913 4504 3038 4560 cod.
3068 4504 3163 4569 51,
3188 4492 3310 4561 cad.
3342 4505 3470 4576 Epi-

180 4594 343 4652 stola
376 4609 499 4648 cum
537 4593 800 4662 Apologia
827 4602 933 4649 etc.
981 4594 1141 4650 Conl.
1172 4594 1240 4649 cl.
1277 4593 1465 4649 llardt.
1504 4594 1557 4649 in
1609 4593 1812 4649 Aretini
1841 4591 2173 4663 Beytrazgeu,
2208 4602 2317 4649 etc.
2367 4609 2460 4647 an.
2508 4591 2669 4657 1804,
2706 4602 2851 4663 part.
2881 4592 2969 4659 10,
3005 4606 3129 4662 pag.
3162 4592 3229 4646 19
3252 4607 3376 4662 sqq.
3417 4603 3471 4648 ot

182 4690 343 4754 part.
380 4700 419 4745 ι,
454 4698 505 4749 p.
546 4681 615 4736 25
643 4695 760 4752 seq.
799 4680 1092 4737 —~Eadem
1147 4681 1375 4751 epistola
1424 4696 1548 4736 cum
1584 4681 1835 4752 Gregorii
1874 4681 2123 4752 apologia
2185 4682 2238 4736 in
2276 4682 2401 4737 cod.
2435 4680 2753 4752 Mosquensi
2803 4680 2999 4751 synod.
3052 4679 3182 4745 352,
3220 4696 3274 4735 ιι.
3311 4680 3367 4735 5.
3403 4679 3469 4739 ν.

180 4770 449 4826 Matthwi
482 4778 595 4825 not.
624 4769 717 4824 cit.
749 4784 802 4837 p.
836 4769 943 4825 228
981 4786 1127 4839 seq.,
1163 4780 1326 4839 atque
1352 4784 1409 4839 p.
1440 4770 1567 4834 252,
1604 4784 1658 4825 n.
1696 4769 1785 4837 22,
1823 4769 1946 4824 cod.
1990 4769 2118 4835 594,
2153 4768 2381 4838 epistola
2438 4768 2740 4837 encyclica.
2779 4796 2841 4807 -—
2887 4765 3179 4822 Florentiae
3238 4767 3293 4822 in
3332 4768 3467 4824 bibl.

179 4857 524 4929 monasterii
561 4856 1037 4914 Benedictinorum
1070 4855 1131 4912 Β.
1165 4857 1369 4924 Mat-ite,
1394 4844 1643 4928 Iosephi,
1676 4858 1920 4928 episcopi
1976 4857 2278 4923 MetbOnes,
2311 4855 2558 4928 apologia
2609 4855 2676 4911 ad
2710 4854 2954 4911 libellum
2982 4853 3151 4911 Marci
3181 4854 3468 4926 Ephesini.

182 4946 264 5001 v.
300 4944 599 5001 Montl'auc.
628 4944 769 4999 Bibl.
806 4945 1053 5001 bibliotb.
1086 4932 1221 5002 mss.
1257 4962 1310 5015 p.
1349 4945 1455 5001 tis
1484 4944 1544 5010 ο,
1586 4956 1639 5001 et
1674 4944 1740 4999 ait
1775 4961 1831 4999 ιι.
1862 4946 1916 5001 7.
1956 4944 2132 5001 HARL.

264 5032 326 5088 6.
370 5030 617 5104 Ερίειοια
648 5023 916 5099 εηονειὶσῖι
939 5033 1008 5086 ad
1034 5049 1211 5088 omnes
1235 5034 1424 5102 ubique
1452 5044 1717 5087 terrarum
1746 5040 2009 5102 degentes,
2043 5034 2113 5089 de
2151 5032 2353 5088 eodem
2372 5044 2716 5103 argumento,
2753 5047 2891 5103 quae
2916 5048 3039 5089 cum
3102 5030 3465 5105 responsione

178 5120 452 5191 Gregorii
483 5106 881 5193 Protosynoelli
913 5130 1092 5176 exstat
1126 5131 1261 5176 tom.
1293 5121 1412 5177 Xlll
1440 5121 1648 5179 Concil.
1676 5120 1900 5186 Labbci,
1926 5137 2048 5193 pag.
2087 5120 2209 5181 740.
2252 5129 2307 5178 et
2335 5128 2468 5175 tom.
2511 5120 2581 5173 IX
2644 5119 2936 5197 Harduin.,
2970 5136 3026 5190 p.
3062 5121 3189 5177 601.
3221 5122 3416 5191 Incipit
3450 5138 3464 5175 :
3502 5116 3505 5117 ⁷

178 5210 259 5267 οι
302 5210 409 5281 τὴν
446 5210 625 5283 κακὴν
654 5211 804 5281 ἡμᾶς
829 5208 1216 5278 αἰχμαλωσίαν
1248 5210 1747 5281 αἱχμαλωτεύσαντ

1893 5212 2051 5267 lraece
2092 5220 2147 5268 et
2186 5200 2378 5265 Latine
2419 5225 2543 5264 cum
2591 5210 2843 5265 versione
2876 5211 3227 5283 Caryopbyli,
3256 5227 3307 5280 p.
3339 5206 3462 5265 6.11).

178 5299 369 5357 FABR'.
430 5296 563 5355 Mss.
591 5296 833 5369 Mosquae
860 5299 914 5354 in
938 5298 1099 5354 cedd.
1132 5298 1327 5368 synod.
1357 5298 1424 5353 15
1453 5306 1508 5352 et
1541 5297 1667 5364 554,
1708 5314 1741 5353 ιι

1897 5295 1951 5356 ι.
1983 5298 2223 5355 Mattlm't
2291 5296 2461 5352 Notit.
2498 5298 2595 5357 cit.
2630 5312 2681 5367 p.
2720 5298 2790 5353 50
2825 5309 2879 5354 et
2911 5300 3037 5355 252.
3076 5328 3143 5339 —-
3176 5299 3466 5354 Mediolani

177 5404 243 5444 In
275 5385 419 5442 bibl.
455 5384 712 5443 Ambros.
746 5386 988 5442 estliber
1012 5386 1271 5456 anonymi
1306 5386 1585 5443 Adversus
1616 5394 2020 5458 argumentum,
2052 5402 2163 5457 quo
2198 5386 2255 5442 in
2293 5387 2486 5456 primis
2521 5387 2596 5440 uti
2631 5387 2844 5443 solebat
2873 5388 3136 5443 adversus
3161 5387 3464 5441 catholicos

176 5474 444 5541 Marcus,
476 5474 838 5545 Ephesiorum
870 5475 1123 5531 antistes.
1147 5473 1215 5530 Υ.
1249 5474 1550 5533 Montl‘auc.
1580 5461 1720 5531 Bibl.
1748 5474 1997 5532 bibliotb.
2035 5490 2170 5532 mss.
2200 5490 2256 5547 p.
2299 5474 2425 5531 519.
2459 5475 2521 5531 C.
2558 5504 2627 5516 --
2664 5476 2803 5533 Add.
2834 5492 3001 5547 supra
3054 5476 3121 5529 ad
3158 5491 3213 5529 ιι.
3246 5475 3280 5528 2
3317 5483 3367 5529 et
3412 5475 3465 5537 5,

266 5699 359 5767 (α)
388 5699 534 5757 Idem
554 5710 1088 5775 laitnenopusc.cum
1126 5706 1314 5759 eodem
1355 5704 1622 5775 principio
1669 5716 1883 5764 exstare
1922 5707 2083 5764 etiam
2113 5705 2165 5761 in
2226 5702 2347 5760 cod.
2390 5702 2522 5758 bibl.
2621 5703 2766 5774 publ.
2823 5701 2997 5757 Paris.
3052 5699 3187 5756 1218
3235 5716 3290 5754 ιι.
3336 5685 3341 5691 ’
3378 5699 3469 5767 12,

174 5770 308 5849 iam
332 5786 495 5843 supra
525 5770 1029 5846 animadvertimus,
1053 5777 1117 5832 ad
1150 5794 1203 5831 ιι.
1236 5775 1289 5833 2.
1357 5770 1369 5775 ’
1538 5770 1551 5775 ’
2257 5800 2263 5809 ·
