3974 6334
182 194 321 251 nm
618 234 621 237 μ
1614 188 1952 251 NOTITIA.
2193 159 2219 181 ⁸
2268 190 2271 191 ί
3341 180 3483 243 una

178 300 370 360 ἐπειδὴ
390 319 725 374 σαφεστερον
743 303 888 374 ἡμᾶς
906 302 1207 359 ἀπαιτεῖτε.
1227 302 1484 359 Lambec.
1510 301 1621 369 VII,
1640 317 1742 372 pag

1911 316 2020 370 seq.
2048 300 2127 374 [p.
2146 298 2275 365 257,
2293 315 2409 372 seq.
2436 299 2573 355 Koll.
2599 314 2656 357 n.
2677 299 2776 355 3ct
2799 298 2833 354 4
2861 295 2983 354 cod.
3020 294 3134 367 08.]
3156 293 3327 365 Supra
3349 311 3403 348 n.
3421 294 3480 366 2⁸

247 390 422 446 Etiam
458 392 712 455 .-hhellus
761 393 830 449 de
881 395 1221 465 purgatorio,
1260 394 1440 451 editus
1504 394 1610 450 sub
1666 391 1771 457 Nili
1827 390 2086 456 nomine,
2143 390 2325 445 Marco
2392 396 2584 446 nostro
2659 405 2689 445 a
2743 386 3075 460 quibusdam
3138 384 3477 439 vind?catur.

179 478 345 536 FABR.
408 479 468 536 In
528 481 655 538 cod.
695 479 1008 555 Mosquensi
1072 487 1270 557 synod.
1322 483 1426 541 391
1488 496 1621 540 sunt
1667 492 1748 537 tre

1915 479 2250 550 :sponsiones
2300 480 2367 534 ad
2426 479 2609 535 Latin.
2670 496 2729 536 n.
2789 479 2844 535 6.
2894 479 3009 534 Inc.
3057 474 3281 542 Ἐπειδὴ
3342 474 3484 544 μετὰ

174 572 437 644 ἀγάπης;
469 589 525 627 n.
566 574 600 629 7
651 575 769 629 inc.
797 574 1007 647 Πολλῆς
1053 577 1155 647 μὲν
1192 578 1268 641 ὡς
1302 576 1523 649 ἀληθῶς
1545 591 1563 608 ·
1592 594 1649 631 n.
1684 575 1739 642 8,

1931 570 2145 643 Ἐπειδὴ
2192 570 2552 643 σαφέστερον.
2611 571 2672 626 ν.
2707 571 2971 637 Matlhazi,
3002 569 3038 625 Ι.
3072 582 3121 624 c.
3164 582 3220 639 p.
3250 565 3379 621 251.
3412 568 3500 607 —-‘

177 658 233 713 In
259 659 377 717 Cat.
407 675 541 718 mss.
585 662 813 735 Angliae,
844 674 951 721 etc.
987 665 1096 722 vol.
1132 665 1200 730 Il,
1256 681 1308 737 p.
1340 666 1431 732 61,
1471 682 1527 720 n.
1558 665 1722 728 2255,

1908 659 2315 718 :od.Vossiano
2351 662 2475 726 142,
2543 662 2655 716 haec
2709 671 2835 717 nota
2882 658 3062 717 Vossii
3121 657 3423 715 adducitur
3461 674 3477 711 :

184 767 201 801 ι
238 749 407 807 Marci
436 752 765 823 archiepisc.
810 752 1071 825 Ephesini
1104 737 1278 809 oratt.
1306 753 1375 810 de
1401 753 1647 810 Latinor.
1678 754 2024 827 purgatorio,
2058 766 2124 829 ac
2178 751 2246 807 de
2279 751 2347 808 iis
2378 766 2502 823 quae
2539 752 2771 806 tractata
2813 752 2966 806 fuere
3001 752 3056 806 in
3109 749 3321 822 synodo
3346 745 3479 802 Flo-

182 839 530 898 rentina.iEx
579 842 664 897 his
720 840 942 914 colligo;
990 841 1252 914 anonymi
1284 840 1604 897 Orationem
1656 842 1721 897 de
1782 841 2120 914 purgatorio,
2157 855 2189 895 a
2227 839 2505 896 Salmasio
2563 838 2717 909 Operi
2764 840 2827 894 de
2860 838 3104 894 Primatu
3140 838 3477 901 subnexam,

183 922 351 982 Marci
378 925 641 998 Ephesini
681 944 789 985 non
825 943 965 999 esse,
999 938 1058 985 ut
1117 943 1293 999 nuper
1350 929 1547 999 scripsi
1609 929 1665 983 in
1735 928 2223 1001 Observatasacris
2272 936 2328 984 et
2361 926 2417 983 in
2466 926 2797 982 Bibliotheca
2834 927 3051 983 selecta.
3102 924 3476 993 Quaerendum

154 1016 392 1084 -itaque,
435 1016 594 1083 cujus
624 1016 739 1074 haec
773 1018 953 1073 oratio
1006 1017 1079 1075 sit
1125 1017 1393 1073 auctoris.
1426 1017 1535 1073 Alii
1585 1032 1721 1073 sane
1776 1012 2009 1075 Nicolao
2062 1017 2356 1085 Cabasilae,
2395 1014 2489 1071 alii
2520 1014 2644 1070 Nilo
2694 1014 3183 1071 Thessalonicensi
3215 1029 3335 1069 eam
3370 1011 3477 1067 tri-

185 1101 382 1158 buunt.
420 1121 438 1155 ›
478 1102 647 1160 ΒΑΜ..

256 1191 327 1245 17
386 1191 662 1262 Professio
694 1194 821 1264 ﬁdei
856 1193 908 1249 in
941 1192 1181 1249 concilio
1211 1192 1538 1250 Florentino
1565 1195 1776 1266 pridem
1805 1196 2038 1267 scripta,
2084 1195 2180 1252 sed
2242 1193 2466 1250 demum
2507 1193 2674 1263 paulo
2709 1200 2835 1248 ante
2885 1191 3095 1247 obitum
3140 1190 3311 1256 edita,
3338 1190 3476 1247 inci-

184 1280 266 1348 pit
296 1295 313 1334 :
356 1279 501 1349 Ἐγὼ
535 1283 602 1353 τῇ
627 1283 723 1335 τοῦ
750 1281 889 1336 Θεοῦ
925 1281 1111 1354 χάριτι
1139 1283 1412 1353 δόγμασιν
1441 1282 1740 1354 ἐντραφεὶς

1910 1283 2079 1339 idem.
2109 1273 2483 1355 Oppugnavit'
2506 1280 2809 1353 Gregorius
2841 1279 3307 1352 Protosyncellus.
3342 1277 3479 1334 Vide

183 1368 465 1435 Allatium,
500 1368 576 1425 De
605 1386 884 1437 consensu,
921 1356 1048 1443 pag.
1086 1370 1211 1437 954,
1242 1370 1349 1429 955
1378 1380 1434 1428 et
1460 1372 1591 1441 280,
1619 1372 1746 1439 285,
1775 1374 1900 1431 509.
1936 1372 2103 1429 FABR.
2128 1372 2375 1445 Mosquze
2432 1373 2491 1428 in
2528 1373 2691 1429 codd.
2725 1370 2925 1444 synod.
2962 1372 3030 1427 13
3069 1381 3123 1427 et
3164 1371 3292 1438 354,
3329 1387 3387 1426 n.
3419 1370 3479 1424 2.

188 1457 250 1514 ν.
284 1458 523 1515 Matthaei
563 1459 600 1515 Ι.
629 1475 680 1516 c.
715 1475 770 1532 p.
810 1460 881 1518 29
911 1470 965 1517 et
989 1461 1121 1530 232,
1150 1460 1242 1519 ubi
1290 1462 1376 1519 bis
1424 1472 1757 1520 memoratur

1910 1478 2036 1535 mpe
2091 1479 2148 1519 η.
2201 1464 2259 1531 2,
2292 1462 2465 1518 Marci
2491 1492 2564 1503 —
2590 1460 2855 1532 Eugenici
2911 1460 3009 1514 καὶ
3040 1460 3161 1514 νέου
3194 1459 3478 1529 θεολόγου,

183 1546 281 1601 τοῦ
320 1547 731 1620 ἀνατρέψαντος
783 1550 882 1622 τὴν
912 1551 1153 1621 ἄθεσμον
1206 1550 1265 1606 ὲν
1312 1551 1628 1624 Φλωρεντίᾳ
1660 1552 1898 1618 σύνοδον,
1933 1553 2199 1623 ὁμολογία
2255 1554 2537 1617 πίστεωςο
2588 1550 2735 1620 Ἐγὼ
2771 1552 2839 1622 τῇ
2865 1548 2961 1603 τοῦ
2997 1548 3134 1603 Θεοῦ
3166 1550 3385 1621 χάριτι·
3415 1564 3481 1602 ac

187 1652 242 1691 n.
277 1636 335 1691 4.
372 1636 482 1690 Τοῦ
512 1637 682 1692 αὐτοῦ
707 1638 873 1711 ἑτέρα
907 1640 1173 1709 ὁμολογία
1199 1639 1440 1705 πίστεως
1462 1655 1483 1677 ο
1532 1641 1675 1710 Ἐγὼ
1698 1644 1756 1714 τῇ

1927 1641 2064 1696 Θεοῦ
2096 1641 2307 1714 χάριτι.
2334 1640 2393 1695 in
2427 1629 2889 1712 posteriore’cod.
2920 1648 3005 1695 est
3040 1652 3261 1709 quoque
3289 1654 3348 1692 n.
3391 1636 3480 1702 14,

188 1722 365 1779 Marci
402 1725 605 1796 Erigat.
629 1727 896 1800 διαθήκηο
940 1728 1050 1785 Inc.
1085 1728 1365 1800 Βούλομαι
1393 1728 1737 1800 πλατύτερον

1911 1730 2029 1802 ,μὴν
2050 1733 2301 1802 γνώμην.
2341 1728 2529 1802 (Conl'.
2563 1729 2631 1784 ad
2684 1745 2737 1784 n.
2770 1727 2853 1800 7.)
2882 1757 2954 1771 —-
2983 1725 3213 1783 oOxonii
3254 1727 3309 1780 in
3343 1724 3480 1781 bibl.

186 1813 399 1869 llodlei.
423 1815 544 1870 cod.
584 1814 811 1872 Barocc.
846 1816 972 1872 114.
1002 1845 1071 1857 —
1096 1816 1234 1873 ibid.
1269 1816 1322 1873 in
1347 1818 1473 1874 cod.
1504 1818 1592 1875 Jo.
1627 1818 1848 1876 Selden.
1883 1819 1977 1886 47,
2039 1820 2095 1885 5,
2147 1819 2265 1876 sive
2293 1835 2352 1876 n.
2383 1818 2548 1885 3377,
2599 1817 2724 1875 Cat.
2780 1831 2916 1872 mss.
2966 1816 3179 1886 Anglia:
3217 1813 3327 1871 vol.
3359 1814 3398 1882 Ι,
3428 1823 3481 1868 et

186 1920 240 1973 p.
279 1903 410 1969 268,
438 1920 495 1959 η.
533 1906 597 1961 14
624 1915 679 1961 et
714 1905 802 1972 15,
843 1907 897 1961 in
925 1906 1273 1965 Adversariis
1302 1906 1431 1964 Ger.
1474 1906 1791 1980 Langbmni.
1827 1908 1971 1965 Add.
2024 1910 2090 1964 ad
2134 1926 2192 1966 n.
2217 1910 2271 1978 5,
2317 1918 2374 1966 et
2403 1923 2599 1980 supra,
2654 1908 2710 1963 in
2744 1908 2803 1963 h.
2858 1907 2969 1965 vol.
2997 1921 3055 1977 p.
3086 1905 3216 1973 394,
3242 1914 3384 1961 sect.
3427 1907 3481 1961 4.

187 1993 387 2057 l'aris._
435 1994 493 2050 in
547 1994 683 2057 bibl.
746 1996 899 2069 publ.
960 1997 1015 2052 in
1077 1997 1349 2069 quinque
1384 1996 1549 2053 codd.
1609 1998 1747 2066 parti

1914 1998 2210 2065 lentoratis,
2264 2013 2322 2053 η.
2359 1996 2521 2065 1218,
2591 1996 2758 2064 4259,
2816 1994 2979 2063 1327,
3010 1993 3159 2049 2075
3203 2002 3259 2050 et
3318 1991 3483 2050 5104.

192 2080 397 2139 llam.
1947 2099 1951 2102 ‘

261 2171 354 2227 18.
381 2170 670 2242 Ecphras‘is
703 2174 945 2232 animum
971 2174 1198 2244 agentis.
1226 2171 1372 2227 Citat
1423 2171 1659 2233 Allatiur
1691 2174 1757 2228 de
1789 2174 2002 2244 synodo
2049 2184 2267 2240 octava,
2308 2189 2431 2246 pag.
2488 2174 2617 2231 544.
2672 2163 2767 2246 [V.
2801 2174 3044 2231 Bandin.
3088 2173 3228 2248 ,Cat.
3262 2171 3360 2227 cit.
3390 2168 3481 2236 III,

192 2274 246 2328 ιι.
283 2259 411 2324 105,
443 2268 499 2317 et
524 2278 581 2315 n.
612 2262 684 2316 27
711 2261 833 2337 cit.|
1511 2316 1517 2321 .

261 2338 352 2407 19.
388 2350 592 2407 Ultima
624 2355 780 2413 verba
810 2354 879 2407 ad
939 2353 1272 2410 (.‘ermadium
1315 2356 1683 2412 Scholarium.
1715 2353 1850 2411 Vide
1895 2366 2063 2421 Supra
2108 2367 2233 2423 pag.
2280 2351 2386 2407 556
2459 2351 2539 2425 [et
2574 2360 2697 2409 not.
2733 2367 2906 2423 supra
2954 2352 3025 2409 ad
3055 2350 3301 2419 initium,
3333 2356 3390 2406 et
3415 2348 3483 2403 ad

191 2449 250 2489 n.
290 2434 378 2507 η.
416 2436 662 2492 Meminit
696 2438 1018 2494 Gennadius
1042 2440 1161 2510 ipse
1189 2455 1381 2512 supra,
1409 2454 1464 2510 p.
1490 2438 1618 2495 367.
1726 2466 1729 2467 ν
1834 2456 1838 2459 ·
2996 2456 3010 2470 ·

190 2544 191 2547 ‘
262 2524 357 2579 20.
394 2523 722 2591 Qua-stiones
770 2526 1076 2598 lheoIogicre
1123 2543 1229 2584 ms.
1266 2529 1323 2583 in
1374 2528 1504 2584 bibl.
1538 2529 1746 2585 Caesar.

1910 2542 1959 2596 ρ.
2003 2529 2069 2582 Ἦ
2104 2528 2199 2584 τοῦ
2255 2528 2389 2583 Υἱοῦ
2444 2529 2799 2607 προσηγορία
2848 2529 2944 2584 δύο
2974 2528 3154 2582 ταῦτα
3193 2527 3479 2598 σημαίνει.

192 2612 453 2670 Lambec.
485 2614 595 2681 VII,
637 2631 691 2686 p.
730 2617 765 2671 3
817 2615 892 2689 [p.
926 2617 1052 2674 239.
1085 2618 1229 2674 Koll.
1289 2635 1344 2673 n.
1398 2617 1456 2685 5,
1486 2620 1608 2674 eod.
1646 2618 1736 2685 68,
1786 2628 1840 2674 et
1895 2618 2134 2674 Bandin.
2195 2617 2319 2674 Cat.
2382 2617 2542 2679 citat.
2570 2615 2661 2685 Ill,
2700 2634 2754 2688 p.
2797 2618 2926 2684 106,
2960 2633 3017 2672 n.
3052 2616 3147 2683 21,
3192 2615 3318 2672 cod.
3392 2615 3485 2684 15,

193 2703 336 2774 plut.
372 2702 487 2776 74].

266 2792 359 2847 21.
391 2790 582 2861 Capita
615 2792 873 2858 LXVIII,
905 2804 1090 2848 contra
1116 2794 1341 2849 Invresin
1374 2794 1835 2866 Acindynistarun;

1917 2809 1979 2849 IS.
2012 2794 2065 2849 in
2094 2776 2532 2858 bibl..C:esarca,
2567 2793 2737 2865 incip.
2770 2795 2917 2865 Κεφ.
2950 2801 3022 2861 α’,
3055 2794 3117 2849 Ei
3148 2794 3349 2849 ταυτόν
3367 2794 3486 2848 ἐστι

194 2880 335 2934 Θεοῦ
370 2882 528 2935 οὐσία
565 2884 662 2937 καὶ
690 2870 963 2953 ἐνέργεια.
1006 2881 1263 2937 Lambec.
1310 2880 1376 2947 V,
1410 2898 1535 2954 pag.
1562 2882 1669 2936 226
1707 2884 1763 2954 [p

1913 2883 1954 2936 ἶ.
1992 2883 2203 2940 Kollar.
2233 2899 2286 2938 n.
2327 2885 2378 2947 1,
2419 2884 2547 2939 eod.
2582 2883 2743 2957 278].
2771 2912 2776 2918 -
2801 2885 2971 2940 Marci
3005 2884 3254 2955 archiep.
3284 2883 3482 2953 Ephesi

193 2978 393 3025 contra
429 2972 746 3035 haereticos,
806 2971 995 3028 Venet.
1061 2972 1113 3026 in
1180 2971 1317 3027 bibl.
1365 2970 1535 3028 Marc.
1595 2986 1712 3027 sec.
1776 2970 2082 3029 Montiauc.
2117 2972 2260 3029 Bibl.
2305 2973 2548 3028 biblioth.
2604 2991 2735 3029 mss.
2783 2990 2840 3045 p.
2883 2975 3011 3040 469,
3073 2974 3243 3029 Ε.--
3273 2974 3331 3029 In
3357 2974 3485 3030 cod.

199 3055 431 3115 Coislin.
463 3058 592 3126 288,
622 3058 794 3115 Marci
831 3059 1079 3115 monachi
1112 3058 1383 3115 adversus
1412 3059 1663 3115 Barlaam
1698 3067 1752 3114 et
1790 3048 2139 3139 Acindynum
2196 3077 2391 3133 opusc.
2431 3062 2580 3133 quod
2624 3078 2707 3134 gr.
2758 3075 2812 3119 et
2845 3062 2941 3118 lat.
2975 3062 3143 3118 edidit
3180 3061 3484 3137 Montl‘auc.

113 3197 123 3206 .
195 3147 253 3203 in
284 3147 419 3203 bibl.
464 3148 697 3205 Coislin.
728 3164 782 3221 p.
810 3148 936 3217 404,
973 3165 1095 3218 sqq.
1128 3146 1288 3204 Conl.
1325 3163 1518 3216 supra,
1556 3150 1609 3203 in
1643 3148 1700 3204 Il.
1733 3149 1840 3205 vel.
1878 3165 1932 3220 p.
1971 3138 2097 3205 507.
2134 3149 2302 3206 Hane.
3184 3138 3189 3143 Α

264 3236 360 3291 22.
401 3236 645 3293 Canones
676 3248 795 3294 octo
827 3240 883 3295 in
917 3237 975 3293 S.
1020 3236 1293 3309 Virginem
1347 3236 1636 3306 Deiparam
1684 3246 1738 3293 et
1793 3237 1898 3292 duo
1929 3238 2140 3292 cantica
2187 3240 2244 3292 in
2287 3236 2347 3294 S.
2384 3228 2738 3305 Trinitatem,
2801 3253 2907 3294 ms.
2940 3238 2995 3293 in
3039 3238 3177 3295 bibl.
3208 3238 3485 3302 Caesarea,

200 3323 370 3395 incip.
397 3326 731 3397 Ἀρχόμενος
757 3328 1002 3397 σήμερον
1037 3326 1131 3380 τοῦ
1165 3326 1505 3380 τελευταίου.
1546 3325 1769 3380 Lambet

1917 3364 1930 3391 ,
1965 3341 2019 3396 ρ.
2058 3326 2166 3382 284
2214 3325 2292 3399 [p.
2335 3326 2460 3391 599,
2489 3342 2603 3397 seq.
2636 3326 2774 3382 Koll.
2812 3330 2936 3383 cod.
2999 3326 3157 3399 324].
3209 3328 3389 3383 Paris.
3431 3329 3486 3381 in

196 3411 336 3469 bibl.
369 3414 518 3484 publ.
549 3414 715 3479 2075,
759 3415 914 3484 plura
974 3424 1131 3478 sunt,
1164 3430 1287 3486 quae
1319 3415 1635 3471 summatim
1664 3413 1942 3482 indicabo,
1969 3429 2026 3469 η.
2062 3413 2154 3478 25,
2196 3414 2363 3470 Marci
2393 3416 2594 3500 Ephesi
2631 3414 2872 3484 Epistula
2907 3416 2973 3470 ad
3017 3431 3293 3471 summum
3354 3432 3490 3488 pon-

200 3501 426 3557 tiﬁcem.
457 3534 525 3546 -—-
560 3501 630 3558 N.
673 3504 764 3567 26,
815 3502 1093 3559 Professio
1148 3503 1311 3570 lidei;
1341 3533 1409 3544 --
1438 3503 1499 3557 Ν.
1533 3502 1625 3567 27,
1694 3501 1953 3558 Carmina
1987 3502 2137 3558 varia
2192 3502 2259 3557 ad
2324 3500 2690 3573 Euthymium
2729 3502 3102 3573 pat‘riarcham
3131 3520 3145 3565 ;
3176 3532 3247 3541 —-
3279 3500 3344 3555 N.
3395 3502 3487 3565 28,

158 3614 162 3619 -
199 3588 488 3660 Expositio
518 3591 793 3663 syinboii;
830 3607 887 3646 n.
926 3591 1021 3655 29,
1052 3589 1244 3662 hymni
1285 3592 1341 3645 in
1380 3590 1707 3659 Deiparam;
1739 3620 1809 3633 —-
1842 3589 1908 3647 N.
1940 3590 2033 3657 30,
2082 3588 2321 3646 Homilia
2379 3591 2435 3645 in
2475 3593 2783 3647 orationem
2832 3590 3206 3646 Dominicam.
3262 3589 3323 3644 in
3361 3590 3487 3644 eod.

198 3679 329 3733 cod.
374 3679 538 3733 multa
574 3677 804 3734 Joannis
830 3677 1095 3749 Eugenici
1127 3694 1327 3750 opusc.
1372 3679 1882 3749 deprehenduntur.

284 3766 483 3824 Versus
543 3768 623 3832 είς
678 3769 850 3837 τάφον
901 3768 997 3823 τοῦ
1046 3768 1376 3823 διδασκάλου
1428 3767 1600 3840 κυροῦ
1646 3769 1847 3839 Ἰωσὴφ

1922 3768 1973 3822 οῦ
2022 3768 2356 3841 Βρυεννίου;
2392 3768 2505 3829 inc.
2537 3756 2715 3824 οὐδέν
2756 3788 2806 3822 τι
2842 3770 3033 3824 καινόν
3062 3786 3078 3837 ;
3111 3772 3164 3826 in
3190 3771 3317 3826 cod.
3344 3771 3491 3826 Mosi

200 3858 400 3928 qnensi
436 3858 633 3929 synod.
666 3856 794 3921 297,
824 3875 881 3912 ιι.
908 3857 964 3911 2.
991 3857 1057 3913 V.
1088 3857 1350 3923 Mattltaai,
1382 3857 1418 3912 I.
1454 3873 1501 3916 c.
1536 3874 1590 3929 p.
1626 3858 1749 3913 192.
1784 3857 1960 3915 ΒΑΜ..

271 3944 369 3999 25.
406 3942 590 3999 Sermo
624 3945 677 3998 in
725 3942 782 3999 S.
818 3943 956 3999 Elia:
990 3944 1127 4015 festo
1169 3945 1225 3999 in
1280 3947 1447 4016 ofﬁcio
1480 3946 1755 4017 legendus,
1788 3947 1840 4001 in

1921 3961 1958 4000 1.
1993 3947 2145 4001 Ἔδει
2182 3946 2283 4017 μὲν
2308 3946 2532 4018 ἀληθῶς
2574 3948 2703 4017 ἡμῖν
2757 3946 3292 4017 οὐρανοδρόμουτοῦ
3327 3948 3490 4016 λόγου

208 4032 641 4102 συνεπαρθῆναι.
674 4031 821 4088 Citat
852 4032 1151 4103 Gregorius
1187 4034 1629 4104 protosynccllus
1661 4034 1923 4104 Apologia
1950 4044 2144 4089 contra
2172 4034 2418 4090 Marcum
2448 4036 2647 4104 Ephes.
2681 4043 2814 4090 tom.
2846 4033 2987 4100 XIII,
3025 4032 3227 4089 Concil.
3265 4035 3490 4103 Labbei,

200 4135 258 4191 p.
298 4120 428 4185 802,
457 4130 512 4175 et
540 4122 861 4192 rogantibus
890 4121 1064 4178 Cretae
1094 4123 1291 4178 incolis
1322 4123 1587 4193 scriptum
1625 4124 1695 4177 ab
1719 4136 1784 4178 eo
1820 4131 2050 4176 testatur
2084 4123 2185 4193 (ιι).

278 4210 373 4266 24.
406 4209 483 4264 De
514 4211 749 4267 hominis
779 4211 1149 4267 imbecillitate
1179 4219 1449 4268 tractatus
1479 4210 1575 4282 (c).
1617 4210 1717 4268 Ms.
1754 4210 1809 4266 in
1836 4210 1972 4266 bibl.
2001 4211 2348 4283 Augustana.
2382 4212 2475 4284 [V.
2518 4211 2734 4267 Itciseri
2768 4210 2887 4267 Ind.
2918 4227 3053 4267 mss.
3092 4211 3223 4267 bibl.
3254 4210 3495 4291 August.

207 4315 263 4369 p.
293 4298 387 4355 89.
427 4298 620 4371 Hann]

274 4389 371 4443 25.
402 4389 466 4444 In
496 4392 789 4444 orationem
837 4389 1174 4446 Dominicam
1242 4407 1347 4449 ms.
1385 4391 1443 4447 In
1477 4390 1612 4448 bibl.
1678 4391 1954 4457 Caesarea,
1991 4399 2130 4447 teste
2189 4389 2463 4447 Ncsselio.
2529 4389 2698 4446 Fana.
2744 4392 2891 4448 Part.
2944 4409 3016 4459 iv,
3051 4409 3106 4463 p.
3141 4394 3266 4461 110,
3303 4411 3358 4450 n.
3403 4395 3491 4461 13,

204 4478 332 4533 cod.
367 4477 492 4533 195.
521 4478 663 4543 Add.
698 4479 791 4533 ad.
815 4485 884 4533 'n.
916 4478 1008 4534 22.
1052 4478 1223 4533 Hann.
1794 4482 1797 4485 ’

275 4565 369 4620 26.
412 4564 601 4636 Imago
630 4566 968 4621 dormitionis
1004 4566 1065 4623 S.
1100 4566 1360 4636 Ephraim
1388 4567 1535 4639 Syri.
1563 4568 1679 4623 Inc.
1712 4562 1838 4621 Καὶ

1388 4567 1535 4639 Syri.
1563 4568 1679 4623 Inc.
1712 4562 1838 4621 Καὶ
1869 4566 2064 4639 νεκρὸν
2096 4567 2242 4622 ἔστιν
2271 4570 2512 4623 ἐνταῦθα
2564 4570 2693 4623 ἰδεῖν
2713 4586 2726 4599 ·
2764 4571 2892 4625 item
2928 4588 2940 4625 :

272 4654 369 4709 27.
404 4652 589 4726 Imago
621 4658 872 4727 martyris
900 4658 1138 4711 coro'nati
1167 4674 1188 4713 :
1218 4657 1370 4733 ‘lnit.
1403 4658 1612 4729 Χαρίεν
1657 4660 1756 4729 μὲν
1786 4660 1841 4711 ίδι

1952 4658 2048 4711 καὶ
2069 4656 2549 4727 ἀγωνιζομένους·
2589 4657 2923 4714 Florentino:
2957 4660 3009 4712 in
3046 4661 3168 4713 cod.
3200 4659 3367 4715 Laur.
3398 4662 3491 4729 21,

203 4757 263 4798 n.
298 4742 325 4796 1
357 4752 411 4797 et
441 4741 497 4802 2.
520 4744 661 4813 plut.
694 4744 746 4798 4.
784 4744 847 4801 ν.
880 4743 1138 4812 Bandini,
1171 4743 1295 4799 Cal.
1328 4744 1425 4800 cit.
1466 4745 1575 4800 vol.
1619 4744 1663 4807 Ι,
1700 4762 1750 4813 p.
1791 4744 1896 4799 545
1927 4760 2047 4815 seq.
2078 4774 2147 4819 5—-
2184 4743 2341 4799 Prior
2372 4747 2549 4815 imago
2602 4754 2684 4800 est
2716 4761 2932 4815 quoque
2967 4747 3098 4800 ibid.
3144 4748 3198 4801 in
3231 4749 3357 4803 cod.
3396 4752 3485 4815 13,

204 4846 265 4886 η.
309 4832 400 4897 14,
428 4833 565 4900 plut.
601 4832 692 4887 75.
728 4832 792 4887 V.
829 4831 1057 4888 Bandin.
1088 4834 1123 4887 Ι.
1163 4848 1214 4888 c.
1250 4833 1342 4899 III,
1372 4849 1429 4904 p.
1462 4833 1587 4897 105,
1617 4833 1708 4887 ubi
1734 4834 2021 4903 ordinatur,
2049 4833 2199 4888 illam
2232 4848 2354 4889 csse
2390 4833 2553 4897 forte,
2584 4848 2704 4903 quae
2751 4850 2779 4887 a
2821 4832 3078 4890 Fabricio
3108 4845 3302 4891 nostro
3344 4839 3487 4908 loco,

204 4935 263 4975 η.
299 4920 391 4984 18,
432 4922 536 4976 sub
571 4921 752 4985 titulo,
782 4921 1081 4991 Ecphrasis
1120 4922 1357 4977 animam
1391 4924 1595 4995 agentis
1632 4933 1970 4977 recensctur.
2013 4921 2183 4977 "ARL.

275 5009 374 5065 28.
407 5009 663 5081 Epilogus
700 5011 953 5067 adversus
1002 5011 1247 5066 Latinos.
1298 5013 1416 5067 Inc.
1449 5012 1624 5065 Τοῦτο
1668 5011 1731 5063 τὸ
1779 5010 1842 5064 ab

1931 5010 2087 5079 ολον;
2119 5009 2301 5066 Paris.
2343 5012 2397 5066 in
2443 5011 2578 5067 bibl.
2623 5011 2772 5079 pubI.
2816 5011 2978 5066 codd.
3020 5010 3177 5077 1286,
3213 5029 3267 5067 n.
3311 5014 3399 5080 19,
3443 5025 3499 5073 ct

187 5097 373 5171 1295,
406 5113 461 5151 n.
484 5097 536 5152 9.
583 5099 639 5152 In
670 5111 905 5169 utroque
942 5100 1131 5154 codice
1172 5100 1276 5155 alia
1300 5098 1465 5153 Marci
1499 5098 1632 5169 Eug.
1673 5101 1939 5168 Opuscula
1976 5101 2353 5171 reperiuntur,
2380 5109 2435 5155 ct
2477 5100 2752 5169 quandam,
2789 5117 2817 5156 a
2857 5099 3116 5157 Fabricio
3157 5102 3386 5171 omissa,
3425 5105 3492 5160 ad

206 5202 264 5243 η.
298 5184 355 5254 7;
387 5193 441 5243 et
464 5188 664 5257 passim
696 5186 954 5242 iudicavi.
983 5216 1051 5227 ——
1083 5186 1159 5241 De
1189 5188 1430 5241 terntinis
1459 5188 1600 5253 vitm,
1637 5207 1689 5243 v.
1722 5202 1775 5241 at

631 5203 664 5241 η
696 5186 954 5242 iudicavi.
983 5216 1051 5227 ——
1083 5186 1159 5241 De
1189 5188 1430 5241 terminis
1459 5188 1600 5253 ritur,
1637 5207 1689 5243 v.
1722 5188 1788 5241 ad
1826 5204 1878 5242 n.
1907 5188 1962 5243 5.
1995 5188 2165 5243 “ARL.
2198 5182 2200 5185 ’

270 5368 341 5480 (:3)
377 5368 447 5419 Ex
471 5370 582 5420 cod.
620 5368 903 5418 Monacensi
929 5369 1199 5420 novissime
1225 5371 1385 5420 edidit
1410 5371 1523 5420 Alh.
1548 5372 1773 5421 Jahnins.

271 5434 288 5480 l
338 5434 352 5480 l
388 5432 520 5480 Citat
554 5432 705 5480 etiam
746 5431 1254 5480 Pseudo—Genuadius
1286 5437 1335 5480 in
1371 5433 1610 5480 Anolouia
1648 5446 1735 5480 nro
1771 5446 1910 5480 conc.
1953 5434 2196 5480 FlorenL.
2229 5434 2379 5480 caniti

271 5431 352 5495 (ά)
388 5432 520 5483 (‘itat
554 5432 705 5482 etiam
745 5431 1254 5483 Pseudo-Genuadius
1286 5437 1335 5484 in
1371 5433 1610 5497 Apologia
1648 5446 1735 5495 pro
1771 5446 1910 5484 conc.
1952 5434 2196 5495 l"lorent.,
2229 5434 2409 5497 capitis
2444 5434 2470 5482 4
2509 5441 2633 5487 sect.
2665 5438 2714 5487 3.
