3974 6334
209 340 346 408 1081

1135 338 1235 400 DE
1267 338 1621 403 CGRPORE
1658 342 1758 404 ET
1787 340 2187 407 SANGUINE
2230 343 2573 411 CHRISTI.

3361 336 3495 404 1082

207 479 326 525 σας.
358 459 557 515 ῐδωκεν
580 460 764 523 αὐτοῖς
794 458 971 528 λέγων
999 472 1012 489 ⁸
1051 460 1223 513 Πίετε
1246 460 1313 524 ἐξ
1342 460 1528 516 αὑτοῦ
1550 460 1795 527 πάντες·
1824 508 1831 519 ,

1938 476 1989 513 es
2020 474 2040 513 :
2084 461 2165 513 hic
2208 470 2286 515 est
2312 463 2533 533 sanguis
2558 477 2724 527 meus,
2764 459 2856 531 qui
2880 474 2976 529 pro
3004 453 3184 512 multis
3214 455 3497 527 eﬂ‘unditur

205 554 386 613 τοῦτό
414 555 548 609 ἐστι
578 556 645 608 τὸ
678 548 822 623 αἷμά
861 569 983 623 μου
1009 554 1079 607 τὸ
1100 555 1233 622 περὶ
1271 555 1518 609 πολλῶν
1545 554 1799 623 ἐκχυνόσ

204 663 394 714 μενον
418 646 505 709 είς
530 644 755 713 ἄφεσιν
776 643 1078 713 ἁμαρτιῶν
1095 660 1109 675 ·
1138 646 1316 699 τοῦτο
1344 644 1564 700 ποιεῖτε
1584 647 1670 711 είς
1688 645 1802 711 τὴν

212 738 366 807 ἐμὴν
394 736 764 807 ἀνάμνησιν.
811 738 1169 810 Μεμνημένοι
1216 739 1401 791 τοίνυν
1458 738 1553 790 τοῦ
1594 737 1804 801 πάθους

212 830 377 885 αὑτοῦ
406 830 500 883 καὶ
529 828 624 883 τοῦ
661 830 921 896 θανάτου,
948 831 1163 902 καὶτῆς
1192 831 1548 895 ἀναστάσεως
1575 831 1672 884 καὶ
1702 830 1803 901 τῆς

209 922 288 986 είς
322 924 584 992 οὐρανοὺς
639 923 923 989 ἐπανόδου,
979 924 1075 977 καὶ
1128 925 1228 994 τῆς
1284 923 1587 994 μελλούσης
1633 923 1803 977 αὑτοῦ

212 1014 472 1086 δευτέρας
495 1017 823 1087 παρουσίας,
848 1018 907 1071 ἐν
936 1010 969 1089 ᾖ
1002 1015 1223 1087 ἔρχεται
1255 1019 1434 1095 κρῖναι
1470 1017 1682 1080 ζῶντας
1715 1016 1807 1072 καὶ

210 1108 441 1176 νεκροὺς
470 1108 565 1162 καὶ
598 1105 894 1162 ἀποδοῦναι
924 1109 1141 1180 ἐκάστῳ
1172 1110 1314 1164 κατά
1346 1109 1413 1162 τά
1443 1109 1583 1179 ἔργα
1613 1107 1803 1173 αὑτοῦ,

206 1198 598 1268 προτφέρομέν
642 1216 722 1252 σοι
755 1198 833 1269 τῷ
876 1200 1090 1270 βασιλεῖ
1117 1200 1212 1255 καὶ
1242 1198 1361 1271 Θεῷ
1391 1200 1674 1270 κατάῆτὴν
1709 1201 1808 1254 a6—

206 1289 301 1343 τοῦ
328 1290 574 1357 διάταξιν
597 1291 688 1346 τὸν
718 1293 882 1364 ἄρτον
910 1292 1099 1348 τοῦτον
1135 1294 1227 1349 καὶ
1249 1295 1309 1347 τὸ
1337 1295 1598 1365 ποτήριον
1621 1285 1805 1359 τοῦτο,

205 1380 663 1451 εὐχαριστοῦντες
713 1401 795 1438 σοι
840 1381 910 1438 δι’
944 1384 1137 1450 αὑτοῦ,
1181 1384 1267 1455 ἐφ’
1318 1380 1401 1449 οἷς
1457 1386 1808 1457 κατηξίωσας

207 1476 360 1544 ἡμᾶς
390 1475 615 1530 ἑστάναι
662 1476 897 1532 ἐνώπιόν
941 1488 1034 1532 σου
1087 1477 1183 1531 καὶ
1214 1478 1522 1547 ἱερατεύειν
1554 1495 1639 1531 σοι
1666 1494 1680 1509 ’
1714 1480 1810 1532 καὶ

1904 553 1967 605 in
1992 552 2353 621 remissionem
2378 564 2753 622 peccatorum;
2774 555 2866 607 hoc
2896 552 3054 621 facite
3086 551 3141 604 in
3170 565 3339 603 meam
3361 562 3473 601 com

1912 647 2374 702 memorationem.
2432 647 2702 702 Memores
2782 645 2950 714 igitur
3006 642 3282 714 passionis
3356 639 3495 706 ei'ls.

1909 738 2124 801 mortis,
2157 738 2602 803 resurrectionis,
2663 738 2875 794 reditus
2930 737 2983 789 in
3019 735 3211 796 ccelos.
3243 741 3299 786 et
3332 729 3499 785 futuri

1907 830 2029 900 ejus
2065 831 2293 887 secundi
2317 830 2611 893 adventus,
2645 832 2698 885 in
2756 844 2866 900 quo
2920 828 3099 882 veniet
3154 825 3500 896 iudicaturus

1908 924 2061 978 vivos
2080 934 2134 978 et
2162 933 2429 987 mortuos,
2484 923 2916 992 redditurusque
2956 920 3161 989 cuique
3195 916 3495 972 secundum

1911 1031 2077 1085 opera
2110 1031 2229 1077 sua.
2258 1014 2539 1071 alTerimus
2572 1015 2667 1070 tibi
2712 1014 2843 1083 Regi
2904 1029 2970 1068 ac
3020 1013 3150 1075 Deo,
3202 1008 3499 1077 secundum

1910 1108 2030 1177 ejus
2083 1108 2505 1173 institutionem,
2539 1122 2732 1175 panem
2772 1107 2937 1171 hunc,
2972 1113 3024 1160 et
3066 1105 3214 1157 hunc
3244 1100 3500 1161 calicem,

1912 1198 2115 1267 gratius
2149 1198 2242 1251 tibi
2283 1213 2376 1267 per
2419 1212 2543 1253 eum
2602 1206 2847 1267 agentes,
2906 1195 3052 1264 quod
3086 1209 3186 1249 nos
3251 1191 3507 1260 dignatus

1915 1292 2084 1346 fueris
2121 1301 2301 1345 astare
2343 1305 2526 1345 coram
2581 1301 2655 1351 te,
2716 1298 2770 1344 et
2834 1287 2928 1344 tibi
2986 1287 3322 1343 sacrificare.
3356 1280 3423 1336 Et
3456 1290 3509 1335 te

1914 1398 2194 1454 rogamus,
2232 1391 2290 1437 ut
2314 1382 2547 1451 propitio
2579 1396 2885 1450 serenoque
2913 1380 3063 1434 vultu
3099 1378 3361 1447 respicias
3417 1390 3509 1429 su-

1917 1493 2014 1547 pra
2042 1477 2156 1531 luec
2187 1475 2469 1545 proposita
2509 1474 2647 1528 bona
2715 1488 2901 1529 coram
2941 1480 3013 1538 te,
3059 1479 3117 1526 tu
3160 1469 3254 1539 qui
3304 1468 3510 1525 nullius

206 1568 478 1640 ἀξιοῦμέν
513 1587 569 1623 σε
605 1569 755 1634 ὅπως
802 1570 1050 1641 εὐμενῶς
1095 1571 1411 1641 ἐπιϐλέψοις
1443 1570 1539 1627 ἐπὶ
1566 1570 1634 1624 τά
1679 1587 1814 1642 προ-

1940 1568 2149 1637 ndiges,
2193 1565 2339 1621 Deus
2371 1584 2383 1620 :
2418 1574 2471 1621 et
2495 1566 2590 1620 tibi
2613 1565 2995 1635 complacitum
3028 1564 3099 1618 sit
3128 1563 3181 1617 in
3212 1563 3289 1616 eis
3311 1560 3378 1615 ad
3410 1561 3512 1614 bo-

208 1660 444 1730 κείμενα
491 1662 640 1732 δῶρα
687 1661 866 1716 ταῦτα
917 1662 1153 1717 ἐνώπιόν
1202 1680 1320 1726 σου,
1378 1662 1443 1717 σὺ
1482 1662 1511 1714 ό
1554 1660 1812 1730 ἀνενδεὴς

1937 1674 2106 1713 torem
2122 1658 2329 1715 Christi
2363 1658 2461 1722 tui,
2486 1667 2539 1712 et
2564 1660 2781 1712 mittere
2807 1657 3052 1725 digneris
3073 1662 3324 1711 sanctum
3358 1663 3513 1707 tuum

205 1752 365 1815 Θεὸς.
397 1754 497 1807 καὶ
526 1754 839 1824 εὐδοκήσας
873 1753 959 1809 ἐπ’
991 1755 1180 1820 αὐτοῖς
1216 1756 1297 1817 εὶς
1334 1755 1502 1825 τιμὴν
1545 1752 1641 1808 τοῦ
1680 1754 1815 1824 Χρι-

1937 1746 2183 1817 Spiritum
2215 1761 2381 1816 super
2436 1746 2540 1803 hoc
2602 1747 2957 1808 sacriﬁcium,
3023 1752 3218 1801 testem
3297 1742 3514 1814 passio-

211 1846 343 1899 στοῦ
373 1864 465 1900 σου
497 1847 590 1903 καὶ
619 1847 1005 1918 καταπέμψοις
1033 1849 1098 1903 τὸ
1130 1848 1286 1918 άγιόν
1320 1866 1416 1903 σου
1450 1847 1678 1917 Πνεῦμα
1712 1847 1804 1900 ἐπὶ

1937 1856 2040 1896 tum
2099 1838 2311 1895 Domini
2335 1836 2489 1903 Jesu,
2552 1846 2612 1895 ut
2640 1837 2837 1893 eﬂiciat
2869 1853 3063 1909 panem
3117 1838 3262 1892 hunc
3302 1850 3521 1905 corpus.

207 1936 313 2005 τὴν
354 1936 548 1992 θυσίαν
584 1938 813 2007 ταύτην,
843 1938 935 1993 τὸν
974 1939 1235 2010 μάρτυρα
1263 1938 1342 2008 τῷ
1373 1938 1664 2009 παθήματι
1705 1935 1800 1990 τοῦ

1937 1930 2115 1987 .‘hristi
2138 1930 2214 1984 tui
2236 1949 2249 1983 :
2270 1930 2567 1985 etcaiicem
2596 1931 2741 1985 hunc
2763 1931 3082 2000 sanguinem
3111 1928 3317 1994 Christi
3376 1928 3508 1983 lui.»

209 2031 423 2101 Κυρίου
455 2030 654 2103 Ἰησοῦ,
698 2032 850 2097 ὅπως
899 2032 1169 2102 άποφήνοι
1203 2033 1294 2101 τδν
1339 2032 1504 2103 ἀρτον
1550 2027 1743 2085 τοῦτον
1775 2028 1937 2097 σῶμα
1972 2021 2066 2077 τοῦ
2103 2020 2344 2097 Χριστοῦ
2385 2039 2497 2088 σου,
2541 2022 2632 2075 καὶ
2662 2021 2724 2075 τὸ
2758 2023 3021 2091 ποτήριον
3054 2019 3215 2074 τοῦτο
3246 2015 3391 2088 αἷμα
3422 2017 3517 2072 τοῦ

212 2120 457 2190 Χριστοῦ
501 2139 596 2176 σου
625 2161 638 2176 .
669 2140 688 2174 ι

288 2213 478 2269 Ταῦτα
496 2214 591 2285 μὲν
608 2215 657 2267 οί
679 2215 812 2269 θεῖοι
827 2214 1213 2275 summa:
1235 2216 1335 2285 τῆς
1365 2212 1816 2290 συγγραφῆςίτου

216 2305 496 2378 μακαρίου
517 2305 828 2375 Κλήμεντος
851 2308 916 2376 τῇ
944 2305 1245 2377 Ἐκκλησία
1267 2306 1737 2375 παραδεδώκασιν.
1756 2302 1819 2357 Ὁ

214 2396 279 2450 δέ
295 2413 357 2463 γε
374 2396 513 2460 θεῖος
527 2395 784 2461 Ἰάκωϐος
798 2400 826 2451 ό
840 2398 1217 2469 τῆςΊεροσολύ
1227 2415 1343 2468 μων
1370 2398 1582 2467 πρῶτος
1598 2396 1841 2448 ἐπίσκοι

216 2504 325 2549 ⁶ιτος
353 2488 446 2541 καὶ
472 2487 566 2541 τοῦ
598 2490 815 2557 πρώτου
846 2488 940 2542 καὶ
982 2488 1218 2558 μεγάλου
1264 2487 1567 2558 ἀρχιερέως
1596 2486 1824 2555 ἀδελφὸς

219 2576 363 2646 ὁμοῦ
385 2578 475 2632 καὶ
488 2577 750 2649 διάδοχος,
776 2578 871 2633 καὶ
888 2580 1047 2644 αὐτὸς
1066 2578 1166 2649 τὴν
1186 2579 1454 2650 μυστικὴν
1476 2578 1825 2647 ἐκτιθέμενος

219 2667 593 2739 λειτουργίαν,
609 2671 670 2723 ἐν
688 2669 762 2741 τῷ
786 2670 935 2741 αὐτῷ
957 2670 1113 2740 μιρει
1141 2670 1278 2742 μετὰ
1295 2670 1354 2726 τὸ
1370 2669 1738 2741 διηγήσασθαι
1755 2668 1826 2721 τά

227 2761 543 2816 Δεσποτικά
567 2758 791 2832 ῥήματα
816 2763 994 2819 τοιάδε
1029 2762 1231 2833 γράφει
1250 2780 1265 2796 ·
1291 2781 1310 2815 ‹
1346 2761 1703 2833 Μεμνημένοι
1733 2754 1827 2814 οῦν

228 2854 331 2907 καὶ
359 2854 519 2922 ἡμεῖς
554 2854 604 2907 oi
632 2852 956 2926 ἁμαρτωλοὶ
998 2854 1107 2908 τῶν
1136 2854 1425 2919 ζωοποιῶν
1450 2853 1615 2908 αὑτοῦ
1653 2853 1829 2923 παθη-

231 2945 449 3015 μάτων,
486 2942 582 2999 τοῦ
609 2946 881 3016 σωτηρίου
913 2946 1175 3017 σταυροῦ,
1206 2947 1300 3000 καὶ
1324 2945 1421 3000 τοῦ
1446 2946 1705 3010 Θανάτου,
1733 2944 1829 2999 καὶ

136 3052 139 3059 ‘
228 3038 337 3107 τῆς
364 3036 563 3106 ταφῆς,
595 3038 689 3092 καὶ
729 3037 829 3106 τῆς
862 3025 1166 3110 τριημέρου
1213 3040 1276 3093 ἐκ
1327 3038 1539 3110 νεκρῶν
1590 3039 1831 3092 ἀναστά-

1990 2204 2115 2263 Hinc
2143 2206 2360 2276 quidem
2408 2205 2519 2260 divi
2567 2197 2805 2273 apostoli
2864 2220 2958 2272 per
2996 2204 3142 2260 beati
3206 2203 3510 2259 Clementis

1920 2299 2279 2367 scriptionem
2311 2296 2567 2352 Ecclesia:
2604 2296 2977 2354 tradiderunt.
3002 2296 3169 2351 Divus
3198 2312 3329 2350 vero
3360 2295 3524 2351 Jaco-

1921 2390 2558 2460 busiiierosolymorum
2589 2389 2802 2458 primus
2858 2389 3169 2458 episcopus,
3228 2402 3303 2442 ac
3359 2389 3522 2457 primi

1922 2482 2214 2553 magnique
2248 2482 2520 2552 pontilicis
2554 2482 2722 2538 frater
2754 2481 2917 2535 simul
2941 2489 2994 2535 et
3022 2495 3337 2547 successor,
3404 2481 3522 2550 ipse

1923 2589 2145 2645 quoque
2204 2576 2493 2646 mysticam
2536 2590 2817 2646 exponens
2862 2574 3166 2646 Liturgiam
3228 2574 3283 2629 in
3332 2574 3522 2627 eadem

1926 2677 2102 2734 parte,
2133 2673 2254 2735 post
2285 2666 2667 2723 recitationem
2732 2667 3150 2722 Dominicorum
3209 2665 3523 2727 verborum,

1930 2760 2045 2814 bare
2079 2759 2270 2814 scribit
2302 2776 2318 2814 :
2362 2778 2380 2811 ι
2415 2758 2687 2815 Memores
2742 2760 2911 2829 igitur
2957 2767 3012 2814 et
3072 2773 3174 2813 nos
3204 2768 3524 2828 peccatores

1932 2852 2256 2923 passionum
2329 2853 2450 2923 ejus
2499 2852 2866 2917 viviﬁcarum,
2920 2851 3105 2908 crucis
3153 2850 3409 2907 salutaris
3464 2863 3527 2904 ac

1935 2948 2149 3015 mortis,
2206 2949 2440 3019 sepulcri
2480 2964 2544 3003 ac
2602 2948 3025 3006 resurreCtiouis
3055 2963 3084 3003 a
3115 2947 3347 3004 mortuis
3370 2944 3528 3000 tertio

1935 3041 2044 3105 die,
2072 3041 2411 3098 ascensionis
2468 3042 2522 3095 iu
2561 3042 2752 3103 caelos,
2802 3051 2855 3097 et
2895 3040 3230 3097 assessionis
3294 3038 3412 3107 ejus
3458 3037 3529 3092 ad

234 3126 399 3196 σεὶιις,
428 3130 521 3184 καὶ
548 3130 647 3199 τῆς
676 3129 759 3194 είς
780 3131 1045 3201 οὐρανοὺς
1068 3130 1280 3195 ἀνόδου,
1307 3132 1401 3186 καὶ
1424 3132 1523 3201 τῆς
1553 3135 1617 3185 ἐκ
1642 3131 1830 3197 δεξιῶν

1940 3134 2219 3189 dexteram
2247 3144 2393 3189 tuam
2433 3133 2525 3189 Dei
2558 3142 2613 3189 et
2643 3133 2843 3199 Patris,
2883 3144 2938 3188 et
2969 3133 3191 3189 secundi
3218 3131 3440 3202 gloriosi
3475 3138 3529 3185 et

234 3240 337 3277 σου
369 3221 463 3283 τοῦ
491 3222 629 3277 Θεοῦ
654 3221 750 3277 καὶ
774 3222 986 3296 Πατρὸς
1021 3223 1312 3294 καθέδρας,
1331 3224 1421 3277 καὶ
1446 3223 1548 3293 τῆς
1570 3223 1830 3291 δευτέρας

234 3314 452 3381 ἐνδόξου
497 3314 589 3369 καὶ
645 3314 885 3385 φοϐερᾶς
929 3315 1095 3371 αὐτοῦ
1143 3315 1481 3385 παρουσίας,
1523 3316 1651 3368 ὅταν
1702 3312 1833 3389 ἔλθῃ

240 3406 387 3477 μετὰ
430 3405 591 3476 δόξης
626 3407 810 3473 κρίναι
847 3397 1057 3469 ζῶντας
1087 3405 1179 3457 καὶ
1210 3406 1463 3472 νεκροὺς,
1496 3404 1623 3455 ὅταν
1660 3400 1833 3473 psmn

236 3498 558 3553 ἀποδιδόναι
609 3496 826 3565 ἑκάστῳ
879 3498 1023 3549 κατὰ
1053 3494 1122 3548 τά
1164 3495 1301 3564 ἔργα
1345 3492 1537 3554 αὐτοῦ,
1590 3492 1850 3563 προσφέ-ι

244 3592 416 3661 ρομέν
451 3606 556 3654 σοι,
591 3590 863 3653 Δέσποτα,
894 3588 996 3659 τὴν
1023 3579 1263 3658 φόὁερὰν
1297 3585 1503 3656 ταύτην
1536 3587 1630 3639 καὶ
1678 3584 1834 3639 ἀναί-

244 3694 458 3750 μακτον
498 3677 715 3731 θυσίαν.
744 3692 764 3729 ι
800 3677 909 3731 Καὶ
941 3675 1059 3747 μετ’
1090 3676 1246 3744 ὀλίγα
1272 3694 1287 3708 ο
1330 3695 1349 3729 ι
1381 3677 1634 3746 Ἐλέησον
1662 3677 1830 3745 ᾑμᾶς,

238 3771 274 3825 ὀ
300 3769 455 3834 Θεὸς,
486 3770 628 3824 κατά
652 3770 712 3824 τὸ
748 3769 895 3840 μέγα
945 3770 1093 3833 ἐλεός
1143 3786 1259 3832 σου,
1310 3773 1406 3823 καὶ
1452 3770 1836 3837 ἐξαπόστειλον

190 3833 335 3933 ι’ἐᾷ
369 3858 521 3933 ἡμᾶς
575 3863 669 3917 καὶ
713 3833 807 3917 ἐπὶ
831 3833 912 3915 ⁷τὰ
947 3862 1286 3933 προκείμενα
1324 3861 1456 3931 ἆγια
1484 3862 1634 3934 δῶρα
1659 3833 1835 3915 ταῦτα

242 3956 310 4013 τὸ
368 3957 596 4024 Πνεῦμά
656 3972 755 4009 σου
803 3955 865 4010 τὺ
917 3956 1201 4021 πανάγιον,
1240 3956 1299 4007 τδ
1328 3954 1517 4023 κύριον
1566 3955 1664 4008 καὶ
1703 3954 1838 4019 ζωο-

243 4050 428 4116 ποιδν,
462 4049 525 4102 τδ
552 4046 847 4119 σύνθρονον
881 4064 961 4100 σοι
991 4046 1070 4116 τῷ
1098 4045 1217 4116 Θεῷ
1265 4046 1353 4099 καί
1404 4046 1582 4115 Πατρὶ
1622 4045 1717 4100 καὶ
1759 4045 1838 4117 τῷ

252 4140 541 4215 μονογενεῐ
565 4157 657 4196 σου
686 4138 823 4211 Υίῷ,
858 4139 918 4193 τὺ
946 4136 1363 4208 συμϐασιλείον,
1390 4138 1455 4199 τὸ
1475 4136 1761 4208 ὁμοούσιόν
1779 4154 1839 4189 τε

246 4234 349 4289 καὶ
379 4231 667 4299 συνατδιον,
694 4232 756 4286 τὸ
804 4230 1048 4300 λαλῆσαν
1098 4233 1156 4283 ἐν
1194 4232 1345 4299 ννῖμῳ
1386 4230 1480 4282 καὶ
1509 4230 1837 4300 προφήταις,

246 4324 351 4379 καὶ
381 4322 637 4394 τῇλκαινῇ
658 4336 751 4374 σου
784 4319 1052 4391 Διαοήκῃ,
1090 4320 1150 4372 τὸ
1178 4317 1421 4373 καταϐὰν
1452 4320 1508 4371 ἐν
1530 4318 1660 4371 εἴδει
1680 4334 1840 4388 περι-

249 4417 457 4485 στερᾶς
492 4414 586 4467 ἐπὶ
609 4415 699 4467 τὸν
732 4410 935 4482 Κύριον
971 4411 1128 4483 ἡμῶν
1164 4411 1374 4482 Ἰησοῦν
1414 4411 1652 4481 Χριστὸν
1683 4412 1742 4463 ἐν
1763 4409 1840 4480 τῷ

1944 3222 2214 3279 tremendi
2243 3222 2362 3293 ejus
2385 3225 2676 3287 adventus,
2745 3234 2893 3283 cum‘
2932 3225 3113 3283 veniet
3177 3239 3301 3279 cum
3357 3223 3534 3295 gloria

1937 3316 2002 3369 ad
2034 3315 2396 3385 judicaudum
2431 3316 2582 3371 viros
2610 3324 2664 3375 et
2696 3324 2967 3383 mortuos,
3032 3332 3155 3371 cum
3187 3317 3375 3373 reddet
3410 3316 3529 3370 uni-

1933 3408 2136 3477 cuique
2165 3407 2472 3463 secundum
2498 3424 2666 3478 opera
2696 3408 3148 3478 ejus,'oﬂ‘erimus
3194 3410 3315 3470 tibi,
3353 3407 3529 3463 Demi-

1937 3516 2030 3564 ne,
2058 3500 2158 3555 hoc
2188 3500 2523 3555 sacriﬁcium
2554 3502 2855 3556 verendum
2892 3513 2945 3555 et
2967 3502 3341 3556 incruentum.
3378 3519 3396 3550 ι
3465 3502 3531 3556 Et

1938 3602 2061 3662 post
2096 3606 2269 3661 pauca
2332 3609 2346 3646 :
2420 3576 2730 3648 «Miserere
2798 3594 2993 3659 nostri,
3038 3594 3200 3656 Deus,
3233 3596 3530 3649 secundum

1938 3698 2190 3752 magnam
2219 3684 2655 3741 misericordiam
2679 3694 2852 3748 tuam,
2883 3696 2935 3740 et
2968 3686 3191 3740 demitte
3215 3700 3381 3760 super
3411 3700 3531 3753 nos,

1937 3783 1992 3829 et
2023 3790 2187 3851 super
2211 3777 2327 3833 haec
2357 3788 2547 3834 saneta
2570 3779 2713 3834 dona
2748 3779 3035 3849 proposita
3068 3778 3332 3847 Spiritum
3377 3787 3531 3834 tuum

1938 3867 2347 3922 sanctissimum
2403 3868 2697 3925 Dominum
2749 3870 3043 3935 viviﬁcum,
3083 3886 3187 3924 una
3214 3879 3389 3926 tecum
3426 3868 3533 3926 Duo

1940 3958 2102 4013 Patre
2135 3970 2188 4015 et
2218 3962 2500 4030 unigenito
2531 3962 2673 4017 Filio
2708 3952 2803 4017 tuo
2836 3963 3193 4028 assidentem,
3244 3964 3409 4018 simul
3441 3980 3531 4018 rc-

1942 4067 2220 4129 guautem,
2302 4058 2842 4113 consubSIantialem
2907 4067 2962 4113 et
3021 4069 3376 4124 cowternum,
3437 4059 3532 4129 qui

1943 4149 2153 4203 locutus
2186 4149 2352 4204 estin
2388 4149 2502 4220 lege
2551 4158 2605 4205 et
2662 4150 2943 4219 prepbetis
2997 4165 3010 4202 :
3049 4160 3100 4205 et
3155 4151 3205 4203 in
3250 4166 3391 4206 novo
3441 4160 3533 4205 tuo

1943 4236 2311 4305 Testamento,
2347 4240 2439 4309 qui
2460 4238 2745 4295 descendit
2773 4240 2826 4293 in
2861 4239 3045 4308 specie
3076 4240 3341 4294 columba:
3369 4255 3532 4309 super
3570 4286 3573 4289 η

1946 4328 2231 4384 Dominum
2286 4340 2533 4385 nostrum
2582 4330 2772 4386 Jesum
2844 4331 3125 4386 Christum
3193 4333 3244 4384 in
3296 4315 3547 4387 Jnrdauel

1946 4420 2133 4489 ﬂuvio,
2167 4430 2220 4475 et
2247 4423 2443 4477 mansit
2463 4436 2630 4493 super
2673 4439 2795 4477 cum
2838 4441 2851 4475 :
2886 4427 2978 4492 qui
3036 4422 3321 4478 descendit
3377 4439 3535 4493 super

262 4506 514 4581 Ἰορδάνῃ
542 4504 770 4577 ποταμῷ
806 4506 899 4559 καὶ
934 4506 1124 4573 μεῖναν
1160 4503 1245 4557 ἐπ’
1275 4503 1457 4569 αὑτὸν,
1501 4503 1560 4556 τὸ
1594 4502 1831 4556 καταϐὰν

1949 4525 2169 4571 sanctos
2205 4515 2483 4581 apostolos
2509 4525 2634 4573 tuos
2664 4517 2719 4569 iu
2758 4518 2939 4586 specie
2992 4518 3274 4586 igncarum
3327 4518 3532 4589 lingua-

250 4601 350 4654 ἐπὶ
384 4601 509 4663 τοὺς
553 4598 743 4667 ἁγίους
795 4614 889 4650 σου
938 4596 1271 4660 ἀποστόλους
1310 4598 1367 4649 ἐν
1411 4597 1541 4649 εῖδει
1601 4595 1845 4664 πυρίνων

250 4691 524 4763 γὶωσσῶν
554 4692 614 4745 ἐν
644 4690 721 4760 τῷ
747 4690 983 4761 ὑπερῴῳ
1013 4688 1109 4758 τῆς
1144 4690 1304 4757 ἁγίας
1331 4689 1427 4742 καὶ
1466 4687 1676 4754 ἐνδόξου
1710 4688 1847 4743 Σιὼν

150 4777 160 4785 ’
252 4787 319 4839 ἐν
372 4784 437 4854 τῇ
490 4783 675 4854 ἡμέρᾳ
728 4782 827 4852 τῆς
886 4782 1050 4852 ἁγίας
1101 4783 1526 4852 Πεντηκοστῆς·
1587 4782 1720 4836 αὐτὸ
1788 4783 1848 4834 τδ

254 4876 490 4947 Πνεῦμά
516 4892 607 4929 σου
633 4875 693 4930 τδ
725 4876 992 4943 πανάγιον
1017 4874 1407 4945 κατάπεμψον,
1444 4876 1721 4938 Δέσποτα,
1762 4875 1849 4944 ἐφ’

254 4971 432 5041 ἡμᾶς,
462 4970 557 5023 καὶ
587 4969 677 5021 ἐπὶ
719 4968 789 5021 τά
822 4968 1162 5038 προκείμενα
1194 4968 1326 5033 άγια
1360 4966 1507 5037 δῶρα
1539 4965 1732 5032 ταῦτα,
1764 4967 1849 5020 ἵνα

256 5063 627 5131 ἐπιφοιτῆσαν
681 5064 745 5131 τῇ
792 5061 926 5133 άγίᾳ
970 5060 1065 5116 καί⁸
1096 5059 1275 5131 ἀγαθῇ
1324 5060 1419 5113 καὶ
1454 5059 1648 5130 ἐνδόξῳ
1684 5058 1851 5113 αὑτοῦ

257 5153 561 5224 παρουσίᾳ,
595 5151 823 5223 ἁγιάσῃ,
859 5151 952 5203 καὶ
991 5150 1193 5222 ποιήσῃ
1242 5151 1334 5202 τὸν
1374 5148 1475 5218 μὲν
1530 5148 1696 5217 άρτον
1728 5146 1855 5202 τοῦι

255 5263 358 5302 τον
408 5243 569 5314 σῶμα
600 5242 754 5313 ἅγιον
791 5240 888 5298 τοῦ
922 5241 1163 5310 Χριστοῦ
1198 5257 1314 5302 σου,
1344 5243 1436 5294 καὶ
1481 5240 1542 5293 τὸ
1590 5241 1854 5312 ποτήριον

257 5337 427 5393 τοῦτο
455 5331 593 5406 αἷμα
624 5334 803 5404 τίμιον
849 5332 941 5387 τοῦ
966 5333 1201 5403 Χριστοῦ
1242 5350 1355 5386 σου.
1398 5351 1416 5385 ι

338 5430 564 5493 Τούτοις
579 5425 997 5489 ἀκολουθοῦντες
1022 5427 1113 5479 καί⁵
1138 5410 1191 5477 oi
1214 5425 1354 5494 μετά
1379 5425 1547 5480 ταῦτα
1570 5426 1665 5497 τὴν
1683 5425 1855 5498 αὐτὴν

258 5520 609 5590 λειτουργίαν
653 5517 1025 5587 ἐπιτεμόντες,
1053 5518 1080 5571 ὃ
1114 5533 1170 5570 τε
1207 5516 1376 5585 μέγας
1424 5517 1724 5582 Βασίλειος,
1763 5518 1858 5571 καὶ

265 5614 390 5687 μετ’
418 5612 627 5668 αὐτδνό
658 5612 1040 5684 Χρυσόστομος
1057 5611 1330 5681 Ἰωάννης,
1358 5613 1383 5664 ό
1422 5611 1519 5681 μὲν
1550 5616 1675 5680 περὶ
1703 5612 1858 5665 τοῦτο

231 5755 245 5769 ,
264 5706 327 5756 τὸ
349 5704 517 5774 μέρος
531 5705 844 5773 γενόμενος,
864 5704 957 5756 καὶ
973 5703 1133 5766 αὐτὸς
1150 5702 1504 5772 διηγούμενος
1522 5701 1620 5772 τὴν
1632 5702 1858 5773 πρώτην

268 5795 489 5867 ἐκείνην
514 5794 828 5865 ἱερουργίαν
853 5795 955 5847 ὑπο
976 5794 1068 5848 τοῦ
1092 5794 1357 5849 Δεσπὸτου
1384 5792 1852 5866 παραδεδομένην,

1950 4622 2095 4669 rum,
2148 4606 2202 4661 in
2255 4608 2541 4663 caenaculo
2574 4618 2780 4662 sancta:
2807 4618 2862 4661 et
2898 4607 3153 4677 gloriosa:-
3184 4607 3337 4670 Sion.
3372 4610 3423 4661 in
3454 4609 3537 4664 die

1951 4708 2152 4753 sancte
2184 4697 2537 4755 Peutecostes
2566 4717 2580 4754 ξ
2614 4700 2792 4770 ipsum
2829 4700 3095 4769 Spiritum
3128 4710 3276 4755 tuum
3306 4701 3535 4756 sanctis-

1952 4791 2151 4845 simum
2180 4790 2405 4846 demitte
2440 4805 2586 4845 nunc
2616 4806 2852 4859 quoque,
2879 4789 3127 4855 Domine,
3161 4790 3213 4844 in
3243 4806 3364 4857 nos,
3398 4800 3451 4863 et
3482 4790 3536 4845 in

1954 4884 2067 4938 haec
2099 4886 2241 4938 dona
2294 4892 2486 4938 sancta
2518 4885 2820 4952 proposita,
2858 4886 3373 4951 utsuperveui’eus,
3413 4899 3535 4937 san-

1954 4985 2039 5030 cta
2092 4984 2146 5030 et
2176 4974 2316 5030 bona
2352 4985 2409 5029 et
2457 4976 2694 5046 gloriosa
2736 4986 2841 5047 tua
2896 4973 3183 5043 praesentia
3237 4975 3538 5030 sauctiiicet

1953 5077 2007 5123 ct
2068 5067 2266 5123 clliciat
2317 5068 2461 5121 hunc
2523 5082 2715 5137 panem
2775 5055 2975 5135 corpus
3042 5075 3294 5119 sanctum
3335 5064 3538 5121 Christi

1957 5156 2058 5223 tui,
2094 5166 2148 5213 et
2191 5156 2414 5213 calicem
2447 5156 2593 5213 hunc
2635 5157 2951 5229 pretiosum
3003 5156 3330 5228 sanguinem
3384 5156 3537 5213 Chri-

1959 5249 2026 5304 sti
2061 5250 2164 5305 tui.
2193 5269 2212 5301 ι

2032 5429 2126 5486 liis
2178 5440 2575 5500 consequentes
2624 5432 2791 5502 etqni
2826 5439 3015 5502 postea
3042 5430 3337 5500 biturgiam
3364 5431 3537 5499 ipsam

1960 5523 2318 5579 concisiorem
2371 5523 2681 5591 ediderunt,
2740 5533 2867 5579 tum
2888 5541 3118 5596 magnus
3165 5524 3250 5579 ille
3280 5522 3535 5587 Basilius.

1962 5624 2073 5670 tum
2098 5626 2219 5687 post
2242 5612 2364 5670 eum
2397 5614 2639 5672 Joannes
2670 5617 3107 5692 Cltrysnstomus
3150 5634 3165 5674 :
3200 5618 3286 5671 ille
3312 5616 3536 5686 quidem

1961 5709 2026 5761 ad
2060 5712 2197 5762 hanc
2225 5715 2430 5777 partem
2456 5724 2580 5763 cum
2599 5710 2850 5776 accessit,
2881 5711 2993 5779 ipse
3020 5727 3259 5780 quoque,
3300 5707 3536 5762 rceitans

1965 5800 2193 5870 primum
2226 5791 2371 5855 illam
2404 5803 2865 5859 consecrationem
2896 5818 2922 5858 ιι
2971 5803 3200 5858 Domino
3250 5801 3532 5864 traditam,
