3974 6334
504 155 651 224 1083

1513 170 1758 233 MARCI
1796 175 2112 236 EPllESll
2157 145 2739 250 merueramus

3676 200 3814 275 1064

411 287 418 292 ·
510 296 530 330 ε
561 274 803 348 Dimisit,
864 283 1059 356 inquit,
1110 292 1668 350 commemorationes
1718 294 1962 352 salubris
1985 311 2088 352 sum

2208 316 2226 350 ε
2261 300 2559 372 Κατέλιπε,
2615 307 2804 378 φησὶν,
2835 311 2966 380 ἡμῖν
3005 315 3379 384 ὑπομνήματα
3407 313 3503 368 τοῦ
3531 317 3811 385 σωτηρίου

506 373 784 441 passionis
839 377 966 445 ista,
1021 394 1141 450 quas
1197 385 1592 455 proposuimus
1649 390 1953 446 secundum
1996 407 2095 448 sua

511 468 787 524 mandata.
843 471 1051 528 Debens
1109 476 1256 530 enim
1304 479 1453 535 exire
1505 482 1559 537 in
1615 483 1985 541 voluntariam
2042 498 2098 542 et

505 561 884 616 beatissimam
929 574 980 619 et
1007 567 1278 623 viviﬁcam
1318 587 1474 627 suam
1511 589 1770 645 mortem,
1836 579 1889 634 in
1936 592 2096 637 nocte

507 667 612 722 qua
650 654 897 708 tradebat
928 661 1168 728 seipsum
1211 679 1309 733 pro
1361 669 1547 723 mundi
1610 670 1746 735 vita,
1819 677 2095 742 accipiens

505 761 698 831 partem
725 751 776 802 in
802 753 1010 812 sanctis
1043 759 1160 812 suis
1193 772 1248 812 et
1280 761 1651 821 immaculatis
1711 772 1988 837 manibus,
2041 783 2095 830 ct

507 838 798 894 Ostendens
842 842 937 896 tibi
975 847 1082 901 Deo
1110 858 1164 903 et
1196 851 1368 919 Patri,
1407 858 1612 925 gratias
1645 875 1834 930 agens,
1867 863 2094 919 benedi-

505 940 656 990 cens,
691 935 1062 1000 sanctiﬁcans,
1106 939 1367 1015 frangens
1391 949 1765 1010 deditsanctis
1787 958 1903 1012 suis
1926 958 2097 1013 disc-i-

505 1018 650 1086 pulis
683 1031 1022 1094 etapostolis
1077 1033 1292 1101 dicens,
1359 1043 1594 1110 Accipite
1636 1055 1686 1099 et
1735 1050 2094 1108 mandttcale.‘

505 1109 621 1164 Hoc
650 1126 727 1169 est
766 1134 959 1190 corpus
1002 1143 1198 1193 meum,
1252 1134 1391 1202 quod
1424 1153 1520 1206 pro
1559 1139 1698 1198 vobis
1739 1141 2008 1213 frangitur
2039 1148 2094 1201 in

503 1209 866 1268 remissionem
897 1232 1253 1286 peccatorum.
1313 1215 1581 1286 Similiter
1639 1236 1971 1293 et'calicem
2026 1241 2094 1295 de

504 1300 782 1368 genimiue
813 1307 939 1364 vilis
970 1315 1267 1383 accipiens,
1309 1323 1568 1390 miscens,
1626 1328 1838 1396 gratias
1899 1345 2089 1402 agens,

445 1469 454 1479 I
505 1391 862 1483 benedicens,
895 1407 1264 1472 sanetiﬁcans,
1298 1413 1446 1468 dedit
1505 1421 1711 1476 Sanctis
1755 1424 1870 1478 suis
1927 1425 2096 1480 disc-i-

502 1485 651 1576 pulis
684 1502 736 1545 ct
780 1497 1068 1564 apostolis,
1113 1501 1348 1567 dicens:
1391 1507 1560 1564 Bibite
1612 1528 1677 1571 ea:
1727 1515 1823 1568 hoc
1886 1533 2088 1576 omnes.

503 1575 588 1630 hic
613 1588 693 1634 est
731 1589 948 1662 sanguis
984 1607 1129 1647 meus
1179 1597 1300 1650 novi
1324 1588 1672 1670 Testamenti,
1706 1606 1800 1676 qui
1825 1624 1922 1676 pro
1949 1610 2092 1665 vobis

503 1676 554 1721 et
583 1687 680 1738 pro
713 1677 896 1732 multis
932 1681 1228 1750 e/funditur
1249 1688 1303 1742 in
1345 1692 1709 1750 remissionem
1739 1708 2092 1771 peccatorum.

505 1759 619 1817 Hoc
639 1764 797 1834 facile
828 1770 882 1826 in
908 1789 1079 1831 meam
1106 1786 1681 1842 commemorationem.
1699 1808 1716 1841 ι
1733 1788 1794 1842 Et
1815 1803 1935 1860 post
1963 1808 2095 1862 pau-

464 1845 471 1856 ’
505 1867 569 1908 ca
599 1873 611 1911 :
645 1877 664 1910 ι
692 1855 837 1927 Ideo,
860 1863 1089 1924 Domine
1108 1874 1478 1941 sanctissime,
1499 1886 1554 1935 et
1585 1893 1684 1934 nos
1709 1891 2024 1950 peccatores
2041 1890 2092 1938 ct

507 1942 715 2016 indigni
788 1954 934 2008 servi
970 1957 1069 2021 tui,
1099 1964 1191 2028 qui
1223 1965 1510 2021 constituti
1557 1942 1751 2026 sumu-s
1784 1975 2094 2029 ministrare

506 2045 700 2092 sancto
726 2041 884 2097 altari
926 2056 1037 2113 tuo,
1075 2065 1184 2105 non
1207 2059 1691 2126 propterjustitias
1717 2077 1934 2119 nostras
1959 2065 2090 2128 (non

502 2129 646 2184 enim
678 2130 911 2193 facimus
929 2141 1058 2208 quid
1081 2142 1205 2198 boni
1229 2147 1284 2202 in
1307 2149 1496 2230 terra),
1519 2154 1612 2209 sed
1644 2167 1864 2233 preptcr
1881 2159 2092 2214 miseri.

503 2223 722 2280 cordias
772 2237 820 2282 et
857 2231 1239 2294 miserationes
1295 2227 1417 2299 tuas
1457 2260 1596 2314 quas
1647 2223 1882 2304 eﬂ‘udisti
1920 2250 2094 2306 abun-

502 2311 698 2371 danter
729 2334 891 2390 super
923 2340 1044 2392 nos,
1070 2331 1402 2389 conﬁdentes
1433 2339 1935 2410 appropinqnamus
1968 2359 2094 2398 san-

501 2417 591 2466 cto
621 2412 777 2468 altari
806 2425 920 2484 tuo,
940 2429 993 2474 et
1024 2435 1391 2493 piroponentes
1417 2431 1681 2502 antitypa,
1712 2434 1763 2488 id
1796 2446 1880 2490 est
1922 2441 2094 2494 conﬁ-

501 2504 718 2568 guralia
773 2511 947 2563 sancti
982 2514 1225 2581 corporis
1256 2525 1311 2571 et
1349 2521 1637 2590 sanguinis
1675 2524 1875 2582 Christi
1909 2530 2006 2593 tui,
2043 2538 2094 2587 te

499 2594 862 2657 obsecramus
893 2610 946 2657 et
981 2613 1032 2658 te
1083 2609 1453 2678 postulamus,
1481 2613 1683 2670 Sancte
1744 2633 2085 2690 sanctorum,

499 2687 838 2760 beneplacita
877 2706 965 2750 tua
994 2697 1358 2771 benignitate,
1397 2707 1584 2762 venire
1643 2709 1905 2779 Spiritum
1964 2731 2090 2771 san-

483 2792 646 2837 -ctum
682 2795 834 2841 tuum
859 2805 1024 2861 super
1047 2807 1146 2848 nos
1178 2803 1232 2848 et
1287 2811 1460 2868 super
1523 2805 1799 2871 proposita
1860 2823 2088 2864 munera

498 2875 628 2941 ista,
659 2888 714 2933 et
744 2879 1068 2939 benedicere
1085 2901 1146 2939 ea
1179 2894 1232 2942 et
1262 2886 1625 2961 sanctiﬁcare,
1685 2906 1737 2952 et
1793 2901 2087 2958 ostendere

2207 391 2374 446 αὐτοῦ
2407 396 2638 462 πάθους,
2665 401 2841 455 ταῦτα
2872 402 2906 456 ὃ.
2934 406 3370 476 προτεθείκαμεν
3404 407 3548 460 κατὰ
3578 406 3688 469 τὰς
3722 409 3810 460 αὐ-

2205 483 2301 536 τοῦ
2340 486 2561 553 ἐντολάς
2587 505 2601 518 ·
2633 492 2844 562 μέλλων
2876 495 2986 566 γὰρ
3031 495 3236 564 ἐξιέναι
3275 500 3369 556 ἐπὶ
3409 499 3500 552 τὸν
3547 498 3810 556 ἑκούσιον

2206 577 2298 629 καὶ
2350 579 2597 652 ἀοίδιμον
2644 585 2737 638 καὶ
2771 588 3033 651 (mortem
3080 590 3248 645 αὐτοῦ
3292 591 3549 654 θάνατον,
3592 594 3664 660 τῇ
3716 610 3808 643 w-

2205 671 2296 723 κτὶ
2452 677 2744 745 παρεδίδου
2809 681 3000 734 ἐάυτὸν
3063 683 3204 754 ὑπὲρ
3263 685 3365 753 τῆς
3424 685 3522 738 τοῦ
3588 685 3809 754 κόσμου

2205 762 2373 834 ζωῆς,
2398 764 2763 840 λαῆὼν,ἄρτον
2795 772 3015 833 ἐπὶτῶν
3053 776 3224 843 ἁγίων
3253 777 3419 831 αὐτοῦ
3450 781 3548 832 καὶ
3596 778 3811 847 ἀκρᾶν-

2203 875 2312 910 των
2374 861 2596 930 χειρῶν,
2639 865 2734 916 καὶ
2785 865 3068 932 ἀναδείξας
3134 885 3218 933 σοι
3270 870 3346 941 τῷ
3379 871 3504 942 Θεῷ
3540 873 3646 924 καὶ
3697 871 3809 924 [ιι-

2202 951 2316 1019 τρὶ,
2376 953 2807 1031 εὐχαριστήσας,
2863 957 3196 1031 εὐλογήσας,
3255 962 3514 1030 ἁγιάσας,
3566 963 3806 1027 κλάσας,

2203 1039 2369 1094 ἔδωκε
2398 1029 2509 1106 τοῖς
2538 1045 2714 1113 ἁγίοις
2768 1048 2933 1102 αὐτοῦ
2985 1051 3256 1121 μαθηταῖς
3303 1053 3395 1106 καὶ
3441 1054 3807 1116 ἀποστόλοις,

2203 1131 2398 1200 εἰπὼν,
2433 1133 2675 1202 Λάϐετε,
2703 1139 2924 1208 φάγετε
2954 1158 2966 1172 ο
3004 1142 3182 1196 τοῦτό
3221 1145 3336 1213 μού
3363 1145 3498 1219 ἐστι
3525 1144 3594 1200 τὸ
3627 1144 3807 1213 σῶμα

2201 1208 2267 1276 τὸ
2300 1224 2454 1294 ὑπὲρ
2502 1224 2671 1296 ὑμῶν
2709 1228 3022 1299 κλώμενον
3047 1235 3134 1300 είς
3179 1208 3402 1304 ἅέρεσιν
3443 1208 3763 1305 ἂμαρτιῶτο
3786 1251 3803 1267 ⁸

2201 1317 2406 1388 ὁμοίιος
2459 1321 2553 1374 καὶ
2604 1321 2665 1374 τὸ
2717 1326 2979 1394 ποτὴριον
3035 1326 3100 1380 ὲκ
3143 1326 3237 1380 τοῦ
3295 1327 3650 1399 γεννήματος
3705 1327 3808 1395 τῆς

2201 1411 2455 1483 ἀμπέλου
2495 1413 2702 1477 λαδὼν,
2758 1417 3022 1488 κεράσας,
3078 1417 3506 1490 εὐχαριστήσας,
3568 1420 3810 1490 εὐλογή-

2203 1523 2324 1569 σας,
2393 1506 2632 1575 ἁγιάσας
2669 1507 2839 1562 ἔδωκε
2885 1511 3000 1572 τοῖς
3054 1510 3230 1579 ἁγίοις
3283 1512 3451 1566 αὐτοῦ
3511 1514 3805 1583 μαθηταῖς

2203 1600 2296 1652 καὶ
2351 1599 2674 1664 ἀποστόλοις
2733 1603 2924 1674 εἰπὼν,
2962 1603 3134 1656 Hisce
3184 1603 3253 1668 ἐξ
3285 1604 3471 1659 αὑτοῦ
3520 1604 3802 1672 πάντες·

2199 1691 2381 1747 τοῦτό
2405 1693 2539 1747 ἐστι
2565 1693 2633 1748 τὸ
2665 1691 2810 1764 αἷμά
2835 1713 2956 1764 μου
2981 1694 3047 1749 τὸ
3078 1695 3190 1765 τῆς
3223 1696 3439 1764 καινῆς
3466 1697 3802 1766 Διαθήκης,

2198 1787 2265 1839 τὸ
2293 1786 2445 1854 ὑπὲρ
2473 1787 2642 1856 ὑμῶν
2669 1788 2766 1843 καὶ
2796 1788 3046 1862 πολλῶν
3092 1790 3511 1861 ἐκχυνόμενον
3536 1795 3626 1859 εὶς
3642 1793 3805 1862 Ἐρε-

2199 1893 2307 1932 σιν
2334 1879 2658 1947 ἁμαρτιῶν.
2701 1859 2881 1936 Τοῦτο
2927 1882 3148 1939 ποιεῖτε
3191 1887 3280 1952 είς
3311 1859 3428 1951 τὴν
3455 1886 3613 1957 ἐμὴν
3653 1859 3805 1941 ἀντὶ·

2193 1987 2445 2042 μνησιν.
2486 1991 2504 2025 ι
2541 1971 2650 2027 Καὶ
2688 1976 2809 2044 μετ’
2847 1976 3005 2043 ὀλίγα
3033 1991 3047 2005 ’
3079 1995 3097 2028 ι
3144 1978 3244 2030 Διὰ
3300 1979 3480 2042 τοῦτο,
3515 1981 3800 2044 Δέσποτα,

2201 2065 2459 2133 πανάγιε,
2496 2067 2588 2118 καὶ
2621 2069 2783 2136 ἡμεῖς
2809 2069 2858 2122 οἱ
2891 2070 3335 2141 ἁμαρτωλοὶ·καὶ
3365 2074 3580 2138 ἀνάξιοι
3611 2073 3803 2127 δοῦλοί

2197 2173 2312 2220 σου,
2337 2156 2388 2209 οί
2422 2157 2853 2226 καταξιωθέντες
2897 2159 3236 2231 λειτουργεῖν
3275 2162 3353 2234 τῷ
3386 2165 3532 2236 ἁγίῳ
3562 2183 3660 2219 σου
3704 2165 3802 2220 Bu-

2198 2252 2523 2322 σιαστηρίῳ,
2570 2254 2630 2306 οὐ
2666 2255 2757 2308 διὰ
2805 2255 2904 2320 τὰς
2953 2257 3306 2324 δικαιοσύνας
3353 2262 3535 2332 ἡμῶν,
3567 2265 3630 2317 οὐ
3685 2265 3800 2334 γὰρ

2197 2344 2543 2414 ὲποιήσαμέν
2605 2363 2656 2399 τι
2709 2347 2910 2414 ἀγαθὸν
2957 2351 3049 2402 ἐπὶ
3100 2353 3197 2420 τῆς
3231 2353 3353 2422 γῆς,
3386 2355 3524 2408 ἁλλὰ
3581 2356 3677 2410 διὰ
3728 2359 3802 2412 τὰ

2197 2436 2321 2510 ιλέη
2390 2454 2484 2491 σου
2529 2439 2624 2491 καὶ
2677 2441 2807 2504 τοὺς
2858 2443 3180 2514 οίκτιρμούς
3238 2462 3354 2512 σου,
3408 2447 3503 2511 οὓς
3564 2450 3799 2520 ἐξέχεας

2196 2529 2470 2594 πλουσίως
2512 2531 2596 2600 ἐφ’
2632 2532 2802 2602 ἡμᾶς,
2843 2533 3176 2606 θαρροῦντες
3224 2539 3677 2610 προσεγγίζομεν
3719 2542 3802 2612 τῷ

2193 2622 2336 2694 ἁγίῳ
2368 2640 2460 2676 σου
2495 2624 2893 2697 θυσιαστηρίῳ,
2927 2627 3024 2681 καὶ
3050 2627 3382 2698 προσθέντες
3410 2633 3480 2684 τὰ
3512 2634 3799 2689 ἀντίτυπα

2191 2714 2288 2768 τοῦ
2320 2715 2481 2784 ἁγίου
2534 2715 2789 2786 σώματος
2829 2719 2924 2773 καὶ
2976 2720 3210 2788 αἵματος
3254 2721 3350 2776 τοῦ
3383 2725 3626 2795 Χριστοῦ
3671 2743 3796 2790 σου,

2195 2808 2289 2861 σοῦ
2320 2807 2551 2876 δεόμεθα
2583 2811 2680 2863 καὶ
2702 2811 2761 2864 σὲ
2794 2813 3242 2883 παρακαλοῦμεν,
3269 2815 3430 2885 ’Δγιε
3465 2818 3664 2885 ἁγίων,
3699 2818 3798 2871 εὐ-

2191 2898 2347 2970 δοκίᾳ
2397 2901 2522 2978 τῆς·
2549 2901 2649 2972 σῆς
2688 2903 3046 2974 ἁγαθότητος,
3096 2905 3271 2962 ἱλθεῐν
3321 2909 3382 2962 τὸ
3420 2911 3651 2982 Πνεῦμὰ
3696 2929 3794 2964 σου

496 2972 694 3038 ροηδηι
721 2975 940 3044 quidem
973 2979 1161 3047 istum,
1218 2983 1396 3068 ipsum
1465 2988 1826 3046 honoriﬁcum
1883 3009 2083 3064 corpus

2193 2991 2252 3045 τὸ
2298 2974 2453 3060 ἅγιον
2514 2995 2603 3063 ἐφ’
2631 2996 2782 3065 ἡμᾶς
2835 2972 2933 3050 καί
2983 2999 3078 3050 ἐπὶ
3124 2999 3194 3053 τὰ
3253 2972 3600 3072 προκείμενα
3636 3004 3797 3073 δῶρα

497 3061 736 3135 Domini,
777 3069 865 3123 Dei
889 3079 943 3125 et
979 3071 1282 3132 Salvatoris
1319 3061 1491 3134 nostri
1524 3078 1651 3137 Jesu
1707 3084 1937 3149 Christi.
1983 3061 2082 3159 qui

495 3157 702 3216 eﬁusus
754 3172 840 3217 est
869 3179 968 3234 pro
997 3169 1183 3223 mundi
1217 3171 1348 3227 vita.
1389 3191 1408 3226 ι
1449 3172 1616 3232 Divus
1652 3193 1868 3248 quoque
1915 3157 2087 3255 Chry-

494 3266 776 3314 sostomus
831 3259 1022 3314 eadem
1102 3264 1302 3319 iterum
1384 3270 1665 3328 concisius
1746 3289 2082 3343 exponens:

502 3365 520 3398 ε
545 3347 783 3405 Veniens
817 3351 1079 3422 Dominus
1114 3360 1387 3424 completo
1419 3363 1570 3418 omni
1631 3379 1731 3436 pro
1780 3366 1940 3424 nobis
1970 3385 2084 3441 my-

494 3443 683 3509 Stet'io,
715 3455 874 3499 nocte
901 3464 1009 3520 qua
1044 3453 1382 3520 tradebatur,
1413 3456 1590 3528 magis
1621 3469 1802 3516 autem
1833 3463 2086 3520 tradebat

494 3533 755 3604 seipsnm,
793 3553 891 3607 pro
953 3544 1140 3596 tuumli
1171 3547 1303 3611 vita,
1339 3565 1533 3615 panem
1568 3552 1846 3624 accipiens
1872 3559 2083 3615 sanctis

494 3627 636 3691 suis,
679 3625 1048 3685 immaculatis
1080 3647 1128 3689 et
1160 3631 1465 3704 impotlutis
1493 3641 1766 3711 manibus,
1791 3659 1915 3719 cum
1953 3663 2083 3718 gra-

498 3715 604 3774 tias
661 3721 880 3799 egisset.
937 3724 1237 3795 benedixit,
1290 3732 1640 3789 sanctiticuns
1685 3741 1739 3790 et
1799 3715 2081 3809 frangens,

500 3795 712 3866 sanctis
735 3815 851 3866 suis
879 3813 1165 3884 discipulis
1200 3829 1254 3873 et
1287 3822 1552 3890 apostolis
1584 3825 1779 3880 tribuit
1839 3795 2032 3888 diebus

495 3899 730 3971 Accipite
757 3916 804 3959 et
830 3908 1103 3962 comedite.
1167 3909 1281 3964 [Ioc
1330 3923 1406 3967 est
1447 3931 1641 3984 corpus
1691 3934 1887 3988 meum,
1941 3925 2082 3994 quod

496 4014 594 4067 pro
623 3999 764 4056 vobis
795 4001 1065 4074 frangitur
1095 4004 1150 4058 in
1203 4007 1567 4071 remissionem
1611 4024 1970 4078 peccatorum.
1997 4017 2082 4073 Si-
2125 4030 2132 4039 '

494 4093 699 4150 tni'iter
738 4107 919 4155 autem
980 4106 1036 4154 et
1077 4100 1301 4158 calicem
1357 4113 1647 4176 postquam
1707 4111 1947 4173 coenavit
1997 4111 2081 4168 di-

495 4197 630 4236 cens
667 4196 681 4236 :
713 4182 886 4238 Bibile
907 4189 1097 4260 cxvltoc
1119 4205 1320 4252 cernes.
1373 4191 1477 4247 llic
1534 4209 1610 4254 est
1660 4200 1878 4270 sanguis
1933 4218 2081 4260 meus

495 4277 616 4331 novi
639 4275 985 4346 Testamenti,
1008 4283 1218 4360 (μύρτα
1245 4285 1388 4340 vobis
1436 4296 1485 4341 et
1517 4286 1759 4357 pluribus
1788 4292 2083 4361 ciunditur
2136 4292 2141 4297 ’

491 4369 548 4422 in
569 4370 930 4424 remissionem
949 4355 1305 4447 peccatorum.
1339 4396 1358 4429 ι
1395 4377 1461 4433 Ει
1499 4355 1662 4450 paulo
1693 4355 1918 4453 postnita
1946 4389 2078 4445 sub-
2113 4369 2158 4426 θ

487 4462 709 4541 jungit:
750 4481 767 4514 ε
796 4461 1093 4530 Oﬁ‘erimus
1124 4467 1222 4523 tibi
1264 4469 1592 4541 ratiqnabile
1631 4488 1697 4529 ac
1729 4475 2075 4536 incruentum

493 4537 599 4607 huc
623 4553 985 4624 sacriﬁcium,
1009 4567 1062 4612 et
1112 4573 1424 4628 precamur,
1484 4572 1538 4620 et
1602 4566 1997 4637 supplicamus,
2027 4580 2081 4626 et

491 4647 862 4718 deposcimus,
923 4660 984 4711 ut
1041 4656 1227 4709 mittas
1279 4654 1549 4726 Spiritum
1623 4661 1873 4717 sanetum
1925 4672 2077 4721 tuum

493 4755 658 4809 super
687 4756 786 4805 nos
817 4750 870 4798 ct
896 4757 1062 4816 super
1085 4747 1200 4802 haec
1258 4753 1508 4820 apposita
1550 4769 1780 4810 munera
1821 4773 1836 4811 :
1870 4765 1924 4812 et
1991 4758 2078 4814 fac

491 4849 687 4903 panem
729 4835 892 4891 istum
949 4839 1170 4906 quidem
1239 4842 1540 4912 pretiosum
1609 4861 1810 4917 corpus
1869 4849 2074 4906 Christi

493 4909 570 4994 tui
604 4943 618 4980 :
645 4929 864 4996 etquod
889 4941 971 4988 eat
1003 4932 1052 4984 in
1074 4932 1243 4994 calice
1275 4936 1380 4990 isto
1426 4939 1728 5005 pretiosum
1747 4943 2070 5012 sanguinem

488 5018 694 5081 Christi
725 5021 823 5085 tui,
857 5034 1173 5098 permutans
1208 5037 1398 5090 saneto
1423 5027 1627 5099 Spiritu
1658 5039 1772 5090 tuo.
1821 5049 1839 5089 ι

2189 3086 2388 3154 ταῦτα,
2437 3087 2538 3143 καὶ
2568 3085 3044 3158 εὐλογῆσαιάὐτὰ
3097 3091 3194 3145 καί⁸
3225 3093 3475 3160 ἁγιάσαι,
3526 3097 3630 3149 καὶ
3658 3099 3799 3150 ἅνα-

2187 3178 2378 3245 δεῖξαι,
2419 3180 2511 3234 τὸν
2548 3181 2649 3250 μὲν
2690 3181 2858 3252 ἄρτον
2903 3181 3092 3236 τοῦτον
3134 3185 3268 3238 αὐτὸ
3299 3187 3362 3238 τὸ
3405 3189 3593 3258 τίμιον
3628 3190 3796 3259 σῶμα

2186 3269 2281 3324 τοῦ
2307 3272 2514 3344 Κυρίου
2537 3273 2630 3326 καὶ
2663 3272 2917 3343 Σωτῆρος
2936 3274 3096 3345 ἡμῶν
3138 3275 3317 3345 Ἰησοῦ
3343 3280 3612 3348 Χριστοῦ,
3639 3282 3702 3334 τὸ
3735 3283 3795 3336 δὲ

2188 3360 2452 3434 ποτήριον
2475 3365 2636 3419 τοῦτο
2668 3365 2802 3420 αὐτό
2833 3367 2893 3420 τὸ
2914 3368 3098 3438 τίμιον
3138 3363 3280 3440 αἷμα
3307 3371 3402 3425 τοῦ
3445 3374 3659 3443 Κυρίου
3694 3378 3794 3428 καὶ

2187 3456 2326 3510 Θεοῦ
2363 3459 2459 3512 καὶ
2491 3459 2745 3529 Σωτῆρος
2795 3460 2949 3531 ἡμῶν
2987 3460 3165 3532 Ἰησοῦ
3203 3463 3465 3534 Χριστοῦ,
3511 3467 3576 3520 τὸ
3626 3469 3797 3538 ἐκχυ-

2187 3549 2278 3604 θὲν
2333 3551 2476 3622 ὑπὲρ
2517 3555 2616 3625 τῆς
2655 3553 2750 3606 τοῦ
2800 3554 3014 3622 ,κόσμου
3068 3555 3235 3624 ζωῆς.
3281 3575 3299 3608 ι
3343 3556 3402 3611 '0
3433 3558 3490 3612 δέ
3539 3577 3608 3628 γε
3641 3561 3795 3624 θεῖος

2186 3647 2575 3716 Χρυσόστομος
2621 3647 2689 3701 τὰ
2740 3647 2881 3723 αὐτὰ
2936 3639 3102 3704 πάλιν
3156 3649 3567 3724 ὲπιτομώτερον
3602 3651 3838 3721 array-’3'

2185 3737 2413 3807 γέλλων,
2455 3757 2474 3792 ε
2522 3739 2724 3794 Ἐλθὼν
2772 3741 2801 3795 6
2832 3741 3057 3814 Κύριος,
3110 3743 3271 3810 φησὶ,
3310 3745 3407 3798 καὶ
3461 3747 3652 3800 πᾶσαν
3683 3747 3790 3818 τὴν

2187 3834 2330 3905 ὑπὲρ
2363 3835 2522 3904 ἡμῶν
2553 3835 2868 3904 οἰκονομίαν
2895 3836 3214 3906 πληρώσας,
3248 3839 3315 3906 τῇ
3335 3837 3496 3892 νυκτὶ
3603 3827 3789 3907 τῖαρε-

2183 3927 2382 3992 δίδοτο,
2423 3928 2628 3999 μᾶλλον
2672 3928 2730 3982 δὲ
2760 3929 2954 3983 ἑαυτὸν
2991 3930 3317 3999 παρεδίδου,
3352 3931 3494 4000 ὑπὲρ
3533 3933 3637 4002 τῆς
3681 3935 3786 3989 τοῦ

2184 4020 2392 4092 κόσμου
2437 4021 2606 4093 ζωῆς,
2657 4023 2840 4078 λαϐὼν
2877 4023 3044 4094 ἄρτον
3095 4025 3153 4079 ιν
3200 4028 3322 4090 ταῖς
3357 4027 3546 4094 ἁγίαις
3602 4031 3779 4085 αὐτοῦ

2184 4115 2279 4170 καὶ
2301 4115 2592 4184 ἀκράντοις
2618 4114 2712 4167 καὶ
2745 4114 3072 4185 ἁμωμήτοις
3097 4119 3316 4187 χερσὶν,
3344 4117 3780 4188 εὐχαριστήσας,

2183 4205 2515 4274 εὐλογήσας,
2558 4199 2825 4272 ἁγιάσας,
2868 4205 3099 4272 κλάσας,
3131 4206 3300 4261 ἔδωκε
3329 4212 3442 4268 τοῖς
3475 4209 3656 4279 ἁγίοις
3686 4213 3786 4265 αὐ-

2184 4297 2278 4352 τοῦ
2311 4297 2582 4368 μαθηταῖς
2622 4299 2730 4360 ,καὶ
2760 4298 3080 4362 ἀποστόλοις
3120 4299 3294 4364 είπών
3318 4316 3333 4331 ⁸
3367 4301 3616 4367 Λάϐετε,
3670 4305 3788 4373 φά·

2183 4406 2357 4466 Tete:
2395 4390 2578 4445 τοῦτό
2619 4390 2740 4460 μού
2776 4390 2909 4445 ἐστι
2948 4391 3016 4445 τὸ
3065 4389 3240 4462 σῶμα
3285 4392 3356 4447 τὸ
3407 4395 3562 4462 ὑπὲρ
3615 4395 3790 4464 ὑμῶν

2184 4480 2498 4550 κλώμενον
2544 4482 2632 4548 είς
2682 4481 2908 4551 ἄφεσιν
2949 4482 3253 4552 ἁμαρτιῶν
3283 4501 3296 4516 ο
3331 4485 3532 4554 ὁμοίως
3571 4488 3672 4540 καὶ
3727 4489 3788 4540 τὸ

2182 4574 2446 4646 ποτήριον
2487 4575 2628 4642 μετὰ
2681 4574 2743 4628 τὸ
2774 4575 3064 4644 δειπνῆσαι
3108 4574 3284 4643 λέγων
3311 4594 3327 4610 ·
3354 4580 3528 4632 Utere
3569 4579 3646 4644 ἐξ
3678 4583 3785 4634 αὺ-

2181 4666 2290 4722 τοῦ
2323 4665 2550 4732 πάντες
2576 4680 2592 4697 ο
2625 4665 2807 4721 τοῦτό
2833 4667 2965 4719 ἐστι
2992 4665 3060 4720 τὸ
3094 4662 3240 4737 αῖμὰ
3267 4687 3384 4734 μου
3416 4669 3485 4724 τὸ
3514 4670 3632 4738 τῆς
3660 4689 3787 4726 και-

2183 4758 2299 4828 νῆς
2339 4758 2638 4828 Διαθήκης
2695 4757 2762 4812 τὸ
2794 4758 2946 4827 ὑπὲρ
2994 4759 3165 4829 ὑμῶν
3218 4761 3644 4831 ἐκχυνόμενον
3698 4769 3783 4831 είς

2183 4849 2410 4918 ἄφεσιν
2442 4848 2765 4920 ἁμαρτιῶν.
2807 4867 2826 4901 s
2867 4850 2978 4902 Καὶ
3035 4852 3175 4920 μετὰ
3210 4853 3408 4923 μικρὸν
3442 4853 3619 4918 οὕτως
3664 4859 3784 4909 επι-

2185 4944 2490 4998 συνάπτει·
2525 4961 2543 4994 ε
2586 4943 2980 5014 Προσφὲρομὲν
3009 4961 3090 4997 σοι
3127 4945 3228 5015 τὴν
3260 4945 3486 5017 λογικὴν
3520 4949 3784 5020 τοιαύτην

2184 5037 2281 5091 καὶ
2319 5036 2653 5106 ἀναίμακτον
2704 5033 2996 5105 λατρείαν
3030 5038 3127 5089 καὶ
3174 5039 3631 5109 παρακαλοῦμεν,
3685 5043 3781 5095 καὶ

486 5113 742 5186 δεόμεθα,
784 5117 876 5168 καὶ
927 5118 1262 5189 ἱκετεύομεν,
1315 5123 1678 5196 κατάπεμψον
1732 5124 1791 5179 τὸ
1846 5127 2069 5196 Πειεῦμά
2107 5147 2202 5183 σου
2226 5129 2289 5182 τὸ
2327 5129 2483 5197 ἅγιον
2514 5128 2599 5198 ἐφ’
2636 5128 2786 5198 ἡμᾶς
2859 5129 2955 5182 καὶ
3015 5129 3109 5182 ἐπὶ
3147 5129 3218 5183 τὰ
3248 5130 3587 5203 προκείμενα
3620 5134 3778 5203 δῶρα

486 5216 688 5282 ταῦτα,
728 5219 822 5270 καὶ
868 5217 1095 5286 πτίησον
1144 5221 1234 5272 τὸν
1287 5223 1388 5290 μὲν
1435 5221 1600 5291 ἄρτον
1651 5221 1839 5276 τοῦτον
1891 5225 2072 5291 τίμιον
2115 5226 2276 5294 σῶμα
2307 5223 2401 5278 τοῦ
2433 5223 2670 5294 Χριστοῦ
2702 5241 2820 5294 σου,
2849 5224 2910 5278 τὸ
2940 5223 2998 5278 δὲ
3036 5225 3096 5279 ὲν
3153 5227 3240 5298 ,τῷ
3303 5232 3554 5315 ποτηρίῳ
3591 5232 3777 5303 tto-itte

487 5312 670 5381 τίμιον
699 5307 839 5381 αἷμα
869 5311 965 5370 τοῦ
995 5311 1230 5380 Χριστοῦ
1263 5331 1380 5378 σου,
1422 5313 1746 5384 μεταϐαλὼν
1777 5314 1854 5386 τῷ
1891 5316 2170 5386 Πνεῦματί
2203 5334 2293 5373 σου
2324 5315 2400 5385 τῷ
2427 5316 2586 5387 ἁγίῳ.
2625 5335 2642 5369 ι

565 5405 639 5467 Ita
668 5406 884 5474 quidem
924 5412 1118 5460 omnes
1150 5408 1201 5461 hi
1234 5411 1603 5475 concorditer,
1636 5411 1789 5480 prius
1851 5411 2072 5479 quidem

490 5503 724 5556 recitant
755 5499 1032 5556 Dominica
1062 5499 1250 5573 verba,
1285 5510 1338 5556 et
1367 5518 1463 5571 per
1499 5517 1560 5558 ea
1586 5518 1688 5558 nos
1716 5503 1781 5558 ad
1815 5505 2071 5559 recorda-

489 5591 688 5647 tionem
718 5592 794 5647 rei
828 5598 942 5650 tum
971 5603 1206 5661 peractze
1235 5592 1538 5661 adducunt,
1571 5605 1626 5650 et
1681 5595 2072 5650 sanctiﬁcatri-

487 5696 606 5744 ccm
637 5681 743 5738 vim
770 5697 833 5739 ac
858 5685 1158 5754 potentiam
1186 5672 1511 5740 immittunt
1548 5684 1602 5740 in
1653 5701 1715 5741 ea
1756 5701 1876 5754 (μω)
1935 5701 2064 5742 cett-

2253 5410 2410 5463 Οὕτω
2438 5410 2536 5480 μὲν
2560 5410 2796 5474 ἅπαντες
2818 5403 2910 5462 οὐτ
2947 5427 2964 5462 ι
2995 5407 3301 5477 συμφώνως
3319 5411 3644 5480 προλέγουσι
3674 5419 3776 5487 μὲν

2179 5500 2247 5554 τὰ
2274 5500 2579 5554 Δεσποτικὰ
2619 5502 2858 5570 ῥήματα,
2898 5500 2994 5553 καὶ
3025 5499 3093 5553 δι’
3133 5500 3315 5553 αὐτῶν
3342 5505 3420 5563 είς
3459 5504 3772 5574 ἀνάμνησιν

2181 5595 2326 5663 ἡμᾶς
2350 5593 2544 5661 ἄγουσι
2559 5592 2653 5645 τοῦ
2673 5592 2794 5644 τότε
2809 5593 3166 5662 πραχθέντος,
3199 5594 3290 5647 καὶ
3312 5596 3412 5663 τὴν
3438 5598 3632 5663 ἁγιαστ
3644 5603 3773 5670 ικὴν

2177 5687 2406 5751 δύναμιν
2443 5687 2613 5741 tuuis:
2652 5682 2990 5750 τελουμένοις
3015 5703 3028 5716 ο
3057 5687 3375 5750 ἐπεύχονῑαι
3408 5689 3462 5743 δὲ
3510 5689 3763 5750 ῦεῑεοον.
