3974 6334
972 0 3974 41 Ἣ

180 175 327 238 1Ρ85

1069 183 1172 248 DE
1203 185 1557 249 CORPORE
1584 190 1681 257 ET
1702 191 2107 257 SANGUINE
2138 197 2477 264 CHRISTI.

3315 213 3453 277 1086

178 282 275 385 καὶ
291 282 499 385 τὴνιτοῢ
523 282 679 353 ἁγίου
694 286 1008 359 Πνεύματος
1029 292 1413 359 ἐπικαλοῦνται
1431 298 1610 367 χάριν,
1632 300 1772 361 ὥστε

1882 318 2201 377 sectantur;
2237 319 2425 381 postea
2452 328 2582 370 vero
2610 315 2918 374 orationem
2943 318 3220 385 adhibent,
3242 328 3297 374 et
3323 335 3455 377 san-

176 374 353 443 αῦτὴν
372 374 648 440 ἐλθοῦσαν,
672 378 739 431 τὰ
756 381 801 431 εἰ
810 396 875 449 ρη
884 380 1020 448 μένα
1039 383 1161 436 τότε
1180 386 1413 459 τοῖςνῦν
1440 390 1774 459 ἐφαρμόσαι,

176 466 281 519 καὶ
310 464 377 519 τὰ
405 466 735 538 προκείμενα
759 469 1063 539 τελειῶσαι,
1097 475 1191 528 καὶ
1219 477 1356 548 πρ³ς
1382 478 1777 544 redemtoan

176 558 345 629 σῶμα
368 559 459 612 καὶ
481 554 621 630 αἷμα
650 564 1016 633 μεταποιῆσαι
1035 582 1051 613 9
1079 565 1218 638 αὕτη
1247 568 1355 638 γὰρ
1375 570 1470 623 καὶ
1498 572 1554 624 ὲν
1582 574 1651 642 τῇ
1674 573 1777 644 μή-

177 668 291 721 τρᾳ
318 650 415 722 τῆς
441 652 718 725 Παρθένου
738 655 838 728 τὴν
855 656 1123 734 θεοφόρον
1144 661 1362 731 ἐκείνην
1406 666 1777 734 συνεστήσατο

180 743 389 815 σάρκα,
422 748 563 800 κατὰ
611 748 672 801 τὸ
701 733 994 821 εἰρημένον
1021 753 1159 824 πρὸς
1190 754 1361 827 αὐτὴν
1402 756 1508 809 ὑπὸ
1544 733 1640 810 τοῦ
1677 760 1776 826 ἀγ·
1831 752 1855 807 ,⁷

178 835 347 903 γέλου
375 852 391 869 ο
459 840 704 910 Πνεῦμα
754 841 928 914 ἄτιον
958 844 1357 908 ἐπελεύσεται
1393 848 1495 912 ἐπὶ
1541 849 1640 915 σὲ,
1675 850 1776 904 και

178 927 441 999 δύναμις
481 932 785 1000 ’Υψίστου
815 935 1162 999 ἐπισκιάσει
1196 956 1320 1005 σοι.
1353 941 1453 994 Διὰ
1483 940 1647 996 τοῦτο
1678 940 1774 995 καὶ

179 1020 212 1072 6
258 1019 431 1089 μέγας
484 1022 784 1093 Βασίλειος,
826 1026 964 1093 μετὰ
1018 1026 1079 1079 τὸ
1130 1030 1305 1082 εἰπεῖν
1353 1028 1422 1083 τὰ
1476 1030 1773 1083 δεσποτικὰ

186 1112 416 1182 ῥήματα
448 1114 870 1187 διηγηματικῶς
888 1119 978 1183 ,ὡς
1008 1119 1143 1191 παρ’
1177 1120 1345 1175 αὐτοῦ
1383 1123 1650 1194 εἰρημένα
1680 1124 1773 1184 ἐπὶ

179 1204 280 1257 τοῦ
313 1204 472 1272 ἁγίου
515 1206 767 1277 σώματος
796 1210 889 1277 καὶ
921 1210 1171 1282 αἵματος,
1206 1213 1476 1267 ἀντίτυπα
1514 1215 1670 1271 καλεῖ
1702 1215 1772 1281 τὰ

181 1298 550 1368 προκείμενα,
600 1299 761 1372 δῆλον
806 1302 882 1368 ὡς
924 1305 1094 1375 μήπω
1130 1305 1504 1377 τετελεσμένα
1533 1306 1621 1362 διὰ
1663 1309 1773 1370 τῶν

188 1387 460 1457 ῥημάτων
512 1391 762 1463 ἐκείνων,
796 1394 914 1448 ἀλλ’
950 1397 1031 1462 ἔτι
1073 1397 1247 1451 τύπον
1286 1386 1409 1460 τινὰ
1454 1392 1553 1468 καὶ
1587 1400 1772 1454 εἰκόνα

184 1482 449 1550 φέροντα.
492 1485 603 1540 Καὶ
659 1485 833 1552 οὕτως
875 1488 1038 1554 εὐθὺς
1072 1492 1269 1559 ἐφεξῆς
1320 1491 1383 1545 τὸ
1424 1491 1651 1563 Πνεῦμα
1710 1493 1771 1554 τὸ

184 1571 347 1640 ᾇγιον
375 1575 551 1631 ἐλθεῖν
575 1578 890 1651 ἐπεύχεται,
930 1581 1025 1635 καὶ
1048 1583 1323 1647 ἀναδεῖξαι
1357 1582 1450 1636 τὸν
1477 1587 1578 1655 μὶν
1608 1584 1772 1654 ἄρτον

184 1666 324 1720 αὐτὸ
357 1668 420 1721 τὺ
463 1668 645 1741 τίμιον
687 1671 869 1741 σῶμα,
910 1672 971 1727 τδ
1004 1673 1060 1728 δὲ
1090 1676 1375 1745 ποτήριον
1405 1675 1539 1729 αὐτὸ
1592 1675 1654 1739 τὸ
1685 1676 1770 1729 τί·
1805 1671 1846 1737 Β

190 1768 316 1834 μιδν
348 1753 510 1833 αἷμα.
555 1764 665 1817 Καὶ
711 1765 873 1819 τοῦτό
921 1783 985 1834 γε
1025 1767 1147 1820 λίαν
1197 1770 1463 1845 εἱιιότως’
1516 1768 1771 1839 καθάπερ

187 1854 302 1923 γὰρ
336 1853 430 1908 ἐπὶ
457 1857 557 1926 τῆς
595 1856 818 1927 πρώτης
840 1860 1055 1931 ἐκείνης
1082 1843 1448 1931 δημιουργίας
1478 1860 1642 1914 ἔλαϐε
1672 1861 1772 1931 μὲν

186 1947 223 2015 ἡ
254 1946 327 2016 γῆ
361 1947 457 2021 τὴν
488 1953 583 2008 τοῦ
632 1950 955 2021 βλαστάνειν
998 1953 1068 2008 τὰ
1096 1954 1155 2019 ἐξ
1198 1955 1373 2026 αὐτῆς
1418 1953 1654 2025 δύναμιν
1685 1954 1774 2019 διὰ

188 2040 289 2095 τοῦ
320 2043 464 2096 θείου
502 2046 953 2115 προστάγματος,
986 2047 1083 2101 καὶ
1112 2048 1173 2101 τὸ
1202 2050 1539 2121 πρόσταγμα
1571 2052 1771 2117 ἐκεῖνο,

188 2133 338 2189 καθοὶ
384 2153 552 2208 φησιν
589 2140 619 2191 6
670 2141 835 2204 αὐτὸς
885 2133 1232 2208 διδάσκαλος,
1290 2124 1661 2213 ἐναπομεῖναν
1705 2146 1772 2217 τῇ

188 2231 287 2302 γῇ,
321 2228 421 2300 τὴν
451 2228 547 2283 τοῦ
598 2229 923 2301 βλαστάνειν
968 2235 1103 2304 αὐτῇ
1158 2235 1426 2303 διηνεκῶς
1473 2236 1775 2307 παρέχεται

187 2323 426 2395 δύναμιν
449 2340 464 2357 ο
497 2324 659 2393 χρεία
687 2324 745 2378 δὲ
783 2326 934 2399 ὅμως
981 2326 1074 2380 καὶ
1107 2327 1388 2398 ἡμετέρας
1427 2329 1771 2398 ἐπιμελείας,

190 2416 290 2471 καὶ
311 2417 637 2488 γεωργικῶν
671 2404 874 2489 χειρῶν
892 2420 985 2490 είς
1012 2423 1070 2473 τὸ
1112 2419 1515 2492 τελεσιουργεῖν
1545 2421 1615 2476 τὰ
1641 2421 1775 2490 φυό-

193 2526 337 2581 μενα
360 2526 374 2541 '
408 2509 500 2563 τὸν
544 2509 709 2575 αὑτὸν
758 2511 961 2579 τρόπον
992 2512 1086 2565 καὶ
1136 2513 1165 2566 6
1200 2512 1377 2581 λόγος
1410 2512 1592 2579 οὗτος,
1628 2513 1777 2580 ἅπαξ

193 2600 384 2672 ῥηθεὶς
411 2601 517 2655 ὑπὸ
548 2601 642 2654 τοῦ
672 2601 949 2673 Σωτῆρος,
982 2603 1057 2667 ὡς
1086 2604 1180 2659 καὶ
1212 2607 1240 2657 6
1279 2606 1421 2667 θεῖός
1463 2622 1600 2675 φησι
1630 2587 1779 2675 Χρυξ

192 2694 487 2763 σόστομος,
528 2694 617 2751 διὰ
669 2698 870 2760 παντὸς
916 2697 1169 2767 ἐνεργεῖ⁹
1222 2701 1479 2768 συνεργεῖ
1528 2699 1587 2753 δὲ
1627 2701 1777 2767 ὅμως

189 2788 290 2843 καὶ
321 2788 477 2861 ήτῆς
514 2787 666 2849 θείας
715 2787 1020 2860 ἱερωσύνης
1059 2790 1293 2861 δύναμις
1342 2791 1430 2845 διὰ
1467 2792 1568 2861 τῆς
1608 2792 1776 2866 εὐχῆς

190 2883 414 2949 καὶτῆς
444 2881 697 2950 εὐλογίας
730 2884 810 2945 εἱς
842 2882 944 2954 τὴν
984 2884 1093 2938 τῶν
1124 2885 1510 2955 προκειμένων
1555 2884 1777 2938 τελείω-

1882 399 1952 455 eti
1985 400 2223 470 Spiritus
2242 405 2475 473 gratiam
2502 407 2777 475 invocant,
2842 422 2901 467 ut
2942 426 3017 473 ea
3080 414 3456 480 accedens,“

1878 504 2003 560 quae
2023 501 2136 547 tum
2160 494 2304 549 dicta
2324 508 2472 559 sunt.
2508 500 2677 556 rebus
2730 504 3095 571 pmseutihus
3146 520 3460 563 accommo-

1878 577 1989 644 det,
2011 587 2065 635 et
2090 585 2368 652 preposita
2396 586 2540 646 dona
2596 590 2862 658 perﬁciat,
2907 594 3073 664 inque
3110 595 3456 653 Dominicum

1877 686 2074 742 corpus
2104 683 2159 730 et
2207 680 2530 746 sanguinem
2594 686 2901 747 convertat.
2934 687 3055 757 ipsa
3105 688 3250 754 enim
3293 696 3347 745 et
3403 688 3457 742 itt

1879 775 2036 824 utero
2122 769 2364 840 Virginis
2430 774 2691 833 deiferam
2759 777 2906 835 illam
2980 781 3287 849 procreavit
3338 794 3460 835 car-

1879 861 2201 932 nem.juxta
2224 866 2390 933 illud,
2417 869 2561 938 quod
2587 871 2637 925 ei
2699 872 2767 927 ab
2831 874 3026 943 angelo
3078 873 3285 928 dictum
3321 882 3450 930 est:

1881 975 1902 1010 ι
1928 958 2172 1027 Spiritus
2224 972 2449 1018 sanctus
2478 966 2826 1031 superveniet
2880 968 2931 1022 in
2965 978 3042 1032 te,
3086 976 3141 1024 et
3166 968 3341 1022 virtus
3366 967 3460 1022 Al-

1878 1050 2073 1107 tissimi
2104 1053 2453 1110 obumbrabit
2478 1057 2601 1112 tibi.
2631 1052 2665 1111 ›“
2690 1058 2893 1115 Idcirco
2952 1068 3007 1115 et
3042 1076 3273 1128 magnus
3298 1059 3459 1115 Basi-

1875 1143 2011 1208 lius;
2059 1154 2181 1215 post
2234 1148 2458 1203 recitata
2496 1151 2709 1205 Domini
2788 1154 2972 1221 verba,
3023 1162 3084 1207 ut
3144 1169 3185 1215 a_
3224 1168 3283 1208 se
3313 1152 3459 1209 dicta

1875 1252 2039 1306 super
2066 1240 2258 1293 sancto
2301 1254 2535 1311 corpore
2566 1250 2622 1298 et
2665 1223 2953 1312 sanguine,
2986 1245 3232 1315 antitypa
3302 1254 3461 1301 vocat

1875 1331 2154 1399 preposita
2184 1332 2349 1395 dona.
2401 1333 2661 1389 nimirum
2709 1336 2866 1405 quasi
2920 1336 3162 1391 nondum
3215 1336 3461 1407 perfecta

1874 1437 1971 1492 per
2035 1435 2099 1477 ea
2178 1422 2370 1490 verba,
2462 1440 2650 1480 verum
2736 1427 2915 1481 adhuc
3008 1435 3197 1497 typum
3267 1441 3463 1495 quem-

1875 1513 2000 1569 dam
2034 1525 2088 1571 et
2119 1515 2410 1587 imaginem
2446 1516 2697 1581 ferentia.
2727 1516 2916 1586 ltaque
2946 1518 3209 1588 deinceps
3270 1520 3459 1573 statim

1878 1605 2118 1676 Spiritus
2159 1616 2384 1663 sanctus
2415 1609 2669 1664 adveniat
2700 1621 2977 1679 precatur,
3040 1606 3317 1679 faciatque
3361 1625 3460 1680 pa-

1876 1715 1999 1758 nem
2042 1701 2266 1771 quidem
2330 1702 2512 1772 ipsum
2581 1703 2881 1772 pretiosum
2944 1716 3164 1774 corpus,
3227 1702 3455 1760 calicem

1875 1802 2057 1848 autem
2120 1793 2305 1863 ipsum
2368 1794 2677 1864 pretiosum
2731 1794 3074 1865 sanguinem.
3100 1794 3269 1862 quue
3313 1804 3461 1850 certe

1870 1885 1995 1955 jure
2026 1888 2233 1953 Optimo
2265 1887 2278 1939 :'
2306 1900 2439 1951 nam
2463 1884 3052 1954 quemadmadmodum
3086 1885 3139 1940 in
3167 1886 3254 1941 illa
3286 1886 3459 1955 prima

1875 1977 2069 2033 mundi
2096 1977 2473 2046 fabricatione,
2520 1988 2660 2034 terra
2696 1978 3060 2049 germinandi,
3101 1980 3233 2048 “qua:
3284 1978 3354 2033 ab
3393 1994 3460 2034 ea

1876 2079 2181 2128 nascuntur
2225 2072 2332 2125 vim
2370 2079 2424 2125 et
2447 2069 2755 2139 potentiam
2787 2084 2884 2140 per
2914 2068 3157 2123 divinum
3216 2068 3462 2122 manda-

1878 2174 1992 2220 tum
2024 2164 2256 2234 accepit,
2317 2163 2483 2232 idque
2506 2164 2847 2224 mandatum,
2899 2159 3359 2231 quemadmodum
3385 2160 3463 2215 ait

1878 2260 2021 2313 idem
2063 2257 2278 2318 doctor,
2330 2254 2385 2308 in
2418 2254 2536 2324 ipsa
2569 2262 2713 2309 terra
2744 2268 3073 2322 permanens
3105 2252 3358 2317 insitum,
3411 2252 3462 2308 ei

1880 2350 1988 2405 vim
2018 2346 2367 2420 get-minandi
2414 2356 2677 2416 perpetuo
2717 2345 2919 2415 praebet
2952 2362 2967 2398 :
2996 2359 3133 2414 opus
3161 2352 3245 2400 est
3279 2353 3460 2399 tamen

1878 2450 1934 2497 et
1954 2450 2143 2496 nostra
2173 2454 2332 2503 cura,
2384 2437 2751 2507 agricolarum
2786 2436 3039 2503 manibus
3082 2434 3148 2490 ad
3181 2450 3244 2490 ea
3299 2435 3463 2504 perii-

1879 2536 2068 2590 cienda
2096 2548 2216 2602 quae
2247 2532 2545 2604 producit:
2593 2529 2785 2587 eodem
2832 2527 2995 2583 modo
3025 2538 3081 2583 et
3130 2542 3313 2582 sermo
3360 2528 3464 2584 iste

1879 2628 2047 2685 semel
2088 2627 2269 2683 editus
2309 2641 2339 2680 a
2376 2622 2688 2688 Servatore,
2725 2632 2783 2677 ut
2827 2621 2903 2677 ait
2944 2620 3104 2676 divus
3133 2619 3453 2689 Chrysosto-

1880 2735 2026 2785 ntus,
2058 2734 2274 2789 semper
2317 2726 2579 2788 operatur
2611 2716 2879 2783 :adiuvat
2949 2721 3132 2768 tamen
3182 2720 3240 2767 et
3291 2711 3460 2766 divini

1882 2812 2177 2870 sacerdotii
2219 2810 2455 2867 facultas
2503 2807 2880 2865 intercedente
2911 2806 3163 2862 oratione
3190 2820 3253 2860 ac
3289 2805 3461 2860 bene-

1881 2906 2140 2972 dictione,
2163 2904 2229 2961 ad
2265 2904 2668 2975 propositorum
2704 2900 3123 2971 perfectionem.
3160 2900 3284 2969 ipsa
3313 2898 3461 2954 enim

192 2993 283 3030 σιν
300 2991 314 3007 ⁸
335 2976 476 3049 αὕτη
498 2975 606 3047 γὰρ
628 2977 722 3030 καὶ
746 2976 806 3030 τὸ
829 2976 923 3031 τοῦ
949 2976 1326 3049 βαπτίσματος
1346 2977 1490 3049 ὕδωρ
1516 2978 1576 3032 ὃν
1591 2978 1779 3041 ἁπλῶς

1885 3007 1938 3055 et
1969 2997 2312 3068 baptismatis
2337 3010 2557 3066 aquam,
2621 3011 2741 3066 qme
2766 2986 2921 3065 aqua
2968 2992 3295 3063 simpliciter
3320 2997 3462 3053 erat,

189 3075 260 3130 ἐκ
310 3073 407 3128 τοῦ
471 3074 800 3146 φαινομένου
850 3074 1043 3163 έπάσης
1102 3074 1380 3146 ἁμαρτίας
1444 3073 1778 3145 καθαρτικὸν

188 3167 592 3239 ἀπεργάζεται,
625 3166 719 3220 τοῦ
754 3165 902 3220 θείου
939 3164 1258 3237 Πνεύματος
1293 3166 1627 3237 ἀθεωρήτως
1655 3185 1779 3220 συν-

188 3264 482 3333 ⁸τρέχοντος
507 3278 522 3293 ⁸
556 3262 697 3333 αῦτη
724 3261 819 3327 καὶ
844 3261 905 3315 τὸ
938 3261 1148 3332 χρίσμα
1191 3262 1285 3329 τοῦ
1323 3260 1498 3333 μύρου
1527 3260 1623 3313 καὶ
1650 3260 1780 3323 τοὺς

194 3356 367 3427 ἱερεῖς
396 3355 598 3420 αὐτοὺς
629 3355 724 3409 καὶ
752 3353 925 3408 τᾶλλα
969 3354 1150 3422 πάντα
1178 3354 1279 3423 τῆς
1318 3351 1645 3425 Ἐκκλησίας
1678 3368 1782 3419 μυ-

194 3451 399 3521 στήρια
444 3448 816 3519 τελεσιουργεῖ
869 3446 958 3500 διὰ
998 3447 1098 3516 τῆς
1151 3445 1249 3499 τοῦ
1289 3444 1567 3513 παναγὶου
1607 3444 1780 3497 Ilvati-

194 3561 371 3614 ματος
418 3544 667 3614 χάριτος.
718 3540 793 3595 Οὐ
826 3541 1007 3593 τοίνυν
1036 3541 1124 3610 ’τῇ
1159 3538 1408 3610 ἡμετέρᾳ
1464 3538 1597 3608 εὐχῇ
1648 3536 1783 3608 θαρ-

197 3638 460 3709 ροῦντες,
521 3636 644 3691 οὐδὲ
696 3633 807 3689 τῶν
861 3632 1127 3705 ῥημάτων
1185 3629 1412 3691 ἐκείνων
1476 3626 1782 3698 ἀδυναμίαν

187 3728 750 3799 καταγινώσκοντες,
796 3724 1147 3803 ξπευχόμεθα
1202 3723 1315 3786 τοῖς
1369 3712 1779 3793 προκειμένοις,

190 3826 295 3881 καὶ
325 3822 497 3887 οῦτως
548 3820 692 3875 αὐτὰ
724 3808 1071 3873 τελειοῦσθαι
1121 3812 1478 3883 πιστεύομεν,
1508 3812 1647 3865 ἀλλὰ
1691 3812 1783 3865 καὶ

190 3920 265 3974 τὰ
297 3918 527 3989 ῥήμαιτα
567 3913 665 3984 τὴν
698 3912 910 3979 οἱκείαν
943 3908 1144 3975 σώζειν
1180 3905 1564 3976 ὁμολογοῦμεν
1600 3905 1795 3973 ἱσχὺνῖ

192 4014 294 4070 καὶ
334 4014 435 4081 τὴν
464 4011 565 4080 τῆς
594 4007 746 4069 θείας
784 4005 1088 4076 ἱερωσύνης
1109 4003 1496 4072 ἐπιδείκνυμεν
1525 4001 1780 4072 δύναμιν,

190 4105 560 4177 τελειωτικὴν
600 4102 767 4163 οὖσαν
804 4100 1009 4164 παντὸς
1061 4096 1368 4170 μυστηρίου
1396 4100 1461 4167 τῇ
1491 4096 1784 4165 ἐπικλήσει

190 4201 297 4258 ⁴τοῦ
324 4201 391 4256 δι’
433 4199 607 4268 αὑτῆς
642 4181 998 4266 ἐνεργοῦντος
1036 4194 1193 4261 ἁγίου
1250 4192 1567 4261 Πνεύμστος
1590 4206 1605 4221 ο
1642 4187 1785 4241 οὕτω

192 4293 310 4363 γὰρ
342 4291 437 4345 καὶ
484 4292 512 4342 6
539 4291 683 4352 θεῖος
716 4286 1107 4359 Χρυσόστομος
1136 4282 1293 4349 αὖθις
1338 4285 1397 4337 ἐν
1429 4282 1507 4351 τῷ
1539 4280 1675 4350 Περὶ
1706 4281 1787 4334 ἱε-

1883 3107 1982 3161 pro
2032 3106 2099 3144 eo
2172 3090 2315 3160 quod
2386 3090 2702 3160 apparebat,
2776 3085 3022 3150 omnium
3112 3091 3465 3153 peccatorum

1881 3183 2236 3253 expiatricem
2272 3171 2420 3245 facit,
2460 3182 2665 3235 .divino
2694 3180 2907 3248 Spiritu
2948 3176 3300 3232 invisibiliter
3328 3190 3467 3228 con-

1881 3284 2159 3333 currente.
2191 3274 2317 3330 llaec
2340 3284 2395 3329 et
2434 3274 2677 3328 chrisma
2713 3288 2822 3342 quo
2859 3272 3139 3346 ungituur,
3191 3278 3243 3322 et
3285 3281 3469 3323 sacer-

1882 3369 2035 3424 dotes
2065 3368 2235 3437 ipsos,
2261 3375 2313 3421 et
2335 3366 2440 3421 alia
2474 3366 2657 3422 omnia
2685 3363 2939 3423 Ecclesiae
3000 3359 3262 3433 mysteria
3298 3373 3461 3429 pera-

1884 3462 1981 3532 git,
2008 3468 2128 3530 per
2161 3459 2507 3516 sacrosancti
2540 3458 2780 3527 Spiritus
2842 3456 3097 3525 gratiam.
3159 3440 3325 3521 Atqui
3359 3466 3467 3505 non

1883 3551 2116 3608 orationi
2142 3565 2306 3618 quam
2346 3549 2627 3603 fundimus
2662 3547 3021 3609 confidentes,
3064 3559 3246 3614 neque
3286 3544 3471 3608 verbis

1883 3646 1993 3703 illis
2022 3655 2084 3700 ut
2128 3641 2939 3714 impotentibus'detrahentes.
2973 3638 3272 3707 propositis
3304 3636 3471 3693 donis

1884 3736 2271 3805 adprecatnur,
2304 3731 2633 3801 itaqueipsa
2688 3728 2884 3783 confici
2925 3727 3227 3789 credimus,
3291 3727 3383 3780 sed
3420 3737 3475 3780 et

1885 3827 2049 3891 verba
2082 3827 2198 3896 ipsa
2241 3823 2525 3893 proprium
2586 3821 2825 3875 retinere
2867 3820 3036 3873 rohur
3066 3817 3364 3881 credimus,
3421 3826 3476 3872 ct

1856 3970 1859 3971 ν
1885 3919 2055 3977 divini
2086 3914 2379 3973 sacerdotii
2414 3911 2728 3968 facultatem
2754 3911 2979 3980 insuper
2998 3910 3471 3974 demonstrantus,

1884 4005 2344 4079 quaeconiiciendi
2390 4004 2559 4059 totius
2620 4001 2864 4070 mysterii
2918 4015 3014 4069 per
3069 3998 3473 4054 invocationem

1886 4084 2122 4170 Spiritus
2197 4096 2369 4153 sancti
2429 4110 2522 4165 per
2560 4108 2693 4158 eam
2755 4093 3033 4164 Operautis
3086 4092 3197 4145 vim
3252 4090 3475 4145 habeat.

1889 4192 1979 4248 Sic
2018 4190 2168 4246 enim
2228 4197 2282 4243 et
2337 4187 2496 4252 divus
2548 4187 2978 4256 Chrysostomus
3051 4184 3277 4253 pariter,
3336 4183 3478 4238 libro

1892 4285 1966 4339 De
1997 4282 2325 4346 Sacerdotio,
2369 4283 2472 4338 hac
2500 4283 2621 4352 ipsa
2652 4282 2718 4335 de
2764 4295 2824 4334 re
2850 4279 2976 4340 talia
3017 4278 3234 4348 inquit:
3274 4296 3293 4330 ι
3321 4279 3478 4333 Astat

188 4385 483 4455 ρωσύγης
522 4382 693 4454 τρίτῳ
736 4381 866 4452 περὶ
902 4378 1072 4447 αὐτοῦ
1118 4376 1310 4432 τούτου
1348 4376 1530 4431 τοιάδε
1574 4363 1740 4445 φησίν
1767 4391 1781 4407 ο

1892 4377 2172 4444 sacerdos,
2204 4390 2313 4432 non
2334 4376 2515 4445 ignem
2548 4373 2864 4436 demittvns,
2893 4370 2989 4425 sed
3033 4368 3297 4439 Spiritum
3355 4385 3479 4428 san-

85 4490 97 4496 ’
202 4500 223 4533 ι
271 4480 547 4546 Ἐστηκεν
597 4478 625 4529 6
667 4474 870 4545 ἱερεὺς,
908 4473 967 4526 οὑ
1001 4472 1115 4543 πῦρ
1154 4472 1506 4542 καταφέρων,
1543 4469 1684 4522 ἀλλὰ
1730 4468 1790 4521 τὸ

196 4570 430 4642 Πνεῦμα
457 4572 515 4622 τδ
548 4570 724 4638 ἅγιον,
756 4568 850 4622 καὶ
879 4567 981 4638 τὴν
1013 4565 1299 4635 ἱκετηρίαν
1333 4565 1563 4617 ἐπιπολὺ
1619 4564 1792 4616 ποιεῖ-

193 4682 315 4727 ται,
366 4663 465 4732 οὐχ
505 4662 590 4713 ἵνα
612 4677 691 4722 τις
720 4658 969 4728 λαμπὰς,
1021 4655 1231 4708 ἄνωθεν
1266 4656 1520 4722 ἁφθεῖσα,
1560 4669 1796 4705 κατανα-

197 4760 360 4829 λώσῃ
410 4756 478 4809 τὰ
514 4752 875 4825 προκείμενα,
921 4748 1035 4803 ἀλλ’
1066 4747 1197 4818 ἴν’ή
1246 4742 1795 4816 χάρις,ἐπιπεσοῦσα

195 4853 269 4922 τῇ
300 4846 481 4919 θυσίᾳ,
509 4846 574 4900 δι’
607 4844 819 4913 ἐκείνης
843 4842 939 4906 τὰς
968 4842 1223 4895 ἁπάντων
1258 4840 1437 4910 ἀνάψῃ
1465 4837 1663 4909 ψυχὰς,
1700 4837 1796 4891 καὶ

197 4944 476 5020 ἀργυρίου
498 4941 894 5013 λαμπροτέρας
916 4936 1174 5006 ἀποδείξῃ
1200 4934 1629 5004 πεπυρωμένου.
1650 4930 1794 4997 Ἀλλ’

197 5040 321 5097 οὐδ’
345 5037 681 5110 ἀμφιΰολὶαν
716 5036 836 5089 τινὰ
873 5034 964 5088 καὶ
992 5030 1215 5100 ἀδηλίαν
1264 5028 1597 5100 εὐχομένους
1647 5027 1795 5098 ἡμᾶς

200 5116 541 5189 ὑποπτεύειν
573 5129 774 5199 χρεὼν,
804 5125 970 5187 αὐτοῦ
1004 5123 1097 5178 τοῦ
1126 5121 1449 5191 θειουμένου
1487 5121 1583 5173 καὶ
1623 5136 1795 5191 μετα-

198 5224 624 5298 λαμϐανοςιένου
665 5223 939 5276 Δεσπότου
991 5216 1350 5279 κελεύσαντος
1402 5214 1563 5284 τοῦτο
1616 5213 1793 5266 ποιεῖν

201 5321 379 5392 ἡμᾶς’
437 5316 626 5373 Τοῦτο
680 5316 811 5384 γὰρ,
864 5313 1018 5381 φησὶ,
1066 5308 1289 5364 ποιεῖτε
1342 5311 1430 5374 είς
1478 5306 1594 5377 τὴν
1643 5305 1798 5377 ἐμὴν

201 5411 602 5482 ardua-nota"
650 5410 747 5462 καὶ
794 5406 1267 5475 ἐπαγγειλαμένου
1318 5402 1516 5456 δώσειν
1568 5399 1796 5467 Πνεῦμα

205 5511 371 5576 ἅγιον
416 5508 530 5569 τοῖς
577 5503 821 5559 αἰτοῦσιν
868 5502 1000 5556 αὐτὸ
1055 5501 1247 5564 ᾆπασι,
1299 5497 1429 5567 μήτι
1460 5513 1524 5562 γε
1565 5494 1793 5564 ἱερεῦσι,

209 5604 312 5659 καὶ
348 5600 555 5671 σφόδρα
583 5615 648 5667 γε
693 5597 1020 5669 βουλομένου
1051 5593 1209 5647 τοῦτο
1238 5591 1361 5645 καθ’
1406 5589 1651 5658 ἑκάστην,
1680 5589 1797 5640 ἐπι-

210 5697 490 5755 τελεῖσθαι
522 5694 653 5760 παρ’
684 5692 865 5765 ἡμῶν,
918 5691 991 5755 ὡς
1023 5691 1111 5745 διὰ
1143 5683 1532 5754 πάντων,ὲξῆς
1562 5680 1793 5753 ἀναφαί-

1893 4482 2039 4527 ctum
2069 4486 2084 4524 :
2139 4485 2202 4525 ac
2256 4468 2484 4538 supplex
2512 4467 2602 4521 diu
2633 4475 2911 4535 precatur,
2955 4477 3060 4517 non
3094 4472 3151 4516 ut
3185 4461 3365 4531 aliqua
3394 4461 3479 4516 fax

1895 4562 2130 4632 desuper
2182 4574 2413 4614 accensa
2441 4566 2733 4613 consumat
2776 4555 3052 4624 proposita
3081 4548 3253 4618 ilona,
3286 4552 3380 4607 sed
3424 4561 3480 4606 ut

1894 4657 2065 4728 gratia
2107 4656 2159 4709 in
2190 4654 2423 4707 hostiam
2480 4652 2725 4720 delapsa.
2780 4664 2878 4717 per
2920 4663 3039 4701 eam
3099 4646 3479 4699 universorum

1895 4749 2111 4815 animas
2152 4745 2437 4808 accendat,
2489 4752 2543 4807 et
2598 4751 2823 4811 argento
2858 4739 3029 4810 ignito
3077 4736 3480 4808 splendidiores

1894 4840 2108 4898 eﬂiciat.
2130 4839 2235 4895 Sed
2261 4851 2439 4906 neque
2463 4836 2731 4894 haesitatio
2755 4833 2859 4889 ulla
2882 4848 2945 4888 ac
2964 4831 3295 4893 incertitudo
3320 4829 3480 4883 nobis

1880 4932 2247 5005 precantibus
2280 4928 2624 4997 suapicanda
2654 4934 2757 4991 est,
2777 4941 2899 4981 cum
2926 4926 2973 4979 is
2999 4924 3090 4994 qui
3122 4922 3406 4992 deificatur
3430 4930 3480 4976 et

1896 5023 2249 5097 participatur
2273 5020 2537 5075 Dominus
2569 5021 2672 5074 hoc
2709 5034 2806 5073 nos
2845 5016 3028 5072 facere
3052 5014 3277 5087 jusserit
3312 5030 3327 5080 ;
3369 5012 3480 5068 Hoc

1896 5115 2463 5185 enim,,inquit,facite
2496 5115 2550 5167 in
2597 5127 2769 5165 meam
2819 5108 3481 5170 rommemorationem;ct

1899 5212 2210 5291 promiserit
2238 5226 2298 5264 se
2323 5202 2580 5264 daturum
2637 5205 2906 5279 Spiritum
2935 5213 3185 5272 sanctum
3216 5200 3479 5265 omnibus

1902 5305 1994 5375 qui
2021 5304 2277 5375 petierint
2308 5319 2455 5370 eum,
2498 5302 2697 5358 nedum
2754 5298 3131 5356 sacerdotibus
3179 5312 3193 5351 :
3240 5294 3482 5363 velitque

1901 5400 2005 5465 huc
2034 5396 2263 5466 singulis
2302 5396 2492 5451 diebus
2518 5390 2712 5450 confici
2773 5408 2807 5449 ο
2876 5391 3056 5456 nobis,
3108 5399 3167 5443 ut
3216 5387 3480 5455 deinceps

1900 5508 1995 5564 per
2019 5491 2201 5547 omnia
2223 5498 2581 5545 monstratur.
2614 5487 2770 5544 Tune
2810 5486 2970 5542 etiam
3002 5481 3255 5547 fortassis
3286 5496 3349 5535 ex
3379 5480 3482 5545 hoc

1900 5587 2166 5657 baptisma
2195 5601 2409 5656 quoque
2456 5592 2771 5654 suspectum
2803 5581 3027 5645 habeas,
3052 5576 3196 5648 quod
3220 5573 3480 5645 precibus

1850 5690 1854 5696 ‘
1900 5680 2102 5744 pariter
2133 5685 2296 5755 atque
2331 5675 2772 5733 invocationibus
2801 5670 3114 5738 conﬁcitur,
3149 5676 3203 5725 et
3223 5675 3479 5741 poet-aluo
