3974 6334
460 290 467 299 ’
513 334 649 401 ll61

1983 351 2364 417 ADDENDA.

3613 344 3754 408 1168

505 461 593 510 est
609 460 826 524 tempus
853 454 1041 510 mediae
1073 454 1265 512 noctis.
1289 453 1444 511 Tunc
1466 456 1611 510 enim
1634 471 1664 512 e
1691 470 1882 513 somno
1903 457 2071 528 evigi-

2185 462 2348 531 ευχῶν
2379 461 2407 515 ὁ
2435 460 2528 514 τοῦ
2567 461 2927 530 μεσονυκτίου
2961 462 3171 532 καιρός.
3210 461 3302 516 Ἐν
3340 459 3493 529 αὖτῷ
3521 460 3632 530 γὰρ
3664 454 3760 512 τοῦ

510 546 683 600 tantes
705 555 758 599 et
781 546 920 600 hanc
943 546 1009 600 de
1036 547 1274 604 tenebris
1305 548 1509 605 erroris
1530 549 1596 604 ad
1619 550 1842 606 liberam
1875 567 2072 606 secun-

471 631 480 636 ’
505 636 632 690 dum
649 635 924 692 Christum
947 636 1325 710 lucentemque
1339 639 1501 695 vitam
1517 641 1926 698 conversionem
1949 642 2074 696 sub-

506 727 837 789 indicamus,
873 741 938 782 ex
967 743 1070 795 qua
1107 727 1216 784 Deo
1242 732 1449 787 servire
1479 734 1779 805 incepimus
1802 752 1816 788 ι
1838 733 2073 804 Populus

499 819 660 883 enim,
696 817 799 881 ait,
830 821 1011 874 sedens
1045 820 1318 878 in‘umbra
1351 826 1481 880 vidit
1526 827 1690 882 lucem
1727 843 1970 894 magnam
2006 828 2070 882 ".

503 911 636 965 Cum
657 911 803 965 enim
842 912 893 965 in
931 914 1109 970 medio
1140 915 1243 972 hac
1270 916 1434 989 hujus
1465 920 1587 976 vitae
1633 920 1802 978 ellusa
1837 922 2071 978 n0ctein

507 1002 771 1058 mundum
802 1006 1182 1077 peregrinatus
1216 1019 1306 1066 est
1335 1011 1589 1068 Salvator
1617 1022 1670 1066 et
1691 1027 1806 1067 una
1855 1012 2075 1086 (subin-

499 1093 769 1167 dicamus)
811 1098 960 1156 hunc
989 1101 1231 1158 futurum
1260 1105 1571 1172 adventum,
1614 1107 1832 1177 quando
1858 1104 2073 1161 anima-

503 1202 621 1243 rum
653 1204 896 1258 sponsus
928 1195 1104 1250 media
1143 1207 1301 1253 nocte
1331 1215 1515 1255 secum
1560 1201 1851 1270 prudentes
1903 1200 2076 1256 intro-

508 1282 719 1341 ducens
762 1286 814 1340 in
850 1289 1134 1358 impolluta
1162 1292 1433 1359 cubicula,
1469 1294 1560 1350 ubi
1606 1294 1742 1350 festa
1789 1295 2075 1351 celebran-

502 1373 637 1430 tium
664 1379 875 1434 clamor
901 1391 957 1438 et
981 1399 1081 1439 vox
1101 1384 1448 1454 jubilationis
1481 1402 1586 1443 non
1621 1387 1870 1444 habentis
1890 1387 2070 1443 ﬁnetu:

503 1466 694 1540 Surge.
719 1473 817 1536 ait,
852 1477 942 1544 qui
964 1477 1190 1544 dormis,
1215 1487 1263 1532 et
1295 1494 1517 1551 exsurge
1542 1497 1574 1534 α
1603 1481 1845 1549 mortuis,
1871 1490 1920 1554 et
1950 1479 2075 1535 illu-

501 1563 726 1617 minabit
762 1573 810 1620 te
850 1565 1095 1624 Christus
1135 1569 1200 1624 “.
1227 1570 1333 1625 Sed
1365 1572 1530 1626 etiam
1557 1572 1686 1628 hinc
1710 1573 1852 1629 diem
1890 1589 2076 1630 resur-

501 1656 786 1721 rectionis,
859 1667 913 1714 et
962 1660 1175 1717 dierum
1243 1665 1652 1730 solemniorem,
1726 1683 1835 1723 uno
1880 1668 2069 1735 verbo,

501 1761 714 1802 omnem
743 1748 883 1803 diem
928 1751 1241 1820 incipimus,
1271 1753 1569 1810 abundanti
1605 1755 1728 1826 igne
1758 1757 2074 1813 obscurita-

2181 550 2348 607 ὕπνου
2373 551 2800 623 ἐξεγειρόμενοι,
2823 555 2925 622 τήν
2950 569 3008 606 τε
3037 554 3099 607 ὲκ
3124 553 3219 606 τοῦ
3249 548 3476 615 σκότους
3503 554 3595 619 τῆς
3625 550 3770 604 stli-

2177 663 2275 717 νης
2309 646 2448 712 πρὸς
2472 645 2569 717 τὴν
2582 646 2738 700 ’κατὰ
2773 645 3010 715 Χριστδν
3037 645 3332 714 ἐλευθέραν
3365 646 3462 699 καὶ
3487 642 3759 712 φωτεινὴν

2177 738 2322 810 ζωὴν
2356 738 2730 810 ύποδηλοῦμεν
2766 738 3078 808 μετάθεσιν,
3115 737 3208 808 ἀφ’
3233 731 3302 809 ἦς
3351 735 3649 808 ἠρξάμεθα
3685 735 3761 805 τῷ

2176 812 2296 902 Θεῷ
2325 832 2633 902 λατρεύειν.
2676 835 2741 887 ’0
2776 833 2928 898 λαὸς
2957 832 3086 902 γὰρ,
3120 831 3310 902 φησιν,
3343 834 3376 886 ὁ
3415 829 3763 898 καθήμενος

2176 921 2246 978 ἐν
2272 925 2479 979 σκότει
2527 921 2651 980 εἶδε
2679 924 2800 995 φῶς
2841 923 3019 995 μέγα,
3060 922 3214 976 Ἐπεὶ
3248 923 3346 978 καὶ
3398 923 3455 975 ὲν
3495 921 3576 991 τῷ
3607 920 3761 989 μέσῳ

2176 1014 2270 1071 τοῦ
2305 1017 2421 1087 βίου
2466 1017 2564 1087 τῆς
2597 1017 2907 1088 κεχυμένης
2936 1017 3099 1086 τῆσδε
3125 1015 3320 1078 νυκτὸς
3350 1015 3708 1088 ἐπεδήμησεν
3736 1015 3763 1064 ὁ

2177 1115 2366 1184 Σωτὴρ
2425 1116 2504 1176 είς
2559 1115 2650 1167 τὸν
2710 1114 2933 1182 κόσμον,
2993 1109 3086 1164 καὶ
3129 1111 3248 1176 ἅμα
3293 1109 3395 1178 τὴν
3454 1107 3761 1194 μέλλουσαν

2179 1209 2398 1279 ἐκείνην
2426 1209 2899 1274 ἀποκατάστασιν,
2939 1204 3028 1259 ὅτε
3072 1204 3100 1256 ὁ
3151 1202 3260 1255 τῶν
3301 1200 3492 1270 ψυχῶν
3527 1198 3763 1268 νυμφίος

2179 1301 2462 1356 ἐλεύσεται
2519 1301 2692 1372 μέσης
2745 1290 2960 1362 νυκτὸς,
2997 1293 3413 1362 συνεισαγαγὼν
3446 1291 3633 1362 ἑαυτῷ
3664 1291 3769 1354 τὰς

2179 1392 2481 1462 φρονίμους
2512 1393 2594 1456 εἰς
2615 1391 2929 1461 ἀκηράτους
2961 1388 3267 1452 παστάδας,
3298 1390 3435 1442 ὅπου
3472 1385 3763 1457 ἑορταζόν·

2181 1503 2284 1540 των
2322 1479 2456 1554 ἦχος
2503 1485 2597 1551 καὶ
2639 1481 2793 1554 φωνὴ
2821 1479 3221 1548 ἀγαλλιάσεως,
3250 1481 3351 1534 οὐκ
3398 1479 3636 1549 ἐχούσης
3668 1477 3766 1528 πέ-

2181 1592 2302 1647 ρας,
2337 1578 2621 1645 Ἕγειραι,
2651 1573 2839 1643 φησὶν,
2865 1574 2899 1628 ὁ
2927 1570 3258 1637 καθεύδων,
3293 1569 3393 1624 καὶ
3423 1569 3668 1624 ἀνάστα
3697 1570 3767 1619 ἐκ

2177 1668 2296 1723 τῶν
2328 1666 2575 1736 νεκρῶν,
2598 1667 2697 1722 καί
2728 1665 3052 1736 ἐπιφαύσει
3085 1681 3185 1720 σοι
3206 1666 3240 1719 ὀ
3272 1664 3556 1732 Χρισίός.
3601 1661 3765 1716 Ἀλλὰ

2179 1761 2397 1829 καὶτῆς
2430 1759 2802 1829 ἀναστασίμου
2841 1759 2938 1812 καὶ
2966 1757 3165 1827 κυρίας
3209 1755 3315 1808 τῶν
3344 1753 3599 1826 ἡμερῶν,
3634 1770 3767 1805 ταυ-

504 1849 609 1892 tem
641 1842 819 1898 noctis
853 1842 1220 1902 illustrantes.
1263 1846 1331 1901 Et
1359 1849 1535 1904 adhuc
1564 1864 1700 1907 sane
1725 1865 1791 1906 ex
1826 1862 1998 1921 parte,
2019 1863 2075 1916 et

2185 1855 2270 1907 τὸν
2299 1853 2356 1908 δὲ
2399 1852 2594 1918 είπετν,
2639 1853 2857 1920 ἁπάσης
2889 1849 3103 1921 ἡμέρας
3151 1848 3403 1901 ἐντεῦθεν
3454 1844 3765 1917 ἀρχόμεθα,

501 1932 732 1988 minoris
759 1935 927 2002 partis
957 1937 1407 2007 temporis'divisi
1436 1942 1645 1999 scilicet
1669 1943 1940 2009 noctis,et
1963 1943 2071 2000 diei

506 2026 781 2080 manentis
807 2026 1195 2095 indivisi,hinc
1237 2032 1429 2087 merito
1464 2033 1788 2104 hymnorum
1823 2035 1873 2090 in
1907 2033 2073 2091 Deum
2111 2041 2113 2044 ‘

506 2114 724 2168 initium
763 2116 1071 2175 iaceremus
1104 2122 1244 2177 unde
1287 2123 1574 2196 vigilantes
1617 2142 1900 2182 manemus
1935 2143 2073 2196 qun-

506 2200 752 2272 adusque
790 2221 893 2260 nox
934 2210 1128 2263 iterum
1166 2213 1558 2281 superveniens
1580 2215 1646 2268 ad
1679 2216 1912 2284 quietem
1970 2233 2073 2271 nos

503 2307 746 2351 revocet.
791 2294 1129 2370 Exemplum
1180 2304 1424 2373 praebent
1484 2314 1537 2359 et
1599 2305 1767 2361 David
1832 2307 2072 2364 dicens:

502 2384 683 2441 Media
736 2401 884 2444 nocte
954 2394 1230 2463 surgebam
1284 2397 1356 2450 ad
1385 2397 1739 2466 conﬁtendum
1767 2400 1863 2454 tibi
1896 2401 1980 2466 ¹⁸;
2022 2408 2076 2454 et

500 2479 553 2533 in
573 2479 723 2536 Novo
749 2480 1100 2542 Testamento
1159 2487 1364 2545 Paulus
1406 2500 1461 2545 et
1511 2489 1652 2547 Silas
1687 2492 1862 2547 media
1917 2502 2077 2547 nocte

507 2574 723 2642 hymnis
750 2575 916 2630 Deum
952 2589 1200 2646 orantes,
1236 2580 1456 2651 quando
1492 2583 1712 2651 quidem
1750 2582 1954 2639 iactum
1991 2591 2078 2637 est

503 2667 635 2720 illud
696 2679 950 2740 ntagnnm
997 2672 1324 2728 miraculum
1356 2691 1463 2743 quo
1497 2674 1678 2730 soluta
1729 2685 1859 2732 sunt
1885 2690 2076 2742 eorum

508 2761 745 2826 vincula,
787 2771 842 2817 et
873 2764 940 2819 ad
968 2763 1128 2822 ﬁdem
1169 2780 1474 2838 conversus
1505 2780 1590 2823 est
1619 2777 1828 2825 custos.
1865 2767 1931 2824 Et
1962 2768 2078 2840 pri—

509 2867 655 2907 mum
688 2859 1113 2926 procumbentes
1161 2870 1242 2916 ter
1275 2861 1590 2927 adoramus,
1653 2861 1891 2918 demissa
1945 2877 2078 2919 voce

2182 1946 2396 2017 δαψιλεῖ
2429 1946 2506 2015 τῷ
2540 1946 2675 2014 πυρὶ
2715 1945 2776 1997 τὸ
2803 1943 2905 2013 τῆς
2929 1943 3123 2004 νυκτὸς
3160 1941 3410 1994 ελλεῖπον
3439 1937 3766 2004 καταφωτί-

2185 2040 2392 2104 ζοντες.
2425 2039 2538 2094 Καὶ
2569 2039 2704 2107 πρός
2749 2054 2814 2105 γε
2867 2035 2949 2089 ἐτι
3002 2034 3096 2088 τοῦ
3128 2035 3227 2103 μὲν
3267 2031 3512 2103 χείρονος
3560 2030 3769 2100 μέρους

2181 2131 2278 2187 τοῦ
2313 2133 2506 2203 χρόνου
2532 2130 2939 2201 διαιρουμένου,
2971 2126 3172 2199 δηλαδὴ
3205 2127 3303 2194 τῆς
3329 2124 3550 2188 νυκτὸς,
3575 2122 3678 2188 τῆς
3711 2121 3766 2173 es

2183 2224 2399 2296 ἡμέρας
2429 2221 2740 2292 ἀδιαιρέτου
2776 2219 3068 2290 μενούσης,
3113 2218 3341 2279 εἰκότως
3389 2214 3460 2268 ἂν
3512 2213 3769 2296 ivstitiae

2185 2313 2476 2384 ποιοίμεθα
2511 2311 2612 2382 τὴν
2642 2310 2819 2383 ἀρχὴν
2846 2310 2957 2364 τῶν
2993 2311 3129 2379 πρὸς
3162 2308 3296 2361 Θεὸν
3323 2308 3535 2374 ὓμνων,
3567 2303 3663 2372 ἀφ’
3705 2295 3768 2354 οῦ

2185 2408 2277 2460 καὶ
2307 2406 2711 2476 γρηγοροῦντες
2741 2403 3120 2472 διατελοῦμεν,
3150 2399 3260 2454 ἔστ’
3288 2399 3356 2453 ἂν
3382 2401 3414 2468 ἡ
3449 2396 3546 2461 νὺξ
3577 2397 3770 2447 ἐπιλα-

2187 2498 2360 2551 6οῦσα
2391 2497 2578 2563 πάλιν,
2607 2496 2688 2559 είς
2714 2496 2815 2563 τὴν
2837 2496 3149 2550 ἀνάπαυσιν
3179 2489 3552 2561 παραπέμψει.
3599 2488 3772 2540 ’Υπόο

2185 2591 2386 2662 δειγμα
2414 2591 2469 2650 δὲ
2501 2590 2528 2643 ὅ
2561 2605 2619 2643 τε
2651 2589 2817 2642 Δαὸὶδ
2845 2589 3040 2654 λέγων,
3085 2579 3505 2640 Μεσονύκῖιογ
3535 2582 3773 2648 ἐξηγει-

2179 2683 2375 2753 ρόμην
2405 2679 2513 2736 τοῦ
2537 2675 3034 2750 ἐξομολογεῖσθαί
3077 2693 3198 2732 σοι.
3228 2675 3338 2728 Καὶ
3375 2675 3432 2726 ἐν
3471 2675 3538 2744 τῇ
3591 2675 3772 2741 Καινῇ

2187 2775 2400 2840 Παῦλος
2439 2773 2532 2828 καὶ
2556 2773 2740 2837 Σίλας,
2769 2772 2819 2827 οἳ
2850 2772 2992 2826 κατὰ
3032 2770 3091 2825 τδ
3135 2769 3499 2841 μεσονύκτιον
3531 2782 3774 2836 προσευ-

2183 2868 2406 2942 χόμενοι
2435 2865 2641 2936 ὕμνουν
2668 2864 2761 2921 τὸν
2783 2865 2937 2930 Θεὸν,
2970 2865 3069 2919 ὅτε
3091 2863 3157 2932 δὴ
3179 2863 3273 2916 καλ⁵
3301 2861 3362 2914 τὸ
3390 2860 3537 2930 μέγα
3570 2859 3772 2962 γέγονε

503 2946 747 3004 dicentes
783 2951 895 3004 hare
927 2948 1204 3008 Publicani
1239 2952 1398 3008 verba
1427 2969 1442 3006 :
1474 2951 1634 3018 Deus,
1683 2955 1940 3022 prapitius
1967 2964 2076 3010 esto

2196 2963 2384 3036 θαῦμα
2408 2963 2510 3034 τῆς
2540 2960 2722 3016 αὐτῶν
2746 2959 2984 3023 ἀνέσεως
3016 2957 3123 3012 τῶν
3150 2955 3387 3025 δεσμῶν,
3419 2952 3643 3021 καὶτῆς
3673 2952 3771 3002 τοῦ

505 3039 634 3093 mi/n'
687 3045 993 3109 peccatori;
1025 3055 1078 3101 et
1115 3045 1272 3102 istius
1327 3047 1547 3104 modum
1609 3047 1804 3105 orandi
1833 3050 1915 3105 vel
1959 3051 2077 3118 ipso

2186 3055 2597 3125 δεσμοφύλακος
2661 3051 2743 3115 εις
2808 3051 2909 3120 τὴν
2975 3048 3161 3103 πίστιν
3229 3041 3594 3117 επιστροφῆς.
3663 3045 3773 3097 Καὶ

509 3135 692 3189 habitu
758 3137 1089 3195 imitantes:
1157 3140 1408 3207 (Volebat,
1462 3143 1631 3210 enim,
1667 3143 1747 3199 ait
1804 3144 2075 3211 Christus,

2190 3147 2386 3217 πρῶτα
2419 3130 2518 3215 μὲν
2550 3144 2952 3206 ὑποπίπτοντες
2990 3143 3084 3195 ἐπὶ
3121 3143 3274 3212 τρεῖς
3318 3136 3772 3208 προσκυνοῦμν,

503 3221 584 3276 uel
631 3229 810 3277 orutos
853 3226 923 3279 ad
972 3227 1158 3282 talum
1209 3228 1383 3285 levare
1416 3232 1480 3286 ιθ.
1520 3231 1717 3289 Postea
1781 3234 2074 3292 inclinatos

2185 3238 2657 3309 ὑποφθεγγὸμενοι
2700 3236 2800 3300 τὰς
2843 3235 3143 3297 τελωνικὰς
3196 3233 3412 3294 ὲκείνας
3457 3229 3666 3299 φωνάς·
3707 3229 3774 3291 Ὀ

504 3317 700 3368 iterum
741 3332 963 3388 surgere
993 3320 1330 3390 signiﬁcaret
1358 3324 1665 3379 animarum
1714 3326 1768 3381 in
1832 3326 1932 3382 hac
1965 3327 2077 3383 vita

2185 3334 2353 3400 Θεὸς,
2383 3331 2669 3397 ἱλάσθητί
2692 3347 2793 3400 μοι
2817 3327 2896 3394 τῷ
2923 3327 3272 3398 ἁμαρτωλῷ,
3303 3323 3642 3394 μιμούμενοι
3666 3322 3772 3374 κᾶν

504 3411 948 3467 (εμιιειίιυιίυιιριη
997 3414 1051 3469 in
1081 3415 1304 3470 modum
1353 3418 1542 3488 Euripi
1578 3419 1861 3476 reﬂuentis
1899 3423 2076 3478 etite-

2185 3423 2260 3493 τῷ
2291 3423 2535 3494 σχήματι
2556 3420 2656 3486 τῆς
2695 3418 3005 3489 προσευχῆς
3027 3419 3235 3471 ἐκείνου
3254 3415 3348 3469 τὸν
3374 3414 3610 3484 τρόπον·
3649 3415 3773 3465 Οὐκ

504 3516 623 3556 rum
648 3503 965 3574 proﬂuentis
989 3509 1128 3576 quod
1155 3525 1261 3565 non
1281 3519 1497 3581 oportet
1521 3513 1575 3568 in
1601 3502 1808 3569 malitia
1831 3513 2078 3581 iacentes

2185 3517 2366 3586 ἤθελε
2400 3515 2530 3584 γὰρ,
2568 3516 2756 3584 φησιν,
2783 3511 2928 3566 οὐδὲ
2981 3509 3126 3577 τοὺς
3153 3507 3507 3578 ὀφθαλμοὺς
3550 3507 3642 3571 είς
3665 3505 3774 3558 τὸν

505 3611 751 3664 manere,
781 3599 875 3656 sed
911 3597 1201 3675 assurgere
1225 3605 1517 3676 adiuvante
1546 3607 1751 3676 Spiritu
1788 3599 1850 3663 in.
1877 3611 2078 3664 oratio-

2185 3608 2451 3679 οὐρανὸν
2493 3605 2744 3676 ἐπᾶραιο
2793 3604 2988 3657 ἔπειτα
3035 3601 3128 3654 καὶ
3177 3600 3239 3654 τὸ
3269 3599 3773 3669 προσκλινομένους

503 3688 1038 3752 nihuslnllrmitates
1067 3706 1307 3754 nostras.
2186 3701 2512 3758 ἀνίστασθαι
2558 3701 2722 3754 πάλιν
2772 3699 3000 3770 σημεῖον
3052 3697 3118 3751 ἂν
3175 3697 3261 3764 εἴη
3308 3696 3407 3764 τῆς
3443 3694 3504 3746 εν
3540 3690 3622 3761 τῷ
3672 3689 3772 3760 βίῳ

498 3785 676 3854 τούτῳ
704 3789 1095 3855 καταστάσεως
1128 3793 1239 3846 τῶν
1275 3793 1488 3864 ψυχῶν,
1518 3796 1758 3868 Εὐρίπου
1795 3796 1951 3865 δίκην
1990 3797 2083 3851 ἐπὶ
2124 3797 2182 3852 τὸ
2217 3797 2400 3868 χεῖρόν
2436 3813 2495 3849 τε
2532 3793 2973 3886 ὑποφερομένης,
3019 3790 3117 3886 καὶ
3173 3789 3328 3886 αὖθις
3398 3783 3770 3886 ἀναῖοεξξνηςο

500 3881 578 3943 ὡς
604 3881 667 3936 οὐ
724 3882 845 3937 δέον
898 3885 1296 3954 ὲγκαταμένειν
1352 3890 1434 3959 τῇ.
1473 3890 1710 3960 πονηρίᾳ.
1796 3893 2104 3961 κειμένους,
2159 3890 2277 3945 ἀλλ’
2331 3889 2660 3945 ἀνίστασθαι
2737 3883 3374 3956 συναντιλαμσανομὲνου
3447 3878 3545 3934 τοῦ
3605 3873 3771 3932 Ilvati-

505 3993 674 4045 ματος
698 3978 757 4032 ὲν
789 3962 853 4050 τῇ
886 3984 1161 4054 προσευχῇ
1194 3984 1315 4044 ταῖς
1341 3984 1648 4049 ἀσθενείαις
1679 3989 1855 4060 ἡμῶν.

574 4073 802 4152 Omnem
860 4075 1023 4147 igitur
1079 4082 1381 4138 orationem
1432 4085 1545 4140 sive
1593 4085 1913 4157 incipientes
1962 4084 2079 4142 sive

503 4169 753 4227 linientes
783 4171 865 4226 sic
906 4173 1143 4242 agimus,
1185 4176 1488 4234 indicantes
1523 4180 1683 4234 uultis
1721 4181 1786 4234 ad
1816 4179 1987 4235 Deum
2020 4180 2072 4235 in

506 4264 814 4320 humilitate
851 4266 1238 4335 accedendum,
1269 4279 1321 4326 et
1351 4271 1541 4328 eodem
1598 4274 1760 4330 modo
1796 4274 1862 4330 ad
1889 4275 2069 4331 debita

503 4370 663 4425 opera
689 4358 946 4414 euntibus
1001 4359 1071 4415 ab
1116 4375 1180 4418 eo
1232 4363 1661 4421 abscedendum.
1704 4364 2074 4436 Protinusque

506 4463 629 4501 cum
684 4447 736 4501 in
797 4452 1029 4506 ecclesia
1080 4467 1272 4507 sumus
1316 4463 1370 4509 et
1411 4457 1749 4513 sacerdotem
1812 4459 2077 4539 habemus

505 4551 974 4611 comprecantem,
1003 4550 1306 4602 orationem
1340 4549 1582 4614 inchoat.
1606 4552 1697 4605 ille
1738 4552 1849 4607 Deo
1888 4553 2077 4609 dicens

505 4644 560 4687 et
594 4649 712 4701 qure
744 4634 811 4690 ad
848 4636 1047 4705 gratias
1076 4639 1345 4707 agendum
1395 4655 1459 4696 ex
1492 4642 1672 4698 verbis
1704 4645 2078 4714 apOstolorum

2257 4088 2448 4157 Πάσης
2481 4079 2575 4137 οὖν
2607 4079 2920 4152 προσευχῆς
2973 4072 3267 4147 ἀρχόμενοί
3312 4089 3371 4126 τε
3434 4070 3534 4126 καὶ
3578 4071 3772 4139 λήγον-

2183 4198 2274 4244 τες
2332 4177 2476 4232 οὕτω
2541 4172 2827 4242 ποιοῦμεν,
2878 4168 3165 4241 δηλοῦντες
3214 4165 3289 4228 ὼς
3350 4165 3411 4217 ἐν
3435 4163 3770 4217 ταπεινώσει

2185 4271 2480 4342 προσιτέον
2546 4285 2605 4320 τε
2669 4263 2814 4335 Θεῷ,
2881 4264 2974 4316 καὶ
3044 4257 3203 4321 αὖθις
3272 4255 3770 4318 ἀποστατέον,“ὲπὶ

2183 4368 2251 4420 τὰ
2310 4364 2660 4434 προσήκοντα
2712 4357 2824 4412 τῶν
2865 4357 3045 4426 ἔργων
3078 4350 3565 4423 μεταχωροῦντας.
3612 4347 3773 4414 Ἑξῆς

2185 4462 2242 4516 δὲ
2281 4462 2338 4513 ὲν
2396 4455 2662 4526 ἐκκλησίᾳ
2711 4452 2822 4522 μὲν-
2866 4450 3040 4514 ὄντες,
3086 4447 3180 4500 καὶ
3233 4444 3428 4514 ἱερέως
3467 4442 3773 4513 εὐποροῦν-

2185 4571 2274 4616 τες
2323 4548 2759 4617 ,σονευχομένοψ
2816 4542 3004 4597 τοῦτον
3078 4539 3278 4608 ἔχομεν
3350 4535 3763 4605 προανακρσυό-

2195 4659 2356 4711 μενον
2402 4641 2503 4710 τὴν
2563 4634 2751 4706 εὐχὴν,
2795 4631 2888 4685 καὶ
2949 4629 3019 4682 τὰ
3079 4628 3176 4696 τῆς
3236 4625 3600 4694 εὐχαριστίας
3659 4623 3828 4691 Θειῖγ

507 4727 750 4794 accepit;
787 4727 1174 4798 apostolorum.
1210 4732 1354 4785 enim
1399 4734 1720 4805 coryphatus
1779 4735 1990 4798 Petrus,
2031 4736 2078 4808 in

2194 4728 2712 4803 προσφθεγγόμενον
2780 4725 2845 4777 ὲκ
2895 4721 3004 4775 τῶν
3074 4717 3455 4772 ἀποπολικῶν
3511 4715 3774 4786 ῥημάτων

509 4819 682 4887 prima
710 4820 939 4889 epistola
967 4821 1230 4878 catholica
1254 4823 1438 4880 statim
1464 4803 1508 4878 τι⁷
1524 4826 1790 4896 principio
1818 4845 1832 4881 :
1863 4803 2085 4880 Benedi-

513 4924 655 4974 ctus,
699 4912 794 4979 ait,
833 4913 969 4968 Deus
1003 4924 1051 4970 et
1100 4914 1263 4971 Pater
1317 4916 1533 4972 Domini
1566 4920 1735 4973 nostri
1766 4917 1894 4974 Iesu
1928 4918 2088 4972 Chri-

516 5005 580 5056 sti
614 5020 630 5067 ;
664 5013 715 5057 et
747 5007 931 5059 cadent
962 4997 1123 5062 etia‘m
1156 5009 1316 5065 divus
1342 5010 1544 5067 Paulus
1573 5012 1735 5067 habet
1779 5020 1834 5067 et
1877 5013 1940 5065 ‘in
2001 5028 2089 5068 se«

511 5098 690 5151 cunila
720 5097 784 5151 ad
820 5099 1163 5168 Corinthios,
1203 5109 1250 5157 et
1297 5104 1350 5158 in
1386 5107 1550 5159 unica
1577 5105 1641 5159 ad
1665 5104 1931 5176 Ephesios
1961 5109 2084 5162 etin

511 5191 635 5246 aliis
667 5207 903 5262 quoque.
942 5212 1018 5235 —'
1045 5195 1152 5249 Per
1176 5213 1351 5266 preces
1381 5209 1688 5256 sanctorum
1737 5199 1967 5255 Patrum
1997 5218 2088 5255 no-

512 5294 767 5339 strorum.
791 5316 862 5326 —-
889 5287 993 5357 Ipsi
1037 5300 1214 5344 autem
1243 5306 1366 5346 cum
1396 5293 1690 5362 separatim
1728 5309 1944 5358 sumus,
1977 5311 2086 5349 non

511 5377 623 5446 jam
661 5381 869 5451 gratias
925 5384 1136 5452 agimus
1181 5385 1273 5439 sed
1329 5386 1632 5456 orationem
1686 5387 1961 5459 supplices
1998 5387 2087 5442 in-

515 5471 804 5540 choamus,
835 5483 890 5530 et
920 5483 1142 5532 sanctos
1177 5474 1366 5534 Patres
1394 5488 1638 5539 nostros
1689 5479 2088 5536 intercessores

516 5571 569 5616 et
592 5565 922 5622 mediatores
958 5568 1301 5624 adhibemus.
1361 5568 1791 5626 Misericordiam
1825 5568 2087 5638 consequi

516 5672 677 5725 quam
714 5660 948 5729 petimus
1000 5663 1210 5739 justum
1242 5672 1344 5716 est.
1402 5661 1672 5720 Sacerdos
1700 5664 1846 5719 enim
1904 5668 2091 5731 utpote

2189 4822 2531 4893 ἐξειληφότα.
2590 4820 2795 4888 Πέτρος
2852 4814 2951 4884 μὲν
3007 4812 3116 4884 γὰρ
3178 4810 3208 4862 ὁ
3253 4811 3551 4878 κορυφαῖος
3609 4810 3666 4860 ἐν
3707 4810 3774 4874 τῇ

2189 4919 2298 4972 τῶν
2338 4914 2653 4969 Καϐολικῶν
2710 4909 2903 4982 πρώτῃ
2952 4907 3089 4978 μετὰ
3144 4906 3242 4974 τὴν
3287 4902 3616 4974 προγριερὴν
3685 4904 3774 4953 εύ-

2193 5009 2351 5072 Θέως,
2383 5001 2982 5074 Εὐλογητὸς,φησ“ιν,
3020 5000 3054 5052 ὁ
3097 4997 3239 5061 Θεὸς
3285 4995 3384 5050 καί
3437 4991 3639 5060 Πατὴρ
3668 4992 3777 5044 τοῦ

2191 5089 2419 5168 Κυρίου
2448 5097 2620 5168 ἡμῶν
2668 5094 2862 5163 Ἰησοῦ
2897 5091 3181 5161 Χριστοῦ.
3220 5088 3369 5141 Ᾱῦτὰ
3408 5087 3463 5140 δὲ
3487 5085 3661 5138 ταῦτα
3682 5083 3780 5136 καὶ

2193 5197 2221 5248 ὁ
2251 5193 2526 5256 θειότατος
2557 5189 2770 5251 Παῦλος
2805 5185 2861 5239 ἔν
2888 5203 2948 5238 τε
2984 5187 3050 5255 τῇ
3084 5177 3572 5253 πρδςΚορινΘίους
3596 5176 3781 5229 δευτέ-

2196 5304 2288 5359 ρᾳ,
2321 5284 2498 5353 καὶτῇ
2527 5284 2664 5353 πρὸς
2711 5277 3020 5347 Ἐφεσίους,
3054 5276 3149 5329 καὶ
3199 5273 3264 5344 δὴ
3306 5273 3402 5324 καὶ
3439 5273 3518 5350 γὲν
3566 5269 3778 5330 ἄλλαις.

2193 5381 2347 5434 -Δι’
2374 5377 2571 5451 εὐχῶν
2605 5374 2723 5428 τῶν
2752 5372 2937 5441 ἁγίων
2968 5367 3247 5436 Πατέρων
3290 5363 3483 5435 ἡμῶν.
3515 5388 3586 5402 —-
3615 5360 3782 5414 Αὐτοὶ

2192 5471 2407 5528 δὲκαθ’
2437 5469 2672 5530 ἑαυτοὺς
2739 5466 2915 5531 ὅντες,
2962 5462 3148 5515 οὐκέτι
3197 5458 3296 5524 μὲν
3339 5454 3780 5527 εὐχαριστήρισν,

2198 5568 2405 5622 ἱκέσιον
2438 5563 2496 5618 δὲ
2528 5560 2838 5633 προᾴδομεν
2865 5556 2966 5627 τὴν
3025 5553 3210 5625 εύχὴν,
3259 5551 3354 5606 καὶ
3421 5545 3781 5614 τοὺς’ἁγίους

2157 5715 2167 5718 -
2207 5659 2361 5731 ἡμῶν
2389 5657 2635 5726 Πατέρας
2663 5651 2888 5724 μεσίτας
2925 5651 3020 5702 καὶ
3045 5647 3305 5719 πρέσϐεις
3356 5639 3780 5715 παραλαμΰὲωο-

593 5839 632 5869 ⁸³
665 5840 763 5896 lsa.
795 5857 868 5906 ts,
897 5840 966 5906 ‘2;
997 5840 1396 5912 .\lattlt.1v,l6.
1475 5843 1515 5874 “
1546 5843 1743 5915 Ephes.
1775 5858 1825 5911 ν,
1864 5844 1950 5898 lt.
2017 5842 2058 5873 ¹⁵
2087 5838 2227 5895 Psal.
2259 5855 2448 5908 cxvrst,
2478 5838 2567 5893 ΟΞ.
2633 5835 2828 5892 1“‘Luc.
2861 5847 3013 5902 xvttt,
3044 5832 3131 5886 l5.
