3974 6334
222 250 358 318 1169

1130 253 1371 313 MARCI
1412 252 1786 312 EUGENlCl
1830 251 1928 312 DE
1963 248 2206 315 (tFFlC.
2251 246 2548 309 ECCI.ES.

3338 249 3478 317 mo
3542 239 3546 242 ’

221 386 344 440 μεν.
395 361 472 424 Οὗ
518 369 705 438 -τυχεῖν
737 367 921 432 ἐλέους
980 364 1263 438 αἰτοῦμεν,
1300 365 1549 429 εἰκότως.
1605 365 1665 419 Ὀ
1699 367 1798 435 μὲν

1909 365 2022 435 ipse
2083 364 2352 420 mediator
2381 363 2548 418 Deum
2597 362 2736 418 inter
2775 374 2828 420 et
2878 363 3130 421 homines
3161 363 3479 436 Christique

218 458 334 528 γὰρ
362 457 557 526 ἰερεὺς.
586 456 745 519 αὐτὸς
766 455 841 509 ὢν
865 457 893 510 ὁ
930 457 1158 528 μεσίτης
1190 457 1325 512 Θεοῦ
1350 457 1443 512 καὶ
1474 455 1800 527 ἀνθρώπων,

218 552 411 604 εἰκόνα
443 550 632 614 σώζων
657 550 921 620 Χριστοῦ,
945 551 1200 623 καθάπερ
1227 552 1329 624 ἤδη
1382 551 1608 621 βεϐαίαν
1665 549 1804 619 ἔχων

222 643 604 718 πληροφορίαν
633 643 895 716 περὶτῶν
948 648 1292 718 αἰτημάτων,
1328 639 1646 717 εύχαριστεῖ
1706 647 1804 716 τῆς

217 752 282 789 τε
319 737 395 798 εἰς
421 736 482 789 τὸ
511 730 650 791 εῖναι
696 737 855 809 ημῶν
912 741 1254 811 παραγωγῆς
1309 741 1491 806 ἕνεκα,
1548 741 1643 794 καὶ
1697 738 1804 792 τῶν

217 829 468 900 ἀρχῆθεν
517 829 685 884 αὐτοῦ
741 834 880 904 πρὸς
926 835 1077 904 ημᾶς
1125 834 1491 904 δωρημάτων,
1551 833 1647 887 καὶ
1696 834 1804 888 τῶν

221 911 456 994 ὕστερον
500 921 591 978 διά
639 924 740 994 τῆς
792 925 886 979 τοῦ
937 926 1278 995 Μονογενοῦς
1331 927 1663 996 σαρκώσεως
1712 925 1805 979 καὶ

155 1070 173 1081 ν
217 1014 570 1083 ἐπιφανείας,
601 1018 694 1071 καὶ
741 1017 823 1071 ἔτι
873 1020 985 1073 τῶν
1042 1019 1138 1073 νῦν
1199 1019 1539 1088 αἰτουμένων
1596 1035 1656 1072 τε
1710 1021 1806 1073 καὶ

218 1107 604 1178 δοθησομένων
627 1126 641 1143 ·
675 1111 869 1180 ὥσπερ
907 1111 1072 1177 αὐτὸς
1110 1114 1138 1166 ό
1170 1113 1364 1185 Σωτὴρ
1390 1113 1550 1183 ἡμῶν
1606 1114 1698 1167 ἐπὶ
1728 1113 1806 1184 τῷ

218 1201 488 1272 Λαζάρῳ,
517 1201 612 1256 καὶ
644 1204 776 1272 πρὶν
797 1205 1103 1275 ἀναστῆσαι
1127 1208 1219 1258 τὸν
1261 1208 1533 1276 κείμενον,
1608 1209 1806 1279 Εὐχαο

207 1294 409 1359 ριστῶ
479 1284 930 1372 σοι.πρὸς’τὺν
1007 1300 1230 1371 Πατέρα
1291 1303 1478 1370 φησὶν,
1527 1300 1618 1356 ὄτι
1683 1321 1804 1370 μου

215 1386 522 1456 ἤκουσας.
570 1390 761 1461 Ἡμεῖς
795 1393 850 1448 σε
897 1393 945 1445 οἰ
997 1393 1207 1459 πολλοὶ,
1253 1395 1360 1447 τῶν
1412 1395 1560 1450 ἰδίων
1590 1397 1805 1468 μέτρων

215 1482 598 1554 ἐπιγνώμονες
620 1484 793 1550 ὅντες,
835 1487 1126 1557 ἐλεηθῆναι
1156 1489 1476 1557 αἰτούμεθα,
1513 1493 1654 1546 κατὰ
1713 1492 1805 1546 τὸν

218 1574 423 1642 τυφλὸν
451 1576 679 1641 ἐκεῖνον,
741 1579 840 1650 οὐχ
892 1580 1010 1633 υἰδν
1073 1581 1259 1650 μέντοι
1318 1582 1506 1643 Δαϐὶδ.
1578 1583 1714 1636 Θεοῦ
1750 1584 1806 1636 δὲ

227 1664 361 1718 Υἰδν
391 1664 482 1721 τὸν
508 1665 737 1741 Σωτῆρα
771 1667 930 1738 ἡμῶν
961 1668 1346 1740 ὀνομάζοντες,
1378 1670 1452 1733 ὡς
1482 1671 1670 1740 ἕτερός
1701 1688 1804 1723 που

1909 472 2199 528 personam
2228 471 2445 527 gerens,
2476 456 2632 525 quasi
2664 457 2775 527 jam
2804 465 3010 512 certam
3068 457 3282 513 habens
3317 457 3476 512 ﬁdem

1907 551 1975 607 de
1991 550 2200 621 petitis,
2231 549 2440 618 gratias
2465 548 2574 620 agit
2603 559 2658 604 et
2691 549 2758 603 de
2787 549 3066 604 creatione
3095 557 3301 615 nostra,
3328 534 3383 604 et
3415 549 3483 606 de

1907 643 2068 698 nobis
2121 641 2191 696 ab
2224 641 2383 696 initio
2427 640 2706 697 concessis
2739 640 2918 705 donis,
2947 648 3002 697 et
3035 640 3105 696 de
3162 649 3349 711 postea
3385 635 3482 713 per

1907 734 2189 806 Uuigcniti
2219 733 2652 790 incarnationem
2688 733 3195 806 revelationemque
3225 726 3388 802 datis,
3424 741 3481 790 et

1907 828 2090 884 adhuc
2109 830 2173 883 de
2200 828 2268 883 iis
2289 841 2410 898 quae
2435 827 2488 880 in
2517 827 2800 897 praseutia
2819 826 3056 897 petimus
3079 836 3133 884 et
3165 841 3287 899 qua
3324 825 3485 882 nobis

1909 930 2036 976 sunt
2063 919 2407 976 concedenda
2440 935 2456 974 :
2500 919 2778 990 sicutipse
2803 919 3050 977 Salvator
3083 927 3271 976 noster
3298 921 3354 975 in
3376 915 3484 974 La-

1908 1027 2061 1080 zaro,
2101 1021 2156 1068 et
2205 1013 2526 1083 priusquam
2592 1011 2870 1084 jacentem
2901 1012 3233 1070 suscitaret:
3265 1011 3483 1067 Gratias

1907 1121 2010 1176 ago
2043 1105 2158 1168 tibi,
2211 1104 2276 1159 ad
2312 1103 2531 1158 Patrem
2568 1105 2666 1170 sit,
2721 1105 2848 1176 quia
2896 1120 2977 1159 me
3029 1101 3338 1159 audiisti".
3373 1101 3485 1158 Nos

1907 1208 2088 1255 autem
2115 1199 2382 1270 plerique,
2411 1201 2478 1254 de
2507 1199 2742 1269 propriis
2767 1198 3036 1254 limitibus
3059 1195 3291 1263 conscii,
3317 1196 3487 1252 mise-

1909 1293 2202 1349 ricordiam
2236 1295 2471 1364 petimus
2497 1309 2595 1364 pro
2625 1308 2776 1347 more
2813 1293 2966 1359 caeci,
2989 1307 3097 1347 non
3126 1291 3237 1360 iam
3269 1288 3486 1366 Davidis

1909 1388 2101 1453 tilium,
2132 1387 2226 1442 sed
2251 1387 2340 1443 Dei
2375 1385 2690 1443 invocantes
2721 1385 3172 1457 Salvatoremque
3206 1391 3484 1446 nostrum,

1907 1492 1967 1535 ut
2000 1492 2055 1536 et
2084 1481 2219 1539 alter
2250 1480 2379 1536 fecit
2412 1495 2592 1536 caecus
2627 1466 2913 1550 postquam
2942 1487 3054 1534 tum
3085 1479 3334 1549 corporis
3369 1483 3480 1531 tum

1908 1576 2075 1629 animi
2116 1574 2290 1633 oculis
2319 1574 2658 1630 illuminatus
2690 1581 2794 1627 est.
2824 1571 3113 1626 Enimvero
3141 1584 3241 1626 nos
3271 1585 3300 1624 e
3330 1577 3485 1625 tene-

1908 1667 2019 1722 bris
2049 1667 2222 1726 vocati
2281 1680 2470 1720 sumus
2530 1666 2582 1718 in
2617 1662 2945 1720 admirabili
2980 1661 3069 1718 Dei
3107 1661 3338 1728 lumine,
3389 1661 3481 1716 sed

221 1757 426 1826 τυφλὸς
454 1759 591 1830 μετά
618 1759 677 1813 τδ
742 1759 1046 1830 ἀναϐλέψαι
1111 1760 1331 1836 σύναιμα
1383 1763 1498 1825 τοῖς
1532 1761 1803 1829 αἰσθητοῖς

1909 1762 2076 1821 etiam
2101 1759 2178 1814 sic
2212 1767 2556 1829 persanctos
2593 1766 2810 1812 nostros
2839 1755 3027 1810 Patres
3054 1753 3351 1824 propitium
3384 1752 3482 1806 ha-

220 1850 351 1911 τοὺς
377 1850 604 1916 νοητοὺς
623 1849 961 1919 ὀφθαλμούς.
993 1851 1096 1904 Καὶ
1122 1852 1230 1922 γὰρ
1281 1853 1444 1922 ἡμεῖς
1472 1854 1534 1906 ὲκ
1579 1851 1804 1920 σκότους

221 1940 536 2011 ἐκλήθημεν
565 1943 644 2003 εἰς
669 1943 728 1994 τὸ
753 1943 1069 2010 θαυμαστὸν
1095 1944 1188 1997 τοῦ
1213 1944 1348 1999 Θεοῦ
1390 1945 1526 2012 φῶς,
1555 1943 1689 1999 ἀλλὰ
1712 1943 1806 1998 καὶ

224 2035 371 2089 οὕτω
389 2037 478 2089 διά
497 2038 606 2091 τῶν
623 2035 797 2104 ἁγίων
819 2036 976 2105 ἡμῶν
1027 2037 1287 2108 Πατέρων
1347 2037 1473 2091 nam
1519 2037 1807 2102 τεύξεσθαι

227 2129 624 2201 προσδοκῶμεν
644 2129 740 2184 τοῦ
781 2132 876 2184 επὶ
929 2131 1149 2185 πάντων
1180 2129 1339 2190 Θεοῦ.
1369 2161 1440 2172 -
1471 2131 1629 2196 Δόξα
1682 2145 1806 2198 σοι,

221 2226 258 2278 ό
281 2225 453 2290 Θεὸς,
486 2225 527 2292 ἡ
553 2223 733 2291 ἐλπὶς
760 2221 950 2293 ἡμῶν,
977 2223 1176 2290 Κύριε.
1228 2222 1381 2287 δόξα
1415 2236 1537 2278 σοι.
1564 2251 1632 2262 -
1674 2221 1808 2278 Τού-

216 2333 334 2380 τοις
363 2317 456 2371 καὶ
487 2320 648 2388 ἡμεῖς
678 2317 1024 2384 συνάπτομεν
1062 2315 1376 2384 δοξολογίας
1406 2315 1508 2387 τῆς
1536 2319 1618 2379 εἰς
1673 2314 1807 2370 Θεὸν

222 2410 403 2479 μικρὰ
421 2409 557 2463 ἄττα
589 2409 837 2479 ῥήματα,
873 2407 971 2470 τὰς
1004 2405 1115 2460 τῶν
1167 2406 1419 2475 ἀγγέλων
1472 2407 1806 2476 μιμούμενοι

211 2501 374 2564 θείας
393 2501 601 2570 φωνάς,
647 2502 707 2555 αῖ
754 2500 968 2571 πρῶται
1019 2497 1098 2569 τῷ
1162 2499 1254 2552 ιπὶ
1301 2499 1406 2568 γῆς
1448 2499 1808 2570 σαρκουμὲνῳ

218 2593 342 2663 Θεῷ
363 2594 844 2665 προσηνέχθησαν,
874 2593 957 2658 τὸ,
992 2590 1148 2656 Δόξα
1195 2591 1264 2644 ἐν
1308 2593 1595 2660 ὑψίστοις
1661 2590 1803 2658 Θεῷ,

218 2687 316 2740 καί
373 2687 471 2742 ἐπὶ
539 2687 653 2757 γῆς
703 2687 935 2758 εἰρήνη,
1010 2688 1082 2742 ἐν
1132 2686 1470 2756 ἀνθρώποις
1536 2687 1804 2740 εὐδοκία.

219 2814 287 2824 —
318 2783 585 2838 Βασιλεῦ
614 2782 878 2852 adprime.
916 2768 1113 2835 -ίΚαὶ
1140 2781 1283 2852 μετὰ
1315 2779 1488 2852 ταῦτα
1508 2780 1806 2852 τροπάριόν

221 2893 274 2927 τι
307 2851 723 2944 συντεθειμένου
749 2877 841 2928 ἐπὶ
865 2877 929 2946 τῇ
981 2851 1250 2945 κατάῗτὴν
1292 2851 1673 2944 Πεντηκοστὴν
1724 2874 1806 2933 εἰς

219 2971 350 3032 to”;
384 2968 634 3039 μαθητάς
675 2967 890 3038 καθόδῳ
931 2966 1025 3021 τοῦ
1064 2968 1210 3021 θείου
1249 2969 1609 3038 Πνεύματος,
1642 2966 1805 3020 αὑτὸν

1911 1855 2037 1908 bere
2070 1853 2314 1907 omnium
2347 1851 2513 1914 Deum
2545 1866 2850 1922 speramus.
2893 1883 2948 1894 —
2989 1847 3177 1904 Gloria
3203 1846 3482 1926 tibi,'Deus

1910 1965 2025 2017 spes
2067 1961 2277 2011 ucstra,
2335 1947 2571 2013 Domine,
2627 1949 2799 2018 gloria
2850 1946 2963 1999 tibi.
3013 1975 3079 1986 —
3135 1943 3229 1999 His
3268 1955 3322 2020 et
3379 1959 3482 2001 nos

1913 2040 2266 2111 adjungimus
2304 2040 2372 2094 de
2429 2039 2588 2094 laude
2644 2039 2736 2093 Dei
2796 2053 2962 2110 parva
3010 2037 3246 2108 quadam
3294 2037 3481 2105 verba,

1912 2133 2225 2204 angelorum
2263 2132 2478 2188 divinas
2511 2147 2668 2188 voces
2693 2131 2994 2198 imitantes,
3024 2147 3146 2201 qua:
3163 2131 3350 2202 prima:
3372 2130 3484 2188 Deo

1911 2229 1968 2285 in
2025 2239 2168 2282 terra
2235 2230 2520 2283 iucarnato
2577 2226 2753 2281 allata:
2783 2235 2928 2291 sunt,
2993 2225 3168 2280 illud:
3202 2225 3384 2282 Gloria
3427 2226 3483 2280 in

1908 2322 2189 2376 altissimis
2229 2321 2356 2386 Deo,
2395 2330 2445 2375 et
2497 2322 2548 2383 iu
2581 2331 2721 2375 terra
2751 2336 2882 2388 pax,
2919 2321 2970 2374 iu
3005 2318 3306 2374 hominibus
3343 2321 3482 2374 bona
3505 2308 3534 2318 ”

1908 2415 2236 2470 voluntas.‘°.
2264 2443 2316 2454 —-
2353 2413 2460 2468 Rea:
2499 2413 2740 2469 cwlestis.
2773 2443 2842 2454 ——
2871 2409 2939 2466 Et
2967 2422 3150 2482 postea
3181 2410 3482 2482 troparium

1909 2505 2209 2575 quoddam,
2231 2506 2282 2559 in
2307 2505 2626 2560 descensum
2651 2505 2888 2574 Spiritus
2908 2504 3080 2558 sancti
3108 2503 3160 2557 in
3182 2503 3483 2573 discipulos

1911 2599 2000 2653 die
2026 2598 2383 2662 Pentecostes
2423 2601 2810 2667 compositum,
2839 2606 3060 2655 orantes
3097 2597 3274 2668 ipsum
3315 2595 3484 2650 Para-

1910 2689 2110 2746 cletum
2165 2698 2226 2743 ut
2271 2689 2452 2743 veniat
2485 2698 2558 2750 et,
2607 2703 2727 2757 qum
2775 2689 2934 2768 nobis
2965 2689 3106 2742 inest
3148 2688 3352 2742 malitia
3389 2687 3485 2742 de-
3538 2714 3548 2719 -

1910 2781 2038 2846 leta,
2079 2781 2274 2850 dignos
2306 2795 2407 2835 nos
2429 2779 2622 2836 reddat
2647 2779 2740 2849 qui
2769 2780 2880 2834 Deo
2910 2775 3484 2835 assistamus.——-San-

1909 2877 2026 2925 ctus
2056 2868 2304 2950 Deus.--
2325 2869 2453 2924 lude
2484 2871 2745 2940 hymnum
2765 2869 3053 2940 Trisagion
3079 2869 3282 2924 dictum
3318 2883 3482 2939 quem

1909 2965 2014 3021 sibi
2047 2980 2110 3019 ex
2141 2964 2278 3019 Isaia
2308 2965 2526 3035 quando
2554 2965 2643 3019 ille
2674 2963 2910 3019 mirabili
2951 2963 3241 3034 Seraphin:
3279 2962 3488 3020 visione

227 3060 403 3114 ἐλθεῖν
427 3062 516 3114 τὸν
541 3059 899 3131 Παράκλητον
953 3059 1465 3132 προσκαλούμενοι,
1488 3059 1572 3127 ἐφ’
1601 3051 1645 3126 ᾧ
1705 3059 1803 3130 τὴν

1918 3055 2172 3126 dignatus
2198 3055 2323 3117 iuit.
2357 3070 2654 3125 excerpens
2679 3055 2919 3110 Ecclesia
2945 3058 3276 3126 composuit,
3305 3055 3485 3111 verbis

227 3156 287 3207 ἐν
317 3154 450 3223 ἡμῖν
479 3153 709 3207 ἐνοῦσαν
737 3151 1076 3220 ἀφανίσαντα
1123 3151 1412 3222 πονηρίαν,
1447 3151 1631 3218 ἀξίους
1675 3153 1805 3206 άναο

223 3247 396 3311 δεῖξαι
434 3244 526 3298 τοῦ
569 3244 911 3312 παρεστάναι
959 3242 1100 3314 Θεῷ.
1141 3275 1210 3285 -—
1243 3245 1449 3313 ’Ἄγιος
1479 3247 1512 3299 ὁ
1544 3244 1711 3311 Θεός.
1735 3275 1804 3285 -

229 3335 362 3391 Εἶτα
381 3337 474 3391 τὸν
514 3335 809 3408 Τρισάγιον
843 3337 1139 3405 λεγόμενον
1198 3335 1386 3406 ὕμνον,
1445 3337 1506 3391 ὃν
1554 3336 1806 3390 συνέθετο

234 3433 332 3500 μιν
364 3431 396 3500 ἡ
446 3429 742 3500 Ἐκκλησία
771 3429 924 3500 παρὰ
950 3427 1044 3482 τοῦ
1086 3427 1314 3484 Ἡσαΐου
1347 3428 1610 3494 λασοῦσα,
1644 3430 1804 3499 ἡνίκα

222 3521 322 3590 τῆς
355 3517 679 3589 θαυμαστῆς
705 3519 923 3589 ἠξιοῦτο
964 3519 1074 3571 τῶν
1101 3519 1356 3588 Σεραφὶμ
1399 3519 1659 3590 θεωρίας,
1712 3520 1804 3572 καὶ

220 3614 302 3667 ἔτι
329 3613 799 3682 προσχρησαμένη
831 3613 944 3673 τοῖς
979 3609 1074 3663 τοῦ
1107 3611 1272 3664 Δασίδ
1305 3613 1567 3682 ῥήμασιν,
1623 3613 1680 3665 ἑν
1721 3606 1802 3676 οἷς

218 3719 410 3772 φησιν,
445 3701 846 3772 Ἔδίψησεγή
874 3701 1045 3770 ψυχή
1091 3718 1212 3771 μου
1257 3701 1410 3771 πρὸς
1466 3702 1575 3756 τὸν
1633 3703 1803 3771 ὁδὸν,

223 3798 334 3849 τὸν
362 3796 642 3865 ἰσχυρὸν,
678 3795 784 3848 τὸν
817 3794 1035 3856 ζ’ῶντιν
1073 3795 1317 3863 ἐκύρωσε
1341 3795 1401 3849 δι
1452 3795 1583 3857 Θεὸς
1637 3797 1806 3865 άμφι-

219 3885 551 3954 γνοούμενον
579 3872 920 3953 άνωθενξὸτε
955 3885 1041 3940 διὰ
1071 3887 1172 3956 τῆς
1206 3885 1468 3958 ἁρπαγῆς
1497 3887 1592 3942 τοῦ
1616 3891 1805 3954 παιδὸς

221 3977 494 4044 ἐμήνυσεν
513 3976 686 4041 οὕτως
715 3977 939 4049 ᾅδοντας
963 3979 1090 4042 τοὺς
1119 3980 1408 4047 ἀγγέλους,
1437 3981 1496 4034 ὃν
1527 3982 1621 4035 καὶ
1650 3999 1802 4052 τρισ-

223 4069 466 4133 σοῦντες,
491 4072 571 4128 εἰς
597 4072 762 4142 τιμὴν
784 4073 877 4124 καὶ
908 4073 1067 4126 τοῦτο
1090 4073 1192 4139 τῆς
1224 4075 1610 4146 προσκυνητῆς
1637 4077 1808 4146 Τριά-

140 4159 156 4169 ”
221 4163 333 4229 8ος,
367 4163 701 4226 τοσαυτάκις
760 4165 854 4218 καὶ
910 4165 1352 4235 προσκυνοῦμεν,
1398 4167 1802 4233 ἐπιδεικνύντες

221 4256 380 4325 ἡμῶν
411 4254 472 4307 τὺ
497 4254 725 4321 εὐλαϐὲς
782 4256 911 4326 περὶ
939 4256 1031 4310 τὸν
1063 4258 1362 4326 ἁγγελικόν
1399 4276 1458 4312 τε
1513 4260 1608 4314 καὶ
1660 4262 1803 4316 θεῖον

221 4348 412 4415 ὕμνον.
445 4377 514 4389 -
544 4345 698 4412 Δόξα
751 4349 955 4416 "arpi.
989 4378 1060 4390 —
1104 4345 1238 4406 Εἶτα
1293 4354 1387 4404 καὶ
1439 4353 1804 4422 ὀνομάσαντες

1912 3147 2076 3204 etiam
2109 3147 2330 3203 Davidis
2363 3157 2519 3202 utens
2557 3150 2608 3201 in
2641 3147 2840 3218 quibus
2874 3149 3008 3203 dicit
3045 3166 3058 3203 :
3095 3139 3485 3219 Sitivitanima

1912 3259 2028 3296 una
2048 3241 2116 3294 ad
2141 3241 2302 3296 Deum
2329 3242 2547 3310 fortem,
2579 3242 2750 3295 uirum
2786 3242 2825 3273 ¹⁹
2863 3259 2878 3295 :
2903 3255 3067 3310 quem
3091 3243 3158 3296 de
3185 3241 3326 3296 cmlo
3349 3257 3486 3296 con-

1916 3334 2150 3391 ﬁrmavit
2208 3333 2351 3391 Deus
2419 3335 2782 3398 haesitantem,
2831 3334 3048 3403 quando
3123 3346 3217 3404 per
3271 3341 3484 3403 raptum

1915 3423 2069 3500 pueri
2102 3427 2357 3483 revelavit
2384 3428 2611 3499 angelos
2639 3427 2720 3481 sic
2762 3433 3017 3482 canentes
3087 3427 3372 3497 hymnum,
3432 3434 3513 3479 et-

1910 3521 2133 3591 quidem
2165 3530 2381 3575 ternum
2408 3519 2670 3576 canentes
2690 3520 2740 3574 iu
2766 3519 3028 3574 honorem
3058 3519 3344 3574 adoranda:
3362 3517 3484 3572 Tri-

1912 3615 2126 3681 nitatis,
2169 3615 2329 3668 toties
2369 3622 2422 3668 et
2459 3613 2782 3676 adoramus,
2822 3628 2921 3668 nos
2950 3613 3201 3681 pietatem
3239 3619 3483 3664 nostram

1911 3721 2039 3777 erga
2081 3706 2386 3777 angelicum
2448 3707 2803 3772 divinumque
2871 3705 3130 3777 hymnum
3172 3703 3486 3770 signiﬁcan-

1912 3808 2014 3855 tes.
2051 3827 2122 3839 -
2146 3796 2334 3853 Gloria
2361 3797 2540 3853 Patri.
2573 3829 2640 3839 --
2688 3798 2892 3852 Exinde
2942 3809 3050 3852 tres
3080 3797 3484 3864 omnipatentes

1911 3907 2179 3964 personas
2213 3894 2362 3962 ipsas
2395 3902 2684 3962 postquam
2747 3889 3145 3946 nominavimus
3186 3897 3241 3942 et
3291 3889 3357 3942 ad
3392 3902 3485 3941 eas

1913 3985 2144 4055 gloriam
2197 4000 2307 4039 non
2365 3995 2570 4039 tantum
2608 3999 2772 4046 nunc,
2827 3983 2920 4038 sed
2967 3989 3018 4037 et
3069 3995 3282 4049 semper
3307 3989 3359 4034 et
3392 3972 3502 4048 per-

1912 4092 2072 4133 omne
2119 4078 2375 4134 saeculum
2429 4076 2720 4145 pertinere,
2775 4074 3059 4143 postquam
3115 4071 3373 4134 diximus,
3426 4071 3479 4124 ia

1911 4183 2082 4223 unum
2161 4167 2459 4237 jungentes
2516 4166 2951 4237 pronuntiamus.
3002 4195 3074 4204 -——
3129 4163 3482 4218 Sanctissima

1914 4259 2172 4316 Trinitas.
2210 4289 2276 4300 --
2298 4259 2365 4314 Et
2395 4275 2588 4314 rursus
2611 4259 2928 4312 invocnntes
2962 4271 3076 4322 cas,
3123 4253 3337 4309 Patrem
3362 4253 3483 4322 qui-

1909 4351 2057 4418 dem,
2090 4350 2376 4406 Dominum
2417 4351 2762 4405 nominamus
2793 4359 2852 4404 ut
2896 4361 3242 4412 creatorem;
3284 4345 3479 4401 Filium

220 4438 362 4523 αύτά
403 4439 474 4492 τὰ
504 4439 773 4510 θεαρχικὰ
799 4439 1090 4509 πρόσωπα,
1122 4442 1394 4509 καὶδόξαν
1421 4444 1604 4506 αὐτοῖς
1633 4463 1802 4515 προσ-

1911 4459 2064 4509 vero,
2102 4445 2419 4513 tnagislrum
2453 4453 2721 4506 nostrum,
2757 4451 2939 4512 utpote
2970 4445 3061 4513 qui
3094 4456 3192 4496 nos
3219 4442 3482 4505 sanguine

221 4527 381 4602 ήκειν
407 4529 674 4593 εἰπόντες,
702 4528 763 4580 οὐ
790 4528 886 4582 νῦν
909 4530 1090 4600 μόνον,
1152 4530 1288 4584 ἀλλὰ
1320 4532 1414 4586 καὶ
1453 4534 1540 4588 άεὶ
1587 4537 1677 4587 καὶ
1725 4537 1803 4600 εἰς

1909 4553 2011 4593 suo
2039 4536 2356 4600 redemit,ct
2386 4533 2650 4604 Spiritum
2681 4544 2948 4600 sanctum,
2967 4544 3148 4605 utpote
3169 4535 3257 4602 qui
3282 4547 3482 4588 nomen

221 4621 396 4675 αἰῶνα
427 4621 516 4674 τὸν
535 4622 778 4686 ἅπαντα,
816 4623 1279 4687 ὲπισυνάπτοντες
1311 4626 1508 4690 ἑνικῶς
1530 4629 1806 4696 ἐκφωνοῦ-

224 4729 347 4782 μεν.
386 4741 449 4758 -ν
479 4715 752 4782 Har-aria
788 4716 981 4781 Tplac.
1001 4745 1069 4756 --
1098 4717 1206 4769 Καὶ
1233 4712 1391 4780 αὖθις
1443 4699 1807 4789 ὲπικαλούμξε⁹

219 4822 303 4859 νοι
334 4804 530 4866 ταῦτα,
566 4805 659 4858 τὸν
691 4805 790 4875 μὲν
824 4806 1046 4875 Πατέρα
1100 4806 1308 4876 Κύριον
1345 4809 1702 4879 ὀνομάζοντες
1727 4813 1802 4875 ὡς

217 4897 575 4966 ἱημιουργδν,
607 4897 700 4950 τὸν
728 4897 855 4950 Υἱδν
881 4897 938 4950 δὲ
963 4900 1266 4970 Δεσπότην.
1290 4901 1364 4962 ὡς
1411 4902 1504 4955 καὶ
1537 4903 1631 4956 τοῦ
1664 4893 1798 4958 ἰδίου

219 4993 455 5062 εἵματος
523 4994 674 5062 ἡμᾶς
730 4993 1119 5064 ἀγοράσαντα,
1175 4996 1266 5047 τὶν
1321 4997 1378 5049 δὲ
1443 4997 1798 5068 Παράκλητον

221 5084 400 5153 ἆγιον,
433 5085 509 5148 ὡς
566 5084 712 5147 ἰδίως
759 5085 856 5154 τὴν
903 5087 1224 5155 ἐπωνυμίαν
1270 5104 1328 5139 τε
1368 5089 1463 5140 καὶ
1516 5087 1798 5160 ἐνέργειαν

219 5176 429 5246 ταύτην
460 5176 899 5246 πεπλουτηκότα,
925 5177 1078 5248 παρά
1105 5163 1200 5231 ¹τοῦ
1236 5179 1336 5247 μὲν
1363 5180 1592 5249 ἰλασμὺν
1622 5180 1800 5248 ἁμαρ-

175 5255 182 5261 ’
220 5269 355 5320 τιὼν
384 5269 726 5340 ἑξαιτοῦμεν,
754 5274 905 5340 παρὰ
947 5286 1042 5323 του
1080 5271 1136 5323 δὲ
1167 5271 1226 5324 τὸ
1268 5252 1430 5324 πλέον
1454 5271 1553 5342 τὴν
1582 5272 1794 5341 συγχώο

225 5378 385 5430 ρησιν
411 5360 636 5426 τούτων,
669 5365 821 5434 παρὰ
851 5364 948 5418 τοῦ
975 5364 1030 5418 δὲ
1062 5365 1122 5416 τὸ
1161 5363 1370 5435 λοιπον,
1399 5364 1798 5435 ἒπισκεφθῆναί

217 5471 279 5508 τε
324 5456 414 5506 καὶ
451 5438 670 5524 ἰαθῆναι
721 5430 821 5522 τάς
885 5430 1196 5519 ἀσθενείαςῖ
1249 5455 1548 5510 Νοσοποιδν
1576 5430 1705 5528 γάρ-
1745 5475 1798 5510 τι

223 5548 320 5600 καὶ
345 5545 520 5599 δεινὸν
549 5547 796 5617 ἁμαρτία
821 5550 919 5621 τὴν
949 5550 1064 5616 ἕξιν
1088 5550 1188 5620 τῆς
1214 5549 1390 5619 ψυχῆς
1437 5549 1754 5618 διαφθεῖραι
1783 5565 1798 5582 ο

302 5725 342 5755 ’⁷
376 5723 539 5782 Joan.
581 5741 654 5789 τι,
689 5726 774 5780 il.
860 5728 898 5758 "'
935 5727 1069 5782 Luc.
1096 5744 1153 5796 ιι,
1193 5728 1275 5782 Η.
1359 5728 1400 5760 ⁸³
1426 5727 1568 5782 Psal.
1609 5743 1714 5791 xu,
1745 5730 1796 5781 .‘i.

1908 4633 2012 4686 hoc
2067 4631 2318 4699 hancque
2387 4629 2644 4682 virtutem
2683 4629 2900 4699 proprie
2936 4627 3194 4698 possidet.
3241 4628 3323 4681 Ab
3375 4641 3483 4680 uno

1908 4724 2132 4793 quidem
2199 4723 2640 4792 propitiationem
2699 4730 3043 4791 peccatorum
3096 4721 3371 4787 petimus;
3415 4723 3482 4771 ah

1902 4817 2074 4869 altero
2124 4816 2299 4885 magis
2334 4815 2524 4867 horum
2572 4811 3051 4875 condonationrm,
3096 4812 3164 4865 ab
3189 4811 3360 4866 altero
3394 4826 3480 4864 rc-

1903 4907 2138 4975 liquum,
2169 4905 2540 4974 iuSpicicndas
2563 4904 2944 4972 sanandasque
2970 4903 3336 4958 inﬁrmitates.
3369 4905 3482 4959 Ali-

1907 4998 2035 5064 quid
2068 4998 2210 5052 euim
2243 4997 2404 5050 habet
2458 5009 2734 5065 peccatum
2762 4995 2906 5064 quod
2970 5009 3069 5049 nos
3102 5004 3336 5063 mgrotos
3363 4997 3480 5050 red-

1906 5091 2017 5155 dat,
2057 5100 2111 5141 ct
2143 5091 2337 5143 animm
2365 5087 2726 5142 valetudinem
2763 5102 3113 5156 corrumpere
3153 5099 3317 5156 queat
3345 5105 3360 5142 :
3389 5088 3477 5142 cui

1908 5182 2066 5251 culpa
2125 5181 2359 5234 liberatae
2394 5180 2586 5234 animae
2625 5177 2734 5235 Deo
2767 5195 2904 5249 opus
2951 5193 3033 5234 est
3068 5171 3472 5234 corroborante.

1909 5274 1976 5329 Et
2017 5289 2206 5328 rursus
2247 5275 2300 5326 in
2349 5290 2514 5328 llltllttl
2553 5278 2941 5344 contrahentes
2975 5275 3330 5332 addimus.—
3365 5271 3477 5327 No-

1907 5367 2059 5419 minis
2089 5367 2166 5418 tui
2201 5383 2388 5420 causa.
2412 5397 2478 5406 —-
2499 5365 2652 5433 Quod
2689 5366 2853 5437 igitur
2881 5381 3074 5420 nomen
3097 5366 3120 5418 ?
3147 5365 3470 5433 Misericors,

1909 5458 2003 5522 ait,
2061 5463 2114 5509 et
2177 5459 2522 5512 miseratione
2581 5458 2842 5514 Dominus
2908 5461 3116 5524 plenus,
3155 5457 3476 5524 lougauimis

1909 5559 1959 5604 et
2017 5550 2194 5605 salde.
2229 5552 2513 5618 illlSCfCllS,
2556 5551 2714 5622 cuius
2765 5553 2841 5607 rei
2902 5551 3070 5620 gratia
3126 5560 3176 5600 et
3240 5548 3306 5602 ab
3355 5561 3473 5617 tpso
