3974 6334
201 270 344 334 1185

1082 276 1320 335 MAHCI
1365 275 1734 336 EUGENICI
1778 275 1873 337 DE
1901 277 2139 342 OFFlC.
2175 280 2468 342 ECCLES.

3295 280 3430 345 1156

186 387 258 440 τὰ
306 385 468 439 λοιπὰ
518 384 850 447 ἀκολούθως.
883 386 1007 450 Τοῖς
1044 387 1098 441 δὲ
1127 386 1363 456 ψαλμοῖς
1399 387 1487 441 διὰ
1529 391 1588 442 τὸ
1619 389 1755 458 πρὸς

1889 392 2110 447 ιτοεούίι
2142 393 2280 458 dies,
2310 395 2514 465 aliquid
2546 395 2777 451 cettsmti
2821 395 2986 450 inest.
3020 424 3087 438 -ι
3129 393 3301 460 Quam
3353 398 3437 451 di-

185 476 339 540 τέλος
370 478 474 546 ήδη
528 477 626 545 τὴν
681 477 897 545 ἡμέραν
957 473 1094 530 εἶναι
1153 477 1491 547 κατάλληλόν
1519 480 1667 533 ἐστιν
1697 510 1793 530 --.

201 569 303 634 Ὠς
349 571 623 636 ἀγαπητὰ
680 570 752 623 τὰ
793 569 1162 640 σκηνώματά
1201 588 1341 635 σου,
1369 603 1440 613 -
1472 573 1625 645 παρά
1667 573 1767 644 μὲν

183 662 268 730 τῷ
295 662 496 730 πρώτῳ
523 662 602 722 τὸ,
640 661 956 729 Κρείσσων
988 663 1178 730 ἡμέρα
1227 662 1334 730 μία
1379 663 1448 716 ἐν
1501 664 1630 729 ταῖς
1659 665 1766 718 αὐ-

187 754 329 819 λαῖς
353 769 470 809 σου
498 753 651 823 ὑπὲρ
673 756 970 823 χιλιάδας,
988 786 1058 796 -
1083 757 1462 827 Εὐδόκησας,
1491 761 1762 828 Κύριε-.

191 846 349 918 παρὰ
370 848 424 901 δὲ
453 847 531 914 τῷ
558 847 814 918 δευτέρῳ,
854 847 1232 919 Εὺδόκησας,
1266 853 1612 919 Κύριε,¹τὴν
1642 851 1759 920 γῆν

187 955 331 1002 σου,
378 937 766 1007 ἀπέστρεψας
814 939 929 1008 τὴν
984 943 1408 1011 αἰχμαλωσίαν
1439 943 1660 998 Ἰακώϐ.
1696 974 1765 984 -

187 1028 436 1094 κλῖνον,
465 1023 664 1096 Κύριε,
697 1029 765 1083 τὸ
795 1026 908 1096 οὖς
945 1047 1095 1088 σου⁶
1124 1063 1193 1074 -
1212 1035 1362 1102 παρὰ
1388 1033 1444 1086 δὲ
1469 1034 1545 1103 τῷ
1576 1034 1765 1106 τρίτῳ,

201 1119 500 1188 Ἐλέησόν
535 1138 645 1189 με,
701 1123 1040 1190 Κύριε,’ὅτι
1066 1125 1220 1193 πρὸς
1270 1127 1346 1181 σὲ
1398 1128 1766 1198 κεκράξομαι

189 1210 347 1277 ὅλην
376 1211 492 1282 τὴν·
523 1211 776 1281 ἠμέραν,
813 1214 882 1268 τά
913 1229 972 1267 τε
1001 1218 1298 1287 τροπάριοι,
1333 1219 1482 1289 καὶὴ
1517 1220 1610 1272 ἐπὶ
1642 1220 1767 1274 τού-

188 1319 305 1364 τοις
341 1302 476 1372 εὐχὴ
533 1301 628 1355 τοῦ
679 1303 950 1374 σωτηρίου
999 1306 1246 1370 πάθους,
1281 1309 1377 1360 καὶ
1408 1310 1502 1363 τοῦ
1534 1309 1766 1365 θανάτου

193 1393 422 1462 μνήμην
449 1393 727 1447 ποιοῦντα.
763 1394 874 1447 Καὶ
908 1394 1081 1458 οὕτως
1129 1396 1498 1472 ἀπολυόμενοι
1536 1400 1766 1470 ταύτης,

189 1486 288 1538 ἐπὶ
316 1485 415 1556 τὴν
447 1486 740 1556 έσπερινὴν
775 1488 1050 1557 ὑμνῳδίαν
1075 1488 1366 1559 χωροῦμεν
1390 1506 1404 1521 ·
1435 1491 1526 1544 ὅτε
1566 1493 1771 1565 δηλαδὴ

195 1577 274 1647 μὴ
306 1578 532 1646 νηστεία
561 1596 620 1632 τε
661 1581 757 1633 καὶ
789 1581 1070 1649 μονοσιτία
1101 1582 1375 1654 παροῦσα,
1407 1583 1640 1656 διίστησι
1672 1585 1770 1655 μὲν

190 1669 301 1722 ἀπὸ
327 1669 433 1723 τῶν
462 1669 766 1738 ἑσπερινῶν
795 1669 894 1740 τὴν
925 1672 1177 1740 ὲννάτην,
1206 1677 1273 1744 τῇ
1303 1673 1442 1747 ἕκτῃ
1492 1675 1550 1727 δὲ
1600 1675 1771 1745 αὐτὴν

1873 485 2002 539 lecta
2041 485 2379 541 tabernacula
2404 497 2517 541 tua.
2545 517 2616 528 ι-
2651 486 2705 540 In
2741 488 2919 557 primo
2947 488 3049 542 hoc
3083 504 3097 540 :
3136 485 3318 539 Melior
3356 497 3432 540 est

1876 578 1985 632 dies
2020 595 2125 632 una
2165 579 2216 632 in
2248 579 2402 634 atriis
2449 581 2551 633 tuis
2582 595 2738 648 super
2774 579 2968 635 millia.
2997 608 3067 618 —
3090 577 3435 636 Benedimisti.

1871 669 2132 736 Domine;
2160 702 2227 712 —
2263 671 2314 724 in
2343 673 2586 726 secundo
2631 690 2643 725 :
2684 671 3029 736 Bwedixisti,
3062 670 3302 728 Domine.
3338 677 3439 720 ter-

1870 774 1985 818 ram
2016 774 2182 829 tuam;
2229 765 2468 818 avertisti
2497 765 2855 834 captivitatem
2895 763 3082 817 Iacob.
3111 793 3178 803 —
3211 761 3436 822 Inclina,

1867 855 2112 920 Domine,
2148 873 2330 911 aurem
2370 867 2514 909 tuam
2545 873 2563 921 ;
2607 886 2674 896 -—
2707 857 2760 909 in
2801 855 2987 919 tertio,
3018 853 3264 909 Miserere
3312 853 3437 915 mei,

1869 947 2118 1015 Domine,
2143 951 2388 1019 quoniam
2414 950 2482 1002 ad
2506 961 2554 1002 lc
2579 949 2799 1002 clamavi
2832 957 2939 1001 tota
2973 949 3076 1013 die,
3095 957 3149 1001 et
3176 947 3434 1016 tr0paria,

1869 1049 1925 1094 et
1957 1048 2144 1107 postea
2171 1040 2475 1095 oralionem
2503 1055 2624 1107 qua:
2648 1039 2979 1095 mentionem
3017 1038 3146 1092 facit
3170 1037 3439 1107 passionis

1868 1138 1922 1184 et
1954 1131 2148 1186 mortis
2191 1131 2434 1185 Domini.
2474 1129 2540 1184 Et
2589 1132 2669 1186 sic
2699 1133 2837 1186 hanc
2884 1141 3173 1201 postquam
3202 1128 3442 1184 absolvi-

1869 1238 1995 1278 mus
2075 1223 2266 1277 ltoram
2330 1223 2396 1276 ad
2455 1223 2821 1279 laudationem
2883 1223 3238 1293 vespertinam
3284 1222 3440 1276 cedi-

1871 1330 2014 1370 mus.
2048 1313 2290 1384 Quando,
2321 1314 2532 1369 scilicet
2557 1315 2825 1385 jejunium
2859 1326 2910 1370 et
2933 1314 3127 1370 unicus
3154 1313 3310 1370 cibus
3332 1327 3439 1366 non

1872 1407 2048 1472 adest,
2068 1415 2284 1474 separat
2304 1403 2512 1461 Nonam
2538 1422 2568 1461 a
2587 1405 2845 1476 Vesperis
2879 1415 2933 1460 et
2961 1406 3136 1461 Sexte
3160 1405 3441 1473 subjuugit

1873 1503 2000 1550 ante
2051 1493 2231 1550 cibum
2268 1505 2561 1562 cantatam,
2595 1499 2650 1550 in
2693 1511 2802 1566 quo
2836 1505 2889 1549 et
2925 1496 3327 1550 observantiam
3353 1509 3435 1550 eu-

1875 1601 1995 1642 rum
2021 1601 2141 1655 qnse
2174 1587 2430 1640 dicuntur
2463 1587 2592 1656 typi.
2622 1585 2715 1640 liae
2747 1595 2872 1641 sunt
2901 1601 3081 1656 partes
3105 1600 3294 1641 eorum
3326 1599 3447 1654 qua:

1874 1692 2044 1732 sacras
2071 1676 2348 1732 adduntur
2375 1677 2632 1747 liturgiae,
2673 1678 2894 1746 quando
2928 1678 3018 1732 illa
3076 1693 3180 1732 non
3228 1675 3447 1747 ρει-θοι·
3480 1715 3485 1720 .

186 1763 475 1827 συνάπτει,
506 1766 610 1832 πρὸ
658 1764 757 1833 τῆς
808 1764 1015 1834 τροφῆς
1048 1766 1342 1836 ᾀδομένην,
1378 1768 1434 1820 ὲν
1462 1762 1506 1835 ᾧ
1536 1768 1631 1822 καὶ
1666 1768 1766 1838 τὴν

1895 1785 1982 1831 ur.
2035 1779 2087 1823 et
2146 1779 2372 1824 servant
2429 1770 2549 1837 ejus
2614 1771 2836 1835 locum,
2889 1785 3028 1840 quas
3082 1768 3244 1823 modo
3301 1767 3448 1827 huic,

190 1854 304 1907 τῶν
368 1856 614 1908 τυπικῶν
665 1856 1016 1925 καλουμένων
1082 1858 1426 1914 ἀκολουθίαν.
1489 1859 1649 1914 Ἔστι
1708 1860 1764 1914 δὲ

1889 1862 2010 1928 lico,
2043 1879 2220 1930 neme,
2260 1864 2421 1918 modo
2464 1864 2562 1931 illi,
2584 1865 2787 1920 scilicet
2811 1875 2976 1920 sextae
3002 1864 3341 1934 adaptamus.

189 1949 366 2004 ταῦτα
395 1951 536 2022 μέρη
564 1950 671 2004 τῶν
707 1952 766 2004 ὲν
793 1953 860 2022 τῇ
898 1952 1018 2021 ἱειρᾷ
1069 1952 1387 2023 λειτουργίᾳ
1425 1956 1875 2025 προσᾳδομένων,
1903 1960 1989 2011 ὅτε
2036 1959 2110 2027 μὴ
2139 1959 2321 2028 ἐκείνη
2377 1959 2623 2030 τελῆται,
2694 1962 2792 2029 τὴν
2859 1961 3028 2034 αὐτῆς
3097 1958 3451 2023 ἁποσώζοντα

191 2042 401 2116 χώραν,
430 2048 518 2101 ὁτὲ
549 2047 647 2117 μὲν
693 2047 891 2118 ταύτῃ.
942 2047 1087 2115 φημὶ
1131 2051 1197 2118 τῇ
1237 2051 1433 2122 ίννὰτῃ
1465 2091 1481 2116 ,
1524 2051 1612 2106 ὁτὲ
1643 2051 1701 2104 δὲ
1732 2054 1934 2126 ἐκείνῃ,
1969 2056 2033 2124 τῇ
2065 2053 2198 2124 ἕκτῃ
2231 2055 2432 2125 δηλαδὴ
2465 2055 2905 2125 συναρμόζομεν.

643 2141 782 2210 Περὶ
833 2142 940 2198 τοῦ
964 2142 1308 2211 ἐσπερινοῦ.

271 2232 376 2286 Τοῦ
411 2233 466 2286 δὲ
498 2233 991 2304 ἑσπερινοῦοὕμνου
1050 2237 1284 2306 προάγει
1320 2235 1418 2305 μὲν
1452 2227 1480 2290 ὁ
1510 2243 1593 2307 ργ¹
1621 2237 1775 2306 ψαλ-

198 2325 321 2398 μδς,
351 2357 406 2368 -—
437 2327 714 2397 Εὐλότει,
743 2326 781 2395 ή
812 2328 981 2396 ψυχή
1010 2345 1157 2398 μου,
1180 2343 1248 2367 -’-
1269 2329 1366 2397 τὴν
1397 2328 1506 2381 τῶν
1536 2326 1773 2396 κτισμά-

192 2438 305 2475 των
337 2414 706 2490 δημιουργῖαν
748 2421 880 2490 ἡμῖν
914 2420 1254 2496 ὑπογράφων
1282 2461 1297 2484 ,
1333 2419 1514 2473 καὶτὸ
1540 2419 1772 2474 ἑκάστου

192 2515 467 2584 χρήσιμον
505 2512 820 2578 ἐκθειάζων,
858 2514 951 2565 καὶ
988 2511 1077 2565 ἐπ’
1131 2513 1318 2574 αὐτοῖς
1371 2513 1462 2564 τὸν
1499 2514 1777 2580 Δημιουρ-

194 2608 294 2674 γὸν
341 2605 639 2674 ἀννμνῶν·
693 2604 794 2674 τῆς
851 2604 960 2671 γὰρ
1019 2603 1237 2674 ἡμέρας
1273 2602 1374 2673 ήδη
1410 2601 1780 2656 συντελεσθεί-

200 2715 331 2766 ang,
361 2698 482 2767 ἥτις
512 2697 646 2768 ἡμῖν
671 2698 749 2759 είς
767 2696 1073 2749 ἀπόλαυσιν
1103 2693 1212 2749 τῶν
1251 2694 1344 2748 τοῦ
1377 2694 1510 2748 Θεοῦ
1545 2692 1778 2762 κτισμά-

199 2807 311 2843 των
363 2791 497 2861 cap‘
527 2787 691 2843 αὐτοῦ
725 2787 998 2858 ἐδωρήθη.
1038 2787 1156 2841 δέον
1186 2786 1254 2840 ἂν
1302 2787 1386 2856 εῐη
1418 2787 1529 2856 τὴν-
1569 2786 1657 2840 ἐπ’
1682 2787 1781 2840 αύ-

199 2884 315 2946 τοῖς
346 2883 699 2952 εὐχαριστίαν
727 2882 991 2935 ἀνάπτειν
1030 2881 1109 2952 τῷ
1135 2880 1424 2952 κηδεμόνι-
1445 2880 1545 2950 τῆς
1574 2881 1776 2950 ἡμετέο

204 2990 309 3041 ρας
336 2946 504 3042 Cotile:
528 2973 625 3026 καὶ
651 2972 770 3043 μετ’
794 2972 964 3042 αὐτὴν
986 2946 1165 3043 ἕτεροι
1193 2946 1382 3038 πάλιν,
1402 2946 1579 3042 ἶύχων
1596 2946 1778 3043 viapth

206 3064 413 3133 μεταξὺ
443 3065 779 3133 γενομένων,
817 3095 883 3105 -
916 3065 1118 3132 Κύριε,
1153 3063 1470 3134 ἐκέκραξα,
1510 3065 1608 3119 καί
1643 3082 1778 3134 φω-

2333 2146 2408 2200 De
2438 2148 2626 2218 hymno
2645 2148 2958 2216 vespertino.

1949 2238 2344 2295 Laudationem
2382 2239 2748 2309 vespertinam
2773 2237 2964 2308 incipit
2996 2238 3240 2308 psalmus
3263 2243 3452 2294 cente—

1877 2331 2054 2385 simus
2080 2331 2295 2397 tertius,
2326 2329 2654 2395 —Bcncdic,
2681 2331 2858 2384 anima
2893 2347 3029 2394 mea,
3051 2363 3120 2372 —
3150 2345 3270 2399 qua:
3295 2330 3452 2384 nobis

1876 2434 2258 2477 creaturarum
2289 2423 2622 2476 creationem
2658 2417 2920 2477 deseribit
2948 2431 3001 2477 et
3020 2421 3312 2487 cnjuslibvt
3341 2423 3450 2475 uti-

1881 2513 2087 2567 litatem
2128 2513 2333 2578 laudat,
2366 2523 2420 2568 et
2464 2526 2648 2584 postea
2680 2514 2994 2568 Creatorem
3039 2513 3313 2581 eu-lebrat;
3369 2514 3455 2567 die

1881 2605 2030 2660 enim
2077 2602 2188 2673 jam
2218 2604 2368 2659 ﬁnita
2401 2621 2523 2675 qua:
2549 2606 2707 2660 nobis
2739 2617 2796 2661 ut
2826 2605 2916 2658 Dei
2950 2605 3216 2660 creaturis
3249 2607 3458 2660 fruere-

1883 2700 2006 2750 mur
2038 2695 2106 2752 sb
2134 2710 2198 2751 eo
2219 2694 2346 2751 data
2377 2705 2478 2760 est,
2520 2698 2806 2766 oportebat
2843 2697 2911 2751 de
2938 2697 3022 2751 his
3051 2697 3217 2752 rebus
3251 2699 3457 2767 gratias

1882 2800 2043 2856 agere
2067 2784 2203 2852 Deo,
2228 2786 2317 2842 cui
2348 2802 2493 2842 cura:
2517 2795 2600 2843 est
2634 2789 2739 2842 vita
2773 2799 2991 2854 nostra;
3017 2798 3073 2843 et
3103 2799 3222 2855 post
3250 2803 3341 2844 cas
3362 2789 3453 2843 alii

1890 2892 2111 2946 rursus,
2148 2880 2342 2947 psalmi
2371 2880 2630 2949 precibus
2661 2882 2834 2936 sacris
2870 2882 3322 2949 interpositis,——
3347 2881 3456 2935 Da-

1887 2975 2047 3040 minc,
2099 2973 2348 3038 clamavi,
2384 2983 2434 3028 ct
2473 2988 2573 3028 vos:
2639 2989 2753 3027 mea
2798 2973 2866 3025 ad
2911 2972 3219 3036 Dominum,-
3270 3002 3338 3013 —
3367 2974 3462 3042 qui

1887 3075 2178 3123 cantantur
2207 3065 2488 3121 modulate
2519 3066 2740 3136 quando
2775 3075 2985 3135 tempus
3019 3075 3124 3130 est,
3166 3071 3220 3121 et
3260 3065 3463 3120 habent

141 3186 144 3188 ν
204 3159 286 3224 νὴ
315 3175 434 3227 μου
483 3157 629 3225 πρὸς
659 3157 898 3225 Κύριον,
934 3156 1082 3208 -οἶ
1129 3159 1224 3211 καὶ
1262 3158 1478 3230 ᾅδονται
1511 3158 1650 3226 μετὰ
1686 3156 1782 3226 μέ-

1889 3161 2091 3232 aliqua,
2124 3175 2248 3231 qua!
2272 3169 2587 3224 cantantur,
2632 3162 2894 3229 troparia.
2927 3168 2980 3214 et
3031 3160 3085 3213 in
3127 3159 3257 3228 ipsis
3287 3159 3461 3213 multa

206 3252 357 3313 λους,
393 3250 553 3302 ὁπότε
589 3250 780 3303 τούτου
809 3251 1022 3320 καιρὸς,
1059 3252 1158 3304 καὶ
1198 3251 1592 3322 προσᾳδόμενα.
1628 3250 1781 3320 ἐχου-

208 3360 266 3394 σι
300 3340 407 3395 τῶν
440 3340 753 3411 τροπαρίων
782 3342 926 3406 τινὰ,
967 3342 1062 3400 καὶ
1095 3343 1151 3394 έν
1183 3343 1364 3406 αὐτοῖς
1397 3341 1570 3396 πολλὰ
1606 3343 1672 3396 τὰ
1708 3346 1775 3414 τῇ

208 3433 334 3504 ὥρᾳ
359 3433 726 3503 προσήκοντα,
767 3432 1071 3501 Ἐπαρονις
1099 3433 1208 3503 γὰρ
1238 3432 1358 3486 τῶν
1386 3434 1604 3502 χειρῶν
1637 3452 1778 3502 μου,

217 3525 408 3581 θυσία
440 3524 757 3592 ἑσπερινήο
793 3529 906 3589 καὶ,
929 3524 1078 3580 Ἀπὸ
1107 3523 1390 3595 φυλακῆς
1413 3526 1639 3594 πρωῖας
1683 3526 1786 3597 μέ-

212 3636 314 3688 χρι
359 3617 614 3684 νυκτὸς,
670 3616 788 3672 ἀπὸ
849 3615 1136 3694 φυλακῆς
1201 3619 1433 3685 πρωΐας
1482 3617 1790 3674 ἐλπισάτω

225 3709 477 3778 Ἰσραὴλ
507 3709 602 3764 ἐπὶ
628 3709 736 3763 τὸν
766 3709 1006 3777 Κύριον,
1031 3710 1126 3763 καὶ
1166 3710 1218 3762 ετ
1242 3726 1295 3762 τι
1332 3710 1599 3765 τοιοῦτον.
1633 3709 1787 3765 Μετὰ

215 3800 378 3856 τοῦτο
406 3801 550 3855 κατὰ
582 3801 681 3872 τὴν
714 3801 1011 3872 γινομένην
1048 3800 1143 3870 τοῦ
1189 3801 1379 3873 ἱερέως
1405 3803 1631 3870 εἴσοδον,
1666 3805 1788 3873 ἥτις

219 3897 356 3964 ἡμῖν
385 3894 485 3965 τὴν
527 3893 626 3948 τοῦ
676 3893 934 3966 Σωτῆρος
965 3895 1022 3949 ὲν
1050 3896 1217 3966 σαρκὶ
1247 3896 1554 3966 παρουσίαν
1586 3896 1678 3950 ιπὶ
1698 3897 1789 3950 τὸν

218 3986 451 4055 κόσμον,
487 3988 585 4041 καὶ
636 3979 797 4048 αὖθις
845 3985 1186 4056 ἐπιστροφὴν
1242 3987 1379 4055 πρὸς
1427 3986 1516 4041 τὸν
1570 3987 1792 4058 Πατέρα

219 4077 576 4145 ἐξεικονίζει,
628 4079 656 4131 ὁ
708 4073 804 4130 τοῦ
859 4079 1136 4147 μάρτυρος
1182 4077 1581 4147 Ἀθηνογένους
1608 4077 1794 4148 ᾅδεται

224 4170 481 4238 ἑσπέριος
513 4168 702 4238 ὕμνος,
731 4194 800 4209 --
829 4169 957 4234 Φῶς
1010 4169 1243 4238 ἱλαρὸν,
1269 4201 1339 4212 ——
1366 4170 1424 4222 ὃν
1476 4171 1664 4241 ὁρμῶν
1701 4171 1794 4223 ἐπὶ

220 4263 323 4334 τὴν
353 4262 441 4316 διὰ
470 4262 639 4333 πυρὸς
671 4263 774 4332 ἥδη
796 4261 1101 4328 τελείωσιν,
1133 4263 1208 4326 ὡς
1252 4263 1281 4314 ὁ
1319 4263 1493 4332 μέγας
1521 4264 1656 4332 φησὶ
1686 4263 1794 4318 Βοι-

223 4355 444 4420 σίλειος,
476 4348 628 4426 ᾖσεν,
661 4383 729 4394 ——-
770 4353 1047 4422 Ετπωμεν
1075 4414 1078 4417 ,
1104 4353 1349 4421 πάντες.
1385 4385 1453 4395 —
1484 4355 1655 4426 Εὑχαὶ
1705 4358 1796 4410 hri.

221 4448 397 4517 τούτῳ
437 4450 532 4502 καὶ
561 4430 1086 4514 αίτὴσειςδὰγαθῶν
1129 4450 1242 4509 τοῖς
1299 4448 1588 4517 δεομένοις
1641 4449 1796 4519 παρὰ

1885 3264 2015 3312 sunt
2043 3270 2165 3324 qua:
2188 3253 2336 3308 hora:
2361 3262 2615 3322 aptentur
2643 3250 2921 3306 :Elevatio
2945 3268 3199 3305 manuum
3225 3267 3464 3306 mearum

1891 3347 2218 3415 sacriﬁcium
2269 3346 2619 3412 vespertinum
2670 3363 2682 3399 :
2723 3355 2799 3411 et,
2840 3346 2876 3397 Α
2922 3345 3159 3398 custodia
3200 3337 3464 3398 matutina

1889 3455 2049 3509 usque
2067 3437 2135 3492 ad
2164 3447 2387 3504 noctem,
2419 3457 2450 3492 α
2483 3438 2722 3492 custodia
2770 3437 3040 3490 matutina
3091 3446 3261 3504 speret
3291 3435 3465 3490 Israel

1889 3535 1943 3587 in
1977 3531 2232 3587 Domino:
2253 3542 2303 3587 ct
2335 3531 2380 3587 si
2413 3546 2535 3601 quae
2558 3529 2890 3598 huiusmodi.
2925 3528 3132 3584 Postea
3162 3529 3215 3583 in
3239 3529 3462 3584 introitu

1892 3626 2194 3682 sacerdotis
2257 3624 2348 3693 qui
2419 3623 2578 3678 nobis
2635 3624 2984 3693 praesentiam
3047 3620 3348 3677 Salv-storis
3411 3621 3463 3674 in

1891 3734 2058 3775 carne
2101 3727 2158 3774 et
2198 3718 2251 3772 in
2284 3716 2489 3770 mundo
2520 3722 2895 3784 repraesentat,
2923 3722 2976 3767 et
3002 3729 3193 3768 rursus
3223 3713 3461 3768 reditum

1891 3798 2008 3878 ejus
2047 3808 2116 3864 ad
2165 3807 2407 3874 Patrem,
2469 3812 2720 3862 cantatur
2772 3805 3028 3875 martyris
3093 3803 3468 3870 Atltenogenis

1893 3901 2235 3973 vespertinus
2291 3899 2550 3971 hymnus,
2603 3926 2673 3937 —
2707 3894 2902 3950 Lumen
2934 3896 3125 3960 hilare,
3178 3926 3248 3937 —-
3283 3908 3464 3965 quem,

1891 3995 2002 4066 jam
2053 3993 2322 4050 festinans
2357 3992 2422 4046 ad
2455 3983 2684 4048 mortem
2743 3991 2865 4062 igne
2894 3990 3260 4053 subeundam,
3309 3995 3367 4042 ut
3393 3989 3468 4043 ait

1899 4103 2129 4159 magnus
2189 4085 2443 4150 Basilius,
2475 4085 2735 4140 cantavit:
2769 4113 2838 4127 -
2873 4082 3120 4136 Dicamus
3169 4098 3372 4145 omnes,
3403 4109 3464 4121 -

1899 4194 2084 4248 preces
2119 4186 2242 4249 post
2269 4193 2394 4232 eum
2437 4185 2492 4232 et
2519 4176 2810 4246 petitiones
2856 4163 3221 4243 quaerentium
3251 4175 3390 4229 bona
3437 4190 3468 4228 a

1900 4274 2033 4338 Deo,
2062 4299 2131 4314 -—
2169 4271 2418 4342 Dignarc,
2442 4269 2679 4324 Domine.
2713 4298 2784 4309 —
2813 4267 2877 4322 Et
2903 4269 3047 4323 inter
3080 4283 3173 4322 eas
3210 4268 3469 4331 atterite-

1902 4374 2019 4414 rum
2068 4359 2304 4429 hymnus
2335 4375 2401 4413 ex
2433 4357 2612 4412 verbis
2669 4357 3026 4429 psalmorum,
3053 4365 3105 4411 et
3139 4372 3329 4412 rursus
3359 4368 3472 4413 tro-

1902 4450 2075 4521 paria.
2119 4479 2187 4492 —
2219 4448 2380 4503 Nunc
2432 4449 2674 4504 dimittis.
2717 4479 2786 4490 -——
2822 4449 2885 4503 Et
2939 4458 3058 4518 post
3120 4452 3182 4504 ea
3226 4450 3347 4519 ejus
3377 4448 3467 4517 qui

224 4539 386 4602 Θεοῦ,
415 4568 486 4579 -
511 4537 921 4601 Καταξίωσον,
956 4539 1152 4604 Κύριε.
1191 4568 1262 4579 --—
1301 4539 1413 4591 Καὶ
1443 4541 1647 4609 μεταξὺ
1678 4541 1782 4595 τούι

1908 4543 2073 4598 Deum
2113 4541 2352 4612 suscepit
2380 4541 2656 4598 Simeonis
2687 4543 3000 4611 gratulatio,
3036 4541 3178 4597 sicut
3219 4543 3308 4596 ille
3335 4542 3469 4598 libe-

237 4647 350 4684 των
383 4632 573 4700 ἕτερος
615 4625 769 4691 αὖθις
819 4628 985 4698 ὕμνος
1019 4630 1126 4684 ἀπὸ
1159 4631 1338 4699 ῥητῶν
1363 4631 1675 4700 ψαλμικῶν,
1708 4636 1782 4687 κα¹

1908 4636 2174 4691 rationem
2209 4650 2239 4687 a
2273 4649 2502 4704 corpore
2527 4651 2747 4690 causam
2779 4636 3011 4691 habebat
3039 4637 3262 4701 laetitias,
3280 4637 3468 4691 eodem

223 4725 502 4794 τροπάριοι
538 4723 726 4778 πάλιν.
756 4752 820 4763 —
854 4723 984 4776 Νῦν
1020 4724 1334 4790 ἀπολύεις.
1367 4754 1436 4765 -
1463 4726 1572 4779 Καὶ
1597 4725 1682 4778 ἐπ’
1704 4727 1801 4779 ab-

223 4822 336 4879 τοῖς
361 4821 394 4887 ἡ
429 4817 524 4870 τοῦ
560 4817 808 4887 θεοδόχου
843 4817 1070 4886 Συμεὼν
1108 4819 1530 4888 εύχαριστήριος
1558 4821 1798 4889 εὐλογία,

225 4911 479 4981 καθάπερ
503 4912 707 4973 ἐκεῖνος
744 4910 843 4980 τὴν
895 4910 1004 4963 ἀπὸ
1053 4910 1146 4965 τοῦ
1202 4910 1455 4976 σώματος
1489 4913 1641 4965 λύσιν
1672 4913 1801 4983 ήδοο

228 5004 328 5071 νῆς
359 5003 618 5055 ὑπόθεσιν
670 5004 944 5068 ἐποιεῖτο,
976 5003 1067 5056 τὸν
1124 5003 1284 5056 αὑτὸν
1343 5003 1406 5073 δὴ
1457 5005 1662 5072 τρόπον
1710 5008 1805 5059 καὶ

232 5097 369 5166 ημῖν
391 5093 794 5159 ὑποϐάλλουσα,
826 5095 923 5161 τῆς
955 5094 1135 5157 ὲξὸδου
1164 5111 1221 5145 τε
1257 5095 1328 5149 ὡς
1363 5095 1462 5164 ἤδη
1500 5096 1804 5167 παρούσης,

231 5188 303 5258 ἢν
369 5187 403 5254 ἠ
450 5184 661 5252 ἑσπέρα
718 5182 1118 5253 χαρακτηρίζει
1175 5183 1512 5252 μεμνῆσθαι,
1564 5185 1660 5236 καὶ
1719 5187 1805 5237 ἐπ’

1906 4738 2054 4784 certe
2085 4727 2248 4782 modo
2272 4738 2327 4782 et
2362 4728 2517 4783 nobis
2569 4743 2868 4797 suggerens
2924 4728 3242 4783 memoriam
3293 4729 3473 4785 exitus

1904 4821 2060 4892 quasi
2086 4821 2370 4891 praisentis
2391 4836 2553 4890 quem
2579 4830 2732 4876 natat
2785 4836 3032 4888 vespera,
3089 4829 3145 4875 et
3197 4830 3318 4891 post
3349 4837 3473 4878 eum

1906 4914 2019 4968 Deo
2050 4914 2211 4984 digna
2242 4914 2527 4981 gratulari.
2584 4944 2652 4954 —
2698 4912 2923 4967 Sanctus
2972 4913 3133 4980 Deus,
3164 4944 3236 4956 --
3277 4925 3329 4969 et
3359 4916 3479 4969 Tri-

1913 5004 2101 5073 sagion
2143 5003 2399 5073 hymnus,
2433 4998 2654 5072 et'quae
2702 5015 3026 5073 sequuntur,
3075 5012 3130 5058 et
3180 5005 3476 5074 troparium

1912 5094 2185 5163 quoddam
2217 5097 2579 5159 dimissionis,
2604 5106 2656 5149 et
2681 5106 2800 5164 post
2834 5111 2897 5151 ea
2965 5097 3263 5152 sacerdmis
3306 5099 3480 5154 oratio

1916 5204 1978 5241 ex
2015 5188 2115 5243 hac
2144 5188 2363 5258 liturgia
2399 5204 2495 5244 nos
2525 5188 2767 5242 dimittit.

233 5279 375 5347 αὐτῇ
414 5275 696 5328 «cs-um:
729 5272 986 5326 rbv'Bsbv
1019 5272 1263 5339 εὐλογεῖν
1296 5303 1355 5312 -
1403 5277 1663 5364 Ἅγιοςο
1692 5275 1929 5342 Θεὸςι-
1954 5277 1981 5330 ὅ
2007 5296 2066 5332 τε
2098 5279 2400 5350 Τρισάγιος
2440 5280 2625 5349 ὕμνος,
2687 5280 2781 5332 καὶ
2824 5279 2891 5332 τὰ
2961 5278 3090 5347 εξῆς
3136 5279 3258 5348 μετ’
3297 5279 3483 5344 αὐτὸν,

235 5367 334 5418 sui.
385 5364 686 5434 τροπὰριόν
732 5381 785 5417 τι
823 5364 923 5432 τῆς
968 5364 1307 5427 ἀπολύσεως,
1361 5367 1455 5417 καὶ
1501 5365 1588 5418 ἐπ’
1621 5365 1804 5431 αὐτοῖς
1843 5369 1994 5437 ἡτοῦ
2028 5371 2221 5442 ἱερέως
2242 5372 2396 5443 εὐχὴ,
2428 5374 2524 5424 καὶ
2552 5371 2758 5440 ταύτης
2813 5374 2958 5442 ἡμᾶς
3002 5372 3325 5442 ἀποπέμπει
3387 5375 3486 5444 τῆς

237 5464 413 5514 ὶειτου
425 5461 605 5530 ργίας.

664 5553 803 5621 Περὶ
830 5555 934 5607 τοῦ
976 5556 1376 5609 ἀποδείπνου.

316 5651 519 5709 Λοιπός
555 5649 670 5701 ἐστι
707 5648 804 5702 καὶ
866 5649 1227 5710 τελευταῖοςό
1269 5650 1593 5712 ἀπέδειπνος
1625 5649 1813 5720 ὕμνος,

239 5744 302 5797 ὃν
334 5745 426 5796 ἐπὶ
461 5743 548 5796 τὸν
576 5741 741 5794 ὕπνον
768 5741 867 5809 ἤδη
896 5741 1240 5809 τρεπόμενοι,
1290 5743 1386 5794 καὶ
1428 5743 1526 5814 τὴν
1563 5743 1807 5798 ἀνάπαυ-

2348 5556 2426 5610 Dc
2465 5556 2630 5626 ofﬁcio
2662 5565 2779 5627 post
2807 5572 3028 5610 arenam.

1989 5652 2251 5722 Reliquus
2268 5658 2320 5704 et
2351 5649 2580 5705 ultimus
2610 5659 2714 5718 est,
2734 5651 2821 5721 qui
2851 5659 2968 5718 post
2996 5661 3236 5711 cmnam,
3256 5646 3496 5718 hymnus

1889 5742 2082 5816 'quem
2139 5744 2252 5814 jam
2314 5743 2378 5798 ad
2423 5759 2676 5800 somnum
2723 5742 2970 5799 conversi
3032 5751 3084 5797 et
3131 5741 3204 5796 ad
3250 5737 3492 5811 quietem
