4046 6318
463 254 536 318 Ἠ

1618 257 2051 315 SIGEBERTUS
2080 258 2632 317 'GEMBLACENSIS.

3663 271 3735 326 t2

470 383 537 441 de
579 368 865 436 elevations
904 384 1075 436 sancti
1113 380 1229 451 ejus
1268 381 1502 451 corporis
1537 381 1688 449 capit
1724 396 1881 451 agere
1912 381 2056 451 apud
2080 384 2129 441 Α
2156 380 2323 435 inulta
2338 380 2575 435 contulit
2598 381 2671 434 ad
2692 397 2845 436 usum
2873 392 2924 435 et
2944 393 3189 438 ornatum
3215 384 3469 454 ecclesiis,
3492 403 3618 457 qua:
3640 406 3736 444 aea

470 486 578 536 eos,
627 485 847 541 quorum
897 469 993 523 hoc
1021 478 1136 524 erat
1186 470 1544 523 auctoritatis.
1603 469 1834 540 Denique
1871 470 2052 524 damni

470 554 748 617 Liethardi
788 561 993 615 abbatis
1024 561 1291 616 voluntate
1322 561 1566 615 consulta
1599 569 1650 615 et
1697 562 2054 616 benedictione

468 662 734 722 percepta,
774 651 844 705 ad
874 652 1261 722 impetrandam
1292 668 1450 722 super
1479 652 1629 705 verba
1662 652 1891 722 episcopi
1912 650 2053 707 Leo-

468 743 666 797 diensis
710 744 1114 809 auctoritatem,
1162 744 1273 813 ipse
1316 743 1381 797 ab
1433 760 1495 797 eo
1546 745 1774 814 suscepit
1827 742 2051 815 legatio-

454 850 585 888 nem
617 834 716 906 (7),
745 849 975 905 eamque
1001 834 1115 905 jam
1162 834 1273 889 fere
1314 835 1696 906 octogenarius
1744 843 1891 889 tanta
1925 850 2049 890 cum

467 925 788 981 dexteritate
820 927 1009 998 gessit,
1039 936 1099 980 ut
1129 926 1183 980 in
1215 927 1334 996 ipso
1359 925 1472 981 fere
1502 926 1624 981 vita:
1657 925 1763 981 line
1785 926 1896 981 voti
1929 934 2053 980 tan-

454 1016 591 1072 dem
617 1033 862 1088 compos,
885 1033 937 1073 a.
963 1016 1258 1072 llwillius
1282 1016 1599 1072 elevationis
1621 1017 1885 1071 solemnia
1901 1015 2054 1071 vide-

465 1117 550 1164 ret
594 1117 649 1164 et
692 1109 1017 1165 lectionibus
1068 1118 1230 1180 atque
1280 1108 1596 1178 antiphonis
1641 1109 1758 1178 ipse
1805 1107 2050 1163 celebra—

463 1210 548 1256 ret
573 1200 672 1273 (8).
718 1200 946 1257 Biennio
967 1210 1108 1272 post,
1149 1218 1209 1255 ιιι
1250 1200 1388 1256 Non.
1426 1199 1543 1256 Oet.
1576 1200 1712 1255 1112
1739 1200 1837 1271 (9),
1890 1200 2045 1256 obiit.

466 1292 641 1359 Quam
665 1302 874 1365 gratam
899 1302 1022 1365 post
1044 1309 1102 1349 se
1128 1294 1449 1348 memoriam
1470 1292 1769 1363 reliquerit,
1789 1292 1862 1348 ita
1883 1301 2050 1348 testa-

468 1394 556 1441 tur
574 1387 875 1457 discipulus
910 1387 1026 1456 ejus
1049 1385 1456 1442 Gemblacensis
1487 1386 1597 1458 (10)
1630 1403 1643 1440 :

537 1477 774 1533 Domnus
816 1476 1139 1549 Sigebertus,
1184 1493 1387 1530 morum
1420 1476 1680 1547 probitate
1720 1486 1769 1530 et
1811 1476 2048 1531 scientia:

464 1569 862 1640 multiplicitate
876 1568 1177 1646 laudabilis.
1187 1577 1236 1622 et
1259 1577 1441 1640 gratus
1456 1569 1539 1623 sui
1569 1569 1814 1638 temporis
1834 1568 2047 1638 sapien-

467 1662 626 1729 tibus,
652 1679 755 1716 non
773 1662 971 1732 indiget
1001 1661 1197 1715 nostris
1227 1660 1496 1727 laudibus,
1524 1661 1650 1731 quia
1684 1659 1909 1714 laudant
1927 1676 2046 1713 eum

464 1744 622 1823 opera
656 1753 791 1823 ejus.
829 1752 963 1807 Cum
1002 1754 1140 1807 enim
1164 1761 1297 1806 esset
1319 1751 1572 1822 juvenilis
1604 1753 1781 1806 astatis
1821 1759 2050 1822 tempore

469 1844 749 1898 Mascelini
791 1844 1020 1911 abbatis,
1054 1842 1371 1898 Metensibus
1406 1844 1710 1913 notiﬁcatus
1734 1851 1783 1897 et
1811 1843 1867 1896 in
1896 1858 2048 1896 ceno-

463 1934 548 1989 bio
575 1936 749 1989 sancti
780 1929 1038 1989 Vincentii
1060 1935 1301 1988 martiris
1326 1950 1447 1988 cum
1462 1933 1729 1987 Fulcuino
1750 1933 1934 1987 abbate
1953 1932 2048 1986 diu

462 2037 822 2093 conversatus,
843 2026 1117 2097 sapientia:
1136 2025 1254 2095 fons
1274 2016 1458 2095 patens
1478 2032 1591 2078 erat
1612 2039 1716 2077 non
1740 2022 1911 2077 solum
1936 2038 2049 2077 mo-

462 2117 669 2184 nachis,
706 2116 796 2171 sed
831 2125 880 2171 et
924 2116 1129 2170 clericis
1169 2116 1238 2169 ad
1284 2130 1338 2171 se
1381 2114 1614 2185 undique
1643 2112 2045 2184 confluentibus.

464 2208 652 2262 Multis
684 2207 1019 2262 Mettensium
1047 2207 1299 2278 hodieque
1322 2204 1503 2259 dulcis
1536 2213 1613 2260 est
1634 2204 1748 2274 ejus
1772 2204 2045 2271 memoria,

459 2297 727 2370 in’quibus
749 2299 921 2352 adhuc
938 2305 1215 2368 supersunt
1238 2296 1494 2350 doctrina:
1507 2295 1621 2365 ejus
1647 2295 1887 2364 vestigia.
1916 2292 2049 2359 Quas

459 2391 539 2446 vel
569 2400 767 2463 quanta
801 2390 917 2444 illic
942 2390 1130 2460 degens
1154 2395 1343 2460 rogatu
1371 2402 1549 2442 eorum
1575 2386 1776 2456 scripta
1800 2385 2046 2451 ediderit,

457 2484 570 2553 ipse
605 2482 832 2536 ostendit
857 2482 912 2535 in
957 2481 1092 2535 libro
1120 2479 1413 2534 illustrium
1444 2479 1697 2544 virorum,
1725 2492 1878 2548 quem
1905 2491 2050 2529 com-

455 2576 668 2647 posuit..
692 2573 815 2628 Non
842 2572 1169 2635 solummodo
1197 2570 1542 2630 Christianis.
1575 2570 1666 2623 sed
1698 2578 1749 2623 et
1777 2567 1964 2622 Judeis
1990 2568 2049 2621 in

457 2648 637 2722 eadem
679 2667 807 2721 urbe
848 2664 1297 2720 commanentibus
1324 2672 1438 2719 erat
1492 2663 1830 2728 carissimus,
1859 2678 1955 2732 pro
1987 2676 2048 2715 ea

457 2760 598 2830 quod
629 2758 952 2813 Hebraicam
977 2758 1251 2812 veritatem
1281 2755 1393 2827 (11)
1424 2772 1457 2809 a
1485 2755 1686 2810 cwteris
1728 2754 2046 2809 editionibus

457 2864 724 2903 secernere
746 2856 862 2902 erat
908 2847 1131 2919 peritus,
1160 2854 1209 2900 et
1236 2845 1295 2899 in
1336 2844 1439 2911 his,
1470 2860 1588 2915 qua:
1614 2849 1898 2898 secundum
1932 2841 2046 2897 He-

458 2942 698 2995 braicam
728 2941 1003 2996 veritatem
1036 2938 1300 3005 dicebant,
1319 2935 1622 2993 ,Judeorum
1661 2945 1778 2991 erat
1826 2951 2047 2989 consent-

2152 471 2408 540 quisierat
2441 469 2740 524 voluntaria
2773 486 2976 539 eorum,
3009 488 3138 543 quos
3160 474 3507 541 instruxerat,
3535 476 3735 530 libera-

2104 572 2107 573 '
2152 544 2324 614 litate.
2363 555 2791 631 Frequentabant
2830 570 3006 616 autem
3032 580 3151 617 eum
3199 565 3422 634 majores
3464 576 3613 632 natu,
3643 585 3738 622 ea:-

2152 653 2476 707 cellentiores
2519 654 2712 724 gradu,
2735 656 2997 709 acutiores
3027 672 3204 723 sensu,
3233 658 3323 728 qui
3351 668 3501 713 erant
3528 660 3583 714 in
3608 658 3737 713 urbe

2150 743 2485 812 Leodicensi,
2509 746 2555 798 si
2589 745 2715 815 quid
2746 746 3032 816 questionis
3061 758 3353 802 occurreret
3378 750 3476 815 eis,
3506 750 3575 803 ad
3597 749 3737 803 hunc

2151 835 2352 906 deferre
2390 846 2440 890 et
2482 853 2600 890 cum
2640 853 2698 891 eo
2726 830 2962 906 conferre
3006 839 3172 892 soliti.
3212 838 3417 893 Horum
3456 842 3740 911 precipuus

2130 934 2264 980 erat
2293 926 2518 980 domnus
2549 924 2834 980 Heinricus
2857 970 2871 994 ,
2896 928 3298 984 archidiaconus
3322 939 3370 983 et
3397 930 3624 984 decanus
3648 949 3735 985 ec-

2151 1017 2325 1072 clesia:
2349 1016 2533 1073 Sancti
2557 1017 2847 1084 Lamberti,
2875 1019 3025 1087 cujus
3057 1029 3244 1090 rogatu
3270 1022 3479 1091 scripsit
3507 1023 3577 1075 ad
3601 1021 3731 1079 Tre-

2112 1097 2116 1102 ’
2150 1110 2376 1162 virenses
2418 1109 2610 1163 librum
2657 1109 2721 1163 de
2766 1109 2990 1179 jejuniis
3015 1093 3634 1182 QuatuofTemporum,
3678 1124 3731 1168 et

2079 1730 2122 1786 B

2150 1202 2318 1256 multa
2338 1218 2455 1272 qua:
2485 1211 2853 1256 commemorat
2895 1202 2950 1255 in
2980 1202 3116 1256 libro
3158 1202 3450 1257 illustrium
3473 1207 3731 1261 virorum.

2150 1291 2217 1346 In
2259 1292 2472 1347 cenobio
2521 1292 2881 1347 Gemblacensi
2923 1310 3025 1358 me,
3073 1295 3163 1364 qui
3207 1294 3316 1349 haec
3359 1296 3634 1366 descripsi,
3678 1306 3729 1352 et

2148 1383 2316 1439 multo
2339 1384 2576 1438 meliores
2600 1385 2861 1450 erudivit;
2888 1402 3108 1456 quorum
3142 1386 3334 1440 multos
3365 1397 3486 1443 ante
3511 1406 3566 1444 se
3591 1406 3733 1460 prte-

2148 1477 2315 1544 misit,
2334 1492 2533 1545 paucos
2559 1477 2687 1546 proh
2710 1477 2863 1530 dolor
2880 1477 3042 1548 !'post
3064 1493 3120 1530 se
3148 1478 3370 1532 dimisit.
3399 1481 3470 1533 At
3495 1482 3576 1534 vir
3601 1499 3731 1552 pru-

2142 1568 2296 1635 dens,
2322 1584 2440 1621 cum
2463 1576 2596 1621 esset
2623 1566 2803 1623 multa:
2832 1568 3130 1638 gravitatis,
3155 1585 3255 1622 non
3280 1579 3397 1623 erat
3429 1571 3733 1626 indiscreta!

2149 1659 2498 1725 austeritatis,
2535 1659 2625 1712 sed
2658 1668 2771 1712 erat
2801 1659 2870 1712 ad
2901 1674 3097 1726 omnes,
3115 1670 3171 1712 ut
3197 1676 3276 1714 res
3317 1660 3591 1731 poscebat,
3616 1663 3730 1717 dis-

2147 1758 2304 1805 crette
2352 1750 2758 1803 mediocritatis.
2808 1747 3206 1819 Scripturarum
3248 1753 3478 1806 maxime
3521 1753 3733 1807 divina-

2148 1854 2266 1892 rum
2295 1837 2450 1893 lectio
2490 1846 2542 1891 et
2572 1837 2845 1892 meditatio
2896 1855 3015 1892 eum
3056 1839 3375 1909 occupabat,
3411 1841 3509 1896 sed
3553 1851 3729 1897 tamen

2146 1930 2463 2000 quotidiana
2474 1929 2757 1982 missarum
2768 1929 3047 1984 celebratio
3061 1939 3111 1985 et
3125 1931 3309 1985 devota
3332 1932 3402 1986 ad
3418 1931 3587 1987 Deum
3607 1949 3735 1987 ora-

2150 2022 2224 2076 tio
2257 2037 2458 2091 semper
2482 2037 2601 2075 eum
2628 2022 3049 2092 prwoccupabat.
3077 2021 3258 2095 Longa
3285 2025 3550 2094 confectus
3579 2042 3727 2080 sene-

2148 2115 2443 2176 ctute,‘cum
2455 2109 2783 2164 decubuisset
2795 2120 3031 2165 extrema
3056 2113 3373 2183 egritudine,
3391 2115 3554 2168 nichil
3569 2117 3735 2169 amit-

2152 2211 2261 2256 tens
2286 2202 2465 2256 insitas
2503 2201 2607 2255 sibi
2635 2202 2948 2272 prudentia,
2974 2203 3304 2274 fratrumque
3328 2204 3568 2260 voluntas
3598 2216 3734 2262 esset

2148 2303 2228 2361 ut,
2267 2308 2385 2347 cum
2412 2292 2601 2360 obiret,
2637 2294 2782 2347 intra
2829 2295 3205 2348 monasterium
3241 2296 3524 2365 sepultum
3556 2296 3729 2351 locum

2148 2383 2406 2452 acciperet
2433 2396 2451 2435 :
2478 2390 2534 2435 ut
2556 2381 2637 2437 vir
2659 2382 2872 2437 altioris
2894 2383 3123 2451 consilii,
3146 2384 3344 2439 malens
3371 2387 3428 2439 in
3453 2396 3730 2456 conspectu

2147 2472 2249 2533 Dei
2293 2471 2510 2526 humilis
2554 2488 2715 2543 quam
2750 2482 3200 2545 pratsumptuosus
3244 2477 3488 2544 inveniri,
3539 2478 3733 2532 obnixe

2147 2569 2295 2639 petiit
2320 2568 2377 2622 in
2408 2568 2701 2622 cmmeterio
2730 2577 2908 2621 nostro
2939 2568 3198 2638 fratribus
3225 2571 3465 2625 omnibus
3487 2586 3731 2641 consept-

2148 2659 2259 2714 lirt'.
2296 2658 2439 2714 Obiit
2484 2675 2605 2729 ergo
2647 2674 2709 2713 ιιι
2740 2658 2924 2715 Nonas
2972 2659 3247 2729 Octobris,
3284 2671 3510 2733 tempore
3548 2664 3730 2717 domui

2148 2747 2423 2804 Liethardi
2449 2746 2656 2801 abbatis
2691 2748 2826 2822 (12).

2218 2838 2345 2896 Haec
2370 2846 2644 2910 suntquae
2667 2841 2734 2895 de
2760 2841 2869 2897 vita
2909 2840 3174 2913 Sigeberti
3210 2845 3408 2901 tradita
3439 2846 3726 2915 habemus,

2145 2949 2319 3005 pauca
2356 2932 2599 3003 quidem,
2643 2933 2735 2989 sed
2760 2950 2884 3004 qua:
2908 2935 3182 2993 sumciunt
3206 2938 3275 2993 ad
3303 2938 3480 2994 virum
3518 2955 3728 3011 cogno-

460 3031 596 3085 tiens
624 3029 1028 3084 assertionibus.
1066 3026 1198 3083 Post
1222 3025 1448 3081 multum
1474 3027 1745 3097 temporis,
1768 3026 1856 3080 via:
1883 3025 2049 3095 impe-
2079 3064 2126 3128 ο
2155 3026 2417 3082 scendum
2441 3030 2568 3079 vitae
2592 3024 2829 3079 candore
2851 3032 3015 3095 atque
3040 3027 3209 3083 animi
3232 3028 3568 3084 humanitate
3589 3028 3732 3084 adeo

434 3126 611 3185 'trata,
653 3122 902 3189 licentia,
955 3121 1160 3176 rediens
1211 3120 1281 3174 ad
1327 3119 1601 3175 cenabium
1642 3117 2046 3176 Gemblacenseo

2155 3115 2618 3184 commendatum,
2652 3123 2715 3171 ut
2742 3115 3052 3187 ubicunque
3089 3117 3328 3189 degeret,
3355 3121 3609 3177 omnibus
3635 3136 3729 3176 cs-

553 3323 607 3464 7;
645 3322 888 3378 Elevatio
911 3320 969 3377 S.
993 3320 1260 3390 Guiberti,
1285 3320 1340 3377 in
1367 3319 1523 3376 Actis
1546 3309 1646 3374 SS.
1673 3317 1800 3375 Maii
1820 3317 1889 3387 ν,
2219 3315 2517 3388 Effringens
2547 3316 2633 3371 hic
2657 3333 2749 3371 cor
2780 3317 3087 3373 induratum
3106 3320 3228 3388 ferit
3251 3290 3435 3391 angor,

551 3394 584 3448 8
646 3392 724 3449 De
750 3394 854 3449 .vir.
883 3393 961 3448 ill.
1002 3392 1122 3447 172.
2214 3387 2349 3442 Cum
2373 3403 2512 3440 mors
2545 3387 2839 3441 dissocians
2898 3400 3159 3455 ermanos,
3185 3392 3364 3445 omnia
3388 3408 3435 3443 m

526 3325 605 3535 $9)
643 3461 763 3535 Non
811 3480 863 3519 a.
926 3463 1082 3535 1115,
1136 3470 1198 3535 ιιι
1241 3477 1386 3535 unus
1440 3459 1602 3535 tradit
1647 3458 1918 3535 [iubemus
1952 3457 2039 3535 _de
2211 3455 2274 3535 La
2294 3457 2482 3535 quibus
2504 3466 2583 3535 est
2607 3458 2748 3535 caris
2770 3467 2820 3512 et
2849 3405 3008 3535 [ἔτνει
3034 3475 3184 3513 amor
3208 3461 3435 3535 socialis,

646 3392 724 3449 De
750 3394 854 3449 .vir.
883 3393 961 3448 ill.
1002 3392 1122 3447 172.

551 3457 605 3534 9)
643 3461 763 3534 Non
811 3480 863 3519 a.
926 3463 1082 3534 1115,
1136 3470 1198 3534 ut
1241 3477 1386 3534 unus
1440 3459 1602 3534 tradit
1647 3458 1918 3534 prertus
1952 3457 2039 3534 _de

446 3528 667 3597 monte;
700 3533 1023 3588 Liethardus
1062 3531 1206 3586 enim
1242 3531 1555 3600 .abbasjam
1586 3546 1625 3582 ιι
1665 3529 1848 3584 Nonas
1878 3528 2034 3600 Febr.

454 3615 510 3660 ι.
540 3605 680 3658 1115
706 3605 859 3658 obiit.
884 3602 1051 3657 Error
1075 3602 1163 3656 ille
1192 3600 1412 3657 Roberti
1442 3598 1568 3655 inde
1597 3608 1759 3653 natus
1787 3608 1872 3653 est
1892 3598 2038 3668 quod

455 3673 711 3739 Chroniei
764 3674 930 3729 codex
979 3687 1141 3742 quem
1174 3671 1272 3742 ille
1310 3670 1600 3739 exscripsit
1638 3669 2038 3724 Bellovacensis

455 3759 663 3799 annum
694 3743 832 3797 1112
858 3743 912 3797 in
943 3740 1052 3796 duo
1079 3740 1288 3794 dividit.

527 3813 639 3896 (10)
678 3813 763 3896 In.
784 3811 972 3892 Gestis'
1006 3807 1658 3896 abnatlemlilmpa‘musa
1680 3823 1745 3863 ea
1791 3823 1822 3863 e
1849 3807 2038 3864 codice

453 3877 998 3955 egEegiqLipsiensi,
1029 3879 1454 3955 quemcontulit
1478 3877 1681 3955 Waitz.

524 3945 638 4024 (1Ι)
677 3952 717 4024 1.
727 3945 1030 4024 ~e'._t.entu_m
1049 3945 1122 4024 ab
1148 3948 1480 4024 Hieronymo
1500 3963 1566 4003 ex
1592 3948 1714 4024 ipso
1733 3945 2034 4024 Aliebraieo,

454 4016 564 4078 non
587 4016 655 4076 ex
681 4021 845 4086 LXX,
876 4021 930 4075 in
962 4019 1217 4075 Latinum
1253 4016 2037 4074 trarislatumefﬁhronieon

404 4124 409 4129 ι
455 4110 509 4148 a.
534 4092 660 4159 582,
687 4092 811 4147 595.

528 4158 651 4234 (12)
681 4160 994 4232 Sequuntur
1028 4160 1083 4214 in
1112 4159 1297 4216 codice
1326 4158 1598 4230 Lipsiensi
1626 4171 1821 4214 versus
1848 4159 1915 4214 de
1939 4174 2036 4214 eo-

453 4233 577 4289 dem
599 4233 657 4288 lli
682 4251 695 4285 :

521 4345 556 4400 J
562 4345 693 4399 ustis
721 4355 1010 4409 consertus,
1041 4344 1181 4398 vivat
1209 4342 1420 4415 Christo
1444 4342 1780 4415 Sigebertusi

527 4415 758 4470 Mundus
791 4423 1048 4479 mutatur,
1076 4415 1288 4485 transit,
1321 4414 1447 4467 dum
1470 4423 1613 4468 stare
1631 4424 1871 4485 putatur.

533 4486 718 4539 Vivens
749 4486 941 4538 transit
968 4485 1140 4550 homo,
1162 4484 1254 4538 sed
1280 4485 1567 4555 pertransit
1588 4484 1856 4539 moriendo

526 4556 713 4610 Eheu!
741 4572 879 4610 mors
908 4555 1108 4609 homini
1134 4553 1306 4624 parcit
1331 4553 1487 4621 nulli,
1518 4555 1679 4609 datur
1702 4557 1845 4610 omni
1856 4572 1871 4620 ,

521 4627 784 4695 Prteﬁxas
812 4634 978 4695 metas
1004 4624 1202 4679 nullius
1231 4627 1465 4695 prwterit
1490 4635 1640 4681 aetas.

527 4694 668 4751 Huic
694 4695 887 4750 mundo
920 4694 1158 4751 lacrimte
1182 4694 1239 4750 si
1250 4697 1522 4766 defunctos
1545 4713 1785 4751 revocare

523 4768 762 4831 Possent,
788 4777 945 4837 quot,
959 4766 1141 4836 quales
1169 4767 1342 4832 nobis,
1367 4783 1528 4837 quam
1555 4767 1885 4836 spirituales,

527 4837 782 4893 Omnibus
801 4835 861 4891 et
896 4835 1032 4889 clari
1058 4837 1250 4890 studiis
1279 4847 1329 4891 et
1349 4835 1479 4890 heu!
1501 4835 1656 4891 modo
1686 4838 1797 4890 rari

521 4907 731 4978 Essent,
757 4907 973 4978 emerito
997 4906 1222 4978 deﬂendi
1256 4923 1376 4960 cum
1404 4905 1692 4978 Sigeberto.

526 4976 630 5048 sed
662 4978 787 5048 quia
811 4976 1056 5047 praeclari
1092 4977 1224 5042 rari,
1252 4976 1508 5048 nequeunt
1530 4976 1783 5048 revocari,

524 5046 723 5103 Mundo
744 5046 1021 5112 subtracti,
1052 5048 1160 5101 sint
1183 5046 1430 5102 caelicolis
1452 5047 1675 5101 sociati!

526 5116 695 5172 Nobis
720 5115 953 5172 solamen
974 5118 1061 5172 det
1090 5134 1290 5190 semper
1310 5134 1363 5172 se
1389 5117 1551 5172 Deus.
1577 5116 1762 5172 Amen.

450 5226 518 5290 in
540 5231 733 5288 eodem
761 5230 949 5287 codice
973 5240 1161 5301 postea
1184 5230 1222 5286 f.
1254 5232 1323 5287 56
1347 5247 1583 5302 sequens
1607 5228 1808 5304 legitur

812 5343 1158 5416 Epitaphium
1184 5345 1364 5400 damni
1396 5343 1672 5417 Sigcberti.

528 5453 684 5512 Heu!
715 5474 859 5512 mors
884 5458 1119 5511 mwroris
1145 5469 1481 5525 crementum,
1504 5476 1667 5515 causa
1691 5461 1926 5516 doloris!

528 5525 574 5600 ρ
597 5537 759 5600 perte
778 5536 999 5599 quantos
1020 5527 1162 5597 luget
1184 5530 1408 5600 mundus
1437 5531 1540 5584 sibi
1564 5532 1773 5600 raptos!

524 5592 741 5720 gp'icula
765 5592 856 5652 nos
892 5592 1111 5668 feriunt,
1134 5599 1202 5652 ad
1225 5616 1315 5653 cor
1334 5616 1531 5670 quoque
1562 5592 1777 5656 vulnera
1804 5603 2001 5673 figunt:

581 5668 744 5720 iaitur
764 5669 858 5720 hoc
882 5670 1042 5720 menti
1073 5670 1278 5720 vulnus.
1309 5686 1410 5720 non
1436 5681 1611 5720 estaue
1641 5674 1816 5720 reniti-

581 5668 744 5739 igitur
764 5669 858 5722 hoc
882 5670 1042 5724 menti
1073 5670 1279 5735 vulnus,
1309 5668 1410 5724 non
1436 5668 1611 5740 estque
1641 5668 1816 5727 reniti.

2214 3387 2349 3458 Cum
2373 3387 2512 3458 mors
2545 3387 2839 3441 dissocians
2867 3387 3159 3458 germanos,
3185 3387 3364 3445 omnia
3388 3399 3620 3458 mutans,

2211 3455 2274 3527 in
2294 3457 2482 3527 quibus
2504 3466 2583 3510 est
2607 3458 2748 3511 caris
2770 3467 2820 3512 et
2849 3455 3008 3527 fervet
3034 3475 3184 3513 amor
3208 3461 3446 3525 socialis,

2210 3525 2410 3612 Iarbat
2436 3527 2712 3612 mutando,
2741 3525 2937 3612 rumpit
2958 3544 3158 3612 quoque
3186 3529 3374 3611 pollice
3396 3531 3530 3583 duro

2211 3595 2280 3666 Ut
2309 3595 2577 3650 naturales
2600 3598 2841 3666 affectus,
2861 3595 2947 3651 sic
2967 3595 3210 3653 sociales.
3240 3606 3247 3611 '

2211 3665 2515 3739 Eﬂlorescat
2552 3665 2704 3739 homo
2737 3667 2880 3734 licet,
2913 3677 2970 3722 ut
2998 3670 3096 3738 flos
3125 3678 3352 3739 tempore
3384 3686 3557 3735 verno,

2207 3735 2476 3811 lies-rebus
2507 3736 2756 3803 cumulet,
2783 3735 3007 3811 mentem
3026 3756 3213 3811 corpus
3228 3735 3444 3811 quoque
3461 3751 3631 3807 vexet,

2213 3804 2481 3878 Sollicitas
2503 3823 2657 3859 curas
2681 3808 2894 3878 explens
2920 3825 3094 3863 secum
3117 3804 3399 3863 ruituras':

2213 3874 2330 3949 ljna
2358 3876 2470 3930 dies
2498 3874 2756 3949 miserum
2776 3879 3079 3949 penitusque
3101 3878 3235 3947 facit
3266 3880 3647 3936 miserandum.

2212 3944 2296 4020 Sit
2325 3944 2819 4020 rex,_sit_princeps,
2851 3944 3036 4020 opibus
3050 3944 3378 4020 paupercula
3404 3950 3475 4003 sit
3498 3951 3666 4020 plebs,

2209 4016 2322 4091 ξαι-
2344 4016 2506 4091 trahit
2528 4017 2621 4091 hos
2654 4016 2839 4091 mortis
2862 4016 2974 4091 lex,
3004 4016 3385 4091 discretissima
3409 4016 3667 4091 quamvis.

2212 4085 2310 4158 Est
2335 4087 2525 4141 etenim
2541 4087 2707 4157 justis
2729 4088 2893 4158 justw
2920 4089 3168 4143 discretio
3198 4089 3377 4143 sortis.

2213 4155 2403 4229 ferrea
2431 4155 2649 4211 terrenis
2679 4155 2931 4229 terraeque
2952 4159 3157 4229 placent
3178 4160 3448 4215 studiosis.

2108 4240 2111 4241 '
2211 4226 2405 4299 gerum
2437 4236 2760 4299 contemptus
2783 4226 3040 4282 vanorum
3067 4230 3273 4299 partior
3300 4246 3425 4283 usus

2208 4296 2518 4369 Extenuans
2543 4297 2741 4367 justas,
2780 4308 3046 4369 promptos
3067 4296 3244 4369 magis
3273 4300 3425 4368 efﬁcit
3450 4299 3589 4366 illos,

2210 4365 2328 4422 Sint
2356 4376 2413 4421 ut
2435 4368 2491 4420 in
2514 4365 2733 4421 ascensu
2758 4365 2906 4434 recti,
2930 4365 3035 4422 sint
3056 4365 3209 4423 cordo
3230 4365 3471 4424 vel'actu.

2207 4438 2433 4508 Admitti
2457 4440 2678 4508 superis,
2708 4439 2880 4492 emitti
2905 4439 3145 4508 funditus
3173 4441 3316 4506 imis,

2210 4505 2263 4580 1y
2267 4509 2464 4562 ancisci
2488 4505 2706 4564 summa:
2735 4505 2932 4564 certent
2957 4510 3047 4580 pia
3066 4510 3269 4580 gaudia
3292 4505 3431 4565 vitta.

2212 4576 2489 4632 Certamen
2525 4580 2595 4631 sit
2616 4580 2691 4633 eis
2718 4580 2887 4633 omnis
2908 4576 3153 4633 custodia
3182 4580 3378 4635 cordis.

2214 4646 2401 4731 [endit
2428 4647 2813 4731 enimﬂlalqueos
2840 4659 3023 4731 raptor
3047 4651 3337 4720 cuicunque
3353 4657 3598 4731 paratos,

2215 4716 2283 4789 ξι
2313 4728 2421 4771 tam
2442 4716 2760 4789 multiplices
2781 4716 2932 4773 habet
2953 4720 3068 4789 ejus
3094 4716 3400 4774 mens'mala
3432 4720 3666 4789 fraudes.

2214 4785 2383 4859 Tutus
2418 4786 2482 4839 ab
2506 4787 2586 4839 his
2603 4785 2796 4859 sensus
2816 4797 2882 4859 ut
2917 4785 3021 4842 non
3045 4791 3116 4843 sit
3145 4792 3379 4859 corporis
3407 4785 3581 4852 ullus;

2163 4919 2183 4936 .
2213 4856 2285 4936 gl
2308 4859 2553 4936 meritum
2575 4857 2784 4936 minuat
2796 4858 2981 4927 justis,
3005 4859 3083 4913 vel
3115 4875 3201 4936 eos
3224 4856 3326 4936 sibi
3346 4860 3566 4936 subdat,

2222 4926 2433 4997 Viribus
2468 4936 2623 4997 atque
2649 4926 3086 4982 dolis’concertat
3111 4930 3364 4983 subdolus
3392 4930 3579 4983 hostis.

2211 4996 2266 5070 Si
2288 4996 2676 5070 mentesﬂuxas
2701 4999 2963 5070 absorbet,
2989 4999 3065 5053 nil
3087 5008 3238 5070 putat
3268 5000 3412 5054 illas.

2214 5066 2428 5140 (gratia,
2452 5066 2679 5140 Christe,
2715 5069 2842 5123 tibi!
2864 5086 2957 5139 per
2981 5078 3029 5124 te
3062 5066 3312 5140 superant
3341 5070 3468 5140 quia
3482 5068 3620 5138 justi

2222 5136 2413 5210 anes
2448 5137 2719 5206 decipulas
2751 5148 2800 5192 et
2828 5136 2961 5210 quas
2984 5136 3139 5210 parat
3160 5136 3479 5210 illqruinas.

2219 5206 2382 5280 Qevia
2410 5216 2664 5261 sectantes
2686 5206 2953 5280 revocans,
2976 5206 3161 5280 jungis
3186 5206 3282 5264 tibi
3309 5219 3530 5275 stantes,

2220 5275 2289 5352 Et
2313 5284 2416 5352 tua
2430 5287 2775 5352 spes‘nostras
2786 5279 2943 5352 juvat
2959 5275 3171 5350 expletus
3194 5281 3345 5352 larga
3367 5289 3617 5352 potestas,

2213 5345 2314 5420 S_pe
2333 5345 2504 5420 salvos
2536 5348 2758 5420 faciens,
2785 5345 2854 5420 ad
2880 5367 2986 5405 rem
3013 5345 3192 5420 gratos
3221 5345 3317 5404 tibi
3337 5345 3550 5405 ducens.

2219 5417 2713 5490 Consimilisjustis
2740 5419 2908 5474 multo
2937 5417 3114 5474 studio
3143 5421 3447 5490 probitatis.

2214 5487 2595 5562 {iptusdivinis
2617 5498 2666 5542 et
2679 5490 2875 5562 mundi
2895 5489 3046 5545 rebus
3059 5487 3304 5562 agendis,

2206 5557 2318 5631 cem
2344 5559 2487 5624 uitw,
2511 5559 2779 5628 speculum
2804 5576 3002 5631 normae
3038 5557 3236 5629 fueras,
3271 5560 3554 5631 Sigcberte,

2208 5628 2306 5711 ς’ᾳὶ
2324 5637 2515 5711 ,πρειεν
2542 5645 2712 5682 sermo
2729 5630 2978 5711 persolvit
3000 5628 3177 5711 debita
3205 5628 3422 5701 scripto.

2218 5697 2408 5752 Vixisti
2430 5715 2665 5766 concors,
2691 5697 2833 5754 vivas
2854 5718 2946 5755 ver
2965 5701 3162 5757 sa'cula
3192 5697 3430 5771 consors,
