4046 6318
285 395 363 455 29
1671 380 1863 439 PROL]

1966 378 2207 437 )MENA.
2816 447 2823 453 ,
3484 375 3556 435 50

283 508 510 580 scripsit
534 522 708 579 usque
748 503 816 563 ad
853 520 905 561 a.
938 502 1094 569 1165,
1140 500 1322 574 aliqua
1352 498 1631 564 amittens,
1654 498 1761 553 alia
1799 497 1869 553 de
1895 498 1943 554 Α
1968 494 2221 565 margine
2246 500 2301 547 et
2334 489 2475 547 intra
2506 489 2679 544 lineas
2703 489 2975 560 apposuit,
3013 503 3227 580 quare;
3252 486 3555 547 Annalibus

280 618 389 658 suo
412 601 634 656 addens.
668 597 825 654 Hunc
849 597 1013 667 paulo
1047 603 1170 665 post
1198 609 1250 649 a.
1281 591 1419 647 1407
1465 599 1658 647 auctor
1695 590 1870 645 Chro-

280 693 392 748 niei
420 691 479 746 S.
506 689 738 746 Bavonis
767 697 941 743 totum
973 686 1086 743 fere
1110 683 1470 755 transcripsit,
1496 682 1665 737 multa
1702 681 1871 736 inter-

276 799 497 854 ponens
517 798 582 838 ει
613 780 890 836 Lamberti
922 779 1161 844 Florido,
1188 776 1489 831 Annalibus
1518 772 1869 829 Blandinienv

279 876 443 931 sibus
474 884 636 943 atque
666 872 724 927 S.
768 871 1025 937 Bavonis,
1059 868 1387 941 Genealogia
1407 866 1667 923 comitum
1688 863 1871 918 Flau-

274 968 441 1034 driae,
472 966 705 1021 Μαι·ιὶηο
740 963 968 1030 Polono,
1001 961 1250 1016 Jobanne
1277 959 1346 1015 de
1371 956 1684 1022 Thielroda,
1712 955 1868 1026 Egi-

275 1060 378 1115 dio
398 1059 468 1116 de
490 1057 661 1129 Roya,
688 1056 930 1111 Adriano
960 1053 1082 1120 But,
1109 1051 1431 1115 Trithemio,
1458 1050 1583 1105 aliis
1607 1047 1775 1119 (106).
1798 1075 1870 1087 —

274 1150 436 1205 Alter
465 1148 567 1203 fuit
596 1147 898 1203 monachus
925 1146 1369 1206 AFFLIGEIENSIS,
1411 1139 1560 1214 [85.]
1588 1139 1682 1209 qui
1712 1138 1868 1209 Sige-

275 1242 463 1306 bcrto,
499 1239 759 1294 Anselmo
802 1245 966 1306 atque
1004 1233 1489 1291 Gemblacensibus
1514 1232 1696 1302 aliqua
1716 1230 1869 1285 addi-

277 1337 527 1385 tamenta
568 1329 636 1383 de
684 1325 1019 1383 monasterio
1057 1323 1423 1396 Aﬂligemensi
1451 1339 1519 1379 ex
1545 1320 1781 1377 Historia
1815 1329 1872 1375 et

278 1422 590 1477 Annalibus
611 1418 1082 1491 Alliigemensilius
1107 1416 1359 1487 aspersit,
1389 1415 1496 1470 alia
1526 1413 1868 1485 septuaginta

278 1524 491 1583 septem
520 1528 589 1568 ex
611 1510 1108 1566 Blandiniensibus.
1160 1507 1364 1563 Deinde
1401 1505 1867 1563 continuationem

277 1605 707 1676 Aquicinensem
754 1603 822 1657 ad
868 1618 919 1657 a.
967 1616 1144 1672 usque
1188 1599 1326 1656 1156
1374 1597 1624 1654 adhibuit
1672 1597 1766 1662 ita,
1808 1605 1871 1651 ut

276 1711 403 1749 eam
429 1694 591 1764 quasi
614 1694 869 1747 obrueret
896 1693 1039 1747 mole
1064 1706 1291 1747 suarum
1313 1688 1652 1746 additionum
1677 1706 1693 1753 ;
1719 1688 1789 1742 ab
1811 1702 1862 1741 a.

277 1786 594 1841 1157-1163
642 1786 758 1841 suis
808 1793 1021 1840 tantum
1066 1783 1310 1854 vestigiis
1368 1780 1586 1836 incedit.
1638 1777 1869 1848 Scripsit

276 1883 408 1931 ante
435 1891 488 1930 a.
542 1874 679 1929 1189
709 1874 856 1944 (107)
880 1876 1065 1928 animo
1088 1887 1216 1943 erga
1254 1870 1591 1928 Fridericum
1633 1870 1867 1938 impera-

276 1974 456 2021 torem
483 1965 784 2027 inelinato;
816 1979 939 2034 quae
976 1962 1195 2018 Μίνωας
1235 1963 1493 2032 pleraque
1532 1959 1735 2014 omisit.
1769 1957 1867 2013 Usi

272 2074 345 2115 eo
371 2067 502 2115 sunt
527 2058 814 2112 Albericus
841 2056 1031 2110 Trium
1064 2054 1318 2109 Fontium
1337 2061 1402 2109 et
1430 2051 1728 2107 Balduinus
1768 2049 1865 2105 Ni-

274 2148 569 2205 novensis.
616 2146 728 2202 Nos
762 2146 916 2201 illum
952 2145 1207 2200 novimus
1242 2159 1311 2199 ex
1339 2143 1588 2212 exemplo
1632 2149 1863 2207 tantum,

273 2241 428 2311 quod
455 2256 586 2296 saec.
622 2255 723 2294 xm
756 2238 974 2293 ineunte
1021 2237 1325 2292 monachus
1347 2233 1691 2290 Eihamensis
1721 2231 1865 2304 (83')

273 2330 592 2402 descripsit.
639 2329 696 2385 Id
738 2329 958 2386 nomine
996 2328 1225 2385 auctarii
1258 2325 1656 2397 Allligemensis
1699 2324 1868 2380 edidit

274 2424 520 2491 liii-acus,
539 2432 596 2478 et
620 2423 745 2478 inde
764 2422 979 2477 Struve.
997 2451 1067 2462 —-
1083 2420 1303 2477 Tertius
1329 2418 1634 2474 monachus
1659 2415 1867 2473 Hisne-

275 2529 486 2569 messrs
513 2512 663 2587 [Β4.]
707 2513 1132 2584 Aquicinensem
1174 2511 1464 2581 descripsit
1509 2526 1684 2581 usque
1714 2510 1780 2564 ad
1808 2527 1861 2563 a.

279 2604 441 2670 1167,
477 2606 568 2660 cui
592 2593 832 2660 Annales
865 2603 1283 2659 Blandinienses
1312 2603 1563 2658 adhibuit
1589 2603 1645 2656 in
1689 2618 1869 2659 noua—

275 2697 428 2768 ginta
455 2713 552 2752 sex
580 2697 714 2753 locis
737 2715 756 2764 ;
777 2704 974 2766 praeter
1001 2696 1103 2751 hos
1136 2695 1203 2749 de
1250 2709 1353 2749 suo
1378 2694 1710 2764 paucissima
1737 2701 1864 2748 tan-

278 2799 397 2843 tum
437 2788 667 2855 addidit,
699 2789 840 2844 inter
863 2803 984 2859 qua:
1011 2797 1121 2843 tres
1156 2786 1224 2842 de
1272 2788 1603 2842 monasterio
1649 2785 1862 2843 llasno-

277 2879 460 2934 niensi
494 2879 830 2933 narrationes
857 2877 1004 2949 (108)
1048 2877 1121 2932 ibi
1152 2879 1416 2948 scriptum
1448 2879 1703 2949 produnt.
1745 2876 1862 2932 An-

276 2969 536 3033 selmum,
559 2968 977 3023 Gemblaeenses
1017 2975 1179 3037 atque
1218 2967 1638 3037 Aquicinensem
1680 2969 1861 3023 conti-

276 3059 601 3114 nuationem
638 3059 730 3115 hic
754 3059 866 3115 illic
898 3059 1242 3127 decurtavit;
1271 3060 1547 3130 propriam
1572 3075 1679 3114 non
1708 3058 1863 3114 addi-

1970 583 2470 649 Blaniiniensibus,
2536 581 3063 647 Marchianeusilnis,
3130 579 3552 645 Elnonensihus,

1971 686 2135 750 atque
2163 674 2302 731 Vitis
2323 673 2382 730 S.
2415 674 2672 741 Amandi,
2699 673 2899 740 Amati,
2947 672 3245 737 Rictrudis,
3272 670 3554 727 Gertrudis

1970 770 2038 831 ad
2065 769 2291 824 verbum
2320 767 2672 837 transcripta,
2710 766 2916 822 nullius
2940 775 3068 820 sunt
3096 763 3349 834 pretii.—
3374 761 3553 829 Quar-

1969 868 2059 917 tus
2096 859 2339 929 denique
2359 857 2668 914 monachus
2713 856 3131 920 Aonicmcrmus
3171 854 3318 926 (85.)
3364 863 3555 925 rogatu

1972 952 2213 1008 Simonis
2252 968 2304 1007 a.
2357 949 2663 1005 1174-1201
2693 949 2906 1005 abbatis
2946 948 3189 1025 codicem
3232 946 3553 1017 primarium

1968 1044 2414 1115 Aquicinensem,
2465 1042 2647 1097 denuo
2680 1041 3011 1111 descriptum
3043 1054 3217 1110 usque
3250 1039 3319 1094 ad
3349 1052 3555 1092 annum

1970 1136 2129 1202 1148,
2160 1135 2287 1190 inde
2323 1135 2398 1189 ita
2426 1132 2786 1200 continuavit,
2831 1140 2891 1187 ut
2914 1131 3378 1188 continuationem
3409 1129 3555 1185 illius

1968 1244 2068 1299 pro
2106 1226 2458 1283 fundamento
2510 1224 2743 1295 propria:
2810 1224 3110 1294 subjectam
3158 1223 3388 1278 multum
3433 1236 3555 1275 am~

1968 1306 2188 1391 pliaret,
2224 1320 2507 1390 sequentia
2557 1333 2732 1388 usque
2766 1316 2835 1372 ad
2882 1315 3045 1370 tinem
3082 1331 3135 1369 a.
3170 1313 3299 1368 1201
3353 1313 3419 1368 de
3453 1327 3557 1367 suo

1968 1412 2208 1478 adderet,
2240 1410 2474 1466 diversis
2510 1418 2572 1464 ut
2613 1408 2827 1463 videtur
2863 1405 3199 1481 temporibus
3239 1403 3409 1475 (109).
3441 1401 3557 1456 Ali-

1967 1518 2078 1575 qua
2107 1502 2344 1572 sumpsit
2389 1516 2457 1556 ex
2488 1500 2795 1557 Annalibus
2850 1496 3270 1568 Aquicinctinis,
3323 1494 3556 1566 plurima

1968 1602 2172 1661 autem,
2210 1593 2279 1648 de
2322 1592 2463 1648 bello
2507 1591 2854 1662 potissimum
2901 1604 3081 1655 sacro,
3124 1603 3156 1643 e
3198 1586 3555 1642 relationibus

1967 1703 2163 1745 eorum
2188 1688 2283 1759 qui
2316 1687 2420 1758 ipsi
2446 1686 2826 1742 interfuerant.
2853 1685 3057 1739 Auctor
3084 1681 3420 1758 Fridericum
3451 1680 3556 1734 im-

1968 1789 2275 1851 peratorem
2292 1779 2599 1847 admiratur
2624 1777 2771 1850 (110)
2797 1795 2812 1844 ;
2836 1792 2963 1848 quas
2985 1775 3202 1831 Miratus
3226 1782 3416 1831 tacens
3432 1772 3557 1827 ubi-

1968 1870 2054 1924 vis
2072 1868 2278 1924 omisit.
2319 1869 2477 1925 Alius
2503 1868 2699 1923 deinde
2739 1883 2847 1923 uno
2886 1866 3099 1922 calamo
3140 1864 3339 1934 adjecit
3362 1864 3555 1918 breves

1968 1963 2193 2019 notitias
2223 1979 2274 2017 a.
2301 1961 2634 2027 1201-1257,
2680 1976 2892 2025 omnes,
2940 1960 3116 2014 tribus
3154 1966 3364 2012 tantum
3394 1970 3555 2010 exce-

1967 2053 2096 2122 ptis,
2136 2069 2205 2109 ex
2239 2053 2545 2108 Annalibus
2583 2051 2982 2121 Aquicinetinis
3024 2050 3094 2105 ad
3142 2049 3368 2104 verbum
3415 2047 3552 2117 peti.-

1968 2154 2053 2199 tas
2087 2145 2256 2216 (111).
2300 2143 2722 2213 Exscripsemnt
2761 2144 2909 2212 hunc
2935 2141 3176 2195 codicem
3228 2140 3552 2195 Lamhertus

1966 2234 2175 2291 Parvus
2199 2248 2243 2299 ;'
2271 2235 2517 2290 Andreas
2556 2232 2987 2289 Marchianensis
3013 2272 3030 2298 ,
3078 2230 3408 2289 Wilhelmus
3456 2246 3555 2284 au—

1966 2334 2083 2381 ctor
2126 2323 2386 2381 Chronici
2438 2322 2780 2395 Andrensis;
2809 2320 3066 2377 Nicolaus
3124 2320 3550 2387 Ambianensis;

1966 2416 2273 2472 monachus
2298 2414 2692 2479 Clarimarisci,
2736 2413 2831 2484 qui
2861 2413 3244 2483 Genealogiam
3288 2413 3551 2469 comitum

1965 2507 2384 2579 Flandrensium
2424 2507 2766 2563 continuavit
2801 2508 2986 2578 (112);
3043 2507 3399 2577 interpolator
3439 2506 3553 2561 An-

1965 2600 2171 2655 nalium
2218 2598 2650 2664 Elnonensium;
2709 2596 2936 2667 lperius.
2984 2596 3164 2661 Edidit
3208 2596 3445 2662 Mirmus,
3499 2604 3554 2661 et

1963 2703 2028 2744 ex
2064 2704 2131 2744 eo
2179 2687 2394 2744 Struve.
2443 2717 2518 2728 -—
2565 2687 2825 2743 Eumdem
2878 2696 3071 2743 nactus
3127 2688 3432 2743 monachus
3485 2686 3547 2742 S.

1963 2781 2211 2837 meocr
2253 2780 2547 2836 Bsncexsns
2586 2778 2780 2852 [B52],
2820 2779 2946 2834 lnde
2992 2795 3167 2835 annos
3205 2779 3551 2847 1149-1201,

1963 2881 2216 2930 accurau:
2258 2872 2622 2943 transcripsit,
2662 2872 2823 2931 annis
2878 2871 3186 2926 1201-1257
3240 2872 3414 2926 multa
3442 2872 3550 2928 im»

1924 2963 2187 3020 ‘miscuit
2236 2964 2307 3019 ad
2357 2965 2645 3020 Flandrias
2696 2964 2936 3020 maxime
2979 2963 3305 3034 spectantia.
3347 2964 3552 3019 Auctor

1964 3057 2057 3112 illo
2086 3067 2327 3128 tempore
2352 3056 2556 3112 vixisse
2586 3058 2803 3113 videtur
2825 3057 2973 3127 (115)
3002 3054 3384 3121 ;continuatio
3406 3070 3553 3109 illlllc

275 3150 377 3205 dit.
402 3148 671 3206 Novimus
691 3166 816 3205 eum
843 3159 1053 3206 tantum
1082 3167 1113 3207 e
1137 3150 1257 3219 134⁵,
1289 3151 1390 3218 4⁶⁴,
1420 3151 1515 3221 qui
1553 3151 1680 3209 inde
1698 3166 1861 3206 accu-
1889 3173 1934 3236 ο
1964 3149 2203 3220 primum
2225 3148 2402 3205 lucem
2439 3147 2575 3221 vidit
2617 3149 2787 3219 (114).
2838 3147 2984 3205 Usus
3013 3164 3078 3204 ea
3110 3157 3196 3203 est
3227 3145 3555 3202 Wilhelinus

276 3240 557 3295 ratissime
591 3240 848 3311 descripti
872 3248 1019 3297 sunt.
1044 3240 1223 3311 Atque
1249 3240 1426 3296 codici
1472 3240 1594 3295 114⁸⁸
1634 3242 1775 3296 intra
1804 3258 1857 3296 a.

278 3328 599 3385 1296-1306
622 3330 926 3387 monachus
956 3329 1031 3399 Β.
1062 3330 1491 3387 Marcbianensis
1528 3331 1764 3403 plurima
1802 3333 1861 3390 in

1967 3241 2267 3301 Andreusis
2286 3249 2342 3295 et
2366 3256 2435 3295 ex
2464 3239 2568 3295 hoc
2589 3240 2815 3310 lperius.

2039 3333 2242 3388 Practer
2268 3335 2372 3390 hos
2406 3348 2473 3387 ex
2505 3332 2863 3403 Aquicinensi
2892 3332 2953 3388 B.
2988 3332 3155 3388 alium
3186 3331 3350 3387 etiam
3395 3327 3552 3384 codi-

1799 3421 2034 3480 ΝΟΤᾹΞ.

274 3517 333 3572 in
371 3514 633 3571 omnibus
673 3529 883 3581 eadem,
932 3514 1134 3585 quibus
1161 3521 1357 3585 caetera
1384 3521 1704 3585 interposita
1743 3528 1867 3570 esse

276 3602 679 3655 nonnunquam
727 3585 862 3641 satis
907 3582 1148 3655 apparet.
1194 3582 1320 3639 Haec
1352 3600 1461 3639 non
1520 3582 1752 3654 possunt
1797 3602 1864 3641 ex

278 3674 389 3711 una
425 3656 482 3710 in
509 3655 736 3732 alteram
767 3656 1050 3732 transiisse
1078 3685 1148 3732 —_
1170 3662 1294 3732 tum
1325 3655 1467 3732 enim
1510 3655 1683 3715 multo
1710 3657 1865 3732 plura

274 3727 599 3789 communia
647 3742 771 3781 esse
820 3725 1079 3780 deberent
1131 3725 1217 3785 his
1269 3725 1767 3789 (untinuationihus
1795 3765 1866 3773 —

277 3798 374 3852 sed
406 3798 479 3870 ita
505 3805 714 3855 tantum
748 3800 1005 3869 explicari
1052 3810 1302 3870 possunt,
1334 3809 1395 3856 ut
1421 3816 1712 3859 commune
1740 3805 1864 3859 illa-

275 3884 405 3925 rum
437 3868 854 3925 fundamentum
883 3886 1007 3926 esse
1036 3868 1364 3927 statuamus.

352 3941 504 4009 (106)
561 3938 783 4011 Legitur
822 3940 877 3994 in
921 3942 1043 3995 cod.
1099 3942 1229 3995 olim
1276 3941 1666 4011 Blandiniensi,
1718 3960 1865 4002 nunc

276 4011 621 4066 Bruxellensi
650 4010 852 4076 14524,
877 4012 1019 4066 unde
1042 4012 1298 4080 descripti
1328 4020 1457 4066 sunt
1489 4012 1657 4068 Brux.
1691 4014 1857 4070 16531

274 4092 332 4156 rt
358 4080 749 4156 Ambi_a_nen_si_s
776 4080 1136 4156 5_56._Iotuin
1161 4082 1328 4137 edidit
1344 4081 1418 4137 De
1444 4082 1596 4139 Sinet
1624 4085 1677 4139 in
1697 4085 1860 4156 Corp.

274 4154 474 4224 chron.
504 4151 773 4224 Elandria:
802 4150 843 4217 Ι,
890 4153 1030 4224 455,
1054 4152 1291 4224 priorem
1335 4161 1543 4224 partem
1586 4170 1762 4224 usque
1795 4150 1864 4212 ad

272 4238 329 4278 ι.
383 4221 486 4276 772
527 4220 865 4290 Vandeputte
910 4222 964 4275 in
1006 4220 1307 4277 Annalibus
1336 4220 1407 4277 SS.
1444 4221 1589 4278 Petri
1642 4220 1863 4281 Blandi-

274 4290 976 4377 niensistGandavi‘wiﬁ,
1165 4309 1196 4347 e
1234 4293 1356 4348 cod.
1404 4292 1579 4349 chart.
1617 4306 1864 4377 siccam

275 4365 335 4418 in
362 4361 634 4434 tabulario
657 4361 952 4434 Candensi.
1002 4360 1146 4417 [dein
1182 4378 1594 4434 prorsus‘opus
1621 4377 1725 4431 est,
1751 4367 1865 4421 imo

274 4450 344 4488 ex
366 4432 559 4487 eodem
589 4431 778 4503 codice
810 4433 1159 4503 impressum,
1189 4431 1337 4503 quod
1378 4431 1512 4489 Dom
1555 4434 1699 4491 Brial
1723 4436 1861 4503 XIV,

277 4503 616 4576 16__nomine
666 4502 911 4576 Agtctarii
948 4502 1354 4576 Blanditiiensis
1400 4505 1569 4560 edidit
1610 4522 1677 4560 ex
1708 4508 1861 4576 copia

273 4574 483 4645 codicis
516 4587 674 4640 aeque
714 4572 1114 4628 Blandinicnsis
1141 4575 1325 4645 (quem
1374 4576 1429 4629 in
1478 4576 1731 4631 manibus
1762 4572 1862 4630 lia-

272 4644 415 4706 linit,
442 4652 499 4697 et
546 4658 647 4695 une
688 4652 800 4696 tout
825 4654 977 4697 autre
1020 4644 1337 4712 production
1372 4656 1533 4700 vocat
1571 4646 1641 4700 de
1689 4645 1861 4711 Bast.,

272 4713 603 4786 Institution
642 4713 737 4786 des
775 4730 1094 4786 communes,
1127 4714 1281 4786 Gand
1331 4715 1488 4781 1819,
1532 4731 1587 4786 p.
1619 4716 1861 4786 99,112)

1970 3521 2271 3568 nostram»
2300 3514 2578 3569 victoriam
2624 3515 2790 3568 adhuc
2837 3511 3053 3568 minitare
3080 3514 3401 3576 audirinms.
3431 3511 3553 3576 lam

1967 3592 2094 3639 aut“
2131 3600 2185 3645 tt.
2236 3583 2375 3647 1195
2428 3584 2617 3647 eodem
2663 3590 2749 3647 usi
2797 3600 2926 3647 sunt
2980 3586 3298 3647 Lambertus
3342 3590 3553 3648 Parvus

1968 3671 2131 3732 atque
2160 3661 2405 3718 Andreas
2447 3660 2900 3717 Marchianensis.
2928 3660 2984 3714 In
3028 3661 3344 3732 priefatione
3367 3663 3550 3730 operis

1968 3731 2085 3787 lucc
2112 3740 2322 3786 tantum
2350 3733 2417 3786 de
2465 3749 2525 3788 se
2568 3732 2699 3786 dicit
2740 3739 2970 3786 auctor:
3021 3731 3063 3783 Α
3100 3731 3167 3784 15
3203 3739 3380 3782 autem
3410 3748 3551 3784 mmo

1966 3801 2204 3857 Conradi
2247 3804 2384 3873 regis
2418 3803 2861 3858 Theatonicorum
2889 3809 2941 3855 et
2974 3801 3041 3854 1.1
3094 3799 3349 3853 Ludovici
3394 3800 3551 3873 hujus

1966 3874 2195 3945 nominis
2219 3871 2428 3942 septimi
2452 3874 2589 3945 regis
2607 3873 2960 3936 Francorum,
2987 3880 3174 3945 rogatu
3203 3871 3551 3945 quorumdam

1966 3944 2197 4013 fratrum
2240 3941 2694 4013 Aquicineiisium,
2740 3953 2790 3997 et
2846 3941 3179 4013 postmodum
3226 3941 3547 4013 auctoritate

1967 4010 2212 4084 Symonis
2235 4010 2469 4082 ejusdem
2504 4014 2753 4069 Ecclesia:
2775 4010 2982 4067 abbatis
2998 4053 3013 4077 ,
3030 4011 3248 4084 quidam
3265 4010 3550 4084 monachus

1963 4080 2197 4154 ejusdem
2218 4080 2473 4139 Ecclesia:
2491 4085 2968 4154 familiarissimas,
2990 4080 3321 4154 mediocriter
3342 4080 3524 4154 littera
3542 4110 3554 4122 -

1967 4152 2073 4227 tas,
2104 4171 2269 4227 usque
2314 4157 2371 4209 in
2409 4152 2608 4209 calcem
2630 4153 3241 4227 proluaiinissrquentia
3279 4152 3547 4227 apposuit.

1970 4221 2372 4297 Audita'magis
2401 4242 2558 4297 quam
2590 4226 2702 4279 visa
2751 4221 3083 4297 scripsit,_e_t
3106 4238 3224 4297 qua:
3244 4239 3277 4297 ᾳ
3305 4221 3551 4297 ﬁdelibus

1965 4292 2535 4365 relatoribus'aud'ivit,
2558 4292 2881 4365 posterorum
2906 4294 3096 4365 noticic
3114 4292 3414 4365 dereliquit.

2036 4364 2184 4433 (110)
2233 4363 2343 4421 Nec
2382 4361 2567 4420 tamen
2606 4366 2808 4436 injuste
2851 4364 3086 4436 partium
3117 4361 3346 4436 studio;
3374 4361 3447 4436 cf.
3490 4378 3549 4420 a.

1968 4434 2129 4501 1156,
2169 4436 2363 4503 injuste
2412 4436 2615 4489 dimisit
2634 4433 2674 4497 ς’
2705 4436 2835 4489 1161
2859 4433 2874 4497 ,
2900 4450 2991 4503 per
3021 4433 3327 4487 violentiam
3372 4434 3543 4503 impe-

1966 4491 2183 4569 ratoris;
2214 4491 2372 4569 1162,
2410 4491 2759 4560 Octavianum
2789 4491 3184 4568 scisinaticum,
3238 4503 3409 4568 1165,
3437 4491 3545 4555 im-

1962 4576 2223 4645 peratoris
2256 4584 2365 4629 tam
2393 4577 2671 4630 temerario
2694 4576 3019 4644 juramento.

2035 4644 2252 4714 (111)1n
2280 4646 2470 4701 codice
2514 4646 2676 4701 unico
2697 4643 2776 4701 B5
2807 4654 3023 4699 exstant
3046 4653 3256 4699 tantum
3280 4658 3461 4714 usque
3477 4643 3549 4700 ad

1964 4730 2015 4768 a.
2051 4715 2188 4769 1225
2237 4716 2497 4782 medium,
2547 4717 2740 4770 ultimo
2771 4714 2891 4784 ejus
2944 4714 3076 4769 folio
3105 4714 3406 4784 deperdito.
3440 4713 3550 4770 Sed

270 4783 403 4856 agi).
434 4780 587 4856 Nelis
637 4783 741 4856 sibi
767 4784 1188 4856 communicata.
1236 4783 1516 4855 Nusquam
1532 4780 1685 4841 'Dom
1716 4780 1862 4840 Brial
1894 4788 1937 4842 D
1963 4784 2105 4853 apud
2154 4780 2586 4842 continuatorem
2636 4786 2733 4841 135‘
2780 4780 2850 4841 iis
2903 4780 3360 4856 superstructum,
3424 4800 3536 4839 non

270 4854 429 4920 dicit,
476 4853 581 4935 hoc
625 4854 709 4935 tibi
762 4854 863 4935 legi
908 4863 1037 4935 post
1082 4853 1463 4935 Sigebertuin;
1517 4856 1665 4935 idem
1712 4858 1855 4935 apud

269 4940 401 4982 eum
444 4932 502 4994 et
540 4923 597 4977 in
620 4923 897 4980 Chronico
946 4925 1070 4979 linis
1116 4923 1400 4994 abruptus,
1430 4927 1619 4981 eadem
1652 4923 1854 4994 verba;

271 4994 423 5048 Brial
442 4993 526 5064 nil
551 5009 777 5062 prorsus
803 4994 982 5059 habet,
1010 4995 1156 5064 quod
1191 4993 1297 5049 non
1325 4996 1488 5049 etiam
1505 4995 1853 5063 Clironicon;

268 5079 398 5135 quin
424 5062 740 5135 Chronicon
787 5066 878 5119 illo
907 5062 1061 5133 plura
1089 5065 1269 5131 habet,
1324 5081 1593 5135 perpauca
1625 5062 1855 5132 tantum,

267 5150 301 5188 a
332 5133 479 5187 Brial
520 5134 726 5204 omissa
762 5144 945 5199 erunt,-
984 5136 1078 5204 qui
1121 5150 1180 5190 se
1238 5133 1346 5189 non
1395 5133 1577 5190 omnia
1621 5138 1859 5193 edidisse

269 5204 390 5274 ipse
417 5204 620 5262 innuit.
652 5203 1017 5285 Continuatio
1050 5207 1212 5276 igitur
1244 5205 1509 5276 Sigeberti
1554 5207 1859 5264 Gaudensis

268 5290 565 5331 nunquam
579 5283 805 5331 exstitit.

341 5343 500 5419 (10:1)
518 5343 654 5399 Nam
691 5361 743 5399 a.
790 5345 927 5400 1154
968 5344 1279 5419 lleinrieum
1321 5346 1619 5419 Anglorum
1654 5362 1856 5419 regem,

267 5429 322 5468 a.
352 5414 507 5488 1169
536 5424 996 5488 mortuumgvocat
1019 5415 1160 5488 [tunc
1182 5417 1272 5487 qui
1297 5414 1453 5471 modo
1476 5425 1677 5488 regnat.

344 5484 496 5554 (108)
521 5484 597 5554 Α,
623 5485 751 5549 670,
783 5485 942 5551 1069,
975 5487 1131 5540 uso.
1194 5484 1202 5487 '
1534 5484 1549 5488 '
1849 5536 1853 5541 .

338 5552 616 5628 (109)(31·⁸
648 5571 708 5628 a._
738 5555 877 5610 1190
899 5557 968 5611 de
992 5555 1269 5628 Friderico
1292 5555 1423 5626 imp.
1460 5576 1474 5611 :
1519 5556 1721 5628 Corpus
1742 5573 1858 5627 ejus

263 5624 446 5709 adhuc
501 5625 824 5694 insepultum
864 5624 1461 5709 custoditumulowdt.
1503 5645 1594 5682 rea:
1625 5624 1858 5697 futurus

268 5696 541 5816 scriptum
598 5711 720 5751 esse
770 5706 984 5766 Oportet
1034 5706 1160 5753 ante
1225 5696 1463 5752 lleinrici
1521 5696 1755 5754 mortem
1800 5716 1853 5755 a.

272 5766 383 5847 11.9
419 5807 431 5818 .
472 5776 793 5847 narratam;
831 5767 1195 5847 1191,_acmm
1224 5767 1319 5821 hoc
1350 5769 1734 5847 _anno_;_1197,
1772 5788 1855 5824 se-

267 5838 476 5892 minum
514 5846 571 5890 ut
612 5838 817 5892 videtur
862 5838 1083 5914 pulchra
1134 5840 1430 5909 processio;
1487 5840 1615 5895 ibid.
1658 5851 1855 5899 certum

1966 4856 2322 4929 hicetantum
2340 4858 2614 4929 leguntur,
2642 4857 2936 4929 sedetiam
2946 4854 3145 4929 cuncta
3165 4870 3288 4929 quae
3304 4854 3550 4929 Annales

1961 4924 2326 4995 Aquicinctini
2354 4924 2418 4982 af
2445 4926 2795 4982 1226—1237
2816 4927 3092 4981 exhibent.
3116 4924 3281 4994 Atqui
3306 4924 3402 4979 115·
3433 4942 3552 4991 non

1963 5012 2098 5079 usus
2119 5008 2204 5079 est
2227 4996 2551 5079 Annalibus,
2578 4998 2670 5053 sed
2719 4997 2959 5079 codicem
2986 4996 3064 5052 85
3095 4995 3162 5079 ad
3190 4996 3423 5079 litteram
3446 4995 3547 5050 den

1963 5066 2179 5136 scripsit
2227 5067 2319 5137 (cf.
2346 5070 2612 5123 subunoue
2634 5068 2775 5137 apud
2817 5065 3163 5137 utrumque);
3215 5066 3365 5121 locos
3412 5081 3548 5136 ergo

1964 5136 2256 5262 ἓὲἐζιῖἓὶιιιι
2279 5141 2420 5209 apud
2444 5156 2568 5195 eum
2602 5140 2794 5194 obvios
2816 5138 2871 5192 in
2913 5137 2990 5193 B5
3015 5152 3236 5208 quoque
3264 5136 3547 5192 exstitisse

1964 5221 2194 5261 ODOI'ICL

2001 5223 2364 5348 pﬁApud
2388 5279 2627 5336 Martene
2651 5278 2816 5334 Thes.
2847 5277 2935 5344 Ill,
2965 5277 3091 5332 388.

2022 5346 2351 5471 ‘(115)§um
2400 5349 2796 5471 Bergisx‘prope
2842 5348 3190 5431 Dunkirchen
3230 5346 3541 5428 scripsisse,

2059 5433 2090 5471 e
2115 5433 2461 5471 comicimns.
2496 5435 2566 5471 an
2677 5421 2840 5471 huius
2876 5435 3116 5471 maxmie
3175 5431 3411 5471 remotus
3448 5416 3541 5469 ιιι-ι

2022 5367 2184 5471 Ana)
2216 5367 2351 5403 num
2400 5367 2586 5421 uergis
2667 5367 2796 5419 rope
2842 5367 3190 5404 miniurcnen
3230 5367 3541 5415 scripSIsse,

1963 5418 2017 5472 in
2059 5433 2090 5490 e
2115 5419 2461 5488 conjicimus,
2496 5367 2663 5489 quodp
2676 5420 2840 5490 hujus
2876 5420 3116 5474 maxime
3175 5415 3545 5490 regionisuhi-s

1962 5489 2187 5545 storiam
2221 5485 2453 5555 tractat;
2484 5485 2629 5559 quod
2658 5485 2882 5546 vocibus
2912 5490 3144 5545 Galliam
3164 5485 3546 5559 redolentibus

1962 5560 2152 5624 utitur,
2180 5568 2239 5615 ut
2284 5556 2524 5623 saisivit}
2564 5561 2709 5630 quod
2756 5561 3111 5616 translatione
3156 5556 3213 5630 S.
3263 5556 3541 5630 lduliergae

1961 5630 2117 5699 plene
2140 5638 2379 5696 narrata,
2401 5625 2614 5699 adjicit:
2639 5631 2783 5699 facta
2808 5640 2885 5685 est
2909 5640 3136 5700 tempore
3158 5627 3339 5680 domui
3369 5625 3542 5681 Insct-

1960 5702 2097 5756 mari
2127 5702 2334 5771 abbatis
2367 5701 2663 5771 Bergensis.

2029 5771 2178 5841 (114)
2206 5767 2701 5825 Νονίιιιιιεὶειιιιιιιιι
2731 5770 3094 5839 dabimusque
3131 5782 3163 5823 e
3192 5767 3382 5841 codice.
3420 5774 3542 5829 85“

1959 5840 2051 5914 per
2088 5843 2414 5901 monachum
2448 5840 2893 5900 llimubnieusem
2927 5854 2957 5893 e
2985 5840 3153 5895 variis
3185 5840 3306 5895 libri
3328 5858 3348 5902 ·,
3388 5854 3547 5907 tanta
3660 5859 3673 5865 ·
