4046 6318
521 228 594 293 5‘9

1671 228 2103 291 SIGEBERTUS
2140 230 2693 292 GEMBLACENSIS.

3732 248 3807 305 11»

518 334 827 393 conjumut.
864 333 923 380 ut
950 324 1126 382 codici
1147 323 1248 382 Dl'
1275 323 1694 381 accuratissime
1718 323 1994 394 descripto
2017 322 2115 377 ad-
2144 326 2189 382 Α
2217 323 2495 380 oﬁ‘uscata:
2551 335 2699 395 sunt,
2756 336 2816 382 ut
2868 329 3064 387 melius
3116 332 3385 405 legantur.
3457 365 3487 375 -
3520 335 3582 391 F.
3611 338 3801 395 51-54-

514 422 707 493 jiceret
734 419 957 475 Roberti
984 427 1194 474 textum
1224 418 1377 473 illum
1400 418 1712 473 breviorem
1735 433 1786 472 a.
1807 415 2110 487 1155-1169

516 544 573 591 et
606 535 878 606 integrum
904 549 956 589 a.
991 532 1326 600 1169-1186,
1352 531 1634 602 adspersis
1666 530 1757 585 hic
1779 529 1889 584 illic
1916 526 2111 599 paucis

514 627 586 684 de
633 643 736 683 suo
783 626 1119 683 monasterio
1170 624 1410 692 notulis;
1453 625 1540 680 cui
1575 624 1631 681 in
1677 621 1872 678 eodem
1924 620 2110 677 codice

514 720 824 775 monachus
854 719 1307 776 Gemmeticensis
1351 717 1819 774 continuationem
1858 732 1911 770 a.
1944 713 2110 769 1187-

517 812 661 868 1210
686 813 989 884 subiunxit.
1020 811 1176 868 Hunc
1195 812 1394 867 librum
1428 818 1628 866 nactus
1650 808 1954 864 Guilelmus
1979 805 2110 861 Par-

509 924 709 975 vus,a.
732 909 891 974 1515,
913 907 1039 962 inde
1059 906 1353 963 editionem
1385 904 1689 975 principem
1719 902 1838 957 ﬁeri
1864 900 2102 957 curavit.

512 999 614 1066 Ita,
647 1014 771 1055 cum
819 999 986 1055 codex
1022 995 1441 1067 Ursicampinus
1499 993 1910 1066 conglutinatus
1955 990 2028 1046 sit
2075 1005 2108 1045 e

515 1101 665 1148 textu
723 1091 1132 1158 Bellovacensi,
1176 1088 1588 1145 continuatione
1648 1084 2009 1140 Laudunensi
2052 1092 2108 1138 et

511 1185 918 1252 Gemblacensi,
956 1185 1102 1239 miro
1132 1182 1368 1254 quodam
1394 1180 1508 1236 fato
1540 1178 1743 1236 factum
1774 1188 1879 1244 est,
1904 1186 1965 1232 ut
1986 1177 2104 1233 edi-

511 1278 592 1333 tio
622 1277 874 1348 princeps
908 1279 1076 1347 atq'ue
1108 1283 1288 1333 textus
1326 1274 1617 1344 hucusque
1651 1280 1904 1342 receptus
1944 1271 2106 1340 quasi

510 1381 673 1426 rente
698 1371 851 1426 ﬁeret
871 1387 936 1425 ex
963 1370 1220 1425 omnibus
1243 1366 1467 1422 familiis
1491 1373 1757 1421 consutus
1803 1350 1974 1434 (157).

502 1512 503 1517 η
587 1460 1146 1520 ϐοώσας-(20111000
1168 1459 1436 1532 Sigeberti
1465 1467 1632 1529 atque
1653 1455 2102 1513 eoutinuatorum

512 1556 789 1612 exstitisse
820 1556 1026 1611 scimus
1053 1555 1144 1621 65,
1171 1569 1201 1609 0
1237 1552 1437 1624 quibus
1458 1551 1572 1622 jam
1605 1549 1869 1620 deperditi
1897 1548 1984 1615 19,
2009 1564 2105 1604 su-

512 1658 741 1719 persunt
764 1648 853 1703 41.
892 1647 972 1702 Ex
1000 1647 1085 1703 1110
1107 1663 1139 1701 a
1174 1660 1367 1700 novem
1396 1651 1521 1698 ante
1549 1657 1652 1697 nos
1683 1640 1990 1695 editoribus
2013 1637 2105 1693 ad-

512 1741 670 1796 hibiti
699 1740 920 1796 fuerunt
954 1739 1039 1806 12,
1061 1753 1163 1795 nos
1192 1723 1276 1793 usi
1302 1751 1494 1792 sumus
1517 1733 1606 1789 55.
1644 1731 1785 1788 Sunt
1808 1733 1973 1804 igitur
2014 1747 2103 1786 co-

509 1836 653 1889 dices
677 1832 905 1904 familia:
937 1830 1349 1886 Gemblace‘nsis.
1660 1880 1663 1883 λ

497 1960 500 1962 ~
584 1928 637 1996 1)
678 1924 862 1982 Codex
886 1926 1014 1980 olim
1056 1922 1114 1980 S.
1150 1923 1300 1977 Petri
1339 1919 1749 1985 Gcmblacensis,
1779 1917 1885 1971 hoc
1909 1931 2102 1972 everso

509 2014 565 2073 in
598 2031 795 2073 manus
822 2018 1088 2088 cauponis
1118 2016 1350 2082 delatus,
1365 2013 1490 2069 inde
1502 1999 1732 2082 ereptus
1753 2024 1850 2081 per
1868 2007 1931 2062 Β.
1958 2007 2098 2062 Bau-

510 2110 598 2177 de,
651 2127 682 2166 a
723 2124 833 2178 quo
882 2107 1275 2180 benignissime
1325 2103 1791 2160 communicatum
1843 2116 1894 2156 a.
1963 2097 2104 2154 18.10

510 2202 628 2272 ipse
649 2201 877 2267 contuli,
916 2215 1062 2256 nunc
1090 2199 1222 2254 bibl.
1256 2195 1622 2269 Burgundios:
1649 2191 2022 2249 Bruxellensis
2045 2208 2099 2247 n.

512 2290 708 2359 18259,
736 2291 882 2347 unde
914 2274 1307 2362 benignissime
1340 2287 1497 2343 nobis
1548 2285 1936 2342 transmissum
1983 2281 2104 2339 edi-

507 2384 646 2440 tioni
684 2382 948 2439 faciendae
979 2383 1179 2438 iterum
1218 2380 1475 2436 adhibui:
1509 2378 1714 2449 optime
1746 2384 2108 2432 conservatus

519 2477 751 2531 membr.
794 2475 889 2531 fol.
941 2475 1077 2530 min.
1124 2473 1378 2529 foliorum
1425 2470 1512 2526 62.
1547 2468 1946 2538 Quaternioncs
1993 2480 2107 2522 non

518 2564 753 2637 signati;
781 2564 939 2619 1111010
976 2577 1123 2617 1111110
1152 2561 1292 2633 stylo
1323 2576 1471 2617 nunc
1515 2560 1741 2631 plumbo
1767 2558 1981 2624 ductas;
2012 2557 2106 2611 lit-

522 2668 654 2717 101ῖο
697 2672 743 2712 0.
789 2672 869 2710 xu
912 2654 1172 2721 ineuntis,
1217 2669 1447 2710 summa:
1497 2651 1883 2722 simplicitatis,
1915 2649 2107 2704 litterae

518 2751 680 2823 pictae
701 2757 898 2820 praeter
930 2748 1149 2804 titulum
1178 2747 1348 2803 minio
1379 2746 1641 2817 scriptum
1671 2745 1854 2800 nullae.
1888 2742 2106 2816 Regno-

502 2858 627 2897 rum
660 2841 876 2898 indices
901 2840 956 2896 111
992 2854 1211 2896 summa
1243 2838 1438 2909 quavis
1466 2837 1686 2908 pagina,
1725 2834 1858 2890 anni
1891 2833 2103 2889 Christi

515 2952 553 2991 n
586 2935 834 3007 margine
864 2949 963 3004 per
986 2930 1250 2988 decennis
1282 2939 1493 2985 tantum
1534 2937 1816 2983 notantur.
1852 2926 2096 2999 Singula

2216 416 2290 486 (a.
2327 415 2634 472 1085-1111
2666 421 2989 493 proterebat)
3023 439 3118 480 seu
3155 428 3451 497 septimum
3480 431 3806 506 quaternio-

2211 524 2338 564 nem
2368 510 2590 581 scripsit
2625 511 2781 567 tertia
2805 528 3023 583 manus,
3046 519 3236 574 eadem
3261 536 3387 589 qua:
3414 536 3466 575 a.
3495 522 3806 578 1156-1157

2211 600 2599 669 pulcherrima.
2641 600 2849 659 Desinit
2901 604 2955 660 in
3008 608 3185 662 media
3218 609 3441 680 pagina,
3487 611 3649 682 cujus
3677 612 3810 669 reli-

2189 707 2318 761 qua
2344 707 2472 762 pars
2499 703 2672 749 vacat.
2701 694 2835 749 -—F.
2872 695 2943 751 55
2977 697 3155 752 solum
3184 698 3451 755 inscrtum
3477 703 3810 775 conscripsit

2210 795 2429 855 quarta,
2456 787 2614 859 longe
2641 789 2876 855 diversa,
2913 791 3236 862 suberispa;
3269 792 3477 850 indices
3507 810 3807 865 regnorum

2210 877 2412 943 nullae;
2459 880 2780 950 compendia
2840 881 3126 952 scriptura:
3188 893 3354 954 atque
3407 888 3807 959 orthographia

2209 969 2335 1035 alia,
2367 979 2425 1025 ut
2452 970 2626 1038 karta,
2648 972 2986 1042 karissimus,
3018 975 3264 1031 dominus
3305 994 3467 1048 papa,
3511 978 3799 1046 Henricus,

2208 1078 2481 1117 menaeus.
2545 1062 2762 1121 Ultima:
2819 1066 3060 1123 dimidiae
3106 1069 3320 1141 paginae
3370 1086 3591 1139 manus,
3631 1089 3804 1143 quam

2210 1155 2487 1212 credimus
2508 1156 2777 1225 Anselmi,
2812 1160 3147 1229 praecedenti
3175 1163 3311 1220 satis
3331 1164 3555 1235 quidem
3576 1165 3801 1234 similis,

2208 1262 2308 1302 nec
2334 1259 2519 1304 tamen
2542 1252 2755 1318 eadem,
2786 1261 3092 1309 atramento
3121 1256 3286 1326 paulo
3314 1257 3557 1330 nigriore
3591 1259 3801 1316 inscri-

2204 1340 2316 1411 psit
2338 1356 2449 1396 uno
2481 1351 2668 1398 tenore
2696 1360 2900 1400 annum
2953 1347 3093 1402 1112
3125 1358 3181 1404 et
3210 1360 3443 1407 mortem
3480 1351 3756 1423 Sigeberti
3782 1374 3798 1423 ;

2206 1431 2311 1487 alia
2332 1434 2497 1503 paulo
2507 1442 2633 1505 post
2656 1437 2827 1506 qui—
2840 1437 3050 1511 reliquit
3073 1440 3300 1498 addidit.
3335 1441 3475 1498 Tum
3501 1445 3654 1502 nullo
3671 1460 3804 1516 spa-

2204 1525 2284 1580 tio
2314 1527 2524 1595 relicto,
2554 1528 2807 1600 paginam
2858 1531 3064 1588 claudit
3106 1550 3286 1592 annus
3336 1537 3494 1603 1115,
3547 1537 3802 1594 Anselmi

2207 1633 2395 1686 manu,
2425 1622 2519 1677 sed
2548 1623 2657 1678 alio
2700 1633 2946 1695 tempore
2971 1627 3228 1702 scriptus.
3255 1660 3335 1687 --λ
3352 1628 3415 1684 F.
3441 1629 3528 1687 56ι
3541 1630 3612 1685 62
3639 1640 3799 1689 octa-

2210 1725 2337 1766 vum
2388 1715 2805 1783 quaternionem
2839 1717 3099 1787 eﬁiciunt,
3132 1721 3291 1792 cujus
3334 1723 3571 1792 primUm
3600 1722 3802 1781 folium

2204 1802 2318 1873 jam
2348 1813 2473 1860 ante
2508 1821 2560 1860 a.
2618 1807 2757 1864 1115
2801 1810 3047 1866 excisum
3095 1821 3217 1880 est;
3246 1814 3325 1869 nil
3358 1823 3539 1872 tamen
3588 1817 3797 1874 deﬁcit.

2208 1896 2396 1953 Annos
2415 1894 2740 1956 1114-1155.
2773 1901 3068 1961 Anselmus
3093 1904 3209 1976 ipse
3234 1907 3455 1979 scripsit
3483 1920 3800 1968 atramento

2207 2000 2263 2044 et
2308 1989 2495 2046 habitu
2545 1994 3016 2064 quamplurimum
3065 2007 3318 2067 mutato;
3354 2010 3410 2056 et
3457 2002 3683 2072 quidem
3738 2018 3796 2063 ι.

2210 2082 2348 2136 1115
2375 2092 2431 2138 01
2456 2084 2594 2140 1115
2627 2084 2863 2144 fortasse
2897 2104 3006 2145 uno
3039 2091 3295 2160 calamo;
3327 2092 3526 2150 deinde
3566 2111 3618 2151 a.
3652 2096 3799 2153 1.115

2207 2183 2262 2229 et
2286 2174 2620 2233 additionem
2647 2179 2717 2234 ad
2745 2195 2797 2234 a.
2831 2182 2992 2251 1115,
3021 2191 3137 2239 tum
3163 2184 3474 2242 1116-1118
3508 2189 3688 2246 tribus
3709 2192 3801 2248 vi-

2209 2266 2404 2335 cibus;
2441 2284 2493 2323 a.
2530 2269 2828 2331 1119-1121
2872 2273 3093 2345 scripsit
3114 2275 3313 2332 iterum
3356 2293 3557 2336 manus
3588 2282 3795 2351 tertia;

2208 2365 2304 2421 sed
2337 2364 2630 2422 Anselmus
2649 2380 2770 2421 eam
2800 2368 3057 2435 correxit,
3080 2377 3137 2424 et
3159 2369 3275 2438 ipse
3299 2370 3517 2440 scripsit
3537 2387 3588 2426 a.
3621 2372 3796 2443 1122;

2208 2469 2322 2515 tum
2346 2475 2397 2514 a.
2434 2458 2572 2513 1125
2599 2468 2655 2514 et
2687 2459 2937 2530 quaedam
2974 2460 3105 2515 anni
3138 2461 3275 2515 1117
3301 2480 3314 2517 :
3338 2471 3455 2518 tum
3488 2477 3541 2519 a.
3574 2464 3714 2519 1124
3742 2476 3801 2521 et

2208 2553 2348 2609 1125
2405 2555 2581 2611 tribus
2628 2555 2859 2622 vicibus,
2905 2556 3042 2611 1126
3090 2557 3323 2622 duabus,
3370 2558 3509 2613 1127
3555 2560 3797 2630 duabus,
3863 2626 3876 2638 .

2208 2644 2346 2700 1128
2379 2661 2497 2713 sex,
2535 2646 2674 2702 1129
2724 2646 2960 2702 duabus.
2999 2646 3058 2702 111
3106 2663 3158 2703 a.
3210 2646 3351 2704 1150
3395 2665 3522 2707 cum
3578 2651 3797 2707 calamo

2205 2735 2451 2791 animum
2509 2737 2783 2791 mutavit:
2826 2736 3149 2809 Gregorium
3204 2738 3368 2795 modo
3420 2741 3797 2812 vituperatum

2204 2829 2409 2896 laudat,
2463 2827 2784 2884 Lotharium
2834 2830 3140 2885 laudatum".
3167 2832 3481 2902 vituperat;
3542 2850 3594 2890 a.
3640 2836 3796 2892 .1152

2204 2923 2403 2977 iterum
2453 2936 2576 2992 qua:
2625 2921 2805 2992 primo
2856 2930 3154 2992 scripserat
3196 2933 3386 2980 contra
3439 2924 3791 2996 Lotharium,

502 3028 785 3085 sententiae
825 3026 1004 3097 spatio
1044 3024 1238 3079 latiore
1264 3033 1318 3079 et
1347 3023 1528 3077 littera
1556 3021 1860 3092 maiuscula
1886 3020 2092 3076 11101111-
2121 3049 2163 3106 C
2202 3013 2368 3084 paulo
2393 3021 2516 3083 post
2541 3013 2869 3069 immutavit.
2917 3012 3112 3071 Manus
3148 3023 3330 3070 tamen
3359 3017 3415 3072 in
3448 3018 3535 3076 his
3557 3035 3793 3089 prorsus

501 3125 765 3190 guuntur.
789 3116 1161 3188 lnterpunctio
1187 3114 1347 3185 plane
1370 3113 1606 3185 egregia,
1631 3128 1754 3184 qure
1774 3112 1956 3168 ubivis
1980 3110 2094 3167 fere
2136 3104 2146 3106 ⁷
2195 3105 2407 3173 eadem,
2437 3104 2704 3173 Anselmi,
2731 3121 2906 3177 usque
2927 3107 2993 3162 ad
3017 3124 3069 3162 a.
3094 3108 3230 3164 1155
3256 3109 3441 3164 ﬁnem.
3470 3111 3619 3166 -Α,
3646 3113 3790 3167 1156

502 3212 788 3268 retinenda
844 3211 965 3266 fuit.
997 3209 1209 3266 Calami
1246 3223 1463 3264 errores
1497 3223 1595 3278 per
1637 3214 1812 3262 totum
1845 3205 2091 3262 codicem

498 3302 938 3374 quatuor-decim.
996 3300 1146 3357 Folia
1180 3300 1316 3356 1-42
1343 3299 1587 3371 quinque
1633 3297 2092 3370 quaternionibus

495 3395 685 3466 juncta
736 3405 975 3466 quatuor
1013 3392 1246 3449 diversis
1286 3392 1626 3463 temporibus
1656 3391 1901 3446 exaravit
1932 3389 2092 3462 Sige-

498 3485 686 3542 bcrtus
718 3485 833 3556 ipse
882 3500 1050 3540 manu
1097 3484 1458 3555 autographa,
1519 3484 1729 3552 eadem,
1782 3498 1892 3554 qua
1926 3483 2091 3540 Gesta

498 3576 756 3631 abbatum
786 3574 1262 3631 Gemblacensium
1302 3574 1358 3628 in
1388 3572 1577 3628 codice
1624 3571 1897 3642 Lipsiensi
1946 3573 2087 3628 scri-

495 3669 625 3740 psit,
656 3669 887 3738 pulchra
933 3677 987 3722 et
1033 3669 1190 3722 ﬁrma
1239 3665 1486 3736 adeoque
1531 3674 1808 3731 accurata,
1861 3672 1921 3720 ut
1963 3676 2111 3721 octo-

495 3768 709 3815 tantum
738 3775 933 3829 pennae
960 3758 1149 3827 lapsus
1174 3755 1514 3812 commiserit
1532 3755 1877 3823 levissimos;
1905 3754 1942 3810 1‘.
1969 3756 2083 3812 1-2.

495 3852 721 3923 (Incipit
752 3879 823 3889 —-
866 3849 1147 3921 Priamus)
1177 3864 1289 3905 uno
1338 3849 1571 3917 calamo,
1612 3850 1676 3904 41
1710 3865 1809 3922 per
1831 3851 2086 3923 paginam

494 3944 697 4010 lineis;
734 3942 774 3997 f.
810 3941 931 3999 5-6.
962 3941 1095 4012 (Alii
1120 3972 1194 3982 —-
1222 3958 1275 3997 a.
1310 3941 1438 4014 422)
1466 3952 1774 3999 atramento
1814 3944 1945 4013 alio,
1992 3945 2084 4000 lit-

496 4034 627 4088 teris
653 4033 962 4088 minoribus
989 4032 1084 4087 scd
1130 4046 1254 4103 qum
1304 4033 1509 4089 sensim
1539 4033 1775 4104 priorem
1805 4035 2083 4106 magnitu-

493 4126 677 4182 dinem
707 4124 997 4195 recipiunt,
1014 4123 1174 4179 lineis
1197 4123 1398 4179 abhinc
1419 4139 1517 4194 per
1536 4132 1711 4179 totum
1737 4125 1828 4193 42,
1852 4126 2085 4183 interius

494 4213 772 4288 prmﬁxis;
803 4214 843 4270 f.
876 4214 910 4269 6
944 4215 1109 4269 ﬁnem
1140 4215 1212 4284 (a.
1247 4215 1517 4287 425-425)
1550 4216 1748 4272 litteris
1772 4217 1955 4273 subito
1985 4218 2084 4273 mi-

493 4308 759 4375 noribus;
799 4305 839 4360 1'.
874 4305 1011 4360 7-12
1042 4304 1116 4376 (a.
1147 4304 1410 4377 426-972)
1433 4315 1740 4363 atramento
1771 4308 1901 4372 alio,
1931 4302 2080 4380 quod

490 4398 693 4454 abhinc
728 4413 836 4452 non
892 4404 1154 4451 mutatur.
1207 4394 1405 4452 Postea
1459 4395 1693 4453 diversis
1738 4398 2078 4455 temporibus

489 4499 683 4547 auctor
712 4491 827 4560 ipse
855 4489 945 4543 hic
969 4488 1079 4543 illic
1119 4487 1276 4558 plura
1316 4489 1571 4556 correxit,
1595 4490 1812 4556 delevit,
1842 4489 2074 4560 adjecit;

489 4591 692 4655 posta.
726 4580 834 4637 972
864 4580 1074 4636 nullum
1124 4580 1245 4651 ejus
1295 4580 1582 4653 vestigium
1630 4591 1874 4653 apparet.
1904 4612 1976 4621 —
2008 4580 2071 4637 F.

488 4672 659 4747 45:50
684 4673 756 4744 (a.
791 4670 1093 4742 975-1084)
1125 4686 1217 4726 seu
1248 4679 1461 4726 sextum
1495 4673 1912 4742 quaternionem
1938 4688 2073 4728 exa-

486 4764 629 4820 ravit
656 4763 892 4821 secunda
918 4777 1115 4817 manus
1147 4778 1196 4818 s.
1226 4779 1304 4817 xu
1337 4763 1436 4829 in.,
1458 4763 1736 4819 simillima
1763 4762 2068 4835 Sigeberto,

484 4859 583 4917 sed
609 4860 666 4914 in
696 4858 891 4914 litteris
910 4857 1232 4929 majusculis
1260 4858 1532 4926 ornatior;
1557 4859 1946 4928 orthographia
1971 4859 2071 4914 ali-

485 4952 810 5022 quantulum
855 4948 1111 5005 (1111010110
1137 4967 1152 5016 ;
1184 4967 1236 5017 a,
1279 4950 1425 5019 quod
1454 4948 1770 5021 Sigebertus
1801 4966 2015 5023 semper
2039 4953 2072 5008 ἁ

482 5044 725 5114 scripsit,
749 5051 976 5099 accentu
1001 5052 1153 5098 caret
1182 5040 1250 5097 ab
1282 5043 1387 5097 hac
1421 5050 1475 5097 et
1497 5044 1857 5113 sequentibus
1893 5043 2073 5098 mani-

482 5135 589 5192 bus
617 5137 893 5215 omnibus;
924 5153 1118 5208 penna:
1149 5137 1334 5207 lapsus
1384 5144 1532 5203 tres;
1585 5137 1743 5193 11110ιο
1786 5154 1883 5208 per
1916 5138 2071 5211 pagi-

480 5241 610 5284 nam
642 5229 708 5283 41
738 5246 752 5296 ;
786 5229 1104 5284 membrana
1151 5228 1400 5299 spissior,
1442 5228 1648 5284 laevior.
1693 5229 1827 5286 Tres
1858 5232 2079 5303 paginae.

480 5334 607 5377 cum
645 5335 696 5375 a.
727 5320 967 5378 975-979
993 5330 1048 5377 01
1071 5321 1228 5377 1077.
1255 5320 1651 5378 Hitdebrandus
1680 5340 1772 5394 per
1796 5341 1971 5380 omnes
1992 5356 2067 5368 —-

480 5426 534 5465 a.
567 5411 707 5469 1088
735 5412 828 5469 ﬁn.
854 5412 968 5485 jam
991 5421 1118 5470 ante
1158 5429 1329 5469 unum
1353 5415 1532 5471 duovc
1570 5415 1769 5472 saecula
1821 5415 2059 5474 tinctura

2196 3199 2395 3254 iterum
2443 3215 2641 3255 manus
2686 3200 2848 3255 tertia
2894 3201 3135 3271 scripsit,
3168 3201 3334 3258 ﬁnem
3363 3204 3507 3260 alius
3533 3206 3698 3261 erasit
3731 3215 3791 3261 et

2194 3292 2361 3347 alium
2389 3291 2534 3348 fecit.
2558 3322 2628 3331 —
2670 3290 2736 3346 A.
2764 3292 2903 3347 1157
2937 3311 2956 3344 1
2990 3292 3241 3349 Prudens
3275 3314 3293 3346 1
3336 3297 3583 3352 succedit
3626 3308 3785 3355 sexta

2195 3382 2330 3455 (1η.)
2362 3383 2754 3454 pulcherrima,
2803 3398 2900 3439 sex
2955 3384 3169 3440 vicibus
3204 3385 3477 3442 calamum
3529 3404 3781 3446 sumens.

2190 3506 2262 3515 —
2287 3474 2354 3530 A.
2385 3475 2522 3531 1145
2549 3495 2568 3527 ‹
2601 3475 2779 3530 Remis
2807 3495 2827 3528 1
2859 3478 3089 3546 septima
3139 3479 3389 3549 sequitur
3427 3495 3539 3535 uno
3592 3489 3786 3539 tenore

2193 3584 2368 3639 usque
2402 3569 2471 3624 ad
2504 3570 2811 3638 transactis,
2838 3570 2930 3626 ubi
2961 3571 3017 3626 in
3062 3572 3170 3626 ﬁne
3200 3572 3414 3644 pagina:
3442 3573 3666 3643 desinit,
3695 3577 3786 3631 ul-

2191 3662 2323 3718 tima
2371 3662 2753 3733 quaternionis
2797 3670 2853 3718 et
2900 3663 3104 3719 codicis
3132 3664 3329 3735 pagina
3364 3680 3538 3721 vacua
3564 3667 3779 3723 relicta.

2187 3786 2259 3796 —
2285 3755 2557 3812 Prmtcrea
2591 3755 2899 3811 additiones
2941 3764 2997 3811 et
3033 3758 3402 3813 correctioncs
3454 3774 3552 3828 per
3597 3767 3781 3815 totum

2187 3850 2432 3906 codicem
2462 3849 2648 3904 multa:
2675 3848 3044 3919 reperiuntur,
3079 3865 3218 3920 quas
3240 3849 3315 3904 ita
3343 3850 3735 3922 distinguimus
3761 3870 3778 3907 :

2190 3941 2505 4015 Sigebertus
2561 3950 2852 4014 postquam
2899 3957 3037 4012 opus
3086 3942 3340 4014 scripsit,
3388 3943 3544 4013 plura
3601 3944 3659 3999 in
3706 3959 3781 4000 eo

2184 4035 2536 4106 postmodum
2572 4034 2987 4090 (ξονι-0111011110
3016 4036 3295 4103 secundis,
3330 4045 3639 4093 atramento
3684 4037 3781 4094 ni-

2186 4142 2324 4203 gro;
2358 4127 2464 4182 alia
2515 4135 2705 4197 postea
2751 4141 2991 4197 quoque,
3042 4127 3192 4183 curis
3233 4127 3428 4195 tertiis,
3466 4136 3780 4185 atramento

2184 4219 2468 4286 subfusco,
2499 4234 2664 4274 manu
2690 4218 2883 4274 nitida.
2913 4217 3042 4274 Haec
3065 4220 3249 4275 omnia
3278 4214 3545 4292 leguntur'
3564 4220 3620 4275 in
3647 4235 3780 4276 om-

2183 4311 2347 4366 nibus
2381 4308 2700 4376 codicibus;
2726 4307 2867 4365 facta
2897 4309 3059 4380 igitur
3108 4319 3238 4366 sunt
3282 4312 3601 4383 priusquam
3628 4326 3780 4384 opus

2109 4388 2156 4448 Ι)
2184 4401 2360 4471 primo
2381 4399 2658 4455 ederetur.
2686 4430 2759 4439 —
2783 4397 2988 4455 Praeter
3025 4399 3144 4455 haec
3170 4400 3290 4456 alia:
3320 4416 3537 4467 manus,
3570 4401 3595 4454 1
3621 4403 3680 4477 β.
3711 4424 3773 4476 7.

2181 4488 2232 4547 ἃ.
2260 4511 2327 4559 1.,
2370 4495 2530 4546 aetate
2584 4490 2866 4562 Sigeberto
2909 4507 3135 4561 prorsus
3162 4493 3423 4563 aequales,
3462 4494 3650 4551 habitu
3688 4504 3779 4551 ta-

2181 4598 2327 4650 men,
2359 4582 2720 4654 compendiis,
2776 4592 3082 4638 atramcnto
3131 4585 3414 4653 paululum
3440 4579 3586 4641 01⁷111)
3617 4602 3686 4641 00
3713 4598 3777 4643 et

2178 4674 2320 4730 inter
2340 4689 2400 4729 se
2423 4673 2673 4738 diversae,
2698 4674 2851 4743 plura
2874 4674 3220 4741 addiderunt,
3244 4676 3442 4744 partim
3468 4678 3523 4730 in
3550 4692 3775 4746 rasura,

2175 4764 2377 4836 partim
2404 4765 2461 4819 in
2493 4764 2758 4836 margine,
2806 4766 2900 4820 sed
2936 4774 3142 4834 posta.
3195 4767 3301 4822 972
3342 4783 3454 4838 quo
3499 4768 3776 4841 Sigeberti

2176 4871 2374 4912 manus
2408 4854 2627 4922 desinit,
2655 4871 2763 4911 non
2785 4856 2900 4926 jam
2923 4870 3234 4925 occurrunt,
3264 4859 3504 4930 exceptis
3530 4876 3581 4914 a.
3604 4859 3772 4928 1005,

2176 4952 2337 5020 1012,
2370 4950 2528 5006 1076.
2575 4949 2701 5006 Haec
2728 4967 2873 5006 unus
2903 4952 2969 5005 A.
3003 4952 3208 5007 omittit
3252 4953 3458 5019 omnia,
3486 4961 3541 5008 et
3575 4953 3632 5008 in
3674 4970 3775 5010 ra-

2154 5064 2200 5103 «s
2243 5046 2321 5101 ris
2353 5045 2460 5100 illis
2487 5044 2805 5115 plerumque
2833 5044 2995 5100 habet
3014 5060 3078 5099 ea
3100 5060 3222 5115 qua:
3248 5042 3564 5117 Sigebertus
3583 5046 3773 5117 primo

2173 5141 2249 5195 ibi
2277 5139 2614 5209 scripserat;
2659 5138 2799 5208 apud
2830 5135 3217 5197 erhardum
3254 5153 3475 5209 quoque
3519 5146 3575 5194 et
3604 5137 3769 5194 Wal-

2171 5244 2410 5291 tramum
2444 5246 2635 5287 eorum
2677 5230 2755 5285 nil
2797 5230 3086 5300 reperitur,
3130 5230 3327 5301 reliqui
3358 5240 3540 5287 autem
3564 5240 3770 5302 praeter

2169 5327 2235 5382 Α.
2265 5326 2482 5382 codices
2509 5325 2609 5378 has
2637 5324 2661 5376 1
2689 5324 2743 5397 β.
2780 5347 2832 5397 γ.
2865 5322 2913 5378 δ.
2948 5343 2991 5377 ε.
3036 5322 3342 5379 additioncs
3378 5332 3430 5379 et
3461 5325 3770 5380 correctio-

2170 5435 2269 5475 nes
2297 5416 2474 5473 ubivis
2506 5415 2709 5471 habent
2733 5430 2959 5482 omnes;
3008 5414 3154 5473 unde
3194 5424 3419 5486 apparet
3463 5415 3644 5472 factas
3660 5432 3767 5475 eas

2001 5533 2229 5592 NOTAE.

550 5630 814 5722 (15711111
843 5634 1078 5696 familias
1106 5638 1365 5722 codicum
1417 5651 1580 5700 atque
1632 5646 2135 5722 continuationumf,

483 5700 617 5764 Vide
636 5700 886 5773 paginam
909 5711 1327 5783 praecedentem.

3121 5666 3338 5680 αι*-

2172 5662 2407 5720 quarum
2465 5642 2926 5716 interpolationes’
2946 5643 3105 5716 signo
3121 5666 3338 5695 ====
3362 5644 3755 5707 indicavimus.

3125 5681 3338 5695 Ψ
