4046 6318
263 394 336 450 15
1038 442 1041 447 .
1660 386 2194 447 PROLEGOMENA.
3483 386 3550 447 ,16

265 508 597 583 Gregorius,
635 500 946 577 Anselmus,
994 504 1297 581 Sigebertus
1328 505 1669 576 monachiquc
1710 503 1867 560 δεητ-
1898 502 1944 560 A
1971 513 2156 560 mento
2190 519 2335 571 uno;
2372 518 2423 559 a.
2457 503 2582 559 1201
2616 511 2804 577 postea
2844 502 3071 561 addidit.
3110 504 3403 575 Sequentia
3427 518 3553 564 om~

262 604 536 659 blaceuses
583 602 647 656 de
678 603 852 674 regnis
881 612 930 656 et
963 600 1286 673 temporibus
1330 599 1705 654 ordinaverunt
1734 614 1860 653 suas

260 698 488 768 quisque
530 696 807 750 historias.
841 694 946 751 Sed
985 711 1107 750 cum
1133 696 1369 750 omnium
1393 694 1748 764 predictorum
1774 695 1861 748 hi-

260 791 463 844 storias
488 790 705 844 minime
748 790 1087 857 haberemus,
1121 787 1334 843 tandem
1359 794 1636 843 exortante
1668 803 1758 842 seu
1780 785 1864 857 pie

261 892 603 937 ammonente
624 891 779 954 patre
804 880 897 948 P.,
934 876 1034 935 Dei
1063 882 1239 951 gratia
1265 874 1422 946 huius
1449 876 1684 934 ecclesia:
1710 877 1860 933 Mar-

263 971 570 1028 chiauensis
590 971 884 1027 venerando
912 970 1175 1037 ministro,
1204 970 1535 1024 exortatioue
1554 970 1713 1023 etiam
1734 984 1861 1039 quo-

264 1065 503 1119 rundam
532 1064 833 1136 fratrum...
875 1080 968 1135 ego
1007 1063 1179 1133 frater,
1203 1061 1268 1117 Β.
1307 1063 1544 1116 omnium
1574 1061 1824 1115 minimus
1846 1103 1860 1127 ,

260 1153 789 1212 secundum'abbatis
824 1154 1105 1224 imperium
1132 1152 1465 1225 quorundam
1485 1151 1862 1224 predictorum,

264 1247 517 1302 videlicet
566 1245 813 1314 Eusebii,
858 1242 1186 1312 Iheronimi,
1231 1241 1484 1315 Prosperi
1520 1251 1571 1298 et
1608 1240 1866 1314 Sigeberti

264 1339 667 1396 Cemblaseusis
693 1339 945 1393 historias
967 1336 1319 1406 transcribere
1341 1336 1542 1392 curavi.
1573 1334 1720 1391 Unde
1739 1336 1867 1407 quia

263 1433 320 1486 in
362 1427 621 1502 predictis
667 1426 909 1484 historiis
951 1425 1285 1484 cronicas....
1316 1445 1481 1501 usque
1520 1428 1589 1483 ad
1632 1427 1867 1500 primum

262 1537 470 1579 annum
506 1516 811 1578 nativitatis
855 1521 1066 1576 Abrahe
1110 1519 1330 1575 minime
1373 1518 1575 1591 repperi
1605 1534 1625 1573 :
1663 1518 1763 1572 hac
1802 1515 1868 1572 de

260 1634 435 1671 causa
477 1633 641 1689 ego...
683 1612 754 1670 ad
811 1608 1055 1685 predicta
1098 1622 1335 1684 tempora
1380 1607 1565 1667 stilum
1608 1611 1863 1667 retorsi...

265 1704 433 1780 Expl.
459 1707 617 1779 praef.
648 1706 728 1762 Ab
760 1706 960 1778 optimo
985 1720 1159 1760 rerum
1185 1714 1442 1773 creatore,
1472 1713 1577 1761 etc.
1608 1700 1868 1776 Sequitur

260 1817 409 1872 opus
450 1801 629 1872 ipsius
651 1796 743 1866 11.,
778 1798 927 1871 quod
971 1796 1048 1854 nil
1080 1808 1165 1854 est
1201 1797 1306 1853 nisi
1350 1797 1521 1855 series
1559 1813 1862 1864 annorum,

1965 594 2054 650 nia
2083 595 2207 651 inde
2235 595 2306 651 ab
2340 615 2357 648 ι
2395 594 2541 651 Obiit
2576 616 2595 650 ι
2622 610 2819 653 manus
2841 596 2947 653 alia
2983 612 3029 652 s.
3068 613 3167 652 xm
3220 614 3331 652 uno
3367 606 3552 656 tenore

1963 688 2221 758 ascripsit
2255 703 2323 744 ex
2353 689 2657 745 Annalibus
2697 689 3140 761 Aquicinctinis;
3181 690 3277 745 sed
3320 691 3426 747 line
3450 691 3548 747 de—

1963 779 2197 849 perdito,
2218 780 2397 850 codex
2405 780 2522 849 jam
2544 780 2751 849 desinit
2770 793 2896 836 cum
2918 782 3296 852 quaternione.
3315 813 3385 822 -—
3405 780 3552 840 Tex-

1964 878 2081 926 tum
2105 871 2329 931 exhibet
2358 870 2625 945 Sigeberti
2663 873 2964 930 secundum
2987 916 3003 942 ,
3045 882 3301 929 accurate
3339 874 3553 929 deseri-

1964 976 2146 1034 ptum;
2186 967 2416 1022 aliarum
2449 982 2710 1023 manuum
2739 969 2967 1040 vestigia
2990 970 3170 1038 nulla;
3202 986 3409 1026 rasura:
3432 970 3555 1026 dua:

1966 1072 2018 1112 a.
2063 1054 2188 1124 775,
2232 1056 2412 1125 1105;
2461 1057 2649 1113 omisit
2691 1058 2940 1129 quaedam
2977 1075 3029 1115 a.
3067 1059 3195 1126 951,
3251 1059 3376 1127 958,
3421 1059 3548 1126 987,

1968 1145 2127 1215 1099,
2170 1146 2339 1216 1115,
2379 1148 2546 1216 1119,
2591 1148 3158 1220 1125,1127,1128,
3193 1152 3550 1221 1150,1151,

1969 1240 2135 1307 1152,
2188 1240 2354 1307 1156,
2396 1240 2463 1297 de
2502 1241 2883 1299 Gemblacensi
2922 1244 3159 1315 aliisque
3201 1247 3554 1303 monasteriis

1966 1331 2246 1403 pleraque,
2274 1346 2304 1388 e
2329 1332 2532 1405 quibus
2574 1334 2835 1390 nonnulla
2879 1335 2995 1407 jam
3034 1336 3089 1391 in
3131 1337 3251 1409 ejus
3297 1338 3449 1394 fonte
3485 1338 3550 1393 Β.

1967 1421 2210 1479 defuisse
2237 1431 2467 1493 oportet.
2494 1422 2877 1481 Additamenta
2904 1427 3066 1482 habet
3102 1442 3153 1482 a.
3186 1427 3351 1496 1076,
3380 1429 3552 1498 1079,

1970 1513 2140 1581 1080,
2180 1514 2714 1585 1081,1086-1096,
2749 1518 2920 1586 1100,
2954 1518 3129 1587 1102,
3170 1521 3342 1589 1105,
3378 1522 3549 1589 1109,

1970 1606 2309 1675 1111,1150,
2334 1623 2403 1664 ex
2425 1607 2487 1663 Β.
2509 1610 2731 1677 omnia;
2761 1611 2983 1682 pr0pria
3007 1613 3177 1667 nulla.
3202 1613 3407 1669 Alienae
3432 1630 3551 1669 ma-

1970 1714 2074 1755 nus
2107 1713 2206 1769 per
2234 1707 2408 1756 totum
2437 1701 2684 1757 codicem
2716 1719 2887 1759 unum
2922 1712 3137 1762 tantum
3174 1707 3465 1779 vestigium
3496 1708 3550 1762 in

1969 1803 2021 1844 a.
2052 1786 2175 1843 775.
2214 1786 2336 1859 Ipse
2367 1790 2597 1846 contuli.

1896 1848 1940 1909 Β
2039 1879 2196 1956 [Β5⁹.
2217 1848 2452 1954 ]’(]οάρκ
2481 1880 2541 1938 S.
2574 1882 2826 1940 Winnoci
2846 1885 3127 1958 Bergensis
3153 1888 3268 1957 jam
3297 1887 3550 1959 deperdi-

262 1984 432 2042 Petro
462 1983 804 2054 Comestore,
824 1982 1112 2040 Vincentio
1138 1983 1344 2054 petitis.
1373 1981 1499 2040 llaec
1519 1983 1708 2039 decem
1737 1981 1864 2039 folia

260 2078 451 2134 codici
479 2077 596 2149 jam
630 2076 785 2148 prius
815 2093 847 2132 a
878 2091 937 2132 se
959 2075 1273 2146 conscripto
1304 2073 1630 2147 praeposuit,
1660 2075 1866 2132 eidem-

260 2184 374 2241 que
418 2183 569 2225 nunc
611 2167 668 2224 in
711 2165 987 2239 margine,
1020 2183 1169 2223 nunc
1208 2167 1352 2223 inter
1400 2169 1603 2235 lineas,
1634 2169 1864 2225 nuncin

261 2259 512 2316 scedulis
535 2259 743 2315 assutis
764 2258 1136 2316 additamenta
1163 2258 1365 2330 adjecit
1386 2258 1477 2328 56,
1499 2269 1722 2330 excepta
1747 2275 1866 2317 om-

262 2348 357 2407 nia
402 2366 475 2408 ex
497 2349 625 2408 Vita
657 2350 718 2408 S.
744 2352 975 2408 Amandi
1006 2367 1063 2407 'a.
1090 2350 1225 2420 571,
1256 2351 1390 2420 609,
1421 2351 1554 2420 610,
1582 2353 1708 2422 626,
1738 2352 1863 2422 655,

262 2440 395 2508 ets,
429 2440 570 2509 649,
606 2441 706 2496 661
729 2483 744 2508 ,
767 2441 903 2509 677;
937 2440 1220 2497 Rictrudis
1249 2440 1550 2510 614,615,
1579 2442 1714 2510 659,
1738 2442 1864 2510 687,

264 2531 364 2588 701
397 2551 415 2602 ;
448 2532 673 2589 Vedasti
697 2532 839 2599 687;
874 2533 1054 2588 Amati
1084 2531 1211 2600 666,
1241 2532 1367 2600 685,
1397 2532 1504 2589 690
1530 2550 1545 2600 ;
1579 2531 1868 2590 Gertrudis

262 2625 418 2691 655;
466 2624 776 2681 Annalibus
818 2622 1331 2682 Marchianensibus
1358 2624 1485 2694 655,
1512 2623 1658 2693 655;
1702 2624 1868 2684 Elno-

265 2716 542 2772 nensibus
562 2716 700 2783 614,
731 2716 870 2784 601,
900 2715 1037 2784 698,
1062 2714 1167 2772 782
1189 2760 1205 2784 ,
1236 2716 1373 2786 828,
1396 2718 1532 2788 855,
1559 2718 1693 2786 862,
1729 2719 1866 2790 871,

264 2805 393 2871 907,
423 2804 963 2874 1011,1050-1089;
1000 2814 1056 2862 et
1088 2806 1156 2864 de
1185 2810 1523 2866 monasterio
1551 2808 1609 2867 S.
1635 2810 1869 2869 Amandi

264 2897 395 2964 828,
423 2897 553 2965 971,
580 2897 739 2954 1118.
763 2896 1247 2955 Continuationem
1255 2900 1378 2971 jam
1405 2902 1610 2958 claudit
1630 2918 1682 2959 a.
1708 2904 1869 2973 1167,

271 3005 293 3039 ί
336 2988 652 3056 reuertitur,
691 3006 711 3039 ι
761 2986 851 3043 cui
887 2998 1001 3045 tres
1045 2990 1270 3046 notitias
1312 2993 1569 3063 ascripsit
1595 3008 1665 3050 ex
1696 2994 1872 3051 conti-

268 3082 540 3138 nuatione
595 3080 955 3152 Aquicinensi
1001 3090 1058 3138 et
1085 3082 1392 3141 Annalibus
1437 3084 1862 3144 Elnonensibus.

1967 1983 2077 2043 tus,
2101 1989 2267 2045 quem
2291 1976 2571 2033 exstitisse
2604 1977 2920 2048 conjectura
2951 1987 3165 2035 tantum
3192 1981 3423 2048 scimus,
3458 1981 3556 2036 dc-

1967 2067 2206 2138 scriptus
2245 2065 2349 2122 fuit
2380 2083 2449 2123 ex
2500 2068 2621 2139 ipso
2653 2067 2754 2136 85,
2801 2084 2926 2125 cum
2963 2070 3216 2126 ultimum
3256 2071 3421 2141 hujus
3470 2070 3554 2125 fo-

1966 2160 2102 2216 lium
2127 2157 2309 2215 adhuc
2331 2158 2565 2217 adesset.
2593 2158 2654 2215 In
2683 2158 2969 2232 Sigeberto
2992 2162 3173 2232 qualis
3219 2161 3377 2217 fuerit
3401 2204 3416 2229 ,
3461 2177 3558 2217 ne-

1972 2254 2223 2324 scimus;
2258 2253 2730 2312 continuationem
2772 2253 2914 2310 satis
2965 2253 3103 2309 bene
3153 2254 3472 2324 descripsit,
3501 2266 3558 2309 at

1968 2345 2121 2401 brevi
2146 2346 2267 2417 ejus
2295 2344 2581 2418 appendici
2603 2359 2660 2399 a.
2691 2342 3022 2399 1201—1257.
3050 2344 3283 2415 plurima
3316 2344 3557 2416 interpo-

1969 2436 2101 2504 suit,
2129 2445 2190 2492 ut
2221 2436 2476 2493 videmus
2503 2450 2572 2491 ex
2597 2424 2729 2505 ejus
2742 2434 3059 2506 apographo
3088 2433 3234 2492 B5“.

2038 2527 2210 2598 135".)
2245 2527 2431 2585 Codex
2455 2526 2513 2583 S.
2537 2526 2689 2582 Petri
2715 2526 3139 2593 Blandiniensis,
3180 2526 3295 2597 jam
3324 2526 3557 2583 Bruxel-

1969 2617 2140 2679 iensis
2171 2620 2342 2677 16551
2372 2621 2515 2676 mbr.
2546 2626 2730 2692 quart.
2757 2633 2802 2675 s.
2835 2634 2973 2686 xvr.,
3022 2618 3092 2675 de
3114 2635 3226 2690 quo
3246 2620 3332 2691 egi
3357 2620 3411 2674 in
3439 2619 3557 2674 Arn-

1970 2714 2190 2770 nalibus
2219 2713 2426 2769 nostris
2453 2711 2597 2779 Vill,
2636 2728 2692 2784 p.
2725 2712 2823 2768 511
2853 2727 3002 2784 sqq.,
3027 2712 3085 2767 in
3119 2711 3266 2768 foliis
3294 2712 3552 2769 161-265.

1970 2805 2092 2862 sine
2123 2805 2236 2860 ullo
2280 2804 2441 2860 titulo
2475 2803 2695 2859 exhibet
2718 2803 3186 2860 continuationem
3223 2803 3560 2876 Aquicincn-

1970 2909 2086 2954 sem
2133 2912 2185 2952 a.
2235 2895 2538 2952 1119-1201
2605 2911 2733 2952 cum
2793 2896 3093 2967 appendice
3144 2912 3197 2952 a.
3246 2896 3558 2954 1201-1257

1972 2991 2159 3047 multis
2208 2988 2722 3060 interpolationihus
2750 2977 2979 3044 adaucta
3005 3032 3020 3056 ,
3047 3004 3189 3061 quas
3223 3006 3253 3046 a
3287 2992 3559 3048 monacho

1971 3082 2231 3156 Bergensi
2258 3081 2432 3139 factas
2456 3091 2512 3138 et
2541 3083 2595 3138 in
2623 3081 2744 3139 B5“
2775 3098 2843 3139 ex
2879 3083 2974 3140 illo
3016 3099 3142 3141 cum
3174 3086 3312 3142 mira
3343 3095 3557 3159 tempo-

269 3171 522 3243 Subjecit
551 3170 741 3234 Jacobi
763 3172 833 3229 de
864 3171 1105 3231 Vitriaco
1135 3172 1430 3232 Historiam
1473 3175 1868 3252 llierosolymi-
1895 3195 1940 3259 (ς
1970 3192 2093 3236 rum
2126 3173 2449 3232 confusione
2485 3174 2789 3246 descriptas
2818 3191 2941 3232 esse
2970 3187 3213 3248 apparet.
3251 3176 3393 3235 Huic
3426 3196 3560 3234 con-

267 3271 461 3318 tanam
503 3278 683 3334 usque
719 3263 778 3318 in
817 3263 1058 3319 medium
1082 3279 1133 3320 c.
1165 3264 1256 3334 90,
1286 3275 1451 3336 atque
1473 3267 1788 3324 Chronieon
1811 3284 1863 3326 a.

266 3354 435 3422 1187,
462 3354 624 3423 1280,
668 3374 687 3407 ι
720 3355 941 3429 cisionis
972 3366 1238 3427 receperat
1255 3357 1639 3429 —obligatum
1660 3359 1870 3415 invene-

264 3454 423 3513 runt,
469 3463 489 3498 ι
530 3445 679 3518 quod
704 3446 760 3501 in
789 3444 859 3502 Di
892 3461 1115 3519 quoque
1136 3447 1206 3503 ab
1230 3448 1340 3505 alio
1366 3458 1615 3511 assutum
1646 3450 1864 3522 legitur.

266 3537 393 3609 Ipse
422 3539 657 3595 contuli.

335 3629 383 3683 Β
400 3630 494 3701 5.)
517 3629 705 3687 Codex
734 3629 795 3688 S.
822 3628 1125 3689 Saluatoris
1157 3632 1559 3705 Aquicinensis,
1582 3633 1694 3705 jam
1724 3633 1869 3691 Dua-

265 3721 458 3779 censis
475 3764 493 3789 ,
525 3740 580 3778 ιι.
616 3722 753 3791 756,
781 3723 950 3790 mbr.,
972 3731 1157 3795 quaet.
1190 3741 1363 3791 max.,
1386 3727 1663 3783 columnis
1690 3727 1870 3797 primo

265 3814 532 3887 singulis,
553 3815 625 3871 ah
645 3831 698 3872 ae.
723 3815 833 3871 902
850 3816 1021 3884 binis,
1064 3817 1435 3888 pulcherrime
1451 3827 1712 3876 exaratus
1729 3835 1869 3890 qua-

265 3917 398 3964 tuor
420 3907 682 3964 manibus
706 3923 754 3965 ε.
783 3925 860 3965 xu
898 3910 1175 3978 exeuntis,
1207 3927 1239 3967 e
1265 3911 1468 3982 quibus
1495 3912 1673 3982 prima
1698 3913 1870 3970 Euse-

262 3998 450 4066 Num,
485 3997 913 4072 Hieronymum;
946 3999 1280 4073 Prosperum
1299 4044 1315 4071 ,
1352 4001 1699 4074 Sigebertum
1731 4005 1870 4062 scri-

262 4092 382 4163 psit
417 4104 533 4149 uno
564 4099 757 4149 tenore
777 4101 944 4164 atque
964 4103 1296 4163 atramento,
1329 4094 1505 4153 forma
1533 4096 1758 4153 codicil
1794 4099 1870 4154 si-

265 4181 526 4238 millima.
573 4180 846 4249 Secunda,
874 4184 929 4239 in
952 4185 1131 4241 media
1177 4186 1319 4242 linea
1363 4202 1631 4259 pergens,
1654 4202 1769 4244 uno
1790 4198 1871 4244 te-

266 4288 407 4331 nore
436 4274 641 4345 adjecit
669 4275 992 4332 Ansclmum
1031 4285 1196 4349 atque
1233 4277 1659 4337 Gemblacenses
1694 4296 1871 4353 usque

266 4366 414 4423 uda.
446 4365 607 4433 1118,
642 4386 664 4419 ε
695 4376 937 4422 mortuus
958 4377 1061 4436 est,
1094 4388 1113 4421 ι
1142 4370 1238 4426 ubi
1274 4386 1401 4426 cum
1423 4381 1622 4443 quarto
1646 4383 1869 4445 quater—

266 4459 460 4516 nionis
489 4458 623 4515 folio
658 4458 878 4516 desinit.
911 4459 1092 4516 Tertia
1114 4462 1586 4520 continuationem
1614 4480 1668 4520 a.
1700 4466 1868 4522 1149-

1968 3265 2266 3326 tinuationi
2299 3265 2478 3323 scriba
2496 3263 2897 3323 Blandiniensis
2922 3266 3230 3323 arctissime
3252 3269 3555 3340 subjunxit,

1969 3360 2129 3433 quasi
2175 3374 2347 3415 unum
2393 3368 2538 3416 esset
2575 3373 2742 3429 opus,
2792 3358 3033 3417 Annales
3078 3376 3130 3416 a.
3172 3360 3482 3418 1205-1288
3528 3379 3558 3419 a

1970 3450 2382 3510 continuatione
2412 3449 2667 3523 Βενεοηεί
2697 3466 2862 3521 quam
2896 3455 3135 3510 maxime
3168 3454 3399 3514 alienos.
3440 3456 3559 3529 Ipse

1968 3540 2254 3614 descripsi.
3550 3554 3557 3569 ‘

2041 3632 2240 3704 85”.)
2293 3628 2481 3688 Codex
2526 3628 2778 3700 Baluzii,
2823 3631 2937 3703 jam
2993 3635 3180 3706 regius
3231 3637 3561 3696 Parisiensis

1970 3725 2133 3794 5110,
2163 3726 2362 3793 chart.,
2395 3722 2515 3792 101.,
2548 3739 2594 3780 s.
2626 3722 2750 3779 XVI
2782 3740 2909 3791 ex.;
2954 3727 3031 3780 nil
3071 3728 3318 3784 continet
3362 3731 3467 3785 nisi
3503 3749 3556 3787 a.

1972 3817 2277 3877 1149-1288
2302 3817 2611 3888 eXscriptos
2632 3836 2651 3869 ‹
2677 3832 2709 3873 e
2735 3817 2923 3874 codice
2945 3815 3004 3874 S.
3026 3817 3173 3875 Petri
3194 3819 3522 3890 Gandensis,
3537 3844 3554 3875 ι

1971 3912 2064 3984 qui
2095 3922 2181 3969 est
2208 3914 2398 3968 noster
2416 3909 2567 3966 B5“.
2602 3908 2724 3982 Ipse
2745 3912 2976 3969 contuli.

2040 3984 2258 4075 B5“°“.)
2298 4002 2483 4059 Codex
2520 4002 2707 4074 regius
2753 4003 3080 4061 Parisieusis
3122 4007 3268 4063 inter
3310 4008 3560 4066 residuos

1973 4096 2032 4155 S.
2085 4095 2346 4152 Germani
2394 4095 2484 4162 15,
2522 4094 2576 4151 5.
2605 4110 2753 4152 anno
2794 4096 2937 4153 1719
2991 4098 3302 4172 descriptus
3352 4109 3438 4157 est
3493 4117 3561 4159 ex

2167 4182 2289 4258 ipse
2321 4186 2555 4258 inspexi.

2042 4278 2097 4333 5.
2141 4275 2361 4334 Codices
2386 4275 2613 4349 familiae
2640 4278 3022 4336 Atrebatensis.

2041 4368 2160 4443 [6.]
2194 4368 2379 4426 Codex
2429 4367 2665 4427 fortasse
2714 4371 3322 4447 Atrebatensis,’qucm
3364 4376 3566 4438 descri-

1973 4473 2133 4536 ptum
2165 4464 2339 4520 fuisse
2373 4474 2589 4537 oportet
2610 4481 2677 4522 ex
2700 4465 2786 4536 B.,
2809 4476 3100 4540 antequam
3126 4471 3217 4528 hic
3242 4473 3563 4533 Ansclmum

267 4552 417 4610 1158
456 4552 685 4623 scripsit
723 4553 781 4608 in
823 4569 967 4610 novo
1008 4556 1400 4625 quaternione,
1431 4556 1591 4628 cujus
1634 4558 1867 4628 primam
1904 4550 1947 4604 Ι)
1975 4568 2139 4630 atque
2166 4556 2593 4615 'Gemblacenses
2632 4558 2912 4630 adjiceret.
2943 4560 3019 4617 Ex
3046 4564 3167 4635 ejus
3195 4565 3565 4626 additionibus

264 4645 531 4718 paginam
556 4659 789 4701 vacuant
815 4646 1073 4718 reliquit;
1100 4648 1394 4705 destinavit
1428 4649 1594 4721 igitur
1621 4649 1865 4706 codicem

264 4738 522 4795 scribere
565 4746 879 4808 separatum
928 4748 1093 4810 atque
1143 4741 1496 4811 peculiarem.
1550 4741 1621 4798 At
1669 4750 1867 4814 quarta

263 4829 529 4886 eumdem
578 4829 753 4900 priori
790 4830 868 4886 illi
916 4831 1203 4901 conjunxit
1238 4832 1433 4901 ita,ut
1480 4834 1628 4891 illius
1677 4834 1867 4890 ultima

264 4929 515 4993 quatuor
575 4919 736 4988 folia,
790 4921 865 4976 nil
902 4920 1012 4977 nisi
1053 4921 1214 4978 ﬁnem
1245 4939 1296 4979 a.
1331 4923 1470 4979 1148
1510 4925 1869 4994 continentia,

264 5014 580 5082 excideret,
612 5013 780 5070 tinem
823 5015 988 5072 istum
1024 5018 1414 5074 transcriberet
1448 5019 1502 5073 in
1551 5019 1806 5091 paginam
1835 5036 1867 5076 a

266 5107 435 5161 tertia
472 5121 640 5160 manu
666 5121 896 5161 vacuam
936 5107 1214 5176 relictam,
1250 5116 1306 5164 et
1346 5107 1463 5180 ipsa
1502 5111 1869 5167 continuatio-

265 5210 401 5251 nem
430 5194 726 5251 deduceret
755 5212 933 5267 usque
959 5196 1028 5251 ad
1057 5212 1265 5254 annum
1307 5198 1438 5255 1201
1464 5241 1480 5267 ,
1511 5201 1723 5257 calamo
1747 5184 1869 5259 non

266 5286 499 5359 quidem
522 5286 598 5342 ita
626 5287 922 5355 continuo,
949 5298 1011 5344 ut
1031 5288 1198 5345 trium
1220 5291 1469 5361 priorum
1496 5308 1758 5350 manuum
1775 5338 1790 5361 ,
1816 5305 1873 5350 at

269 5394 456 5450 neque
474 5378 646 5435 rebus
668 5378 886 5449 aequali.
918 5376 1108 5437 Ubivis
1145 5382 1326 5452 potius
1359 5382 1554 5440 scriba:
1587 5385 1735 5443 vices
1763 5386 1874 5459 egit

270 5484 565 5540 nunquam
605 5469 890 5538 auctoris;
930 5471 1005 5527 ita
1047 5472 1241 5530 ultimo
1286 5475 1409 5531 loco
1448 5476 1665 5534 nonnisi
1705 5477 1870 5534 duer-

271 5561 499 5616 nionem
570 5561 798 5632 adjecit,
868 5577 996 5619 cum
1045 5564 1256 5621 videret
1303 5567 1556 5637 pluribus
1604 5571 1707 5627 sibi
1758 5588 1868 5628 non

270 5666 419 5723 opus
444 5668 570 5709 esse
596 5669 777 5724 usque
808 5655 877 5710 ad
897 5670 1104 5712 annum
1130 5656 1269 5713 1200
1285 5698 1301 5727 ,
1326 5676 1503 5718 annos
1530 5662 1868 5736 1191-1200,

235 5734 255 5757 "
271 5762 419 5818 quos
453 5747 524 5802 ab
554 5756 780 5803 auctore
799 5747 1031 5805 diversis
1064 5750 1224 5807 annis
1267 5754 1602 5824 compositos
1634 5773 1756 5814 esse
1792 5734 1873 5815 vi?

270 5839 483 5909 dimus,
505 5838 690 5898 scriba
710 5839 1013 5899 continenti
1037 5842 1249 5902 calamo
1271 5848 1517 5904 exaravit
1536 5858 1701 5912 atoue
1723 5862 1870 5909 atra-

1973 4654 2244 4726 plurimas
2287 4654 2524 4726 recepit,
2562 4654 2777 4726 aliquas
2821 4657 3049 4725 omisit;
3096 4658 3214 4730 ipse
3262 4678 3565 4735 perpaucas

1974 4755 2187 4803 tantum
2244 4745 2314 4802 de
2373 4760 2477 4801 suo
2546 4743 2693 4804 fecit.
2741 4744 2973 4804 Nomina
3016 4749 3248 4807 multum
3298 4756 3561 4827 corrupit.

1975 4840 2131 4897 Alius
2159 4839 2358 4896 deinde
2395 4838 2867 4897 continuationem
2900 4857 3078 4914 usque
3109 4845 3179 4902 ad
3204 4862 3255 4903 a.
3282 4846 3395 4904 fere
3427 4849 3566 4905 1127

1977 4930 2396 5002 addidit,'cujus
2429 4931 2657 5004 vestigia
2684 4932 2934 4992 videmus
2966 4934 3022 4991 in
3046 4936 3145 4994 C5.
3174 4940 3251 4995 4‘.

2044 5023 2169 5096 Cl.)
2212 5021 2399 5080 Codex
2458 5023 2895 5098 Cantabrigensis
2941 5028 3159 5101 Corpus
3212 5032 3417 5093 Christi
3471 5037 3565 5105 51,

1975 5114 2143 5183 mbr.,
2192 5112 2323 5181 fol.,
2355 5129 2402 5170 s.
2440 5130 2541 5171 xm
2586 5117 2791 5185 ex.,'in
2828 5117 3002 5176 Catal.
3042 5121 3166 5177 libr.
3216 5141 3351 5181 mss.
3401 5127 3561 5198 Angl.

1975 5203 2018 5272 l,
2044 5203 2098 5259 5.
2124 5221 2181 5260 n.
2210 5204 2369 5272 1555,
2394 5205 2484 5274 51,
2510 5208 2755 5264 continet
2780 5207 2935 5277 Eus.,
2959 5210 3053 5279 11.,
3082 5212 3170 5283 P.,
3197 5215 3562 5289 Sigebcrtum,

1933 5319 1943 5330 ι
1970 5313 2134 5370 quem
2162 5298 2393 5355 ﬁdeliter
2420 5302 2733 5373 exscripsit.
2765 5302 2901 5372 Quze
2936 5309 3082 5363 enim
3108 5310 3306 5366 desunt
3336 5313 3554 5383 paucis-

1978 5392 2139 5458 sima,
2191 5392 2308 5463 jam
2353 5392 2416 5449 C.
2462 5396 2548 5451 vel
2592 5395 2653 5450 B.
2710 5395 3051 5469 omiserant;
3101 5403 3472 5461 additamenta
3507 5420 3560 5462 a.

1977 5484 2105 5551 651,
2132 5484 2259 5550 690,
2290 5484 2415 5552 775,
2450 5485 2609 5554 1018,
2641 5486 2800 5555 1076,
2832 5488 2990 5558 1079,
3021 5491 3180 5560 1080,
3207 5494 3365 5562 1084,
3400 5493 3560 5566 1086,

1981 5575 2139 5643 1087,
2186 5576 2347 5644 1088,
2397 5577 2729 5647 1090-1096,
2787 5580 2945 5649 1099,
2987 5583 3144 5651 1100,
3195 5586 3355 5657 1105,
3401 5591 3560 5661 1109,

1980 5666 2143 5734 1111,
2168 5670 2353 5725 omnia
2394 5671 2537 5742 apud
2568 5672 2705 5727 alios
2734 5689 2952 5744 quoque
2997 5676 3295 5751 leguntur;
3340 5687 3563 5757 propria

1981 5774 2089 5814 non
2119 5760 2285 5817 habet
2312 5762 2420 5818 nisi
2442 5781 2494 5819 a.
2524 5762 2651 5829 610,
2687 5763 2794 5818 698
2836 5763 3124 5838 (depositio
3157 5775 3342 5831 eximii
3376 5776 3564 5834 Patris

1980 5851 2149 5915 nostri
2181 5851 2435 5927 Bertini),
2467 5852 2593 5924 807,
2619 5853 2744 5923 820,
2768 5871 2890 5925 qua:
2914 5859 2997 5916 vel
3029 5866 3170 5935 apud
3201 5866 3257 5922 S.
3281 5867 3370 5923 Bel
3386 5869 3564 5926 tinum
