4046 6318
244 314 429 370 ’89

1756 306 2289 367 PROLEGOMENA.

3560 310 3655 365 3οη

355 436 599 498 guntur,
621 434 677 483 et
709 424 818 482 alia
859 425 1109 498 quadam
1138 424 1344 481 nullius
1380 423 1663 479 momenti.
1699 424 1946 479 Contulit
1973 430 2017 486 Α
2047 426 2207 495 speri,
2236 423 2506 496 Sigiberti,
2533 430 2582 476 et
2609 439 2900 493 propriam,
2936 438 3034 493 que
3068 418 3250 492 inﬂue
3276 423 3510 494 punitur.
3558 424 3631 481 De

357 518 605 682 wfglz:.]
654 609 838 665 Codex
893 607 1297 679 Ursicampinus
1348 607 1489 663 inter
1533 621 1586 662 a.
1633 604 1947 662 “554200

352 709 646 767 exaratos,
677 699 994 756 continebat
1020 698 1108 767 E.,
1131 697 1222 766 E.,
1254 697 1339 765 P.,
1368 695 1451 765 S.,
1482 696 1553 753 ad
1583 697 1811 753 verbum
1853 697 1948 753 de-

266 844 275 859 ,
354 792 600 861 scriptos
638 806 709 847 ex
739 789 839 858 Dl,
869 806 1036 862 quem
1080 805 1183 846 nec
1217 790 1466 858 mutavit,
1508 805 1609 845 nec
1624 788 1945 852 decurtavit,

355 882 459 938 sed
508 880 859 951 interpolavit
917 881 1041 952 plus
1087 879 1158 937 50
1207 881 1344 938 locis
1373 896 1442 937 ex
1490 878 1738 936 Galfrido
1782 886 1949 950 atque

355 973 585 1030 aliunde
621 973 942 1045 desumptis.
990 968 1127 1040 Dein
1174 974 1639 1030 continuationem
1673 989 1725 1029 a.
1778 973 1949 1029 1115-

362 1068 507 1124 1155
535 1082 681 1134 eam,
731 1083 898 1139 quam
931 1067 1205 1124 editiones
1235 1077 1433 1139 praeter
1470 1066 1716 1122 Mirmum
1758 1081 1949 1124 omnes
1985 1069 1991 1079 '

358 1161 592 1229 habent,
616 1168 898 1230 exceptam
940 1176 1019 1216 ex.
1049 1159 1147 1228 Bl,
1191 1174 1358 1231 quem
1405 1159 1462 1214 in
1484 1158 1677 1230 primis
1702 1158 1862 1215 annis
1883 1173 1949 1213 ex

356 1252 624 1309 Anselmo
650 1252 1018 1323 interpolavit,
1047 1252 1172 1307 inde
1204 1252 1274 1307 ab
1302 1267 1354 1306 a.
1390 1250 1530 1306 1129
1558 1251 1828 1323 integrum
1853 1250 1950 1307 de—

358 1345 607 1423 scripsit,
632 1345 701 1401 de
749 1359 853 1401 suo
880 1344 1194 1416 quindecim
1239 1342 1546 1399 additiones
1573 1342 1799 1399 faciens.
1842 1342 1951 1398 Co-

359 1438 544 1494 dicem
564 1436 679 1507 jam
705 1437 1047 1507 deperditum
1074 1436 1328 1493 novimus
1352 1452 1420 1492 ex
1463 1434 1792 1509 apographis
1830 1434 1953 1505 ejus

362 1529 494 1583 Di“
527 1537 583 1585 et
625 1526 765 1595 88h,
816 1528 962 1584 unde
1012 1528 1379 1584 additamenta
1426 1528 1547 1598 ejus
1595 1527 1851 1584 dabimus
1897 1525 1952 1581 in

360 1638 539 1676 unum
569 1621 824 1690 collecta;
853 1620 1320 1677 continuationem
1364 1619 1632 1691 integram
1657 1633 1767 1675 non
1800 1632 1955 1673 reco-

356 1731 626 1786 quernas.

2046 518 2273 576 historia
2305 516 2484 580 Orosii
2507 532 2667 587 quam
2693 515 2819 586 fecit
2845 514 2910 568 de
2937 512 3407 570 Ormestamundi.
3443 534 3461 568 ι
3493 514 3628 571 Sunt

2042 611 2114 665 ab
2153 610 2324 664 Adam
2358 609 2530 680 primo
2577 607 2901 662 homine.....
2940 616 2989 661 et
3021 607 3383 677 predicatione
3412 607 3630 663 Domini

2048 701 2218 755 nostri
2270 699 2399 755 Iesu
2445 698 2650 755 Christi
2695 700 2823 753 anni
2877 699 3002 754 551.
3040 716 3059 751 ι
3089 696 3348 753 ~—Codex
3405 699 3524 769 ipse
3558 698 3631 755 29

2048 791 2470 863 quaternionum
2504 807 2536 845 a
2557 790 2808 861 pluribus
2821 799 3079 846 exaratus
3101 798 3204 846 est.
3231 789 3415 845 Prima
3436 804 3632 845 manus

2048 883 2277 954 scripsit
2304 881 2392 950 E.,
2421 880 2513 950 11.,
2545 881 2633 950 P.,
2661 881 2747 949 S.,
2773 883 2870 954 qui
2895 882 3085 953 incipit
3110 902 3123 937 :
3162 881 3362 953 Incipit
3385 883 3632 954 protegas

2052 973 2305 1046 Sigiberti
2354 973 2745 1031 Gemblucensis
2773 975 3019 1030 monachi
3058 976 3116 1029 in
3154 975 3634 1047 chronographians

2050 1070 2116 1124 ab
2148 1086 2208 1125 eo
2227 1069 2450 1137 editam,
2483 1086 2644 1141 quam
2677 1069 2872 1140 incepit
2917 1085 2954 1122 a
2995 1066 3131 1123 581ο
3153 1068 3298 1124 dom.
3328 1068 3435 1123 inc.
3466 1084 3631 1136 anno,

2046 1172 2100 1218 et
2121 1162 2367 1233 perduxit
2389 1178 2551 1234 usque
2571 1162 2641 1217 ad
2664 1159 2876 1216 110οιιω
2898 1176 3116 1228 annum,
3146 1176 3247 1231 quo
3269 1176 3409 1215 anno
3429 1156 3634 1232 primus

2055 1255 2318 1327 Henricus
2340 1253 2734 1326 rexAnglorum
2752 1254 2888 1324 cepit
2910 1269 3146 1323 regnare.
3168 1271 3187 1305 ί
3210 1251 3443 1319 Dicturi,
3463 1271 3482 1305 ι
3502 1261 3635 1322 etc.',

2052 1357 2109 1406 et
2131 1349 2369 1405 desinit:
2402 1367 2420 1399 ί
2447 1347 2789 1419 Aquicinensi
2826 1347 3021 1416 posuit.
3052 1364 3073 1396 ι
3103 1343 3343 1416 Explicit
3385 1345 3637 1401 chronica

2055 1440 2308 1512 Sigiberti
2352 1454 2494 1494 mon.
2526 1437 2589 1493 (ἱ.
2629 1436 2842 1508 Incipit
2888 1437 3137 1508 prologue
3186 1436 3426 1491 Rotberti
3476 1437 3534 1490 in
3573 1452 3639 1492 eo

2054 1550 2173 1606 quia
2210 1541 2461 1589 secuntur
2501 1532 2566 1587 de
2618 1540 2907 1602 temporum
2946 1527 3525 1602 descriptionejusque
3566 1527 3636 1582 ad

2057 1626 2272 1681 1184υω
2320 1641 2520 1681 annum
2570 1625 2626 1680 in
2685 1640 2881 1681 rasura
2934 1622 3145 1679 addidit
3186 1622 3375 1679 eadem
3415 1636 3635 1681 manus.

2059 1734 2185 1790 quae
2231 1717 2271 1772 1.
2300 1719 2354 1774 5.
2378 1728 2433 1774 et
2472 1717 2614 1774 infra
2642 1715 3056 1773 δ.1181-1184.
3107 1715 3348 1786 scripsit,
3390 1711 3639 1785 Roberti}

440 1788 612 1875 ΒΓ.)
660 1803 849 1860 Cede:
892 1803 1231 1859 Diviouentis
1268 1802 1411 1872 39.2,
1450 1802 1618 1871 mbr.,
1662 1800 1759 1858 101.
1781 1844 1798 1870 ,
1847 1793 2034 1881 αἰαὶ-Β
2116 1810 2195 1865 De
2221 1802 3214 1881 chronographia——~incarnationis.
3239 1805 3355 1860 »Βε
3378 1806 3637 1861 immuta-

360 1910 539 1949 manu
563 1872 609 1950 ε.
639 1910 717 1950 xu
745 1894 997 1951 exeuntis
1029 1909 1097 1951 ex
1140 1892 1242 1949 Dl‘
1284 1892 1590 1963 descriptus
1633 1899 1786 1948 tanta
1828 1872 1999 1947 cum.

356 1984 496 2052 ﬁde,
525 1992 586 2043 ut
611 2000 681 2040 ne
701 1984 941 2041 verbum,
966 1984 1188 2053 quidem
1232 1982 1476 2049 adderet,
1515 1996 1617 2038 nec
1658 1982 1951 2037 omitteret.

356 2076 616 2132 Contulit
640 2075 841 2145 Waitz,
869 2091 1035 2148 quem
1073 2073 1146 2132 cf.
1180 2075 1236 2131 in
1262 2074 1567 2132 Annalibus
1607 2072 1814 2130 nostris
1843 2070 1952 2138 Vll,

363 2170 502 2225 551».

436 2261 565 2332 1)·2..)
592 2262 771 2319 Codex
796 2261 857 2319 S.
885 2261 1111 2333 Victoris
1138 2259 1463 2317 Parisiensis
1485 2259 1613 2328 258,
1643 2259 1807 2325 mhr.,
1833 2257 1953 2324 fol.,

358 2373 417 2411 ε.
443 2372 523 2410 ιιι
546 2370 658 2423 ex.,
687 2355 930 2412 continet
951 2353 1040 2421 E.,
1059 2352 1150 2419 E.,
1176 2352 1262 2420 P.,
1290 2351 1372 2423 8.,
1399 2368 1525 2408 cum
1546 2350 1957 2413 continuatione

359 2446 741 2503 Bellovacensi
762 2446 973 2517 exipso
995 2444 1063 2500 Β.
1088 2444 1368 2515 splendide
1385 2444 1628 2514 quidem,
1652 2444 1747 2499 sed
1770 2458 1959 2514 quam-

356 2540 627 2611 plurimis
670 2539 894 2596 omissis
942 2539 1282 2610 descriptos;
1335 2538 1540 2593 nullius
1595 2551 1726 2608 ergo
1772 2535 1953 2608 pretii.

357 2630 617 2703 Inspexit
643 2631 819 2688 Waitz
844 2639 1057 2688 noster.
1190 2703 1196 2710 ἰ

440 2724 496 2780 5.
537 2722 756 2780 Codices
781 2722 997 2778 Roberti
1018 2722 1089 2779 de.
1117 2722 1318 2778 Monte.

448 2814 589 2889 [E'.]
624 2814 810 2871 Codex
833 2814 1130 2882 Beccensis,
1171 2814 1398 2871 Boberti
1420 2814 1817 2887 autographus,
1843 2813 1959 2885 jam

356 2908 710 2984 deperditus,
736 2923 807 2963 ex
831 2906 897 2962 D.
922 2906 1230 2978 descriptos
1275 2906 1592 2963 continebat
1637 2905 1724 2974 E.,
1752 2903 1843 2973 Η.,
1871 2904 1958 2974 Ρ.,

364 2998 434 3053 S.
483 3015 518 3053 a
566 2997 807 3054 Iloberto
838 2998 1247 3068 interpolatum,
1284 3013 1411 3057 cum
1473 2997 1640 3068 hujus
1672 2996 1963 3056 continua-

2058 1904 2198 1956 tione
2226 1901 2432 1955 ordinis
2482 1898 2881 1963 monachorum,
2911 1898 2977 1952 de
2998 1897 3120 1952 abb.
3148 1905 3203 1951 et
3231 1895 3462 1951 abbatiis‘
3492 1893 3639 1947 Nor-

2054 1992 2267 2048 mannie
2307 2001 2359 2047 et
2386 1991 2561 2062 ediﬁc.
2588 2005 2773 2045 earum
2803 2009 2823 2043 ‹
2853 1988 3027 2057 Libet,
3067 2007 3087 2041 ι
3116 1996 3248 2055 etc.,
3271 1994 3333 2041 ut
3362 1984 3507 2057 apud
3532 1982 3641 2039 Da-

2054 2084 2222 2156 chery
2262 2099 2316 2154 p.
2350 2083 2495 2138 .8ll.
2531 2080 2638 2137 Sed
2687 2081 2996 2137 rubricator
3039 2078 3274 2151 margini
3328 2080 3583 2147 apposuit
3621 2092 3640 2131 :

2056 2175 2217 2248 Expl.
2263 2175 2533 2247 prologus.
2565 2174 3006 2245 Consequentiam
3044 2170 3460 2242 chronographie
3499 2169 3644 2223 inue-

2055 2268 2167 2323 nies
2196 2269 2413 2322 inautea
2434 2269 2491 2322 in
2516 2265 2831 2321 duodecimo
2862 2264 3012 2335 folio.
3045 2263 3150 2318 Hic
3176 2264 3317 2318 enim
3352 2262 3486 2316 vicio
3509 2260 3647 2315 scri-

2053 2363 2223 2433 ptoris
2268 2360 2516 2432 quedam,
2552 2359 2677 2414 licet
2722 2375 2827 2413 non
2846 2359 3069 2429 indigna
3095 2358 3372 2423 memoria,
3403 2357 3642 2426 interpo-

2056 2461 2271 2508 nuntur.
2287 2451 2439 2508 Finis
2459 2451 2625 2521 hujus
2647 2453 2911 2505 tractatus
2925 2450 2980 2504 in
3004 2462 3196 2505 rasura
3213 2447 3513 2517 ampliatus
3536 2452 3641 2501 est.

2059 2543 2259 2615 Incipit
2290 2543 2517 2614 epistola
2573 2541 2794 2597 Henrici
2838 2540 3216 2595 archidiaconi
3255 2538 3326 2592 ad
3361 2536 3648 2593 Warinum

2056 2634 2122 2688 de
2144 2634 2352 2704 regibus
2376 2631 2661 2686 Britonum
2680 2648 2701 2684 ι
2727 2629 3126 2697 oneris—vale.
3153 2646 3173 2681 ι
3203 2626 3342 2682 Item
3369 2627 3434 2681 de
3453 2626 3639 2681 eadem

1948 2768 1951 2771 .
2059 2726 2297 2797 hgstoria
2333 2744 2352 2777 ι
2387 2724 2929 2779 Adhuc—invenitur.
2979 2741 2998 2775 ι
3032 2721 3119 2776 Ea:
3139 2722 3327 2777 eadem
3346 2720 3551 2792 gstoria
3575 2723 3643 2772 de

2059 2818 2324 2873 modernis
2373 2817 2575 2873 sanctis
2607 2816 2797 2888 Anglic
2832 2836 2850 2870 ‹
2895 2815 3394 2881 Quis—irradiant.
3437 2831 3456 2865 ι
3501 2810 3650 2866 Inci-

2058 2910 2213 2980 piunt
2239 2910 2458 2964 cronica
2502 2908 2719 2963 Roberti
2747 2926 2765 2961 ι
2797 2906 3083 2973 Henricus,
3122 2924 3142 2959 ι
3176 2912 3281 2961 etc.
3308 2903 3495 2959 Prima
3535 2902 3653 2958 haec

2063 3021 2261 3062 manus
2303 3004 2530 3075 pulchra
2559 3020 2605 3060 s.
2639 3020 2715 3058 ιιι
2740 3003 2907 3058 medii
2933 3003 3053 3059 sine
3093 3002 3204 3058 ulla
3254 2999 3653 3071 interruptione

362 3090 527 3149 tione
546 3106 599 3145 a.
632 3088 942 3149 1160-1153
969 3098 1024 3147 et
1046 3097 1287 3153 tractatu
1310 3087 1388 3144 De
1410 3088 1791 3147 immulaiiOHe
1814 3089 1966 3145 Oﬁli-
1995 3150 2035 3168 η
2065 3099 2331 3156 continuo
2354 3099 2566 3155 calamo
2596 3090 2816 3168 scripsit
2860 3097 2931 3152 ab
2953 3096 3111 3150 initio
3145 3094 3350 3151 codicis
3384 3108 3561 3165 usque
3583 3094 3652 3148 ad

368 3180 466 3237 nis
510 3181 935 3237 monachorum.
971 3180 1251 3237 Iudicatur
1297 3181 1352 3236 in
1405 3181 1655 3252 catalogo
1695 3179 1963 3237 librorum
1990 3150 2035 3213 Ο
2066 3207 2119 3245 a.
2170 3189 2329 3258 1156,
2382 3208 2401 3242 ι
2456 3150 2787 3245 διὼεθοιιιῖιε
2815 3195 2923 3256 est,
2957 3207 2975 3240 ι
3014 3187 3201 3243 habitu
3243 3195 3298 3242 et
3345 3150 3654 3241 atramento

365 3272 759 3342 Bmensium,
781 3282 837 3329 et
865 3289 898 3329 a
934 3273 1177 3330 Robcrto
1201 3273 1323 3344 ipso
1359 3273 1414 3328 in
1461 3272 1695 3343 epistola
1723 3272 1802 3328 E6
1827 3290 1966 3345 prae-

2065 3282 2257 3338 eadem
2304 3296 2530 3352 prorsus
2588 3281 2794 3352 ubique
2854 3294 3104 3336 manens.
3180 3279 3363 3335 Lineae
3419 3277 3647 3349 plumbo

366 3366 487 3423 lixa
517 3386 533 3421 :
567 3364 787 3437 Reliqua
817 3383 955 3435 vero,
986 3382 1104 3437 qua
1144 3365 1245 3435 feci
1293 3373 1576 3433 antequam
1616 3365 1686 3419 ad
1733 3363 1966 3435 Montem
2068 3373 2272 3438 ducue;
2298 3371 2492 3427 litterae
2513 3371 2751 3427 initiales
2773 3372 2974 3438 rubrm,
2996 3371 3222 3438 virides,
3249 3371 3527 3438 merulea;
3550 3369 3653 3424 ha-

364 3457 628 3525 venerim,
657 3457 801 3528 apud
826 3474 913 3513 vos
946 3467 1069 3513 sunt
1098 3458 1155 3512 in
1184 3458 1468 3524 chronicis,
1490 3473 1610 3528 quia
1634 3473 1755 3512 cum
1777 3473 1967 3529 magno
2070 3463 2217 3518 bitus
2238 3470 2385 3517 totus
2415 3462 2556 3516 idem
2579 3462 2672 3531 qui
2699 3462 2754 3515 in
2771 3446 2905 3516 αεὶ
2935 3463 2987 3516 1.
3004 3471 3060 3516 ιιι
3081 3446 3403 3517 nominibus
3428 3460 3648 3516 variat:

363 3551 563 3604 labore
616 3549 778 3604 habui
823 3550 887 3604 de
943 3551 1186 3621 episcopo
1219 3548 1549 3607 Belvacensi.
1579 3549 1724 3607 Fons
1752 3559 1837 3607 est
1870 3564 1968 3606 co-
2073 3553 2299 3610 Hericus
2319 3563 2373 3609 et
2396 3544 2678 3616 Heii'icus;
2704 3551 3064 3605 Northmanni
3080 3553 3277 3622 primo,
3292 3564 3481 3622 postea
3507 3566 3655 3607 sem—

364 3641 519 3697 dicis
556 3640 619 3697 E.
2014 3642 2017 3647 ’
2070 3663 2168 3718 per
2196 3645 2519 3711 Normanni,
2543 3659 2671 3699 raro
2695 3632 2997 3707 Not-mani;
3026 3641 3283 3696 Dunelme
3300 3652 3355 3697 et
3374 3642 3656 3710 Duneline,

447 3731 540 3802 Ε.)
565 3731 751 3789 Codex
764 3732 824 3789 S.
850 3733 1127 3795 Michaelis
1151 3735 1212 3790 de
1231 3734 1483 3791 Pericula
1501 3734 1672 3793 Maris
1692 3735 1749 3790 in
1770 3733 1970 3791 North-
2072 3742 2184 3798 imo
2213 3740 2497 3805 Duveline;
2531 3753 2744 3810 semper
2772 3737 2886 3793 fere
2907 3735 3188 3802 Willmus,
3206 3750 3333 3790 raro
3353 3734 3647 3798 Guillmus,

367 3824 627 3892 mannia,
647 3824 765 3896 jam
790 3825 923 3882 bibl.
964 3826 1117 3897 publ.
1170 3826 1547 3896 Abrincensis,
1577 3843 1634 3883 ιι.
1685 3826 1779 3894 86,
1801 3827 1967 3896 mbr.,
2068 3834 2347 3905 integrum
2369 3831 2539 3887 semel
2561 3838 2771 3886 tantum
2797 3827 3057 3883 scribitur
3090 3823 3412 3882 Guillermus
3433 3841 3485 3879 a.
3516 3823 3658 3879 1188

368 3915 480 3972 fol.
530 3916 665 3972 min.
712 3916 882 3975 Foliis
916 3919 968 3985 1,
1012 3919 1069 3987 2,
1120 3926 1248 3990 post
1285 3932 1495 3976 annum
1546 3920 1770 3975 demum
1832 3918 1971 3975 1184

368 4011 563 4067 codici
609 4011 918 4083 praepositis
961 4028 1001 4072 a.
1036 4024 1204 4071 manu
1254 4027 1302 4068 ε.
1340 4028 1421 4067 xu
1445 4028 1531 4068 ex.
1569 4012 1819 4083 inscripti
1843 4020 1974 4068 sunt

374 4102 559 4160 Tituli
580 4104 838 4163 librorum
856 4120 990 4176 quos
1013 4103 1161 4159 dedit
1192 4104 1474 4176 Philippus
1503 4105 1776 4175 episcopus
1807 4103 1973 4175 Baja-

375 4198 557 4251 censis
582 4197 819 4253 ecclesia:
838 4197 1025 4265 Becci,
1040 4205 1206 4269 atque
1234 4197 1399 4252 Tituli
1421 4197 1680 4265 librorum
1697 4196 1973 4252 Beccensis

376 4291 633 4347 armarii.
685 4289 902 4347 Folium
948 4290 1121 4361 Sjam
1168 4305 1317 4345 anno
1351 4289 1491 4344 1184
1540 4288 1974 4360 Βοιιθιοιιιεγίρεο

376 4381 702 4453 praeposuit,
747 4390 810 4438 ut
838 4392 1001 4441 esset
1050 4381 1256 4439 codicis
1308 4381 1524 4449 titulus,
1556 4396 1827 4452 versoque
1856 4381 1975 4438 haec

2073 3925 2142 3981 ab
2168 3926 2288 3994 ipso
2318 3923 2590 3991 Roberto;
2627 3922 2748 3988 dus,
2774 3920 2821 3976 si
2850 3921 3143 3991 integrum,
3177 3932 3392 3988 semper
3412 3916 3653 3979 donans;

2073 4008 2307 4072 ecclesia:
2350 4006 2509 4071 initio
2549 4020 2887 4080 constanter,
2945 4019 3134 4082 postea
3187 4008 3433 4074 ecclesie;
3468 4016 3664 4078 praeter

2075 4110 2219 4166 hanc
2240 4123 2431 4165 vocem
2453 4106 2632 4162 ubivis
2662 4120 2690 4180 ς
2711 4120 2812 4175 pro
2830 4121 2878 4172 ε,
2899 4119 2966 4169 ω,
2987 4119 3052 4158 ω.
3066 4101 3269 4158 Pennze
3289 4102 3477 4172 lapsus
3495 4100 3667 4156 raris-

2077 4200 2224 4254 simi.
2248 4197 2397 4255 Rasa
2421 4205 2477 4253 et
2491 4203 2760 4263 correcta,
2783 4203 2900 4251 tum
2924 4210 2955 4251 a
2976 4194 3177 4260 scriba,
3203 4201 3317 4248 tum
3344 4208 3375 4247 a
3399 4191 3666 4256 Roberte,

2078 4294 2133 4348 in
2160 4293 2447 4364 Sigebcrto
2473 4306 2621 4346 rara.
2653 4288 2831 4359 Reges
2853 4287 3237 4360 Anglorum'et
3268 4282 3669 4355 archiepiscopi

2077 4384 2549 4457 Rothomageuses
2570 4398 2718 4437 nunc
2742 4380 2796 4435 in
2817 4388 2966 4436 textu
2981 4380 3257 4451 leguntur,
3278 4393 3425 4433 nunc
3442 4378 3496 4432 in
3519 4392 3664 4432 mar-

378 4470 710 4542 inscripsit:
742 4469 812 4525 In
859 4471 956 4525 hoc
994 4469 1258 4525 volumine
1282 4470 1389 4524 ista
1426 4471 1766 4524 continentur
1793 4485 1812 4524 :
1842 4469 1975 4526 Cro—
2004 4492 2052 4550 D
2077 4479 2203 4550 gine
2247 4484 2302 4533 et
2342 4476 2485 4532 inter
2536 4474 2708 4528 lineas
2762 4473 3105 4542 supplentur,
3162 4470 3431 4526 incertum
3479 4476 3667 4524 utrum

375 4560 509 4617 nica
564 4559 784 4616 Eusebii
826 4559 1153 4617 Cesariensis
1200 4560 1549 4631 episcopi.....
1596 4558 1809 4614 Exinde
1833 4559 1974 4614 idem

378 4652 690 4708 Ieranimus
716 4653 1082 4723 perduxit.....
1107 4650 1371 4707 Secuntur
1398 4651 1614 4709 cronica
1636 4650 1891 4723 Prosperi
1917 4652 1975 4706 in

370 4746 571 4800 ordine
584 4744 805 4800 historic
822 4761 921 4816 que
939 4745 1208 4801 continent
1229 4760 1395 4801 annos
1420 4743 1508 4799 77.
1523 4742 1776 4816 Sequitur
1786 4744 1978 4800 exinde

374 4837 775 4908 cronographia
807 4836 1062 4909 Sigiberti
1100 4834 1491 4895 Cemblacensis
1529 4837 1794 4905 monachi,
1818 4853 1979 4908 quam

373 4930 584 4999 incepit
624 4945 657 4982 a
691 4927 826 4982 581°
867 4927 1012 4982 dom.
1069 4928 1174 4983 inc.
1237 4944 1377 4982 anno
1434 4936 1485 4983 et
1529 4928 1778 4998 perdusit
1819 4944 1981 5000 usque

377 5020 459 5076 ad
492 5019 707 5075 “00um
740 5036 943 5075 annum
987 5019 1225 5090 ejusdem
1252 5020 1293 5075 i.
1349 5019 1432 5087 tl.,
1459 5035 1562 5091 quo
1598 5036 1738 5074 anno
1780 5021 1982 5090 primus

378 5108 658 5166 Henricus
680 5127 775 5166 res:
796 5109 1092 5181 Anglorum
1119 5110 1257 5180 cepit
1280 5125 1519 5181 regnare.
1535 5110 1615 5165 Ab
1642 5110 1824 5166 eodem
1845 5127 1983 5166 nmio

376 5206 653 5264 Robertus
699 5205 863 5260 abbas
893 5203 952 5261 S.
987 5203 1268 5260 Michaelis
1299 5205 1364 5259 de
1383 5204 1636 5260 Pericula
1661 5202 1834 5259 Maris
1859 5205 1985 5275 fecit

376 5298 696 5365 historiam,
720 5298 1077 5353 continentem
1100 5312 1182 5353 res
1203 5308 1376 5370 gestas
1398 5296 1782 5365 Romanorum,
1808 5295 1986 5351 Fran-

379 5405 600 5457 corum,
628 5390 945 5462 Anglorum,
978 5404 1141 5460 usque
1170 5389 1240 5443 ad
1277 5405 1489 5460 presens
1532 5397 1755 5461 tempus,
1808 5390 1983 5443 conti-

380 5494 603 5541 nentem
652 5483 856 5543 scilicet
887 5497 1055 5536 annos
1081 5498 1244 5555 usque
1292 5482 1362 5537 ad
1406 5500 1459 5537 a.
1492 5483 1547 5539 ά.
1576 5484 1616 5538 i.
1647 5482 1808 5550 1184,
1832 5500 1984 5554 quem

382 5579 592 5635 librum
618 5575 937 5648 presentauit
959 5574 1241 5629 karissimo
1265 5575 1480 5630 domino
1502 5591 1596 5629 suo
1633 5574 1704 5635 II.
1730 5575 1839 5645 regi
1870 5574 1983 5629 An-

381 5671 626 5745 glorum,
664 5670 1017 5725 continentem
1062 5669 1225 5723 istam
1272 5668 1551 5723 historiam
1593 5678 1644 5722 et
1672 5666 1902 5738 reliquas
1929 5667 1985 5720 in

382 5768 493 5829 huc
521 5767 725 5840 pagina
757 5776 992 5835 notatas,
1023 5764 1227 5821 scilicet
1255 5761 1490 5827 Eusebii,
1537 5760 1813 5830 leronimi,
1846 5760 1981 5815 Pro-

2079 4569 2275 4626 scribm
2320 4583 2486 4623 manu
2518 4582 2587 4621 an
2623 4564 2866 4619 Roberti.
2899 4563 2959 4618 In
3006 4562 3231 4618 Roberti
3255 4559 3671 4617 continuatione

2077 4663 2164 4717 ha:
2227 4658 2534 4716 additiones
2590 4655 2922 4727 marginales
2984 4654 3160 4710 multo
3211 4654 3349 4708 tlunt
3406 4652 3669 4720 rariores,

2030 4742 2038 4811 ί
2081 4768 2292 4809 rasura:
2321 4751 2650 4816 crebriores,
2677 4762 2871 4803 omnes
2898 4753 3098 4818 praeter
3127 4762 3179 4801 a.
3228 4745 3389 4812 1128,
3415 4745 3573 4812 1151,
3598 4744 3670 4799 ab

2081 4853 2306 4900 auctore
2360 4839 2637 4913 profectae.
2694 4837 2815 4892 Alia
2872 4850 3073 4892 manus
3127 4835 3319 4906 incipit
3369 4850 3421 4890 a.
3469 4833 3608 4890 1156
3650 4850 3667 4891 :

2094 4955 2114 4987 ‹
2155 4934 2314 4991 Circa
2358 4932 2456 4986 hoc
2516 4940 2739 5001 tempus,
2776 4946 2795 4981 ι
2847 4934 3158 4984 atramento
3202 4926 3328 4994 alio,
3378 4932 3436 4981 at
3477 4923 3675 4980 eadem

2085 5026 2229 5080 linea
2251 5036 2506 5093 pergens,
2532 5020 2716 5077 minus
2739 5015 3180 5085 ﬁrma,babitum
3205 5024 3369 5088 atque
3388 5023 3670 5073 atrameue

2087 5126 2203 5171 tum
2231 5113 2434 5184 saepius
2457 5120 2698 5167 mutans.
2728 5109 2916 5165 Tertia
2947 5107 3002 5176 in
3034 5124 3088 5163 a.
3116 5108 3276 5175 1157,
3305 5126 3326 5159 4
3355 5107 3606 5179 Agat-em,

2087 5209 2228 5263 inter
2252 5204 2602 5262 scribendum
2634 5201 2870 5258 formam
2898 5216 3043 5272 saepe
3071 5210 3319 5267 mutans;
3346 5200 3521 5255 lineas
3538 5196 3671 5253 viri-

2086 5297 2186 5352 des
2213 5297 2269 5350 in
2300 5294 2553 5365 margine
2580 5293 2868 5362 hucusque
2893 5306 2991 5361 per
3018 5299 3192 5345 totum
3215 5288 3457 5345 codicem
3476 5287 3672 5343 ductas

2090 5386 2314 5442 omittit.
2345 5384 2551 5452 Quarta
2572 5384 2628 5438 in
2654 5399 2709 5439 a.
2742 5382 2900 5449 1161,
2934 5401 2952 5433 ι
2990 5379 3257 5436 Henricus
3293 5392 3406 5446 rex,
3442 5395 3462 5429 ι
3487 5376 3674 5432 diver-

2082 5477 2167 5535 sis
2211 5477 2546 5548 temporibus
2591 5483 2851 5542 exarata;
2908 5484 3101 5530 versus
3157 5472 3318 5528 ﬁnem
3364 5469 3525 5525 lineae
3569 5467 3676 5524 illa:

2091 5570 2291 5626 virides
2339 5569 2535 5626 iterum
2564 5576 2850 5639 apparent.
2887 5565 3085 5633 Quinta
3127 5581 3179 5621 a.
3234 5561 3393 5630 1167,
3429 5581 3449 5615 ι
3481 5559 3552 5616 In
3576 5577 3675 5616 na-

2094 5661 2216 5728 tali,
2251 5683 2266 5708 ι
2306 5661 2498 5727 nitida,
2521 5658 2915 5730 orthographia
2939 5658 3076 5723 alia;
3101 5655 3349 5725 singulas
3376 5655 3675 5712 sententias

2092 5774 2200 5815 non
2224 5754 2420 5812 litteris
2448 5751 2785 5823 Inajnsrulis,
2812 5750 2907 5807 sed
2930 5748 3088 5819 signo
3125 5746 3152 5819 ἓ
3178 5747 3540 5818 distinguens,
3562 5760 3673 5817 quo

3714 5871 3753 5889 κ
