4046 6318
262 306 325 363 57
1703 309 1793 366 Cll
1811 308 2066 366 ROMCA
2079 353 2091 368 .
3461 320 3533 385 38

262 421 351 478 sed
381 421 759 492 suspicionem
782 430 989 479 metum
1016 422 1081 479 iri
1107 423 1244 481 bene
1263 424 1528 482 novisset.
1552 424 1687 493 Qua;
1706 426 1857 482 addit
1881 427 1933 489 Α
1960 427 2280 488 Additiones
2322 433 2457 497 ιξ-λ.
2476 475 2490 502 ,
2522 449 2665 505 quas
2709 452 2819 491 non
2849 452 2971 493 esse
3007 437 3273 510 Sigeberti
3306 456 3348 495 ει
3372 439 3538 504 imos.

263 513 665 570 continuationi
694 514 1052 587 Aquicinensi
1077 516 1273 575 litteris
1298 518 1538 590 obliquis
1573 520 1853 587 distincta,

263 622 314 663 In
342 605 444 662 B5.
472 623 584 662 non
618 607 896 678 leguntur,
919 623 1024 665 nec
1077 609 1219 665 unde
1261 610 1579 683 sumpserit,
1605 610 1851 680 scimus;

258 698 394 755 illud
423 705 658 766 certum,
689 715 799 755 non
825 716 894 757 ex
944 716 1055 757 uno
1077 702 1315 775 quodam
1345 703 1534 759 codice
1576 711 1852 774 excerpta,

260 792 352 851 sed
372 808 406 848 e
427 793 683 864 plurimis
705 794 1023 866 auctoribus
1054 810 1118 851 ea
1142 796 1476 868 conquisita,
1499 796 1750 868 quaedam
1785 798 1855 854 ab

259 888 381 958 ipso
403 889 737 959 composita.

324 977 407 1048 g.)
439 976 632 1049 δίαινε
672 978 727 1034 in
750 979 991 1036 editione
1026 980 1185 1037 tertia
1214 980 1552 1052 Scriptorum
1587 980 1852 1043 Pistorie—

257 1082 494 1133 norum,
551 1066 870 1126 Ratisbonas
928 1070 1068 1127 1726
1112 1072 1166 1127 in
1219 1072 1313 1129 fol.
1350 1072 1691 1147 Sigehertum
1725 1090 1850 1132 eum

252 1158 769 1217 contiunatiouibus
804 1160 1210 1234 Ursicampina,
1271 1163 1520 1238 Votensi,
1564 1165 1855 1224 Gemmeti-

253 1252 408 1308 (ensi
445 1254 664 1324 repetiit
712 1270 745 1310 e
792 1255 972 1325 prima
1024 1255 1249 1313 Pistorii
1288 1258 1562 1329 editione;
1612 1261 1708 1316 sed
1750 1276 1852 1319 suo

251 1358 492 1414 quamne
518 1345 641 1401 loco
665 1344 884 1402 intersit
906 1347 1090 1402 omnia
1114 1364 1238 1419 qua:
1268 1348 1486 1406 Mimos
1509 1351 1666 1421 plura
1690 1351 1853 1409 uabet

250 1450 319 1490 ex
356 1436 408 1491 l.
436 1434 540 1494 BQ.
571 1437 650 1493 5'.
682 1438 769 1507 5.;
820 1440 925 1495 sub
968 1450 1119 1496 textu
1169 1442 1439 1513 potiorem
1472 1441 1742 1500 Mimanta
1780 1444 1852 1500 le

250 1527 461 1583 dionis
492 1528 816 1604 varietatem
864 1546 990 1587 cum
1043 1533 1190 1589 notis
1220 1533 1388 1590 Minae;
1427 1543 1592 1607 atque
1613 1535 1728 1592 suis
1752 1552 1846 1609 po-

247 1618 569 1684 suit;‘dein
605 1620 1049 1680 continuationes
1086 1625 1351 1695 Ausetmi,
1378 1626 1848 1703 Gcmblacensem,

247 1707 697 1779 Amigemensem
728 1722 894 1783 atque
929 1716 1354 1786 Aquicincnsem
1410 1736 1475 1774 ex
1504 1702 1688 1778 Minoe
1718 1702 1851 1780 sub?

241 1803 456 1873 junsit,
487 1804 930 1866 Bellovaeensem
968 1828 1034 1867 ex
1084 1811 1320 1871 Labboo.
1343 1815 1423 1871 lta
1452 1819 1639 1874 omnia
1691 1833 1846 1877 com-

246 1911 466 1964 [uiuens
486 1898 896 1968 quodammodo
923 1903 1201 1980 confudit,
1228 1922 1355 1963 novi
1407 1909 1482 1964 nil
1507 1926 1735 1983 prorsus
1761 1921 1847 1970 at—

245 1988 377 2044 tulit
404 1997 609 2060 praeter
642 1994 864 2049 notulas
883 2011 1280 2068 nonnunquam
1311 2001 1503 2058 bonas.

318 2079 404 2148 lt.)
430 2077 678 2151 Bac/terg
730 2080 785 2137 in
838 2083 1081 2141 editione
1134 2087 1381 2145 Gui'oerti
1432 2088 1848 2163 Novigenteusis

241 2182 300 2233 pi
317 2168 468 2225 imus
503 2170 806 2229 Robertum
847 2175 916 2232 de
956 2174 1142 2234 Monte
1176 2180 1318 2237 dedit
1348 2182 1620 2254 integrum
1651 2202 1718 2241 cx
1747 2202 1846 2243 co-

238 2261 370 2317 dice
395 2262 462 2331 Ε,
491 2265 744 2323 adhibito
773 2267 871 2324 Et.
898 2269 1132 2328 Nomina
1155 2275 1340 2333 minus
1379 2288 1636 2336 accurate
1658 2280 1844 2336 reddi-

235 2355 362 2417 dit;
418 2356 511 2412 hic
540 2357 652 2414 illic
678 2361 929 2431 quaedam
973 2366 1187 2433 omisit;
1227 2368 1594 2426 additamenta
1622 2371 1843 2429 Roberti

239 2453 317 2499 at:
347 2447 700 2520 Sigebertum
726 2453 797 2508 ab
825 2470 878 2510 a.
901 2454 1122 2511 demum
1143 2457 1250 2514 876
1285 2461 1526 2529 exhibet,
1571 2473 1625 2520 et
1665 2466 1748 2521 vel
1775 2481 1843 2521 ex

236 2536 337 2593 bis
357 2539 547 2612 aliqua
567 2542 772 2601 oblitus
801 2554 905 2601 est.
939 2544 1109 2604 Notas
1142 2565 1249 2605 non
1279 2552 1506 2610 addidit.

316 2630 387 2718 ἦ.)
422 2631 664 2705 Bouquct
696 2645 860 2707 atque
891 2637 1033 2694 Brial
1056 2639 1144 2708 Ill,
1176 2642 1302 2710 552,
1345 2642 1405 2710 V,
1445 2646 1571 2714 575,
1599 2647 1689 2715 V’l,
1711 2649 1839 2718 255,

236 2717 368 2790 vn,
427 2722 562 2793 249,
615 2724 753 2793 rm,
803 2727 930 2799 508,
980 2729 1050 2800 Χ,
1085 2733 1211 2802 sic,
1256 2734 1347 2802 x1,
1380 2737 1505 2807 165,
1540 2738 1680 2810 xm,
1711 2717 1839 2811 256,

242 2813 444 2906 lell,
472 2816 600 2883 554,
626 2829 883 2891 excerpta
906 2830 1118 2880 tantum
1149 2827 1436 2897 dederunt,
1478 2833 1681 2902 quibus
1704 2850 1842 2906 pra»

236 2914 333 2959 ter
350 2905 630 2965 editiones
651 2910 742 2967 hic
768 2912 880 2969 illic
901 2914 1265 2979 adhibuerunt
1301 2922 1520 2980 codices
1544 2905 1715 2981 35'".
1737 2926 1835 2984 ΕΞ.

241 2998 338 3053 2b.
379 2998 475 3056 8b.
508 3000 564 3056 d.

1958 520 2053 576 sed
2081 532 2207 593 post
2232 539 2283 579 a.
2313 525 2535 582 demum
2572 528 2707 583 1156
2736 545 2768 583 a
2798 529 2964 586 variis
2989 529 3191 598 factas,
3231 542 3353 602 post
3384 535 3540 605 Sige-

1957 613 2171 670 bertum
2202 617 2568 689 relegavimus
2594 621 2648 676 in
2672 638 2844 677 unum
2868 622 3148 693 collectas,
3181 625 3399 680 nomine
3422 625 3538 681 Au-

1956 708 2110 763 ctarii
2135 707 2568 768 Gemblaecnsis.
2610 712 2653 767 E
2693 715 2924 786 reliquis
2970 715 3252 772 codicibus
3288 718 3539 775 lectionis

1952 800 2274 857 varietatem
2307 802 2502 861 afferre
2554 805 2821 879 integram
2875 817 2929 863 et
2987 798 3322 880 superﬂuum
3379 820 3495 865 erat
3520 854 3535 875 ,

1955 892 2155 965 quippe
2207 895 2365 966 cujus
2413 898 2679 972 originem
2730 900 3074 957 arbitrarium
3110 904 3454 969 noverimus,
3485 916 3540 960 et

1954 986 2325 1072 moleinutili
2376 1000 2535 1047 notas
2569 993 2908 1050 necessarias
2942 994 3259 1050 obtexissct.
3295 994 3541 1067 Seligen-

1954 1080 2053 1138 das
2089 1081 2274 1153 itaque
2299 1082 2614 1155 putavimus
2633 1100 2728 1144 eas
2755 1096 2966 1143 tantum
2998 1105 3120 1160 quae
3146 1090 3232 1144 vel
3253 1090 3319 1144 ad
3341 1090 3537 1161 dignov

1954 1172 2217 1229 scendum
2255 1166 2460 1230 textum
2498 1174 2844 1246 primarium,
2899 1178 2983 1233 vel
3027 1178 3092 1233 ad
3147 1177 3538 1234 discernendas

1952 1261 2191 1337 familias
2226 1266 2498 1337 codicum,
2529 1269 2621 1324 vel
2643 1269 2711 1324 ad
2739 1277 2921 1325 textus
2947 1269 3076 1325 editi
3107 1268 3391 1326 historiam
3418 1284 3538 1324 mo-

1946 1357 2119 1413 menti
2144 1358 2348 1429 aliquisl
2372 1359 2573 1415 habere
2595 1370 2853 1431 possunt;
2879 1375 3056 1432 neque
3082 1354 3537 1431 transpositiones

1953 1449 2160 1507 codicis
2187 1449 2251 1505 Ι).
2298 1451 2692 1521 indicavimus,
2749 1470 2780 1509 a
2818 1436 2998 1522 scriba
3031 1453 3253 1509 demum
3288 1452 3536 1508 Bellova—

1952 1542 2103 1597 censi
2136 1541 2412 1612 inventas;
2447 1559 2586 1614 quas
2607 1544 2700 1614 qui
2732 1544 2873 1600 scire
2897 1544 3190 1614 desiderat,
3222 1545 3420 1601 melius
3445 1545 3533 1601 di-

1951 1644 2065 1691 scet
2098 1650 2163 1691 ex
2195 1636 2550 1693 editionihus.
2579 1636 2796 1694 Omissa
2821 1647 3002 1693 autem
3040 1638 3094 1693 in
3126 1638 3297 1694 variis
3329 1638 3536 1693 codici-

1951 1727 2055 1784 bus
2080 1729 2335 1801 religiose
2355 1744 2572 1799 semper
2602 1729 2986 1805 indicavimus,
3017 1729 3259 1800 exceptis
3300 1724 3421 1784 ΟΜ.
3456 1728 3535 1795 5.,

1949 1820 2018 1875 de
2049 1810 2251 1891 quibus
2297 1821 2502 1877 videsis
2547 1837 2670 1892 qua:
2706 1837 2877 1892 supra
2921 1820 3182 1876 diximus.
3216 1819 3538 1876 Additiones

1948 1914 2195 1969 omnium
2222 1914 2472 1969 codicum
2496 1914 2748 1969 dedimus
2772 1928 2990 1980 omnes;
3017 1921 3197 1968 at'non
3223 1927 3326 1967 suo
3349 1902 3538 1983 quam-

1947 2019 2056 2076 que
2084 2019 2229 2059 anno
2260 2004 2522 2059 insertam
2577 2001 2884 2074 Sigeberto,
2922 2034 2994 2043 —
3023 2003 3224 2073 quippe
3253 2002 3346 2073 qui
3386 2010 3537 2057 tanta

1946 2095 2090 2150 mole
2116 2109 2415 2165 oppressus
2463 2094 2602 2151 foret
2657 2126 2747 2162 -—,
2803 2096 2898 2150 sed
2933 2095 3233 2150 secundum
3284 2102 3537 2150 auctores

1946 2184 2234 2243 distinctas
2281 2188 2624 2259 collegimus,
2652 2187 2814 2242 titulo
2847 2186 3096 2241 Λυσιανἱὶ
3142 2185 3535 2257 Aquicinenst’s,

1945 2278 2369 2350 Afﬂigemcnsis,
2416 2278 2792 2347 l’ulcelltusis,
2843 2277 3264 2344 Ilttsnonicnsis,
3317 2274 3538 2329 Lauda-

1946 2374 2143 2439 uensis,
2175 2371 2527 2436 Corbeicusis,
2562 2370 2968 2437 Bellornceusis,
3002 2369 3393 2434 Mortuimaris,
3429 2366 3537 2421 Ur»

1944 2466 2251 2535 sicumpiui,
2290 2464 2560 2518 Robcrtini
2591 2462 2985 2534 pra-ponendas
3015 2462 3136 2517 istis
3165 2459 3534 2516 continuatio-

1944 2558 2109 2612 nibus
2146 2573 2269 2629 quae
2297 2557 2365 2611 ab
2397 2557 2590 2611 iisdem
2617 2556 2820 2626 quibus
2860 2553 3170 2609 additiones
3211 2550 3532 2606 auctoribus

1943 2650 2194 2722 scriptae,
2237 2666 2305 2704 ex
2350 2649 2541 2705 iisdem
2589 2648 2833 2704 fontibus
2863 2647 3092 2714 haustae,
3133 2644 3210 2699 nil
3254 2651 3383 2698 sunt
3425 2642 3533 2696 nisi

1943 2744 2080 2799 tales
2104 2742 2411 2799 atlditioues
2457 2743 2660 2798 sensim
2692 2740 2855 2796 latius
2885 2746 3219 2803 crescentes,
3249 2736 3409 2806 cujus
3448 2735 3528 2788 rei

1944 2836 2283 2893 lnculenttun
2305 2835 2617 2906 exemplum
2650 2835 2853 2905 pra-bet
2892 2832 3187 2887 llolsertus.
3229 2828 3306 2883 Ita
3338 2827 3536 2898 legenti

1944 2930 2131 2985 statim
2154 2937 2381 3000 apparet
2409 2944 2658 2998 quoniam
2688 2926 2886 2996 cuique
2914 2922 3178 2979 additioui
3201 2920 3537 2992 patria,qu

1943 3021 2014 3076 sit
2067 3029 2220 3087 anas,
2276 3036 2402 3091 quis
2453 3019 2608 3085 fons,
2644 3035 2767 3089 qtae
2809 3017 2942 3072 lides
2991 3014 3270 3079 habenda;
3306 3012 3378 3066 ita
3411 3022 3535 3080 qua:

315 3089 542 3148 Nostra:
568 3095 818 3152 editionis
840 3098 985 3155 ratio
1002 3100 1119 3157 haec
1139 3100 1546 3169 fuituttextum
1572 3107 1838 3183 Sigeberti
1868 3133 1914 3197 (ς
1944 3113 2188 3183 ejusdem
2214 3089 2457 3169 auctoris
2488 3112 2848 3182 ejusdemque
2885 3106 3204 3164 tuonastcrii
3236 3112 3385 3171 sunt,
3417 3117 3529 3157 non

229 3181 507 3241 daremus
526 3200 654 3242 eum
676 3204 839 3259 quem
871 3201 1065 3248 auctor
1085 3194 1204 3265 ipse
1227 3197 1497 3255 edendum
1525 3181 1836 3274 constituite;

227 3274 570 3345 primariam
598 3289 780 3336 autem
813 3280 1046 3339 formam
1076 3286 1255 3344 ubivis
1296 3289 1352 3344 in
1391 3292 1537 3350 notis
1567 3294 1836 3353 indicare-

228 3383 389 3422 mus.
434 3367 543 3424 Pro
570 3369 928 3431 fundamento
957 3377 1124 3448 igitur
1154 3382 1442 3451 posuimus
1479 3385 1724 3445 codicem
1755 3387 1832 3458 1.,

227 3475 413 3553 quem
445 3472 703 3519 accurate
742 3470 1137 3539 expressimus.
1188 3473 1509 3533 Additioncs
1535 3478 1652 3549 ipsa
1684 3479 1837 3553 Sige-

227 3551 387 3607 bcrti
416 3568 586 3609 manu
621 3554 817 3627 factas,
846 3569 1138 3632 antequam
1174 3566 1354 3636 primo
1379 3568 1580 3626 librum
1630 3551 1834 3642 ederet,

228 3640 292 3695 in
332 3650 544 3698 textum
580 3649 891 3718 recepimus
913 3668 1127 3722 omnes,
1144 3654 1199 3710 in
1225 3659 1372 3715 notis
1395 3661 1573 3718 ubivis
1591 3640 1841 3723 indicati;-

224 3739 324 3788 tcs
367 3734 506 3805 quid
546 3740 830 3797 secundis.
872 3744 1005 3813 quid
1048 3748 1224 3805 tertiis
1262 3751 1413 3808 curis
1451 3754 1711 3821 adjeterit
1734 3774 1840 3813 au-

223 3837 379 3877 ctor.
431 3823 754 3885 Additioues
803 3831 974 3904 ιβρε..
1013 3851 1046 3890 a
1078 3837 1364 3910 Sigeberto
1411 3853 1535 3913 post
1586 3861 1639 3901 a.
1698 3848 1838 3906 1105

223 3915 499 3983 dictatas,
528 3927 645 3973 tum
674 3937 799 3976 cum
829 3925 1056 3982 alteram
1103 3930 1399 3988 editionem
1435 3947 1683 4005 curaret,
1727 3956 1833 3996 ιλιι-ρ

223 4006 380 4062 cinis
432 4008 760 4069 inclusimus
783 4059 796 4072 .
834 4032 943 4072 non
973 4022 1119 4090 quod
1153 4033 1337 4080 essent
1386 4028 1619 4097 spur-ite,
1644 4033 1736 4088 sed
1774 4043 1828 4090 ut

224 4112 337 4154 eas
372 4101 644 4169 primario
688 4109 863 4162 textui
909 4111 1150 4169 defuisse
1184 4128 1458 4186 appareat.
1499 4121 1635 4185 Ome
1678 4124 1831 4192 prius

224 4189 313 4244 ibi
344 4194 551 4262 scripta
585 4195 824 4265 fuerant,
856 4200 962 4266 iant
993 4220 1170 4261 erasa.
1214 4211 1319 4263 sub
1373 4218 1520 4267 textu
1556 4189 1827 4271 indicavi-
1872 4280 1890 4295 δ

224 4295 361 4335 Inus
400 4285 612 4353 omnia,
643 4302 801 4358 prout
841 4306 906 4346 ex
957 4294 1021 4348 A.
1064 4310 1126 4350 ea
1181 4312 1479 4373 agnoscere
1526 4304 1826 4373 potuimus.

1949 3207 2377 3277 discerpuntur;
2430 3205 2658 3262 historia
2713 3215 2893 3260 textus
2939 3202 3136 3258 melitts
3182 3198 3532 3277 perspicitur,

1937 3308 1993 3356 et
2023 3274 2291 3371 Sigehcrti
2326 3299 2638 3355 Chronicou
2667 3314 2864 3369 purum
2887 3339 2901 3362 ,
2933 3295 3012 3350 uti
3070 3293 3351 3350 conditura
3405 3274 3529 3356 fuit,

1939 3389 2015 3444 ita
2040 3390 2343 3462 legentibus
2370 3393 2614 3445 ollcrtur.
2644 3387 2901 3444 llabitum
2933 3388 3100 3442 etiarn
3144 3382 3325 3455 operis
3364 3390 3530 3452 atque

1940 3482 2173 3538 fortuaut
2208 3482 2561 3545 exteriorem,
2611 3483 2829 3552 qualem
2863 3481 2913 3535 l.
2964 3479 3187 3536 exhibet
3234 3484 3289 3532 et
3333 3470 3530 3544 reliqui

1939 3573 2157 3632 codices
2186 3574 2530 3628 retinuerunt
2553 3572 2819 3643 plerique,
2853 3587 2956 3627 uos
3002 3583 3223 3641 quoque
3267 3572 3527 3624 accurate

1942 3665 2314 3736 expressimus
2340 3706 2354 3731 ,
2395 3674 2592 3734 praeter
2621 3663 2772 3733 quod
2821 3676 2997 3716 annos
3038 3659 3276 3723 Christi,
3317 3674 3347 3711 a
3376 3655 3533 3727 Sige-

1942 3758 2098 3813 berto
2118 3773 2216 3830 per
2239 3756 2504 3813 deccnnia
2537 3764 2745 3811 tantum
2777 3754 2831 3808 in
2864 3753 3111 3825 margine
3141 3747 3400 3806 exteriori
3428 3761 3529 3801 no-

1934 3856 2116 3919 talos,
2170 3866 2272 3906 nos
2320 3849 2495 3905 cuivis
2543 3863 2688 3904 anno
2727 3846 3117 3918 opposuimus;
3170 3848 3367 3913 prtetcr
3412 3838 3530 3931 haec
3618 3926 3621 3931 ‘

1938 3925 2237 4014 plurimum
2268 3957 2449 4013 operte
2471 3940 2847 3998 collocandum
2875 3936 3248 4010 judicavimus
3288 3931 3342 3986 in
3370 3928 3528 3984 indaa

1938 4036 2132 4107 gaudis
2190 4033 2436 4091 fontibus
2476 4050 2540 4089 ex
2599 4033 2800 4105 quibus
2856 4032 3161 4101 hauserunt
3213 4021 3529 4096 Sigebertus

1936 4127 2164 4198 ejusque
2193 4112 2623 4185 continuatores.

2871 4257 2936 4313 L'.
2968 4257 3033 4313 C.
3061 4258 3376 4313 Bs'ruuaxn.

546 4442 3514 4492 ΜΨωέ

1008 4637 1717 4798 INCIPIT
1796 4568 2786 4802 CIIItONICA
3374 4766 3379 4769 λ

393 4947 1425 5114 omum
1565 4872 3309 5120 SIGEBERTI

1105 5240 1996 5333 GEMBLACENSIS
2064 5241 2614 5335 MONACHI

1760 5436 1990 5455 ...ι-ι*

300 5576 518 5637 Bicturl
549 5580 762 5652 aliquid
795 5582 1024 5652 juvaute
1058 5582 1171 5639 Deo
1212 5584 1282 5641 de
1311 5579 1824 5656 contemporalitate
1852 5587 1903 5648 D
1928 5582 2015 5653 gia
2042 5582 2336 5653 majorum,
2362 5581 2554 5638 directi
2586 5598 2681 5653 per
2720 5583 2947 5639 semitas
2991 5582 3367 5639 historiarum.
3405 5579 3512 5636 Po-

221 5685 530 5743 regnorum
555 5714 570 5740 ,
601 5672 843 5743 primum
884 5690 1056 5745 pauca
1092 5674 1343 5732 dicamus
1369 5676 1438 5732 de
1470 5676 1684 5748 origine
1708 5676 1821 5733 sin-

228 5761 489 5831 gularum
523 5764 766 5834 gentium
794 5784 807 5831 ;
846 5774 1116 5835 quatenus
1149 5765 1301 5839 sequi
1328 5766 1631 5841 poterimus
1655 5768 1820 5827 vesti-

1931 5692 2130 5731 nemus
2190 5675 2244 5729 in
2300 5674 2475 5745 prima
2524 5675 2668 5731 linea
2723 5691 2952 5747 regnum
3008 5672 3403 5731 Romanorum.
3460 5692 3517 5742 in

1931 5770 2173 5828 secunda
2199 5769 2515 5839 Persarum,
2550 5769 2605 5824 in
2638 5768 2794 5825 tertia
2841 5768 3211 5833 Francorum,
3237 5768 3290 5823 in
3316 5778 3511 5841 quarta
