4046 6318
533 340 604 396 59
1640 328 2002 389 SlGEBERTl
2039 326 2563 385 cennmcensrs
3723 294 3792 388 ὲ)

538 427 946 495 Wandalorum,
972 426 1026 481 in
1050 425 1239 498 quinta
1266 426 1584 494 Anglorum.
1615 423 1669 478 in
1699 432 1855 479 sexta
1886 420 2101 491 Lango-
2132 416 2177 474 A
2202 425 2418 485 verunt,
2449 425 2503 472 et
2531 417 2586 471 in
2607 429 2860 489 magnam
2890 423 3104 488 gentem
3129 416 3472 485 coaluerunt,
3500 425 3557 474 et
3582 417 3791 477 crebris

532 521 853 586 hardorum,
867 520 920 574 in
941 517 1634 592 scptimaWisigotharum,
1651 516 1704 571 in
1724 524 1914 571 octava
1931 513 2113 570 Ostro-

535 612 850 680 gotharum,
880 610 935 664 in
959 624 1105 665 nona
1133 608 1440 663 Hunorum.

614 743 689 800 De
713 760 882 816 regno
909 743 1285 800 Romanorum
1326 760 1435 800 non
1460 742 1610 799 aliud
1641 742 1927 799 dicendum
1959 752 2110 812 puto,

539 836 646 891 nisi
700 836 846 907 quod
886 836 1112 892 Danihel
1178 836 1436 908 propheta
1484 836 1871 907 interpretatus
1918 844 2002 891 est
2047 834 2114 892 dc

538 939 738 1001 quarto
766 945 965 1001 regno:
985 929 1152 1000 quod,
1181 930 1322 986 sicut
1342 929 1548 985 ferrum
1572 928 1916 997 comminuit,
1928 928 2115 987 domat

539 1028 595 1075 et
619 1021 851 1076 conterit
884 1021 1091 1089 omnia,
1120 1022 1202 1078 sic
1245 1022 1316 1083 ab
1345 1022 1555 1093 origine
1588 1020 1677 1079 sui
1701 1019 1984 1087 tutuderit,
2010 1019 2112 1076 do-

539 1113 737 1167 muerit
765 1121 817 1168 et
838 1113 1153 1170 contriverit
1173 1115 1357 1173 omnia
1382 1130 1534 1189 paene
1571 1115 1762 1173 mundi
1789 1130 1986 1191 regna;
2018 1130 2115 1170 no-

540 1202 767 1259 vissimo
798 1220 925 1260 vero
955 1215 1197 1277 tempore
1218 1223 1446 1279 regnum
1475 1207 1629 1275 illud,
1676 1207 1822 1280 quod
1867 1208 1924 1262 in
1968 1207 2115 1264 tibiis

538 1295 656 1351 suis
686 1295 879 1352 ferreis
914 1298 1223 1355 diutissime
1247 1306 1303 1354 et
1328 1300 1642 1357 firmissime
1665 1299 1785 1356 sine
1804 1299 1989 1371 aliqua
2005 1299 2115 1355 las-

524 1385 778 1465 situdine
833 1396 1077 1457 steterat,
1139 1382 1358 1447 tandem
1418 1390 1562 1448 ferro
1610 1407 1726 1449 suae
1780 1391 2114 1449 fortitudinis

528 1478 837 1548 “commixto
871 1496 996 1535 cum
1019 1489 1156 1537 testa
1186 1482 1439 1537 humanae
1467 1483 1879 1551 imbecillitatis,
1907 1500 1976 1538 ex
2002 1484 2114 1540 alto

538 1569 929 1628 dominationis
955 1588 1069 1628 sua:
1092 1573 1262 1645 gradu
1286 1590 1411 1639 cum
1440 1573 1653 1647 fragore
1679 1574 1905 1631 terribili
1929 1575 2114 1632 labare

538 1662 784 1731 coeperit.
820 1662 935 1719 Iloc
964 1680 1193 1735 regnum
1218 1666 1378 1738 primi
1404 1665 1583 1722 Persa:
1620 1667 1986 1737 impulerunt,
2020 1666 2113 1738 qui

528 1742 753 1825 semper
784 1771 910 1811 cum
941 1755 1203 1813 Romanis
1237 1775 1388 1830 paene
1415 1776 1482 1815 ex
1510 1775 1670 1829 atque
1699 1776 1756 1816 se
1782 1760 2113 1826 habuerunt,

539 1844 702 1899 modo
737 1861 865 1901 vero
917 1834 1206 1923 vacillante
1252 1849 1331 1903 rei
1361 1849 1592 1920 publica:
1638 1857 1805 1917 statu,
1840 1864 1939 1905 eos
1970 1849 2114 1913 ultro

538 1937 800 2005 impetere
831 1952 939 1992 non
971 1938 1290 2005 timuerunt,
1326 1949 1381 1995 et
1403 1940 1627 2009 insuper
1653 1955 1748 1995 eos
1777 1940 1891 1997 suis
1915 1940 2114 1997 finibus

536 2027 791 2083 niutilare
817 2039 1138 2099 potuerunt,
1185 2032 1405 2103 quando
1436 2030 1653 2086 Juliano
1690 2040 1940 2102 apostata
1971 2048 2114 2090 casso

528 2127 592 2199 et
639 2120 880 2175 exercitu
933 2120 1306 2178 Romanorum
1356 2124 1741 2180 miserabiliter
1802 2125 2113 2196 subjugato,

524 2204 704 2275 'pnimis
735 2210 996 2268 fortunati
1026 2212 1154 2273 facti
1181 2224 1312 2271 sunt
1336 2230 1405 2273 ex
1442 2231 1634 2273 eorum
1672 2216 1994 2287 infortunio.
2036 2217 2114 2273 Ita

539 2318 765 2373 regnum
833 2305 1000 2374 illud,
1059 2307 1206 2377 quod
1252 2316 1402 2363 tanto
1442 2316 1685 2379 tempore
1738 2323 1933 2365 omnes
1965 2325 2118 2381 ptene

539 2394 728 2450 mundi
757 2406 945 2466 gentes
970 2398 1165 2468 praeda:
1192 2406 1245 2453 et
1270 2398 1630 2455 dominationi
1677 2400 1905 2469 habuit,
1953 2401 2119 2459 modo

540 2484 636 2539 Dei
664 2487 1059 2559 omnipotentia
1096 2491 1361 2546 miscente
1415 2490 1464 2546 ei
1520 2491 1747 2562 duplum
1802 2492 1857 2547 in
1900 2493 2116 2569 poculo,

538 2591 650 2646 quo
694 2579 890 2635 ceteris
935 2580 1193 2649 miscuit,
1233 2581 1445 2651 cunctis
1471 2582 1724 2653 gentibus
1748 2600 1901 2654 paene
1925 2586 2120 2655 praedae

538 2676 595 2723 et
627 2668 863 2725 ludibrio
898 2664 1107 2743 patuit;
1143 2683 1197 2728 et
1222 2674 1317 2744 qui
1359 2674 1492 2729 olim
1521 2691 1647 2730 cum
1696 2676 1818 2732 aliis
1867 2677 2120 2748 gentibus

536 2774 639 2830 pro
675 2762 789 2817 sola
818 2764 987 2834 gloria
1022 2766 1321 2833 certabant,
1349 2768 1513 2822 modo
1540 2768 1701 2824 saluti
1730 2784 1843 2824 sure
1874 2770 1964 2826 vis
1988 2771 2121 2827 satis

520 2853 828 2921 consulere
872 2865 1141 2926 poterant.
1197 2856 1332 2913 Nam
1379 2875 1721 2932 quaecunque
1755 2871 1978 2934 gentes,
2027 2871 2122 2918 aut

542 2944 851 3003 minuenda:
887 2948 1052 3004 domo
1111 2950 1477 3008 multitudinis
1532 2969 1729 3021 causa,
1787 2965 1883 3010 aut
1932 2970 2120 3014 amore

541 3038 860 3094 exercenda:
890 3056 1004 3097 sua:
1030 3040 1302 3110 feritatis.
1354 3059 1383 3102 a
1432 3045 1609 3116 patria
1662 3062 1760 3102 sua
1802 3047 2115 3117 exulabant,

543 3123 849 3186 Roxnanum
873 3133 1161 3204 imperium
1183 3135 1694 3205 incessebant,ettle
1715 3139 1834 3209 ejus
1854 3140 2121 3197 latissimo

539 3234 773 3290 corpore
793 3223 940 3280 velut
962 3236 1147 3296 partes
1168 3227 1433 3297 quasdam
1458 3229 1562 3284 sibi
1586 3230 1967 3300 excindebant,
1981 3241 2036 3288 et
2061 3233 2116 3288 in

540 3312 623 3366 eis
647 3313 751 3367 sibi
785 3316 1045 3386 regnandi
1070 3317 1250 3374 locum
1274 3319 1604 3377 statuebant.
1631 3320 1746 3380 Hoc
1765 3323 1820 3379 in
1843 3325 2119 3396 sequenti-

544 3403 649 3458 bus
669 3404 815 3460 clare
836 3409 1138 3478 apparebit.

614 3553 789 3613 Porro
818 3560 970 3631 regni
1009 3561 1300 3621 Persarum
1331 3568 1599 3640 originem
1655 3570 1821 3626 altius
1878 3581 2121 3641 repetere

545 3644 709 3706 fnodo
739 3667 847 3708 non
876 3653 1090 3713 videtur
1125 3661 1288 3727 utile,
1321 3662 1449 3733 quia
1479 3680 1602 3734 quae
1622 3654 1787 3733 hujus
1823 3665 1976 3737 regni
2004 3665 2123 3721 fne-

544 3741 616 3797 rit
641 3747 963 3818 antiquitas,
1000 3761 1203 3821 quanta
1235 3762 1290 3809 et
1322 3770 1489 3825 quam
1535 3764 1729 3824 potens
1776 3756 1941 3827 hujus
1980 3760 2123 3814 anti-

541 3838 767 3907 quitatis
805 3840 1091 3909 nobilitas,
1142 3845 1277 3900 satis
1324 3845 1528 3901 recolet
1552 3846 1725 3901 lector
1751 3863 1849 3919 per
1869 3850 2122 3921 antiquo-

541 3944 666 3983 rum
710 3931 991 3988 historias.
1023 3930 1137 3991 Hoc
1168 3945 1377 3992 tantum
1403 3938 1628 4006 notabo,
1653 3939 1783 4010 quia
1809 3955 1937 4011 sepe
1963 3930 2118 3999 abusi

540 4019 769 4075 viatoria
826 4023 893 4079 de
935 4021 1233 4095 Romanis,
1288 4045 1438 4085 nunc
1491 4040 1674 4086 autem
1735 4047 1924 4088 recens
1978 4048 2122 4089 cteso

541 4107 782 4179 Juliano,
806 4121 860 4167 et
882 4115 1124 4171 exercitu
1146 4116 1523 4175 Romanorum
1559 4120 1873 4194 profligato,
1918 4130 1973 4178 et
2000 4123 2123 4179 ﬁni-

545 4200 648 4257 bus
695 4202 814 4259 suis
838 4202 1085 4263 Romano
1125 4208 1354 4279 imperio
1381 4211 1651 4279 mutilata,
1689 4221 1743 4268 et
1766 4212 1847 4269 sic
1891 4229 1993 4285 pro
2020 4231 2123 4271 suo

542 4290 698 4347 libitu
724 4296 874 4365 pacis
898 4296 1102 4356 findere
1140 4300 1194 4356 in
1224 4301 1416 4375 viginti
1457 4320 1651 4361 novem
1677 4321 1854 4363 annos
1893 4323 2120 4379 compo-

543 4383 672 4451 sito,
698 4385 1014 4445 felicitatem
1045 4408 1205 4449 suam
1234 4410 1344 4451 non
1376 4404 1745 4468 temperanter
1766 4397 2042 4467 ferebant;
2067 4409 2123 4457 et

545 4472 749 4546 Sapore
776 4496 901 4552 rege
925 4497 1115 4539 eorum
1134 4485 1455 4544 insolentius
1479 4499 1691 4559 agente,
1713 4491 2042 4550 Christianis
2066 4502 2122 4550 et

544 4565 807 4629 Romanis
838 4575 1173 4634 omnimodis
1197 4577 1380 4636 infesti
1410 4589 1587 4637 erant.

616 4728 799 4800 (Gesta
828 4749 871 4788 r.
909 4733 1135 4809 Franc.)
1181 4737 1459 4811 Originem
1501 4741 1677 4813 gentis
1704 4753 1929 4813 nostraa,
1965 4747 2117 4818 regni

542 4821 750 4877 scilicet
777 4823 1135 4896 Francorum,
1159 4831 1503 4888 notiticemus
1527 4834 1651 4889 aliis
1677 4849 1743 4889 ex
1775 4835 1946 4891 relatu
1978 4835 2120 4893 fideli

543 4914 836 4984 majorum.
868 4916 1000 4975 Post
1027 4920 1161 4976 illud
1194 4920 1467 4979 famosum
1495 4937 1549 4980 et
1584 4925 1797 4983 cunctis
1825 4927 2040 4985 saeculis
2067 4936 2123 4983 et

544 5006 796 5075 gentibus
819 5019 1010 5068 notum
1043 5012 1295 5085 Trojana:
1331 5017 1571 5074 civitatis
1600 5019 1874 5076 excidium
1899 5061 1917 5088 ,
1948 5020 2121 5076 victo-

542 5101 698 5159 ribus
738 5102 928 5162 Grecis
972 5107 1241 5164 caedentes
1273 5108 1516 5180 reliquiae
1546 5109 1941 5181 Troianorum,
1989 5127 2121 5182 pars

540 5208 735 5249 eorum
768 5210 893 5251 cum
936 5195 1083 5253 Enea
1122 5198 1191 5254 ad
1226 5199 1565 5255 fundandum
1599 5198 1909 5256 Romanum
1943 5200 2120 5272 impe-

544 5284 689 5342 rium
732 5286 802 5341 ad
843 5286 1055 5343 italiam
1084 5290 1352 5359 perrexit;
1383 5306 1513 5361 pars
1547 5306 1687 5357 una,
1728 5290 1940 5347 scilicet
1981 5291 2121 5347 duo.

542 5377 725 5433 decim
766 5377 937 5446 milia,
962 5379 1101 5435 duce
1127 5380 1407 5437 Antenore
1449 5382 1504 5436 in
1538 5381 1801 5438 finitimas
1830 5381 2127 5439 Pannonia:

537 5477 729 5538 partes
762 5486 924 5528 secus
952 5470 1215 5529 Meotidas
1242 5474 1468 5544 paludes
1493 5474 1757 5546 pervenit,
1784 5475 1969 5546 ibique
1990 5474 2125 5531 civi-

545 5567 711 5616 tatem
739 5563 1168 5633 edificaverunt,
1216 5581 1381 5637 quam
1420 5567 1492 5622 ob
1542 5567 1628 5623 sui
1676 5551 1999 5623 memoriam
2032 5564 2121 5621 Si-

543 5654 843 5712 cambriam
890 5666 1245 5716 vocaverunt.
1284 5658 1340 5714 In
1371 5675 1477 5731 qua
1504 5659 1687 5717 multis
1720 5660 1879 5716 annis
1910 5659 2122 5715 habita-

2214 510 2526 565 incursibus
2555 508 2861 564 Romanum
2891 509 3070 564 solum
3115 509 3469 578 incessentes,
3504 506 3683 581 usque
3718 510 3797 567 ad

2213 603 2417 659 Gallias
2447 602 2747 659 ferocitatis
2776 618 2892 659 sua:
2912 603 3144 676 vestigia
3180 601 3565 658 dilataverunt.
3617 601 3793 675 (Hist.

2214 694 2392 767 misr.)
2428 693 2541 751 Hos
2569 696 2705 751 adeo
2739 694 3000 753 Romanis
3025 694 3253 751 infestos
3280 692 3556 751 Constans
3583 694 3794 764 Caesar,

2214 786 2358 841 ﬁlius
2386 784 2567 857 Magni
2590 785 2959 852 Constantini,
2996 786 3140 841 bello
3167 787 3458 857 oppressit,
3485 794 3541 842 et
3569 786 3795 842 tandem

2216 878 2462 933 Romano
2485 877 2713 949 imperio
2740 878 3015 948 subjectos
3058 878 3454 949 aliquantulum
3481 894 3518 933 a
3537 893 3641 934 sua
3667 876 3798 932 feri.

2214 980 2324 1028 tate
2350 970 2697 1027 mansueﬁeri
2727 971 2921 1042 coegit.
2944 969 3295 1042 Postaliquot
3314 986 3508 1038 annos,
3521 962 3796 1025 rebellan-

2215 1065 2361 1121 tibus
2407 1064 2598 1121 Alanis
2631 1071 2821 1119 contra
2870 1062 3313 1119 Valentinianum
3375 1056 3795 1133 imperatorem,

2215 1171 2339 1210 cum
2362 1169 2457 1211 eos
2486 1170 2595 1210 non
2617 1164 2805 1226 posset
2830 1154 3132 1226 imperator
3166 1156 3384 1226 penitus
3405 1154 3701 1221 debellare,
3727 1167 3797 1210 eo

2214 1248 2361 1318 quod
2390 1263 2484 1304 eos
2532 1246 2904 1303 intransihiles
2949 1245 3144 1303 Meotis
3191 1246 3414 1318 paludes
3450 1254 3793 1313 tutarentur,

2214 1337 2499 1409 proposuit
2522 1335 2963 1405 Valentinianus,
2992 1336 3161 1407 quod,
3197 1337 3244 1392 si
3271 1352 3380 1407 qua
3409 1351 3543 1408 gens
3569 1335 3674 1391 has
3699 1348 3798 1406 pao

2208 1433 2371 1490 ludes
2401 1434 2606 1489 intrare
2630 1440 2685 1488 et
2726 1431 2955 1488 rebelles
2988 1430 3191 1487 Alanos
3246 1438 3433 1502 posset
3486 1434 3798 1496 conterere,

2213 1527 2400 1584 decem
2424 1528 2583 1584 annis
2612 1543 2708 1584 eos
2742 1542 2771 1581 a
2799 1526 3015 1582 tributis
3039 1524 3240 1581 liberos
3266 1524 3534 1580 redderet.
3564 1520 3679 1577 Hac
3697 1536 3799 1597 pa-

2213 1619 2398 1676 ctione
2427 1616 2650 1690 Trojani
2694 1617 2880 1686 illecti,
2929 1626 2984 1673 et
3031 1615 3349 1672 fortitudine
3402 1623 3458 1671 et
3506 1612 3799 1685 prudentia

2218 1727 2316 1767 sua
2345 1710 2560 1778 conﬁsi,
2586 1710 2723 1766 duce
2749 1709 2967 1764 Priamo
2987 1708 3254 1764 Meotidas
3280 1705 3507 1778 paludes
3527 1701 3800 1761 Romanis

2218 1802 2393 1859 invias
2414 1801 2668 1874 ingressi,
2703 1801 3001 1856 Alanorum
3030 1810 3243 1872 gentem
3268 1798 3805 1876 exterminaverunt,

2215 1907 2269 1954 et
2303 1898 2377 1953 ita
2406 1894 2791 1952 Valentiniano
2816 1893 3218 1950 satisfecerunt.
3249 1889 3666 1946 Valentinianus
3697 1901 3801 1942 eoa

2215 2005 2338 2045 rum
2368 1988 2567 2043 virtute
2590 1986 2910 2054 delectatus,
2934 2000 3052 2053 cos,
3084 1984 3177 2056 qui
3211 1983 3367 2054 prius
3419 1980 3597 2037 vocati
3640 1985 3802 2034 erant

2214 2080 2460 2152 Trojani,
2492 2080 2685 2136 deinde
2713 2078 3097 2146 Antenoridas;
3145 2086 3335 2148 postea
3369 2076 3535 2131 etiam
3580 2071 3800 2128 Sicam-

2215 2172 2323 2239 bri,
2358 2171 2598 2228 Francos
2628 2170 2804 2226 Attica
2835 2169 3020 2242 lingua
3056 2167 3378 2239 appellavit,
3428 2163 3575 2236 quod
3601 2164 3659 2218 in
3688 2161 3799 2217 ιι-
3842 2204 3849 2211 .

2215 2264 2329 2319 tina
2374 2262 2560 2335 lingua
2614 2262 3003 2333 interpretatur
3057 2258 3289 2315 feroces.
3336 2255 3642 2331 (Funera)
3688 2253 3800 2310 Alii

2216 2355 2457 2412 Francos
2482 2357 2896 2427 cognominatos
2920 2353 3108 2409 dicunt
3129 2366 3159 2408 a
3185 2351 3422 2424 quodam
3452 2364 3643 2406 eorum
3668 2360 3800 2420 rege

2219 2446 2534 2514 Frantione,
2565 2445 2661 2517 qui
2691 2445 2746 2500 in
2768 2445 2911 2500 bello
2941 2444 3296 2510 fortissimus,
3334 2443 3463 2498 dum
3495 2456 3620 2496 cum
3651 2438 3799 2495 mul-

2221 2539 2293 2596 tis
2332 2538 2582 2612 gentibus
2608 2538 2945 2604 dimicasset,
2977 2537 3032 2592 in
3065 2534 3338 2607 Europam
3369 2534 3473 2590 iter
3493 2532 3715 2598 direxit,
3744 2539 3802 2587 et

2222 2634 2361 2689 inter
2405 2631 2712 2687 Danubium
2753 2639 2809 2687 et
2856 2626 3105 2686 Rhenum
3142 2626 3410 2695 consedit,
3440 2626 3626 2698 ibique
3664 2640 3799 2696 pro-

2221 2723 2407 2795 genies
2448 2722 2569 2793 ejus
2619 2721 2842 2789 coaluit,
2875 2719 3400 2790 nulliusquejngum
3442 2715 3715 2787 usquead
3746 2712 3803 2769 id

2222 2813 2482 2885 temporis
2507 2811 2784 2884 suscipere
2812 2811 3000 2866 voluit.
3029 2808 3268 2882 (Pnos‘r.)
3302 2806 3676 2883 Undecunque
3714 2819 3809 2860 er-

2223 2922 2291 2979 go
2320 2905 2655 2962 denominati
2694 2913 2823 2961 sunt
2858 2901 3091 2970 Franci,
3129 2910 3397 2973 quantum
3431 2894 3594 2955 altius
3640 2896 3809 2954 colli-

2223 3016 2349 3071 gere
2378 3008 2673 3070 potuerunt
2710 2996 3158 3068 bistoriographi,
3192 2994 3283 3050 hic
3309 2991 3565 3048 Priamus
3598 3006 3808 3063 regna-

2149 3116 2190 3172 C
2223 3091 2317 3147 hat
2356 3107 2521 3161 super
2569 3106 2665 3147 eos
2709 3097 2955 3160 tempore
3006 3087 3209 3159 prioris
3238 3083 3629 3140 Valentiniani.
3661 3081 3811 3139 Nam

2220 3201 2286 3241 ex
2330 3186 2449 3257 ipso
2477 3184 2622 3255 regis
2658 3184 2882 3240 nomine
2912 3184 3212 3240 recolentes
3264 3181 3603 3237 nobilitatem
3654 3178 3811 3236 illius

2222 3275 2450 3343 Priami,
2468 3276 2572 3332 sub
2595 3291 2706 3347 quo
2735 3290 2927 3332 eversa
2952 3282 3038 3332 est
3060 3274 3246 3347 Troja,
3270 3273 3395 3329 inde
3426 3271 3811 3345 gloriabantur

2222 3368 2399 3440 gentis
2435 3384 2548 3424 sum
2581 3383 2838 3424 manasse
2877 3366 3195 3439 primordia.
3252 3360 3459 3422 Exacto
3512 3364 3807 3431 decennio,

2221 3476 2346 3517 cum
2376 3469 2664 3517 exactores
2689 3467 2994 3531 repeterent
3025 3458 3233 3514 tributa
3260 3474 3291 3514 a
3321 3455 3569 3524 Francis,
3600 3455 3810 3513 Franci

2221 3570 2323 3626 pro
2354 3553 2625 3624 superiori
2657 3553 2883 3609 victoria
2928 3553 3339 3619 insolescentes,
3402 3549 3547 3607 etde
3589 3548 3813 3605 viribus

2220 3647 2344 3704 suis
2372 3655 2753 3718 presumentes
2778 3689 2793 3715 ,
2843 3662 2956 3703 non
2997 3646 3175 3703 solum
3217 3644 3421 3702 tributa
3446 3658 3670 3715 negare,
3709 3641 3812 3698 sed

2218 3739 2385 3795 etiam
2407 3737 2669 3794 Romanis
2688 3745 3012 3809 presumunt
3026 3736 3307 3794 rebellare.
3322 3734 3557 3790 Romani
3574 3732 3812 3789 collecto

2222 3833 2463 3887 exercitu
2494 3846 2659 3903 super
2694 3830 2936 3887 Francos
2964 3829 3211 3897 irruunt,
3242 3838 3297 3885 et
3323 3829 3498 3884 victos
3524 3812 3704 3901 usque
3738 3824 3814 3881 ad

2222 3920 2652 3978 internecionem
2685 3930 2995 3993 proterunt.

2295 4012 2510 4083 (Bene)
2547 4011 2794 4067 Britanni
2823 4013 2939 4068 sive
2968 4011 3238 4069 Brittones
3258 4053 3272 4078 ,
3304 4026 3334 4067 a
3366 4010 3565 4082 quibus
3593 4025 3811 4081 cogno-

2223 4105 2427 4161 minata
2453 4113 2539 4161 est
2564 4103 2847 4159 Britannia
2876 4102 3111 4159 Occeani
3139 4104 3340 4171 insula,
3369 4104 3463 4174 qui
3493 4118 3614 4158 eam
3645 4101 3809 4158 inco-

2221 4197 2462 4263 luerunt,
2485 4213 2515 4251 a
2533 4205 2779 4267 tempore
2801 4195 2865 4252 G.
2884 4195 3011 4252 Julii
3032 4195 3268 4253 Caesaris
3295 4212 3471 4267 usque
3497 4195 3565 4251 ad
3592 4211 3810 4251 annum

2224 4287 2437 4344 Domini
2453 4289 2576 4344 H3.
2600 4289 2702 4345 sub
2731 4289 2961 4360 imperio
2983 4287 3230 4345 Romano
3254 4288 3535 4359 degerunt.
3558 4286 3645 4356 Hi,
3660 4296 3806 4343 tem-

2222 4396 2355 4452 pore
2401 4378 2569 4437 Marci
2620 4379 2883 4436 Antonini
2912 4380 3074 4449 Veri,
3101 4381 3361 4437 instantia
3398 4379 3552 4436 Lucii
3580 4378 3807 4434 Britano

2225 4471 2440 4527 uiarum
2462 4470 2628 4543 regis,
2661 4488 2761 4543 per
2790 4473 3000 4544 legatos
3036 4471 3335 4528 Eleutherii
3364 4488 3519 4543 papze
3541 4472 3806 4543 mysteria

2225 4563 2643 4621 christianitatis
2691 4571 3083 4635 susceperunt,
3130 4563 3186 4618 in
3241 4578 3349 4634 qua
3395 4561 3563 4634 aliqui
3606 4576 3807 4617 eorum

2225 4669 2403 4725 usque
2455 4654 2701 4727 martyrii
2755 4669 3021 4711 coronam
3056 4654 3299 4725 provecti
3347 4662 3495 4710 sunt.
3530 4650 3636 4719 Qui
3673 4667 3806 4708 cum

2224 4745 2435 4802 crebris
2469 4755 2523 4801 et
2545 4762 2698 4817 pazne
2737 4745 3012 4802 continuis
3063 4744 3344 4800 Pictorum
3394 4741 3813 4799 incursionibus

2226 4834 2605 4909 fatigarentur,
2635 4845 2690 4894 et
2719 4836 2821 4908 ipsi
2851 4836 2921 4894 ad
2940 4836 3309 4893 resistendum
3340 4834 3579 4890 inimicis
3604 4832 3806 4889 imbel-

2226 4926 2308 4982 les
2334 4926 2671 4999 inabilesque
2696 4928 3052 4996 haberentur,
3081 4926 3315 4985 consilio
3339 4926 3485 4999 regis
3517 4924 3605 4981 sui
3631 4922 3811 4979 Verti-

2227 5018 2359 5089 ginii
2385 5028 2601 5089 gentem
2631 5018 2930 5091 Anglorum
2954 5035 2987 5075 a
3016 5018 3219 5076 finibus
3264 5016 3526 5073 Somnias
3546 5016 3807 5081 invitant,

2227 5124 2433 5180 eosque
2454 5119 2644 5166 contra
2674 5127 2865 5167 omnes
2895 5111 3136 5167 hostium
3188 5110 3432 5167 assultus
3483 5108 3807 5165 defensores

2227 5200 2332 5256 sibi
2352 5210 2567 5272 parant.
2599 5201 2785 5274 Angli,
2813 5217 2941 5260 cum
2972 5202 3293 5275 aliquandiu
3316 5210 3538 5259 strenue
3564 5207 3622 5269 et
3647 5198 3808 5255 forti-

2226 5299 2308 5348 ter
2328 5307 2426 5348 eos
2452 5292 2611 5349 tutati
2642 5292 2894 5360 fuissent,
2921 5293 3141 5349 tandem
3165 5292 3485 5349 dominandi
3506 5290 3809 5362 cupiditate

2224 5383 2417 5451 illecti,
2444 5393 2499 5440 et
2531 5385 2600 5441 ad
2629 5386 2736 5441 hoc
2763 5384 3136 5441 imbecillitate
3165 5399 3358 5439 eorum
3386 5383 3630 5449 adducti,
3661 5396 3806 5453 quos

2222 5473 2589 5532 tlefensandos
2617 5484 2997 5548 susceperant,
3030 5475 3153 5532 illos
3175 5475 3281 5532 sibi
3311 5475 3568 5532 subicere
3592 5473 3805 5530 delibe-

2222 5577 2367 5623 rant.
2426 5567 2561 5623 Tam
2613 5569 2852 5626 violenta
2899 5568 3165 5640 injustitia
3215 5566 3485 5639 indigenae
3530 5565 3803 5622 Brittanni

2225 5657 2544 5731 alienigenis
2565 5660 2750 5732 Anglis
2780 5660 3075 5732 snlijttgati,
3106 5659 3162 5716 in
3188 5659 3282 5729 jus
3303 5666 3360 5715 et
3380 5672 3581 5715 nomen
3611 5656 3803 5728 Angle-
