4046 6318
236 316 303 374 6t
1696 298 2065 359 cnnoruca.
3452 307 3523 364 θ,

237 443 366 486 rum
387 424 552 498 quasi
576 423 709 480 victi
734 426 1145 485 concesserunt,
1168 424 1222 474 et
1245 430 1528 488 nunquam
1548 415 1615 472 de
1637 414 1827 486 subju-
1858 417 1900 476 Α
1930 429 2026 469 eos
2052 411 2426 484 Agetmundus
2448 413 2521 468 9.5
2560 413 2739 473 annis.
2761 413 2890 484 Qui,
2922 414 3053 472 dum
3076 423 3263 489 ageret
3283 433 3345 474 se
3367 416 3521 490 justo

236 538 309 593 go
327 534 527 576 comm
546 533 609 574 se
635 523 893 573 excutere
922 519 1217 584 potuerunt
1239 511 1278 565 ί.

309 609 520 682 (lcum)
535 608 789 664 Wandali
800 611 1020 678 quoque
1028 605 1096 661 de
1108 602 1333 676 Scythia
1340 601 1580 669 oriundi,
1593 618 1626 658 a
1635 600 1830 659 Gothis

234 703 393 769 victi,
423 703 634 759 alienas
668 709 845 756 terras
870 697 1126 753 invadere
1150 704 1432 768 ceperunt,
1455 695 1552 766 qui
1578 710 1710 751 suas
1739 708 1827 749 re~

234 796 419 852 tinere
446 810 556 850 non
586 799 901 863 potuerunt.
932 788 1044 845 Hos
1070 788 1214 845 circa
1248 786 1558 843 Danubium
1584 800 1831 843 commo-

232 895 448 954 rantes,
485 901 705 941 rursum
759 891 882 953 post
922 882 1153 938 multum
1191 888 1409 952 tempus
1436 879 1691 936 Giberich
1721 877 1832 935 Go-

233 979 463 1035 thorum
492 993 593 1033 rex
618 975 761 1031 bello
787 974 963 1029 victos
1003 973 1129 1030 inde
1161 970 1493 1038 exturbavit,
1522 980 1579 1027 et
1614 969 1681 1026 ad
1727 969 1832 1025 hoc

234 1070 500 1144 perpulit,
530 1078 592 1125 ut
616 1084 757 1141 quas
800 1080 1026 1138 quoquo
1073 1064 1237 1121 modo
1279 1064 1482 1121 habere
1508 1063 1833 1120 videbantur

235 1161 448 1218 relictis
480 1159 726 1224 sedibus,
755 1157 1005 1212 Romano
1027 1154 1261 1226 imperio
1283 1169 1342 1209 se
1364 1153 1683 1221 subderent,
1712 1160 1769 1207 et
1797 1167 1827 1207 a

234 1252 608 1311 Constantino
638 1250 833 1322 Magno
861 1249 1043 1305 locum
1077 1247 1359 1304 habitandi
1394 1245 1496 1303 sibi
1535 1245 1655 1301 dari
1697 1260 1831 1316 sup-

236 1345 455 1416 pliciter
482 1352 745 1415 peterent.
779 1340 937 1408 Quod
976 1349 1032 1397 et
1061 1334 1509 1410 impetraverunt,
1540 1345 1594 1393 et
1617 1335 1832 1392 Panno-

235 1438 361 1493 nias
374 1436 449 1492 ab
474 1449 544 1491 eo
563 1434 667 1491 sibi
690 1434 964 1505 delegatas
987 1447 1085 1503 per
1107 1430 1391 1503 sexaginta
1416 1445 1591 1485 annos
1609 1428 1834 1500 pacifice

234 1528 707 1585 inhabitaverunt.
744 1523 899 1581 Unde
924 1540 1070 1580 anno
1093 1523 1351 1579 Archadii
1380 1522 1468 1577 15.
1498 1532 1553 1579 et
1581 1520 1829 1579 Honorii.

231 1619 448 1677 evocati
476 1620 740 1676 instinctu
774 1616 1054 1673 Stilieonis
1098 1615 1452 1672 rebellionem
1485 1623 1676 1671 contra
1714 1630 1830 1670 rem

232 1713 517 1785 publicam
541 1712 878 1777 meditantis,
905 1708 1225 1766 infuderunt
1246 1725 1305 1765 se
1330 1724 1428 1781 per
1450 1707 1675 1778 Gallias,
1702 1709 1824 1780 jun-

233 1806 338 1863 ctis
366 1806 477 1862 sibi
507 1804 718 1871 Alanis,
748 1817 954 1874 easque
996 1800 1313 1874 aliquandiu
1350 1801 1660 1858 miserrime
1693 1802 1831 1859 dila—

232 1906 583 1955 ceraverunt.
615 1894 794 1951 Etiam
825 1894 951 1950 inde
985 1908 1082 1949 eos
1119 1892 1461 1964 expellebant
1503 1891 1689 1960 Gothi,
1723 1909 1830 1949 non

230 1988 458 2060 quidem
493 1987 894 2059 prospicientes
931 1985 1232 2042 Galliarum
1269 1984 1462 2056 quieti,
1507 1984 1602 2042 sed
1632 2000 1832 2041 vacue-

230 2080 502 2140 facientes
522 2080 757 2150 patriam
783 2094 898 2135 sum
925 2078 1232 2158 rapacitati.
1258 2076 1513 2134 Wandali
1538 2076 1833 2150 Hispanias

230 2172 505 2245 aggressi,
547 2186 697 2226 nunc
731 2169 1044 2241 Hispanias,
1074 2185 1223 2225 nunc
1255 2168 1461 2225 Gallias
1490 2169 1665 2226 multo
1695 2177 1834 2225 tem-

229 2280 364 2337 pore
383 2263 701 2336 depopulati
728 2272 885 2332 sunt;
913 2264 1007 2319 sed
1035 2277 1136 2319 nec
1162 2263 1237 2318 ibi
1266 2278 1299 2318 a
1343 2261 1537 2319 Gothis
1567 2262 1669 2319 tuti
1708 2276 1833 2319 esse

230 2367 555 2431 potuerunt.
593 2356 805 2429 Quippe
826 2358 956 2429 quia
988 2356 1150 2413 Gothi
1180 2356 1349 2412 nimis
1373 2354 1583 2413 Italiam
1626 2354 1833 2426 inquie-

230 2454 460 2519 tabant;
515 2451 829 2518 Heiiorius,
878 2450 1177 2507 deliberante
1218 2467 1344 2507 cum
1410 2452 1528 2508 suis
1574 2449 1828 2516 consilio,

231 2544 530 2617 Hispanias
556 2552 612 2600 et
635 2543 860 2611 Gallias,
890 2560 1029 2615 quas
1060 2543 1165 2599 sibi
1208 2559 1240 2598 a
1284 2542 1570 2600 Wandalis
1599 2542 1833 2614 aliisque

228 2638 490 2708 gentibus
530 2645 825 2707 prmreptas
863 2636 1102 2704 dolebat,
1146 2637 1342 2692 Gothis
1386 2646 1504 2693 rata
1532 2637 1830 2693 confirma-

228 2728 380 2785 tione
401 2729 649 2785 don'avit.
675 2728 815 2785 Cum
848 2744 981 2801 ergo
1022 2728 1188 2785 Gothi
1216 2744 1250 2785 a
1279 2729 1481 2786 ﬁnibus
1511 2729 1614 2785 sibi
1654 2727 1830 2800 depu-

231 2822 363 2883 tatis
386 2820 690 2879 Wandalos
719 2822 966 2893 aliosque
996 2822 1183 2878 hostes
1200 2821 1440 2894 eﬂugarc
1469 2831 1829 2889 maturarent,

229 2923 283 2969 et
333 2913 597 2969 Wandali
653 2913 896 2985 undique
947 2913 1195 2969 conclusi
1254 2914 1454 2985 timore
1520 2914 1829 2972 Gothorum

230 3012 558 3069 restuarent,
589 3003 828 3074 peccatis
878 3004 1068 3076 populi
1115 3004 1469 3074 facientibus,
1523 3006 1744 3078 inopina
1776 3016 1831 3062 et

1932 503 2218 574 securius,
2270 520 2302 562 a
2352 504 2677 579 Bulgaribus
2733 522 2857 564 cum
2916 506 3103 564 multis
3156 524 3387 565 suorum
3438 519 3523 567 est

1930 596 2221 677 extinctus.
2256 594 2529 654 Lamissio
2554 598 2801 670 regnavit
2825 599 3121 667 secundus,
3148 608 3202 656 et
3242 608 3367 672 post
3390 618 3520 657 eunt

1932 691 2002 747 40
2026 691 2187 748 annis
2230 692 2476 765 regnavit
2521 692 2696 749 Lethu
2736 694 2951 762 tertius,
2981 692 3235 751 lldehoch
3266 705 3519 767 quartus,

1931 784 2152 840 Gudeoc
2179 785 2427 855 quintus,
2462 801 2529 841 eo
2574 797 2817 857 tempore
2846 800 2958 857 quo
2987 784 3234 843 Odoacer
3258 788 3524 859 regnabat

1930 873 1989 930 in
2040 873 2213 934 Italia.
2262 875 2464 933 Sextus
2501 876 2985 949 Langobardorum
3031 894 3126 935 rex
3175 878 3280 936 fuit
3326 880 3521 948 Glaﬂ’o,

1933 968 2200 1039 septimus
2239 966 2398 1037 Tato,
2442 979 2672 1027 octavus
2713 969 3028 1039 \Valtarith,
3072 987 3251 1029 nonus
3280 974 3522 1041 Audoin,

1933 1064 2028 1132 qui
2053 1061 2445 1135 Langobardos
2474 1063 2529 1118 in
2561 1062 2901 1120 Pannoniam
2939 1065 3124 1133 duxit;
3154 1066 3403 1125 det-imus
3432 1067 3526 1123 Al-

1931 1153 2082 1222 boin,
2121 1155 2238 1226 qui,
2270 1156 2605 1213 transductis
2637 1157 2693 1212 in
2725 1155 2935 1213 Italiam
2990 1157 3385 1231 Langobardis,
3433 1168 3524 1217 re'-

1934 1263 2102 1319 gnum
2131 1263 2323 1304 eorum
2354 1249 2429 1304 ibi
2461 1249 2777 1307 ﬁrmissime
2807 1251 3088 1307 stabilivit.
3420 1242 3427 1251 ’

2008 1338 2212 1412 (lenm)
2248 1340 2319 1396 At
2369 1340 2695 1409 Gothorum,
2741 1343 2835 1413 qui
2884 1344 3027 1414 apud
3076 1343 3334 1415 antiquos
3381 1344 3530 1402 Getae

1934 1434 2066 1492 dicti
2089 1442 2240 1502 sunt,
2262 1435 2467 1506 quique
2501 1444 2691 1507 postea
2722 1435 2905 1503 divisi,
2929 1436 3041 1492 duo
3067 1452 3133 1493 ex
3164 1452 3223 1493 se
3247 1453 3437 1509 regna,
3471 1440 3529 1496 id

1934 1536 2020 1583 est
2049 1525 2506 1599 Ostrogotharum
2545 1537 2600 1583 et
2649 1527 3099 1600 Wisigotharum,
3156 1528 3423 1598 fecerunt,
3455 1539 3526 1588 ta-

1936 1620 2042 1675 lem
2074 1620 2339 1692 originem
2374 1620 2545 1677 fuisse
2575 1621 2938 1693 cognovimus
2979 1636 3046 1678 ex
3074 1620 3303 1679 historia
3331 1621 3531 1679 Iorda-

1935 1710 2045 1767 nis.
2078 1708 2173 1767 Isti
2217 1710 2506 1768 Scanciam
2546 1710 2786 1785 Scythiae
2810 1711 3048 1769 insulam
3079 1713 3260 1785 primo
3288 1713 3531 1770 incolued

1932 1810 2081 1859 runt.
2106 1802 2279 1875 Cujus
2302 1802 2654 1875 possessione
2684 1820 2794 1860 non
2839 1803 3108 1871 contenti,
3132 1819 3258 1859 cum
3282 1819 3410 1876 rege
3431 1820 3530 1861 eo-

1930 1907 2056 1948 rum
2084 1891 2277 1951 Bcrich
2317 1893 2444 1949 inde
2470 1894 2743 1961 exierunt,
2780 1903 2835 1950 et
2859 1894 3072 1950 vicinas
3107 1892 3347 1965 Scy1hite
3371 1892 3528 1948 insu-

1931 1984 2016 2041 las
2039 1994 2093 2040 et
2120 1993 2297 2040 terras
2319 1993 2695 2057 peragrantes,
2721 1984 2933 2040 vicinas
2960 1992 3150 2055 gentes
3175 1981 3334 2039 bellis
3355 1983 3533 2039 laces-

1932 2077 2146 2144 sebant,
2173 2085 2228 2132 ct
2253 2084 2464 2132 terrore
2507 2076 2750 2132 nominis
2787 2076 2874 2133 sui
2906 2075 3169 2130 ﬁnitimas
3203 2082 3394 2146 gentes
3422 2074 3530 2129 sibi

1933 2171 2279 2243 subigebant.
2335 2168 2467 2227 Post
2508 2170 2614 2227 sub
2659 2168 2917 2226 Filimere
2943 2169 3139 2241 quinto
3176 2182 3302 2241 rege
3328 2182 3430 2224 suo
3463 2166 3532 2223 ad

1933 2265 2193 2321 ulteriora
2224 2264 2462 2338 Scythia:
2487 2264 2787 2336 progressi,
2836 2262 2905 2319 ad
2941 2261 3223 2319 citeriores
3249 2277 3427 2334 usque
3448 2259 3527 2315 ri-

1933 2372 2031 2430 pas
2088 2356 2340 2424 Danubii,
2381 2364 2554 2413 terras
2593 2355 2827 2423 Traeize,
2873 2354 3072 2423 Dacite,
3115 2353 3406 2426 Mesizeqne
3429 2352 3526 2409 diu

1933 2450 2094 2523 longe
2120 2451 2333 2520 lateque
2357 2457 2486 2507 sunt
2508 2450 2806 2522 pervagati.
2837 2447 2913 2505 Ibi
2937 2463 3034 2520 per
3068 2447 3239 2502 multa
3259 2453 3529 2517 tempora,

1932 2544 2103 2599 immo
2126 2556 2223 2614 per
2243 2542 2416 2597 multa
2438 2541 2661 2609 s:ecula,
2689 2541 2743 2596 in
2772 2548 2990 2613 gentem
3017 2553 3274 2611 magnam
3305 2537 3529 2594 coalue-

1933 2644 2083 2702 runt,
2135 2641 2192 2690 et
2234 2632 2437 2689 multas
2470 2630 2658 2705 gentes
2706 2630 2955 2691 victoriis
3002 2630 3120 2687 suis
3169 2629 3528 2701 applicantes,

1932 2741 2134 2784 nomen
2168 2735 2223 2782 et
2252 2724 2629 2781 fortitudinem
2674 2740 2830 2781 suam
2860 2723 3354 2795 anipliticavcrunt.
3384 2720 3531 2778 Viri-

1934 2812 2036 2876 bus
2058 2819 2325 2891 vigentes,
2349 2818 2570 2891 ingenio
2600 2817 2883 2884 callentes,
2920 2814 3282 2888 philosophiae
3310 2830 3530 2887 quoque

1930 2911 2237 2983 disciplinis
2257 2911 2480 2981 eruditi,
2511 2910 2756 2967 nativam
2785 2909 3095 2965 barbariem
3122 2917 3403 2976 eruentes,
3432 2906 3530 2961 huc-

1933 3003 2195 3060 manitate
2233 3014 2287 3060 ct
2312 3006 2603 3060 honestate
2630 3004 2753 3060 aliis
2780 3001 3084 3059 barbaricis
3123 3001 3378 3073 gentibus
3405 3016 3528 3072 pre-

230 3105 386 3168 grata
419 3094 662 3152 occurrit
689 3095 772 3150 eis
818 3093 1092 3151 felicitatis
1121 3092 1486 3166 oportunitas.
1515 3092 1652 3153 Nam
1690 3096 1832 3171 inter
1859 3108 1904 3173 ε
1935 3096 2239 3153 mittebant.
2264 3095 2532 3169 Tempore
2561 3106 2741 3152 autem
2768 3094 2915 3152 Decii
2947 3094 3314 3166 imperatoris,
3344 3103 3525 3151 trans-

230 3186 594 3245 Bonefacium
619 3185 941 3242 etAethium
965 3186 1241 3244 Romanos
1262 3186 1431 3244 duces
1453 3202 1549 3258 per
1571 3188 1831 3244 invidiam

229 3288 355 3336 orta
384 3278 693 3345 simultate,
724 3277 1055 3337 Bonefacius
1084 3277 1261 3334 factus
1290 3277 1537 3344 inferior,
1568 3294 1696 3334 cum
1726 3279 1830 3335 do-

226 3373 407 3429 ἰοί-ειη
436 3387 554 3427 suae
577 3371 791 3442 injuria:
816 3370 1200 3429 nollet.ulcisci
1227 3369 1336 3426 nisi
1376 3371 1580 3427 damno
1608 3379 1663 3426 et
1686 3372 1803 3442 peri

226 3466 357 3519 culo
389 3464 471 3519 rei
501 3463 758 3535 publica},
782 3463 849 3519 ad
885 3461 1176 3534 Ilispanias
1202 3462 1476 3531 transivit,
1513 3472 1569 3518 et
1589 3462 1830 3519 Wanda-

229 3554 311 3608 los
339 3552 416 3608 ad
458 3552 839 3623 occupandam
872 3551 1084 3607 Libiam
1136 3561 1192 3608 et
1241 3551 1505 3608 Africam
1555 3552 1827 3610 invitavit.

228 3646 352 3712 Quo
379 3660 511 3700 cum
542 3645 935 3716 pervolassent,
964 3645 1036 3700 ibi
1061 3662 1289 3718 regnum
1312 3662 1476 3702 suum
1497 3648 1671 3704 multo
1693 3657 1832 3705 tem-

230 3752 365 3816 pore
407 3737 894 3805 conﬁrmaverunt,
941 3747 996 3793 et
1020 3738 1204 3794 divina
1232 3748 1287 3794 et
1312 3742 1551 3796 humana
1581 3742 1701 3797 sine
1730 3741 1830 3797 ali-

229 3844 340 3901 quo
406 3836 662 3899 respectu
720 3827 1081 3885 humanitatis
1127 3828 1211 3883 vel
1258 3828 1559 3886 divinitatis
1612 3838 1830 3902 pertur-

229 3921 527 3977 baverunt.
668 3914 677 3923 ”

301 4014 501 4084 (Ρλει.
539 4010 719 4084 Diae.)
747 4011 1104 4075 Winilorum,
1138 4012 1233 4084 qni
1273 4023 1461 4085 postea
1506 4014 1681 4085 patria
1723 4014 1829 4069 lin-

228 4123 335 4183 gua
379 4105 728 4177 Langobardi
761 4122 792 4161 a
814 4106 994 4178 longis
1023 4105 1209 4162 barbis
1242 4106 1417 4162 vocati
1441 4117 1590 4176 sunt,
1621 4117 1827 4164 certam

227 4200 455 4271 quidem
470 4199 736 4271 originem
760 4199 1012 4270 legimus,
1038 4200 1133 4256 sed
1154 4209 1366 4256 eertum
1386 4200 1617 4273 originis
1636 4215 1828 4258 eorum

230 4298 451 4361 tempus
494 4305 606 4345 non
650 4290 980 4347 invenimus.
1011 4288 1151 4346 Nam
1180 4307 1336 4364 reges
1375 4308 1637 4365 regnasse
1665 4309 1830 4365 super

1935 3189 2011 3245 ito
2065 3188 2316 3247 Danubio
2344 3206 2470 3247 cum
2502 3189 2674 3247 Gniva
2703 3204 2828 3261 rege
2855 3203 2978 3256 suo,
3013 3187 3253 3261 graviter
3296 3178 3527 3255 incuba-

1932 3281 2065 3338 bant
2087 3281 2337 3340 Romano
2365 3283 2614 3355 imperio.
2662 3281 2767 3350 Qui
2812 3297 2843 3337 a
2900 3280 3065 3337 Decio
3095 3280 3327 3353 impetiti
3356 3279 3523 3347 bello,

1932 3374 2175 3431 exercitu
2206 3374 2581 3431 Romanorum
2643 3374 2896 3447 protrito,
2925 3374 3107 3446 ipsum
3139 3372 3365 3429 Decium
3403 3388 3527 3445 per-

1931 3471 2185 3520 emerunt
2209 3480 2335 3521 cum
2357 3464 2469 3519 tilio
2499 3464 2686 3521 Decio.
2715 3462 2829 3521 [lac
2858 3464 3117 3521 felicitate
3141 3464 3271 3521 elati
3297 3473 3352 3521 et
3385 3479 3529 3535 saepe

1934 3567 2120 3628 postea
2157 3555 2213 3611 in
2257 3570 2557 3627 congressu
2606 3555 2873 3612 Romanis
2923 3557 3161 3615 ducibus
3209 3557 3525 3629 superiores

1930 3648 2127 3718 ell‘ccti,
2156 3648 2256 3705 toti
2306 3648 2427 3704 orhi
2461 3647 2709 3704 Romano
2733 3657 2893 3704 erant
2934 3650 3153 3705 terrori.
3200 3650 3297 3707 Isti
3346 3650 3528 3706 adhuc

1934 3750 2089 3798 trans
2114 3740 2425 3797 Danubium
2452 3739 2756 3808 constituti,
2800 3749 3048 3813 tempore
3079 3739 3325 3797 Valentis
3352 3742 3527 3811 impe-

1932 3834 2130 3890 raton's
2156 3841 2441 3905 cmperunt
2465 3833 2613 3889 civili
2659 3834 2802 3890 bello
2849 3834 2990 3889 inter
3018 3848 3078 3890 se
3120 3833 3322 3890 collidi.
3353 3832 3526 3890 Atha-

1930 3926 2132 3982 laricus
2158 3926 2267 3982 dux
2296 3926 2459 3982 unius
2486 3925 2659 3998 partis
2679 3942 2805 3982 cum
2837 3926 3195 3997 prevaluisset
3209 3924 3522 3997 Fritigerno

1929 4018 2053 4075 duci
2083 4018 2308 4075 alterius
2332 4018 2526 4091 partis,
2557 4017 2901 4090 Fritigernus
2936 4035 2966 4074 a
2995 4018 3225 4074 Valente
3254 4018 3525 4074 auxilium

1931 4111 2085 4183 petit,
2108 4111 2470 4167 christianum
2495 4126 2555 4166 se
2583 4110 2698 4167 ﬁeri
2720 4111 3005 4181 promittit.
3036 4110 3232 4167 Valens
3254 4111 3523 4167 auxilium

1931 4204 2118 4270 mittit,
2139 4218 2344 4275 eosque
2371 4202 2429 4259 in
2457 4212 2664 4259 sectam
2678 4202 3062 4272 Arrianorum,
3090 4204 3362 4262 Arrianus
3384 4206 3521 4277 ipse,

1933 4291 2119 4350 induci
2145 4292 2291 4349 fecit.
2335 4293 2496 4349 Anno
2526 4293 2616 4348 I5”
2648 4291 2895 4349 Valentis
2926 4292 3091 4361 Huni,
3118 4294 3214 4365 qui
3254 4302 3310 4350 et
3332 4293 3434 4365 ipsi
3467 4294 3522 4350 in

228 4398 327 4438 eos
354 4382 613 4455 legimus,
650 4398 886 4453 quorum
928 4383 1091 4438 etiam
1125 4384 1351 4439 nomina
1387 4384 1701 4453 didicimus,
1730 4386 1825 4443 sed
1855 4451 1895 4459 _
1935 4385 2158 4459 Scythia
2204 4394 2454 4457 potenter
2508 4385 2959 4442 dehachahantur
3006 4395 3172 4457 atque
3224 4385 3481 4444 ferociter
3503 4428 3520 4454 ,

225 4490 407 4538 annos
452 4475 608 4547 regni
649 4491 842 4531 eorum
874 4492 966 4547 per
1000 4483 1246 4547 tempora
1274 4476 1564 4536 distinctos
1596 4494 1706 4535 non
1737 4478 1820 4534 in-
1855 4451 1904 4513 D
1931 4477 2077 4559 nacti
2107 4476 2536 4548 oportunitatem
2582 4492 2648 4531 ex
2696 4470 2956 4532 intestina
2999 4473 3305 4532 Gothorum
3335 4477 3526 4532 simul-

225 4568 506 4623 venimus.
539 4565 606 4622 Hi
643 4567 700 4622 in
739 4567 1103 4625 Seaudinavia
1135 4567 1373 4642 Scythia:
1407 4570 1586 4627 insula
1621 4573 1824 4645 degen—

228 4668 329 4725 tes,
363 4675 498 4715 cum
530 4658 604 4714 ita
652 4659 998 4731 multiplicati
1048 4671 1251 4730 essent,
1296 4671 1358 4717 ut
1388 4679 1484 4720 eos
1529 4672 1673 4721 terra
1721 4680 1821 4722 sua

226 4766 427 4822 capere
463 4768 573 4807 non
605 4762 808 4823 posset,
841 4753 1159 4825 egressione
1187 4755 1359 4811 tertia:
1380 4758 1554 4831 partis
1578 4758 1824 4816 minuere

227 4840 639 4896 multitudinem
669 4842 963 4897 consilium
988 4844 1318 4914 habuerunt,
1343 4856 1398 4903 et
1421 4849 1645 4924 quinam
1676 4851 1825 4907 exire

225 4933 512 4998 deberent,
544 4933 711 4989 missa
743 4943 889 4989 sorte
917 4935 1306 5011 qmesiveruut.
1335 4939 1481 5013 Ergo
1511 4943 1669 4998 tertia
1695 4959 1823 5015 pars

227 5031 588 5098 \Viniloruni,
632 5043 794 5103 prout
833 5050 930 5091 eos
964 5035 1131 5092 missa
1160 5052 1281 5093 sors
1300 5037 1553 5108 elegerat,
1587 5036 1823 5094 ducibus

223 5126 405 5196 Agion
424 5134 479 5181 et
509 5123 634 5180 Ibor
653 5125 720 5182 de
749 5126 1111 5189 Scandinavia
1144 5129 1322 5185 insula
1345 5129 1573 5202 egressi,
1600 5129 1668 5186 de
1701 5130 1822 5186 loco

224 5216 276 5271 in
308 5217 499 5273 locum
535 5215 703 5283 ibant,
746 5218 939 5274 incerti
971 5230 1026 5276 et
1071 5220 1413 5293 vagabnndi;
1458 5229 1514 5277 et
1548 5236 1580 5277 τι
1632 5222 1821 5279 multis

225 5322 368 5378 sepe
414 5306 577 5363 bellis
626 5308 877 5380 impetiti,
910 5312 1161 5380 viriliter,
1193 5312 1323 5384 quia
1367 5328 1468 5385 pro
1496 5312 1681 5368 anima
1732 5329 1822 5372 res

225 5409 342 5456 erat
384 5401 517 5466 illis,
549 5402 779 5458 salutem
807 5413 863 5460 et
891 5404 1193 5461 libertatem
1245 5422 1402 5462 suam
1438 5406 1819 5465 defendebant.

231 5487 401 5547 Porro
422 5491 604 5565 Agion
629 5502 685 5549 et
706 5493 831 5551 lbor
859 5497 1111 5565 mortuis,
1144 5497 1390 5570 regnavit
1415 5498 1628 5570 primus
1655 5514 1821 5570 super

1930 4579 2060 4636 tate,
2110 4570 2248 4623 lines
2276 4582 2467 4623 eorum
2517 4583 2581 4622 ex
2636 4565 2938 4643 improviso
2989 4566 3272 4634 invadunt,
3315 4581 3523 4637 eosque

1926 4662 2072 4718 bello
2097 4660 2270 4716 victos
2319 4667 2414 4714 aut
2466 4659 2569 4715 sibi
2601 4658 2917 4731 sulijugant,
2951 4666 3047 4713 aut
3090 4659 3405 4729 captivitate
3433 4676 3524 4715 ex-

1928 4752 2201 4819 cruciant,
2233 4757 2330 4806 aut
2357 4749 2533 4820 patria
2554 4748 2861 4805 eliminanl.
2884 4748 2960 4804 Ita
2986 4748 3173 4818 Gothi,
3195 4750 3290 4822 qui
3319 4751 3522 4809 multas

1929 4854 2117 4918 gentes
2145 4842 2503 4901 subdiderant
2534 4858 2635 4899 suo
2669 4840 3250 4909 scrvitio'JIunorum
3275 4843 3520 4899 subdun-

1932 4948 2021 4995 tur
2047 4936 2312 5003 dominio,
2344 4944 2400 4992 et
2444 4934 2608 4993 nimis
2635 4951 2827 4992 eorum
2873 4936 3175 5007 potentiam
3220 4935 3518 5009 adaugent,

1928 5031 2061 5088 dum
2102 5043 2296 5087 omnes
2322 5028 2420 5101 qui
2460 5027 2656 5085 Gothis
2687 5029 3017 5096 serviebant,
3050 5045 3146 5100 per
3171 5027 3381 5087 Gothos
3402 5027 3519 5086 Hu-

1931 5138 2124 5179 norum
2150 5121 2478 5193 principatui
2501 5132 2709 5192 parent.
2734 5112 2941 5178 Taliter
2956 5120 3099 5178 Huni
3123 5121 3176 5179 in
3200 5123 3351 5197 omni
3375 5112 3514 5195 pene

1930 5214 2152 5289 Scythia
2189 5213 2495 5285 principatu
2534 5222 2591 5270 et
2623 5212 2945 5270 fortitudine
2987 5214 3203 5271 cunctis
3242 5215 3515 5286 promine-

1929 5309 2082 5365 bant.
2115 5305 2279 5363 Gothi
2314 5305 2440 5363 victi
2487 5306 2689 5377 partim
2727 5322 2808 5370 se,
2848 5304 3099 5363 Danubio
3146 5308 3397 5372 transito,
3430 5304 3485 5359 in

1929 5411 2221 5477 gesserunt
2259 5400 2460 5458 finibus
2482 5400 2716 5457 Romani
2761 5401 2998 5474 imperii,
3027 5411 3082 5459 et
3108 5420 3139 5459 a
3175 5400 3394 5457 Valente
3424 5416 3515 5473 pe-

1927 5498 2137 5556 tierunt
2175 5504 2382 5553 terram
2429 5495 2498 5553 ad
2547 5494 2968 5554 inhabitantium
3000 5497 3105 5555 sibi
3132 5495 3275 5552 dari.
3304 5495 3422 5565 Qua
3452 5512 3513 5554 re

1540 5590 1776 5648 VARUE
1816 5588 2221 5649 LECTIONES.

304 5675 317 5706 '
347 5675 568 5760 Horupa_
587 5679 704 5760 loco
723 5681 790 5760 {Ie
811 5681 1089 5739 Britannis
1117 5683 1576 5760 interpolatianem
1604 5702 1670 5742 ea:
1690 5684 2153 5760 Galfridoilmbcnt
2178 5683 2321 5738 Dl".
2343 5681 2482 5739 E8h.
2512 5684 2733 5759 indeque
2758 5684 3012 5742 cdiliorm
3040 5693 3236 5760 praeter
3264 5685 3501 5745 Hii-teut!

233 5762 426 5805 omna.
504 5750 784 5810 ’dominio
819 5767 1173 5828 superscripto
1198 5750 1265 5813 αὗ
1289 5757 1472 5815 eadem
1505 5774 1663 5816 manu
1692 5750 1917 5820 servitio
1952 5759 2019 5829 1.,
2046 5756 2121 5811 nil
2138 5769 2451 5828 crpnngrns.
