4046 6318
535 311 604 369 63
1716 301 2078 361 810Ιίωείῐίῒί
2118 292 2645 357 GEMBLACENSIS
3742 301 3813 358 64

538 427 845 495 impetrata,
905 441 1030 481 eum
1096 424 1414 495 aliquandiu
1474 439 1533 480 se
1583 421 1987 479 continuissent
2056 418 2125 474 ab
2158 425 2200 480 Α
2231 417 2553 487 percipiant,
2599 415 2842 473 vulneris
2888 425 3155 487 cogantur
3205 414 3394 473 sumre
3439 414 3812 474 tolerantiam.

535 516 685 570 onmi
708 532 987 570 armorum
1017 515 1327 581 insolentia,
1359 515 1575 570 laudent
1592 513 1963 581 Romanorum
1989 506 2121 568 ava4

536 607 662 663 ritia
683 608 859 665 coacti
891 617 946 663 et
970 610 1047 663 rei
1079 608 1368 662 familiaris
1414 606 1619 678 inopia,
1647 606 1701 661 in
1752 605 1871 676 ipso
1908 601 2125 675 imperii

537 699 623 754 sui
657 699 783 755 sinu
812 699 998 771 gravia
1023 700 1436 756 concitaverunt
1467 698 1657 769 prelia.
1688 696 1901 765 Quibus
1925 695 2125 752 Valens

538 793 836 863 imperator
864 808 1182 860 occurrens,
1205 792 1347 848 bello
1378 793 1553 847 victus
1579 791 1648 846 ab
1673 791 1755 846 eis
1777 799 1831 846 et
1859 789 1965 861 igni
2003 805 2123 846 crc-

540 896 751 961 matus,
772 886 924 957 justo
952 885 1046 941 Dei
1071 886 1302 956 judicio,
1341 885 1416 941 rei
1440 885 1654 956 publice
1682 884 1906 939 nimiam
1943 882 2128 939 intulit

540 974 1062 1043 ineommoditatezn,
1087 976 1337 1032 hostibus
1364 992 1491 1032 vero
1526 968 1681 1031 auxit
1713 976 2026 1031 elationem.
2060 973 2127 1030 Hi

539 1088 670 1140 ergo
694 1071 876 1139 Gothi,
901 1071 993 1143 qui
1024 1071 1274 1127 Romano
1305 1072 1535 1141 imperio
1563 1070 1922 1136 incubabant,
1957 1068 2127 1126 Wisi-

541 1166 734 1235 gothas
766 1178 843 1231 se’,
877 1165 929 1219 id
964 1174 1047 1221 est
1072 1165 1440 1222 occidentales
1482 1164 1714 1231 Gothos,
1745 1164 2126 1232 nominabant,

538 1267 594 1312 et
618 1274 714 1328 per
744 1259 944 1314 multos
964 1272 1150 1314 annos
1182 1259 1546 1313 occidentales
1575 1257 1952 1312 Romanorum
1993 1258 2129 1314 lines

542 1368 717 1422 usque
742 1352 809 1406 ad
834 1352 980 1422 ipsas
1011 1352 1297 1406 ulteriores
1325 1350 1620 1421 Hispanias
1645 1350 1999 1415 infestabant,
2037 1350 2125 1404 ubi

539 1446 703 1499 etiam
764 1445 1115 1516 postmodum
1173 1445 1227 1499 in
1287 1460 1514 1516 regnum
1567 1443 1908 1515 coaluerunt.
1962 1442 2128 1500 Porro

540 1539 725 1603 Gothi,
756 1538 850 1609 qui
875 1538 928 1592 in
967 1539 1143 1609 patrio
1167 1538 1284 1593 solo
1311 1548 1462 1595 trans
1485 1539 1793 1595 Danubium
1818 1540 1922 1596 sub
1947 1538 2131 1594 Huno-

542 1649 665 1687 rum
692 1633 935 1688 dominio
965 1648 1247 1689 remanere
1292 1634 1438 1706 passi
1475 1644 1622 1701 sunt,
1655 1635 1874 1706 regulos
1908 1635 2125 1705 quidem

542 1741 656 1781 sua:
701 1726 877 1797 gentis
910 1726 1240 1792 habuerunt,
1290 1736 1343 1781 et
1389 1742 1507 1781 sese
1536 1724 1915 1798 Ostrogothas,
1956 1724 2009 1797 id
2046 1736 2129 1783 est

2227 506 2365 564 Hinc
2395 507 2666 563 imberbes
2694 516 3006 574 senescunt,
3057 516 3112 563 et
3156 508 3275 563 sine
3321 515 3610 564 venustate
3637 508 3816 568 επεῢί

2225 609 2383 665 sunt;
2418 598 2546 669 quia
2568 597 2737 655 facies
2755 597 2900 654 ferro
2927 599 3546 671 sulcata,tempcstivam
3574 601 3816 672 pilorum

2226 691 2458 762 gratiam
2490 691 2745 747 cicatrice
2789 692 3049 747 absumit.
3092 690 3288 763 Exigui
3337 690 3558 762 quidem
3611 691 3815 761 forma,

2227 782 2320 837 sed
2377 785 2576 855 arguti,
2630 783 2870 839 motibus
2916 782 3172 853 expediti,
3221 792 3275 838 et
3331 783 3401 838 ad
3449 783 3818 853 equitandum

2223 874 2642 946 promptissimi,
2677 876 2916 946 scapulis
2947 875 3091 942 latis,
3115 885 3169 930 et
3196 876 3264 930 ad
3285 891 3449 932 arcus
3473 876 3820 948 sagittasque

2228 969 2424 1037 parati,
2451 966 2758 1024 cervicibus
2781 969 2973 1036 llrmis,
2997 980 3054 1024 et
3079 969 3335 1038 superbia
3366 983 3583 1039 semper
3619 969 3813 1026 erecti.

2228 1059 2433 1133 (lentu)
2462 1060 2525 1116 lii
2555 1078 2681 1117 vero
2708 1050 2811 1117 sub
2834 1062 3114 1117 hominum
3142 1061 3337 1133 ﬁgura,
3356 1061 3547 1117 vivunt
3574 1062 3816 1117 belluina

2227 1153 2457 1208 smvitia.
2506 1152 2624 1208 Tali
2671 1169 2801 1224 ergo
2846 1153 3016 1223 stirpe
3060 1153 3325 1223 procreati
3381 1151 3545 1220 Huni,
3597 1154 3817 1210 cunctis

2224 1244 2425 1300 vicinis
2452 1246 2704 1317 gentibus
2745 1255 2898 1301 erant
2927 1245 3141 1300 horrori
3179 1255 3230 1300 et
3272 1244 3571 1301 formidini.
3606 1245 3813 1301 [lorum

2232 1335 2527 1413 potentiam
2578 1344 2731 1397 auxit
2777 1341 3000 1397 victoria
3049 1341 3118 1396 de
3160 1340 3391 1407 Gothis,
3463 1342 3817 1397 manentibus

2230 1442 2381 1490 Il‘:tllS
2413 1434 2559 1503 ripas
2580 1433 2830 1490 Mcotidis
2858 1433 3122 1499 fluminis,
3150 1424 3243 1507 qui
3281 1434 3334 1488 in
3385 1432 3608 1506 Scythia
3650 1436 3818 1505 polle-

2231 1527 2359 1581 bant
2395 1526 2565 1597 gloria
2591 1527 2888 1599 singularis
2906 1527 3161 1597 potentia:
3174 1536 3225 1582 et
3252 1526 3610 1584 fortitudinis.
3637 1526 3816 1595 Quam

2229 1622 2514 1677 victoriam
2559 1623 2662 1677 hoc
2693 1622 2856 1676 modo
2902 1620 3044 1677 lluni
3085 1622 3263 1694 adepti
3305 1634 3433 1678 sunt
3471 1642 3485 1677 :
3517 1622 3819 1680 Venatores

2231 1714 2538 1779 Hunorum,
2553 1727 2842 1787 sequentes
2866 1715 3091 1787 vestigia
3118 1714 3570 1771 cervaeotidas
3591 1717 3820 1786 paludes

541 1819 834 1875 ονξρηιτιιρε
863 1817 1071 1875 Gothos
1098 1819 1527 1890 appeuavemm,
1573 1818 1675 1886 Qui
1704 1828 1757 1877 cl
1793 1820 1896 1890 ipsi
1942 1830 2126 1893 postea
2163 1801 2203 1860 Β
2236 1808 2591 1875 transeuntis,
2614 1825 2754 1879 quas
2777 1808 3053 1878 inpervias
3079 1824 3202 1863 esse
3226 1808 3493 1865 hactenus
3526 1810 3818 1879 putabant,

539 1927 636 1981 per
655 1908 1060 1968 Theodericum
1088 1929 1269 1984 regem
1304 1929 1464 1967 suum
1495 1930 1527 1968 a
1563 1912 1781 1968 Zenone
1802 1914 2131 1984 imperatore

538 2001 708 2059 Italia:
736 2019 964 2076 regnum
996 2004 1141 2059 dono
1164 2010 1445 2076 acceptum
1475 2021 1573 2076 per
1606 2006 1807 2061 multos
1852 2022 2026 2062 annos
2061 2016 2132 2062 te-

540 2104 796 2151 nuerunt.
827 2094 907 2150 lta
937 2095 1099 2153 Gothi
1122 2081 1278 2167 quasi
1302 2097 1518 2152 duobus
1544 2098 1739 2168 capitis
1761 2097 1845 2153 sui
1872 2099 2131 2156 cornibus

540 2190 809 2245 orientem
835 2198 890 2245 et
918 2189 1257 2249 occidentem
1280 2190 1605 2246 ventilantes
1628 2191 1915 2257 acerrime,
1930 2191 2040 2246 duo
2062 2209 2127 2248 ex

541 2298 600 2338 se
626 2298 789 2354 regna
812 2298 1088 2350 creavere,
1113 2282 1320 2338 scilicet
1332 2281 1763 2354 Wisigotharum
1788 2283 1840 2340 in
1869 2282 2128 2356 llispania

538 2382 594 2429 et
619 2371 1074 2443 Ostrogotharum
1113 2372 1168 2429 in
1205 2372 1381 2428 Italia.
1496 2376 1499 2379 ⁷

611 2466 813 2539 (lenm)
858 2466 932 2523 De
976 2483 1145 2540 regno
1181 2465 1491 2534 Ilunorum,
1527 2467 1674 2538 quod
1710 2467 1765 2523 in
1800 2470 1949 2525 omni
1981 2486 2133 2541 pmne

540 2556 764 2631 Scythia
793 2558 1008 2613 tenebat
1036 2558 1427 2629 principatum,
1474 2559 1593 2629 ipsa
1640 2559 1818 2631 gentis
1840 2562 2130 2619 barbaries

539 2668 627 2706 me
655 2652 819 2708 silere
864 2651 1087 2717 faceret,
1114 2651 1221 2708 nisi
1254 2653 1386 2708 illud
1428 2652 1700 2711 famosum
1745 2653 2046 2712 Galliarum
2078 2666 2132 2712 et

537 2743 706 2800 italia:
731 2743 1006 2800 excidium
1050 2760 1137 2800 me
1163 2745 1315 2817 loqui
1345 2754 1584 2817 cogeret,
1611 2747 1835 2817 quando
1868 2764 1965 2819 per
1990 2748 2131 2804 Atti-

538 2839 648 2894 lam
679 2856 867 2895 corum
914 2857 1096 2913 regem
1142 2840 1412 2911 judicium
1458 2841 1554 2899 Dei
1602 2859 1660 2901 se
1707 2844 1868 2917 longe
1914 2844 2131 2915 lateque

537 2930 747 2998 eﬂ'udit,
784 2949 949 3002 quem
993 2932 1153 3003 quasi
1190 2932 1429 3005 gladium
1463 2935 1711 2991 limatum
1748 2946 1801 2992 et
1836 2948 2129 2993 exacutum

537 3027 605 3081 de
636 3028 829 3099 vagina
853 3028 1244 3102 indignationis
1265 3046 1380 3086 sum
1401 3047 1566 3102 super
1587 3033 1921 3103 peccati-iens
1942 3045 2130 3104 gentes

542 3116 689 3174 Deus
713 3117 1009 3175 distrinxit.
1057 3119 1135 3177 De
1161 3116 1354 3177 eorum
1382 3138 1515 3195 ergo
1549 3123 1762 3197 origine
1798 3141 1921 3196 qua:
1952 3126 2007 3181 in
2039 3142 2131 3181 an—

543 3209 821 3281 tiquorum
868 3212 1124 3283 leguntur
1167 3213 1436 3281 historiis,
1477 3216 1719 3288 aperiam
1754 3217 1966 3288 paucis.
1998 3217 2131 3272 Fili-

543 3319 681 3370 iner,
714 3302 1017 3359 Gothorum
1062 3322 1178 3374 rex,
1211 3306 1462 3364 Gadariei
1490 3310 1671 3380 magni
1699 3309 1865 3377 filius,
1889 3312 1981 3382 qui
2008 3322 2132 3382 post

536 3410 821 3466 egressum
868 3395 1103 3456 Scantiae
1149 3398 1344 3455 insula:
1382 3399 1498 3471 jam
1544 3402 1737 3472 quinto
1790 3402 1910 3461 loco
1957 3404 2132 3459 tenuit

536 3489 906 3561 principatum
951 3492 1231 3560 Getarum,
1272 3503 1328 3549 et
1371 3503 1545 3549 terras
1592 3494 1828 3567 Scythia:
1871 3513 1998 3553 cum
2030 3514 2126 3552 sua

537 3588 697 3651 gente
723 3581 951 3650 introiit,
994 3584 1230 3655 repperit
1266 3584 1321 3638 in
1350 3580 1552 3655 populo
1584 3600 1687 3641 suo
1712 3584 1981 3655 quasdam
2009 3604 2128 3643 Ina-

537 3689 636 3745 gas
684 3670 962 3741 mulieres,
994 3692 1133 3747 quas
1165 3675 1397 3732 Gothico
1441 3674 1694 3733 sermone
1730 3679 2025 3735 Alirunnas
2054 3680 2133 3736 di-

535 3776 697 3835 cunt;
728 3784 935 3840 easque
966 3770 1173 3825 habens
1217 3779 1521 3840 suspectas,
1552 3768 1620 3825 de
1647 3771 1831 3826 medio
1877 3771 1962 3826 sui
1996 3787 2127 3843 pro-

535 3859 796 3925 turbavit,
815 3859 1085 3932 longequc
1113 3860 1183 3915 ab
1208 3861 1450 3917 exercitu
1481 3879 1583 3918 suo
1606 3863 1823 3937 fugatas
1848 3865 1903 3920 in
1935 3848 2130 3922 solitu-

535 3951 667 4007 dine
707 3953 886 4024 coegit
932 3968 1135 4008 errare.
1174 3952 1273 4024 (Il.
1311 3956 1461 4010 misc.
1512 3957 1611 4030 sn)
1654 3957 1804 4026 Quas
1845 3960 2128 4019 silvestres

538 4040 811 4109 homines,
838 4060 980 4114 quos
1022 4047 1272 4101 nonnulli
1304 4045 1523 4105 Faunos
1552 4032 1768 4107 ficarios
1788 4061 2007 4121 vocant,
2033 4044 2129 4124 per

534 4131 815 4189 desertum
860 4146 1121 4207 vagantes
1161 4138 1291 4195 dum
1334 4141 1617 4209 vidissent,
1658 4153 1714 4200 et
1756 4160 1946 4201 earum
1979 4163 2129 4204 com-

537 4223 790 4301 plexibus
820 4242 879 4282 se
903 4226 956 4282 in
985 4229 1130 4285 coitu
1159 4230 1531 4299 miscuissent,
1559 4250 1733 4305 genus
1759 4236 1864 4291 hoc
1895 4237 2127 4294 ferocis-

536 4312 745 4371 simum
776 4316 1083 4389 ediderunt,
1125 4324 1271 4393 quod
1304 4323 1405 4379 fuit
1447 4326 1683 4396 primum
1727 4327 1871 4386 inter
1890 4330 2125 4400 paludes

536 4411 831 4482 Mcotidas;
857 4416 1150 4485 minutum,
1177 4428 1375 4475 tetrum
1408 4429 1573 4491 atque
1600 4422 1740 4478 exile
1768 4425 1925 4494 quasi
1954 4426 2126 4481 homi-

2236 1901 2546 1973 Srythieam
2582 1900 2857 1972 regionem
2881 1899 3169 1972 diligenter
3194 1900 3502 1970 explorant,
3534 1900 3822 1970 explorata

2233 1990 2417 2045 omnia
2462 1988 2639 2045 llunis
2682 1990 2956 2056 nuntiant,
3009 1990 3074 2045 ad
3117 1990 3514 2046 transeundum
3553 2005 3651 2047 eos
3700 1991 3821 2045 ani-

2235 2091 2405 2137 mant.
2442 2081 2647 2138 llornm
2672 2082 2870 2137 ducatu
2904 2082 3197 2153 paludibus
3228 2083 3497 2149 transitis,
3524 2083 3823 2154 vchttqui-

2232 2175 2357 2230 dam
2406 2178 2564 2231 turbo
2602 2174 2781 2231 subito
2826 2175 3190 2230 ineubuerunt
3229 2174 3481 2246 gentibus
3527 2174 3822 2247 Scythicis,

2232 2284 2437 2337 easque
2462 2283 2653 2323 omnes
2683 2266 3116 2338 subjugaverunt
3135 2268 3259 2333 sibi,
3306 2268 3569 2338 ipsosque
3608 2266 3824 2323 Gothos

2233 2359 2444 2415 caeteris
2495 2362 2870 2429 impertiantes
2920 2367 3016 2413 aut
3068 2359 3440 2428 prcminentcs
3491 2359 3824 2429 expulerunt

2233 2452 2456 2509 sedibus
2492 2453 2629 2507 suis.
2678 2450 2792 2506 Hoc
2841 2450 3117 2507 felicitatis
3168 2467 3426 2507 successu
3481 2448 3622 2505 Huni
3679 2449 3826 2505 inter

2233 2558 2459 2603 caeteras
2472 2543 2707 2617 Scythia:
2726 2554 2913 2616 gentes
2938 2545 3064 2600 elati
3088 2561 3184 2615 per
3206 2545 3494 2600 victoriam
3519 2543 3588 2600 de
3602 2543 3821 2609 Gothis,

2218 2648 2330 2708 ’per
2359 2653 2533 2693 annos
2558 2637 2668 2692 fere
2693 2637 2968 2708 octoginta
2992 2637 3375 2692 laboraverunt
3408 2637 3475 2691 ad
3497 2636 3823 2692 concussio-

2234 2747 2357 2787 nem
2389 2739 2444 2787 et
2472 2732 2690 2786 ruinam
2717 2729 2927 2785 mundi.
2969 2729 3052 2784 Ab
3083 2729 3186 2784 hac
3212 2744 3343 2800 ergo
3370 2745 3561 2784 eorum
3593 2729 3821 2785 victoria

2236 2840 2410 2896 usque
2448 2824 2512 2879 ad
2544 2830 2772 2878 mortem
2803 2822 2982 2878 Attilae
3004 2838 3233 2894 regnum
3261 2838 3454 2878 eorum
3498 2824 3552 2879 in
3580 2824 3687 2880 hoc
3721 2840 3826 2879 an-

2234 2916 2548 2973 notabimus
2568 2931 2749 2987 opere.

2305 3008 2469 3064 Extra
2493 3009 2594 3064 has
2621 3016 2677 3064 et
2707 3008 2826 3064 alize
2856 3017 3043 3081 gentes
3083 3007 3325 3076 fuerunt,
3354 3025 3477 3080 qua:
3510 3006 3824 3066 Romanum

2239 3103 2529 3174 imperium
2579 3101 3033 3167 dilaceraverunt,
3097 3100 3149 3155 id
3214 3107 3298 3156 est
3347 3099 3604 3171 chides,
3637 3099 3823 3167 Alani,

2236 3194 2461 3262 'l‘urcbi,
2507 3193 2790 3266 Bulgares,
2839 3201 2893 3249 et
2937 3193 3058 3249 alia:
3092 3194 3296 3264 plures,
3342 3210 3465 3265 qua:
3513 3208 3710 3249 omnes
3757 3192 3825 3247 ab

2232 3287 2509 3359 aquilonis
2538 3288 2695 3359 plaga
2739 3287 3022 3356 exierunt;
3063 3296 3121 3341 ut
3152 3301 3319 3356 super
3346 3285 3450 3341 hoc
3476 3284 3716 3341 fortasse
3743 3286 3825 3340 vi—

2231 3379 2427 3435 deatur
2464 3378 2670 3433 dictum
2706 3393 2804 3449 per
2840 3376 3158 3447 prophetam
3188 3394 3201 3429 :
3226 3375 3306 3429 Ab
3344 3374 3591 3447 aquilone
3619 3376 3823 3446 pande-

2216 3478 2320 3524 'tur
2360 3470 2561 3524 malum
2583 3485 2739 3539 super
2767 3470 3067 3542 universam
3104 3478 3321 3548 terram.

2300 3582 2592 3640 Ordiamur
2633 3599 2763 3654 ergo
2791 3583 2951 3638 telam
2982 3582 3317 3639 narrationis
3350 3591 3550 3638 nostra:
3572 3583 3641 3638 ab
3672 3599 3822 3640 anno

2230 3676 2444 3731 Domini
2504 3675 2653 3745 58-1.,
2691 3692 2801 3747 quo
2840 3692 2985 3731 anno
3013 3683 3137 3746 post
3172 3684 3403 3730 mortem
3442 3673 3692 3732 Valentis
3719 3674 3832 3732 Ya-

2216 3770 2566 3845 lentinianus
2604 3769 2785 3824 minor
2809 3776 2863 3824 et
2899 3767 3214 3836 Gratianus,
3242 3767 3337 3823 lilii
3360 3767 3589 3839 majoris
3624 3766 3831 3825 Valen-

2231 3863 2445 3931 tiniani,
2483 3862 2806 3932 incipientes
2834 3861 2997 3917 simul
3027 3878 3290 3934 regnare,
3322 3858 3692 3934 regnaverunt
3724 3879 3829 3920 an-

2216 3957 2317 4031 gnis
2330 3957 2383 4011 6.
2412 3956 2496 4011 Ab
2520 3957 2625 4012 hoc
2637 3972 2781 4011 anno
2796 3956 2991 4025 Sapor,
3008 3956 3104 4027 qui
3125 3956 3217 4012 diu
3231 3956 3596 4026 imperaverat
3612 3954 3826 4026 Persis,

2230 4048 2687 4122 imperavit’annis
2702 4047 2793 4103 9.8.
2812 4047 2895 4102 Ab
2909 4048 3016 4104 hoc
3027 4063 3173 4103 anno
3186 4047 3432 4102 Britanni
3447 4048 3550 4103 sub
3574 4047 3817 4119 imperio

2231 4140 2712 4196 llomauol'uerunt
2726 4138 2884 4194 annis
2906 4137 3125 4193 50’.Ab
3142 4139 3244 4195 hoc
3264 4154 3411 4194 anno
3424 4137 3680 4194 Wandali
3694 4156 3826 4196 eum

2228 4248 2355 4304 rege
2378 4246 2480 4287 suo
2504 4220 2813 4302 Modigisilo
2834 4246 2929 4302 per
2955 4229 3159 4286 Gallias
3185 4229 3477 4286 crudeliter
3500 4230 3825 4296 debacchati

2226 4335 2353 4381 sunt
2384 4323 2546 4389 annis
2574 4324 2701 4391 35⁸.¹
2732 4321 2909 4393 Super
2941 4319 3181 4377 Francos
3225 4322 3280 4377 in
3319 4320 3625 4379 Sicambria
3659 4337 3820 4378 eom—

2230 4426 2529 4484 morantes,
2584 4416 2843 4487 regnabat
2887 4413 3189 4469 Priamus".
3232 4415 3339 4469 Alii
3393 4416 3640 4472 scribunt
3692 4432 3821 4471 cum

535 4522 667 4569 num
693 4524 885 4575 genus,
924 4526 1023 4565 nec
1049 4512 1154 4566 alia
1180 4528 1317 4568 voce
1345 4523 1554 4582 notum,
1579 4515 1687 4571 nisi
1718 4517 1866 4587 quod
1897 4517 2123 4573 humani
2157 4509 2204 4567 υ
2232 4510 2463 4582 periisse
2517 4509 2571 4564 in
2608 4509 2771 4573 110110.
2801 4522 2932 4578 quo,
2983 4517 3044 4562 ιιι
3095 4508 3359 4575 dminus.
3414 4506 3610 4563 ιδιιηεί
3652 4508 3822 4565 “imis

535 4601 808 4657 sermonis
837 4602 1129 4675 imaginem
1154 4607 1493 4687 assignabat,
1528 4619 1582 4665 ct
1608 4626 1750 4683 quos
1779 4610 1920 4667 bello
1957 4610 2121 4668 forsi-

535 4701 630 4751 tan
665 4694 890 4753 minime
913 4701 1269 4770 superabant,
1309 4703 1493 4759 vultus
1530 4703 1617 4760 sui
1647 4705 2118 4778 terrorenimium

535 4801 791 4856 pavorem
821 4788 1149 4861 ingerentes,
1183 4794 1528 4850 terribilitate
1558 4793 1858 4867 fugabant:
1884 4812 1950 4851 eo
1973 4797 2122 4868 quod

532 4886 652 4932 erat
691 4879 774 4934 eis
818 4882 1028 4950 species
1066 4884 1328 4952 pavendre
1359 4884 1683 4956 nigredinis,
1726 4888 1953 4943 ctvelut
1979 4904 2127 4959 quaa-

534 4968 683 5036 dam,
712 4972 757 5025 si
786 4972 895 5028 dici
922 4972 1005 5029 fas
1032 4984 1135 5040 est,
1179 4973 1443 5033 deformis
1484 4976 1612 5044 oﬂ'a,
1652 4993 1765 5033 non
1803 4977 1993 5046 facies,
2022 4980 2123 5036 ha-

534 5060 781 5133 bensque
802 5067 976 5138 magis
1000 5068 1405 5146 p'un.cta,quam
1430 5070 1662 5147 lumina.
1680 5069 1924 5139 Quorum
1950 5072 2119 5130 animi

533 5155 791 5213 fiduciam
822 5165 1010 5237 torvus
1047 5161 1231 5230 prodit
1269 5156 1546 5236 aspectus.
1578 5162 1682 5232 Qui
1732 5164 1897 5220 etiam
1947 5164 2003 5219 in
2039 5164 2122 5236 pi-

531 5265 704 5320 gnora
732 5266 832 5306 sua
857 5250 1035 5323 primo
1063 5253 1152 5308 die
1190 5263 1317 5310 nata
1343 5250 1663 5330 desaeviunt.
1700 5255 1836 5312 Nam
1876 5257 2121 5312 maribus

530 5337 679 5397 ferro
708 5357 875 5414 genas
917 5351 1129 5411 secant,
1170 5354 1251 5412 ut,
1274 5355 1569 5418 antequam
1600 5330 1765 5405 lactis
1786 5348 2118 5403 nutrimenta

2223 4601 2397 4657 attriti
2430 4610 2558 4659 sunt
2609 4600 2678 4655 ab
2711 4599 2952 4655 exercitu
2998 4598 3197 4668 prioris
3240 4597 3628 4669 Valentiniani,
3668 4603 3822 4659 etde

2228 4691 2534 4749 Sicambria
2580 4693 2732 4747 exire
2781 4689 3070 4761 compulsi.
3110 4688 3471 4762 Fritigernus,
3513 4692 3607 4763 qui
3654 4709 3822 4764 super

2216 4785 2568 4861 ‘Wisigothos
2613 4784 2931 4854 aliquandiu
2978 4793 3323 4856 regnaverat,
3368 4784 3436 4839 ab
3469 4784 3574 4841 hoc
3609 4802 3757 4841 anno
3786 4785 3821 4841 3

2225 4879 2387 4936 annis
2414 4877 2679 4950 regnavit.
2703 4873 3051 4949 Ostrogothis
3084 4875 3137 4930 in
3162 4876 3343 4948 patrio
3367 4876 3485 4932 solo
3506 4878 3611 4933 sub
3629 4877 3820 4934 Hnno-

2226 4987 2350 5026 rum
2389 4968 2635 5026 dominio
2692 4968 3099 5025 remorantihus
3142 4977 3358 5038 preerat
3413 4967 3817 5037 Winitbarius;

2229 5063 2417 5133 eisque
2446 5060 2516 5115 ab
2544 5059 2650 5115 hoc
2684 5073 2830 5113 anno
2877 5072 3053 5128 usque
3100 5058 3169 5113 ad
3223 5066 3458 5114 mortem
3493 5058 3674 5115 Attila:
3725 5076 3818 5131 per

2228 5172 2404 5213 annos
2433 5155 2557 5226 plus
2582 5152 2766 5208 minus
2790 5151 2859 5205 80
2900 5149 3220 5221 prefuerunt
3253 5151 3427 5222 reguli
3468 5151 3647 5223 gentis
3682 5167 3818 5207 sum.

2226 5249 2513 5305 Balamber
2543 5246 2719 5302 Hunis
2749 5243 3071 5315 imperabat,
3098 5244 3215 5314 qui,
3247 5253 3303 5299 et
3322 5251 3447 5315 post
3470 5260 3596 5300 cum
3625 5242 3818 5299 Mund-

2235 5345 2373 5400 zueh
2430 5352 2583 5414 pater
2626 5340 2827 5406 Attihe,
2863 5338 3027 5394 Octar
3079 5347 3135 5394 et
3183 5336 3379 5411 Rugila
3428 5338 3629 5396 fratres
3675 5339 3821 5412 ejus,

1839 5483 2075 5540 VARUE
2116 5480 2510 5541 LECTIONES.

605 5620 758 5692 'Sig,
799 5623 1034 5694 primum
1057 5623 1269 5694 scripsit
1294 5621 1508 5676 XXX“!
1547 5620 1635 5690 ill,
1672 5623 1763 5677 ml
1789 5621 1856 5676 lll
1885 5623 2171 5694 detersum,
2191 5630 2246 5673 ut
2272 5619 2499 5694 ridrytr,
2528 5615 2612 5694 fil}
2642 5615 2755 5683 ipso
2810 5613 3477 5694 {lﬂjiﬂfupoflqﬂfngfy}!
3521 5612 3820 5694 fcfiplfmf.

534 5708 659 5764 nam
685 5681 855 5764 γ’ἓιήὀά
886 5693 1108 5764 reliquis
1141 5681 1372 5747 ιῖηηιρνὶδ
1413 5681 1928 5764 δσιιιρινν’ἰηψοιιὶιὶδ;
1979 5692 2067 5764 hic
2109 5681 2272 5764 deest.
2334 5686 2478 5742 XXX
2520 5681 2709 5764 halfgut
2741 5683 2842 5764 soli
2877 5682 2937 5764 AA.
3098 5681 3153 5764 2:
3230 5682 3251 5713 δ
3284 5681 3477 5737 XXXII
3514 5681 3707 5738 habent
3753 5682 3817 5735 Λ.

535 5762 604 5817 Η
652 5754 738 5837 βξ
805 5765 825 5797 ⁸
847 5765 916 5821 ab
940 5754 1043 5823 hoc
1062 5780 1209 5822 anno
1233 5766 1393 5822 annis
1431 5754 1675 5837 quinque
1703 5754 1856 5819 ἰηιιιξι
1885 5754 1939 5818 in
1974 5763 2019 5817 l.
2046 5779 2232 5819 manus
2259 5763 2479 5827 incerta,
2510 5768 2557 5811 ct
2581 5756 2700 5825 135';
2736 5756 2922 5809 deum:
2962 5754 3191 5825 reliquis.
3610 5778 3615 5783 -

652 5823 674 5844 Ι
