4046 6318
223 369 297 425 65
1679 363 2022 421 CHRONICA
2033 408 2046 421 .
3433 381 3503 437 66

221 476 392 536 Bleda
437 484 493 533 et
523 476 712 544 Attila,
743 472 909 562 frater
945 474 1087 545 ejus,
1120 473 1188 529 ab
1228 474 1332 530 hoc
1371 489 1515 529 anno
1543 490 1715 545 usque
1749 476 1815 530 ad
1851 485 1892 538 Α
1923 485 2050 547 gatu
2095 475 2386 549 Sophronii
2412 478 2514 533 viri
2550 479 2813 551 sapientis
2857 486 3135 543 transtulit
3159 488 3286 545 illud
3310 490 3376 547 de
3398 492 3505 551 He-

220 577 463 627 mortem
488 566 741 622 Martiani
766 565 1110 637 imperatoris
1135 576 1497 638 regnaverunt
1515 564 1673 620 annis
1698 567 1819 638 plus

220 663 417 721 minus
444 660 535 715 80.
568 661 729 714 Anno
756 658 823 714 ab
847 660 1020 713 Adam
1055 659 1215 716 4551.
1242 659 1263 690 ⁸
1293 659 1591 714 secundum
1624 660 1817 715 Dioni-

219 759 397 825 nium,
421 772 571 813 anno
596 771 722 812 vero
755 755 969 811 Domini
1008 754 1132 822 581,
1163 755 1461 812 secundum
1494 756 1817 824 Dionisium,

218 848 555 922 Olimpiadis
576 848 705 906 289.
737 865 884 906 anno
914 848 968 904 4.
992 858 1116 922 post
1144 858 1375 905 mortem
1402 848 1555 920 impii
1580 849 1820 908 Valentis

221 943 524 1015 imperant.

226 1049 611 1091 GBATMNUSET
625 1048 1068 1090 VALENTISIANUS.
1084 1048 1267 1090 SAPOR.
1283 1050 1530 1091 ιιιιιιυιυε.
1542 1051 1814 1093 ΒΒΙΤΛΝΝΙ.

333 1128 462 1182 581.
617 1128 665 1183 1.
1132 1126 1183 1181 1.
1368 1127 1420 1182 1.
1639 1128 1691 1184 1.

260 1235 623 1276 ιιοωειειιυς.
653 1234 1026 1276 ειιιτισειιδυε.
1057 1236 1440 1276 WINITHXRIUS.
1473 1236 1776 1277 BALAMBER.

407 1311 459 1365 1.
822 1311 874 1365 1.
1234 1311 1286 1366 1.
1579 1313 1630 1367 1.

297 1401 547 1475 (Pnosr.)
577 1402 918 1460 Theodosius
943 1420 973 1459 a
998 1402 1258 1461 Gratiano
1291 1405 1552 1478 magister
1579 1405 1815 1462 militum

226 1491 538 1558 ordinatus,
590 1480 894 1549 incredibili
943 1494 1219 1551 celeritate
1263 1503 1317 1550 et
1369 1496 1507 1551 mira
1560 1494 1817 1554 felicitate

224 1583 457 1640 devictis
480 1584 669 1640 multis
700 1585 949 1641 barbaris
985 1587 1258 1658 gentibus,
1302 1587 1505 1643 lassam
1553 1604 1667 1644 rem
1716 1606 1817 1660 pu-

225 1676 430 1731 blicam
464 1676 520 1732 iu
543 1678 772 1735 orientis
800 1680 1048 1749 partibus
1071 1682 1359 1751 reparavit.
1401 1682 1603 1754 (Cass)
1630 1683 1814 1740 Clare-

224 1768 361 1824 bant
396 1785 466 1825 eo
512 1779 757 1841 tempore
805 1770 1075 1829 Damasus
1126 1771 1332 1840 Romae,
1390 1774 1530 1829 15υιιι
1583 1785 1814 1847 papatus

1921 568 2105 624 braica
2134 570 2360 625 veritate
2390 571 2444 625 in
2477 569 2733 628 Latinum
2774 575 2942 631 verbo
2970 578 3035 633 ad
3069 581 3313 638 verbum.
3344 584 3502 652 Quod

1921 661 2242 732 psalterium
2266 673 2321 719 et
2339 664 2446 719 alia
2470 662 2772 720 Hieronimi
2796 671 3059 739 opuscula
3084 672 3225 729 idem
3266 674 3481 749 Sophro

1920 752 2048 808 nius
2078 753 2145 809 de
2173 754 2369 811 Latino
2411 756 2466 812 in
2511 757 2743 814 Grecum
2790 766 3085 821 transtulit.
3130 767 3318 839 (Bt-10A.
3358 770 3491 826 GEN-

1920 861 2043 901 Nan.
2081 846 2251 922 Insc.)
2281 848 2578 921 Teophilus
2604 852 2947 914 Alexandria:
2971 860 3261 932 episcOpus
3290 857 3502 935 cyclum

1920 936 1987 993 de
2011 938 2388 996 observatione
2409 943 2627 1011 paschze
2649 960 2745 1015 per
2767 956 2984 1002 centum
3013 966 3186 1007 annos
3207 952 3501 1024 digestum,

1920 1047 2083 1102 quem
2118 1031 2438 1090 latercnlum
2482 1037 2719 1105 vocavit,
2751 1039 2820 1093 ab
2868 1040 2976 1096 hoc
3025 1058 3170 1096 armo
3204 1044 3500 1116 incohavit,

1920 1125 2023 1203 hoc
2053 1134 2137 1182 est
2178 1144 2207 1182 a
2235 1129 2415 1198 primo
2438 1132 2721 1187 consulatu
2755 1132 3069 1190 Theodosii.
3098 1135 3182 1207 (G.
3211 1143 3383 1210 pom.)
3404 1138 3507 1194 Da-

1920 1232 2110 1273 masus
2152 1233 2292 1289 papa
2337 1228 2531 1291 rogatu
2572 1220 2892 1289 Hieronimi,
2939 1223 3175 1280 instituit
3223 1227 3405 1282 dicere
3444 1228 3499 1282 in

1919 1308 2164 1365 :ecclesia
2197 1309 2251 1363 in
2281 1309 2387 1366 fine
2409 1312 2747 1383 psalmorum
2778 1332 2790 1369 :
2817 1313 3001 1370 Gloria
3029 1314 3175 1371 Patri
3199 1326 3253 1372 ct
3283 1317 3421 1373 Filio
3446 1329 3501 1374 ct

1922 1397 2148 1470 Spiritui
2177 1411 2367 1460 sancto
2392 1421 2405 1472 ;
2434 1403 2590 1460 Sicut
2633 1416 2767 1461 erat.
2800 1406 3039 1464 Instituit
3068 1413 3231 1467 etiam
3263 1412 3503 1481 psalmos

1919 1492 1974 1546 in
2000 1493 2247 1549 tecclesia
2290 1504 2446 1551 nocte
2474 1496 2671 1568 dieque
2714 1500 2926 1554 cantari
2947 1501 2988 1555 ⁸.
3023 1500 3119 1574 [Ut
3144 1512 3326 1559 autem
3350 1504 3503 1560 chori

1920 1586 1975 1640 in
2002 1585 2141 1641 duas
2169 1593 2352 1655 partes
2376 1587 2559 1655 divisi,
2590 1589 2736 1659 ipsos
2767 1591 3011 1659 psalmos
3039 1593 3351 1648 alternatim
3377 1611 3505 1649 can-

1920 1684 2118 1744 tarent,
2143 1677 2258 1747 jam
2292 1686 2537 1749 tempore
2584 1679 2892 1736 Constantii
2940 1684 3288 1754 imperatoris
3314 1687 3367 1740 in
3399 1703 3505 1742 atc—

1919 1764 2085 1824 clesia
2132 1766 2473 1826 Anthiocena
2525 1772 2876 1829 instituerant
2908 1776 3073 1845 primi
3126 1775 3422 1863 Flavianus
3450 1787 3504 1833 ct

225 1877 438 1916 annum
470 1878 668 1933 agens;
699 1862 879 1934 (HIER.
918 1865 996 1919 De
1033 1867 1130 1920 vir.
1151 1866 1259 1937 ill.)
1304 1866 1551 1923 Didimus
1580 1867 1815 1923 Alexan—

1919 1862 2187 1919 Diodoz‘us
2226 1862 2328 1918 viri
2358 1864 2599 1934 probata:
2641 1866 2765 1920 vike
2790 1874 2845 1921 et
2873 1851 3165 1937 doctrinm;
3191 1870 3339 1940 quod
3372 1869 3498 1925 inde

224 1950 446 2018 drinus,
477 1952 573 2021 qui
610 1968 640 2008 a
697 1962 896 2024 quanto
939 1955 1112 2010 aetatis
1161 1972 1306 2010 anno
1350 1957 1555 2013 lumine
1602 1968 1813 2029 captas,

221 2042 484 2111 quamvis
507 2052 654 2098 esset
679 2044 1075 2100 elementorum
1107 2046 1353 2118 ignarus,
1380 2056 1561 2102 tamen
1592 2048 1644 2102 in
1671 2049 1814 2103 litte-

220 2149 414 2189 rarum
467 2136 695 2192 scientia
739 2137 905 2193 etiam
954 2139 1298 2209 philosophis
1347 2148 1466 2195 erat
1512 2140 1812 2207 mirabilis;

220 2224 320 2295 (Η.
349 2243 425 2281 m.
450 2226 635 2295 Cass,
659 2227 827 2300 lose.)
860 2228 1230 2298 Hieronimus,
1263 2239 1410 2286 totus
1445 2231 1643 2288 divina:
1679 2233 1815 2288 scri-

220 2329 402 2389 pzurae
466 2322 820 2391 incumbens;
862 2323 1160 2395 Gregorius
1216 2322 1471 2392 Nisenus,
1522 2325 1816 2398 Gregorius

221 2409 606 2481 Nazanzenus,
652 2414 918 2472 Martinus
953 2415 1294 2471 Turonensis
1336 2418 1650 2488 episcopus,
1685 2415 1815 2473 Am-

221 2501 450 2557 brosius
472 2501 916 2574 Mediolanensis,
948 2505 1179 2563 Ruﬁnus
1215 2507 1582 2579 Aquileiensis
1612 2513 1843 2582 preshi-_

227 2604 342 2663 ter;
372 2596 428 2650 in
461 2595 700 2669 Egypto
726 2596 1057 2653 Pachomius
1078 2600 1269 2668 abbas,
1293 2600 1540 2659 Mcletius
1567 2603 1812 2659 Antioce-

224 2708 328 2747 nus
354 2694 672 2763 episc0pus,
701 2709 799 2763 per
821 2694 927 2749 hoc
948 2693 1168 2761 clarior,
1207 2694 1352 2766 quod
1382 2694 1726 2753 Theodosius
1760 2696 1815 2751 in

223 2785 440 2840 somnis
466 2785 721 2855 previdit,
748 2802 809 2841 se
831 2786 901 2841 ab
925 2801 992 2842 eo
1035 2787 1185 2842 indui
1214 2788 1445 2844 clamide
1471 2787 1739 2859 imperiali
1764 2799 1817 2846 et

223 2877 535 2934 diademate
561 2879 834 2935 coronari.

327 2970 459 3025 382.
574 2968 627 3028 2.
733 2972 789 3025 2.
900 2971 954 3026 2.
1063 2971 1119 3027 2.
1227 2970 1281 3026 2.
1394 2971 1449 3026 2.
1524 2972 1578 3028 2.
1687 2975 1742 3030 2.

291 3060 543 3136 (Pnosr.)
596 3062 891 3120 Gratianus
920 3063 1076 3119 valde
1128 3063 1378 3135 religioni
1412 3062 1576 3133 favet,
1626 3075 1681 3122 et
1712 3055 1817 3138 per

1918 1956 1986 2010 ad
2014 1956 2279 2011 terminos
2313 1955 2482 2011 totius
2511 1958 2661 2013 orbis
2693 1975 2868 2029 usque
2892 1958 3186 2033 pervenitJ

2023 2046 2149 2103 585.
2256 2047 2309 2102 5.
2423 2049 2476 2103 5.
2591 2050 2643 2103 5.
2756 2051 2810 2106 5.
2923 2052 2975 2107 5.
3052 2054 3105 2108 5.
3220 2055 3273 2108 5.
3375 2052 3428 2111 5.

1919 2138 2160 2211 (Pnosr.)
2190 2139 2460 2206 Maximus
2484 2141 2541 2195 in
2575 2140 2856 2197 Britannia
2888 2159 2987 2214 per
3024 2145 3366 2217 tyrannidem
3401 2147 3493 2201 im‘

1916 2232 2127 2302 perium
2153 2233 2365 2303 arripit.
2400 2232 2592 2306 (Ιυλε.)
2623 2234 2755 2291 Post
2781 2235 3188 2307 Frithigernum
3227 2240 3503 2295 secundus

1917 2323 2059 2392 apud
2080 2318 2419 2395 Wisigothas
2443 2324 3009 2395 rcgnatAthanaricus
3038 2342 3184 2383 anno
3212 2344 3350 2395 uno;
3377 2330 3496 2400 qui,

1918 2412 2319 2470 confmdcratus
2348 2412 2676 2482 Theodosio,
2703 2425 2756 2471 et
2783 2416 2852 2471 ah
2877 2432 2944 2472 eo
2973 2416 3503 2491 ConstantinOpolim

1918 2499 2202 2575 invitatus,
2233 2523 2360 2563 mox
2394 2508 2479 2563 15.
2514 2508 2603 2563 die
2633 2524 2697 2564 ex
2728 2526 2841 2580 quo
2870 2523 3091 2565 venerat
3116 2511 3314 2567 ibidem
3344 2514 3499 2568 obiit.

1918 2596 2153 2657 Basilius
2200 2597 2566 2668 Ccsariensis,
2617 2600 2712 2671 qui
2788 2601 3003 2673 gemina
3055 2604 3402 2675 pbiiOSOphia
3451 2616 3505 2662 ct

1919 2692 2208 2747 sanctitate
2236 2692 2535 2760 claruerat;
2575 2694 2663 2749 cui
2697 2691 2841 2751 Deus
2889 2710 3159 2766 apparens
3190 2696 3257 2752 ad
3283 2713 3500 2767 precem

1918 2782 2037 2853 ejus
2068 2800 2191 2839 eum
2232 2785 2438 2853 decuit,
2475 2796 2535 2841 ut
2567 2784 2803 2858 propriis
2834 2788 3014 2844 verbis
3048 2799 3299 2847 sanctum
3330 2792 3505 2847 sacri-

1918 2874 2100 2930 ficium
2130 2887 2506 2946 consecraret;
2539 2880 2625 2934 cui
2663 2880 2961 2935 revelatum
2987 2890 3093 2949 est,
3128 2884 3275 2953 quod
3299 2883 3500 2939 Mercu-

1916 2967 2036 3023 rius
2049 2968 2202 3025 miles
2216 2978 2269 3024 ct
2283 2979 2487 3043 martyr
2497 2968 2526 3026 Ι
2533 2970 2775 3026 ulianum
2790 2972 3170 3044 imperatorem
3184 2977 3502 3045 percmerit;

1918 3061 2295 3132 quijnvcnem,
2307 3063 2400 3133 qui
2414 3062 2484 3119 ob
2496 3079 2737 3119 amorem
2757 3059 2982 3149 virginis
2999 3065 3101 3121 sibi
3118 3082 3216 3136 per
3228 3067 3504 3124 diabolum

222 3155 412 3211 omnia
431 3154 513 3209 rei
537 3155 768 3226 publica:
788 3165 1094 3228 promptus,
1109 3155 1478 3213 Theodosium
1504 3145 1813 3216 consortem
1843 3198 1888 3259 Ο
1919 3154 2217 3211 ceuciliatae
2245 3165 2536 3227 negaverat
2553 3144 2853 3224 Christum,
2871 3158 3505 3225 reconciliavitGhristo,

225 3249 443 3319 imperii
483 3247 633 3304 facit.
665 3247 871 3321 (illam,
896 3248 1018 3303 Vita
1043 3246 1101 3304 S.
1130 3247 1405 3320 P.)Paula
1442 3250 1581 3307 inter
1602 3252 1817 3309 nobiles

223 3340 609 3397 Romanorum
636 3350 915 3398 matronas
936 3342 1254 3414 prenobilis,
1278 3342 1637 3399 abrenunciat
1658 3360 1818 3399 mun-

221 3433 312 3488 do.
348 3432 566 3506 (Brem,
605 3432 774 3503 Pref.
824 3434 881 3487 in
922 3432 1157 3505 Psalm.)
1193 3432 1519 3489 Psalterium
1553 3436 1697 3506 quod
1727 3451 1815 3491 sc-

221 3524 469 3580 cundum
509 3522 652 3578 LXX
678 3525 1003 3597 interpretes
1032 3525 1088 3579 in
1123 3516 1380 3580 omnibus
1402 3525 1668 3582 :ecclesiis
1694 3542 1821 3582 can-

221 3616 470 3683 tabatur,
523 3613 874 3672 Hieronimus
916 3615 1174 3672 correxit.
1222 3613 1345 3682 Quo
1378 3615 1577 3671 iterum
1603 3616 1815 3681 vitiato,

220 3708 557 3778 psalterium
579 3721 784 3763 novum
811 3706 1301 3778 composuit,un
1326 3706 1439 3762 et'a
1480 3705 1619 3761 LXX
1650 3707 1819 3763 inter-

220 3808 442 3868 pretum
467 3797 712 3853 editione
754 3814 864 3853 non
907 3799 1141 3853 multum
1194 3798 1553 3865 discordaret,
1594 3806 1650 3853 ct
1692 3814 1818 3854 cum

222 3887 506 3945 Hebraieo
535 3890 771 3946 multum
817 3890 1193 3946 concordaret.
1235 3889 1394 3957 Quod
1445 3898 1506 3945 ut
1563 3890 1820 3947 omnibus

223 3983 440 4039 clarum
481 3982 658 4048 fleret,
686 3981 867 4053 ipsum
911 3982 1232 4053 psalterium
1266 3968 1518 4037 distinxit
1545 3996 1644 4052 per
1670 3984 1847 4038 aste-'

224 4074 427 4142 riscos,
456 4073 511 4129 id
543 4083 630 4129 est
655 4074 868 4130 stellam
893 4078 982 4144 χ,
1001 4082 1058 4129 et
1082 4089 1178 4149 per
1195 4075 1405 4142 ohelos,
1421 4075 1472 4129 id
1496 4082 1582 4130 est
1609 4074 1818 4146 virgam

223 4168 507 4238 iacentem
536 4181 625 4235 αι»,
655 4167 874 4244 docens
899 4183 965 4223 ea
1006 4181 1131 4237 quae
1158 4167 1510 4222 continentur
1543 4167 1648 4222 sub
1676 4176 1822 4222 aste—

225 4261 375 4317 risco
421 4263 493 4331 χ(
538 4276 715 4332 usque
753 4260 821 4315 ad
873 4260 983 4317 duo
1036 4267 1239 4331 puncta
1289 4262 1308 4332 ζ
1364 4259 1420 4314 in
1461 4257 1672 4314 Hebreo
1728 4260 1822 4315 ha-

228 4355 344 4410 beri
369 4364 427 4410 et
450 4371 483 4409 a
518 4352 658 4408 LXX
687 4354 1037 4425 pretermissa
1084 4369 1238 4421 esse;
1271 4368 1337 4408 ea
1370 4368 1499 4407 vero
1528 4368 1651 4424 quae
1694 4368 1821 4409 con—

228 4447 474 4503 tinentur
495 4446 603 4503 sub
616 4446 774 4503 obelo
789 4460 850 4502 -ι-
870 4461 1044 4517 usque
1059 4445 1127 4501 ad
1146 4446 1257 4501 duo
1284 4454 1482 4516 puncta
1499 4445 1585 4500 :in
1610 4444 1820 4501 Hebreo

1922 3244 2101 3315 palam
2128 3246 2399 3302 altercans
2422 3262 2547 3303 cum
2577 3247 2826 3317 diabolo;
2859 3248 2954 3320 qui
2983 3249 3292 3320 impetravit
3313 3266 3344 3306 a
3368 3250 3505 3319 Deo,

1921 3345 1981 3391 ut
2006 3346 2229 3394 sanctus
2252 3336 2449 3395 Eﬂ‘rem
2483 3338 2653 3414 Syrus
2683 3339 2854 3399 Grece
2875 3342 3224 3414 loqueretur;
3259 3343 3352 3415 qui
3381 3358 3507 3414 pec-

1920 3434 2041 3480 cata
2068 3429 2388 3496 peccatricis
2410 3429 2613 3500 scripta
2645 3440 2699 3486 et
2742 3432 2954 3504 signata
2982 3434 3193 3490 orando
3223 3435 3508 3491 oblittera-

1920 3520 1999 3576 vit
2026 3521 2120 3596 (cf.
2146 3520 2331 3595 Hum.)
2365 3541 2378 3579 :
2409 3523 2495 3579 his
2532 3534 2586 3579 et
2624 3528 2813 3582 multis
2854 3529 2979 3584 aliis
3014 3531 3221 3599 clarus,
3244 3532 3375 3588 dum
3400 3547 3509 3586 me-

1921 3612 2078 3668 dicus
2105 3611 2348 3670 llebreus
2389 3614 2680 3671 imminere
2728 3616 2832 3672 sibi
2879 3628 3109 3674 mortem
3160 3637 3256 3690 per
3300 3632 3506 3678 tactum

1923 3721 2073 3760 venat
2096 3720 2283 3759 revera
2310 3705 2712 3775 pronuntiaret,
2742 3717 2973 3762 mortem
2997 3709 3205 3764 orando
3228 3711 3283 3764 in
3309 3712 3509 3766 crasti-

1922 3814 2053 3852 num
2080 3796 2319 3863 distulit,
2351 3805 2405 3851 et
2443 3797 2518 3852 ita
2549 3798 2819 3853 medicum
2845 3814 2968 3854 cum
2992 3800 3108 3855 suis
3133 3802 3200 3856 ad
3224 3801 3507 3858 Christum

1920 3898 2267 3956 convertens,
2300 3887 2533 3943 feliciter
2577 3890 2832 3944 moritur.
2867 3888 3139 3949 Damasus
3179 3907 3319 3963 papa
3373 3892 3509 3947 invi-

1922 3981 2083 4036 diose
2104 3980 2360 4036 adulterii
2390 3991 2703 4048 accusatus,
2734 3990 3001 4055 pnrgatur
3027 3998 3059 4037 a
3109 3982 3179 4038 44
3208 3984 3506 4055 episcopis,

1922 4083 2273 4129 accusatores
2297 4072 2417 4143 ejus
2441 4089 2573 4128 vero
2602 4072 2671 4129 ab
2698 4074 2944 4129 tecclcsia
2970 4075 3336 4146 expelluntur.
3352 4077 3511 4147 Apol-

1920 4164 2113 4222 linaris
2143 4165 2425 4222 Laodicea:
2468 4165 2781 4237 episcopus,
2810 4183 3109 4223 conversus
3160 4168 3216 4223 in
3265 4169 3507 4226 heresim

1922 4259 2010 4314 sui
2039 4258 2300 4325 nominis,
2344 4275 2375 4314 a
2403 4256 2640 4314 Damaso
2669 4275 2806 4330 papa
2848 4260 3161 4326 damnatur,
3197 4262 3326 4332 quia
3361 4261 3512 4318 dice-

1920 4352 2033 4418 bat,
2061 4350 2208 4422 quod
2250 4348 2506 4405 Christus
2541 4362 2705 4405 natus
2746 4349 2919 4405 solam
2950 4367 3195 4419 carnem,
3245 4368 3353 4407 non
3394 4352 3512 4408 ani-

1923 4459 2069 4498 mam
2096 4441 2419 4513 susceperit,
2443 4449 2540 4497 aut
2564 4440 2611 4496 si
2644 4441 2885 4513 suscepit
2908 4459 3017 4499 non
3041 4444 3387 4510 rationalem,
3412 4445 3508 4501 sed

228 4552 335 4592 non
359 4537 576 4603 haberi,
608 4537 702 4592 sed
732 4552 764 4591 a
792 4535 933 4590 LXX
982 4537 1166 4592 addita
1190 4551 1332 4603 esse,
1366 4536 1518 4606 justa
1563 4535 1819 4591 Theodo-
1852 4562 1896 4617 ι)
1924 4544 2136 4591 tantum
2162 4528 2484 4591 vivificalem
2522 4526 2762 4593 animam
2798 4535 3121 4605 susceperit,
3154 4536 3249 4591 sed
3266 4520 3509 4606 potentia

228 4630 398 4685 timus
448 4629 740 4684 dumtaxat
789 4629 1204 4685 translationem
1234 4630 1276 4683 ⁷.
1332 4626 1450 4685 Hoc
1497 4629 1812 4699 psalterium
1919 4627 2591 4698 deitatissuseepuecarni
2618 4645 2719 4701 pro
2747 4628 2931 4683 anima
2954 4626 3353 4699 fuerit,etipsa
3377 4645 3506 4685 caro

228 4722 504 4778 Damasus
525 4737 664 4794 papa
691 4731 884 4795 rogatu
912 4720 1214 4778 Hieronimi
1243 4722 1296 4777 in
1318 4722 1615 4780 Gallicanis
1637 4724 1821 4780 accele-
1918 4706 2027 4775 nOn
2077 4719 2145 4774 de
2171 4718 2340 4775 Maria
2402 4730 2656 4793 suscepta
2717 4722 2811 4786 sit,
2867 4721 2962 4778 sed
2995 4736 3125 4776 caro
3169 4730 3224 4776 et
3274 4722 3505 4777 verbum

227 4814 325 4870 siis
348 4814 570 4869 cantari
598 4813 854 4885 instituit,
888 4822 944 4869 et
968 4821 1190 4884 propter
1226 4812 1331 4868 hoc
1353 4810 1697 4868 Gallicanum
1727 4829 1820 4869 vo-
1921 4812 2088 4870 unius
2130 4812 2450 4869 substantiae
2496 4812 2697 4873 fuerint
2726 4814 2768 4869 ⁹.

226 4916 415 4972 catur;
454 4904 721 4962 Romanis
751 4906 1069 4978 psalterium
1096 4904 1397 4961 secundum
1420 4904 1562 4959 LXX
1585 4906 1820 4961 retinen-
1924 4890 2301 4978 gneussonuu.
2350 4902 2644 4963 rensanuu.
2699 4922 3034 4963 rnaaconuu.
3070 4923 3473 4965 nstxnnonuu.

228 4996 375 5052 tibus
405 4995 537 5064 sibi,
584 4975 804 5067 propter
840 4995 986 5068 quod
1041 4995 1351 5052 Romanum
1391 5005 1639 5052 vocatur.
1692 4996 1819 5053 Haec
1923 4975 2387 5075 ’ὅδισμηέςηὼω
2448 4978 2880 5075 “ᾗ;-η-,,η“έ·
2922 4979 3293 5075 Μέηῂ-ηίξ

2016 5058 2408 5104 πλκολιοιιυη.
2448 5064 2882 5105 νιίθιοοτιῐοιιωι.
2920 5064 3406 5106 οετιιοοοτιιοιιυκ.

225 5087 335 5147 duo
376 5088 641 5158 psalteria
687 5105 812 5145 cum
861 5106 972 5145 non
1022 5087 1332 5145 sufﬁcerent
1369 5090 1435 5145 ad
1462 5082 1815 5164 proponenda
2024 5082 2408 5177 “animum
2456 5082 2882 5177 "'°'W‘:""""°
2920 5082 3170 5177 5³³³³⁸υῇ

228 5180 546 5235 testimonia
565 5180 634 5236 de
660 5178 883 5236 Christo
911 5190 1103 5237 contra
1131 5178 1370 5249 Judazos,
1397 5181 1492 5252 qui
1535 5198 1644 5237 non
1673 5182 1815 5238 reci-
2581 5227 2874 5283 numam"

226 5272 387 5340 piunt
428 5271 541 5327 nisi
587 5287 653 5327 ea
696 5288 819 5342 quae
851 5273 1124 5328 habentur
1161 5271 1216 5326 in
1263 5270 1499 5339 Hebreo,
1530 5272 1740 5328 addidit
1764 5281 1818 5327 et
2626 5270 2629 5271 ⁷
2689 5282 2723 5336 4

230 5365 473 5432 tertium,
498 5365 647 5436 quod
672 5376 900 5422 vocatur
943 5365 1289 5435 Hebraicum,
1314 5382 1413 5438 pro
1449 5381 1517 5421 eo
1551 5365 1698 5437 quod
1729 5382 1839 5421 ro-'
1997 5365 2215 5438 (Pssun.
2248 5368 2413 5442 Du.)
2458 5369 2753 5429 rDamasus
2796 5390 2936 5447 papa
2966 5373 3227 5441 decrevit,
3266 5388 3334 5428 nc
3373 5368 3508 5443 quid

1502 5456 1737 5512 VARIIE
1796 5455 2198 5517 LEGTIONES.

300 5552 422 5628 fita
440 5552 511 5628 Δ1.
541 5553 737 5628 primo.
771 5550 838 5628 Αἒ
862 5540 1189 5628 13121115.
1215 5548 1639 5628 lVCCCXXXIl°
1666 5558 1849 5620 postea
1876 5552 2599 5628 currerit_l._VDLXXYllH
2630 5556 2752 5614 C2‘.
2797 5557 2859 5613 ι).
2949 5560 2971 5592 ⁷
3003 5559 3039 5613 i.
3072 5552 3135 5614 T.
3164 5555 3220 5613 d.
3254 5566 3293 5614 t.
3321 5567 3529 5628 postea.

233 5620 395 5705 alius,
427 5620 659 5705 [quem
680 5622 1155 5705 Ansetntus,erqsit
1177 5630 1357 5705 etpost
1384 5621 1741 5705 concordant-et
1763 5623 1960 5705 posuit,
1982 5624 2093 5705 't'tbt'
2110 5624 2301 5680 habent
2332 5625 2515 5694 “.2;
2548 5629 2736 5705 desunt
2784 5630 2848 5684 A.
2879 5628 2997 5705 115⁸.
3032 5628 3131 5683 F5.
3222 5620 3514 5705 “instar

234 5690 444 5776 cantari
470 5694 769 5776 infigura,
785 5692 1212 5776 dimidicplincw
1240 5690 1354 5775 Sig.
1381 5708 1623 5776 turnsec.
1666 5690 1952 5776 Sequenti?
1982 5692 2053 5776 U_t
2080 5706 2275 5776 autem
2299 5728 2368 5738 —-
2398 5690 2642 5776 pervenit
2668 5700 2722 5776 in
2758 5701 3140 5776 margine‘pos‘t
3165 5700 3375 5754 addidit
3412 5693 3474 5756 13
3491 5717 3507 5768 ;

235 5763 420 5817 desunt
457 5764 549 5817 uni
575 5763 642 5818 A.
673 5763 950 5834 defuerunt
984 5764 1149 5835 igitur
1172 5762 1360 5835 prima,
1381 5762 1605 5817 editioni
1628 5762 1755 5818 amti
1789 5764 1949 5821 1105.
2026 5766 2048 5797 ⁹
2080 5764 2316 5827 Basilius
2346 5762 2415 5809 -ἶ
2438 5768 2641 5826 fuerint
2672 5772 2726 5825 in
2759 5762 2949 5826 rusu'ra
2982 5762 3157 5843 Sigeb.
3187 5790 3301 5827 cur.
3329 5788 3433 5826 sec.
