4046 6318
508 366 579 420 67

1690 360 2054 420 SIGEBERTI
2093 352 2622 418 GEMBLACENSIS

3717 359 3789 416 68

506 488 699 537 contra
719 481 1006 554 episcopos
1030 489 1352 554 presumant
1379 479 1771 548 archidiaconi,
1790 480 1883 551 qui
1906 479 2100 536 dicun-
2127 483 2174 543 Α
2204 485 2407 550 septem
2438 479 2600 535 caelos
2633 486 2686 533 et
2712 491 2808 548 per
2843 472 3109 549 quosdam
3143 476 3483 549 principatus
3517 477 3733 550 gradati
3759 494 3792 533 n

508 581 597 627 tur
618 573 781 629 etiam
810 575 1173 646 corepiscopi,
1199 574 1249 629 id
1283 582 1368 628 est
1398 572 1680 645 regionum
1727 574 1810 628 vel
1847 573 2098 628 villarum

507 663 770 736 episcopi.
818 665 999 723 Chorc
1043 666 1188 721 enim
1236 665 1425 733 Grece,
1470 665 1597 721 villa
1636 663 1719 720 vel
1763 666 1913 737 regio
1949 665 2100 721 Lati-

507 768 576 811 ne
605 754 650 787 ¹⁶
695 756 918 831 (149⁸),]
965 756 1208 830 (Pnosr.)
1251 754 1521 813 Maximus
1571 755 1754 814 Pictos
1774 762 1829 813 et
1881 759 2100 813 Scottos

512 844 873 904 Brittanniam
917 849 1259 907 incursantes
1311 860 1552 921 superat.
1590 848 1764 921 (lsm.)
1804 848 2097 923 Wisigothi

511 937 630 1017 sine
672 954 799 1011 rege
826 940 930 994 sub
972 940 1283 997 Theodosio
1316 941 1732 1017 fueruntgannis
1783 943 1867 997 i5.
1896 940 2099 1014 (.ionn.)

516 1009 879 1088 Wi'nitharius
908 1049 998 1090 rex
1032 1034 1487 1105 Ostrogothorum
1510 1012 1611 1105 pro
1636 1034 1884 1091 libertate
1907 1046 2097 1091 contra

509 1117 695 1177 Hunos
720 1122 943 1178 rebellat
970 1123 1021 1178 in
1037 1122 1253 1180 Gothia.
1280 1124 1861 1195 (Pnosr.)Ambrosius
1881 1126 2097 1197 episco-

503 1226 608 1281 pus
637 1212 805 1271 libros
830 1215 896 1270 de
919 1212 1121 1287 Spiritu
1152 1227 1343 1274 sancto
1362 1218 1428 1273 ad
1458 1217 1778 1274 Gratianum
1807 1220 2100 1292 imperato-

512 1319 627 1358 rem
647 1306 858 1362 scribit.
886 1306 1087 1379 (Cass)
1110 1306 1489 1381 CorpnsfPauli
1510 1310 2097 1384 Constantinopolitaui

502 1395 767 1468 episcopi.
794 1400 898 1454 sub
921 1400 1285 1458 Constantino
1309 1403 1362 1458 in
1391 1404 1557 1460 exilio
1590 1406 1660 1460 ab
1695 1405 1950 1463 hereticis
1974 1406 2094 1463 suf-

503 1486 688 1555 focati,
715 1488 1249 1564 Constantinopolim
1270 1493 1643 1553 referturcum
1669 1499 1843 1569 gloria
1862 1515 1893 1554 a
1917 1495 2097 1557 Theo-

501 1576 659 1633 dosio
690 1580 1032 1651 imperatore.

568 1670 693 1726 585.
715 1671 777 1728 R.
803 1673 856 1728 5.
883 1674 942 1730 P.
969 1676 1019 1730 5.
1048 1675 1109 1732 F.
1126 1678 1177 1733 5.
1205 1676 1264 1733 Β,
1290 1679 1342 1734 5.
1366 1677 1454 1735 W.
1473 1680 1525 1735 5.
1545 1679 1634 1737 W.
1656 1679 1785 1737 1.0.
1806 1683 1859 1738 5.
1880 1681 1947 1739 Β.
1968 1684 2021 1740 5.

574 1762 791 1836 (Ben.t.)
834 1765 894 1822 in
954 1768 1128 1824 Gallia
1184 1781 1409 1828 sanctus
1458 1770 1741 1831 Romanus
1792 1774 2094 1833 Blavicnsis

499 1856 656 1912 obiit.
684 1856 1028 1917 Theodosius
1055 1861 1385 1920 Arehadium
1411 1866 1580 1921 filium
1608 1882 1768 1923 suum
1796 1876 2091 1941 augustqu

501 1947 651 2005 facit.
689 1950 933 2024 (Pnosr.)
984 1952 1198 2010 Justina
1242 1966 1417 2012 mater
1448 1957 1813 2016 Valentiniani
1860 1959 2092 2018 Arriana

499 2039 555 2093 in
580 2040 933 2098 Ambrosium
966 2054 1019 2099 et
1042 2061 1261 2102 omnem
1287 2058 1531 2107 sanctam
1567 2051 1869 2109 :ecclesiam
1899 2052 2092 2109 catho-

496 2131 660 2188 licam
703 2136 994 2193 execrahili
1037 2136 1168 2193 odio
1220 2139 1447 2196 deserit.
1493 2140 1580 2212 (ϐ.
1630 2160 1674 2197 r.
1733 2142 1823 2215 F.)
1872 2143 2094 2202 Francis

496 2234 627 2297 post
658 2224 939 2283 Priamum
976 2228 1180 2286 Priami
1209 2232 1357 2289 filius
1402 2232 1764 2295 Marcomirus
1797 2249 1847 2294 ct
1878 2237 2090 2308 Sunno,

497 2317 643 2376 filius
666 2319 982 2389 Antenoris,
1013 2324 1392 2397 principantur
1415 2328 1574 2384 annis
1594 2329 1682 2402 36.
1710 2330 1955 2398 Quorum
1987 2335 2092 2390 du-

494 2420 619 2465 catu
641 2410 839 2469 Franci
868 2413 1175 2473 Sirambria
1199 2421 1738 2491 cgrcssi,consedere
1764 2440 1925 2482 secus
1948 2423 2093 2483 Rhe-

495 2520 626 2559 num
653 2506 707 2561 in
744 2508 960 2578 oppidis
995 2508 1321 2569 Germaniae.
1349 2513 1553 2587 (Jono.)
1576 2512 1945 2577 Winitharius
1981 2516 2093 2577 liu-

495 2610 597 2652 nos
625 2596 679 2651 in
706 2598 860 2655 bello
892 2609 1133 2674 superat.
2018 2602 2029 2611 ’

571 2686 697 2743 586.
810 2690 864 2746 6.
968 2693 1022 2749 6.
1136 2695 1187 2751 1.
1298 2696 1352 2753 6.
1463 2699 1497 2754 6
1629 2698 1684 2757 2.
1794 2704 1847 2759 6.
1961 2703 2015 2761 6.

565 2778 781 2853 (Βευλ.)
816 2781 1087 2843 Maximus
1118 2787 1174 2842 in
1209 2787 1415 2847 Gallias
1441 2799 1658 2861 transrt,
1683 2801 1737 2851 et
1764 2796 2089 2855 Gratianum

492 2869 881 2940 imperatorem
917 2874 1172 2949 Lugduni
1219 2881 1469 2950 perimit;
1516 2882 1743 2940 fratrem
1795 2903 1922 2942 vero
1968 2888 2123 2959 ejus.

496 2958 943 3021 Valentinianum
975 2967 1236 3025 simulato
1260 2971 1412 3041 pacis
1440 2972 1643 3030 fwdcrc
1672 2992 1770 3046 per
1791 2977 2086 3034 triennium

490 3051 645 3109 Italia
682 3058 924 3128 expellit,
961 3058 1305 3125 Theodosius
1346 3065 1498 3122 solus
1543 3068 1702 3124 annis
1733 3069 1793 3123 ll
1836 3069 2084 3141 imperat.

2128 1833 2169 1889 ii

491 3144 699 3218 Nono.)
751 3148 1039 3208 Balamber
1085 3170 1179 3210 rex
1238 3153 1524 3214 Hunorum
1582 3158 1974 3219 Winitharium
2030 3165 2084 3220 in
2115 3180 2159 3241 ρ

492 3237 637 3293 bello
664 3241 920 3310 perimit;
960 3254 1081 3315 post
1113 3262 1277 3317 quem
1323 3251 1602 3306 secundus
1637 3253 1782 3322 apud
1824 3252 2087 3328 Ostrogo-

490 3329 615 3385 thas
653 3341 849 3405 regnat
880 3332 1266 3394 Hunimundus
1312 3341 1473 3398 annis
1507 3342 1562 3397 2.
1593 3343 1806 3416 (Bene)
1834 3346 2083 3404 Secunda

491 3422 737 3492 synodus
772 3425 1101 3485 universalis
1152 3430 1255 3485 150
1281 3441 1498 3503 patrum
1550 3434 2085 3510 Constantinopolim

488 3523 876 3587 congregatur,
896 3519 1122 3588 jubente
1148 3519 1460 3580 Theodosio
1477 3534 1531 3581 et
1549 3527 1832 3584 annitente
1848 3528 2085 3588 Damaso

489 3621 660 3678 papa;
720 3624 842 3681 qua:
876 3611 1255 3672 Macedonium
1296 3629 1587 3689 negantem
1634 3619 1897 3691 Spiritum
1951 3639 2075 3679 san-

486 3707 638 3756 ctum
671 3700 843 3759 Deum
868 3721 988 3762 esse
1010 3708 1405 3775 condemnans,
1430 3711 1954 3773 consubstantialem
1982 3714 2087 3771 Pa-

487 3790 559 3845 tri
587 3800 643 3847 ct
666 3791 805 3849 Filio
833 3793 1102 3866 Spiritum
1130 3806 1382 3853 sanctum
1406 3814 1529 3856 esse
1543 3800 1752 3870 docuit,
1771 3802 1912 3861 dans
1937 3820 2086 3878 spn-

485 3881 598 3938 boli
652 3884 908 3952 formam,
940 3903 1108 3958 quam
1153 3896 1265 3944 tota
1316 3887 1641 3948 Latinorum
1682 3902 1737 3951 et
1781 3894 2082 3954 Grecorum

486 3974 763 4031 confessio
789 3977 847 4032 in
886 3978 1136 4035 aacclesia
1165 3981 1233 4037 ad
1280 3982 1478 4040 missas
1503 3986 1862 4053 sollemnibus
1889 3989 2084 4048 diebus

486 4066 762 4124 decantat.
822 4067 925 4125 Hic
971 4071 1251 4127 decretum
1306 4083 1410 4143 est,
1466 4084 1528 4131 ut
1580 4075 2084 4153 Constantinopolis

489 4166 754 4228 tanquam
785 4176 939 4217 nova:
958 4159 1148 4219 Romae
1162 4165 1453 4238 cpiscopus
1467 4178 1593 4240 post
1612 4167 1923 4229 Romanum
1946 4191 2085 4246 pon-

486 4248 691 4305 tificem
742 4250 939 4309 habeat
972 4254 1337 4329 privilegium.
1375 4257 1662 4331 (Manum)
1704 4255 2082 4323 Priscillianus

495 4339 551 4395 in
585 4339 843 4412 Hispania
867 4344 1158 4417 episcopus
1180 4350 1422 4407 condens
1443 4351 1680 4410 heresim
1712 4356 1800 4412 sui
1820 4358 2080 4428 nominis,

490 4432 797 4488 :ccclesiam
843 4437 1143 4505 perturbat.
1176 4438 1461 4510 (Auccsr.,
1505 4441 1582 4499 De
1609 4443 1795 4501 haeres.
1837 4445 1949 4519 70.)
1983 4447 2083 4506 Hie

485 4537 753 4593 personas
774 4536 977 4584 saneta:
1003 4526 1288 4589 Trinitatis
1313 4534 1901 4607 confundebat,dicens
1926 4557 2081 4598 eum-
2114 4528 2159 4583 D

485 4614 611 4670 dem
649 4632 772 4673 esse
811 4617 1030 4677 Patrem
1090 4639 1253 4695 quem
1304 4625 1503 4683 Filium
1539 4637 1595 4684 et
1630 4630 1895 4701 Spiritum
1946 4649 2079 4690 san-

486 4716 661 4764 ctum.
709 4707 975 4767 Carnium
1001 4728 1158 4771 escas
1186 4732 1286 4787 pro
1313 4717 1611 4777 immundis
1658 4723 1919 4793 habebat;
1948 4740 2082 4781 cono

479 4798 662 4871 iuges,
706 4800 857 4862 viros
878 4819 911 4859 a
941 4806 1255 4864 nolentibus
1286 4809 1530 4881 feminis,
1563 4813 1798 4871 feminas
1828 4833 1859 4872 a
1890 4816 2081 4873 nolen-

483 4890 633 4948 tibus
668 4893 806 4950 viris
852 4897 1172 4968 separabat;
1212 4901 1488 4972 opificium
1529 4906 1711 4962 omnis
1750 4908 1935 4966 carnis
1970 4925 2078 4966 non

484 4981 599 5040 Deo
641 4984 786 5042 bono
821 4995 877 5043 et
918 5004 1073 5056 vero,
1129 4993 1224 5050 sed
1273 4996 1436 5052 malis
1483 4999 1693 5071 angelis
1727 5000 2075 5073 assignabat;

487 5076 699 5133 animas
750 5078 996 5149 ejusdem
1042 5092 1252 5141 natura:
1291 5094 1346 5142 et
1396 5089 1738 5161 substantiae,
1789 5093 1950 5165 cujus
1996 5106 2083 5153 est

481 5165 651 5239 Deus,
707 5185 832 5229 esse
878 5174 1111 5244 dicebat,
1152 5186 1207 5234 et
1241 5194 1337 5236 eas
1394 5182 1462 5237 ad
1514 5199 1744 5256 agonem
1800 5188 2075 5257 quendam

482 5271 872 5335 spontaneum,
899 5281 1009 5322 non
1039 5276 1220 5325 tamen
1251 5272 1308 5327 in
1344 5274 1506 5331 terris
1540 5279 1927 5348 exercendum,
1977 5297 2079 5352 per

2201 571 2532 626 descendere
2573 580 2625 626 et
2658 571 2711 625 in
2754 571 3051 641 malignum
3090 571 3389 641 principem
3422 567 3728 637 incurrere,
3761 588 3793 627 a

2201 680 2313 734 quo
2349 663 2615 719 mundum
2641 662 2809 717 istum
2858 659 3060 719 factum
3103 677 3229 719 esse
3262 662 3498 728 dicebat,
3521 669 3691 732 atque
3725 661 3796 716 ab

2203 755 2583 826 boc'principe
2620 771 2718 826 per
2764 748 2979 811 diversa
3025 754 3209 811 carnis
3236 760 3465 826 corpora
3493 753 3791 819 seminari;

2202 846 2454 903 homines
2475 863 2607 905 vero
2636 845 2891 903 fatalibus
2934 847 3106 905 stellis
3143 846 3448 918 colligatos,
3475 860 3796 917 corpusque

2202 950 2451 995 nostrum
2498 941 2798 996 secundum
2830 942 2898 997 l2
2937 940 3053 996 ca.~li
3082 940 3236 1011 signa
3275 939 3644 1010 compositum
3665 952 3794 994 esse

2200 1028 2434 1098 dicebat,
2481 1032 2824 1089 constituens
2857 1029 3096 1088 Arictem
3124 1031 3180 1086 in
3218 1030 3413 1102 capite,
3458 1029 3705 1086 Taurum
3732 1029 3790 1085 in

2199 1123 2431 1189 cervice,
2459 1122 2721 1185 Geminos
2751 1124 2809 1179 in
2840 1123 3107 1190 humeris,
3146 1121 3421 1179 Cancrum
3464 1123 3520 1178 in
3547 1131 3790 1194 pectore,

2200 1212 2436 1270 Leonem
2461 1213 2515 1271 in
2548 1215 2824 1284 manibus,
2855 1214 3131 1287 Virginem
3154 1215 3211 1271 in
3236 1222 3447 1282 ventre,
3478 1213 3703 1270 Libram
3735 1214 3790 1269 in

2200 1307 2483 1374 umbilico,
2515 1306 2803 1379 Scorpium
2837 1308 2893 1363 in
2917 1308 3092 1375 coxis,
3144 1307 3499 1379 Sagittarium
3534 1308 3589 1363 in
3619 1307 3792 1374 virili,

2199 1399 2501 1470 Aquarium
2547 1400 2602 1456 in
2635 1401 2838 1468 vesica,
2876 1400 3275 1472 Capricornum
3300 1400 3356 1455 in
3393 1399 3565 1464 tibiis,
3598 1398 3792 1456 Pisces

2200 1492 2253 1547 in
2293 1492 2512 1563 plantis.
2547 1491 2803 1565 (lnacws.
2832 1492 3094 1564 Manum.)
3144 1492 3321 1565 Super
3359 1493 3446 1549 his
3483 1492 3709 1549 auditus
3734 1492 3793 1547 in

2197 1585 2445 1642 conciliis
2488 1584 2892 1657 episcoporum,
2938 1583 3169 1642 Romam
3201 1585 3352 1657 petit,
3387 1587 3571 1657 ibique
3596 1599 3631 1641 a
3659 1602 3793 1642 san-

2197 1677 2300 1733 ctis
2322 1676 2558 1734 Damaso
2578 1689 2629 1735 et
2649 1679 2942 1736 Ambrosio
2966 1679 3302 1750 repudiatus,
3326 1679 3383 1734 in
3404 1677 3599 1734 Galliis
3641 1692 3789 1750 quo-

2197 1783 2305 1838 que
2358 1769 2412 1825 in
2466 1770 2675 1843 synodo
2726 1771 3127 1843 Burdcgalcnsc
3177 1779 3431 1827 aosancto
3465 1769 3706 1826 Martiae
3742 1771 3785 1801 “

2195 1862 2429 1933 aliisque
2460 1863 3048 1935 hcreticusjudicatus,
3084 1865 3177 1921 ubi
3200 1880 3259 1921 se
3292 1865 3665 1922 damnandum
3703 1865 3795 1920 in-o

2200 1954 2425 2022 teliexit,
2449 1956 2834 2025 imperatorem
2864 1955 3162 2012 Maximum
3189 1958 3443 2029 appellat.
3470 1958 3515 2011 A
3538 1972 3653 2029 quo
3679 1973 3790 2012 au-

2195 2044 2344 2102 ditus
2369 2054 2425 2103 et
2458 2048 2777 2118 episcopatu
2812 2048 3024 2119 pulsus,
3053 2047 3303 2105 Treveris
3323 2049 3393 2104 ab
3428 2047 3641 2104 Evodio
3662 2064 3791 2119 pre-

2196 2136 2339 2194 feeto
2382 2138 2672 2209 perimitur
2721 2155 2847 2196 eum
2900 2140 3089 2198 multis
3141 2142 3257 2197 suis
3286 2143 3637 2213 sequacibus,
3670 2142 3792 2196 edi»

2195 2238 2352 2287 cente
2381 2232 2730 2304 imperatore,
2762 2241 2823 2289 ut
2849 2234 3014 2305 hujus
3058 2243 3222 2291 secta:
3244 2235 3542 2306 comptices
3575 2236 3630 2290 in
3660 2233 3792 2292 His-

2196 2324 2357 2397 pania
2406 2326 2831 2397 perimerentur.
2874 2327 3114 2384 ltachius
3157 2337 3213 2383 et
3247 2326 3498 2385 Ursatius
3539 2329 3787 2401 episcopi

2194 2427 2546 2475 accusatores
2589 2417 2917 2476 Priscilliani
2948 2421 3337 2477 communione
3364 2422 3625 2478 :ecclesite
3670 2426 3789 2493 pri-

2193 2517 2395 2566 vantur
2422 2512 2492 2567 ab
2520 2511 2814 2583 episcopis,
2863 2511 3018 2569 nefas
3060 2528 3184 2569 esse
3220 2512 3551 2582 dicentibus,
3596 2516 3787 2585 cujus-

2194 2616 2413 2673 cunque
2467 2602 2613 2659 modi
2670 2603 2951 2661 hominem
3001 2604 3387 2676 episcoporum
3432 2608 3791 2665 accusatione

2192 2694 2399 2762 necari,
2444 2694 2683 2752 Maximo
2714 2696 3043 2767 imperatore
3076 2704 3132 2753 et
3178 2698 3456 2769 aliquibus
3507 2698 3791 2771 episcopis

2191 2783 2458 2841 itachium
2511 2795 2567 2843 et
2612 2786 2896 2844 Ursatium
2948 2788 3384 2847 defendentibus.
3436 2791 3504 2847 Et
3561 2794 3667 2849 hac
3717 2796 3791 2851 de

2192 2891 2359 2932 causa
2389 2886 2614 2934 sanctus
2645 2877 2913 2936 Martinus
2945 2897 2976 2936 a
3001 2880 3236 2937 Maximo
3270 2880 3615 2951 molestatur,
3652 2888 3788 2956 quia

2192 2968 2412 3027 nolebat
2440 2971 2849 3027 communicare
2891 2970 3207 3029 ltachianis.
3250 2972 3352 3028 Vix
3402 2983 3585 3031 tamen
3634 2977 3787 3032 obti-

2193 3060 2333 3126 nuit,
2349 3060 2854 3119 ntPriscillianistae
2874 3078 2982 3140 non
2996 3064 3395 3121 occiderentur.
3416 3065 3625 3140 (illam,
3660 3068 3788 3124 Vita

2190 3149 2251 3206 8.
2281 3151 2373 3223 P.)
2406 3150 2575 3211 Paula
2625 3152 2813 3212 Romae
2857 3138 3168 3229 proponens
3212 3138 3510 3227 Bethleem,
3547 3161 3621 3217 ibi
3653 3176 3786 3217 cum

2189 3243 2298 3300 ﬁlia
2336 3244 2635 3302 Eustochio
2666 3248 2957 3304 aneillatur
2981 3248 3222 3317 Christo,
3244 3258 3300 3306 et
3332 3261 3522 3309 sancte
3546 3253 3785 3310 vivendo

2188 3339 2390 3396 multas
2427 3340 2496 3395 ad
2526 3341 2915 3398 emulationem
2943 3344 3251 3402 sanctitatis
3277 3345 3487 3403 incitat.

2256 3471 2383 3527 587.
2496 3473 2547 3529 1.
2665 3475 2716 3530 7.
2825 3476 2879 3532 2.
2996 3477 3047 3534 7.
3163 3479 3214 3536 7.
3328 3481 3385 3537 5.
3501 3484 3555 3539 1.
3654 3485 3708 3542 7.

2260 3563 2522 3635 (Paosp.;
2578 3565 2643 3622 (ἱ.
2700 3570 2873 3641 pom.)
2928 3567 3160 3628 Sirieius
3220 3571 3482 3633 Romana:
3534 3578 3807 3641 ecclesias.

2187 3654 2315 3709 57M
2346 3657 2390 3689 “
2415 3658 2675 3728 presidet.
2720 3659 2820 3718 Hic
2841 3664 3148 3734 constituit,
3172 3666 3471 3725 herctiCum
3507 3673 3789 3742 pomiten-

2189 3754 2295 3803 tem
2321 3763 2420 3819 per
2467 3751 2871 3822 impositionem
2922 3772 3122 3814 manus
3174 3760 3531 3817 sacerdotalis
3559 3764 3633 3819 ab
3668 3780 3785 3821 aec-

2186 3838 2351 3895 clesia
2385 3856 2509 3898 esse
2540 3844 2936 3917 recipiendum.
2967 3847 3069 3906 Hic
3098 3849 3414 3910 Manicheos
3454 3853 3644 3911 Romae
3688 3857 3782 3913 in-

2183 3937 2379 3986 ventos
2419 3932 3072 3996 cxsiliavit.'Ambrosius
3110 3942 3385 4014 episcopis
3423 3944 3590 4000 ritum
3632 3947 3783 4003 anti-

2184 4021 2398 4091 phonas
2419 4025 2476 4079 in
2499 4027 2746 4085 aecelesia
2774 4032 3007 4087 canendi
3027 4034 3242 4103 primus
3266 4037 3332 4092 ad
3350 4036 3577 4093 Latinos
3597 4047 3786 4099 trans-

2184 4115 2308 4170 tulit
2329 4130 2362 4171 a
2391 4115 2602 4188 Grecis,
2639 4122 2783 4192 apud
2807 4138 2949 4196 quos
2991 4124 3083 4182 hic
3132 4127 3271 4183 ritus
3294 4129 3620 4198 jamdudum
3661 4132 3785 4187 inc.

2185 4205 2409 4275 leverat,
2454 4224 2520 4264 ex
2581 4210 2834 4269 instituto
2879 4213 3071 4287 ignatii
3119 4218 3409 4277 Antioceni
3458 4224 3702 4296 episcopi
3728 4236 3786 4283 et

2184 4298 2561 4367 apostolorum
2603 4301 2880 4374 discipuli,
2912 4308 3005 4378 qui
3052 4325 3151 4380 per
3181 4311 3450 4369 visionem
3491 4314 3547 4370 in
3579 4317 3779 4373 caelum

2185 4398 2397 4459 raptus,
2431 4390 2569 4448 vidit
2609 4402 2666 4449 et
2707 4397 2937 4467 audivit,
2984 4403 3263 4471 quomodo
3286 4406 3464 4477 angeli
3494 4421 3592 4477 per
3628 4410 3797 4464 anti-.

2184 4481 2492 4550 phonarum
2536 4487 3026 4560 reciprocationem
3067 4511 3263 4567 ymnos
3298 4507 3503 4556 sancta.-
3525 4499 3781 4559 Trinitati

2185 4574 2476 4633 canebant.
2494 4576 2697 4653 (Cass)
2723 4582 2920 4641 Franci
2947 4584 3270 4653 Quintinum
3297 4599 3353 4647 et
3366 4590 3644 4649 Eraclium
3671 4593 3783 4649 Ro-

2186 4679 2477 4723 manorum
2502 4669 2671 4727 duces
2698 4688 2826 4729 eum
2850 4677 3110 4733 omnibus
3133 4695 3285 4751 paene
3313 4681 3432 4738 suis
3455 4681 3613 4753 juxta
3648 4683 3782 4740 Tre-

2184 4757 2358 4813 verim
2391 4758 2590 4817 delent.
2626 4762 2867 4839 (Paosp.)
2890 4767 2948 4823 in
2980 4767 3191 4843 Egypto
3217 4771 3499 4830 Johanncs
3528 4777 3779 4832 anacho-

2185 4850 2292 4907 rita
2322 4854 2626 4931 sanctitate
2652 4867 2706 4914 et
2727 4860 3027 4932 prophetiae
3056 4865 3254 4934 spiritu
3279 4867 3468 4924 claret.

2255 5002 2379 5058 588.
2492 5002 2546 5060 2.
2660 5006 2713 5062 8.
2827 5009 2880 5065 5.
2994 5010 3048 5066 8.
3163 5012 3217 5068 8.
3328 5016 3382 5070 4.
3496 5016 3552 5071 2.
3648 5018 3702 5072 8.

2260 5094 2502 5169 (Paosr.)
2526 5099 2770 5170 Corpora
2800 5103 3046 5158 Gervasii
3081 5114 3135 5159 et
3162 5103 3434 5163 Prothasii
3484 5108 3775 5166 martirum

2185 5188 2477 5246 Mediolani
2506 5192 2576 5248 ab
2610 5195 2900 5251 Ambrosio
2925 5209 3134 5268 reperta
3166 5210 3313 5256 sunt.
3347 5200 3551 5273 (Jonm)
3578 5203 3776 5261 Ostro-

2184 5284 2366 5355 gothis
2401 5295 2592 5358 regnat
2614 5286 2905 5347 Horismud
2937 5293 3099 5349 annis
3123 5293 3358 5353 duobus.

1789 5395 1876 5450 VA
1891 5395 2032 5452 RIA‘I
2072 5397 2475 5456 LEGTIONES.

2154 5491 2195 5522 ¹¹
2233 5506 2265 5545 a
2302 5494 2508 5574 sanctis
2532 5528 2600 5538 —
2619 5497 2853 5574 Marttno
2880 5499 2993 5571 Sig.
3020 5503 3130 5574 ipse
3149 5519 3203 5558 in
3232 5520 3449 5573 rasura,
3477 5516 3568 5562 sed
3589 5507 3770 5562 eodem

554 5470 599 5502 ’°
632 5470 898 5544 Damasus
934 5506 1006 5516 —
1032 5475 1226 5535 Latine
1253 5482 1309 5536 in
1337 5499 1529 5539 rasura
1558 5486 1609 5541 i.
1646 5486 1834 5543 desunt
1857 5490 1949 5544 uni
1972 5489 2036 5543 Δ.

480 5540 815 5615 quantique
848 5554 1168 5615 atramento,

480 5619 532 5670 et
554 5611 632 5666 sic
661 5611 819 5684 porro
845 5615 907 5672 Β.
932 5615 994 5674 C.
1037 5618 1099 5675 D.
1126 5611 1188 5677 Ε.
1214 5611 1286 5693 Er.
1325 5642 1378 5679 α.
1417 5626 1541 5683 599.

1200 5552 1367 5648 igitur
1388 5556 1591 5648 saltim,
1621 5575 1782 5630 quam
1812 5568 1953 5615 talus
1975 5561 2139 5616 codex
2188 5566 2553 5638 conﬁceretur,
2586 5552 2853 5627 amiciri}

3481 5579 3525 5611 "
3551 5576 3773 5634 XXXVI

2007 5724 2233 5785 NOTAE.

550 5795 723 5871 μάθ’)
753 5797 836 5854 Cf.
864 5800 1009 5860 Non.
1049 5804 1210 5879 Legg.
1244 5806 1306 5877 11,
1336 5810 1392 5878 2,
1426 5811 1513 5866 55.
