4046 6318
186 297 256 353 69
1642 279 2011 340 annorum.
3392 295 3476 377 70"

280 404 411 462 589.
490 402 558 460 R.
607 403 661 459 5.
737 402 797 458 Ρ.
852 402 906 459 9.
984 399 1044 456 F.
1108 401 1161 456 4.
1238 399 1298 453 ll.
1362 398 1415 454 9.
1492 397 1581 452 νιν.
1627 398 1680 453 9.

679 494 769 552 W.
802 496 856 551 5.
931 493 997 550 Ο.
1025 495 1075 549 1.
1152 491 1217 547 11.
1249 492 1298 547 9.

257 591 511 660 (Pnosr.,
551 590 747 657 ΒευΑ.)
795 588 1213 644 Valentinianus
1261 583 1769 657 impcrator,Maxi-

186 694 346 738 mum
395 680 632 752 fugiens,
682 677 1213 751 Constantinopolim
1258 678 1428 744 venit,
1452 686 1507 732 et
1534 692 1564 732 a
1596 676 1775 733 Theo-

186 774 352 830 dosio
394 783 623 846 paterne
653 772 968 844 suscipitur.
1001 770 1242 843 (Pnosr.)
1271 770 1609 841 Augustinus
1648 785 1773 825 cum

186 871 338 921 esset
378 861 721 929 Manicheus,
770 878 870 933 per
898 862 1247 917 Ambrosium
1278 860 1345 915 ad
1369 868 1572 916 rectam
1612 860 1774 916 ﬁdem

188 958 554 1024 convertitur,
580 965 636 1012 et
654 955 859 1012 relictis
898 953 1063 1010 scolis
1094 953 1419 1024 baptizatur.

259 1048 393 1106 390.
506 1049 560 1105 4.
639 1047 726 1103 to.
775 1073 779 1077 ν
836 1048 891 1102 5.
969 1046 1056 1102 to.
1134 1045 1221 1101 ll).
1334 1045 1387 1101 6.
1462 1044 1553 1100 ε.
1614 1044 1701 1100 ιο.
1766 1055 1777 1116 έ

261 1141 549 1213 (Ιωλοιυε.)
578 1136 849 1195 Maximus
874 1139 1129 1194 tirannus
1149 1139 1217 1194 ab
1239 1137 1526 1194 Ambrosio
1554 1154 1775 1193 excom-

190 1235 531 1302 municatus,
555 1233 681 1305 quia
710 1233 911 1305 corrigi
936 1232 1172 1299 noluit,a
1194 1226 1502 1287 Theodosio
1516 1230 1780 1301 Aquileiae

190 1329 247 1385 in
268 1327 416 1383 bello
440 1327 762 1398 perimitur;
787 1333 841 1383 et
859 1323 1516 1395 Valentinianusimperio
1537 1325 1779 1381 restitui-

190 1430 300 1476 tur.
332 1416 542 1492 (Jonn.)
569 1418 882 1492 OstrogOthi
936 1417 1057 1475 sine
1094 1432 1219 1489 rege
1248 1417 1469 1473 fuerunt
1491 1417 1652 1473 annis
1686 1416 1775 1473 40.

259 1510 392 1565 591.
511 1510 731 1567 5.11.
843 1509 1062 1564 6.’11.
1140 1507 1227 1563 11.
1340 1507 1393 1562 7.
1507 1509 1705 1563 1.11.

262 1601 887 1675 (Pnosr.)_Theodosius
916 1600 1216 1671 imperator
1260 1599 1499 1655 immane
1544 1598 1779 1668 facinus,

189 1695 339 1767 quod
390 1693 685 1760 commisit,
730 1693 950 1764 quando
978 1690 1353 1749 Thesalonicae
1396 1700 1601 1763 septem
1631 1691 1781 1748 milia

192 1784 395 1840 civium
424 1783 552 1840 fecit
593 1784 768 1839 occidi
790 1784 845 1838 in
879 1783 1142 1839 ultionem
1164 1783 1411 1855 judicum
1435 1783 1490 1839 in
1515 1785 1779 1841 seditione

193 1878 528 1943 occisorum,
564 1876 814 1932 imitabili
843 1877 1073 1947 publicae
1092 1877 1403 1947 penitentiae
1424 1879 1674 1948 exemplo
1696 1878 1779 1933 di-

192 1969 313 2035 luit,
343 1969 419 2023 ab
460 1968 753 2024 Ambrosio
776 1968 1022 2024 :ecclesia
1069 1969 1330 2024 exclusus
1362 1978 1417 2024 et
1465 1968 1657 2024 humili
1691 1984 1780 2024 sa-

191 2057 513 2117 tisfactione
557 2060 967 2115 reconciliatus.
1014 2057 1210 2131 (lbid.)
1246 2057 1542 2130 Gregorius
1568 2059 1781 2129 episco-

191 2166 295 2224 pus
350 2150 713 2208 Nazanzenus
759 2151 912 2207 obiit.
955 2151 1285 2207 Ambrosius
1331 2158 1457 2221 post
1514 2149 1778 2206 Hilarium

194 2243 574 2300 Pictavensem
604 2258 800 2316 ymnos
832 2243 889 2298 in
941 2243 1187 2299 aecclesia
1233 2243 1511 2299 canendos
1568 2241 1781 2314 primus

196 2337 526 2408 composuit.
570 2335 906 2392 Claudianus
933 2335 1148 2407 gentilis
1192 2346 1351 2407 poeta
1380 2335 1564 2392 Romae
1590 2337 1776 2391 claret.

262 2430 391 2486 592.
509 2428 563 2484 6.
640 2429 729 2483 12.
842 2427 893 2483 7.
971 2427 1058 2483 12.
1141 2427 1223 2483 12.
1338 2428 1390 2484 8.
1502 2428 1706 2483 2.12.

262 2521 471 2594 (Cass.)
503 2520 681 2592 Caput
708 2519 977 2576 Johannis
1017 2521 1269 2591 baptista:
1289 2537 1319 2576 a
1339 2519 1649 2577 Theodosio
1680 2522 1783 2575 im-

193 2622 449 2687 peratore
465 2612 999 2683 Constantinopolim
1018 2613 1345 2668 translatum
1370 2622 1471 2667 est.
1489 2610 1645 2679 Quod
1655 2630 1781 2668 cum

195 2704 398 2761 Valens
448 2705 747 2775 imperator
787 2704 917 2760 olim
977 2704 1106 2760 illuc
1157 2704 1424 2760 voluisset
1465 2704 1779 2771 transferre,

193 2798 536 2864 vehiculum,
575 2798 633 2852 in
671 2811 785 2868 quo
836 2806 1090 2853 sanctum
1119 2806 1283 2869 caput
1311 2796 1609 2866 ferebatur,
1632 2799 1784 2855 nullo

195 2890 359 2946 modo
383 2888 597 2944 moveri
620 2889 820 2960 potuit.

263 2981 391 3037 595.
503 2980 556 3034 7.
655 2980 742 3035 15.
845 2978 899 3034 8.
1006 2979 1094 3034 15.
1172 2978 1260 3033 15.
1337 2980 1391 3035 9.
1469 2981 1524 3035 5.
1620 2983 1708 3037 15.

1812 399 1858 455 A
1886 413 2091 454 annum
2132 398 2187 457 in
2229 400 2353 457 aula
2399 401 2789 474 imperatorum
2838 404 3073 476 gloriose
3103 406 3363 475 militans,
3393 424 3460 463 ex

1876 504 2130 551 senatore
2173 493 2233 549 ﬁt
2280 496 2607 563 menachus,
2648 506 2701 552 et
2733 512 2832 568 per
2870 513 3046 555 annos
3082 500 3152 555 55
3182 499 3235 555 in
3273 516 3462 556 eremo

1877 586 2185 644 sanctitatis
2208 588 2457 659 exemplo
2491 589 2749 645 omnibus
2788 590 3055 647 mirabilis
3083 592 3296 649 enituit.
3328 591 3459 649 Hie-

1876 677 2093 733 ronimo
2127 676 2429 748 scripturas
2456 693 2645 735 sacras
2691 681 2891 737 veteris
2936 682 3245 737 testamenti
3277 683 3341 739 de
3364 680 3464 739 He-

1876 769 2062 825 braica
2087 771 2315 827 veritate
2357 771 2413 827 in
2457 770 2706 827 Latinam
2740 773 2982 845 linguam
3005 784 3267 842 vertente,
3298 775 3463 831 editio

1877 861 2021 916 LXX
2064 862 2443 935 interpretum,
2488 880 2610 936 qua:
2637 866 2922 921 tenebatur
2942 882 2971 921 a
3002 865 3213 922 cunctis
3241 873 3295 921 et
3323 865 3460 921 Gre-

1877 955 2032 1010 ciS'et
2052 954 2286 1025 Latinis,
2312 958 2476 1028 cmpit
2506 956 2561 1012 in
2585 957 2840 1014 secundis
2862 959 3072 1013 haberi.
3090 957 3246 1026 Quod
3269 967 3459 1014 contra

1880 1048 2242 1104 inveteratum
2286 1050 2548 1107 aacclesia:
2594 1065 2757 1107 usum
2794 1050 2910 1106 ﬁeri
2932 1052 3187 1122 quamvis
3213 1052 3386 1106 sancti
3408 1060 3464 1105 et

1878 1141 2024 1196 docti
2068 1141 2172 1196 viri
2199 1156 2327 1213 egre
2362 1141 2586 1211 ferrent,
2622 1143 2888 1215 prevaluit
2934 1152 3115 1199 tamen
3162 1142 3462 1198 auctoritas

1880 1229 2160 1290 Hebraica:
2179 1233 2445 1300 veritatis,
2475 1242 2765 1305 postquam
2792 1235 2989 1305 patuit,
3015 1244 3279 1306 quantum
3309 1236 3378 1290 ab
3397 1251 3461 1290 ea

1880 1322 2256 1395 discreparent
2282 1322 2424 1379 LXX
2454 1326 2800 1397 interpretes.
3143 1327 3147 1331 ’

1951 1414 2078 1471 596.
2154 1414 2241 1471 10.
2320 1416 2407 1473 16.
2486 1417 2571 1473 11.
2651 1418 2737 1474 16.
2816 1416 2903 1473 16.
2982 1418 3068 1473 12.
3180 1414 3235 1474 6.
3301 1418 3387 1473 16.

1954 1505 2052 1580 (Η.
2078 1507 2175 1578 m.)
2202 1506 2316 1564 Hoc
2342 1520 2584 1580 tempore
2607 1509 2661 1565 in
2690 1511 2915 1567 castello
2936 1508 3118 1565 Judcae
3140 1509 3342 1567 Emaus
3368 1527 3466 1565 na«

1882 1607 1972 1655 tus
1995 1608 2080 1656 est
2106 1599 2555 1691 puer‘perfectus,
2587 1602 2656 1658 ab
2688 1603 2947 1659 umbilico
2988 1612 3043 1657 et
3070 1617 3290 1658 sursum
3322 1603 3463 1658 divi-

1885 1708 1999 1760 sus,
2040 1692 2115 1747 ita
2159 1680 2490 1750 ut'baberet
2520 1693 2631 1749 duo
2672 1704 2893 1766 pectora
2932 1703 2985 1750 ct
3013 1695 3123 1751 duo
3166 1695 3364 1765 capita,
3411 1703 3467 1751 ct

1884 1785 2264 1857 unusquisque
2296 1801 2492 1843 sensus
2521 1787 2801 1858 proprios;
2838 1794 2894 1843 ct
2916 1802 3060 1843 unus
3088 1787 3282 1843 edebat
3306 1796 3361 1842 et
3380 1786 3467 1841 bi--

1880 1877 2061 1945 bebat,
2095 1887 2149 1933 et
2170 1879 2308 1933 alter
2338 1894 2447 1933 non
2472 1878 2699 1947 edebat;
2724 1894 2869 1934 unus
2902 1879 3225 1946 dormiebat,
3253 1887 3305 1934 et
3329 1878 3468 1933 alter

1881 1966 2173 2038 vigilabat;
2222 1982 2637 2039 nonnumquam
2673 1969 2897 2025 insimul
2940 1970 3302 2037 dormiebant,
3331 1969 3467 2025 insi-

1879 2055 1993 2109 mul
2020 2063 2202 2111 tamen
2231 2056 2490 2112 ludebant
2519 2057 2587 2112 ad
2632 2058 2978 2127 alterutrum,
3031 2068 3082 2115 et
3131 2059 3293 2115 ﬁebat
3320 2069 3467 2115 uter-

1880 2160 2006 2215 que,
2030 2154 2085 2201 et
2118 2144 2496 2217 percutiebant
2539 2147 2793 2205 invicem.
2825 2149 2997 2207 Porro
3023 2151 3276 2207 vixerunt
3305 2152 3481 2227 anuis.

1883 2236 2053 2294 ferme
2097 2238 2332 2306 duobus,
2361 2246 2417 2294 et
2448 2255 2593 2295 unus
2639 2238 2859 2312 quidem
2911 2244 3164 2299 mortuus
3197 2251 3302 2310 est,
3332 2244 3470 2298 alter

1883 2344 2010 2385 vero
2053 2331 2356 2401 supervixit
2402 2330 2596 2387 diebus
2624 2340 2880 2403 quatuor.
2912 2328 3192 2407 (Manum)
3225 2333 3469 2390 Valenti-

1882 2423 2082 2478 nianus
2107 2423 2402 2494 imperator
2423 2424 2593 2479 nimia
2637 2426 2954 2482 austeritate
2982 2425 3323 2499 Armogastis
3344 2440 3432 2481 ma
3448 2456 3466 2467 η·

1883 2514 2037 2586 gistri
2068 2515 2303 2570 militum
2347 2515 2415 2571 ad
2446 2516 2571 2572 vita:
2605 2518 2821 2573 taedium
2854 2519 3149 2589 perductus
3174 2519 3238 2587 ",
3269 2519 3467 2589 laano

1883 2605 2049 2660 vitam
2096 2604 2290 2659 ﬁnivit.
2321 2603 2599 2677 Eugenius
2634 2607 2840 2663 auxilio
2866 2608 3185 2679 Arbogastis
3218 2608 3433 2680 tyranni
3453 2637 3467 2647 -

1885 2707 1990 2752 zat.
2034 2696 2247 2770 (BEDA.)
2278 2698 2519 2770 Corpora
2568 2699 2791 2757 Abacuc
2811 2708 2866 2756 et
2893 2699 3130 2757 .Micheaa
3173 2699 3469 2772 propheta—

1885 2804 2007 2844 rum
2055 2789 2385 2845 revelantur.
2433 2789 2682 2846 Didimus
2720 2789 2802 2846 Ab
2850 2789 3036 2846 Oculis
3086 2806 3234 2847 anno
3292 2793 3471 2846 uitatis

1885 2879 1986 2935 85°
2018 2880 2362 2937 Alexandriae
2390 2882 2546 2937 obiit.
2974 2894 2977 2897 ν
3474 2874 3479 2877 ’

1956 2972 2081 3029 597.
2160 2975 2246 3030 11.
2324 2973 2412 3030 17.
2488 2975 2579 3029 12.
2656 2974 2744 3029 17.
2821 2974 2909 3029 17.
2988 2974 3075 3030 15.
3191 2974 3243 3030 7.
3306 2975 3393 3031 17.

262 3071 513 3145 (Ριιοςιι.)
555 3071 824 3137 Terribile
869 3071 926 3126 in
958 3071 1091 3127 ctelo
1132 3072 1348 3143 signum
1391 3074 1661 3130 columnae
1689 3091 1785 3146 per
1810 3086 1854 3152 ρ
1959 3066 2201 3140 (Pnosr.)
2228 3066 2571 3125 Theodosius
2605 3067 2906 3140 Eugenium
2937 3078 2991 3125 et
3024 3069 3382 3141 ArbOgastem
3414 3070 3469 3124 in

197 3164 381 3221 omnia
422 3165 604 3221 simile
633 3163 905 3235 apparuit.
946 3162 1007 3219 In
1046 3162 1307 3235 Hispania
1345 3163 1673 3223 Prudentius
1703 3165 1785 3239 ly-

195 3256 343 3312 ricus
370 3264 536 3328 poeta
566 3255 764 3312 claret.
1530 3276 1535 3279 ι

265 3347 393 3404 594.
512 3347 568 3404 8.
647 3348 739 3405 14.
847 3347 901 3405 9.
978 3348 1068 3403 14.
1146 3348 1234 3404 14.
1312 3348 1399 3404 10.
1472 3349 1567 3405 94.
1624 3350 1712 3405 14.

268 3439 490 3511 mem.)
539 3437 893 3497 Hieronimus
948 3439 1150 3495 librum
1191 3438 1487 3495 illustrium
1542 3438 1785 3495 virorum

199 3532 286 3589 hic
312 3532 457 3601 ﬁnit;
475 3531 799 3588 Gennadius
826 3531 1029 3587 abhinc
1059 3531 1267 3604 incipit.
1296 3532 1537 3605 (Puosr.)
1554 3531 1789 3589 Alexan-

200 3624 330 3680 driae
359 3623 526 3695 jussu
549 3620 848 3679 Theodosii
871 3624 1075 3694 templa
1120 3624 1393 3681 idolorum
1418 3640 1449 3680 a
1483 3624 1788 3696 Theophila

200 3716 458 3788 episcopo
476 3716 857 3783 destruuntur,
878 3724 933 3772 et
953 3731 1146 3772 everso
1159 3715 1372 3773 famoso
1399 3713 1619 3788 Serapis
1634 3716 1785 3786 fano,

200 3806 526 3879 martyrium
557 3804 634 3860 ibi
666 3812 1043 3873 consecratur,
1073 3813 1128 3861 et
1161 3805 1216 3860 in
1247 3819 1314 3860 eo
1347 3820 1471 3862 ossa
1520 3803 1789 3861 Johannis

201 3896 451 3968 baptista!
492 3896 897 3965 reconduntur;
925 3912 1049 3967 quae
1075 3896 1181 3952 hoc
1208 3897 1371 3953 modo
1404 3896 1788 3953 Alexandriam

203 3989 463 4043 translata
514 3986 754 4046 fuerant.
796 3986 1034 4061 (Herm,
1080 3989 1133 4044 Ιι.
1172 3988 1245 4060 e.)
1280 3989 1540 4061 Apostata
1566 3988 1789 4047 Juliano

204 4078 503 4148 imperante
531 4087 588 4133 et
625 4087 815 4133 contra
856 4076 1138 4134 Christum
1168 4078 1402 4149 furente,
1446 4081 1641 4152 pagani
1663 4097 1788 4138 ossa

203 4167 475 4226 Johannis
500 4170 756 4241 baptista:
784 4169 839 4225 in
872 4171 1008 4226 urbe
1051 4169 1298 4226 Samaria
1341 4172 1539 4243 sepulti
1561 4172 1789 4228 eﬁ'racto

206 4264 455 4333 sepulcro
498 4264 852 4320 extrahentes
888 4263 1274 4335 diSpergebant
1316 4280 1412 4335 per
1437 4280 1597 4337 agros
1616 4280 1790 4336 eaque

206 4360 396 4411 rursus
421 4355 652 4411 collecta
682 4354 795 4427 igni
848 4356 1184 4423 cremabant,
1214 4364 1268 4411 et
1302 4365 1522 4412 sanctos
1574 4357 1786 4413 cineres

1888 3158 2030 3213 bello
2053 3159 2290 3229 perimit,
2304 3168 2359 3214 et
2375 3159 2490 3231 ipse
2516 3174 2624 3215 non
2655 3161 2827 3215 multo
2848 3171 2973 3231 post
2986 3163 3141 3218 obiit.
3157 3161 3284 3217 Post
3304 3178 3468 3233 quem

1887 3249 1982 3304 ﬁlii
2009 3250 2129 3320 ejus
2154 3249 2460 3306 Archadius
2489 3260 2543 3305 et
2586 3249 2862 3307 Honorius
2891 3252 3165 3322 imperant
3193 3252 3354 3307 annis
3381 3252 3467 3306 15.

1889 3339 1984 3411 (γ.
2012 3341 2223 3413 Ambr.)
2250 3341 2496 3412 Corpora
2518 3340 2734 3397 Nazarii
2774 3353 2828 3399 et
2855 3342 3001 3400 Celsi
3037 3344 3325 3399 martirum
3355 3341 3472 3399 Me-

1887 3432 2090 3495 diolani
2118 3433 2190 3488 ab
2212 3432 2507 3489 Ambrosio
2540 3440 2754 3504 reperta
2794 3444 2848 3491 et
2879 3436 3053 3491 levata
3074 3446 3221 3492 sunt.

1958 3524 2084 3580 598.
2197 3524 2249 3579 1.
2327 3522 2414 3579 18.
2493 3523 2580 3579 15.
2657 3522 2745 3580 18.
2824 3525 2911 3580 18.
2991 3526 3079 3581 14.
3194 3526 3248 3582 8.
3311 3525 3399 3583 18.

1961 3614 2205 3690 (Pnosr.)
2241 3615 2749 3686 Constantinopolis
2808 3616 2945 3671 iram
3001 3615 3097 3671 Dei
3149 3616 3472 3680 formidans.

1890 3710 2014 3783 igne
2042 3725 2206 3782 super
2232 3710 2433 3766 nubem
2469 3709 2785 3766 terribiliter
2814 3708 3084 3782 fulgente,
3111 3708 3179 3765 ad
3219 3711 3438 3781 peniten
3456 3741 3472 3752 -

1889 3800 2022 3856 tiam
2038 3815 2305 3857 conversa
2324 3801 2520 3856 evasit.
2548 3798 2782 3857 Ruﬁnus
2796 3801 3058 3873 magister
3070 3800 3276 3857 militize
3299 3801 3476 3857 orien—

1892 3894 2018 3950 talis
2038 3894 2331 3961 rebellans,
2358 3908 2389 3948 a
2415 3891 2676 3949 Stilicone
2706 3894 2970 3966 magistro
2991 3893 3199 3950 militiae
3218 3892 3475 3951 occiden-

1892 3985 2016 4042 talis
2044 3984 2353 4057 pcrimitur.
2381 3985 2543 4043 Gildo
2592 4002 2779 4044 comes
2804 3986 3002 4043 Africae
3027 3988 3320 4057 rebellans,
3342 3978 3479 4044 con-

1891 4088 2046 4134 sueta
2082 4074 2351 4150 stipendia
2379 4077 2644 4136 Romanis
2667 4080 2957 4151 subtraxit,
2982 4096 3144 4151 quem
3168 4097 3275 4137 non
3304 4082 3477 4136 multo

1890 4183 2016 4245 post
2046 4172 2234 4230 Stilico
2275 4174 2626 4242 interﬁciens,
2668 4172 2909 4229 Africam
2940 4172 3005 4229 ad
3050 4174 3143 4244 jus
3181 4173 3476 4245 pristinum

1890 4263 2117 4336 redegit.
2165 4262 2368 4336 (Jonn.)
2416 4262 2710 4336 Wisigothi
2744 4273 2908 4336 rupto
2938 4280 3062 4319 eum
3088 4263 3353 4319 Romanis
3397 4261 3481 4319 fe-'

1890 4355 2041 4421 dere,
2071 4354 2350 4410 Alaricum
2387 4369 2550 4425 super
2574 4370 2634 4411 se
2661 4369 2844 4425 regem
2872 4363 3081 4421 creant,
3114 4354 3207 4425 qui
3232 4353 3480 4425 regnavit

205 4445 408 4515 pulveri
436 4446 719 4501 immixtos
738 4461 835 4516 per
862 4462 987 4501 aera
1014 4445 1419 4518 dispergebant.
1443 4446 1549 4503 Sed
1566 4448 1790 4519 quidam
1819 4430 1870 4492 Ῐ)
1895 4446 2055 4501 annis
2086 4445 2153 4501 18
2180 4446 2245 4500 ⁸⁸.

207 4537 456 4593 monachi
474 4535 938 4594 exHierosolimis
961 4539 1195 4593 immixti
1219 4539 1525 4595 furentibus
1538 4540 1786 4612 paganis,

207 4638 472 4702 quotquot
494 4639 794 4702 potuerunt
823 4646 948 4687 ossa
974 4632 1310 4704 collegerunt
1328 4640 1384 4687 et
1425 4632 1493 4687 ad
1534 4632 1787 4688 abbatem

208 4735 361 4777 suum
402 4722 716 4794 Philippum
740 4722 1081 4780 Hierusalem
1132 4724 1461 4780 detulerunt.
1506 4723 1788 4796 PhEIippus

208 4825 266 4865 ea
287 4812 592 4869 Athanasio
615 4813 873 4883 episcopo
908 4813 1248 4869 Alexandria:
1275 4814 1444 4869 misit.
1506 4813 1788 4887 (Manum)

213 4897 441 4957 Sanctus
465 4901 742 4957 Patricius
772 4902 995 4959 Scottus
1032 4903 1087 4958 in
1119 4902 1377 4960 Hibernia
1404 4921 1530 4961 cum
1555 4907 1672 4962 suis
1692 4923 1787 4963 so-

211 4992 422 5049 roribus
455 4993 749 5063 venditur;
796 4994 914 5063 ubi,
939 5009 1067 5051 cum
1097 5005 1247 5053 esset
1293 4998 1438 5068 regis
1481 5000 1788 5070 porcarius,

210 5083 378 5151 angeli
409 5098 540 5154 sepe
564 5083 841 5156 colloquio
862 5085 1082 5141 fruitur.

275 5173 398 5228 595.
513 5174 569 5230 9.
648 5176 737 5231 15.
815 5175 902 5231 10.
979 5177 1069 5233 15.
1147 5179 1235 5235 15.
1314 5180 1401 5235 11.
1514 5180 1567 5237 5.
1627 5182 1714 5238 15.

276 5262 541 5323 Arscnius
570 5263 761 5323 Romae
793 5267 984 5338 claret,
1019 5268 1114 5340 qui
1144 5284 1323 5341 usque
1344 5270 1413 5326 ad
1432 5270 1579 5326 40w
1609 5275 1788 5331 aetatis

1963 4537 2087 4594 599.
2199 4538 2255 4592 2.
2333 4537 2422 4594 19.
2500 4539 2588 4593 11.
2666 4538 2756 4594 19.
2833 4538 2921 4593 19.
3033 4538 3085 4592 1.
3200 4536 3253 4593 9.
3317 4534 3404 4590 19.

1963 4629 2050 4703 (G.
2085 4639 2266 4702 pont.;
2303 4629 2574 4699 Manum;
2617 4630 2803 4701 Cass.)
2844 4629 3172 4683 Anastasius
3218 4628 3482 4683 Romana!

1891 4726 2154 4783 mcclesia‘.
2199 4726 2328 4782 57ιι³
2378 4728 2423 4760 ⁸⁵
2470 4726 2727 4798 presidet.
2764 4724 3044 4795 (Manum)
3080 4721 3315 4778 Sanctus
3342 4720 3481 4774 Mar-

1894 4818 2043 4874 tinus
2074 4819 2375 4874 secundum
2411 4818 2679 4890 quosdam
2710 4818 2847 4873 obiit
2867 4819 2974 4873 hoc
3000 4831 3164 4872 anno.
3191 4813 3477 4886 (Genuam)

1893 4910 2187 4966 Florebant
2220 4911 2276 4965 in
2307 4910 2549 4966 tecclesia
2574 4910 2679 4966 hoc
2717 4917 2967 4981 tempore
3013 4908 3186 4964 sancti
3229 4914 3285 4963 et
3332 4905 3477 4961 docti

1891 5004 2016 5070 viri,
2066 4991 2345 5060 Johannes
2392 5002 2765 5060 Crisostomus
2811 5001 3318 5071 Constantinopolis
3364 5015 3481 5072 epi-

1893 5111 2113 5166 scopus,
2138 5096 2428 5152 sanctitate
2471 5096 2693 5166 quidem
2733 5103 2790 5151 et
2815 5094 3045 5150 scientia
3070 5093 3275 5159 clarus,
3307 5097 3400 5146 sed
3424 5091 3479 5144 in

1893 5188 2147 5245 facundia
2199 5203 2301 5244 sua
2359 5189 2601 5245 severior
2634 5196 2690 5243 et
2735 5188 2963 5244 liberior
3006 5187 3187 5259 justo;
3235 5183 3483 5237 Donatus

1893 5278 2043 5350 Epiri
2068 5279 2380 5350 episcopus,
2408 5278 2502 5349 qui
2533 5279 2805 5350 ingentem
2830 5276 3127 5334 draconem
3153 5285 3396 5345 expuens
3421 5269 3479 5324 in

1485 5450 1721 5512 VARle
1755 5457 2159 5517 LECTIONES.

277 5606 322 5643 ⁸³
341 5607 453 5667 Hoc
477 5638 554 5691 ατο
575 5610 872 5682 perductus
910 5613 1082 5683 primo
1118 5611 1321 5691 duobus
1357 5612 1511 5668 lineis
1553 5613 1976 5691 continebantur.
2007 5618 2111 5675 Sed
2135 5620 2219 5675 his
2245 5620 2432 5688 erasis,
2466 5618 2578 5691 Sig.
2611 5620 2722 5691 ipse
2743 5620 2950 5684 statim,
2979 5634 3081 5691 non
3120 5615 3262 5669 curis
3295 5629 3483 5691 secun-

215 5676 403 5773 ‘lisLut.
427 5676 1094 5773 εξέαῖίαιψςψομρρςιξςε,
1118 5684 1260 5773 ιεξιιὶίιΔ
1280 5692 1548 5773 resurget
1579 5686 1635 5739 in
1665 5688 1901 5773 mlurgine
1920 5690 2180 5763 (inferiori
2199 5709 2260 5748 ea
2290 5693 2369 5749 ita
2399 5676 2695 5763 ampliavit,
2732 5700 2789 5745 ut
2816 5676 2953 5745 num;
2996 5688 3263 5773 leguntur.
3342 5686 3385 5719 “
3406 5687 3486 5741 ita

218 5751 346 5807 ωιω
380 5754 432 5807 1.
460 5750 558 5807 1³2.
588 5751 684 5807 XV
708 5750 934 5824 plurimi
952 5754 1069 5809 alii.
1148 5755 1191 5787 “
1220 5756 1296 5809 ita
1323 5755 1373 5809 1.
1405 5771 1433 5809 e
1461 5771 1625 5824 corn,
1649 5756 1768 5816 rell.
