4046 6318
449 5514 456 5549 l

519 384 530 394 .
571 336 632 397 τι
1735 328 2109 392 SIGEBEBTI

2251 326 2679 391 aBLACENSIS.
2920 391 2925 397 .
3186 396 3192 401 .
3432 395 3438 401 .
3530 396 3553 405 _,
3626 392 3645 404 ,
3782 335 3840 390 72

567 471 663 510 ore
691 452 810 525 ejus
857 447 1149 518 interfecit,
1180 463 1342 522 quem
1376 458 1501 503 octo
1542 447 1672 521 juga
1703 447 1869 501 boum
1902 432 1991 501 vix
2042 455 2148 500 tra-
2185 448 2229 506 Α
2263 426 2472 510 rentur,
2514 458 2675 497 oecus
2696 457 2782 529 per
2822 458 2916 499 eos
2968 443 3326 529 illuminautr,
3356 445 3595 514 dicens,
3633 463 3694 504 se
3727 451 3842 508 illuc

569 546 700 612 here
750 551 1049 617 potuerunt
1082 542 1151 598 ad
1186 542 1574 608 cremandum;
1600 540 1677 598 .in
1724 538 1983 610 Hispania
2018 535 2156 594 Oro-

570 640 688 703 sius
714 636 1226 710 historiographus;
1255 636 1312 691 in
1338 634 1634 706 Aquitania
1677 632 1930 700 Severus,
1959 632 2054 707 qui
2076 632 2169 713 vif

570 740 681 786 tam
717 727 936 785 Martini
960 737 1015 785 et
1037 729 1145 784 alia
1186 728 1358 785 multa
1384 726 1625 806 scripsit,
1651 727 1745 808 qui
1788 724 1843 781 in
1872 735 2091 782 senecta
2124 742 2156 781 a

568 822 878 895 Pelagianis
915 822 1195 890 seductus,
1222 821 1500 877 silentium
1526 836 1700 901 usque
1724 820 1790 875 ad
1822 827 2053 875 mortem
2086 827 2166 898 te-A

570 916 712 984 nuit,
758 915 989 972 tacendo
1034 914 1340 986 corrigens,
1390 912 1537 984 quod
1569 908 1842 983 loquendo
1878 909 2152 990 peccavit.

571 1007 668 1080 (γ.
712 1006 945 1079 Servat.)
976 1006 1033 1062 In
1063 1005 1235 1062 Gallia
1270 1005 1565 1061 Severinus
1593 1003 1991 1083 Agripinensis,
2024 1002 2154 1059 Ser-

568 1101 751 1157 vatius
773 1115 1016 1171 lquoque
1045 1099 1292 1155 decimus
1335 1097 1742 1170 Tungrensium
1770 1097 1814 1128 ¹⁰
1839 1096 2153 1168 episcopus,

570 1194 787 1250 Domini
816 1194 991 1250 nostri
1019 1192 1151 1249 Jesu
1185 1192 1391 1247 Christi
1420 1189 2036 1262 consanguineus,'non
2064 1204 2156 1245 so-

568 1286 683 1340 lum
705 1302 771 1341 ex
799 1301 866 1341 eo
893 1285 1040 1356 quod
1068 1284 1400 1340 voluntatem
1433 1282 1526 1338 Dei
1563 1282 1735 1358 patris
1768 1280 2022 1345 faciebat,
2059 1279 2155 1336 sed

566 1377 731 1447 etiam
780 1377 1081 1449 secundum
1122 1391 1368 1430 carnem.
1399 1372 1551 1443 (Gen.
1589 1370 1822 1444 Servat.)
1853 1370 2154 1438 Qui'natus

567 1468 787 1539 quidem
830 1468 883 1522 in
930 1466 1153 1522 Perside
1192 1467 1337 1522 ﬁlius
1379 1465 1483 1521 fuit
1513 1463 1753 1530 Emmiu,
1798 1464 1967 1539 cujus
2001 1471 2154 1534 pater

568 1559 673 1615 fuit
714 1559 871 1615 Eliud
905 1559 1074 1615 frater
1106 1558 1403 1625 Elisabeth,
1445 1574 1568 1629 qua:
1611 1556 1812 1627 pererit
1844 1555 2152 1610 Johanncm

566 1654 880 1727 haptistam.
929 1652 1102 1708 Mater
1131 1668 1258 1708 vero
1286 1650 1445 1707 Eliud
1471 1659 1528 1706 et
1555 1648 1855 1717 Elisabeth,
1873 1640 2149 1715 Esmcria,

566 1758 722 1797 soror
756 1743 859 1798 fuit
883 1744 1085 1810 Anna},
1126 1759 1250 1813 qua:
1289 1742 1476 1814 genuit
1512 1740 1740 1797 Mariam
1780 1749 2011 1796 matrem
2048 1734 2152 1796 Do-

564 1836 718 1890 mini.
1862 1832 1867 1835 ‘
1992 1832 1996 1836 Α

580 1982 584 1987 ,
630 1928 755 1983 409.
835 1927 900 1981 R.
934 1928 986 1982 5.

582 2072 591 2081 ο

1065 1926 1247 1982 p.20.
1326 1925 1386 1980 ρ.
1420 1926 1509 1981 15.
1584 1924 1646 1979 B.
1684 1924 1775 1979 2ο.
1852 1910 1942 1978 w.
1982 1921 2073 1977 2ο.

995 2016 1086 2073 W.
1121 2018 1176 2072 2.
1250 2015 1315 2072 Ο.
1351 2016 1438 2072 10.
1515 2014 1581 2072 ll.
1622 2015 1712 2071 20.

636 2107 734 2181 (II.
763 2109 858 2179 ηπ.)
887 2107 1264 2163 Romanorum
1318 2108 1633 2179 provincias
1673 2107 1801 2161 hinc
1829 2105 2146 2176 Wisigothi,

562 2200 689 2257 inde
716 2199 861 2256 Huni
885 2201 1125 2273 graviter
1146 2201 1450 2257 incursant.
1499 2199 1690 2256 Roma:
1727 2194 2004 2255 celebrato
2031 2186 2157 2271 glas

559 2292 796 2347 diatorio
844 2291 991 2358 ludo,
1019 2290 1352 2347 Telematius
1392 2290 1698 2345 monachus
1728 2289 2018 2359 increpans
2051 2304 2151 2360 po—

557 2387 747 2456 pulum
787 2385 1052 2441 attentius
1100 2384 1414 2456 spectaculo
1458 2384 1783 2451 inhiantem,
1808 2382 2083 2454 lapidatur
2117 2398 2149 2436 a

557 2479 781 2549 populo.
834 2477 990 2534 Unde
1019 2479 1263 2534 offensus
1292 2477 1568 2533 Honorius
1599 2476 1917 2548 imperator,
1948 2473 2150 2547 gladia-

557 2570 763 2625 torium
790 2570 980 2625 ludum
1006 2571 1185 2626 edicto
1213 2586 1315 2626 suo
1341 2570 1741 2641 imperpetuum
1768 2570 2017 2626 removit.

629 2662 757 2717 401.
868 2663 922 2718 4.
997 2663 1089 2718 21.
1168 2663 1256 2718 16.
1336 2662 1422 2718 16.
1499 2661 1589 2717 21.

630 2755 993 2827 Imperatores
1044 2757 1221 2812 zelum
1268 2756 1442 2827 patris
1494 2756 1579 2811 sui
1625 2754 1921 2823 Theodosii
1951 2757 2145 2823 secuti,

556 2847 754 2916 jubent
797 2846 852 2901 in
895 2854 1009 2902 toto
1047 2847 1179 2902 orbe
1222 2846 1470 2902 Romano
1506 2846 1708 2917 templa
1758 2847 2027 2902 idolorum
2054 2847 2149 2903 tle-

562 2938 724 3005 strui.
757 2937 1108 2995 Hieronimus
1135 2948 1190 2995 et
1218 2938 1449 2995 Rufinus
1470 2939 1838 3010 Aquileiensis
1857 2941 2145 3011 presbiter,

561 3037 684 3086 orta
709 3030 854 3086 inter
885 3046 945 3088 se
972 3032 1251 3087 simultate
1289 3048 1389 3103 pro
1418 3031 1817 3102 qumstionibus
1845 3032 2146 3102 scriptura-

1704 2664 1757 2718 5.
1838 2663 1922 2717 Η.
1982 2663 2072 2718 21.

2258 551 2356 607 per
2383 536 2561 590 visum
2586 526 2852 591 directum
2884 551 3004 592 esse
3025 537 3095 592 ab
3122 526 3418 594 Ambrosio
3452 539 3745 612 episeopo,
3766 544 3841 599 di-

2259 635 2434 697 cente,
2458 642 2519 682 se
2560 626 2615 681 in
2658 627 2854 682 horum
2884 636 3188 700 martyrum
3215 622 3496 688 conSortio
3529 624 3840 703 deputatum

2258 735 2401 776 esse.
2435 718 2532 792 (11.
2567 718 2665 791 m.)
2700 718 2891 776 Stilico
2936 736 3125 790 pacem
3166 720 3400 778 fratrum
3455 724 3842 795 imperatorum

2259 810 2623 893 interturbare
2646 812 2854 879 volens,
2887 811 3166 868 Alarieum
3195 830 3379 887 regem
3423 815 3743 874 Gothorum
3776 816 3845 873 fc-

2258 903 2334 959 cit
2354 904 2595 959 ordinari
2620 904 2943 976 magistrum
2981 905 3216 965 militum
3245 906 3394 980 (151)

2255 1046 2281 1069 _.
2328 994 2455 1051 nu.
2569 984 2639 1051 7.’
2695 996 2786 1052 at.
2864 997 2952 1052 19.
3028 997 3119 1052 24.
3193 998 3285 1053 24.
3396 999 3452 1055 Β.
3532 1001 3623 1056 u.
3685 1002 3785 1058 24.

2330 1088 2417 1160 (ϐ.
2470 1076 2671 1159 Ροηι.)’
2703 1076 3054 1146 Innocentius
3098 1089 3361 1147 Romana:
3391 1093 3662 1151 :ncclesia:
3720 1091 3841 1150 58"

2255 1182 2493 1252 presidet
2518 1181 2579 1235 ⁸⁷.
2625 1179 2725 1236 llic
2766 1182 3004 1237 decrevit
3036 1182 3189 1252 pacis
3228 1185 3477 1239 osculum
3519 1186 3591 1241 ad
3650 1186 3842 1244 missns

2255 1274 2396 1340 dari,
2440 1274 2667 1329 sabbato
2708 1273 2976 1344 jejunium
3003 1274 3287 1339 celebrari,
3315 1276 3437 1331 oleo
3474 1277 3545 1331 ad
3593 1294 3739 1332 usus
3770 1279 3840 1332 in-

2254 1365 2538 1421 ﬁrmorum
2584 1366 2655 1420 ah
2699 1366 2958 1437 episcopo
3011 1376 3332 1425 consecrato
3376 1369 3542 1426 licere
3598 1370 3683 1425 uti
3746 1388 3840 1426 non

2255 1447 2432 1515 solum
2471 1456 2808 1528 prcsbiteris,
2838 1458 2934 1514 sed
2954 1456 3212 1514 omnibus
3235 1459 3399 1514 etiam
3421 1458 3773 1529 christianis,
3794 1461 3839 1515 in

2255 1570 2411 1611 suam
2453 1538 2789 1624 suorumque
2841 1553 3222 1609 necessitatem
3251 1554 3570 1625 ungucndo.
3626 1554 3837 1622 (Pnosr.

2253 1642 2390 1701 Anc.
2418 1645 2494 1699 De
2536 1643 2723 1699 laceres.
2757 1643 2871 1715 88.)
2907 1642 2965 1697 In
3000 1641 3282 1698 Britannia
3329 1642 3585 1715 Pelagius
3626 1659 3836 1701 execra-

2253 1737 2351 1793 bili
2403 1737 2651 1793 doctrina
2691 1735 2997 1791 :ecclesiam
3036 1734 3240 1790 Christi
3292 1736 3571 1792 maculare
3618 1736 3841 1799 nititur.

2251 1829 2461 1894 dicens,
2492 1829 2768 1884 hominem
2799 1828 2919 1885 sine
2942 1828 3118 1900 gratia
3154 1827 3250 1883 Dei
3295 1843 3456 1898 posse
3491 1828 3703 1885 salvari
3739 1831 3842 1886 suis

2251 1923 2494 2003 meritis:
2529 1937 2959 1993 unumquenque
2978 1920 3048 1976 ad
3079 1920 3352 1991 justitiam
3393 1922 3618 1992 propria
3656 1923 3844 1978 volun-

2251 2027 2362 2080 tate
2388 2018 2532 2090 regi;
2563 2015 2798 2072 infantes
2819 2015 2938 2071 sine
2965 2023 3192 2085 peccato
3222 2014 3479 2086 originali
3522 2014 3712 2083 nasci,
3757 2015 3843 2072 sed

2252 2118 2364 2165 tam
2424 2108 2671 2163 insontes
2724 2120 2867 2172 esse,
2901 2120 3071 2176 quam
3119 2104 3310 2162 insons
3348 2104 3451 2160 fuit
3494 2104 3677 2159 Adam
3729 2116 3843 2161 ante

2250 2184 2770 2274 prevaricationcm;
2810 2212 2912 2254 nec
2952 2197 3073 2252 ideo
3119 2182 3478 2266 baptizandos
3523 2210 3679 2262 esse,
3723 2206 3843 2253 uta

2250 2304 2475 2367 peccato
2500 2293 2806 2359 solvantur,
2830 2290 2923 2347 sed
2952 2300 3012 2345 ut
3031 2305 3128 2360 per
3151 2288 3500 2359 adoptionem
3528 2287 3583 2343 in
3614 2305 3842 2361 regnum

2250 2387 2346 2444 Dei
2391 2384 2806 2450 ammittantur;
2857 2382 2954 2454 qui
3006 2381 3106 2437 etsi
3149 2396 3258 2435 non
3304 2380 3686 2451 liaptizeutur,
3733 2398 3844 2437 esse

2251 2488 2432 2543 tamen
2479 2478 2561 2534 eis
2605 2485 2759 2533 extra
2808 2490 3037 2548 regnum
3079 2460 3173 2527 Dei
3218 2480 3481 2529 aeternam
3524 2481 3584 2527 et
3627 2473 3840 2529 beatam

2251 2574 2449 2639 vitam;
2472 2570 2643 2626 Adam
2671 2570 2850 2625 solum
2878 2583 2981 2624 suo
3015 2574 3239 2637 peccato
3280 2567 3453 2622 Iesum
3491 2582 3643 2633 esse,
3690 2584 3841 2623 eum-

2249 2680 2357 2745 que
2394 2672 2670 2720 mortuum
2697 2677 2818 2719 esse
2853 2677 2962 2718 non
2988 2676 3055 2716 cx
3078 2660 3252 2729 culpa:
3276 2660 3491 2726 merito,
3514 2660 3614 2715 sed
3631 2677 3708 2717 ex
3724 2676 3842 2717 cono

2249 2759 2453 2815 ditione
2497 2767 2731 2825 naturai;
2761 2756 2857 2826 qui
2891 2749 3192 2810 moriturus
3230 2752 3463 2821 fuisset,
3485 2755 3719 2811 etiamsi
3745 2773 3843 2811 non

2250 2856 2550 2921 peccasset.
2605 2846 2831 2902 Dicebat
2888 2845 3075 2912 etiam,
3141 2846 3324 2901 irritas
3368 2861 3491 2901 esse
3534 2849 3843 2913 orationes.

2249 2956 2374 3013 quae
2398 2940 2535 2996 fiunt
2555 2941 2625 2995 ab
2651 2938 2919 3017 iecclesia,
2947 2937 3063 3017 sive
3087 2952 3188 3015 pro
3221 2936 3553 3017 infidelibus,
3587 2939 3715 2994 sive
3755 2955 3845 3017 pro

2252 3032 2520 3087 fidelibus.
2560 3030 2716 3086 Hunc
2739 3040 2791 3086 rt
2810 3029 3124 3087 Caelestium
3155 3039 3204 3084 et
3231 3026 3515 3084 lulianum
3546 3032 3847 3102 complices

556 3138 706 3193 rum,
755 3122 924 3195 libros
972 3122 1370 3179 invectivarum
1403 3123 1538 3180 satis
1575 3124 1797 3195 quidem
1846 3123 2144 3191 luculento,
2174 3148 2216 3206 ρ
2248 3123 2733 3195 ejuslnuocentius
2753 3139 2890 3197 papa
2908 3121 3205 3197 damnavit.
3226 3121 3845 3196 Hieronimusquoqne,

559 3213 654 3269 sed
683 3214 850 3271 nimis
880 3214 1126 3272 mordaci
1157 3232 1412 3272 sermone
1440 3216 1494 3277 in
1532 3220 1856 3272 alterutrum
1898 3218 2145 3273 conseri-

556 3307 714 3364 bunL

626 3398 755 3455 402.

830 3400 925 3468 ,5.
1000 3401 1091 3457 22.
1170 3402 1256 3458 t7.
1331 3401 1423 3458 22.
1498 3403 1588 3458 22.
1699 3403 1754 3458 4.
1834 3402 1920 3458 12.
1977 3372 2083 3475 22.

627 3488 872 3562 (hosta)
904 3490 1140 3548 Sanetus
1162 3491 1429 3561 Martinus
1450 3492 1626 3549 aetatis
1646 3509 1794 3548 anno
1815 3493 1875 3549 8|
1890 3535 1905 3561 ,
1937 3494 2145 3565 cpisco-

555 3589 720 3654 patus
742 3596 873 3637 vero
900 3580 970 3636 26
992 3581 1128 3637 obiit
1159 3582 1266 3649 hoc
1287 3597 1435 3638 anno
1464 3582 1764 3637 secundum
1790 3580 2142 3653 Prospermn,

496 3660 497 3663 ¹
552 3675 649 3745 qui
692 3674 905 3741 scribit,
940 3688 1066 3729 eum
1096 3674 1280 3728 obisse
1307 3688 1455 3728 anno
1476 3673 1540 3728 5°
1572 3673 1831 3729 Archadii
1867 3682 1925 3728 et
1960 3672 2145 3729 lieno-

552 3765 651 3834 rii;
681 3764 859 3838 (Ssv.)
891 3765 1064 3819 immo
1093 3763 1395 3819 secundum
1429 3760 1714 3830 Severum,
1742 3764 1839 3835 qui
1862 3764 2055 3821 scribit
2088 3766 2143 3820 in

552 3856 669 3913 vita
699 3855 823 3927 ejus
847 3854 1022 3926 (150),
1061 3869 1189 3912 eum
1212 3861 1337 3927 post
1364 3862 1598 3911 mortem
1633 3853 1959 3912 Priscilliani
1988 3856 2146 3913 sede-

552 3948 663 4004 cim
687 3962 862 4004 annos
889 3945 1115 4013 vixisse.

626 4039 752 4095 405.
865 4038 919 4095 6.
993 4038 1085 4093 25.
1165 4038 1251 4094 i8.
1328 4038 1421 4094 25.
1496 4038 1587 4094 25.
1700 4040 1753 4096 5.
1833 4041 1920 4096 15.
1976 4038 2069 4096 25.

534 4120 540 4125 ’
574 4194 581 4200 ,
628 4131 724 4205 (γ.
751 4132 962 4204 Ambr.)
990 4132 1318 4189 Ambrosius
1346 4132 1767 4190 Mediolancnsis
1797 4134 1954 4200 obiit,
1984 4135 2146 4205 cujus

553 4226 723 4281 vitam
767 4224 1035 4281 Paulinus
1078 4224 1325 4282 Nolanus
1367 4226 1659 4297 episcopus
1680 4226 1749 4282 ad
1776 4226 2143 4299 Augustinum

549 4319 878 4389 episcopum
909 4316 1192 4375 describit.
1229 4317 1486 4403 (Pnosp.;
1540 4318 1712 4391 huc.)
1736 4316 1837 4375 Hic
1876 4317 2144 4375 Paulinus

551 4408 706 4465 Nola:
735 4410 1426 4483 postmodum’episcopus,
1458 4427 1585 4468 cum
1607 4420 1751 4468 esset
1777 4412 2145 4477 innumerabi-

2248 3214 2586 3290 Augustinus
2611 3226 2668 3271 et
2696 3216 2787 3269 alii
2811 3230 2909 3270 eos
2928 3224 2988 3269 ut
3012 3214 3133 3269 tidei
3161 3214 3350 3291 hostes
3386 3214 3562 3270 armis
3598 3217 3846 3273 veritatis

2248 3310 2657 3385 impugnabant.
2690 3306 2891 3386 (Cass)
2917 3306 3226 3362 Orientales
3268 3306 3432 3362 etiam
3466 3308 3720 3378 graviter
3757 3325 3846 3364 cx-

2246 3406 2416 3478 agitat
2440 3411 2586 3458 mota
2606 3403 2673 3456 de
2694 3401 2806 3457 Ι)ςο
2827 3399 3068 3476 questio,
3084 3407 3269 3455 utrum
3290 3398 3436 3456 Deus
3460 3400 3536 3455 sit
3567 3415 3784 3473 corpus
3796 3411 3846 3456 ct

2247 3497 2550 3569 humanum
2579 3509 2760 3550 scema
2790 3494 3014 3559 habent,
3054 3507 3124 3546 an
3172 3492 3244 3547 sit
3290 3491 3657 3562 incorporeus
3683 3503 3746 3550 et
3770 3494 3848 3553 .ab

2246 3587 2489 3642 humano
2536 3596 2776 3659 scemate
2842 3586 3072 3641 omnino
3111 3584 3362 3651 alienus;
3410 3584 3848 3655 simplicioribus

2246 3678 2418 3736 Deum
2472 3693 2801 3751 corporeum
2858 3687 2916 3733 et
2963 3676 3067 3751 sub
3120 3676 3365 3731 humano
3413 3685 3661 3732 scemate
3730 3692 3851 3733 esse

2246 3773 2638 3841 astrucntihus,
2668 3771 2792 3826 aliis
2816 3772 2920 3826 hoc
2945 3769 3371 3826 destruentibus.
3721 3807 3725 3811 .

2339 3866 2468 3921 405.
2542 3866 2596 3920 8.
2671 3864 2763 3925 25.
2839 3862 2931 3918 20.
3009 3860 3102 3915 2Ξὶ.
3348 3859 3400 3916 7.
3478 3860 3571 3927 i5.
3645 3860 3752 3921 25.

2315 3958 2504 4015 Roma:
2538 3958 2724 4014 Alexis
2746 3955 3122 4011 Romanorum
3154 3953 3484 4011 nobilissimi
3519 3954 3844 4015 vitamira-

2245 4051 2373 4107 bilis
2419 4049 2693 4106 declarata
2741 4058 2869 4117 est;
2927 4048 3023 4119 qui
3077 4045 3249 4118 prima
3298 4045 3629 4116 nuptiarum
3684 4056 3849 4105 nocte

2246 4159 2502 4215 sponsam
2548 4143 2885 4214 relinquens,
2933 4156 3034 4211 pro
3079 4138 3302 4194 Christo
3335 4140 3730 4209 peregrinatus
3767 4146 3848 4193 cs't

2246 4251 2344 4307 per
2374 4234 2611 4291 sedecim
2636 4248 2834 4300 annos,
2858 4243 2912 4287 et
2938 4232 3157 4287 tandem
3189 4231 3334 4302 apud
3377 4229 3633 4286 Edissatn
3671 4230 3849 4304 Syriae

2245 4327 2436 4382 urbem
2459 4325 2697 4397 imagine
2741 4332 2946 4380 sancta:
2972 4323 3259 4395 genitricis
3277 4321 3469 4379 Maria:
3485 4336 3615 4378 eum
3654 4323 3851 4379 divul-

2247 4430 2427 4492 gante,
2453 4416 2579 4474 inde
2609 4433 2829 4490 quoque
2878 4416 3036 4488 fugit,
3075 4425 3130 4471 et
3171 4416 3487 4487 adapertum
3523 4412 3850 4475 Romanam
3943 4442 3951 4451 ι

548 4502 691 4565 lium
717 4503 1034 4573 prediorum
1058 4503 1338 4573 dominus,
1361 4504 1704 4560 ammirabili
1735 4504 1987 4575 exemplo
2010 4521 2141 4561 ven-
2176 4495 2224 4555 ὓ
2249 4527 2358 4567 non
2395 4518 2586 4593 sponte
2619 4509 2903 4581 appulsus,
2934 4523 2965 4564 a
3004 4516 3157 4579 patre
3192 4521 3295 4563 suo
3319 4516 3380 4565 ut
3428 4521 3671 4578 pauper.
3694 4511 3856 4569 περὶ.

552 4594 682 4653 ditis
709 4596 968 4654 omnibus
985 4597 1307 4670 religionem
1329 4598 1492 4670 elegit
1510 4597 1824 4669 expeditus;
1855 4598 1944 4656 cui
1975 4597 2159 4655 Τοῖα--

550 4685 636 4741 sia
667 4702 735 4742 ex
763 4688 996 4761 conjuge
1026 4703 1186 4745 soror
1229 4688 1392 4758 facta,
1430 4701 1680 4763 aequatur
1704 4692 1879 4749 beatae
1906 4692 2029 4748 vita:
2063 4700 2116 4748 te

553 4778 814 4836 stimouio
841 4790 896 4836 et
916 4782 1132 4848 merito.
1158 4781 1258 4838 Hic
1281 4799 1340 4839 se
1367 4784 1686 4855 episcopum
1716 4800 1818 4856 pro
1839 4788 2055 4857 captivo
2077 4785 2111 4841 Ii

550 4873 629 4928 lio
673 4874 932 4944 pauperis
958 4875 1136 4931 vidua:
1168 4876 1223 4930 in
1266 4877 1587 4933 servitutem
1637 4878 1856 4933 barbari
1899 4880 2137 4949 addixit;

548 4967 650 5022 sed
691 4966 955 5022 divinitus
1003 4967 1255 5039 proditus
1280 4970 1410 5039 quis
1434 4978 1601 5038 esset,
1644 4971 1847 5028 multos
1892 4975 2138 5044 captivos

551 5055 792 5123 libertati
816 5060 1076 5115 restituit.
1109 5060 1206 5133 (Η.
1240 5063 1336 5128 τη.)
1370 5061 1486 5118 Hoc
1515 5072 1759 5135 tempore
1789 5064 1844 5119 in
1867 5063 2017 5120 Italia
2049 5064 2138 5120 Si-

547 5152 790 5219 ninuins,
818 5152 1099 5209 Martirius
1119 5163 1174 5210 et
1195 5154 1500 5212 Alexander
1519 5173 1550 5212 a
1574 5157 1865 5228 gentilibus
1897 5159 2138 5214 martiri-

552 5257 768 5304 lantur.
808 5247 1064 5321 Quorum
1105 5264 1337 5320 corpora.
1373 5268 1500 5308 cum
1538 5252 1902 5329 Mediolanum
1954 5255 2136 5313 defer—

2246 4604 2395 4675 pitur
2422 4603 2517 4676 (cf.
2543 4600 2681 4657 Anti.
2705 4600 2896 4672 Leod.)
2928 4599 3117 4671 Ibique
3139 4599 3275 4654 nulli
3311 4599 3855 4672 cognitusiseslecim

2245 4712 2422 4752 annos
2447 4711 2634 4766 agens,
2667 4706 2854 4750 tenore
2873 4692 2999 4749 vita:
3038 4706 3156 4749 sua:
3191 4691 3249 4747 in
3267 4699 3422 4748 carta
3459 4692 3758 4767 descripto
3791 4697 3855 4760 η,

2247 4789 2416 4856 obiit,
2451 4796 2505 4844 et
2541 4788 2726 4843 divina
2754 4801 2888 4843 voce
2924 4782 3346 4853 manifestatus,
3388 4794 3559 4842 totam
3594 4787 3859 4845 Romam

2243 4890 2467 4951 stupore
2499 4888 2553 4936 et
2589 4878 2791 4950 gaudio
2819 4876 3017 4934 affecit.
3046 4875 3145 4948 (Η.
3174 4876 3274 4948 in.)
3323 4875 3615 4937 Iohannes
3654 4879 3857 4934 Cnse-

2243 4981 2458 5029 stomus
2506 4969 2833 5037 Eudoxiam,
2890 4983 3119 5025 uxorem
3168 4967 3427 5025 Archadii
3464 4971 3856 5038 imperatoris,

2241 5065 2555 5135 multosque
2580 5062 2930 5120 sacerdotum
2978 5062 3211 5120 infestos
3260 5061 3495 5130 habens,
3526 5072 3857 5133 episcopatu

2240 5159 2549 5229 pellituret
2588 5157 2866 5215 exiliatur.
2921 5154 3027 5215 Sed
3076 5155 3280 5227 populo
3329 5165 3437 5225 pro
3483 5155 3589 5210 hoc
3637 5154 3857 5211 ωιιυι-

2242 5261 2448 5317 tuante,
2474 5259 2780 5306 revocatur.
2816 5247 3071 5315 Secundo
3086 5249 3398 5314 exsiliatur,
3423 5249 3516 5303 sed
3545 5257 3859 5303 teri-emota

1862 5389 2091 5447 νΑιιιΑῑ
2132 5388 2547 5448 LECTIONES.

622 5492 667 5529 ¹⁶
688 5493 1123 5568 Trungrensium
1162 5498 1212 5553 1.
1290 5499 1335 5533 ’τ
1372 5500 1449 5555 ita
1478 5500 1528 5558 Ι.
1555 5518 1693 5558 corr.
1723 5519 1752 5559 ε
1781 5488 2093 5559 XXXVII“.
2125 5504 2242 5561 rell.
2323 5504 2368 5536 ¹⁸
2391 5504 2638 5576 descipto
2665 5505 2711 5560 i.

2068 5614 2303 5672 NOTAE.

594 5719 998 5804 "(limnﬁotius
1024 5725 1078 5780 in
1117 5725 1340 5799 Dialogo
1380 5727 1448 5784 de
1474 5728 1600 5784 virt.
1646 5730 1817 5785 sancti
1861 5728 2017 5797 Mart.
2046 5728 2135 5798 111,

557 5789 924 5875 ts'utnscu.

2321 5731 2471 5800 (liii)
2494 5729 2685 5794 Falso;
2718 5729 2801 5787 bis
2844 5732 2894 5787 id
2927 5722 3154 5796 factum,
3199 5732 3447 5802 pr'rnum
3482 5734 3552 5789 ab
3583 5732 3860 5799 Arcadio,

2243 5800 2440 5856 deinde
2480 5807 2545 5855 aii
2577 5803 2775 5857 Attalo.
