4046 6318
274 254 343 310 75
1725 249 2096 310 (31111οΝ1οΑ.
3476 256 3540 312 71

269 374 479 446 regiam
507 372 700 428 urbem
731 379 967 444 gmvtter
996 371 1366 437 concutiente,
1391 386 1424 425 a
1463 369 1674 425 civibus
1703 384 1858 425 revo-
1889 379 1934 436 Α
1964 366 2223 437 suscepit,
2236 375 2290 423 et
2322 381 2511 437 pacem
2539 367 2911 425 ﬁrmissimam
2934 384 3061 427 cum
3109 368 3375 430 Romanis
3386 372 3539 443 facit,

264 478 448 522 catur.
470 463 807 521 Pachumius
830 465 1002 521 abbas
1022 464 1130 519 110
1186 479 1397 519 annum
1433 478 1599 520 avens
1647 463 1705 518 in
1750 463 1859 518 vir-

263 558 481 615 tutibus
503 566 941 615 consummatur.

339 650 467 707 406.
554 648 623 705 11.
655 649 709 706 9.
786 648 850 705 Ρ.
888 648 980 704 26.
1057 647 1119 703 F.
1145 649 1241 706 21.
1316 647 1499 705 8.26.
1575 647 1665 704 W.
1693 647 1783 704 26.

705 740 795 796 W.
828 740 882 798 8.
954 738 1022 800 0..
1064 740 1146 796 l6.
1224 738 1290 796 Η.
1320 739 1412 798 26.

333 833 661 890 Arcbadius
691 833 990 904 imperator
1010 848 1141 893 ossa
1194 831 1468 889 Samuelis
1520 832 1799 904 propheta
1827 848 1860 889 a

254 927 437 984 ludes
480 926 1012 998 Constantinopolim
1066 926 1344 984 transtulit
1368 967 1387 994 ,
1437 934 1551 982 tam
1612 925 1860 982 hilariter

252 1020 687 1076 occurrentibus
715 1019 955 1091 populis,
983 1033 1049 1075 ac
1094 1020 1142 1076 si
1190 1034 1319 1075 eum
1367 1019 1642 1075 viventem
1663 1033 1857 1076 cerne.

255 1120 407 1166 rene
439 1108 609 1166 Paula
634 1109 913 1167 Bethleem
939 1111 1076 1178 obit,
1100 1111 1262 1183 cujus
1286 1110 1457 1166 vitam
1505 1108 1858 1168 iheronimus

250 1201 476 1257 scribit.
503 1200 661 1272 (Vita
682 1200 742 1257 S.
766 1201 932 1275 Aug.)
954 1202 1298 1275 Augustinus
1328 1202 1386 1258 in
1406 1202 1653 1260 acclesia
1674 1203 1857 1275 philo-

250 1294 559 1365 sophatur;
582 1294 744 1366 cujus
791 1294 1084 1363 librorum,
1120 1303 1455 1353 tractatuum
1494 1305 1551 1352 et
1577 1296 1851 1369 cpistola-

249 1403 385 1443 rum
434 1403 702 1447 numerus
728 1389 855 1461 plus
883 1405 1052 1462 quam
1085 1388 1156 1447 ad
1201 1390 1355 1449 mille
1399 1390 1622 1464 triginta
1668 1400 1859 1447 exten-

249 1481 430 1548 ditur,
457 1482 646 1539 multis
668 1498 903 1539 numero
927 1497 1040 1540 non
1063 1484 1500 1555 comprehensis.

333 1573 469 1631 407.
546 1576 634 1631 10.
711 1574 801 1631 27.
877 1575 971 1632 22.
1042 1576 1136 1632 27.
1211 1575 1303 1632 27.
1376 1576 1433 1633 9.
1513 1575 1600 1632 17.
1676 1575 1768 1630 27.

1960 459 2237 517 mediante
2262 459 2515 517 Marutha
2536 460 2944 534 Mesopotamia
2969 464 3248 537 episcOpo.
3277 465 3331 525 ls
3358 465 3543 524 Maru-

1957 552 2086 608 thas
2113 561 2169 608 et
2191 551 2337 623 apud
2375 552 2594 623 Persas,
2617 564 2674 610 et
2723 555 2870 626 apud
2907 555 3187 616 Romanos
3209 559 3541 619 omnimodis

1956 642 2301 701 clarissimus
2351 645 2676 702 habebatur.
2710 646 2885 705 Utica
2915 658 3061 706 terra
3109 657 3317 721 septem
3346 651 3541 711 diebus

1957 734 2228 807 mugitum
2273 735 2440 793 dedit.
2485 737 2700 811 (Pnosr.
2723 769 2795 780 —
2822 738 2906 795 Η.
2926 742 3025 813 ut.)
3066 739 3264 799 Stilico
3311 759 3545 817 regnum

1956 823 2184 908 ﬁonorii
2212 826 2475 887 affectans
2499 829 2612 887 lilio
2633 846 2737 887 suo
2757 829 3048 901 Eucherio,
3075 833 3154 890 rei
3167 835 3401 906 publica
3411 851 3543 908 per-

1953 896 2201 978 niciosus
2217 922 2468 992 efﬁcitur,
2512 925 2775 982 barbaras
2800 933 2988 998 gentes
3167 896 3324 987 alias
3369 896 3542 1004 regno

1957 1011 2280 1084 inmittens,
2304 1015 2444 1074 alias
2468 1031 2742 1074 consensu
2779 1034 2883 1075 suo
2936 1018 3129 1077 fovens
3153 1041 3168 1090 ;
3194 1023 3341 1081 unde
3376 1025 3543 1083 modo

1957 1105 2120 1162 solito
2188 1107 2411 1178 gravius
2460 1124 2652 1165 earum
2726 1120 2781 1166 et
2844 1113 3084 1169 maxime
3147 1113 3546 1175 Wandalorum

1956 1198 2140 1256 rabies
2161 1215 2257 1271 per
2280 1199 2485 1259 Gallias
2505 1203 2732 1260 exarsit.
2748 1202 2939 1277 (Ibit)
2956 1204 3233 1264 Honorius
3250 1218 3377 1281 post
3395 1226 3545 1267 mor-

1957 1282 2075 1347 tem
2092 1291 2352 1350 Archadii
2398 1310 2529 1351 cum
2581 1294 2811 1353 fatruele
2861 1314 2963 1356 suo
2992 1298 3306 1358 Theodosio
3352 1313 3547 1376 regnat

1955 1383 2120 1440 annis
2148 1385 2236 1440 14.

2050 1475 2175 1531 411.
2255 1479 2305 1532 1.
2360 1480 2436 1535 α5.
2512 1478 2603 1535 26.
2679 1481 2769 1537 51.
2844 1483 2934 1539 51.
3014 1484 3102 1542 15.
3178 1485 3269 1541 21.
3345 1486 3489 1563 51..

2028 1565 2048 1636 (
2063 1564 2185 1622 Vita
2222 1568 2283 1623 S.
2307 1568 2566 1643 Antidii.)
2594 1571 2810 1629 Atticus
2838 1572 3402 1648 Constantinopolites
3429 1579 3547 1650 epi—

246 1682 253 1685 ~
326 1663 580 1738 (9.059,)
611 1664 955 1738 nagadaisus
987 1666 1152 1740 Sey“.
1179 1682 1307 1724 cum
1333 1667 1585 1725 amentis
1630 1666 1856 1722 milibus
1886 1733 1925 1742 __
1956 1671 2157 1728 scopus
2181 1660 2371 1717 claret.
2418 1661 2671 1720 Wandaii
2694 1665 2836 1723 duce
2875 1664 3083 1724 Cresco
3117 1667 3323 1727 Gallias
3359 1685 3548 1742 perva-

242 1733 569 1814 ςοίιιοηιιιί
603 1773 636 1815 α
667 1733 852 1831 ἔργα,
877 1733 1127 1827 νεηίειίε,
1152 1757 1364 1815 mnam
1394 1760 1619 1817 invadit,
1648 1758 1727 1817 Ει
1750 1760 1857 1817 hoc
1886 1733 1931 1795 Β
1957 1747 2089 1817 gati,
2123 1751 2325 1809 multas
2354 1753 2518 1811 urbes
2546 1763 2603 1811 et
2626 1757 2903 1814 acclesias
2924 1758 3269 1817 subvertant.
3304 1733 3546 1820 Croscus

244 1867 518 1907 murmur
540 1851 751 1909 multus
771 1852 1274 1923 blaspbetnantium
1302 1851 1548 1910 infremit
1589 1853 1648 1909 in
1687 1852 1853 1910 Chi-i4

243 1953 430 2012 stum,
453 1953 509 2000 et
539 1945 960 2004 cbristiauitatis
983 1955 1230 2018 tempora
1276 1947 1583 2017 culpantes,
1622 1945 1856 2004 felicita-

241 2043 366 2089 tem
400 2035 685 2107 gentilium
707 2037 985 2094 attollunt.
1013 2036 1159 2094 [nter
1182 2052 1325 2109 quos
1349 2038 1605 2109 precipue
1618 2037 1856 2095 Simma-

240 2125 399 2183 dtus
442 2136 631 2185 orator
682 2127 921 2197 furebat,
975 2130 1071 2202 qui
1120 2131 1287 2186 etiam
1333 2131 1555 2203 scriptis
1605 2132 1855 2203 epistolis

237 2217 457 2287 agebat
487 2217 564 2274 de
600 2218 856 2275 idolatria
902 2219 1055 2276 etde
1099 2220 1391 2293 repetenda
1438 2236 1536 2276 ara
1578 2219 1851 2279 Victoriae.

240 2308 553 2381 (Granum)
583 2308 833 2379 Quorum
865 2312 1184 2367 latrantium
1222 2328 1323 2369 ora
1372 2313 1574 2387 injecto
1596 2315 1679 2371 eis
1712 2316 1856 2372 veri-

242 2402 384 2458 tatis
420 2416 549 2459 osse
571 2403 967 2460 obstruxerunt
989 2404 1331 2477 Augustinus
1368 2405 1510 2460 libro
1542 2405 1610 2461 de
1637 2405 1858 2464 civitate

238 2492 373 2549 Βοί-
401 2503 461 2549 et
506 2492 735 2552 Orosius
785 2495 1018 2551 historia
1076 2511 1196 2551 sua.
1252 2494 1584 2553 Prudentius
1637 2513 1856 2569 quoque

238 2588 418 2656 poeta
452 2587 730 2643 luculento
776 2586 990 2644 metrici
1040 2586 1222 2658 operis
1256 2587 1439 2645 libello
1487 2588 1857 2661 blasphemias

236 2674 568 2735 Simmaclii
590 2676 809 2735 refellit.

308 2769 445 2826 sos.
527 2770 614 2845 at.
688 2769 783 2826 28.
855 2770 951 2826 ss.
1028 2769 1122 2826 ss.
1195 2769 1289 2827 ss.
1364 2770 1453 2828 l0.
1532 2770 1623 2827 ιε.
1697 2772 1791 2830 ss.

318 2861 550 2933 (Pansa.
600 2892 673 2903 -
703 2862 779 2918 H.
811 2866 910 2936 nt.)
942 2861 1128 2921 Multis
1157 2863 1391 2920 urbibus
1425 2865 1677 2934 vastatis,
1737 2865 1851 2921 iia-

239 2953 521 3024 gadaisus
544 2953 841 3011 conclusus
864 2968 899 3009 a
928 2952 1218 3021 Romanis,
1241 2954 1425 3010 interit
1444 2970 1577 3011 eum
1596 2956 1856 3013 omnibus

242 3044 395 3100 suis.
428 3042 711 3117 Sdigcrdis
734 3044 968 3138 imperat
990 3043 1175 3138 Persis
1203 3046 1365 3101 annis
1394 3046 1485 3102 54.
1512 3045 1855 3119 Augustinus
1882 3078 1925 3138 ο

244 3137 405 3208 apud
430 3136 718 3208 Ypponem
768 3136 990 3206 Africa,
1015 3145 1073 3193 et
1095 3136 1449 3196 Hieronimus
1496 3140 1640 3210 apud
1689 3140 1852 3197 Beth-

238 3233 396 3287 tecm
424 3229 605 3298 Inda,
632 3245 732 3302 per
757 3230 1020 3302 epistolas
1052 3228 1197 3285 inter
1235 3243 1297 3286 se
1347 3245 1523 3300 usque
1557 3229 1625 3287 ad
1660 3231 1855 3287 simul.

245 3332 427 3379 tatem
448 3320 762 3393 disceptant
792 3320 861 3377 de
891 3320 1222 3393 quibusdam
1250 3319 1538 3391 scriptura
1575 3323 1851 3394 capitulis,

247 3415 511 3473 maxime
534 3416 604 3472 de
627 3428 715 3484 eo,
755 3415 904 3488 quod
932 3414 1067 3471 dicit
1092 3413 1320 3480 Paulus,
1347 3428 1408 3469 se
1459 3411 1624 3470 Petro
1663 3413 1720 3470 in
1766 3413 1852 3471 fa—

232 3508 403 3566 ciem
429 3508 724 3577 restitisse,
751 3508 881 3580 quia
927 3504 1375 3579 reprehensibiiis
1423 3512 1580 3572 erat;
1627 3505 1695 3561 de
1742 3522 1854 3577 quo

244 3601 619 3659 Ilieronimus
656 3600 980 3672 scripserat,
1026 3599 1158 3672 quia
1201 3597 1410 3654 Paulus
1466 3595 1689 3653 Petrum
1743 3613 1854 3654 non

249 3711 472 3763 revera,
522 3694 621 3752 sed
695 3693 950 3750 simulate
1020 3691 1460 3764 reprehenderit;
1512 3690 1855 3762 Augustinus

248 3796 453 3842 contra
480 3784 714 3853 dicebat,
742 3786 894 3856 quod
935 3799 1063 3842 eum
1097 3799 1308 3851 revera,
1340 3798 1452 3838 non
1477 3782 1735 3840 simulate
1762 3799 1853 3841 re-

246 3876 631 3950 prehenderit.
938 3904 945 3911 ο

336 3967 471 4022 409.
554 3965 641 4021 12.
718 3965 771 4020 1.
845 3963 938 4019 24.
1013 3964 1105 4021 29.
1180 3964 1272 4022 29.
1348 3965 1438 4020 11.
1516 3965 1605 4021 19.
1682 3964 1773 4021 29.

312 4053 532 4125 (εἷλες.)
561 4050 838 4108 Iohannes
859 4050 1252 4119 Crisostomus,
1264 4049 1591 4123 urgentibus
1617 4049 1858 4107 inimicis

246 4144 579 4215 episcopatu
620 4142 928 4210 abdicatus,
957 4141 1028 4197 ab
1070 4141 1346 4199 Arcbadio
1370 4140 1538 4199 exilio
1556 4141 1854 4216 relegatur,

253 4236 449 4292 ibioue
478 4250 593 4290 non
616 4234 793 4291 multo
827 4242 951 4305 post
969 4233 1223 4289 moritur.
1265 4232 1620 4292 Innocentius
1637 4250 1777 4307 papa
1804 4245 1859 4292 et

235 4325 634 4383 occidentales
662 4324 903 4397 episcopi
944 4337 1046 4395 pro
1101 4321 1371 4380 Johatutis
1425 4323 1732 4395 prejudicio
1781 4327 1857 4383 ab

1956 1840 2179 1898 tandem
2221 1860 2255 1900 a
2308 1845 2554 1904 Mariano
2578 1850 2797 1920 preside
2844 1851 3052 1910 Arelati
3108 1861 3305 1925 captus
3349 1862 3405 1911 et
3446 1870 3544 1926 per

1953 1934 2131 1991 victas
2157 1936 2324 1993 urbes
2348 1938 2717 2010 ignominioso
2739 1950 3031 2013 retractus,
3053 1945 3127 2002 ad
3164 1953 3399 2002 mortem
3428 1955 3544 2003 tor-

1954 2032 2234 2082 mentatur
2265 2029 2435 2101 (152).
2470 2029 2586 2087 Sub
2610 2032 2717 2089 hoc
2739 2034 2958 2090 turbine
2995 2035 3139 2091 inter
3166 2046 3370 2094 muttos
3396 2053 3545 2094 mar-

1951 2115 2261 2188 tyrizantur
2284 2119 2633 2180 Sedunenses
2674 2122 3025 2182 Florentinus
3052 2134 3109 2182 et
3139 2124 3402 2199 Hilarius,
3433 2128 3544 2187 De-

1955 2208 2193 2267 siderius
2236 2210 2599 2284 Lingonensis
2641 2230 2770 2272 cum
2798 2215 3089 2275 Vincentio
3129 2220 3542 2288 archidiacono,

1953 2300 2212 2360 Antidius
2233 2302 2684 2364 Besontionensis
2724 2309 3064 2381 episcopus”
3086 2310 3162 2366 De
3183 2311 3299 2366 hoc
3320 2311 3545 2371 Antidio

1954 2392 2332 2466 legitur,quod
2353 2397 2651 2468 aliquando
2669 2398 2852 2456 3feria
2885 2409 3011 2470 post
3027 2401 3238 2472 palmas
3264 2403 3543 2467 transiens

1955 2494 2182 2557 pontem
2241 2487 2400 2544 Duvii
2453 2489 2723 2556 fluminis,
2784 2491 2921 2548 vidit
2971 2507 3174 2564 agmen
3216 2492 3541 2563 demonuut,

1956 2586 2112 2648 gesta
2159 2594 2258 2634 sua
2310 2579 2546 2651 principi
2602 2596 2706 2637 suo
2739 2581 3111 2657 referentium,
3154 2592 3209 2642 et
3254 2585 3398 2642 inter
3446 2601 3545 2645 eos

1958 2666 2246 2741 Ethiopem
2266 2670 2326 2726 in
2354 2687 2525 2728 manu
2548 2672 2857 2729 sandalinm
2878 2674 3269 2745 preferentem,
3301 2678 3372 2733 ad
3399 2678 3547 2735 indi-

1956 2760 2105 2817 cium
2149 2763 2298 2834 quod
2332 2762 2642 2821 Romanum
2693 2767 2990 2837 presulem,
3039 2771 3201 2840 cujus
3250 2773 3358 2825 hoc
3402 2778 3542 2837 erat,

1948 2868 2056 2924 per
2085 2853 2316 2911 Tannos
2337 2855 2740 2928 impugnatum,
2770 2859 2989 2915 tandem
3011 2861 3082 2916 ad
3108 2860 3327 2930 lapsum
3358 2869 3545 2918 traxe—

1958 2946 2049 3002 rit.
2076 2945 2185 3013 Qui
2207 2964 2414 3005 vocans
2438 2948 2508 3005 ad
2540 2964 2602 3006 se
2632 2948 2941 3022 Ethiopem,
2971 2961 3029 3009 et
3047 2953 3101 3013 in
3136 2952 3341 3010 virtute
3368 2952 3468 3010 Dei
3488 2964 3546 3011 et

1958 3048 2163 3096 sancta:
2198 3040 2383 3099 crucis
2433 3057 2600 3113 super
2635 3057 2763 3101 eum
2818 3045 3142 3113 ascendens,
3178 3060 3247 3101 eo
3294 3054 3546 3109 vectante

1957 3131 2191 3187 Romam
2220 3132 2366 3189 venit
2415 3131 2553 3189 feria
2599 3134 2655 3201 5,
2697 3133 2832 3189 hora
2882 3134 3193 3190 celebrandi
3245 3134 3438 3200 cilicii;
3486 3143 3544 3189 et

1950 3222 2183 3279 demone
2202 3240 2308 3295 pro
2330 3224 2544 3283 foribus
2577 3234 2920 3297 expectante,
2972 3242 3125 3298 papa
3164 3242 3284 3282 rem
3334 3225 3539 3293 retulit,

1952 3324 2244 3387 negantem
2271 3332 2369 3386 per
2407 3317 2718 3373 sandalium
2740 3317 2812 3374 ad
2834 3318 3219 3390 paenitentiam
3261 3317 3454 3385 movit,
3484 3326 3542 3373 et

1952 3407 2124 3463 missa
2148 3407 2267 3462 vice
2296 3408 2419 3478 ejus
2463 3410 2760 3477 celebrata,
2791 3420 2848 3467 et
2874 3420 3030 3483 parte
3072 3411 3353 3469 crismatis
3405 3426 3438 3466 a
3478 3425 3541 3468 se

1953 3498 2261 3554 consecrati
2285 3510 2596 3570 assumpta,
2621 3500 2869 3558 damone
2899 3511 3209 3562 revectante
3238 3503 3306 3567 ad
3339 3502 3534 3565 acele-

1953 3587 2091 3644 siam
2120 3604 2277 3644 suam
2316 3589 2499 3658 rediit,
2527 3590 2758 3647 sabbato
2796 3601 3008 3659 sancto,
3056 3593 3190 3648 hora
3232 3593 3542 3650 celebrandi

1952 3678 2136 3737 cilicii.
2161 3681 2350 3738 Roma
2379 3680 2583 3739 femina
2611 3690 2892 3755 gygantea
2911 3684 3309 3755 magnitudinis
3337 3686 3405 3741 de
3443 3700 3543 3755 pa-

1953 3772 2204 3832 rentibus
2255 3775 2547 3833 mediocris
2572 3782 2798 3833 statura
2843 3783 3009 3845 nata,
3067 3776 3258 3833 multis
3325 3777 3540 3848 stupori

1942 3873 2074 3921 erat
2092 3865 2158 3920 ι’.

2025 3957 2150 4013 412.
2257 3958 2312 4013 2.
2387 3961 2442 4015 4.
2518 3960 2608 4016 27.
2684 3959 2773 4016 52.
2850 3961 2940 4023 52.
3018 3962 3105 4017 14.
3176 3961 3268 4017 22.
3343 3961 3434 4022 52.

2022 4047 2125 4118 (ﬂ.
2174 4050 2274 4120 ut.)
2311 4049 2564 4109 Alaricus
2607 4068 2703 4110 rex
2725 4052 3163 4125 Wisigotharum
3208 4069 3307 4126 per
3331 4052 3544 4112 italiam

1942 4140 2315 4210 ,debacbatus,
2362 4144 2587 4200 mandat
2632 4142 2878 4202 Honorio
2934 4146 3274 4217 imperatori,
3331 4155 3392 4205 ut
3448 4156 3546 4204 aut
3614 4138 3629 4149 ’

1956 4248 2143 4291 secum
2168 4235 2314 4291 bello
2342 4236 2750 4309 congrediatur,
2777 4245 2878 4293 aut
2901 4235 3098 4295 Gothis
3148 4240 3203 4295 in
3233 4255 3407 4312 regno
3442 4255 3547 4297 suo

1956 4326 2139 4383 locutu
2185 4328 2263 4384 ad
2311 4328 2669 4386 habitandum
2710 4330 2995 4403 largiatur.
3041 4333 3319 4393 Honorius
3339 4334 3557 4405 Gallias,

230 4418 616 4475 ‘orientalium
649 4432 710 4473 se
752 4415 1142 4474 communione
1190 4414 1554 4485 suspendunt.
1593 4415 1736 4473 Iram
1760 4416 1856 4473 Dei
1886 4437 1934 4494 ι)
1959 4417 2131 4477 furori
2163 4421 2408 4492 gentium
2440 4422 2685 4494 undique
2703 4425 2986 4496 expositas
3011 4428 3096 4483 eis
3120 4429 3412 4486 concessit.

252 4526 361 4583 pro
412 4518 594 4567 morte
663 4508 937 4565 Johannis
984 4506 1160 4563 nimia
1211 4506 1500 4580 grandinis
1561 4516 1857 4580 tempestas

253 4600 745 4673 Constantinopoli
769 4600 1115 4668 incumbens,
1134 4606 1191 4656 et
1219 4612 1371 4656 mors
1392 4597 1660 4656 Eudoxia
1680 4616 1855 4672 augu-

255 4706 360 4753 stae
387 4696 686 4752 subsecuta
708 4694 960 4751 intentat.

365 4788 498 4844 411).
574 4788 629 4843 5.
700 4787 759 4844 2.
834 4786 927 4842 25.
1000 4784 1092 4841 50.
1160 4783 1258 4840 50.
1337 4784 1426 4840 12.
1498 4782 1592 4840 20.
1667 4783 1757 4841 50.

328 4879 438 4953 (Η.
486 4878 585 4951 nt.)
641 4877 949 4935 Archadius
979 4875 1264 4932 orientalis
1286 4873 1610 4948 ,imperator
1654 4876 1859 4933 timens

230 4974 377 5032 'ﬂlio
421 4986 525 5028 suo
573 4970 793 5026 octenni
848 4983 1019 5041 puero
1057 4968 1386 5038 Theodosio,
1418 4970 1581 5041 eique
1617 4977 1857 5026 tutorem

255 5064 588 5139 Sdigerdem
629 5061 926 5121 Persarum
951 5077 1135 5135 regem
1160 5070 1493 5119 teStamcnto
1536 5061 1854 5137 designans,

2051 4507 2178 4562 415.
2254 4507 2309 4563 5.
2386 4509 2440 4565 5.
2515 4508 2606 4565 28.
2683 4512 2780 4567 55.
2848 4512 2941 4568 55.
3018 4515 3128 4571 15.’
3180 4516 3272 4575 25.
3347 4517 3441 4574 55.

2035 4597 2241 4671 (Ιοιιυ.)
2287 4599 2541 4658 Wandali
2581 4599 2806 4671 Gallias,
2830 4620 2970 4674 quas
2997 4621 3096 4676 per
3123 4616 3205 4663 tot
3242 4613 3427 4666 annos
3462 4610 3545 4666 la-

1938 4698 2308 4759 ceraverant,
2364 4688 2738 4761 relinquentes
2782 4693 2986 4750 timore
3017 4694 3322 4753 Gothorum
3348 4738 3364 4765 ,
3411 4713 3544 4755 cum

1959 4779 2153 4837 Alanis
2171 4789 2228 4837 et
2256 4780 2451 4839 Suevis
2473 4779 2764 4854 Hispanias
2787 4794 3079 4858 occupant.
3125 4785 3312 4859 Ibique
3337 4787 3452 4844 fere

1961 4877 2123 4933 annis
2145 4878 2545 4935 habitaverunt.
2585 4878 2720 4953 (1b.)
2748 4880 3001 4939 Alaricus
3024 4881 3170 4939 facto
3195 4883 3398 4941 fmdere
3417 4872 3560 4941 cum.

1962 4965 2228 5036 Honorio,
2252 4985 2381 5027 cum
2408 4971 2479 5027 ad
2502 4971 2709 5029 Gallias
2731 4973 2837 5029 sibi
2860 4973 3017 5030 datas
3051 4973 3319 5042 tenderet,
3349 4973 3540 5031 Stilico

1962 5059 2086 5131 ipso
2111 5069 2303 5119 sancto
2345 5062 2434 5120 die
2477 5065 2696 5136 pascha
2732 5080 2802 5121 ex
2858 5064 3154 5137 improviso
3201 5081 3366 5138 super
3414 5070 3544 5120 eum

254 5166 504 5216 mortem
560 5155 719 5213 obiit.
1106 5154 1335 5211 tutelam
1390 5155 1550 5227 pueri
1620 5154 1858 5229 benigne
1961 5156 2161 5223 irruit;
2186 5163 2243 5212 et
2265 5153 2445 5228 primo
2469 5155 2675 5228 impetu
2703 5157 2906 5225 victor,
2934 5166 3126 5237 postea
3148 5173 3181 5215 a
3206 5156 3400 5217 Gothis
3427 5164 3538 5211 tur-

331 5321 380 5354 “
406 5319 598 5377 Romae
613 5276 687 5359 4-
714 5280 974 5389 eratiSig.
998 5326 1179 5389 postea
1197 5317 1431 5375 addidit.

1556 5247 1794 5306 VABIE
1828 5248 2234 5307 LECTIONES.

1806 5408 2038 5468 NOTAE.

333 5502 492 5578 (l52)
521 5500 721 5583 grima
751 5498 873 5583 eius
917 5499 1256 5583 narrationis
1307 5499 1641 5583 lineamenta
1682 5502 1855 5583 tradit

259 5568 497 5657 Gregor.
520 5571 656 5627 Tur.
701 5568 755 5652 1,.
782 5568 890 5637 52,
923 5570 1013 5637 54,
1053 5569 1304 5643 formam
1359 5569 1483 5640 ejus
1588 5589 1604 5626 ›
1643 5572 1851 5628 ularem

263 5646 484 5702 [dactus
507 5659 595 5714 ap.
619 5640 809 5696 Canis.
833 5641 958 5714 lect.
991 5650 1107 5714 ant.
1130 5639 1494 5714 edﬁaanI,
1528 5584 1661 5714 ;
1707 5643 1853 5714 unde

265 5720 524 5773 haustam
544 5708 825 5769 auxerunt
852 5710 1142 5767 Aimoinus
1179 5708 1267 5779 Ill,
1293 5713 1348 5780 i‘,
1391 5710 1556 5769 Gesta
1606 5712 1861 5769 Treviro-
1894 5760 1897 5763 .
1940 5761 1945 5767 .

565 5804 843 5868 Pnnou.
888 5803 1075 5869 CLX.

1959 5519 2083 5574 rum
2112 5510 2166 5574 et
2197 5500 2322 5574 Vita
2340 5501 2400 5558 S.
2424 5502 2631 5574 Antidii
2652 5516 2780 5574 sae.
2818 5519 2877 5560 x1
2930 5504 3156 5574 scripta,
3186 5503 3242 5557 in
3262 5501 3541 5574 aggsgss.

1957 5572 2085 5647 Jun:
2115 5571 2182 5647 ν,
2203 5573 2294 5647 45,
2311 5588 2387 5647 ex
2409 5588 2518 5644 qua
2545 5572 2862 5647 Sigebertus
2882 5589 2987 5647 sua
3008 5571 3260 5644 sumpsit.
3288 5571 3545 5647 lilRSQﬂ

1958 5644 2019 5702 cf
2021 5688 2030 5702 .
2058 5643 2262 5704 Ltehell
2281 5641 2284 5642 ⁷
2300 5641 2511 5718 Gregor
2538 5641 2645 5700 νοῇ
2669 5641 2846 5702 Tours
2868 5644 2991 5700 411.

3180 5806 3222 5863 3
3291 5880 3293 5883 .
