4058 6446
498 297 569 358 ’15
1665 291 2025 351 SIGEBER'I’I
2065 289 2595 349 GEMBLACENSIS
3704 299 3771 354 75

494 420 636 490 piter
665 416 901 473 vincitur
929 412 1101 486 (I55).
1129 411 1226 485 (11.
1253 411 1349 486 m.)
1386 409 1663 467 Honorius
1693 409 1913 480 cognito
1963 407 2076 461 Sti-
2105 410 2154 468 Λ
2182 407 2428 490 crastino
2450 414 2632 490 autem
2662 423 2779 464 serv
2868 420 3108 490 scemate
3134 425 3238 490 sint
3264 384 3576 490 ministrare
3622 412 3770 490 fece-

490 511 725 573 Iiconem
750 522 874 564 esse
895 514 1175 563 tantorum
1204 506 1475 560 malorum
1508 503 1847 558 incentorem
1874 510 1929 556 et
1956 500 2081 554 vitae

492 616 609 658 suae
653 600 1053 667 insidiatorem,
1108 614 1236 655 eum
1282 612 1408 653 cum
1478 596 1591 650 filio
1631 595 1752 666 ejus
1806 593 2080 649 Euehario

491 692 692 750 occidit
719 692 890 765 (154).
922 689 1127 763 (Jonn.)
1174 689 1425 745 Alaricus
1452 696 1615 759 rupto
1640 687 1846 743 findere
1868 682 2077 740 Italiam

488 786 705 857 repetit,
730 786 903 857 ipsam
928 783 1160 841 Romam
1182 784 1346 854 capit,
1379 783 1518 838 inea
1550 782 1720 836 multa
1746 781 1863 837 loca
1886 780 2077 835 incen-

485 880 586 945 dit,
612 879 811 950 multos
837 877 1109 949 afﬂigitpa
1136 876 1402 947 sanguine
1433 884 1614 930 tamen
1658 882 1713 929 et
1746 873 1892 929 caede
1938 882 2077 928 tem-

486 980 662 1041 perat,
694 980 748 1027 et
796 969 866 1025 ad
911 978 1230 1025 sanctorum
1260 968 1451 1022 limina
1500 965 1943 1037 confugientibus
1990 964 2077 1018 in-

484 1063 668 1134 dulget
695 1063 874 1134 (I55);
922 1060 1081 1116 tertia
1106 1060 1193 1115 die
1223 1068 1419 1130 sponte
1466 1057 1639 1113 Roma
1664 1057 1973 1129 egreditur,
2004 1053 2073 1111 ad

487 1153 729 1211 Siciliam
759 1154 1017 1225 navigare
1036 1152 1374 1209 contendens
1394 1149 1742 1223 naufragium
1766 1151 1991 1221 patitur,
2019 1158 2075 1206 et

483 1262 592 1303 non
635 1248 805 1303 multo
861 1256 984 1318 post
1035 1248 1180 1319 apud
1231 1248 1615 1327 Consentiam,
1646 1249 1835 1304 urbem
1886 1248 2071 1304 subita

481 1351 656 1396 morte
684 1340 1017 1413 defungitur.
1046 1341 1217 1412 Capta
1246 1351 1330 1397 est
1365 1350 1546 1397 autem
1589 1340 1762 1396 Roma
1785 1340 1819 1397 9
1875 1340 2071 1397 Kalen-

476 1432 579 1489 das
599 1431 901 1503 Septembr.
918 1449 1065 1489 anno
1082 1433 1217 1488 i164
1237 1434 1281 1466 ²⁰
1321 1433 1652 1489 conditionis
1675 1448 1805 1489 sua}.
1839 1431 1936 1505 (Η.
1970 1433 2069 1504 m.)

480 1524 577 1581 His
623 1525 817 1582 diebus
856 1527 1001 1599 apud
1033 1526 1274 1583 Africam
1327 1526 1384 1581 in
1433 1525 1680 1582 Uticensi
1720 1525 1887 1580 litore
1932 1524 2069 1581 dens

478 1617 727 1688 gygantis
750 1618 1005 1675 inventus
1033 1628 1118 1674 est
1165 1627 1276 1674 tam
1308 1619 1523 1691 ingens,
1549 1628 1610 1673 ut
1650 1618 1697 1673 si
1757 1617 2065 1672 minutatim

480 1708 535 1763 in
561 1709 814 1766 modulos
844 1721 1159 1768 nostrorum
1201 1712 1448 1767 dentium
1491 1709 1903 1774 concideretur,
1935 1724 2065 1765 ceu-

478 1807 596 1856 tum
622 1802 814 1859 dentes
836 1803 964 1860 inde
1003 1803 1119 1858 ﬁeri
1147 1813 1372 1875 possent
1396 1804 1463 1858 ³¹.
1497 1802 1688 1874 (Gnse.
1719 1800 1882 1873 Tun.)
1919 1802 2063 1857 Inte-

476 1890 581 1944 rim
630 1890 916 1949 Wandalis
954 1894 1163 1949 iterum
1228 1892 1434 1949 Gallias
1487 1893 1902 1948 incursantibus
1937 1908 2066 1948 con-

468 1983 649 2050 gressi
664 1981 894 2051 Franci,
927 1982 1292 2055 Modigisilum
1324 1999 1528 2055 regem,
1554 2000 1677 2039 eum
1726 1982 1798 2037 20
1841 1984 2064 2040 milibus

482 2069 877 2127 Wandalorum
918 2073 1281 2145 extinguunt:
1310 2083 1365 2130 et
1402 2089 1657 2144 suprema
1711 2073 1850 2129 forte
1896 2075 2065 2130 inter-

476 2163 637 2218 necio
669 2161 1066 2220 Wandalorum
1093 2163 1304 2232 fuisset,
1330 2165 1435 2221 nisi
1466 2165 1694 2237 reliquis
1732 2182 1927 2223 eorum
1970 2184 2064 2222 rex

473 2254 772 2311 Alanorum
824 2254 1171 2327 Resplendial
1214 2258 1462 2314 subsidio
1500 2260 1758 2314 venisset.
1816 2259 2060 2331 (Pnosr.,

478 2342 673 2416 Beas.)
730 2346 1122 2403 Britannorum
1150 2348 1297 2405 vires
1357 2349 1461 2403 hac
1502 2358 1825 2419 tempestate
1872 2351 2062 2407 nimiis
2168 2386 2173 2390 »

475 2436 723 2492 hostium
776 2438 1179 2510 irruptionibus
1220 2440 1387 2495 nimis
1432 2449 1591 2495 erant
1644 2450 1958 2509 attenuate;
2011 2452 2064 2498 et

469 2527 600 2597 quia
631 2542 663 2583 a
707 2527 974 2585 Romanis
1030 2528 1272 2601 undique
1317 2530 1460 2586 bello
1503 2530 1883 2587 laborantibus
1924 2531 2063 2589 nihil

472 2622 707 2678 subsidii
726 2623 929 2680 habere
962 2632 1235 2696 poterant,
1267 2624 1601 2680 subtrahunt
1639 2639 1699 2680 se
1748 2625 1816 2680 ab
1862 2639 2054 2681 eorum

472 2710 871 2779 dominatione,
900 2720 955 2768 et
979 2727 1076 2784 per
1095 2729 1271 2770 annos
1294 2714 1517 2770 circiter
1534 2713 1606 2768 67
1641 2715 1877 2770 multum
1907 2716 2045 2771 mul-

470 2801 544 2856 tis
572 2803 981 2860 calamitatibus
1021 2805 1427 2861 laboraverunt.
1455 2804 1745 2863 Wandalis
1771 2816 1899 2877 post
1946 2806 2063 2864 Ho-

468 2890 749 2962 digisilum
758 2890 1053 2965 Modigisili
1066 2893 1213 2949 filius
1224 2894 1574 2952 Cundericus
1587 2896 1833 2967 regnavit
1863 2896 1918 2951 in
1938 2895 2064 2953 His-

470 2983 652 3053 paniis
673 2984 835 3043 armis
847 2984 936 3041 16.
963 2985 1400 3059 Wisigothorum
1413 2988 1609 3044 tertius
1630 2989 1877 3061 regnavit
1898 2990 2064 3046 Atha-

469 3075 659 3172 uulfus
679 3079 844 3172 annis
871 3079 927 3135 5.
955 3078 1176 3153 [Franci
1197 3095 1324 3172 sepe
1352 3080 1556 3172 Gallias
1586 3082 1943 3151 incessentes,
1971 3084 2060 3140 di-
2091 3107 2138 3172 ο

465 3165 676 3236 ripiunt
702 3166 901 3238 prima,
929 3177 985 3225 et
1028 3168 1269 3226 secunda
1302 3170 1605 3242 irruptione
1637 3172 1938 3251 incendunt
1966 3191 2060 3229 ur-

470 3256 595 3313 bem
622 3257 926 3328 Treverim,
972 3276 1140 3333 quam
1191 3261 1435 3318 condidit
1461 3261 1684 3330 Treber,
1729 3263 1877 3320 filius
1931 3263 2059 3320 Nini

466 3347 805 3407 Assiriorum
837 3353 1008 3424 regis,
1034 3351 1305 3426 profugus
1326 3369 1360 3410 a
1384 3352 1524 3413 faeie
1546 3370 1796 3412 noverca:
1813 3371 1928 3413 sum
1952 3355 2053 3412 Se-

473 3438 800 3517 miramidis,
812 3449 867 3500 et
877 3456 915 3497 a
929 3455 1033 3498 suo
1057 3442 1281 3499 nomine
1295 3441 1577 3500 Treberim
1589 3444 2058 3518 denominavit“.]

588 3530 953 3607 “prius.
1028 3532 1091 3589 Ρ.
1133 3533 1187 3591 6.
1261 3533 1324 3590 r.
1364 3535 1454 3591 29.
1502 3535 1593 3597 an.
1636 3536 1690 3592 i.
1766 3534 1855 3592 w.
1894 3538 1950 3592 ι.

536 3674 553 3701 ι,
722 3692 729 3699 μ
895 3623 1078 3681 W.-i.
1155 3624 1220 3682 0.
1260 3626 1353 3682 at.
1430 3626 1625 3684 αλιι.

542 3714 640 3789 (ιι.
671 3716 772 3789 ru.)
793 3716 1128 3777 Athauulfus
1150 3718 1384 3781 Romam
1406 3720 1580 3789 redit;
1612 3721 1761 3792 quod
1784 3721 2058 3794 reliquum

465 3816 588 3865 erat
611 3808 862 3876 abradit;
888 3809 1032 3867 inter
1063 3817 1290 3866 caeteros
1309 3809 1606 3868 Placidiam
1631 3826 1873 3885 quoque,
1894 3828 2058 3871 soro-

468 3914 587 3957 rem
613 3898 840 3959 Honorii
858 3900 1227 3971 imperatoris,
1251 3901 1522 3972 eaptivam
1543 3903 1789 3972 abducit,
1819 3920 2056 3977 eamque

462 3990 568 4046 sibi
592 4005 821 4047 uxorem
839 3990 1009 4047 ducit.
1027 3989 1161 4063 (Ib).
1192 3989 1467 4049 Honorius
1489 3993 1807 4065 imperator,
1840 3996 1970 4067 quia
1998 3998 2056 4055 in

364 4152 373 4159 .
462 4079 576 4136 Βθο
597 4081 838 4153 speravit
859 4081 1060 4139 affectu
1079 4083 1301 4154 optimae
1321 4084 1625 4157 religionis,
1653 4086 1907 4145 liberavit
1923 4105 2050 4147 eum

462 4168 611 4226 Deus
628 4186 661 4226 a
679 4172 869 4228 multis
891 4173 948 4228 in
968 4189 1030 4231 se
1068 4173 1312 4245 undique
1340 4173 1753 4247 insurgentibus
1779 4180 2049 4253 tyrannis.

465 4258 674 4351 flens.)
700 4261 983 4334 Siquidem
1020 4264 1075 4320 in
1099 4263 1400 4321 Britanniis
1429 4265 1745 4339 Gratianus,
1861 4270 2055 4330 Galliis

460 4350 866 4413 Constantinus
910 4364 967 4411 et
996 4354 1275 4412 Constans
1309 4354 1456 4414 filius
1495 4358 1616 4430 ejus
1662 4374 1733 4417 ex
1781 4350 2055 4420 monacho

2183 488 2340 544 runt;
2374 479 2483 545 hic,
2526 480 2769 551 inquam,
2800 496 2909 535 non
2944 481 3059 552 jam
3082 482 3316 549 ludicro,
3343 483 3437 538 sed
3470 484 3615 539 serio
3666 486 3771 539 im-

2181 587 2373 641 perare
2396 572 2684 629 affectans:
2713 574 2768 628 hi
2813 589 3026 643 omnes,
3050 584 3112 653 ut
3150 577 3494 647 tyrannidem
3554 577 3771 634 invase-

2179 673 2330 731 runt,
2354 664 2584 721 diversis
2614 666 2770 734 locis,
2801 667 3034 724 diversis
3058 671 3416 748 temporibus,
3440 687 3473 726 a
3501 671 3770 730 militibus

2181 754 2403 812 Honorii
2440 760 2583 829 capti
2621 770 2715 815 aut
2742 761 2965 818 extincti
2996 762 3295 832 perierunt.

2235 874 2263 920 ς
2327 845 2453 901 415.
2531 847 2584 903 5.
2664 848 2713 902 7.
2774 842 2879 904 50.
2958 851 3011 906 2.
3087 854 3142 907 2.
3219 852 3275 908 2.
3350 854 3442 910 25.
3519 856 3590 912 55

2250 941 2536 1009 (Cassam)
2567 938 2839 997 Maximus
2871 941 3228 1000 Taui‘ineusis
3253 945 3544 1017 episcopus
3574 949 3765 1015 claret,

2177 1031 2269 1099 qui
2297 1030 2351 1084 in
2379 1031 2590 1086 omeliis
2617 1036 3009 1104 componendis
3031 1044 3083 1090 et
3110 1037 3161 1090 in
3183 1024 3428 1092 (ecclesia
3453 1039 3766 1095 dechunan-

2174 1123 2261 1181 dis
2287 1124 2496 1180 studuit
2518 1125 2813 1197 eleganter.
2856 1126 3131 1198 Hispaniae
3158 1127 3555 1187 Wandolorum
3594 1131 3764 1198 ferro,

2174 1216 2340 1284 fame,
2368 1219 2693 1289 pestilentia,
2732 1220 3008 1277 morsilms
3032 1222 3332 1277 bestiarum
3349 1225 3585 1294 graviter
3611 1225 3764 1281 labo-

2174 1319 2315 1365 rant.
2360 1310 2550 1383 (ιωε.)
2588 1310 2835 1367 Valentia
2884 1312 3184 1368 Galliarum
3231 1315 3425 1371 civitas
3475 1331 3505 1370 a
3563 1316 3765 1372 Gothis

2172 1412 2329 1473 capta
2373 1413 2477 1459 est.
2509 1402 2749 1475 (Pnosr.)
2801 1403 3304 1463 Predeslinatorum
3379 1409 3585 1464 heresis
3658 1409 3766 1463 hoc

2173 1502 2416 1565 tempore
2439 1495 2604 1566 coepit
2633 1510 2878 1565 serpere;
2907 1496 3000 1566 qui
3035 1497 3156 1552 ideo
3186 1497 3546 1554 Predestinati
3566 1513 3768 1556 vocan—

2170 1595 2280 1652 tur,
2300 1587 2429 1657 quia
2458 1589 2524 1642 dc
2562 1589 3024 1658 predestinatione
3046 1602 3099 1645 et
3121 1590 3304 1645 divina
3357 1592 3531 1663 gratia
3566 1592 3762 1663 dispu—

2172 1689 2350 1736 tantes
2370 1683 2708 1747 asserebant,
2756 1685 2901 1754 quod
2951 1700 3053 1740 nec
3101 1686 3188 1755 pie
3228 1687 3535 1742 viventibus
3588 1689 3765 1759 prosit

2170 1772 2437 1828 bonorum
2493 1789 2723 1844 operum
2748 1776 2922 1842 labor,
2952 1777 2999 1833 si
3037 1776 3200 1833 abeo
3231 1779 3298 1832 ad
3352 1788 3583 1836 mortem
3635 1797 3763 1852 pre-

2167 1866 2425 1922 destiuati
2450 1864 2684 1933 fuerint;
2710 1883 2809 1923 nec
2832 1868 3013 1939 impiis
3039 1869 3202 1936 obsit,
3235 1872 3380 1940 quod
3413 1872 3658 1941 improbe
3681 1873 3763 1927 vi-

2169 1967 2323 2025 vant,
2357 1958 2404 2013 si
2440 1974 2470 2011 a
2514 1956 2625 2013 Deo
2662 1958 2866 2015 fuerint
2893 1961 3247 2031 predestinati
3294 1962 3363 2017 ad
3407 1963 3595 2018 vitam.
3627 1962 3763 2029 Quae

2166 2051 2402 2113 assertio
2425 2062 2479 2106 et
2510 2051 2686 2108 bonos
2728 2068 2760 2107 a
2811 2053 2971 2108 bonis
3024 2054 3310 2120 avocabat,
3360 2064 3414 2110 et
3452 2056 3629 2111 malos
3690 2055 3761 2111 ad

2166 2144 2309 2199 mala
2352 2144 2702 2214 provocabat.
2731 2143 2864 2215 (1b.)
2900 2144 3025 2201 Ilaec
3045 2145 3259 2202 heresis
3282 2164 3349 2203 ex
3396 2147 3550 2203 libris
3572 2148 3764 2220 Augu-

2168 2234 2300 2289 stini
2326 2233 2467 2288 male
2494 2234 2783 2290 intellectis
2810 2234 3027 2289 initium
3061 2236 3367 2305 sumpsisse
3388 2237 3609 2292 dicitur.

2316 2326 2442 2381 416.
2520 2325 2572 2380 6.
2649 2325 2703 2381 8.
2781 2327 2869 2381 51.
2946 2328 3000 2382 5.
3077 2329 3131 2383 5.
3209 2329 3263 2384 5.
3338 2329 3429 2383 26.
3504 2331 3595 2386 56.

2239 2417 2336 2490 (Η.
2365 2418 2462 2490 ιη.)
2503 2417 2778 2475 Honorius
2807 2419 3105 2491 imperator
3131 2421 3325 2492 sopitis
3362 2421 3414 2475 in
3446 2421 3629 2476 Africa
3658 2422 3761 2478 be-

2155 2510 2373 2584 _retieis,
2397 2526 2587 2581 pacem
2611 2511 2786 2568 reddit
2806 2512 3089 2568 azcclesiis.
3108 2512 3396 2584 Perempto
3424 2529 3456 2568 a
3479 2514 3598 2570 suis
3623 2512 3761 2569 Ata-

2154 2604 2318 2678 \uulfo
2354 2605 2788 2678 Wisigothorum
2852 2621 2999 2677 rege,
3053 2604 3333 2678 Sigericus
3375 2615 3567 2679 regnat
3607 2621 3761 2663 anno

2164 2714 2296 2754 uno.
2327 2697 2530 2771 (Cass)
2591 2697 2799 2755 Judeus
2851 2698 3077 2771 quidam
3137 2715 3264 2777 cum
3317 2708 3547 2771 questus
3587 2715 3762 2755 causa

2164 2806 2308 2861 saepe
2364 2791 2420 2846 in
2467 2790 2655 2848 multis
2715 2792 3088 2849 hereticorum
3143 2792 3409 2872 aeclesiis
3449 2792 3762 2864 baptizatus

2164 2881 2378 2951 fuisset,
2416 2883 2567 2940 venit
2610 2883 2775 2940 etiam
2823 2884 2891 2940 ad
2940 2884 3247 2941 (ecclesiam
3290 2884 3755 2951 orthodoxorum,

2163 2974 2268 3030 sub
2289 2974 2479 3045 eadem
2508 2974 2810 3032 intentione
2829 2975 3215 3046 baptizandus.
3239 2973 3310 3031 Et
3335 2990 3462 3031 cum
3484 2975 3759 3046 baptizari

2166 3067 2406 3135 deberet,
2463 3084 2608 3140 aqua
2661 3067 2831 3125 fontis
2883 3068 3066 3126 subito
3110 3067 3408 3139 disparuit;
3443 3076 3499 3123 et
3555 3068 3758 3123 iterum

2168 3167 2334 3230 atque
2378 3158 2577 3229 iterum
2606 3175 2750 3231 aqua
2774 3160 2939 3215 allata
2980 3169 3039 3216 et
3074 3158 3225 3215 fonte
3269 3159 3501 3230 repleto,
3528 3158 3759 3215 iterum

2159 3260 2325 3323 atque
2353 3253 2549 3309 iterum
2591 3268 2737 3323 aqua
2763 3253 3076 3324 disparens,
3104 3252 3362 3309 virtutem
3382 3251 3479 3309 Dei
3498 3260 3555 3308 et
3595 3249 3755 3309 Judci

2150 3346 2441 3419 perfidiane
2468 3346 2729 3403 ostendit.
2858 3414 2859 3417 η

2299 3438 2425 3494 417.
2504 3438 2555 3493 7.
2633 3438 2687 3495 9.
2761 3439 2852 3494 52.
2929 3439 2985 3494 4.
3059 3438 3114 3494 4.
3192 3438 3246 3494 4.
3321 3439 3414 3493 37.
3495 3439 3588 3495 57.

2229 3530 2318 3601 (G.
2343 3530 2533 3602 Pent.)
2571 3530 2829 3589 Zosimus
2855 3530 3121 3590 Romana:
3146 3532 3408 3594 ecclesiae
3427 3531 3554 3587 59M
3579 3530 3758 3602 presi—

2154 3625 2247 3682 det
2268 3624 2336 3680 “.
2351 3623 2453 3680 Hic
2465 3624 2706 3691 decrevit
2721 3640 2939 3682 cereum
2963 3626 3193 3683 sabbato
3212 3632 3407 3682 saneto
3419 3623 3638 3695 pascha:
3655 3639 3757 3693 per

2154 3716 2433 3775 meclesias
2458 3717 2728 3775 benedici.
2753 3717 2930 3789 (Ism.)
2954 3717 3239 3790 Pet-empto
3258 3733 3291 3772 a
3314 3716 3641 3788 Wisigothis
3666 3714 3758 3772 Si-

2154 3809 2361 3882 gerico,
2385 3817 2579 3881 regnat
2597 3808 2796 3865 Wallia
2817 3809 2981 3866 annis
3004 3809 3076 3865 22
3100 3808 3273 3882 (156).
3306 3806 3592 3881 (Manum)
3607 3804 3754 3895 Qui-

2153 3898 2282 3954 dam
2310 3897 2679 3954 occidentales
2704 3897 2899 3953 ultimo
2922 3912 3071 3954 anno
3092 3896 3229 3971 cycli
3252 3895 3755 3952 decennovennalis

2153 4006 2256 4062 pro
2275 3990 2605 4046 embolismo
2629 4006 2979 4047 communem
3007 4005 3215 4047 annum
3252 3997 3524 4056 tenentes,
3557 4004 3624 4071 ac
3652 4003 3755 4059 per
3873 4013 3876 4016 θ

2154 4083 2262 4139 hoc
2295 4082 2353 4139 in
2380 4082 2588 4154 pascha
2615 4082 2945 4141 celebrando
2989 4082 3330 4148 aberrantes,
3357 4080 3546 4137 divino
3584 4080 3756 4135 mira-

2154 4177 2281 4235 culo
2306 4177 2377 4234 ad
2404 4177 2693 4234 veritatem
2736 4184 3086 4232 revocantur.
3115 4174 3175 4230 ln
3223 4190 3332 4241 una
3381 4174 3533 4231 enim
3581 4172 3754 4229 Italiae

2153 4267 2422 4335 ateclesia,
2465 4266 2559 4322 ubi
2623 4266 2910 4322 annuatim
2937 4267 3193 4322 sabbato
3243 4274 3437 4321 sancto
3496 4263 3749 4336 paschae,

2154 4360 2292 4419 hora
2320 4359 2656 4430 baptizandi,
2688 4359 2900 4417 solebat
2945 4374 3090 4430 aqua
3126 4358 3399 4415 divinitus
3426 4372 3654 4414 manare
3689 4367 3750 4413 et

461 4457 634 4499 caesar
656 4442 858 4512 factus,
886 4446 1016 4505 item
1057 4454 1183 4517 post
1231 4462 1329 4505 eos
1362 4447 1418 4504 in
1440 4448 1633 4507 Galliis
1657 4451 1957 4511 Gerontius
1999 4463 2058 4510 et
2084 4460 2134 4517 ι)
2157 4451 2342 4509 statim
2371 4465 2441 4507 ex
2463 4465 2586 4508 sese
2605 4451 2806 4517 redire,
2857 4450 3008 4506 nullo
3040 4449 3361 4516 deductorio
3382 4449 3600 4520 penitus
3648 4463 3751 4520 ap-

458 4533 750 4605 llaximus,
775 4536 1071 4607 Salustius,
1095 4538 1347 4611 Iovinus,
1379 4542 1793 4614 Sebastianus;
1852 4546 2045 4619 (Imm)

2155 4550 2410 4613 parente;
2438 4555 2587 4597 nunc
2610 4539 3097 4612 temperiusjusto,
3114 4539 3170 4596 id
3188 4547 3274 4597 est
3306 4538 3342 4596 8
3389 4537 3508 4595 Kal.
3532 4537 3711 4610 April.
3728 4580 3749 4606 ,

458 4626 518 4683 in
566 4627 753 4689 Africa
799 4629 1153 4700 Eraclianus;
1183 4631 1374 4691 Romae
1411 4635 1687 4694 Tertullus
1732 4647 1788 4695 et
1832 4639 2048 4697 Attalus
2155 4628 2362 4707 pascha
2421 4633 2803 4700 celebrantes,_
2828 4647 2971 4703 aqua
3016 4647 3128 4687 non
3171 4645 3441 4688 eluamus
3489 4638 3751 4703 expecta-

458 4717 571 4787 ille,
600 4734 764 4792 quem
785 4720 949 4777 Gothi
987 4731 1146 4795 capta
1189 4722 1365 4781 Roma
1410 4726 1797 4798 imperatorem
1837 4728 2050 4787 ludicro
2155 4728 2305 4784 tione
2329 4726 2501 4783 totius
2524 4725 2634 4783 diei
2671 4740 2739 4782 ae
2782 4724 2961 4780 noctis
3004 4721 3223 4791 fefellit;
3274 4723 3519 4796 legitimo
3558 4732 3748 4781 autem

457 4819 722 4880 creatum,
779 4808 894 4870 uno
950 4814 1040 4872 die
1099 4815 1368 4889 imperiali
1413 4827 1655 4875 scemate
1724 4822 2046 4890 procedere,
2153 4820 2243 4877 die
2267 4819 2488 4891 pascha:
2544 4818 2678 4875 hora
2735 4816 3227 4889 baptizandi_aqua_
3263 4814 3428 4872 solito
3452 4828 3747 4883 emanans,

1694 4930 1930 4989 VAHIAE
1968 4934 2065 4992 LE1

526 4992 1289 5084 .‘3§i9€b-wizrs'.9!;.'.CL¥l
1312 4998 1386 5068 υς
1607 5017 1730 5083 εταηι
1751 5019 1961 5059 ενασιυη
1981 5016 2065 5084 οδε

2515 5000 2618 5084 F5.
2642 4999 2888 5084 anno);
2917 4999 2990 5084 C.
3004 4998 3683 5084 quadragesimoquartpg

459 5064 850 5151 reliqui'omnes
881 5064 1157 5151 ιοξίχλιιι.
1213 5070 1278 5151 ι¹¹
1318 5064 1653 5151 conditionis
1682 5102 1756 5111 —
1782 5085 2007 5151 ppssent
2037 5076 2225 5151 Sigeb.‘
2252 5077 2309 5130 in
2337 5090 2574 5151 ngrgme
2598 5064 2841 5151 inferiori
2872 5064 3295 5151 curis-secundis
3329 5064 3502 5151 agit:
3557 5070 3627 5151 “'
3662 5064 3747 5151 ita

458 5132 747 5223 iureiure
764 5135 845 5220 εδ.
883 5137 1001 5221 refl.
1027 5137 1402 5223 Francisﬁ.
1431 5132 1855 5223 incursantes'd.
1883 5160 1935 5215 p.
1963 5162 2013 5202 e.
2211 5146 2248 5201 i.
2276 5144 2430 5200 u.’T.
2455 5132 2588 5223 :quae
2613 5132 2694 5223 sic
2731 5143 2880 5223 dicta
2900 5151 2983 5198 est
3009 5142 3079 5197 ab
3110 5132 3605 5223 auc_t_orc
3626 5138 3746 5222 pri-

455 5204 624 5291 vigno
650 5204 972 5288 gemiramis
993 5210 1186 5265 uxoris
1207 5207 1368 5292 Nini;
1391 5224 1424 5264 a
1450 5224 1561 5279 qua
1590 5221 1716 5336 piget
1736 5204 2021 5296 decessum
2042 5216 2065 5274 Ι

456 5275 719 5360 condidit,
749 5291 953 5360 vpeans
976 5294 1101 5337 eam
1127 5295 1196 5337 ex
1221 5294 1443 5336 nomine
1461 5294 1565 5336 suo
1650 5282 1886 5340 reberim
1910 5304 2047 5343 unus

2168 5264 2171 5272 .
2192 5229 2365 5288 regno
2384 5204 2598 5299 pulsus,
2633 5206 2774 5270 hanc
2796 5214 2987 5296 urbem
3015 5227 3182 5295 super
3200 5211 3482 5266 Mosellam
3501 5204 3745 5294 ﬂuvium

2185 5289 2299 5345 Iuno
2321 5288 2490 5360 igitur
2509 5285 2812 5357 Srgebertus
2839 5288 3344 5356 primoftcnpserat.
3419 5283 3467 5314 ⁸⁸
3495 5290 3576 5337 tta
3596 5281 3649 5337 ι.
3683 5296 3746 5335 m

456 5359 673 5414 rasura,
705 5345 821 5404 rell.
1638 5391 1647 5399 .

3283 5005 3645 5071 “meamne
3662 4996 3744 5071 A;

1961 5447 2201 5510 ΝΟΜ).

556 5524 1046 5667 £32318!!!
1074 5529 1129 5586 d.
1158 5531 1250 5586 29.
1283 5530 1444 5590 Mart.
1477 5532 1603 5591 405.

555 5596 681 5655 154)
711 5598 872 5654 Anno
899 5598 1025 5655 408.

554 5667 677 5741 @559
708 5683 763 5741 [ξ
793 5667 910 5724 Kal.
961 5668 1109 5741 Sept.
1137 5672 1242 5728 410

557 5735 680 5806 156)
709 5734 827 5796 Non
854 5734 1091 5811 consta't,
1143 5744 1287 5801 unde
1326 5745 1428 5803 hos
1457 5746 1669 5805 Walliae
1712 5757 1767 5805 et
1815 5748 1956 5805 infra
1980 5765 2032 5805 a.

2154 5612 2360 5669 ldatius
2403 5613 2615 5669 Walliae
2656 5612 2692 5667 2
2728 5620 3151 5671 tantumannos
3188 5606 3449 5677 ascribat,
3494 5606 3741 5664 Isidorus

2154 5693 2286 5742 tres.
2326 5684 2434 5742 Pro
2453 5692 2645 5741 nostro
2680 5682 2812 5738 facit
2851 5681 3107 5738 Iordanis
3137 5696 3188 5738 c.
3225 5678 3314 5736 52.

2153 5543 2261 5599 459
2324 5541 2650 5599 Theoderici
2699 5556 2874 5597 annos
2928 5540 3173 5595 hauserit
3223 5537 3560 5610 Sigebertus,
3585 5550 3742 5610 _cum
3824 5602 3829 5605 μ
