4058 6460
255 424 308 480 77
1674 417 2043 475 CIIRONICA.
3447 420 3507 480 18
3588 433 3600 444 °

252 538 305 592 l0
366 533 484 588 Kal.
551 532 678 590 Maii
724 533 929 604 pascha
981 533 1179 588 debere
1221 530 1487 586 celebrari
1538 532 1798 588 ostendit.
1840 540 1883 595 Α
1914 528 2124 585 invillis
2144 526 3501 598 CeimtanimSalehaim,Bodohaim,Windohaim.

248 625 435 697 litem.)
459 625 706 697 Corpora
737 635 1053 682 sanctorum
1110 623 1372 695 Stephani
1417 624 1810 703 prothomarti-

247 723 327 782 ris.
365 718 668 785 Nicodemi,
693 717 1010 775 Gamalielis
1030 726 1087 773 ct
1127 717 1341 773 Abibon
1391 715 1637 772 Luciano
1689 732 1813 788 pre-

246 814 425 871 sbitcro
452 813 692 868 revelata
725 821 874 868 sunt.
908 811 976 866 Et
1000 826 1199 882 corpus
1219 810 1441 881 quidem
1464 810 1813 881 prothomar-

247 904 345 960 tiris
379 901 645 974 Stephani
674 902 957 960 Iohannes
981 904 1274 974 episcopus
1308 918 1342 958 a
1377 901 1813 973 Caphargamala

245 997 564 1054 Hierusalem
598 997 898 1065 transtulit,
920 996 1068 1069 quod
1088 1004 1215 1068 post
1238 996 1449 1067 aliquot
1475 1011 1652 1051 annos
1688 996 1813 1051 inde

243 1092 459 1145 levatum
483 1097 571 1145 est
599 1104 631 1144 a
660 1087 874 1144 Iuliana
906 1096 1180 1156 matrona,
1203 1103 1327 1159 qua:
1345 1102 1550 1157 corpus
1573 1086 1804 1141 Alexan-

240 1181 311 1237 dri
350 1180 456 1234 viri
502 1180 590 1236 sui
649 1180 849 1250 sepulti
887 1180 1046 1251 juxta
1114 1194 1317 1249 corpus
1368 1165 1814 1248 prothomartiris

242 1276 399 1329 levare
426 1272 642 1339 volens,
668 1287 768 1342 pro
794 1286 1023 1343 corpore
1066 1271 1169 1326 viri
1200 1271 1285 1327 sui
1329 1285 1533 1342 corpus
1586 1269 1813 1341 prothe-

241 1360 464 1416 martiris
490 1360 710 1426 levavit,
748 1369 801 1416 et
842 1362 1011 1416 multa
1054 1359 1446 1416 miraculorum
1487 1360 1656 1432 gloria
1691 1358 1813 1415 illu-

239 1463 450 1510 stratum
473 1452 1008 1524 Constantinopolim
1039 1454 1251 1509 detulit.

237 1546 341 1600 418.
420 1544 486 1598 R.
515 1546 568 1600 8.
647 1544 823 1600 P.l0.
903 1545 1091 1600 [7.53.
1170 1544 1227 1599 Β.
1257 1546 1308 1599 5.
1391 1544 1477 1599 W.
1503 1545 1555 1599 5.
1633 1544 1807 1599 W.I.

779 1637 842 1693 Ο.
872 1638 964 1693 28.
1041 1638 1106 1693 Η.
1145 1639 1235 1692 58.

296 1727 581 1799 (Gerasam)
646 1729 874 1787 Orosius
936 1731 1205 1801 presbiter
1264 1731 1480 1786 rediens
1538 1746 1571 1785 a
1621 1729 1813 1789 Hiero-

234 1822 383 1887 nimo,
434 1822 503 1876 ad
551 1838 715 1893 quem
764 1824 968 1880 missus
1014 1823 1192 1880 fuerat
1233 1827 1303 1881 ab
1352 1828 1659 1900 Augustino
1712 1843 1813 1898 pro

1915 619 1979 675 lli
2006 629 2265 691 quattuor
2300 636 2559 690 proceres
2584 636 2682 692 per
2712 631 2824 679 tres
2846 624 3043 681 mallos
3071 639 3364 681 causarum
3390 627 3506 682 ori-
3603 691 3610 698 ,

1912 714 2067 785 gines
2096 713 2483 771 convenientes
2527 713 2759 770 sollicite
2795 724 3118 783 tractantes,
3158 715 3227 770 de
3272 718 3505 789 singulis

1911 791 2460 871 discutiendo,sicut
2483 805 2570 860 lex
2603 804 2782 862 Salica
2823 805 3085 872 declarat,
3125 805 3377 877 judicare
3409 809 3507 866 de-

1910 905 2220 955 ercverunt.
2252 892 2444 970 (me)
2470 897 2745 965 Wandali,
2787 898 2969 968 Alani,
3017 897 3204 967 Suevi,
3251 900 3506 973 regiones

1915 988 2303 1061 Hispaniarum
2327 990 2397 1046 ad
2419 990 2778 1047 habitandum
2808 991 2951 1047 inter
2972 1005 3033 1048 se
3053 991 3320 1048 trifariam
3349 1007 3475 1050 com
3490 1023 3508 1035 -

1912 1082 2097 1152 partiti
2122 1092 2178 1138 et
2209 1082 2266 1137 in
2293 1082 2471 1140 tribus
2492 1083 2679 1156 regnis
2700 1082 2884 1152 divisi,
2910 1084 3247 1141 colliduntur
3276 1085 3424 1142 inter
3445 1099 3508 1141 se

1915 1173 2174 1230 intestino
2186 1169 2357 1231 bello.

2016 1265 2142 1321 423.
2223 1267 2309 1322 ιδ.
2389 1267 2476 1322 l5.
2552 1269 2607 1323 4.
2689 1268 2775 1323 lt).
2852 1266 2941 1324 ιο.
3015 1267 3069 1339 s.
3145 1268 3235 1324 55.
3311 1271 3404 1326 45.

1986 1356 2205 1429 (Pnosr.
2236 1390 2309 1399 —
2337 1357 2411 1414 H.
2443 1358 2540 1432 m.)
2566 1358 2844 1417 Honorius
2864 1360 3274 1431 Constantium,
3324 1362 3507 1419 virum

1915 1450 2124 1507 sororis
2144 1467 2259 1508 sua:
2282 1450 2555 1522 Placidite,
2592 1453 2648 1509 in
2672 1453 2964 1525 imperium
2985 1454 3229 1524 asciscit,
3259 1456 3356 1527 qui
3404 1471 3506 1512 oc-

1906 1530 2043 1598 tavo
2084 1543 2304 1615 imperii
2353 1560 2544 1602 mense
2579 1545 2735 1601 obiit.
2780 1544 3062 1604 Britannis
3107 1547 3506 1619 subjectionem

1916 1634 2169 1692 Romano
2218 1636 2450 1708 imperio
2478 1636 3010 1709 repromittentibus,
3047 1638 3296 1696 subsidia
3344 1638 3511 1698 mittit

1915 1714 2214 1799 Honorius,
2240 1740 2295 1787 et
2319 1729 2587 1803 Hispanis,
2603 1724 3002 1790 Wandalorum
3032 1733 3177 1790 bello
3205 1733 3511 1790 laboranti-

1915 1821 2050 1891 bus;
2077 1823 2172 1879 sed
2191 1823 2247 1880 id
2272 1822 2479 1881 frustra
2503 1822 2626 1880 fuit.

232 1915 472 1969 discenda
523 1916 812 1995 questionc
847 1917 915 1972 de
966 1918 1178 1988 origine
1225 1920 1424 1975 anima:
1456 1919 1646 1992 (BEDA)
1681 1919 1807 1975 reli-

2006 1916 2133 1971 424.
2212 1916 2301 1984 14,
2378 1916 2467 1972 16.
2545 1918 2600 1986 5,
2677 1918 2763 1973 11.
2844 1914 2931 1974 11.
3010 1917 3061 1972 7.
3138 1919 3228 1974 54.
3304 1919 3398 1975 44.

232 2005 369 2074 qnias
402 2005 852 2073 prothomartiris
900 2004 1162 2077 Stephani
1204 2008 1270 2063 ad
1318 2008 1561 2064 Africam
1615 2009 1809 2065 detulit

231 2112 337 2150 cum
372 2095 608 2152 historia
635 2096 971 2153 inventionis
1001 2098 1143 2169 ejus,
1172 2114 1339 2169 quam
1363 2100 1536 2171 gratia
1566 2100 1807 2156 miracu-

230 2190 388 2243 lorum
450 2200 814 2262 prosequente
847 2192 1050 2262 ubique
1086 2191 1231 2248 Deus
1258 2194 1591 2251 mirilicavit.
1649 2192 1815 2250 Unde.

230 2283 364 2352 plura
422 2283 792 2355 Augustinus,
837 2285 1012 2339 multo
1060 2285 1218 2356 plura
1269 2288 1491 2357 scripsit
1546 2286 1805 2344 Evodius.

228 2373 313 2444 (ll.
344 2376 446 2444 τη.)
471 2374 769 2443 Honorius,
794 2386 956 2447 pacto
992 2376 1197 2433 fcedcre
1234 2394 1361 2434 cum
1394 2378 1605 2445 Gothis,
1638 2379 1812 2450 Aqui-

229 2468 414 2520 taniam
466 2467 690 2523 tradidit
718 2469 821 2524 eis.
873 2468 1075 2524 Wallia
1124 2467 1423 2525 Placidiam
1453 2471 1523 2525 ab
1550 2469 1810 2526 Atauulfo

228 2567 425 2627 captam
461 2556 930 2633 reddit‘Honorio
990 2557 1180 2627 fratri;
1226 2559 1502 2617 Honorius
1543 2578 1663 2617 eam
1717 2563 1811 2619 dat

228 2663 441 2704 urerent
468 2648 796 2706 Constantio
825 2652 1033 2718 comiti,
1057 2667 1126 2707 ex
1154 2668 1269 2724 quo
1306 2652 1547 2710 Placidia
1601 2652 1807 2710 Valen-

228 2740 486 2796 tinianum
505 2742 720 2813 genuit,
759 2744 854 2814 qui
879 2753 1004 2814 post
1034 2742 1341 2800 Honorium
1368 2746 1642 2818 regnavit.

356 2834 489 2889 419.
570 2834 624 2888 9.
703 2835 789 2890 11.
865 2835 956 2890 54.
1032 2835 1086 2890 6.
1164 2836 1217 2890 6.
1296 2835 1353 2893 2.
1425 2836 1516 2893 29.
1584 2835 1675 2893 59.

288 2924 439 2997 (Cm.
474 2925 569 2997 F.)
592 2926 861 2984 Sunnone
890 2937 945 2984 et
975 2927 1307 2985 Marcomiro
1341 2927 1683 2986 Francorum
1700 2932 1807 2987 du-

227 3019 368 3074 cibus
394 3017 702 3087 defunctis,
733 3019 931 3077 Franci
959 3021 1015 3075 in
1043 3007 1340 3077 commune
1387 3009 1716 3089 deliberant,
1750 3032 1811 3079 ut

225 3113 410 3182 etipsi,
448 3114 593 3169 sicut
622 3113 743 3169 alias
771 3122 981 3186 gentes,
1014 3130 1185 3170 unum
1217 3130 1402 3188 regem
1432 3110 1709 3183 habeam;
1755 3127 1812 3174 ct

227 3202 381 3258 lilium
420 3203 741 3260 Marcomiri
780 3206 938 3262 ducis
987 3205 1436 3264 Pharamundum
1476 3207 1583 3265 sibi
1627 3224 1807 3282 regem

224 3296 494 3362 onlinant,
525 3297 625 3368 qui
651 3298 899 3369 regnavit
918 3297 1082 3353 anuis
1118 3298 1205 3353 11.
1328 3286 1333 3291 ’

351 3385 485 3440 420.
567 3375 654 3440 19.
733 3385 821 3441 12.
902 3386 954 3441 1.
1032 3385 1084 3442 7.
1164 3380 1348 3442 7.23.
1424 3385 1515 3443 50.
1590 3386 1681 3442 40.

287 3475 369 3541 (6.
392 3476 574 3547 parit.)
615 3477 943 3535 Bonefacius
991 3478 1122 3534 40"
1158 3478 1207 3512 “
1242 3476 1507 3536 Romanae
1551 3480 1813 3538 accelesiae

224 3569 473 3637 presidet.
507 3568 715 3624 Contra
738 3570 886 3626 hunc
910 3569 1263 3628 Bonefacium
1299 3571 1553 3628 ordinato
1575 3570 1810 3640 Eulalio,

223 3668 272 3715 ct
292 3676 386 3730 pro
418 3661 531 3717 hoc
554 3660 858 3718 dissidente
883 3662 1151 3730 aecclesia,
1186 3664 1351 3719 ambo
1382 3664 1545 3735 jussu
1581 3662 1811 3719 Honorii

224 3752 435 3823 augusti
468 3749 618 3808 Urbe
641 3753 1032 3826 egrediuntur;
1062 3762 1118 3810 et
1162 3755 1243 3811 sic
1266 3756 1553 3826 reprobato
1576 3753 1810 3823 Eulalio,

221 3841 369 3913 jussu
398 3845 627 3917 augusti
653 3840 1004 3912 Bonel'acius,
1027 3846 1158 3918 quia
1199 3847 1348 3918 prior
1369 3847 1657 3903 ordinatus
1692 3844 1814 3903 fue-

226 3946 321 4001 rat,
352 3937 476 3993 sedi
505 3938 827 4008 apostolica:
854 3939 1164 3996 restituitur
1191 3939 1363 4011 (157).
1418 3937 1519 3995 Hic
1549 3939 1809 4008 decrevit,

224 4041 279 4087 ut
305 4033 459 4089 nulla
489 4032 692 4090 mulier
721 4041 818 4089 aut
837 4034 1105 4089 monacha
1132 4022 1333 4105 pallam
1364 4043 1637 4090 sacratam
1668 4034 1811 4089 alta-

224 4123 295 4180 ris
323 4126 676 4198 contingeret
701 4114 798 4182 aut
831 4126 1059 4194 lavaret,
1084 4137 1179 4183 aut
1226 4116 1525 4184 incensum~
1551 4136 1808 4198 poneret;

222 4224 351 4271 etut
376 4232 578 4274 servus
604 4219 691 4274 vel
714 4217 989 4277 obnoxius
1035 4219 1204 4275 curiae
1243 4229 1341 4277 aut
1383 4218 1681 4290 cujuslibet
1728 4220 1811 4277 rei

222 4325 325 4365 non
356 4311 454 4367 ﬁat
478 4312 734 4370 cicricus.

320 4404 473 4459 421.
555 4405 641 4460 11.
726 4406 817 4463 15.
892 4405 949 4461 2.
1026 4405 1080 4462 8.
1157 4403 1211 4461 8.
1288 4406 1344 4461 4.
1421 4405 1511 4460 51.
1589 4406 1678 4461 41.

289 4495 449 4565 (γεω
480 4497 541 4553 S.
576 4498 755 4570 Hier.)
797 4498 1151 4556 Hieronimus
1198 4514 1295 4569 per
1340 4497 1411 4554 56
1450 4513 1627 4555 annos
1655 4497 1811 4553 libris

220 4587 335 4642 suis
354 4587 652 4657 confectis,
686 4590 761 4646 ita
780 4606 1013 4661 corpore
1042 4606 1155 4661 prae
1179 4588 1721 4671 laboribus-defecto,
1751 4595 1813 4644 ut
1843 4602 1894 4664 ι)

219 4684 355 4739 lecto
404 4698 638 4759 surgere
690 4685 945 4758 nequiret
996 4685 1104 4740 nisi
1164 4682 1509 4755 apprehenso
1539 4682 1812 4738 manibus

220 4772 361 4841 l‘nne,
386 4775 488 4846 qui
537 4775 609 4831 ad
651 4776 758 4832 hoc
819 4776 887 4831 de
931 4776 1103 4833 trabe,
1141 4760 1431 4845 pendebat,
1487 4772 1625 4828 obiit
1665 4771 1810 4844 apud

220 4863 494 4921 Bethleem
519 4882 668 4922 anno
695 4866 873 4922 aetatis
897 4882 1014 4923 sua:
1037 4866 1108 4923 98
1132 4866 1200 4920 ”.
1712 4872 1715 4873 ⁷

346 4958 483 5012 422.
561 4958 649 5013 12.
727 4958 816 5014 14.
893 4959 948 5015 5.
1021 4958 1083 5018 9.,
1153 4960 1207 5015 9.
1284 4960 1337 5015 5.
1416 4957 1504 5013 52.
1580 4956 1669 5011 42.

280 5046 418 5117 (Lex
443 5049 578 5119 σαι,
606 5050 768 5106 Gesta
796 5069 842 5106 r.
872 5049 998 5122 Fr.)
1030 5051 1227 5107 Franci
1253 5051 1331 5107 uti
1354 5056 1644 5122 coeperunt
1670 5045 1807 5118 legi-

216 5138 333 5205 bus,
366 5149 426 5194 et
459 5140 632 5213 legem
658 5139 896 5200 Salicam
919 5140 1265 5198 dictaverunt
1292 5157 1388 5213 per
1406 5130 1654 5211 quatuor
1684 5151 1810 5209 gen-

213 5231 282 5286 tis
301 5249 423 5290 suae
448 5222 709 5304 proceres
734 5235 940 5291 electos
968 5235 1037 5290 de
1077 5235 1350 5306 pluribus,
1381 5233 1468 5289 his
1507 5229 1810 5303 appellatos

216 5324 557 5391 nominibus,
587 5323 846 5397 Usogast,
878 5326 1164 5400 Bosogast,
1211 5324 1482 5398 Salagast,
1515 5316 1808 5395 Widigast.

1985 2007 2229 2080 (Pnosr.)
2257 2008 2534 2068 Honorius
2582 2009 2976 2069 tricennalibus
3037 2011 3156 2070 suis
3191 2010 3261 2068 de
3306 2027 3508 2084 pompa

1912 2100 2057 2171 capti
2115 2100 2338 2157 Maximi
2397 2102 2619 2175 tyranni
2671 2101 2949 2161 Ravennae
3006 2103 3299 2161 celebratis
3348 2105 3505 2162 obiit.

1913 2187 2261 2248 Theodosius
2291 2193 2510 2263 utrique
2538 2208 2710 2264 regno
2759 2193 2991 2264 imperat
3028 2194 3189 2250 annis
3209 2194 3263 2249 5.
3303 2192 3508 2267 Genu.)

1913 2280 2109 2337 Wallia
2161 2298 2257 2338 rex
2300 2283 2733 2356 Wisigotharum
2787 2285 3087 2343 Wandalos
3139 2286 3194 2341 in
3226 2284 3508 2359 Hispaniis

1911 2387 2259 2444 prosecutus,
2290 2374 2544 2431 debellat.
3090 2383 3093 2385 ί
3128 2402 3136 2409 -
3156 2390 3186 2415 )

2032 2466 2159 2522 425.
2237 2467 2288 2521 1.
2372 2467 2455 2523 17.
2533 2467 2587 2523 6.
2665 2469 2753 2524 12.
2837 2469 2921 2525 12.
2994 2470 3049 2526 8.
3125 2473 3215 2529 55.
3294 2473 3384 2528 45.

1985 2556 2084 2629 (II.
2112 2556 2506 2629 m.).lohannes
2530 2558 2723 2618 Hunos
2744 2576 2915 2634 regno
2936 2563 3202 2632 immittit,
3230 2572 3288 2621 et
3314 2579 3508 2622 eorum

1912 2651 2121 2707 auxilio
2165 2651 2234 2710 ad
2304 2653 2650 2725 tyrannidem
2695 2654 2950 2711 intendit.
2975 2654 3204 2729 ουοκυ.)
3252 2656 3506 2715 Wandali
3612 2706 3621 2711 -

1913 2743 2299 2800 Mauritaniam
2347 2744 2632 2801 invadunt.
2698 2744 2813 2803 Hoc
2869 2754 3115 2819 tempore
3175 2747 3508 2807 Theonistus

1898 2835 2205 2909 cpiscopus
2245 2835 2318 2891 ab
2362 2835 2622 2893 hcreticis
2646 2837 2840 2908 pulsus
2885 2846 2972 2895 est
3007 2839 3078 2894 ab
3100 2840 3237 2896 urbe
3258 2856 3359 2897 sua
3386 2839 3489 2897 Phi

1912 2928 2100 3000 lippis,
2122 2945 2251 2985 cum
2285 2927 2575 3001 discipulis
2613 2929 2734 2987 suis
2779 2929 3014 2999 Albano,
3046 2929 3211 2998 Urso,
3262 2930 3495 2988 Thabra-

1914 3021 2064 3089 ham,
2095 3019 2448 3089 Tubraham;
2490 3036 2557 3077 ex
2590 3022 2796 3093 quibus
2824 3022 3072 3080 Albanus
3096 3023 3241 3095 apud
3272 3008 3509 3097 Mogum

1913 3112 2047 3167 tiam
2074 3111 2283 3179 Galliae,
2311 3113 2510 3185 reliqui
2534 3108 2664 3170 Vero
2701 3114 2756 3169 in
2783 3114 3018 3171 diversis
3046 3113 3217 3172 Italize
3240 3115 3377 3173 locis
3407 3116 3512 3189 pro

1913 3201 2137 3261 Christo
2168 3203 2591 3261 martirizantur
2619 3206 2687 3262 “.
3468 3206 3471 3211 ’

2041 3294 2167 3351 426.
2240 3294 2298 3351 2.
2374 3290 2489 3352 18.⁸
2540 3295 2591 3352 7.
2670 3298 2759 3353 15.
2839 3299 2928 3355 15.
3004 3300 3058 3357 9.
3136 3300 3226 3356 56.
3304 3300 3396 3357 46.

1987 3383 2077 3456 (G.
2100 3385 2276 3457 ρυηι.)
2310 3385 2625 3444 Celestinus
2648 3386 2913 3446 Romana:
2938 3391 3199 3447 :ecclesize
3223 3391 3355 3447 ﬂ"
3386 3407 3510 3464 pre-

1888 3469 2072 3537 ‘sidet.
2102 3476 2203 3534 Hic
2236 3479 2544 3547 constituit,
2579 3489 2639 3537 ut
2662 3482 2862 3552 psalmi
2889 3482 3063 3540 David
3110 3483 3216 3542 150
3244 3494 3375 3542 ante
3412 3486 3508 3543 sa—

1913 3569 2185 3627 oriﬁcium
2235 3562 2570 3626 canerentur
2625 3570 3031 3643 antiphonatim
3091 3590 3157 3632 ex
3223 3578 3509 3647 omnibus,

1911 3661 2061 3734 quod
2095 3670 2224 3719 ante
2272 3676 2387 3718 non
2428 3661 2614 3729 ﬁebat,
2674 3661 2781 3719 nisi
2832 3670 3047 3720 tantum
3084 3667 3317 3738 epistola
3363 3670 3510 3727 beati

1912 3752 2071 3811 Pauli
2117 3763 2173 3810 et
2220 3762 2478 3813 sanctum
2522 3754 2867 3828 evangelium
2912 3756 3269 3813 recitabatur.
3296 3756 3375 3813 Ex
3407 3762 3511 3816 hoc

1922 3845 2178 3902 instituto
2206 3846 2448 3917 excerpti
2472 3847 2541 3902 de
2573 3847 2801 3918 psalmis
2825 3847 3105 3917 introitus,
3133 3849 3397 3921 gradalia,
3422 3849 3509 3907 of-

1912 3934 2139 3993 fertoria
2166 3944 2294 3994 ante
2338 3937 2696 4005 sacriﬁcium,
2732 3939 3155 3997 communiones
3178 3939 3320 3998 inter
3348 3956 3523 3997 com--

1912 4030 2309 4086 municandum
2342 4045 2470 4086 cum
2500 4029 2976 4099 modulatiouead
3023 4032 3249 4088 missam
3299 4033 3355 4089 in
3403 4049 3508 4090 tec-

1910 4122 2076 4180 clesia
2102 4121 2351 4179 Romana
2377 4123 2587 4179 cantari
2606 4133 2885 4195 ceperunt.
2918 4122 3016 4195 (Il.
3044 4124 3140 4197 ut.)
3163 4122 3508 4183 Theodosia;
3536 4124 3541 4129 ’

1911 4230 2009 4286 per
2040 4214 2413 4271 Ardaburium
2440 4214 2607 4270 ductu
2640 4213 2819 4287 angeli
2856 4212 3164 4271 Iohannem
3207 4224 3504 4288 tyrannum

1909 4307 2189 4380 opprimit.
2219 4306 2407 4363 Roma
2447 4307 2590 4362 inter
2618 4305 2801 4363 Etinm
2829 4318 2885 4364 et
2912 4306 3271 4363 Bonefacium
3317 4323 3384 4362 ex
3424 4308 3505 4363 rei

1910 4398 2168 4455 militaris
2214 4398 2388 4471 gloria
2440 4405 2560 4453 orta
2598 4396 2826 4466 invidia,
2878 4397 2957 4454 rei
3004 4397 3238 4468 publica:
3270 4399 3510 4469 parturit

1909 4492 2220 4565 dispendia.

2023 4583 2148 4639 427.
2221 4583 2278 4638 5.
2357 4582 2444 4638 19.
2521 4582 2577 4638 8.
2653 4583 2741 4638 14.
2817 4582 2906 4638 14.
2980 4582 3067 4637 10.
3141 4580 3232 4638 57.
3304 4581 3396 4639 47.

1988 4673 2064 4748 (11
2072 4716 2085 4729 .
2119 4690 2191 4729 m.
2211 4673 2432 4746 Paose.)
2463 4673 2811 4730 Theodosius
2837 4672 3303 4743 Valentinianum,
3326 4673 3508 4732 Placi-

1915 4767 2020 4824 dia:
2047 4766 2231 4822 amita:
2262 4781 2378 4822 suae
2428 4781 2496 4822 ex
2533 4765 2860 4823 Constantio
2896 4765 3091 4834 lilium,
3116 4766 3502 4838 imperatorem

1913 4861 2065 4931 facit,
2094 4876 2331 4934 eumque
2358 4876 2484 4918 cum
2506 4859 2748 4917 Placidia
2777 4868 2954 4916 matre
2979 4859 3211 4917 Romam
3237 4859 3306 4916 ad
3330 4861 3508 4930 impe-

1914 4954 2148 5011 randum
2196 4952 2403 5020 mittit;
2453 4961 2510 5008 et
2566 4960 2940 5024 regnaverunt
2989 4952 3156 5009 simul
3202 4952 3365 5008 annis
3406 4951 3503 5007 24.

1911 5043 2191 5117 Carthago
2223 5044 2493 5116 permissa
2511 5050 2598 5100 est
2618 5059 2781 5100 muro
2814 5044 3168 5101 circumdari.
3200 5042 3508 5101 Cassianus

1913 5135 1983 5192 de
2020 5133 2267 5191 tecclesia
2300 5130 2911 5205 Constantinopolitana
2956 5149 2985 5189 a
3019 5132 3272 5190 Iohanne
3314 5131 3509 5190 Criso—

1915 5235 2098 5284 stomo
2126 5225 2335 5296 ejectus
2355 5232 2412 5280 et
2442 5224 2497 5280 in
2544 5222 2841 5281 Massiliam
2872 5223 3062 5281 Callia:
3102 5224 3367 5295 presbiter
3405 5237 3473 5277 or

1915 5317 2160 5385 dinatus,
2200 5316 2370 5371 multa
2393 5314 2649 5386 scripsit;
2680 5316 2825 5372 inter
2844 5330 2968 5387 quas
2992 5315 3159 5371 etiam
3191 5320 3506 5386 compertas

1520 5433 1755 5491 vanu:
1793 5425 2199 5509 LECTIONES.

282 5528 330 5559 “
359 5531 446 5583 ita
489 5531 539 5585 1.
569 5533 683 5586 sine
721 5548 947 5597 rasura;
972 5532 1114 5594 τευ..
1138 5541 1187 5586 et
1212 5538 1476 5585 tractatur
1506 5528 1572 5581 de
1595 5525 1934 5597 int-euitare.
1977 5520 2021 5552 ”
2035 5518 2372 5597 LXXXVIII]
2391 5537 2457 5597 ra:
2476 5530 2785 5597 correctura
3134 5511 3505 5597 LXXIIXVIH

214 5684 323 5722 ηεξ.

211 5593 390 5668 Sigeb.
420 5603 601 5679 prima
639 5619 799 5683 manu
822 5612 872 5657 et
897 5587 1012 5657 rell.
1104 5587 1159 5633 "‘4
1188 5600 1299 5657 lloc
1322 5608 1565 5672 tempore
1609 5627 1676 5636 ——
1722 5591 2140 5650 martirizantur
2170 5590 2225 5644 in
2260 5593 2497 5664 margine
2534 5587 2729 5665 Sigeb.‘
2757 5592 2901 5646 curis
2936 5591 3150 5654 terciis;
3204 5587 3321 5642 rell.
3368 5587 3494 5641 aut-

1825 5778 1964 5835 ΤᾸΞ.

606 5788 613 5793 ‘
1825 5779 1964 5835 TE.

281 5870 448 5939 (157)
478 5870 596 5928 llaec
618 5871 685 5927 ad
711 5871 940 5927 verbum
966 5872 1258 5943 exscripsit
1294 5884 1487 5928 auctor
1513 5779 1894 5931 tractatrﬁobe
1930 5872 2277 5941 investitura,
2310 5870 2367 5925 in
2402 5869 2645 5926 Goldasti
2666 5867 2940 5939 apologia,
2968 5880 3022 5936 p.
