4046 6318
554 382 619 434 τε,
1720 363 2080 422 SIGEBERTI
2121 343 2650 418 GEMBMCENSIS
3749 356 3823 416 so

551 503 605 555 in
634 495 866 567 :Egypto
902 491 1043 546 vitas
1089 497 1330 561 patrum,
1363 484 1755 553 doctrinasque
1797 490 1848 536 et
1898 481 2134 552 regulas,
2171 487 2211 541 Α
2241 479 2374 533 tiun:
2418 491 2577 531 cmsa.
2613 474 2942 530 Gcnsericus
2981 473 3105 531 odia
3149 474 3452 531 Gothorum
3501 473 3730 542 veritus,
3768 484 3828 532 et

547 591 688 646 datis
714 588 780 643 ad
812 584 1076 656 plurimos
1104 581 1258 636 libris
1281 581 1526 650 expon't.

629 680 754 736 458.
849 676 913 731 Β.
955 676 1005 730 1.
1075 671 1259 727 Ρ.20.
1339 669 1486 732 F.9,
1562 667 1753 722 Β.15.
1829 661 1917 718 W.
1954 662 2041 717 15.

986 767 1052 824 W
1107 769 1190 821 11.
1266 765 1329 820 Ο.
1367 765 1456 819 58.
1534 761 1597 817 ll.
1639 761 1726 816 48.

629 868 758 938 ob.)
780 859 839 921 in
868 865 1067 920 Bitinia
1093 863 1413 920 Timotheus
1441 861 1663 932 quidam
1693 856 2043 912 continentiae
2080 858 2135 908 et

551 960 834 1033 religionis
857 958 1093 1029 imagine
1117 955 1320 1010 multis.
1357 951 1613 1017 illudens,
1646 965 1742 1006 eos
1795 948 1849 1002 in
1890 960 2130 1001 errorem

553 1068 666 1108 suae
705 1050 914 1106 heresis
948 1047 1181 1115 induxit,
1212 1045 1421 1111 dicens,
1451 1041 1734 1100 Christum
1770 1055 1964 1095 verum
2011 1037 2134 1108 qui-

551 1144 675 1198 dem
707 1141 878 1196 Deum
901 1149 955 1196 et
977 1155 1168 1195 verum
1190 1137 1468 1194 hominem
1493 1136 1560 1192 de
1582 1133 1807 1205 Virgine
1838 1129 2007 1186 Maria
2044 1146 2137 1184 na-

553 1243 665 1286 tum
690 1230 894 1296 fuisse;
922 1230 1019 1286 sed
1048 1229 1318 1284 mentiens
1347 1226 1598 1292 dicendo,
1639 1225 1784 1295 quod
1824 1222 2006 1279 divina
2039 1237 2135 1279 na-

555 1331 675 1374 tura
707 1334 970 1373 conversa
991 1316 1061 1372 sit
1089 1317 1141 1370 in
1166 1313 1462 1370 humanam
1493 1319 1766 1367 naturam.
1792 1307 1994 1382 (ιοιω.)
2027 1305 2136 1362 Ro-

552 1413 700 1468 mani
729 1407 918 1467 Hunos
947 1427 978 1466 a
1003 1407 1286 1465 Pannonia
1307 1407 1520 1478 fugant,
1544 1421 1709 1478 quam
1751 1420 1849 1476 per
1870 1401 1939 1459 50
1961 1415 2138 1458 annos

552 1512 862 1560 tenuerant.
1414 1523 1416 1526 π

639 1595 765 1651 429.
837 1595 892 1649 2.
967 1591 1057 1648 21.
1131 1591 1218 1647 10.
1297 1589 1384 1646 16.
1457 1589 1544 1645 16.
1622 1587 1708 1644 12.
1785 1587 1876 1643 59.
1951 1584 2041 1641 49.

625 1687 832 1760 (Jono.)
862 1685 1193 1741 Bonefacius
1224 1683 1489 1750 Africam,
1525 1681 1611 1738 cui
1651 1687 1891 1752 preci-at,
1933 1675 2138 1734 sollici-

551 1794 630 1840 tat
665 1783 730 1838 ad
770 1781 1146 1837 rebellionem.
1185 1776 1546 1834 Gunderieus-
1577 1789 1675 1830 rex
1717 1768 2135 1837 Wandalorum,

551 1885 711 1948 capta
735 1872 965 1946 Hispali,
991 1887 1115 1926 eum
1149 1870 1314 1940 impie
1347 1869 1525 1924 elatus
1556 1882 1756 1924 manus
1798 1865 1853 1920 in
1894 1863 2140 1920 aecclesia

552 1967 728 2040 ipsius
760 1951 1000 2022 civitatis
1035 1961 1390 2027 extendisset,
1423 1975 1551 2015 mox
1593 1959 1687 2014 Dei
1727 1957 1937 2030 judicio
1978 1973 2010 2011 a
2047 1955 2140 2012 de-

555 2075 719 2114 mone
747 2063 1034 2126 correptus
1057 2051 1285 2110 interiit.
1311 2051 1504 2125 (lnam)
1531 2051 1632 2107 Cui
1668 2050 1999 2106 Geusericus
2032 2047 2143 2104 fra—

555 2159 638 2204 ter
665 2149 720 2202 in
756 2162 923 2218 regno
951 2145 1272 2212 succedens,
1301 2144 1549 2216 regnavit
1587 2142 1749 2198 annis
1777 2141 1867 2195 48.
1909 2139 2030 2196 Hic.
2082 2150 2144 2196 ut

556 2239 752 2306 fertur,
782 2237 849 2295 de
885 2238 989 2293 fide
1031 2235 1302 2293 catholica
1341 2235 1395 2289 in
1437 2232 1727 2287 Arrianam
1773 2239 1978 2287 sectam
2012 2244 2146 2300 apo-

558 2331 797 2388 statavit.
1780 2373 1782 2376 ,

650 2423 777 2476 450.
848 2420 902 2474 5.
977 2417 1068 2472 22.
1147 2416 1232 2470 11.
1321 2413 1407 2468 17.
1486 2415 1536 2468 1.
1614 2413 1700 2468 15.
1779 2411 1868 2468 40.
1946 2411 2036 2468 50.

631 2509 718 2584 (G.
746 2527 853 2581 reg.
887 2507 1011 2579 Fr.)
1036 2505 1286 2574 Clodius,
1313 2505 1459 2561 filius
1499 2502 1855 2570 Faramundi,
1899 2519 1993 2558 rex
2035 2502 2114 2558 cri

562 2609 731 2673 nitus,
767 2612 960 2677 regnat
983 2617 1148 2673 super
1169 2599 1414 2656 Francos
1437 2599 1599 2653 annis
1616 2596 1706 2652 20.
1732 2596 1809 2652 Ex
1827 2597 1933 2653 hoc
1951 2595 2128 2652 Franc

562 2703 790 2759 crinitos
817 2715 974 2773 reges
1006 2699 1208 2754 habere
1247 2703 1528 2767 ceperunt.
1573 2693 1850 2748 Walamer
1882 2691 2117 2764 Ostrogo

563 2799 786 2852 thorum
803 2808 1031 2866 regnum
1077 2789 1404 2861 suscipiens,
1431 2787 1678 2860 regnavit
1713 2787 1873 2842 annis
1902 2786 1990 2841 51.
2032 2784 2150 2841 Hu-

559 2892 652 2962 jus
675 2889 844 2945 frater
870 2887 975 2942 fuit
995 2883 1350 2950 Thiudemer,
1372 2881 1439 2937 de
1465 2897 1575 2952 quo
1599 2891 1754 2937 ortus
1781 2888 1867 2936 est
1899 2877 2152 2934 Theode-

564 2983 715 3037 ricus
738 2996 832 3036 rex
869 2978 1059 3034 Italiae.
1107 2973 1311 3048 (lenm)
1345 2973 1687 3048 Augustinus
1734 2973 1790 3026 in
1836 2971 2152 3042 episcopatu

566 3069 903 3143 llipponensi
927 3066 1240 3124 Heracliam
1271 3064 1377 3122 sibi
1405 3063 1674 3120 substitui
1709 3062 1838 3118 fecit
1873 3063 1939 3116 ”.

703 3165 830 3220 451.
907 3163 961 3218 4.
1040 3161 1134 3216 25.
1214 3160 1268 3214 1.
1345 3156 1432 3212 18.
1507 3157 1562 3211 2.
1643 3157 1729 3212 14.
1807 3157 1859 3210 1.
1936 3154 2026 3210 51.

639 3257 727 3330 (G.
762 3272 870 3327 reg.
916 3253 1042 3322 Fr.)
1097 3251 1324 3308 Clodius
1375 3248 1689 3320 Toringiam
1739 3248 1965 3315 invadit,
1998 3257 2049 3303 et
2099 3247 2156 3304 in

567 3351 835 3422 DiSpargo
865 3346 1090 3403 castello
1138 3343 1505 3415 Toringorum
1532 3340 1846 3412 aliquandiu
1873 3339 2157 3395 habitavit.

706 3441 831 3496 452.
907 3438 962 3494 5.
1040 3437 1133 3494 24.
1204 3435 1260 3490 2.
1338 3433 1426 3490 19.
1501 3433 1554 3488 5.
1629 3432 1715 3488 15.
1792 3431 1848 3486 2.
1925 3431 2014 3487 52.

645 3531 927 3604 (Manum)
949 3529 1273 3585 Caelestinus
1293 3541 1433 3597 papa
1454 3523 1524 3580 ad
1555 3524 1772 3580 Scottos
1794 3523 1848 3577 in
1878 3521 2161 3577 Christum

569 3627 873 3690 credentes,
931 3620 1237 3676 Palladium
1298 3618 1539 3688 primum
1592 3614 1761 3668 mittit
1816 3613 2158 3683 episcopum.

570 3717 700 3773 Post
728 3731 893 3788 quem
922 3713 992 3769 ad
1020 3711 1245 3768 eosdem
1288 3709 1359 3762 ab
1406 3696 1606 3762 eodem
1635 3703 1929 3759 Caelestino
1957 3704 2163 3760 missus

569 3817 656 3866 est
685 3807 743 3862 S.
784 3804 1082 3869 Patricius,
1124 3813 1323 3873 genere
1365 3797 1562 3865 Britto,
1595 3797 1740 3852 filius
1780 3794 2033 3852 Conches
2071 3810 2163 3852 so-

539 3888 542 3890 ’
571 3899 715 3955 roris
735 3896 794 3951 S.
819 3893 1037 3950 Martini
1059 3889 1421 3957 Turonensis,
1437 3888 1609 3960 quiin
1631 3887 1905 3960 baptismo
1926 3885 2150 3958 quidem

573 3991 754 4048 dictus
779 3995 862 4044 est
887 3985 1116 4051 Suehat,
1144 3999 1175 4039 a
1208 3980 1266 4038 S.
1294 3981 1570 4038 Germano
1615 3979 1921 4052 Magonius,
1965 3995 1996 4034 a
2036 3979 2162 4034 Ca2-

573 4079 773 4135 lestino
801 4091 932 4132 vero
960 4073 1240 4141 Patritius,
1265 4088 1297 4127 a
1324 4088 1436 4144 quo
1467 4071 1912 4143 archiepiscopus
1941 4069 2161 4127 Scotto-

491 4231 493 4234 ,
575 4189 698 4229 rum
734 4170 1040 4237 ordinatus,
1067 4184 1163 4239 per
1187 4166 1256 4222 60
1277 4182 1452 4222 annos
1476 4165 1666 4237 signis,
1691 4165 2000 4232 sanctitate,
2025 4163 2161 4219 doe-

577 4266 718 4322 triua
749 4263 1046 4330 excellens,
1075 4271 1243 4317 totam
1280 4259 1514 4314 insulam
1538 4257 1867 4331 Hyberniam
1897 4256 2164 4313 convertit

575 4357 645 4412 ad
697 4355 1004 4410 Christum.
1064 4350 1266 4424 (Cass)
1318 4348 1606 4406 Nestorius
1658 4347 2163 4418 Constantinopolis

487 4443 491 4450 ’
575 4450 867 4518 episcopus
912 4445 1112 4512 factus,
1158 4444 1217 4500 fit
1246 4452 1440 4500 auctor
1488 4442 1697 4498 heresis
1749 4439 2055 4512 separantis
2104 4439 2161 4494 in

2187 3206 2234 3269 C

2237 567 2400 622 simul
2429 583 2460 620 a
2489 564 2781 622 Bonefacio
2811 565 3094 633 invitatus,
3127 582 3252 623 cum
3295 565 3580 622 Wandalis
3608 577 3662 620 et
3700 583 3826 622 om-

2239 645 2401 714 nibus
2426 674 2619 714 eorum
2643 654 2871 714 familiis
2898 658 2967 714 ad
2995 657 3236 714 Africam
3262 657 3659 725 transfretavit,
3681 675 3828 713 eam-

2235 768 2343 825 que
2369 751 2632 807 invadens
2666 761 2721 806 et
2755 749 3085 818 dilacerans,
3121 751 3349 806 multam
3376 749 3549 804 multo
3576 761 3828 819 tempore

2235 843 2599 900 calamitatem
2626 841 2889 899 Romanis
2913 843 3113 898 intulit.
3148 842 3337 915 (lnam,
3372 841 3557 912 Cass.)
3587 840 3644 895 In
3695 840 3829 895 Gal-

2237 939 2306 993 lia
2340 953 2464 992 eum
2492 934 2696 1007 Suptar
2739 952 2834 992 rex
2884 933 3168 990 Hunorum
3210 935 3626 1006 Burgundiones
3663 932 3832 988 nimis

2237 1031 2589 1104 opprimeret,
2631 1029 2710 1085 illi
2742 1030 2798 1084 in
2843 1028 2956 1084 Deo
2993 1027 3422 1084 Christianorum
3467 1041 3618 1098 spem
3670 1040 3830 1080 suam

2237 1130 2526 1194 ponentes,
2561 1137 2620 1179 se
2669 1120 2936 1194 baptizari
2991 1121 3295 1192 petierunt;
3345 1128 3400 1175 et
3447 1118 3609 1175 satim
3655 1115 3838 1174 Hunis

2238 1217 2538 1290 congressi,
2570 1218 2732 1288 pauci
2762 1217 2932 1272 multa
2956 1216 3104 1272 milia
3143 1229 3335 1270 eorum
3371 1217 3748 1284 peremerunt,
3779 1219 3837 1290 et

2240 1311 2319 1367 sic
2348 1311 2559 1367 rabiem
2588 1311 2836 1382 ipsorum
2874 1308 3313 1365 refrenaverunt.
3786 1289 3798 1301 ’

2365 1401 2491 1457 454.
2571 1401 2622 1456 7.
2729 1400 2820 1456 26.
2893 1402 2950 1456 4.
3038 1401 3132 1455 21.
3193 1399 3248 1455 5.
3312 1397 3379 1453 17
3450 1398 3525 1452 .4.
3601 1396 3694 1462 54.

2313 1489 2400 1562 (G.
2429 1490 2617 1562 Pam.)
2655 1489 2844 1547 Sixtus
2874 1489 3135 1546 Romanae
3162 1487 3425 1545 aecclesiaa
3457 1485 3617 1542 42d“!
3647 1484 3836 1557 presi-

2241 1583 2349 1639 det.
2377 1582 2618 1656 (Pnosr.)
2646 1581 2878 1638 Romani
2905 1581 2958 1637 in
2983 1581 3186 1636 Alii-ica
3222 1578 3509 1634 Wandalis
3548 1577 3841 1649 congressi

2243 1681 2592 1746 superantur.
2618 1674 2946 1731 Bonefacius
2987 1673 3244 1730 conflictu
3286 1687 3412 1728 cum
3445 1669 3598 1726 Etio
3625 1670 3842 1738 habito,

2243 1770 2419 1826 vietor
2441 1768 2684 1840 quidem,
2710 1769 2806 1824 sed
2827 1768 3130 1824 moriturus
3155 1767 3416 1842 abscedit.

2382 1862 2508 1918 455.
2585 1862 2638 1918 8.
2711 1863 2802 1917 27.
2879 1862 2934 1917 5.
3005 1861 3096 1916 22.
3173 1861 3225 1916 6.
3313 1861 3400 1916 18.
3473 1860 3526 1915 5.
3603 1859 3696 1916 55.

2316 1953 2557 2027 (Pnosr.)
2600 1954 2908 2010 Germanus
2949 1953 3442 2020 Autisiodorensis,
3480 1951 3671 2024 Lupus
3708 1950 3848 2008 Tre-

2243 2047 2488 2115 easinus,
2517 2046 2823 2103 Eucherius
2859 2045 3262 2118 Lugdunensis,
3288 2045 3531 2101 llilarius
3553 2046 3846 2100 Arelaten-

2245 2141 2325 2196 sis
2347 2139 2592 2212 episcopi
2624 2139 2681 2195 in
2719 2138 2911 2195 Galliis
2940 2140 3189 2218 clarent._
3218 2135 3402 2196 ditius
3440 2136 3738 2194 conferens
3789 2151 3852 2192 se

2246 2233 2314 2289 ad
2345 2231 2596 2305 Rugilam
2627 2247 2808 2305 regem
2839 2231 3148 2298 Hunorum,
3185 2232 3310 2303 ejus
3349 2231 3556 2286 auxilio
3597 2230 3847 2300 regredi-

2247 2337 2337 2381 tur
2370 2327 2439 2381 ad
2467 2325 2776 2381 Romanum
2803 2325 3004 2381 solum.
3039 2323 3126 2394 (G.
3176 2325 3348 2395 poni.)
3394 2322 3583 2378 Sixtus
3625 2331 3771 2393 papa
3818 2335 3851 2375 a

2247 2417 2420 2474 Basso
2451 2419 2798 2486 criminatur,
2828 2429 2883 2473 et
2902 2417 3063 2489 jussu
3096 2416 3466 2472 Valentiniani
3493 2415 3853 2484 imperatoris

2249 2511 2438 2567 Romae
2455 2520 2785 2584 congregata
2814 2510 3010 2566 sinodo
3045 2525 3230 2566 coram
3248 2508 3316 2564 56
3331 2507 3606 2579 episcOpis
3637 2506 3849 2562 sinodi-

2249 2620 2314 2661 co
2364 2603 2570 2674 judicio
2613 2611 2910 2674 purgatur;
2963 2601 3168 2658 Bassus
3209 2616 3340 2657 vero
3380 2600 3674 2656 damnatus
3714 2612 3853 2668 pro-

2249 2696 2546 2764 scribitur;
2573 2705 2628 2751 et
2672 2711 2781 2751 non
2811 2695 2989 2750 multo
3011 2703 3135 2766 post
3163 2710 3194 2749 a
3233 2693 3345 2748 Deo
3394 2707 3717 2764 percuSsus,
3762 2691 3856 2761 ip-

2250 2787 2366 2845 sius
2391 2786 2532 2844 Sixti
2568 2787 2826 2844 manibus
2847 2787 3150 2844 honoriﬁce
3181 2787 3465 2858 sepelitur.

2393 2877 2518 2934 456.
2589 2877 2643 2934 9.
2719 2875 2810 2933 28.
2885 2878 2938 2933 6.
3009 2877 3101 2933 25.
3179 2877 3231 2932 7.
3311 2877 3397 2932 19.
3477 2875 3532 2931 6.
3607 2874 3701 2930 56.

2324 2971 2564 3058 (Ρειοεν.)
2608 2970 2792 3027 Altius
2820 2972 2877 3026 in
2911 2971 3148 3044 gratiam
3188 2969 3470 3040 recipitur.
3501 2966 3700 3038 Rugila
3756 2981 3858 3023 rex

2253 3063 2540 3120 Hunorum
2580 3062 2879 3121 foederatus
2935 3061 3312 3118 Romanorum
3378 3061 3634 3128 moritur,
3690 3059 3862 3130 eique

2263 3157 2428 3213 Bleda
2453 3156 2718 3212 succedit.

2403 3249 2530 3304 457.
2608 3247 2697 3302 10.
2770 3247 2862 3304 29.
2938 3247 2990 3302 7.
3065 3245 3157 3301 24.
3229 3243 3283 3301 8.
3355 3245 3445 3300 20.
3523 3245 3574 3299 7.
3652 3245 3675 3299 1

2335 3337 2471 3412 (11).)
2511 3337 2685 3394 Gallia
2718 3337 2973 3394 citeriore
2995 3352 3026 3392 a
3055 3335 3286 3392 Battone
3319 3336 3569 3407 principe
3594 3333 3650 3389 in
3675 3334 3861 3391 rebel-

2261 3431 2464 3488 lionem
2485 3439 2782 3498 commota,
2803 3428 3189 3500 conspiravere
3211 3427 3266 3482 in
3289 3426 3640 3499 Baugaudam
3665 3428 3860 3482 omnia

2260 3538 2413 3594 paene
2441 3521 2723 3578 Gallorum
2747 3522 2990 3578 servitia.
3023 3521 3247 3578 Cirillus
3272 3520 3678 3577 Alexandrinus
3733 3523 3860 3592 epi-

2261 3625 2463 3686 scopos
2495 3616 2565 3671 ab
2594 3614 2698 3670 hoc
2721 3631 2867 3671 anno
2889 3615 3104 3671 orditus
3132 3615 3348 3688 cyclum
3375 3613 3444 3669 de
3491 3615 3706 3670 ratione
3748 3630 3856 3684 pa-

2261 3707 2410 3763 schae
2431 3723 2526 3778 per
2561 3707 2632 3763 95
2667 3723 2844 3763 annos
2874 3723 3089 3762 summa
3120 3706 3390 3763 brevitate
3427 3706 3670 3778 collegit,
3705 3707 3861 3764 intra

2261 3815 2425 3874 quem
2446 3815 2640 3856 omnes
2661 3799 2935 3870 paschalis
2961 3799 3362 3856 observationis
3389 3799 3678 3855 varietates
3701 3815 3865 3856 com-

2260 3893 2526 3965 prehendi
2555 3892 2786 3948 notavit.

2402 3985 2529 4041 458.
2600 3984 2690 4041 11.
2765 3983 2856 4039 50.
2927 3983 2982 4038 8.
3056 3983 3147 4040 25.
3223 3983 3278 4040 9.
3351 3982 3442 4039 21.
3518 3982 3575 4039 8.
3649 3983 3706 4038 2.

2333 4077 2537 4150 (Cass)
2566 4076 2724 4147 Apud
2750 4074 2950 4132 Persas
2966 4076 3344 4132 christianitas
3373 4075 3479 4132 hoc
3499 4084 3750 4147 tempore
3775 4076 3865 4132 di-

2260 4172 2428 4226 latata
2456 4177 2559 4225 est.
2597 4166 2736 4223 Nam
2764 4166 3047 4224 Maruthas
3061 4167 3352 4239 episcopus
3376 4167 3645 4239 legatione
3667 4167 3741 4222 ad
3761 4182 3865 4224 eos

2262 4262 2503 4330 functus,
2536 4260 2710 4316 filium
2749 4259 3025 4332 Sdigerdis
3054 4261 3200 4333 regis
3248 4260 3458 4316 orando
3502 4275 3534 4316 a
3580 4259 3865 4323 daemonio

2261 4356 2545 4422 liberavit;
2573 4369 2670 4426 per
2692 4354 2839 4426 quod
2869 4354 3047 4424 major
3068 4354 3290 4424 quidem
3320 4355 3490 4426 gloria
3513 4355 3775 4421 accrevit,
3803 4366 3862 4410 at

2267 4458 2459 4505 contra
2497 4449 2567 4504 ab
2593 4448 2829 4503 inimicis
2856 4445 2953 4502 Dei
2983 4447 3200 4518 gravior
3221 4447 3278 4502 in
3303 4447 3634 4502 christianos
3670 4462 3861 4517 perse-

575 4539 798 4594 Cliristo
838 4537 1116 4628 hominem
1158 4552 1190 4590 a
1237 4535 1368 4602 DBO,
1398 4535 1821 4628 dicen5_pul'um
1859 4534 2161 4599 hominem.
2188 4565 2241 4628 Β
2265 4541 2414 4598 cutio
2439 4540 2664 4596 exarsit.
2691 4537 2789 4612 (H.
2829 4538 2926 4607 m.)
2950 4537 3198 4594 Eudoxia
3220 4545 3476 4610 augusta,
3501 4554 3642 4592 uxor
3675 4537 3860 4594 Theo-

577 4647 686 4685 non
708 4630 880 4684 Deum
903 4629 968 4685 de
1001 4627 1170 4683 Maria
1193 4633 1379 4683 natum
1431 4637 1485 4683 et
1521 4643 1552 4682 a
1593 4626 1781 4683 Judeis
1810 4627 2156 4682 crucifixum.

580 4722 780 4789 denu.)
807 4720 1126 4788 Wandalos,
1160 4721 1256 4791 qui
1277 4721 1406 4776 olim
1432 4721 1628 4775 timore
1647 4719 1886 4775 Atauulli
1908 4736 2161 4775 excesse-

580 4821 703 4868 rant
730 4829 759 4866 a
790 4810 1000 4876 Galliis,
1031 4809 1231 4865 Wallia
1274 4825 1369 4866 rex
1416 4809 1720 4865 Gothorum
1759 4809 2029 4880 expellere
2058 4825 2157 4880 pa-

581 4915 665 4960 rat
686 4906 850 4960 etiam
876 4901 945 4959 ab
967 4901 1262 4974 llispaniis.

721 4999 848 5053 455.
922 4997 974 5052 6.
1047 4996 1138 5051 25.
1214 4995 1268 5050 5.
1341 4993 1433 5049 20.
1503 4994 1559 5049 4.
1636 4993 1725 5049 16.
1796 4994 1850 5049 5.
1927 4993 2018 5048 55.

652 5086 856 5160 (C.\ss.)
893 5085 1078 5141 Tertia
1109 5084 1351 5158 synodus
1381 5083 1728 5151 universalis,
1754 5083 2027 5155 Ephesina
2051 5083 2154 5155 pri-

581 5197 689 5247 ma,
719 5179 824 5233 200
853 5179 1237 5250 episcoporum
1261 5177 1420 5248 jussu
1435 5175 1743 5232 ~Theodosii
1779 5176 2018 5247 junioris
2063 5191 2162 5232 au-

578 5271 725 5343 gusti
754 5270 900 5326 edita
925 5279 1046 5337 est;
1087 5285 1210 5341 quae
1251 5267 1566 5324 Nestorium
1600 5268 1740 5325 duas
1785 5283 2051 5339 personas
2106 5268 2162 5323 in

577 5364 800 5421 Christo
828 5370 1162 5418 asserentem
1187 5362 1340 5432 justo
1371 5361 1718 5416 anathemate
1759 5360 2162 5429 condemnavit,

580 5456 874 5512 ostendens
895 5469 1119 5510 manere
1141 5453 1353 5510 induas
1381 5461 1608 5509 naturas
1629 5468 1794 5508 unam
1819 5451 2034 5508 Domini
2063 5469 2165 5510 no-

582 5547 681 5603 swi
735 5546 865 5603 Jesu
913 5545 1118 5603 Christi
1160 5561 1473 5617 personam.
1503 5544 1746 5618 (Pnosm)
1781 5544 1839 5601 In
1884 5544 2162 5617 Hispaniis

581 5639 653 5692 20
677 5639 822 5695 milia
859 5638 1031 5696 ferme
1061 5639 1296 5694 militum
1338 5646 1529 5694 contra
1554 5637 1855 5694 Wandalos
1910 5654 2159 5710 pugnan-

2263 4635 2426 4700 dosii,
2450 4631 2868 4688 “ierosolimam
2895 4647 2963 4688 ex
2990 4639 3119 4686 voto
3145 4631 3479 4702 properavit,
3506 4639 3562 4686 et
3596 4630 3728 4685 inde
3765 4646 3827 4687 ne

2261 4725 2464 4796 liquias
2507 4723 2950 4796 prothomartiris
2996 4722 3258 4795 Stephani
3308 4733 3362 4780 et
3417 4724 3556 4780 duas
3605 4733 3862 4791 catenas,

2265 4834 2406 4890 quas
2429 4817 2656 4889 angelus
2676 4817 2744 4872 de
2772 4816 3028 4871 manibus
3057 4814 3208 4871 Petri
3237 4815 3470 4886 apostoli
3493 4815 3735 4886 disjecit,
3765 4815 3863 4871 Dei

2266 4915 2401 4962 nutu
2432 4907 2641 4973 attulit;
2673 4903 2864 4977 eisque
2886 4906 3144 4977 adjuncta
3173 4913 3386 4972 catena,
3409 4920 3518 4975 qua
3545 4905 3713 4960 etiam
3750 4904 3866 4962 Ro-

2266 5015 2369 5054 mae
2393 4997 2590 5055 Petrus
2615 4997 2834 5054 vinctus
2859 4998 2985 5064 fuit,
3012 4998 3243 5054 triadem
3276 4997 3428 5065 fecit,
3450 5005 3505 5053 et
3553 4997 3682 5053 inde
3729 5013 3864 5055 cum

2265 5091 2500 5148 consilio
2551 5091 2784 5147 Romani
2831 5091 3068 5161 presulis
3110 5090 3512 5147 solemnitatem
3566 5089 3625 5145 S.
3684 5089 3864 5157 Petri.

2267 5197 2390 5252 quae
2419 5182 2622 5238 dicitur
2644 5182 2727 5238 Ad
2755 5183 2996 5251 vincula,
3035 5181 3225 5238 Romae
3248 5182 3487 5238 instituit
3518 5181 3636 5238 Kal.
3687 5181 3866 5256 Aug,

2268 5275 2392 5330 ideo
2427 5274 2685 5342 maxime,
2722 5284 2782 5330 ut
2819 5274 3085 5346 populum
3123 5282 3407 5330 revocaret
3450 5289 3480 5328 a
3533 5274 3725 5344 gentili
3769 5291 3868 5331 su-

2268 5365 2604 5436 perstitionis
2648 5380 2870 5436 pompa,
2910 5365 3060 5436 quod
3109 5364 3290 5420 adhuc
3339 5362 3761 5420 sollemnizabat
3812 5365 3871 5420 in

2270 5458 2376 5514 hac
2398 5457 2487 5514 die
2514 5458 2710 5514 civitas
2729 5473 2795 5513 ex
2819 5458 2930 5512 ritu
2963 5456 3150 5528 gentili
3171 5471 3275 5528 pro
3295 5456 3525 5512 victoria
3551 5452 3869 5512 Octaviano

2269 5549 2520 5621 Augusto
2553 5549 2621 5607 de
2659 5549 2899 5606 Antonio
2949 5559 3007 5607 et
3053 5547 3346 5619 Cleopatra
3382 5548 3581 5605 collata
3626 5548 3685 5602 in
3731 5545 3865 5606 Kal.

2273 5640 2524 5712 Augusti.
2552 5640 2753 5713 (Cass)
2782 5639 3040 5697 Diabolus
3072 5637 3277 5698 Judeos
3312 5641 3366 5697 in
3390 5640 3572 5711 specie
3617 5642 3869 5710 speudo-

1873 5754 2102 5812 VARIIE
2142 5758 2524 5815 LECTIONES

656 5829 700 5861 ⁸⁷
736 5827 801 5881 Δ.
831 5827 868 5881 ἰ.
895 5845 944 5884 e.
976 5827 1040 5882 ll.
1073 5827 1138 5884 11.
1169 5846 1214 5885 s.
1255 5845 1300 5885 s.
1333 5827 1372 5882 f.
1402 5827 1552 5882 addit
1585 5825 1759 5897 Sigeb.
1792 5827 1936 5881 curis
1964 5844 2093 5892 sua;
2120 5828 2233 5882 refl.

2765 5953 3065 5978 .‘Uﬂ‘mm
3076 5969 3101 5975 .-.
3115 5974 3118 5975 ,
3132 5971 3148 5976 ..
3177 5973 3182 5976 Α
3264 5971 3268 5973 -
3296 5968 3324 5976 ,η
