4046 6318
301 345 364 401 81
1719 343 1890 398 ωιιιι

1994 344 2089 400 3A.
3488 350 3557 404 82

296 458 530 532 prophet
546 477 577 512 υ
608 456 826 529 Moysen
859 473 918 513 se
938 472 1061 514 esse
1088 458 1401 516 mentientis
1427 458 1661 525 seduxit,
1691 470 1741 514 et
1767 475 1885 529 pro-

2095 463 2221 516 4“.
2304 462 2388 519 l7.
2465 464 2519 519 2.
2600 465 2685 520 N.
2759 464 2847 519 51.
2887 463 3011 520 ’15.
3094 466 3145 519 5.
3228 467 3312 520 11.
3388 467 3439 520 8.

297 553 526 620 mittens
558 566 618 606 se
652 550 708 606 in
744 558 946 605 terram
998 550 1442 621 repromissionis
1490 566 1586 606 eos
1625 548 1883 605 reductu-
2058 553 2260 626 ((ΣΑδδ.)
2302 555 2514 627 Corpus
2544 555 2812 612 Johannis
2836 555 3156 612 Crisostomi
3187 559 3240 612 in
3271 559 3432 613 exili"
3463 561 3558 616 .le-

295 661 444 712 rum,
476 644 546 698 ad
572 659 725 698 mare
757 642 1222 699 transfretandum
1254 644 1518 711 adduxit;
1566 643 1751 713 ibique
1791 658 1883 697 εο-
1985 642 2160 700 functi
2187 647 2404 702 tandem
2429 648 2964 719 Constantinopolim
3008 646 3261 716 refertur,
3303 650 3560 706 instmtia

297 748 424 788 rum
454 733 657 787 multos
681 730 869 786 multis
892 731 1069 786 modis
1099 731 1278 801 perire
1299 731 1444 787 fecit.
1477 730 1608 798 Quae
1630 747 1716 787 res
1743 731 1885 787 mul-
1985 735 2162 793 Procli
2190 739 2432 810 episcopi
2454 748 2508 796 et
2522 739 2682 811 jussu
2718 738 3036 814 Thco]dosii
3065 742 3406 813 imperatoris
3434 760 3559 798 cum

296 824 370 884 tis
396 838 591 879 eorum
628 822 733 879 hoc
764 821 1011 895 periculo
1034 822 1208 878 erutis
1234 823 1489 880 credendi
1521 823 1577 879 in
1601 822 1882 879 Christum
1984 830 2227 887 lacrimis
2249 832 2478 900 orantis,
2505 841 2566 888 ut
2591 832 2807 890 veniam
2827 834 2982 890 daret
3002 833 3276 892 Archadio
3298 835 3437 906 patri
3463 850 3563 891 suo

293 929 467 971 causa
491 913 614 969 fuit.
1059 996 1062 998 _
1983 931 2038 979 et
2060 922 2320 980 Eudoxiae
2341 925 2524 994 matri,
2553 925 2647 996 qui
2668 941 2796 982 eum
2829 926 3219 994 exiliaverunt;
3245 936 3300 983 et
3327 943 3423 998 per
3460 927 3565 982 hoc

301 1058 306 1061 _
368 1006 497 1064 459.
576 1005 761 1084 tua.
839 1005 1022 1060 ηδε.
1098 1001 1160 1060 F.
1199 1006 1253 1062 9.
1319 1006 1509 1063 8.26.
1587 1006 1675 1062 w.
1720 1009 1807 1066 ιο.

1994 1014 2139 1082 [inita
2167 1023 2254 1070 est
2281 1016 2576 1084 dissensio,
2602 1028 2726 1088 quas
2766 1017 2948 1073 adhuc
2972 1027 3091 1074 erat
3116 1019 3171 1073 in
3191 1019 3436 1074 mcclesia
3465 1033 3566 1088 pro

293 1159 298 1163 η
754 1097 843 1152 W.
875 1097 966 1152 22.
1045 1096 1109 1152 Ο.
1148 1097 1201 1154 9.
1279 1097 1346 1154 Η.
1387 1099 1440 1154 5.

1994 1107 2230 1177 ejusdem
2253 1105 2522 1165 Johannis
2542 1109 2913 1166 damnatione.
2940 1109 3038 1181 (Η.
3073 1111 3169 1182 m.)
3186 1109 3558 1166 Constantine

297 1264 299 1266 _
368 1193 551 1265 (lsm.)
579 1190 776 1247 Wallia
823 1205 918 1245 rex
946 1189 1251 1248 Gothorum
1276 1189 1576 1247 Wandalos
1628 1191 1755 1247 odio
1797 1189 1883 1244 in-
1985 1197 2094 1268 pou
2117 1212 2212 1268 per
2231 1199 2265 1252 4
2295 1213 2511 1255 menses
2534 1207 2830 1257 teri-emo“;
2855 1209 3000 1256 terra
3018 1199 3564 1273 ﬂuctuante,quidam

285 1285 548 1353 sectans,
569 1286 733 1341 etiam
761 1283 816 1339 in
845 1283 1030 1339 Alriea
1060 1299 1154 1339 eos
1178 1282 1432 1355 persequi
1467 1283 1728 1356 disponit.
1779 1282 1884 1339 Sed
1983 1303 2171 1344 coram
2191 1289 2450 1347 omnibus
2477 1291 2762 1348 orantibus
2789 1291 3041 1350 sublatus
3067 1291 3123 1347 in
3146 1307 3276 1347 aera
3315 1307 3347 1346 a
3383 1291 3564 1346 divina

295 1387 476 1435 morte
510 1385 806 1450 proventus
839 1376 995 1442 obiit,
1024 1376 1186 1446 eique
1226 1376 1282 1430 in
1311 1391 1538 1448 regnum
1583 1375 1884 1433 Theoderi-
1988 1380 2208 1447 virtute,
2249 1382 2587 1438 ammonitus
2609 1392 2692 1438 est
2721 1399 2752 1438 a
2776 1383 2960 1439 divina
2987 1399 3142 1450 voce,
3167 1391 3227 1438 ut
3257 1381 3415 1438 factis
3442 1383 3548 1437 leta

295 1486 398 1526 cus
423 1467 713 1534 successit,
736 1476 790 1522 et
818 1467 881 1522 l5
909 1466 953 1498 ’⁸
982 1465 1144 1522 annis
1173 1467 1421 1538 regnavit
1445 1466 1614 1539 (158).
1989 1471 2097 1526 niis
2118 1481 2377 1528 canerent
2411 1488 2604 1529 omnes
2650 1472 2878 1530 Sanctus
2909 1475 3074 1542 Deus,
3121 1473 3350 1530 Sanctus
3391 1475 3566 1545 tortis,

399 1560 526 1615 410.
619 1561 704 1614 15.
782 1558 872 1614 52.
951 1557 1040 1614 10.
1114 1552 1206 1614 27.
1279 1559 1367 1613 11.
1446 1559 1498 1614 1.
1575 1559 1661 1614 10.
1740 1561 1792 1614 1.

1994 1561 2218 1618 Sanctus
2251 1564 2596 1632 immortalis,
2632 1567 2874 1620 miserere
2923 1567 3094 1633 nobis,
3123 1567 3259 1622 nihil
3288 1566 3435 1623 aliud
3471 1583 3562 1637 ap-

368 1649 588 1720 (Bem.)
629 1649 884 1706 Wandali
916 1649 1162 1706 invasam
1192 1648 1432 1706 Africam
1456 1651 1740 1711 devaStant
1763 1666 1884 1707 om-
1989 1652 2289 1725 ponentes;
2319 1671 2428 1727 quo
2451 1655 2596 1712 facto
2623 1659 2859 1714 cessavit
2889 1667 3252 1715 terraemotus.
3286 1657 3422 1730 (ιιι.)
3463 1657 3555 1713 Ro

292 1743 557 1800 nimodis.
592 1742 706 1798 Sub
736 1742 839 1798 hoc
869 1742 1087 1798 turbine
1119 1741 1491 1800 tribulationis
1523 1752 1748 1798 sanctus
1775 1742 1886 1798 Au-
1987 1746 2138 1802 mani
2164 1746 2302 1802 duce
2335 1746 2544 1804 Litorio
2576 1765 2702 1805 cum
2752 1749 3080 1822 Wisigothis
3119 1760 3365 1823 pugnant
3403 1751 3558 1806 mise-
3585 1752 3593 1760 '

290 1837 553 1909 gustinus
588 1835 843 1908 migravit
872 1835 939 1891 ad
970 1833 1383 1926 Dominumpli’i
1433 1849 1622 1926 mense
1643 1834 1884 1926 obsidiof
1920 1865 1962 1926 η
1989 1837 2254 1893 rabiliter.

292 1927 384 1983 nis
417 1944 533 1984 suae
561 1927 736 1994 urbis,
769 1942 917 1981 anno
947 1925 1124 1981 aetatis
1153 1941 1266 1981 sum
1293 1925 1407 1992 75°,
1473 1924 1764 1981 clericatus
1805 1925 1889 1980 vel

2112 1930 2236 1985 145.
2312 1930 2397 1986 18.
2471 1932 2523 1987 5.
2603 1933 2688 1989 15.
2763 1927 2853 1990 52.
2931 1935 3018 1990 16.
3093 1937 3146 1990 6.
3227 1936 3314 1990 l5.
3392 1937 3446 1990 9.

291 2020 649 2090 episcopatus
677 2017 800 2085 40°,
837 2017 930 2088 qui
968 2025 1120 2073 tanta
1148 2016 1386 2087 scripsit,
1413 2025 1475 2072 ut
1505 2017 1688 2071 nullus
1717 2016 1891 2071 libros

289 2111 419 2182 ejus
444 2111 596 2165 omni
627 2118 872 2180 tempore
903 2109 1028 2165 vitae
1077 2123 1191 2164 suae
1239 2123 1348 2162 non
1403 2108 1579 2163 solum
1627 2108 1889 2175 scribere,

291 2189 396 2260 sed-
420 2219 521 2259 nec
543 2203 722 2275 legere
749 2201 971 2273 quidem
993 2201 1192 2257 valeat.

403 2295 530 2351 441.
611 2294 700 2349 14.
773 2295 865 2350 55.
938 2295 1026 2348 11.
1104 2292 1194 2348 28.
1271 2291 1358 2347 12.
1435 2292 1490 2347 2.
1569 2292 1653 2347 11.
1729 2292 1781 2348 5.

369 2385 458 2460 (G.
481 2387 658 2458 pont.)
680 2386 791 2443 Leo
801 2385 1064 2443 Romana:
1084 2385 1344 2443 {ecclesia}
1358 2386 1488 2440 45η·
1507 2385 1766 2456 presidet.
1793 2383 1892 2442 Hic

293 2480 352 2534 in
370 2479 588 2536 omeliis
609 2479 981 2536 declamandis
995 2479 1225 2535 multum
1249 2479 1438 2534 valuit.
1463 2477 1633 2534 Hicin
1658 2493 1870 2535 canone

289 2570 483 2626 missa:
543 2570 769 2639 addidit,
794 2570 1050 2626 Sanctum
1095 2571 1445 2639 sacriﬁcium,
1489 2568 1890 2624 immaculatum

293 2658 552 2714 hostium.
583 2658 708 2733 [llic
737 2661 783 2692 ¹⁹
813 2661 1028 2731 quoties
1057 2660 1356 2732 rogabatur
1393 2660 1462 2715 ab
1505 2659 1801 2730 aliquibus,
1832 2667 1893 2714 ut

289 2753 378 2808 eis
406 2753 720 2824 aliquorum
748 2755 1125 2825 apostolorum
1171 2754 1257 2810 vel
1302 2753 1588 2808 martirum
1630 2754 1891 2825 reliquias

291 2844 474 2912 daret,
503 2845 840 2902 consuefecit
868 2847 936 2902 ad
971 2861 1201 2916 corpora
1231 2845 1314 2901 vel
1339 2844 1637 2900 memorias
1667 2854 1888 2916 aposto—

291 2937 485 2992 lorum
520 2938 604 2992 vel
635 2937 948 3002 martirum,
979 2951 1213 3008 quorum
1250 2935 1495 3008 reliquiae
1542 2938 1884 3009 petebantur,

292 3028 472 3084 missa
503 3027 782 3084 celebrare
802 3029 858 3083 in
885 3029 1094 3085 honore
1124 3029 1391 3100 ipsorum,
1407 3038 1462 3084 et
1484 3029 1566 3084 sic
1584 3029 1887 3084 brandeum

287 3119 511 3185 altaris,
543 3135 654 3190 quo
678 3129 1060 3177 consecratum
1097 3136 1296 3191 corpus
1327 3119 1540 3175 Domini
1564 3121 1884 3189 involverat,

2064 2017 2152 2090 (ϐ.
2193 2038 2237 2076 r.
2265 2020 2356 2092 F.)
2381 2021 2645 2079 Chlodius
2681 2039 2774 2079 rex
2803 2024 3143 2080 Francorum
3179 2025 3366 2080 missis
3393 2025 3553 2095 cxplo

1993 2113 2268 2168 ratoribus
2295 2113 2363 2169 de
2389 2113 2658 2186 Dispargo
2688 2117 2912 2172 castello
2934 2132 3112 2188 usque
3141 2117 3209 2172 ad
3245 2116 3437 2172 urbem
3470 2115 3570 2169 Ca-

1992 2218 2294 2272 meracum,
2330 2205 2551 2260 transiit
2573 2204 2846 2272 Rhenum;
2885 2215 2940 2262 et
2977 2207 3214 2278 protrita
3247 2205 3421 2261 multo
3464 2203 3566 2259 Ro-

1993 2311 2285 2352 manorum
2313 2298 2515 2368 populo
2546 2298 2682 2352 citra
2717 2296 2969 2353 Rhenum
2993 2314 3169 2369 usque
3200 2296 3438 2369 Ligerim
3473 2296 3569 2350 llu-

1990 2387 2143 2443 vium
2203 2388 2592 2455 habitantium,
2638 2388 2967 2444 Carboniam
3027 2389 3220 2446 silvam
3271 2389 3571 2460 ingressus,

1993 2478 2185 2534 urbem
2216 2477 2528 2534 Tornacum
2559 2479 2820 2549 optinuit,
2843 2489 2897 2534 et
2926 2479 3051 2535 inde
3085 2494 3260 2550 usque
3289 2479 3356 2534 ad
3383 2479 3571 2534 urbem

1991 2569 2351 2626 Cameracum
2375 2575 2705 2642 properavit.
2735 2570 2838 2627 Ubi
2861 2587 3036 2642 pauco
3051 2571 3570 2645 temporeresidens,

1995 2658 2292 2728 Romanos,
2321 2661 2367 2717 si
2401 2676 2542 2732 quos
2582 2663 2656 2716 ibi
2693 2662 2920 2730 invenit,
2955 2664 3220 2734 peremit;
3279 2672 3333 2718 et
3378 2663 3577 2718 exinde

1992 2767 2168 2822 usque
2191 2751 2258 2806 ad
2303 2749 2587 2806 Summam
2627 2752 2854 2808 ﬂuvium
2885 2753 3230 2824 perveniens,
3263 2753 3449 2808 omnia
3477 2767 3572 2807 oc-

1991 2843 2231 2913 cupavit.
2299 2841 2515 2914 (Fnsn.)
2563 2842 2934 2901 Theodericus
2990 2861 3084 2900 rex
3139 2843 3574 2915 Wisigothorum

1993 2932 2284 3006 Hispanias
2305 2944 2556 3006 occupat.

2099 3026 2222 3082 446.
2301 3026 2388 3082 19.
2460 3028 2514 3082 4.
2569 3027 2679 3104 λδ.
2753 3029 2845 3083 53.
2918 3029 3004 3084 l7.
3084 3027 3135 3083 7.
3217 3027 3304 3083 16.
3380 3028 3463 3082 to.

2065 3114 2161 3186 (Η.
2193 3117 2289 3187 m.)
2320 3115 2667 3172 Gaurarancs
2696 3117 2752 3171 in
2784 3117 3009 3174 Perside
3039 3115 3475 3188 persecutionem
3519 3115 3572 3168 in

291 3211 668 3282 particulatim
700 3212 978 3268 dividebat
998 3221 1052 3268 ct
1081 3228 1182 3284 pro
1225 3211 1472 3282 reliquiis
1509 3211 1887 3282 apostolorum
1916 3213 1960 3272 c
1991 3206 2323 3262 christianos
2352 3207 2631 3274 excitavit,
2677 3223 2842 3278 quam
2888 3223 2987 3279 per
3027 3205 3096 3262 50
3134 3219 3309 3260 annos
3340 3204 3575 3274 graviter

290 3301 386 3356 vel
414 3311 718 3373 martyrum
740 3301 922 3357 dabat.
953 3289 1178 3358 Unde'si
1203 3301 1272 3357 ab
1299 3301 1576 3371 aliquibus
1602 3301 1892 3356 dubitaba-

293 3401 410 3459 tur,
446 3391 665 3448 cultello
685 3408 899 3464 pannos
925 3393 1048 3448 illos
1071 3408 1340 3464 pungens,
1367 3391 1688 3462 sanguinem
1709 3392 1909 3457 elicior

294 3482 428 3549 bat;
457 3481 538 3538 sic
566 3481 745 3553 palam
775 3481 1240 3554 cunctis§faciens,
1281 3480 1429 3553 quod
1480 3481 1536 3535 in
1597 3495 1890 3537 consecra-

290 3571 451 3627 tione
473 3571 860 3644 mysteriorum
892 3571 1122 3636 Christi,
1147 3571 1373 3642 sanguis
1403 3572 1780 3640 apostolorum
1805 3571 1888 3625 vel

292 3671 630 3734 martyrum,
654 3662 748 3733 qui
782 3678 882 3734 pro
923 3661 1018 3717 illo
1045 3661 1255 3717 effusus
1284 3669 1390 3728 est,
1427 3661 1593 3715 intret
1630 3675 1724 3730 per
1752 3659 1891 3714 divi-

295 3771 431 3810 nam
459 3755 716 3811 virtutem
749 3756 802 3809 in
845 3758 1059 3826 pannos
1091 3755 1244 3822 illos;
1283 3763 1337 3809 et
1372 3754 1495 3810 ideo
1543 3754 1740 3808 merito
1769 3753 1891 3808 illos

289 3844 421 3900 dari
467 3860 568 3916 pro
603 3845 848 3915 reliquiis
893 3854 1232 3910 sanctorum,
1288 3844 1342 3898 in
1400 3859 1636 3914 quorum
1685 3843 1892 3898 honore

294 3935 612 3996 consecrati
643 3945 792 3992 sunt.
819 3935 1060 4007 (Paosr.)
1092 3934 1302 3991 Bellum
1327 3943 1516 3990 contra
1543 3933 1891 4006 Burgundio-

295 4044 401 4084 nes
427 4028 780 4084 memorabile
821 4027 1055 4095 exarsit;
1089 4042 1200 4098 quo
1240 4035 1355 4082 tota
1392 4041 1532 4097 pene
1583 4040 1717 4098 gens
1765 4041 1890 4081 cum

296 4136 429 4192 rege
460 4134 562 4175 suo
604 4134 704 4191 per
739 4118 923 4174 Etium
963 4119 1108 4174 victa
1163 4117 1422 4175 concidit.
1472 4115 1568 4187 (V.
1602 4115 1660 4172 S.
1688 4114 1890 4186 Germ.)

288 4211 546 4280 Corpora
574 4209 748 4267 Prisci
776 4211 1121 4282 aliorumque
1145 4225 1270 4266 cum
1297 4224 1366 4265 eo
1409 4208 1552 4279 apud
1575 4207 1893 4264 Autisiodo—

298 4319 430 4358 rum
475 4318 770 4375 passorum
806 4302 1080 4358 Germano
1119 4301 1378 4372 episcopo
1427 4299 1691 4356 divinitus
1740 4313 1892 4354 reve-

301 4394 509 4449 lantur.

411 4486 540 4540 M2.
618 4487 706 4542 15.
779 4486 871 4541 54.
950 4485 1037 4539 12.
1111 4483 1203 4540 29.
1283 4483 1369 4538 15.
1447 4483 1501 4538 5.
1577 4480 1663 4537 12.
1741 4481 1795 4536 6.

1992 3297 2252 3352 exercuit.
2297 3295 2831 3368 Porro_Theodosius
2865 3297 3116 3368 quamvis
3152 3310 3295 3365 saepe
3345 3292 3576 3349 feliciter

1992 3387 2189 3444 Persas
2237 3389 2478 3455 vicisset,
2520 3405 2707 3460 pacem
2749 3398 2932 3445 tamen
2980 3389 3237 3460 amplecti
3282 3387 3474 3453 voluit,
3514 3393 3576 3440 ut

1991 3479 2300 3549 persecutio
2326 3488 2571 3534 cessaret
2604 3497 2635 3535 a
2667 3481 3005 3538 christianis.
3042 3479 3350 3554 (Paosr.'—-—
3371 3479 3443 3534 Η.
3475 3482 3572 3550 m.)

1993 3571 2322 3628 Gensericus
2349 3571 2477 3626 dolo
2502 3570 2890 3642 Carthaginem
2907 3573 3094 3643 CCBpll,
3117 3584 3172 3630 et
3198 3589 3416 3630 omnem
3430 3571 3576 3626 Alri-

1992 3677 2114 3718 cam
2139 3662 2243 3718 sibi
2265 3661 2586 3732 subjiciens,
2611 3660 2935 3716 lacrimabili
2959 3661 3112 3716 clade
3135 3662 3431 3731 potentiam
3464 3659 3575 3715 Ro-

1993 3753 2142 3808 mani
2176 3753 2327 3823 regni
2364 3752 2579 3823 dejeeit.
2606 3750 2702 3823 (Η.
2747 3768 2842 3818 m.,
2871 3749 3039 3822 lnac.)
3073 3749 3171 3805 Hic
3203 3751 3371 3806 nichil
3415 3752 3572 3821 pensi

1993 3859 2170 3914 neque
2218 3841 2390 3899 sancti
2432 3843 2657 3908 habens,
2687 3851 2740 3897 et
2782 3841 3014 3898 infestus
3053 3842 3286 3907 cunctis,
3328 3840 3571 3896 maxime

1993 3931 2261 3987 nobilitati
2287 3917 2342 3987 et
2366 3933 2635 4003 religioni,
2675 3934 2861 3988 omnia
2902 3933 3085 3989 divina
3115 3941 3170 3988 et
3194 3933 3431 3988 humana
3454 3931 3572 3987 exi—

1993 4023 2220 4090 nanivit,
2250 4024 2566 4094 episcopum
2595 4032 2651 4080 et
2671 4039 2891 4080 omnem
2915 4024 3122 4080 elerum
3143 4024 3403 4081 aacclesiae
3440 4022 3574 4079 Car-

1993 4114 2354 4186 thaginiensis
2391 4115 2621 4186 expulit,
2655 4115 2774 4170 loca
2797 4123 2987 4170 sancta
3037 4123 3133 4171 aut
3167 4131 3394 4171 suorum
3418 4114 3573 4170 habi-

1997 4206 2179 4262 tacula
2207 4205 2357 4275 l‘ecit,
2387 4215 2482 4262 aut
2503 4206 2750 4263 Arrianis
2779 4207 3128 4275 contradidit,
3170 4217 3225 4263 et
3274 4207 3575 4264 catholicos

1995 4298 2198 4369 ubique
2231 4299 2485 4371 persequi
2525 4299 2710 4370 jussit.
2746 4298 2964 4371 (Βεω.)
2994 4299 3301 4356 Germanus
3331 4300 3575 4356 Autisio—

1995 4389 2247 4445 dorensis
2272 4399 2326 4445 et
2349 4388 2538 4460 Lupus
2559 4387 2931 4445 Treeassenus
2960 4390 3267 4460 petentibus
3292 4389 3571 4447 Britannis

1997 4481 2052 4536 in
2082 4479 2421 4536 Britanniam
2452 4481 2782 4552 diriguntur,
2834 4490 2893 4536 ut
2935 4481 3170 4536 heresim
3201 4480 3573 4552 Pelagianam,

379 4575 655 4634 Defuncto
674 4577 956 4650 Sdigerde,
981 4575 1330 4632 Gaurarancs
1371 4574 1516 4630 illius
1545 4572 1665 4643 ejus
1706 4571 1891 4628 Persis
1923 4553 1971 4614 θ
1994 4589 2120 4645 qua:
2146 4573 2221 4628 ibi
2241 4581 2370 4628 ante
2392 4573 2598 4643 aliquot
2621 4588 2797 4627 annos
2815 4572 3574 4642 pullulaverat,confutarent,

301 4668 538 4739 imperat
557 4670 718 4724 annis
741 4670 831 4725 58.
869 4668 928 4724 1η
959 4667 1153 4725 Galliis
1182 4666 1522 4737 principibus
1553 4663 1888 4721 seditionum

295 4760 484 4817 atritis
509 4769 565 4816 et
585 4760 814 4824 Battone
848 4771 1029 4833 capto,
1057 4760 1298 4834 quiescit
1328 4757 1708 4815 Baaaudarum
1743 4772 1892 4814 com-

299 4851 496 4909 motio.

423 4943 552 5001 445.
630 4944 717 4999 16.
794 4947 845 5001 1.
925 4945 1014 5001 15.
1089 4944 1180 5000 50.
1257 4944 1344 4998 14.
1419 4943 1472 4997 4.
1549 4942 1636 4996 15.
1713 4939 1764 4994 7.

373 5036 558 5111 (lsm.)
584 5036 935 5094 Gaurarancs
969 5037 1150 5093 foedus
1205 5051 1333 5092 cum
1384 5031 1648 5089 Romanis
1674 5047 1706 5088 a
1731 5040 1888 5102 patre

299 5129 526 5186 initium
539 5129 813 5196 dissolvit,
825 5136 882 5184 et
901 5128 1214 5199 provincias
1226 5126 1603 5183 Romanorum
1627 5123 1894 5178 incursat.

1994 4672 2049 4719 et
2077 4671 2282 4719 rectam
2310 4662 2472 4718 fidem
2495 4661 2883 4718 aecclesiastica
2903 4663 3229 4718 auctoritate
3254 4664 3572 4720 solidarent.

1995 4751 2222 4809 Interim
2258 4753 2512 4809 hostibus
2552 4768 2618 4809 ex
2654 4767 2810 4807 more
2856 4751 3094 4808 insulam
3142 4753 3573 4818 incursantibus,

1995 4846 2254 4901 animans
2273 4859 2466 4900 omnes
2495 4844 2565 4900 ad
2599 4842 2966 4901 resistendum
3016 4843 3322 4901 Germanus
3365 4854 3421 4901 et
3463 4846 3576 4915 ipse

1999 4937 2112 4995 dux
2140 4952 2332 4993 eorum
2377 4935 2577 5006 factus,
2610 4936 2723 5006 jam
2759 4936 2812 4990 in
2852 4936 3370 5008 procinctu°positis
3406 4938 3568 4993 hosti-

1999 5031 2126 5098 bus,
2153 5030 2297 5088 elato
2320 5030 2560 5087 clamore
2596 5028 2823 5084 Alleluia
2848 5028 3135 5099 incipiens,
3164 5036 3220 5084 et
3240 5018 3374 5086 suis'
3391 5045 3574 5087 secum

2003 5120 2391 5188 clamantibus,
2432 5119 2574 5175 idem
2618 5119 2805 5176 hostes
2850 5118 3013 5174 vertit
3054 5119 3108 5174 in
3151 5117 3358 5190 fugam,
3401 5131 3456 5175 et
3491 5102 3562 5174 ἰίι-

302 5219 566 5278 Portione
586 5221 788 5278 Africae
810 5235 1071 5277 concessa
1101 5221 1171 5276 ad
1212 5217 1569 5275 habitandum
1600 5215 1897 5272 Genserico
2002 5223 2287 5269 cruentam
2334 5211 2591 5268 obtinens
2641 5210 2952 5278 victoriam,
2981 5210 3055 5266 ab
3094 5199 3404 5305 imminenti
3441 5212 3552 5280 peri

307 5328 346 5370 a
375 5312 664 5383 Romanis,
701 5313 962 5371 convenit
988 5312 1130 5370 inter
1164 5310 1464 5368 Wandalos
1489 5318 1564 5381 _et
1617 5307 1895 5365 Romanos
2000 5303 2127 5359 culo
2146 5301 2348 5374 eripuit
2368 5302 2621 5374 patriam.
2653 5299 2786 5372 Ub.)
2815 5299 3084 5369 Britanni,
3108 5301 3206 5372 qui
3237 5299 3350 5383 pér_
3369 5309 3448 5356 tot
3477 5317 3567 5356 an-

309 5419 414 5463 on
444 5405 626 5480 magis
655 5404 972 5462 necessaria
1002 5419 1168 5475 quam
1189 5403 1359 5459 utilis.

1999 5412 2103 5453 nos
2147 5395 2381 5467 expositi
2433 5394 2650 5452 fuerant
2690 5393 2870 5464 preda:
2910 5403 2964 5450 et
3014 5393 3255 5460 hostium
3307 5377 3571 5465 ludibrio,

1599 5488 1833 5547 VARIE
1871 5486 2277 5546 LECTIONES.

374 5587 421 5622 "
445 5587 609 5645 XIIII.
635 5589 755 5645 85'.
779 5588 880 5645 C5.
912 5591 986 5646 Γ.
1027 5588 1090 5643 D.
1164 5590 1210 5623 ³³
1243 5583 1646 5659 Sequentiallic
1669 5612 1742 5624 —
1762 5582 2004 5654 episcopi
2025 5589 2080 5639 et
2109 5581 2268 5649 iussu
2296 5581 2447 5640 Theo
2477 5583 2571 5639 sub
2603 5597 2739 5635 mmo
2773 5582 2895 5637 111.
2940 5583 2992 5635 in
3027 5596 3219 5634 rasura
3257 5581 3361 5652 Ιδ.;
3387 5586 3574 5644 desum

311 5659 402 5713 uni
427 5659 489 5715 Α.

1807 5743 2038 5802 NOTAE.

381 5834 530 5906 (l58l
557 5834 643 5894 Cf.
681 5835 749 5892 ad
771 5851 822 5890 a.
851 5833 981 5901 M7;
1013 5831 1252 5890 Isidorus
1289 5831 1478 5889 :amtis
1509 5832 1594 5888 55.
