  <div class='ocr_page' id='page_1' title='image "/cluster/home/n/w/nwhite01/storage/ocr_20150623/160/hvd.32044015473846/047.png"; bbox 0 0 4046 6318; ppageno 0'>
   <div class='ocr_carea' id='block_1_1' title="bbox 503 345 3787 415">
    <p class='ocr_par' dir='ltr' id='par_1_1' title="bbox 503 345 3787 415">
     <span class='ocr_line' id='line_1_1' title="bbox 503 345 3787 415; baseline -0.002 0"><span class='ocrx_word' id='word_1_1' title='bbox 503 357 578 415; x_wconf 79' lang='lat'><strong>83</strong></span> <span class='ocrx_word' id='word_1_2' title='bbox 1651 353 2013 412; x_wconf 81' lang='lat' dir='ltr'><strong>SIGEBERTI</strong></span> <span class='ocrx_word' id='word_1_3' title='bbox 2050 351 2579 412; x_wconf 76' lang='lat' dir='ltr'><strong>GEMBLACENSIS</strong></span> <span class='ocrx_word' id='word_1_4' title='bbox 3714 345 3787 409; x_wconf 67' lang='grc'><strong>81</strong></span> 
     </span>
    </p>
   </div>
   <div class='ocr_carea' id='block_1_2' title="bbox 502 436 3788 559">
    <p class='ocr_par' dir='ltr' id='par_1_2' title="bbox 502 436 3788 559">
     <span class='ocr_line' id='line_1_2' title="bbox 502 436 3788 559; baseline -0.001 -27"><span class='ocrx_word' id='word_1_5' title='bbox 502 475 711 559; x_wconf 64' lang='grc' dir='ltr'><strong>ᾼιιδιοε</strong></span> <span class='ocrx_word' id='word_1_6' title='bbox 751 473 987 532; x_wconf 83' lang='lat' dir='ltr'><strong>invitant</strong></span> <span class='ocrx_word' id='word_1_7' title='bbox 1023 489 1056 533; x_wconf 86' lang='lat' dir='ltr'><strong>a</strong></span> <span class='ocrx_word' id='word_1_8' title='bbox 1090 436 1403 531; x_wconf 84' lang='lat' dir='ltr'><strong>Germania.</strong></span> <span class='ocrx_word' id='word_1_9' title='bbox 1436 438 1601 545; x_wconf 77' lang='lat' dir='ltr'><strong>Angli</strong></span> <span class='ocrx_word' id='word_1_10' title='bbox 1633 438 1972 530; x_wconf 88' lang='lat' dir='ltr'><strong>Britanniam</strong></span> <span class='ocrx_word' id='word_1_11' title='bbox 2000 488 2089 529; x_wconf 89' lang='lat' dir='ltr'><strong>ve-</strong></span> <span class='ocrx_word' id='word_1_12' title='bbox 2113 474 2162 532; x_wconf 77' lang='grc' dir='ltr'><strong>Δ</strong></span> <span class='ocrx_word' id='word_1_13' title='bbox 2184 480 2245 529; x_wconf 80' lang='lat' dir='ltr'><strong>et</strong></span> <span class='ocrx_word' id='word_1_14' title='bbox 2267 473 2432 530; x_wconf 90' lang='lat' dir='ltr'><strong>domo</strong></span> <span class='ocrx_word' id='word_1_15' title='bbox 2464 472 2741 538; x_wconf 79' lang='lat' dir='ltr'><strong>exclusus,</strong></span> <span class='ocrx_word' id='word_1_16' title='bbox 2776 469 3046 542; x_wconf 81' lang='lat' dir='ltr'><strong>reliquum</strong></span> <span class='ocrx_word' id='word_1_17' title='bbox 3078 470 3202 526; x_wconf 65' lang='lat' dir='ltr'><strong>vitm</strong></span> <span class='ocrx_word' id='word_1_18' title='bbox 3239 485 3414 542; x_wconf 85' lang='lat' dir='ltr'><strong>usque</strong></span> <span class='ocrx_word' id='word_1_19' title='bbox 3451 470 3518 526; x_wconf 84' lang='lat' dir='ltr'><strong>ad</strong></span> <span class='ocrx_word' id='word_1_20' title='bbox 3550 480 3788 528; x_wconf 85' lang='lat' dir='ltr'><strong>mortem</strong></span> 
     </span>
    </p>
   </div>
   <div class='ocr_carea' id='block_1_3' title="bbox 503 561 2085 645">
    <p class='ocr_par' dir='ltr' id='par_1_3' title="bbox 503 561 2085 645">
     <span class='ocr_line' id='line_1_3' title="bbox 503 561 2085 645; baseline -0.003 -23"><span class='ocrx_word' id='word_1_21' title='bbox 503 566 686 645; x_wconf 81' lang='lat' dir='ltr'><strong>niunt,</strong></span> <span class='ocrx_word' id='word_1_22' title='bbox 708 581 946 639; x_wconf 83' lang='lat' dir='ltr'><strong>eamque</strong></span> <span class='ocrx_word' id='word_1_23' title='bbox 982 566 1052 622; x_wconf 90' lang='lat' dir='ltr'><strong>ab</strong></span> <span class='ocrx_word' id='word_1_24' title='bbox 1080 564 1333 621; x_wconf 76' lang='lat' dir='ltr'><strong>hostibus</strong></span> <span class='ocrx_word' id='word_1_25' title='bbox 1369 570 1539 620; x_wconf 84' lang='lat' dir='ltr'><strong>tutam</strong></span> <span class='ocrx_word' id='word_1_26' title='bbox 1564 561 1773 619; x_wconf 88' lang='lat' dir='ltr'><strong>faciunt</strong></span> <span class='ocrx_word' id='word_1_27' title='bbox 1792 578 1945 631; x_wconf 90' lang='lat' dir='ltr'><strong>esse;</strong></span> <span class='ocrx_word' id='word_1_28' title='bbox 1974 577 2085 619; x_wconf 93' lang='lat' dir='ltr'><strong>non</strong></span> 
     </span>
    </p>
   </div>
   <div class='ocr_carea' id='block_1_4' title="bbox 500 653 2089 730">
    <p class='ocr_par' dir='ltr' id='par_1_4' title="bbox 500 653 2089 730">
     <span class='ocr_line' id='line_1_4' title="bbox 500 653 2089 730; baseline -0.003 -16"><span class='ocrx_word' id='word_1_29' title='bbox 500 658 679 716; x_wconf 86' lang='lat' dir='ltr'><strong>multo</strong></span> <span class='ocrx_word' id='word_1_30' title='bbox 701 665 828 730; x_wconf 87' lang='lat' dir='ltr'><strong>post</strong></span> <span class='ocrx_word' id='word_1_31' title='bbox 852 673 974 715; x_wconf 91' lang='lat' dir='ltr'><strong>eam</strong></span> <span class='ocrx_word' id='word_1_32' title='bbox 1004 656 1111 713; x_wconf 85' lang='lat' dir='ltr'><strong>sibi</strong></span> <span class='ocrx_word' id='word_1_33' title='bbox 1132 656 1431 713; x_wconf 90' lang='lat' dir='ltr'><strong>vindicant.</strong></span> <span class='ocrx_word' id='word_1_34' title='bbox 1456 653 1809 711; x_wconf 82' lang='lat' dir='ltr'><strong>Ambrosium</strong></span> <span class='ocrx_word' id='word_1_35' title='bbox 1839 654 2089 712; x_wconf 81' lang='lat' dir='ltr'><strong>Aurelia-</strong></span> 
     </span>
    </p>
   </div>
   <div class='ocr_carea' id='block_1_5' title="bbox 500 740 2095 823">
    <p class='ocr_par' dir='ltr' id='par_1_5' title="bbox 500 740 2095 823">
     <span class='ocr_line' id='line_1_5' title="bbox 500 740 2095 823; baseline -0.005 -14"><span class='ocrx_word' id='word_1_36' title='bbox 500 740 637 809; x_wconf 69' lang='lat' dir='ltr'><strong>num</strong></span> <span class='ocrx_word' id='word_1_37' title='bbox 680 749 787 807; x_wconf 77' lang='lat' dir='ltr'><strong>sibi</strong></span> <span class='ocrx_word' id='word_1_38' title='bbox 820 748 1071 807; x_wconf 76' lang='lat' dir='ltr'><strong>Britanni</strong></span> <span class='ocrx_word' id='word_1_39' title='bbox 1114 765 1298 822; x_wconf 87' lang='lat' dir='ltr'><strong>regem</strong></span> <span class='ocrx_word' id='word_1_40' title='bbox 1340 750 1617 816; x_wconf 79' lang='lat' dir='ltr'><strong>statuunt,</strong></span> <span class='ocrx_word' id='word_1_41' title='bbox 1657 748 1888 820; x_wconf 87' lang='lat' dir='ltr'><strong>ejusque</strong></span> <span class='ocrx_word' id='word_1_42' title='bbox 1917 746 2095 823; x_wconf 22' lang='lat' dir='ltr'><strong>ductu.</strong></span> 
     </span>
    </p>
   </div>
   <div class='ocr_carea' id='block_1_6' title="bbox 500 838 2088 919">
    <p class='ocr_par' dir='ltr' id='par_1_6' title="bbox 500 838 2088 919">
     <span class='ocr_line' id='line_1_6' title="bbox 500 838 2088 919; baseline -0.003 -19"><span class='ocrx_word' id='word_1_43' title='bbox 500 858 602 919; x_wconf 84' lang='lat' dir='ltr'><strong>per</strong></span> <span class='ocrx_word' id='word_1_44' title='bbox 639 859 817 901; x_wconf 82' lang='lat' dir='ltr'><strong>annos</strong></span> <span class='ocrx_word' id='word_1_45' title='bbox 860 842 932 901; x_wconf 80' lang='grc'><strong>45</strong></span> <span class='ocrx_word' id='word_1_46' title='bbox 957 842 1003 876; x_wconf 79' lang='grc'><strong>³⁸</strong></span> <span class='ocrx_word' id='word_1_47' title='bbox 1027 842 1183 900; x_wconf 89' lang='lat' dir='ltr'><strong>vario</strong></span> <span class='ocrx_word' id='word_1_48' title='bbox 1208 841 1348 917; x_wconf 75' lang='lat' dir='ltr'><strong>belli</strong></span> <span class='ocrx_word' id='word_1_49' title='bbox 1397 850 1596 899; x_wconf 91' lang='lat' dir='ltr'><strong>eventu</strong></span> <span class='ocrx_word' id='word_1_50' title='bbox 1636 849 1829 898; x_wconf 88' lang='lat' dir='ltr'><strong>contra</strong></span> <span class='ocrx_word' id='word_1_51' title='bbox 1880 838 2088 912; x_wconf 83' lang='lat' dir='ltr'><strong>Anglos</strong></span> 
     </span>
    </p>
   </div>
   <div class='ocr_carea' id='block_1_7' title="bbox 500 932 1375 1013">
    <p class='ocr_par' dir='ltr' id='par_1_7' title="bbox 500 932 1375 1013">
     <span class='ocr_line' id='line_1_7' title="bbox 500 932 1375 1013; baseline -0.007 -18"><span class='ocrx_word' id='word_1_52' title='bbox 500 935 822 1010; x_wconf 77' lang='lat' dir='ltr'><strong>conﬂigunt.</strong></span> <span class='ocrx_word' id='word_1_53' title='bbox 1150 932 1153 935; x_wconf 74' lang='grc'><em>’</em></span> <span class='ocrx_word' id='word_1_54' title='bbox 1310 1006 1315 1013; x_wconf 25' lang='grc' dir='ltr'><strong>ι</strong></span> <span class='ocrx_word' id='word_1_55' title='bbox 1370 936 1375 943; x_wconf 82' lang='grc'><em>’</em></span> 
     </span>
    </p>
   </div>
   <div class='ocr_carea' id='block_1_8' title="bbox 568 1020 2012 1086">
    <p class='ocr_par' dir='ltr' id='par_1_8' title="bbox 568 1020 2012 1086">
     <span class='ocr_line' id='line_1_8' title="bbox 568 1020 2012 1086; baseline -0.004 -1"><span class='ocrx_word' id='word_1_56' title='bbox 568 1025 697 1085; x_wconf 86' lang='grc'><strong>447.</strong></span> <span class='ocrx_word' id='word_1_57' title='bbox 772 1026 842 1084; x_wconf 85' lang='lat' dir='ltr'><strong>R.</strong></span> <span class='ocrx_word' id='word_1_58' title='bbox 877 1028 969 1085; x_wconf 92' lang='lat'><strong>20.</strong></span> <span class='ocrx_word' id='word_1_59' title='bbox 1043 1026 1108 1086; x_wconf 80' lang='grc' dir='ltr'><strong>Ρ.</strong></span> <span class='ocrx_word' id='word_1_60' title='bbox 1149 1028 1202 1084; x_wconf 84' lang='grc'><strong>5.</strong></span> <span class='ocrx_word' id='word_1_61' title='bbox 1277 1024 1340 1082; x_wconf 88' lang='lat' dir='ltr'><strong>F.</strong></span> <span class='ocrx_word' id='word_1_62' title='bbox 1392 1022 1476 1082; x_wconf 82' lang='grc'><strong>17.</strong></span> <span class='ocrx_word' id='word_1_63' title='bbox 1552 1024 1612 1081; x_wconf 88' lang='grc' dir='ltr'><strong>Β.</strong></span> <span class='ocrx_word' id='word_1_64' title='bbox 1666 1024 1717 1082; x_wconf 92' lang='grc'><strong>1.</strong></span> <span class='ocrx_word' id='word_1_65' title='bbox 1792 1020 1882 1081; x_wconf 86' lang='lat' dir='ltr'><strong>W.</strong></span> <span class='ocrx_word' id='word_1_66' title='bbox 1924 1022 2012 1080; x_wconf 88' lang='grc'><strong>18.</strong></span> 
     </span>
    </p>
   </div>
   <div class='ocr_carea' id='block_1_9' title="bbox 927 1110 1656 1173">
    <p class='ocr_par' dir='ltr' id='par_1_9' title="bbox 927 1110 1656 1173">
     <span class='ocr_line' id='line_1_9' title="bbox 927 1110 1656 1173; baseline -0.004 -1"><span class='ocrx_word' id='word_1_67' title='bbox 927 1112 1012 1172; x_wconf 86' lang='lat' dir='ltr'><strong>W.</strong></span> <span class='ocrx_word' id='word_1_68' title='bbox 1052 1116 1112 1173; x_wconf 81' lang='lat'><strong>8.</strong></span> <span class='ocrx_word' id='word_1_69' title='bbox 1189 1114 1253 1172; x_wconf 89' lang='grc' dir='ltr'><strong>Ο.</strong></span> <span class='ocrx_word' id='word_1_70' title='bbox 1295 1115 1386 1171; x_wconf 87' lang='grc'><strong>17.</strong></span> <span class='ocrx_word' id='word_1_71' title='bbox 1458 1110 1525 1171; x_wconf 85' lang='lat' dir='ltr'><strong>H.</strong></span> <span class='ocrx_word' id='word_1_72' title='bbox 1570 1112 1656 1170; x_wconf 92' lang='grc'><strong>11.</strong></span> 
     </span>
    </p>
   </div>
   <div class='ocr_carea' id='block_1_10' title="bbox 572 1200 2088 1280">
    <p class='ocr_par' dir='ltr' id='par_1_10' title="bbox 572 1200 2088 1280">
     <span class='ocr_line' id='line_1_10' title="bbox 572 1200 2088 1280; baseline -0.005 -17"><span class='ocrx_word' id='word_1_73' title='bbox 572 1204 676 1280; x_wconf 82' lang='lat' dir='ltr'><strong>(H.</strong></span> <span class='ocrx_word' id='word_1_74' title='bbox 709 1208 814 1279; x_wconf 88' lang='lat' dir='ltr'><strong>m.)</strong></span> <span class='ocrx_word' id='word_1_75' title='bbox 856 1207 1033 1265; x_wconf 74' lang='lat' dir='ltr'><strong>Bledze</strong></span> <span class='ocrx_word' id='word_1_76' title='bbox 1066 1206 1351 1263; x_wconf 80' lang='lat' dir='ltr'><strong>Hunorum</strong></span> <span class='ocrx_word' id='word_1_77' title='bbox 1394 1205 1509 1276; x_wconf 88' lang='lat' dir='ltr'><strong>regi</strong></span> <span class='ocrx_word' id='word_1_78' title='bbox 1548 1221 1672 1261; x_wconf 92' lang='lat' dir='ltr'><strong>cum</strong></span> <span class='ocrx_word' id='word_1_79' title='bbox 1718 1202 1885 1259; x_wconf 81' lang='lat' dir='ltr'><strong>fratre</strong></span> <span class='ocrx_word' id='word_1_80' title='bbox 1919 1200 2088 1257; x_wconf 82' lang='lat' dir='ltr'><strong>Attila</strong></span> 
     </span>
    </p>
   </div>
   <div class='ocr_carea' id='block_1_11' title="bbox 496 1292 2089 1373">
    <p class='ocr_par' dir='ltr' id='par_1_11' title="bbox 496 1292 2089 1373">
     <span class='ocr_line' id='line_1_11' title="bbox 496 1292 2089 1373; baseline -0.007 -15"><span class='ocrx_word' id='word_1_81' title='bbox 496 1297 815 1373; x_wconf 87' lang='lat' dir='ltr'><strong>pervaganti</strong></span> <span class='ocrx_word' id='word_1_82' title='bbox 838 1298 1441 1370; x_wconf 85' lang='lat' dir='ltr'><strong>orientale&#39;imperium,</strong></span> <span class='ocrx_word' id='word_1_83' title='bbox 1487 1295 1580 1352; x_wconf 90' lang='lat' dir='ltr'><strong>dat</strong></span> <span class='ocrx_word' id='word_1_84' title='bbox 1618 1292 1961 1351; x_wconf 87' lang='lat' dir='ltr'><strong>Theodosius</strong></span> <span class='ocrx_word' id='word_1_85' title='bbox 1986 1307 2089 1364; x_wconf 86' lang='lat' dir='ltr'><strong>pro</strong></span> 
     </span>
    </p>
   </div>
   <div class='ocr_carea' id='block_1_12' title="bbox 495 1374 2091 1462">
    <p class='ocr_par' dir='ltr' id='par_1_12' title="bbox 495 1374 2091 1462">
     <span class='ocr_line' id='line_1_12' title="bbox 495 1374 2091 1462; baseline -0.006 -13"><span class='ocrx_word' id='word_1_86' title='bbox 495 1407 715 1449; x_wconf 78' lang='lat' dir='ltr'><strong>recessu</strong></span> <span class='ocrx_word' id='word_1_87' title='bbox 757 1409 853 1448; x_wconf 87' lang='lat' dir='ltr'><strong>sex</strong></span> <span class='ocrx_word' id='word_1_88' title='bbox 894 1391 1042 1447; x_wconf 85' lang='lat' dir='ltr'><strong>milia</strong></span> <span class='ocrx_word' id='word_1_89' title='bbox 1082 1391 1385 1459; x_wconf 80' lang='lat' dir='ltr'><strong>librarum,</strong></span> <span class='ocrx_word' id='word_1_90' title='bbox 1430 1388 1706 1462; x_wconf 76' lang='lat' dir='ltr'><strong>pollicitus</strong></span> <span class='ocrx_word' id='word_1_91' title='bbox 1743 1387 1796 1443; x_wconf 91' lang='lat' dir='ltr'><strong>ei</strong></span> <span class='ocrx_word' id='word_1_92' title='bbox 1841 1374 2091 1442; x_wconf 91' lang='lat' dir='ltr'><strong>annuum</strong></span> 
     </span>
    </p>
   </div>
   <div class='ocr_carea' id='block_1_13' title="bbox 495 1476 2083 1557">
    <p class='ocr_par' dir='ltr' id='par_1_13' title="bbox 495 1476 2083 1557">
     <span class='ocr_line' id='line_1_13' title="bbox 495 1476 2083 1557; baseline -0.004 -17"><span class='ocrx_word' id='word_1_93' title='bbox 495 1483 645 1540; x_wconf 69' lang='lat' dir='ltr'><strong>mille</strong></span> <span class='ocrx_word' id='word_1_94' title='bbox 672 1486 933 1541; x_wconf 84' lang='lat' dir='ltr'><strong>librarum</strong></span> <span class='ocrx_word' id='word_1_95' title='bbox 960 1483 1248 1549; x_wconf 78' lang='lat' dir='ltr'><strong>tributum.</strong></span> <span class='ocrx_word' id='word_1_96' title='bbox 1285 1482 1485 1557; x_wconf 72' lang='lat' dir='ltr'><strong>(Gneo.</strong></span> <span class='ocrx_word' id='word_1_97' title='bbox 1524 1476 1663 1538; x_wconf 85' lang='lat' dir='ltr'><strong>Tun.</strong></span> <span class='ocrx_word' id='word_1_98' title='bbox 1701 1478 1779 1536; x_wconf 89' lang='lat' dir='ltr'><strong>De</strong></span> <span class='ocrx_word' id='word_1_99' title='bbox 1818 1478 1890 1552; x_wconf 87' lang='lat' dir='ltr'><strong>gl.</strong></span> <span class='ocrx_word' id='word_1_100' title='bbox 1924 1487 2083 1534; x_wconf 85' lang='lat' dir='ltr'><strong>mart.</strong></span> 
     </span>
    </p>
   </div>
   <div class='ocr_carea' id='block_1_14' title="bbox 495 1566 2087 1647">
    <p class='ocr_par' dir='ltr' id='par_1_14' title="bbox 495 1566 2087 1647">
     <span class='ocr_line' id='line_1_14' title="bbox 495 1566 2087 1647; baseline -0.004 -17"><span class='ocrx_word' id='word_1_101' title='bbox 495 1575 614 1646; x_wconf 80' lang='lat'><strong>95.)</strong></span> <span class='ocrx_word' id='word_1_102' title='bbox 642 1575 797 1647; x_wconf 79' lang='lat' dir='ltr'><strong>Apud</strong></span> <span class='ocrx_word' id='word_1_103' title='bbox 827 1572 1101 1646; x_wconf 82' lang='lat' dir='ltr'><strong>Ephesum</strong></span> <span class='ocrx_word' id='word_1_104' title='bbox 1131 1584 1336 1645; x_wconf 83' lang='lat' dir='ltr'><strong>septem</strong></span> <span class='ocrx_word' id='word_1_105' title='bbox 1364 1570 1560 1628; x_wconf 82' lang='lat' dir='ltr'><strong>fratres</strong></span> <span class='ocrx_word' id='word_1_106' title='bbox 1586 1587 1618 1627; x_wconf 89' lang='lat' dir='ltr'><strong>a</strong></span> <span class='ocrx_word' id='word_1_107' title='bbox 1648 1566 1812 1627; x_wconf 76' lang='lat' dir='ltr'><strong>DeCio</strong></span> <span class='ocrx_word' id='word_1_108' title='bbox 1848 1569 2087 1640; x_wconf 89' lang='lat' dir='ltr'><strong>impera-</strong></span> 
     </span>
    </p>
   </div>
   <div class='ocr_carea' id='block_1_15' title="bbox 487 1662 2087 1737">
    <p class='ocr_par' dir='ltr' id='par_1_15' title="bbox 487 1662 2087 1737">
     <span class='ocr_line' id='line_1_15' title="bbox 487 1662 2087 1737; baseline -0.003 -16"><span class='ocrx_word' id='word_1_109' title='bbox 487 1676 616 1721; x_wconf 88' lang='lat' dir='ltr'><strong>.tore</strong></span> <span class='ocrx_word' id='word_1_110' title='bbox 643 1681 743 1737; x_wconf 90' lang='lat' dir='ltr'><strong>pro</strong></span> <span class='ocrx_word' id='word_1_111' title='bbox 785 1663 1007 1722; x_wconf 84' lang='lat' dir='ltr'><strong>Christo</strong></span> <span class='ocrx_word' id='word_1_112' title='bbox 1034 1665 1367 1732; x_wconf 87' lang='lat' dir='ltr'><strong>tormentati,</strong></span> <span class='ocrx_word' id='word_1_113' title='bbox 1397 1664 1452 1719; x_wconf 92' lang='lat' dir='ltr'><strong>in</strong></span> <span class='ocrx_word' id='word_1_114' title='bbox 1488 1662 1748 1735; x_wconf 87' lang='lat' dir='ltr'><strong>spelunca</strong></span> <span class='ocrx_word' id='word_1_115' title='bbox 1783 1676 1843 1719; x_wconf 87' lang='lat' dir='ltr'><strong>se</strong></span> <span class='ocrx_word' id='word_1_116' title='bbox 1870 1662 2087 1718; x_wconf 90' lang='lat' dir='ltr'><strong>clause-</strong></span> 
     </span>
    </p>
   </div>
   <div class='ocr_carea' id='block_1_16' title="bbox 493 1744 2091 1824">
    <p class='ocr_par' dir='ltr' id='par_1_16' title="bbox 493 1744 2091 1824">
     <span class='ocr_line' id='line_1_16' title="bbox 493 1744 2091 1824; baseline 0 -16"><span class='ocrx_word' id='word_1_117' title='bbox 493 1744 651 1822; x_wconf 84' lang='lat' dir='ltr'><strong>runt,</strong></span> <span class='ocrx_word' id='word_1_118' title='bbox 695 1764 751 1811; x_wconf 86' lang='lat' dir='ltr'><strong>et</strong></span> <span class='ocrx_word' id='word_1_119' title='bbox 792 1754 935 1812; x_wconf 89' lang='lat' dir='ltr'><strong>facta</strong></span> <span class='ocrx_word' id='word_1_120' title='bbox 975 1755 1223 1812; x_wconf 89' lang='lat' dir='ltr'><strong>oratione</strong></span> <span class='ocrx_word' id='word_1_121' title='bbox 1266 1756 1341 1812; x_wconf 92' lang='lat' dir='ltr'><strong>ibi</strong></span> <span class='ocrx_word' id='word_1_122' title='bbox 1380 1753 1823 1821; x_wconf 90' lang='lat' dir='ltr'><strong>obdormieruut;</strong></span> <span class='ocrx_word' id='word_1_123' title='bbox 1870 1759 1926 1807; x_wconf 91' lang='lat' dir='ltr'><strong>et</strong></span> <span class='ocrx_word' id='word_1_124' title='bbox 1965 1759 2091 1824; x_wconf 90' lang='lat' dir='ltr'><strong>post</strong></span> 
     </span>
    </p>
   </div>
   <div class='ocr_carea' id='block_1_17' title="bbox 2188 560 3797 637">
    <p class='ocr_par' dir='ltr' id='par_1_17' title="bbox 2188 560 3797 637">
     <span class='ocr_line' id='line_1_17' title="bbox 2188 560 3797 637; baseline -0.001 -14"><span class='ocrx_word' id='word_1_125' title='bbox 2188 566 2368 624; x_wconf 87' lang='lat' dir='ltr'><strong>nndus</strong></span> <span class='ocrx_word' id='word_1_126' title='bbox 2398 567 2502 623; x_wconf 86' lang='lat' dir='ltr'><strong>sub</strong></span> <span class='ocrx_word' id='word_1_127' title='bbox 2534 565 2681 621; x_wconf 91' lang='lat' dir='ltr'><strong>nudo</strong></span> <span class='ocrx_word' id='word_1_128' title='bbox 2710 579 2833 622; x_wconf 88' lang='lat' dir='ltr'><strong>aere</strong></span> <span class='ocrx_word' id='word_1_129' title='bbox 2864 563 3061 634; x_wconf 82' lang='lat' dir='ltr'><strong>exegit.</strong></span> <span class='ocrx_word' id='word_1_130' title='bbox 3095 560 3337 637; x_wconf 79' lang='lat' dir='ltr'><strong>(Pnosr.)</strong></span> <span class='ocrx_word' id='word_1_131' title='bbox 3384 560 3627 620; x_wconf 79' lang='lat' dir='ltr'><strong>Placidia</strong></span> <span class='ocrx_word' id='word_1_132' title='bbox 3667 579 3797 622; x_wconf 78' lang='lat' dir='ltr'><strong>lna-</strong></span> 
     </span>
    </p>
   </div>
   <div class='ocr_carea' id='block_1_18' title="bbox 2187 647 3303 716">
    <p class='ocr_par' dir='ltr' id='par_1_18' title="bbox 2187 647 3303 716">
     <span class='ocr_line' id='line_1_18' title="bbox 2187 647 3303 716; baseline -0.004 0"><span class='ocrx_word' id='word_1_133' title='bbox 2187 647 2272 716; x_wconf 75' lang='lat' dir='ltr'><strong>ter</strong></span> <span class='ocrx_word' id='word_1_134' title='bbox 2304 654 2671 714; x_wconf 83' lang='lat' dir='ltr'><strong>Valentiniani</strong></span> <span class='ocrx_word' id='word_1_135' title='bbox 2698 652 2891 713; x_wconf 63' lang='lat' dir='ltr'><strong>Romae</strong></span> <span class='ocrx_word' id='word_1_136' title='bbox 2915 654 3169 712; x_wconf 86' lang='lat' dir='ltr'><strong>defuncta</strong></span> <span class='ocrx_word' id='word_1_137' title='bbox 3200 666 3303 713; x_wconf 82' lang='lat' dir='ltr'><strong>est.</strong></span> 
     </span>
    </p>
   </div>
   <div class='ocr_carea' id='block_1_19' title="bbox 2208 736 3707 823">
    <p class='ocr_par' dir='ltr' id='par_1_19' title="bbox 2208 736 3707 823">
     <span class='ocr_line' id='line_1_19' title="bbox 2208 736 3707 823; baseline -0.002 -17"><span class='ocrx_word' id='word_1_138' title='bbox 2208 736 2386 823; x_wconf 65' lang='lat' dir='ltr'><strong>fise.</strong></span> <span class='ocrx_word' id='word_1_139' title='bbox 2484 748 2534 805; x_wconf 75' lang='grc'><strong>1.</strong></span> <span class='ocrx_word' id='word_1_140' title='bbox 2629 748 2717 805; x_wconf 74' lang='lat' dir='ltr'><strong>to.</strong></span> <span class='ocrx_word' id='word_1_141' title='bbox 2811 748 2864 804; x_wconf 75' lang='grc'><strong>4.</strong></span> <span class='ocrx_word' id='word_1_142' title='bbox 2958 747 3015 804; x_wconf 86' lang='grc'><strong>6.</strong></span> <span class='ocrx_word' id='word_1_143' title='bbox 3105 748 3197 803; x_wconf 67' lang='grc'><strong>25.</strong></span> <span class='ocrx_word' id='word_1_144' title='bbox 3289 747 3377 803; x_wconf 74' lang='lat' dir='ltr'><strong>is.</strong></span> <span class='ocrx_word' id='word_1_145' title='bbox 3461 747 3551 803; x_wconf 89' lang='grc'><strong>22.</strong></span> <span class='ocrx_word' id='word_1_146' title='bbox 3649 746 3707 803; x_wconf 79' lang='lat'><strong>3.</strong></span> 
     </span>
    </p>
   </div>
   <div class='ocr_carea' id='block_1_20' title="bbox 2238 836 3791 921">
    <p class='ocr_par' dir='ltr' id='par_1_20' title="bbox 2238 836 3791 921">
     <span class='ocr_line' id='line_1_20' title="bbox 2238 836 3791 921; baseline -0.003 -22"><span class='ocrx_word' id='word_1_147' title='bbox 2238 842 2474 917; x_wconf 68' lang='grc' dir='ltr'><strong>,(Βεω).</strong></span> <span class='ocrx_word' id='word_1_148' title='bbox 2512 839 2775 898; x_wconf 86' lang='lat' dir='ltr'><strong>Instantia</strong></span> <span class='ocrx_word' id='word_1_149' title='bbox 2814 837 3015 896; x_wconf 87' lang='lat' dir='ltr'><strong>Leonis</strong></span> <span class='ocrx_word' id='word_1_150' title='bbox 3045 855 3214 921; x_wconf 69' lang='lat' dir='ltr'><strong>papae,</strong></span> <span class='ocrx_word' id='word_1_151' title='bbox 3254 838 3480 911; x_wconf 84' lang='lat' dir='ltr'><strong>jubente</strong></span> <span class='ocrx_word' id='word_1_152' title='bbox 3514 836 3791 895; x_wconf 80' lang='lat' dir='ltr'><strong>Martiano</strong></span> 
     </span>
    </p>
   </div>
   <div class='ocr_carea' id='block_1_21' title="bbox 2190 930 3790 1009">
    <p class='ocr_par' dir='ltr' id='par_1_21' title="bbox 2190 930 3790 1009">
     <span class='ocr_line' id='line_1_21' title="bbox 2190 930 3790 1009; baseline -0.004 -17"><span class='ocrx_word' id='word_1_153' title='bbox 2190 936 2537 1009; x_wconf 85' lang='lat' dir='ltr'><strong>imperatore,</strong></span> <span class='ocrx_word' id='word_1_154' title='bbox 2568 942 2894 1006; x_wconf 79' lang='lat' dir='ltr'><strong>congregata</strong></span> <span class='ocrx_word' id='word_1_155' title='bbox 2922 941 2977 988; x_wconf 89' lang='lat' dir='ltr'><strong>et</strong></span> <span class='ocrx_word' id='word_1_156' title='bbox 3010 932 3193 987; x_wconf 87' lang='lat' dir='ltr'><strong>habita</strong></span> <span class='ocrx_word' id='word_1_157' title='bbox 3219 938 3304 989; x_wconf 91' lang='lat' dir='ltr'><strong>est</strong></span> <span class='ocrx_word' id='word_1_158' title='bbox 3328 939 3523 1003; x_wconf 86' lang='lat' dir='ltr'><strong>quarta</strong></span> <span class='ocrx_word' id='word_1_159' title='bbox 3566 930 3790 1001; x_wconf 80' lang='lat' dir='ltr'><strong>univer—</strong></span> 
     </span>
    </p>
   </div>
   <div class='ocr_carea' id='block_1_22' title="bbox 2189 1020 3789 1100">
    <p class='ocr_par' dir='ltr' id='par_1_22' title="bbox 2189 1020 3789 1100">
     <span class='ocr_line' id='line_1_22' title="bbox 2189 1020 3789 1100; baseline -0.007 -14"><span class='ocrx_word' id='word_1_160' title='bbox 2189 1027 2323 1086; x_wconf 90' lang='lat' dir='ltr'><strong>salis</strong></span> <span class='ocrx_word' id='word_1_161' title='bbox 2355 1026 2597 1100; x_wconf 82' lang='lat' dir='ltr'><strong>synodus</strong></span> <span class='ocrx_word' id='word_1_162' title='bbox 2631 1023 2738 1080; x_wconf 80' lang='lat'><strong>650</strong></span> <span class='ocrx_word' id='word_1_163' title='bbox 2774 1022 3155 1096; x_wconf 87' lang='lat' dir='ltr'><strong>episcoporum</strong></span> <span class='ocrx_word' id='word_1_164' title='bbox 3194 1022 3339 1094; x_wconf 91' lang='lat' dir='ltr'><strong>apud</strong></span> <span class='ocrx_word' id='word_1_165' title='bbox 3375 1020 3789 1087; x_wconf 84' lang='lat' dir='ltr'><strong>Calcedonem;</strong></span> 
     </span>
    </p>
   </div>
   <div class='ocr_carea' id='block_1_23' title="bbox 2189 1100 3881 1190">
    <p class='ocr_par' dir='ltr' id='par_1_23' title="bbox 2189 1100 3881 1190">
     <span class='ocr_line' id='line_1_23' title="bbox 2189 1100 3881 1190; baseline -0.007 -15"><span class='ocrx_word' id='word_1_166' title='bbox 2189 1118 2248 1175; x_wconf 90' lang='lat' dir='ltr'><strong>in</strong></span> <span class='ocrx_word' id='word_1_167' title='bbox 2271 1134 2381 1190; x_wconf 89' lang='lat' dir='ltr'><strong>qua</strong></span> <span class='ocrx_word' id='word_1_168' title='bbox 2407 1115 2634 1174; x_wconf 88' lang='lat' dir='ltr'><strong>Euticen</strong></span> <span class='ocrx_word' id='word_1_169' title='bbox 2660 1111 3326 1190; x_wconf 85' lang='lat' dir='ltr'><strong>Constantinopolitanum</strong></span> <span class='ocrx_word' id='word_1_170' title='bbox 3356 1100 3627 1178; x_wconf 81' lang='lat' dir='ltr'><strong>abbatein,</strong></span> <span class='ocrx_word' id='word_1_171' title='bbox 3658 1125 3792 1181; x_wconf 88' lang='lat' dir='ltr'><strong>pro-</strong></span> <span class='ocrx_word' id='word_1_172' title='bbox 3866 1145 3881 1155; x_wconf 80' lang='grc'><strong>.</strong></span> 
     </span>
    </p>
   </div>
   <div class='ocr_carea' id='block_1_24' title="bbox 2188 1188 3789 1269">
    <p class='ocr_par' dir='ltr' id='par_1_24' title="bbox 2188 1188 3789 1269">
     <span class='ocr_line' id='line_1_24' title="bbox 2188 1188 3789 1269; baseline -0.006 -2"><span class='ocrx_word' id='word_1_173' title='bbox 2188 1196 2532 1268; x_wconf 83' lang='lat' dir='ltr'><strong>nuntiantem</strong></span> <span class='ocrx_word' id='word_1_174' title='bbox 2560 1208 2711 1266; x_wconf 86' lang='lat' dir='ltr'><strong>verbi</strong></span> <span class='ocrx_word' id='word_1_175' title='bbox 2745 1207 2840 1264; x_wconf 91' lang='lat' dir='ltr'><strong>Dei</strong></span> <span class='ocrx_word' id='word_1_176' title='bbox 2871 1216 2923 1263; x_wconf 88' lang='lat' dir='ltr'><strong>et</strong></span> <span class='ocrx_word' id='word_1_177' title='bbox 2958 1188 3138 1262; x_wconf 74' lang='lat' dir='ltr'><strong>carnis</strong></span> <span class='ocrx_word' id='word_1_178' title='bbox 3173 1221 3338 1262; x_wconf 90' lang='lat' dir='ltr'><strong>unam</strong></span> <span class='ocrx_word' id='word_1_179' title='bbox 3361 1221 3484 1262; x_wconf 91' lang='lat' dir='ltr'><strong>esse</strong></span> <span class='ocrx_word' id='word_1_180' title='bbox 3502 1214 3789 1269; x_wconf 86' lang='lat' dir='ltr'><strong>naturam,</strong></span> 
     </span>
    </p>
   </div>
   <div class='ocr_carea' id='block_1_25' title="bbox 2189 1294 3794 1379">
    <p class='ocr_par' dir='ltr' id='par_1_25' title="bbox 2189 1294 3794 1379">
     <span class='ocr_line' id='line_1_25' title="bbox 2189 1294 3794 1379; baseline -0.005 -19"><span class='ocrx_word' id='word_1_181' title='bbox 2189 1303 2418 1379; x_wconf 79' lang='lat' dir='ltr'><strong>ejusque</strong></span> <span class='ocrx_word' id='word_1_182' title='bbox 2438 1302 2779 1360; x_wconf 78' lang='lat' dir='ltr'><strong>defensorem</strong></span> <span class='ocrx_word' id='word_1_183' title='bbox 2812 1299 3135 1356; x_wconf 87' lang='lat' dir='ltr'><strong>Dioscorum</strong></span> <span class='ocrx_word' id='word_1_184' title='bbox 3165 1299 3593 1355; x_wconf 78' lang='lat' dir='ltr'><strong>Alexandrinum</strong></span> <span class='ocrx_word' id='word_1_185' title='bbox 3619 1294 3794 1369; x_wconf 49' lang='lat' dir='ltr'><strong>quon;</strong></span> 
     </span>
    </p>
   </div>
   <div class='ocr_carea' id='block_1_26' title="bbox 2189 1389 3785 1465">
    <p class='ocr_par' dir='ltr' id='par_1_26' title="bbox 2189 1389 3785 1465">
     <span class='ocr_line' id='line_1_26' title="bbox 2189 1389 3785 1465; baseline -0.005 -14"><span class='ocrx_word' id='word_1_186' title='bbox 2189 1395 2316 1451; x_wconf 91' lang='lat' dir='ltr'><strong>dam</strong></span> <span class='ocrx_word' id='word_1_187' title='bbox 2344 1392 2683 1465; x_wconf 88' lang='lat' dir='ltr'><strong>episcopum,</strong></span> <span class='ocrx_word' id='word_1_188' title='bbox 2711 1409 2822 1449; x_wconf 90' lang='lat' dir='ltr'><strong>una</strong></span> <span class='ocrx_word' id='word_1_189' title='bbox 2852 1400 3067 1463; x_wconf 85' lang='lat' dir='ltr'><strong>patrum</strong></span> <span class='ocrx_word' id='word_1_190' title='bbox 3108 1391 3374 1448; x_wconf 86' lang='lat' dir='ltr'><strong>sententia</strong></span> <span class='ocrx_word' id='word_1_191' title='bbox 3403 1389 3785 1462; x_wconf 77' lang='lat' dir='ltr'><strong>prcjudicavit.</strong></span> 
     </span>
    </p>
   </div>
   <div class='ocr_carea' id='block_1_27' title="bbox 2188 1482 3792 1557">
    <p class='ocr_par' dir='ltr' id='par_1_27' title="bbox 2188 1482 3792 1557">
     <span class='ocr_line' id='line_1_27' title="bbox 2188 1482 3792 1557; baseline -0.004 -14"><span class='ocrx_word' id='word_1_192' title='bbox 2188 1486 2503 1544; x_wconf 86' lang='lat' dir='ltr'><strong>Nestorium</strong></span> <span class='ocrx_word' id='word_1_193' title='bbox 2520 1486 2684 1542; x_wconf 90' lang='lat' dir='ltr'><strong>etiam</strong></span> <span class='ocrx_word' id='word_1_194' title='bbox 2702 1485 3365 1557; x_wconf 81' lang='lat' dir='ltr'><strong>Constantinopolitannm</strong></span> <span class='ocrx_word' id='word_1_195' title='bbox 3381 1483 3659 1555; x_wconf 85' lang='lat' dir='ltr'><strong>quondam</strong></span> <span class='ocrx_word' id='word_1_196' title='bbox 3675 1482 3792 1553; x_wconf 80' lang='lat' dir='ltr'><strong>epi-</strong></span> 
     </span>
    </p>
   </div>
   <div class='ocr_carea' id='block_1_28' title="bbox 2191 1575 3789 1654">
    <p class='ocr_par' dir='ltr' id='par_1_28' title="bbox 2191 1575 3789 1654">
     <span class='ocr_line' id='line_1_28' title="bbox 2191 1575 3789 1654; baseline -0.007 -15"><span class='ocrx_word' id='word_1_197' title='bbox 2191 1598 2442 1654; x_wconf 88' lang='lat' dir='ltr'><strong>scopum,</strong></span> <span class='ocrx_word' id='word_1_198' title='bbox 2467 1580 2599 1637; x_wconf 93' lang='lat' dir='ltr'><strong>olim</strong></span> <span class='ocrx_word' id='word_1_199' title='bbox 2623 1578 2679 1638; x_wconf 88' lang='lat' dir='ltr'><strong>in</strong></span> <span class='ocrx_word' id='word_1_200' title='bbox 2700 1577 2976 1651; x_wconf 86' lang='lat' dir='ltr'><strong>Ephesina</strong></span> <span class='ocrx_word' id='word_1_201' title='bbox 3002 1578 3198 1633; x_wconf 86' lang='lat' dir='ltr'><strong>sinodo</strong></span> <span class='ocrx_word' id='word_1_202' title='bbox 3219 1577 3559 1642; x_wconf 84' lang='lat' dir='ltr'><strong>damnatum,</strong></span> <span class='ocrx_word' id='word_1_203' title='bbox 3588 1575 3789 1631; x_wconf 83' lang='lat' dir='ltr'><strong>iterum</strong></span> 
     </span>
    </p>
   </div>
   <div class='ocr_carea' id='block_1_29' title="bbox 2190 1658 3793 1743">
    <p class='ocr_par' dir='ltr' id='par_1_29' title="bbox 2190 1658 3793 1743">
     <span class='ocr_line' id='line_1_29' title="bbox 2190 1658 3793 1743; baseline -0.005 -12"><span class='ocrx_word' id='word_1_204' title='bbox 2190 1658 2703 1740; x_wconf 81' lang='lat' dir='ltr'><strong>anathematizans,</strong></span> <span class='ocrx_word' id='word_1_205' title='bbox 2750 1687 2878 1728; x_wconf 93' lang='lat' dir='ltr'><strong>cum</strong></span> <span class='ocrx_word' id='word_1_206' title='bbox 2919 1671 3146 1743; x_wconf 85' lang='lat' dir='ltr'><strong>reliquis</strong></span> <span class='ocrx_word' id='word_1_207' title='bbox 3196 1669 3450 1739; x_wconf 83' lang='lat' dir='ltr'><strong>hereticis</strong></span> <span class='ocrx_word' id='word_1_208' title='bbox 3485 1669 3793 1735; x_wconf 68' lang='lat' dir='ltr'><strong>damnavit,</strong></span> 
     </span>
    </p>
   </div>
   <div class='ocr_carea' id='block_1_30' title="bbox 2189 1759 3790 1840">
    <p class='ocr_par' dir='ltr' id='par_1_30' title="bbox 2189 1759 3790 1840">
     <span class='ocr_line' id='line_1_30' title="bbox 2189 1759 3790 1840; baseline -0.005 -17"><span class='ocrx_word' id='word_1_209' title='bbox 2189 1766 2485 1840; x_wconf 86' lang='lat' dir='ltr'><strong>predicans</strong></span> <span class='ocrx_word' id='word_1_210' title='bbox 2503 1764 2694 1824; x_wconf 87' lang='lat' dir='ltr'><strong>eadem</strong></span> <span class='ocrx_word' id='word_1_211' title='bbox 2719 1764 2945 1821; x_wconf 90' lang='lat' dir='ltr'><strong>sinodus</strong></span> <span class='ocrx_word' id='word_1_212' title='bbox 2969 1763 3250 1820; x_wconf 85' lang='lat' dir='ltr'><strong>Christum</strong></span> <span class='ocrx_word' id='word_1_213' title='bbox 3272 1761 3444 1818; x_wconf 91' lang='lat' dir='ltr'><strong>Deum</strong></span> <span class='ocrx_word' id='word_1_214' title='bbox 3469 1761 3549 1817; x_wconf 92' lang='lat' dir='ltr'><strong>sic</strong></span> <span class='ocrx_word' id='word_1_215' title='bbox 3577 1761 3645 1817; x_wconf 88' lang='lat' dir='ltr'><strong>de</strong></span> <span class='ocrx_word' id='word_1_216' title='bbox 3657 1759 3790 1815; x_wconf 75' lang='lat' dir='ltr'><strong>Vir-</strong></span> 
     </span>
    </p>
   </div>
   <div class='ocr_carea' id='block_1_31' title="bbox 492 1840 3795 1933">
    <p class='ocr_par' dir='ltr' id='par_1_31' title="bbox 492 1840 3795 1933">
     <span class='ocr_line' id='line_1_31' title="bbox 492 1840 3795 1933; baseline -0.004 -11"><span class='ocrx_word' id='word_1_217' title='bbox 492 1862 671 1904; x_wconf 71' lang='lat' dir='ltr'><strong>annos</strong></span> <span class='ocrx_word' id='word_1_218' title='bbox 712 1864 827 1905; x_wconf 47' lang='lat' dir='ltr'><strong>sua?</strong></span> <span class='ocrx_word' id='word_1_219' title='bbox 869 1848 1220 1905; x_wconf 66' lang='lat' dir='ltr'><strong>dommonis</strong></span> <span class='ocrx_word' id='word_1_220' title='bbox 1251 1848 1469 1904; x_wconf 68' lang='grc' dir='ltr'><strong>οίτοίιθτ</strong></span> <span class='ocrx_word' id='word_1_221' title='bbox 1506 1840 1610 1902; x_wconf 55' lang='lat'><strong>{92</strong></span> <span class='ocrx_word' id='word_1_222' title='bbox 1651 1861 1748 1902; x_wconf 71' lang='grc' dir='ltr'><strong>οτθ</strong></span> <span class='ocrx_word' id='word_1_223' title='bbox 1789 1844 2083 1917; x_wconf 48' lang='lat' dir='ltr'><strong>simum”:</strong></span> <span class='ocrx_word' id='word_1_224' title='bbox 2116 1862 2162 1924; x_wconf 74' lang='grc' dir='ltr'><strong>Β</strong></span> <span class='ocrx_word' id='word_1_225' title='bbox 2188 1862 2314 1933; x_wconf 84' lang='lat' dir='ltr'><strong>gine</strong></span> <span class='ocrx_word' id='word_1_226' title='bbox 2340 1869 2565 1928; x_wconf 86' lang='lat' dir='ltr'><strong>natum,</strong></span> <span class='ocrx_word' id='word_1_227' title='bbox 2600 1872 2661 1916; x_wconf 88' lang='lat' dir='ltr'><strong>ut</strong></span> <span class='ocrx_word' id='word_1_228' title='bbox 2689 1859 2743 1916; x_wconf 86' lang='lat' dir='ltr'><strong>in</strong></span> <span class='ocrx_word' id='word_1_229' title='bbox 2774 1874 2841 1915; x_wconf 92' lang='lat' dir='ltr'><strong>eo</strong></span> <span class='ocrx_word' id='word_1_230' title='bbox 2887 1867 2943 1914; x_wconf 85' lang='lat' dir='ltr'><strong>et</strong></span> <span class='ocrx_word' id='word_1_231' title='bbox 2978 1857 3176 1915; x_wconf 70' lang='lat' dir='ltr'><strong>divina:</strong></span> <span class='ocrx_word' id='word_1_232' title='bbox 3205 1866 3259 1913; x_wconf 85' lang='lat' dir='ltr'><strong>et</strong></span> <span class='ocrx_word' id='word_1_233' title='bbox 3291 1857 3547 1912; x_wconf 77' lang='lat' dir='ltr'><strong>humana:</strong></span> <span class='ocrx_word' id='word_1_234' title='bbox 3573 1863 3795 1910; x_wconf 73' lang='lat' dir='ltr'><strong>natura:</strong></span> 
     </span>
    </p>
   </div>
   <div class='ocr_carea' id='block_1_32' title="bbox 492 1935 2089 2011">
    <p class='ocr_par' dir='ltr' id='par_1_32' title="bbox 492 1935 2089 2011">
     <span class='ocr_line' id='line_1_32' title="bbox 492 1935 2089 2011; baseline -0.002 -17"><span class='ocrx_word' id='word_1_235' title='bbox 492 1940 639 2010; x_wconf 81' lang='lat' dir='ltr'><strong>quod</strong></span> <span class='ocrx_word' id='word_1_236' title='bbox 668 1939 964 2011; x_wconf 88' lang='lat' dir='ltr'><strong>imperator</strong></span> <span class='ocrx_word' id='word_1_237' title='bbox 1010 1940 1208 1996; x_wconf 90' lang='lat' dir='ltr'><strong>Decius</strong></span> <span class='ocrx_word' id='word_1_238' title='bbox 1239 1939 1609 2007; x_wconf 85' lang='lat' dir='ltr'><strong>obstruxerat,</strong></span> <span class='ocrx_word' id='word_1_239' title='bbox 1645 1935 1921 2009; x_wconf 88' lang='lat' dir='ltr'><strong>patefacto</strong></span> <span class='ocrx_word' id='word_1_240' title='bbox 1947 1935 2089 1992; x_wconf 90' lang='lat' dir='ltr'><strong>divi-</strong></span> 
     </span>
    </p>
   </div>
   <div class='ocr_carea' id='block_1_33' title="bbox 490 2030 2087 2109">
    <p class='ocr_par' dir='ltr' id='par_1_33' title="bbox 490 2030 2087 2109">
     <span class='ocr_line' id='line_1_33' title="bbox 490 2030 2087 2109; baseline 0.001 -23"><span class='ocrx_word' id='word_1_241' title='bbox 490 2032 663 2099; x_wconf 91' lang='lat' dir='ltr'><strong>nitus,</strong></span> <span class='ocrx_word' id='word_1_242' title='bbox 693 2050 722 2087; x_wconf 89' lang='lat' dir='ltr'><strong>a</strong></span> <span class='ocrx_word' id='word_1_243' title='bbox 759 2049 955 2089; x_wconf 91' lang='lat' dir='ltr'><strong>somno</strong></span> <span class='ocrx_word' id='word_1_244' title='bbox 982 2042 1245 2106; x_wconf 83' lang='lat' dir='ltr'><strong>surgunt,</strong></span> <span class='ocrx_word' id='word_1_245' title='bbox 1285 2040 1340 2088; x_wconf 91' lang='lat' dir='ltr'><strong>et</strong></span> <span class='ocrx_word' id='word_1_246' title='bbox 1372 2040 1580 2109; x_wconf 84' lang='lat' dir='ltr'><strong>asserta</strong></span> <span class='ocrx_word' id='word_1_247' title='bbox 1616 2030 1723 2088; x_wconf 81' lang='lat' dir='ltr'><strong>fide</strong></span> <span class='ocrx_word' id='word_1_248' title='bbox 1759 2038 1963 2088; x_wconf 64' lang='lat' dir='ltr'><strong>nostra:</strong></span> <span class='ocrx_word' id='word_1_249' title='bbox 1994 2044 2087 2087; x_wconf 89' lang='lat' dir='ltr'><strong>re-</strong></span> 
     </span>
    </p>
   </div>
   <div class='ocr_carea' id='block_1_34' title="bbox 493 2122 2087 2196">
    <p class='ocr_par' dir='ltr' id='par_1_34' title="bbox 493 2122 2087 2196">
     <span class='ocr_line' id='line_1_34' title="bbox 493 2122 2087 2196; baseline -0.003 -15"><span class='ocrx_word' id='word_1_250' title='bbox 493 2126 851 2182; x_wconf 85' lang='lat' dir='ltr'><strong>surrectionis</strong></span> <span class='ocrx_word' id='word_1_251' title='bbox 890 2141 1075 2182; x_wconf 87' lang='lat' dir='ltr'><strong>coram</strong></span> <span class='ocrx_word' id='word_1_252' title='bbox 1120 2124 1433 2182; x_wconf 86' lang='lat' dir='ltr'><strong>Theodosio</strong></span> <span class='ocrx_word' id='word_1_253' title='bbox 1474 2125 1822 2196; x_wconf 89' lang='lat' dir='ltr'><strong>imperatore,</strong></span> <span class='ocrx_word' id='word_1_254' title='bbox 1865 2122 1933 2179; x_wconf 92' lang='lat' dir='ltr'><strong>de</strong></span> <span class='ocrx_word' id='word_1_255' title='bbox 1978 2137 2087 2193; x_wconf 88' lang='lat' dir='ltr'><strong>qua</strong></span> 
     </span>
    </p>
   </div>
   <div class='ocr_carea' id='block_1_35' title="bbox 492 2213 2084 2293">
    <p class='ocr_par' dir='ltr' id='par_1_35' title="bbox 492 2213 2084 2293">
     <span class='ocr_line' id='line_1_35' title="bbox 492 2213 2084 2293; baseline -0.003 -19"><span class='ocrx_word' id='word_1_256' title='bbox 492 2216 727 2293; x_wconf 82' lang='lat' dir='ltr'><strong>multum</strong></span> <span class='ocrx_word' id='word_1_257' title='bbox 753 2219 1126 2293; x_wconf 86' lang='lat' dir='ltr'><strong>dubitabatur,</strong></span> <span class='ocrx_word' id='word_1_258' title='bbox 1165 2218 1366 2275; x_wconf 89' lang='lat' dir='ltr'><strong>iterum</strong></span> <span class='ocrx_word' id='word_1_259' title='bbox 1391 2216 1671 2275; x_wconf 91' lang='lat' dir='ltr'><strong>dormiunt</strong></span> <span class='ocrx_word' id='word_1_260' title='bbox 1697 2216 1753 2272; x_wconf 92' lang='lat' dir='ltr'><strong>in</strong></span> <span class='ocrx_word' id='word_1_261' title='bbox 1776 2213 1999 2271; x_wconf 84' lang='lat' dir='ltr'><strong>Christo</strong></span> <span class='ocrx_word' id='word_1_262' title='bbox 2019 2214 2084 2269; x_wconf 72' lang='lat'><strong>&quot;.</strong></span> 
     </span>
    </p>
   </div>
   <div class='ocr_carea' id='block_1_36' title="bbox 561 2292 2016 2366">
    <p class='ocr_par' dir='ltr' id='par_1_36' title="bbox 561 2292 2016 2366">
     <span class='ocr_line' id='line_1_36' title="bbox 561 2292 2016 2366; baseline -0.003 0"><span class='ocrx_word' id='word_1_263' title='bbox 561 2308 689 2366; x_wconf 76' lang='grc'><strong>448.</strong></span> <span class='ocrx_word' id='word_1_264' title='bbox 780 2310 870 2364; x_wconf 74' lang='grc'><strong>21.</strong></span> <span class='ocrx_word' id='word_1_265' title='bbox 956 2308 1013 2364; x_wconf 81' lang='lat' dir='ltr'><strong>e.</strong></span> <span class='ocrx_word' id='word_1_266' title='bbox 1079 2292 1191 2365; x_wconf 69' lang='grc'><strong>⁸18.</strong></span> <span class='ocrx_word' id='word_1_267' title='bbox 1283 2308 1340 2364; x_wconf 90' lang='grc'><strong>2.</strong></span> <span class='ocrx_word' id='word_1_268' title='bbox 1425 2308 1513 2365; x_wconf 82' lang='lat' dir='ltr'><strong>l9.</strong></span> <span class='ocrx_word' id='word_1_269' title='bbox 1598 2307 1654 2364; x_wconf 87' lang='lat'><strong>9.</strong></span> <span class='ocrx_word' id='word_1_270' title='bbox 1739 2305 1829 2363; x_wconf 87' lang='grc'><strong>18.</strong></span> <span class='ocrx_word' id='word_1_271' title='bbox 1924 2304 2016 2361; x_wconf 67' lang='grc'><strong>12.</strong></span> 
     </span>
    </p>
   </div>
   <div class='ocr_carea' id='block_1_37' title="bbox 564 2397 2089 2475">
    <p class='ocr_par' dir='ltr' id='par_1_37' title="bbox 564 2397 2089 2475">
     <span class='ocr_line' id='line_1_37' title="bbox 564 2397 2089 2475; baseline -0.001 -18"><span class='ocrx_word' id='word_1_272' title='bbox 564 2400 654 2475; x_wconf 71' lang='grc' dir='ltr'><strong>(ο.</strong></span> <span class='ocrx_word' id='word_1_273' title='bbox 686 2419 732 2458; x_wconf 89' lang='lat' dir='ltr'><strong>r.</strong></span> <span class='ocrx_word' id='word_1_274' title='bbox 771 2401 864 2472; x_wconf 80' lang='lat' dir='ltr'><strong>F.)</strong></span> <span class='ocrx_word' id='word_1_275' title='bbox 900 2400 1219 2460; x_wconf 83' lang='lat' dir='ltr'><strong>Merovecus</strong></span> <span class='ocrx_word' id='word_1_276' title='bbox 1258 2402 1406 2457; x_wconf 79' lang='lat' dir='ltr'><strong>filius</strong></span> <span class='ocrx_word' id='word_1_277' title='bbox 1437 2400 1613 2458; x_wconf 82' lang='lat' dir='ltr'><strong>Clodii</strong></span> <span class='ocrx_word' id='word_1_278' title='bbox 1639 2415 1804 2471; x_wconf 91' lang='lat' dir='ltr'><strong>super</strong></span> <span class='ocrx_word' id='word_1_279' title='bbox 1842 2397 2089 2456; x_wconf 78' lang='lat' dir='ltr'><strong>Francos</strong></span> 
     </span>
    </p>
   </div>
   <div class='ocr_carea' id='block_1_38' title="bbox 490 2489 2089 2565">
    <p class='ocr_par' dir='ltr' id='par_1_38' title="bbox 490 2489 2089 2565">
     <span class='ocr_line' id='line_1_38' title="bbox 490 2489 2089 2565; baseline -0.001 -18"><span class='ocrx_word' id='word_1_280' title='bbox 490 2504 683 2565; x_wconf 84' lang='lat' dir='ltr'><strong>regnat</strong></span> <span class='ocrx_word' id='word_1_281' title='bbox 708 2493 871 2549; x_wconf 86' lang='lat' dir='ltr'><strong>annis</strong></span> <span class='ocrx_word' id='word_1_282' title='bbox 898 2492 1000 2561; x_wconf 85' lang='grc'><strong>10,</strong></span> <span class='ocrx_word' id='word_1_283' title='bbox 1035 2510 1067 2549; x_wconf 90' lang='lat' dir='ltr'><strong>a</strong></span> <span class='ocrx_word' id='word_1_284' title='bbox 1096 2509 1209 2564; x_wconf 92' lang='lat' dir='ltr'><strong>quo</strong></span> <span class='ocrx_word' id='word_1_285' title='bbox 1241 2492 1409 2549; x_wconf 90' lang='lat' dir='ltr'><strong>nimis</strong></span> <span class='ocrx_word' id='word_1_286' title='bbox 1445 2492 1566 2548; x_wconf 87' lang='lat' dir='ltr'><strong>utili</strong></span> <span class='ocrx_word' id='word_1_287' title='bbox 1598 2507 1726 2564; x_wconf 81' lang='lat' dir='ltr'><strong>rege</strong></span> <span class='ocrx_word' id='word_1_288' title='bbox 1757 2489 1954 2547; x_wconf 85' lang='lat' dir='ltr'><strong>Franci</strong></span> <span class='ocrx_word' id='word_1_289' title='bbox 1994 2505 2089 2547; x_wconf 92' lang='lat' dir='ltr'><strong>co-</strong></span> 
     </span>
    </p>
   </div>
   <div class='ocr_carea' id='block_1_39' title="bbox 493 2584 1300 2657">
    <p class='ocr_par' dir='ltr' id='par_1_39' title="bbox 493 2584 1300 2657">
     <span class='ocr_line' id='line_1_39' title="bbox 493 2584 1300 2657; baseline 0.001 -17"><span class='ocrx_word' id='word_1_290' title='bbox 493 2584 798 2656; x_wconf 73' lang='lat' dir='ltr'><strong>gnominati</strong></span> <span class='ocrx_word' id='word_1_291' title='bbox 826 2594 957 2641; x_wconf 89' lang='lat' dir='ltr'><strong>sunt</strong></span> <span class='ocrx_word' id='word_1_292' title='bbox 980 2585 1300 2657; x_wconf 80' lang='lat' dir='ltr'><strong>Merovingi.</strong></span> 
     </span>
    </p>
   </div>
   <div class='ocr_carea' id='block_1_40' title="bbox 508 2675 2009 2751">
    <p class='ocr_par' dir='ltr' id='par_1_40' title="bbox 508 2675 2009 2751">
     <span class='ocr_line' id='line_1_40' title="bbox 508 2675 2009 2751; baseline -0.002 -16"><span class='ocrx_word' id='word_1_293' title='bbox 508 2677 693 2751; x_wconf 26' lang='lat'><strong>.449.</strong></span> <span class='ocrx_word' id='word_1_294' title='bbox 777 2678 871 2733; x_wconf 85' lang='grc'><strong>22.</strong></span> <span class='ocrx_word' id='word_1_295' title='bbox 956 2677 1011 2734; x_wconf 85' lang='lat'><strong>7.</strong></span> <span class='ocrx_word' id='word_1_296' title='bbox 1104 2679 1158 2733; x_wconf 74' lang='grc' dir='ltr'><strong>ι.</strong></span> <span class='ocrx_word' id='word_1_297' title='bbox 1242 2678 1296 2734; x_wconf 76' lang='lat'><strong>5.</strong></span> <span class='ocrx_word' id='word_1_298' title='bbox 1377 2677 1470 2734; x_wconf 88' lang='grc' dir='ltr'><strong>2ο.</strong></span> <span class='ocrx_word' id='word_1_299' title='bbox 1559 2675 1648 2733; x_wconf 83' lang='lat' dir='ltr'><strong>l0.</strong></span> <span class='ocrx_word' id='word_1_300' title='bbox 1736 2676 1825 2733; x_wconf 67' lang='lat'><strong>19.</strong></span> <span class='ocrx_word' id='word_1_301' title='bbox 1920 2676 2009 2732; x_wconf 68' lang='grc' dir='ltr'><strong>ιδ.</strong></span> 
     </span>
    </p>
   </div>
   <div class='ocr_carea' id='block_1_41' title="bbox 563 2768 2084 2843">
    <p class='ocr_par' dir='ltr' id='par_1_41' title="bbox 563 2768 2084 2843">
     <span class='ocr_line' id='line_1_41' title="bbox 563 2768 2084 2843; baseline 0 -19"><span class='ocrx_word' id='word_1_302' title='bbox 563 2768 821 2843; x_wconf 71' lang='grc' dir='ltr'><strong>(Ριοερ.)</strong></span> <span class='ocrx_word' id='word_1_303' title='bbox 866 2769 1031 2827; x_wconf 87' lang='lat' dir='ltr'><strong>Bleda</strong></span> <span class='ocrx_word' id='word_1_304' title='bbox 1070 2785 1169 2827; x_wconf 92' lang='lat' dir='ltr'><strong>rex</strong></span> <span class='ocrx_word' id='word_1_305' title='bbox 1209 2768 1500 2826; x_wconf 81' lang='lat' dir='ltr'><strong>Hunorum</strong></span> <span class='ocrx_word' id='word_1_306' title='bbox 1533 2769 1725 2826; x_wconf 78' lang='lat' dir='ltr'><strong>fraude</strong></span> <span class='ocrx_word' id='word_1_307' title='bbox 1770 2768 1955 2825; x_wconf 79' lang='lat' dir='ltr'><strong>fratris</strong></span> <span class='ocrx_word' id='word_1_308' title='bbox 1999 2768 2084 2824; x_wconf 91' lang='lat' dir='ltr'><strong>sui</strong></span> 
     </span>
    </p>
   </div>
   <div class='ocr_carea' id='block_1_42' title="bbox 458 2858 2087 2931">
    <p class='ocr_par' dir='ltr' id='par_1_42' title="bbox 458 2858 2087 2931">
     <span class='ocr_line' id='line_1_42' title="bbox 458 2858 2087 2931; baseline 0 -15"><span class='ocrx_word' id='word_1_309' title='bbox 458 2924 461 2929; x_wconf 33' lang='grc' dir='ltr'><strong>η</strong></span> <span class='ocrx_word' id='word_1_310' title='bbox 494 2858 672 2917; x_wconf 66' lang='lat' dir='ltr'><strong>Attilae</strong></span> <span class='ocrx_word' id='word_1_311' title='bbox 700 2858 1010 2931; x_wconf 90' lang='lat' dir='ltr'><strong>perimitur,</strong></span> <span class='ocrx_word' id='word_1_312' title='bbox 1051 2860 1213 2931; x_wconf 87' lang='lat' dir='ltr'><strong>eique</strong></span> <span class='ocrx_word' id='word_1_313' title='bbox 1241 2860 1543 2917; x_wconf 90' lang='lat' dir='ltr'><strong>succedens</strong></span> <span class='ocrx_word' id='word_1_314' title='bbox 1581 2860 1698 2931; x_wconf 91' lang='lat' dir='ltr'><strong>ipse</strong></span> <span class='ocrx_word' id='word_1_315' title='bbox 1737 2859 1904 2917; x_wconf 82' lang='lat' dir='ltr'><strong>Attila</strong></span> <span class='ocrx_word' id='word_1_316' title='bbox 1939 2866 2087 2916; x_wconf 87' lang='lat' dir='ltr'><strong>totus</strong></span> 
     </span>
    </p>
   </div>
   <div class='ocr_carea' id='block_1_43' title="bbox 492 2946 2086 3024">
    <p class='ocr_par' dir='ltr' id='par_1_43' title="bbox 492 2946 2086 3024">
     <span class='ocr_line' id='line_1_43' title="bbox 492 2946 2086 3024; baseline 0 -16"><span class='ocrx_word' id='word_1_317' title='bbox 492 2952 550 3008; x_wconf 91' lang='lat' dir='ltr'><strong>in</strong></span> <span class='ocrx_word' id='word_1_318' title='bbox 571 2951 843 3008; x_wconf 88' lang='lat' dir='ltr'><strong>excidium</strong></span> <span class='ocrx_word' id='word_1_319' title='bbox 872 2951 1022 3009; x_wconf 90' lang='lat' dir='ltr'><strong>orbis</strong></span> <span class='ocrx_word' id='word_1_320' title='bbox 1047 2951 1232 3011; x_wconf 88' lang='lat' dir='ltr'><strong>animo</strong></span> <span class='ocrx_word' id='word_1_321' title='bbox 1257 2950 1450 3008; x_wconf 90' lang='lat' dir='ltr'><strong>fertur.</strong></span> <span class='ocrx_word' id='word_1_322' title='bbox 1479 2946 1574 3024; x_wconf 85' lang='lat' dir='ltr'><strong>(V.</strong></span> <span class='ocrx_word' id='word_1_323' title='bbox 1601 2948 1777 3023; x_wconf 86' lang='lat' dir='ltr'><strong>Rem.)</strong></span> <span class='ocrx_word' id='word_1_324' title='bbox 1804 2949 2086 3022; x_wconf 78' lang='lat' dir='ltr'><strong>Remigius</strong></span> 
     </span>
    </p>
   </div>
   <div class='ocr_carea' id='block_1_44' title="bbox 493 3037 2087 3118">
    <p class='ocr_par' dir='ltr' id='par_1_44' title="bbox 493 3037 2087 3118">
     <span class='ocr_line' id='line_1_44' title="bbox 493 3037 2087 3118; baseline -0.001 -17"><span class='ocrx_word' id='word_1_325' title='bbox 493 3044 784 3101; x_wconf 78' lang='lat' dir='ltr'><strong>Remensis</strong></span> <span class='ocrx_word' id='word_1_326' title='bbox 826 3037 1077 3101; x_wconf 76' lang='lat' dir='ltr'><strong>nascitur</strong></span> <span class='ocrx_word' id='word_1_327' title='bbox 1114 3044 1288 3118; x_wconf 75' lang='grc'><strong>(159),</strong></span> <span class='ocrx_word' id='word_1_328' title='bbox 1330 3047 1716 3117; x_wconf 90' lang='lat' dir='ltr'><strong>prennntiatus</strong></span> <span class='ocrx_word' id='word_1_329' title='bbox 1756 3059 1824 3100; x_wconf 86' lang='lat' dir='ltr'><strong>ex</strong></span> <span class='ocrx_word' id='word_1_330' title='bbox 1865 3044 2087 3101; x_wconf 89' lang='lat' dir='ltr'><strong>nomine</strong></span> 
     </span>
    </p>
   </div>
   <div class='ocr_carea' id='block_1_45' title="bbox 493 3134 2085 3208">
    <p class='ocr_par' dir='ltr' id='par_1_45' title="bbox 493 3134 2085 3208">
     <span class='ocr_line' id='line_1_45' title="bbox 493 3134 2085 3208; baseline 0 -16"><span class='ocrx_word' id='word_1_331' title='bbox 493 3152 590 3208; x_wconf 82' lang='lat' dir='ltr'><strong>per</strong></span> <span class='ocrx_word' id='word_1_332' title='bbox 630 3135 947 3194; x_wconf 77' lang='lat' dir='ltr'><strong>Montanum</strong></span> <span class='ocrx_word' id='word_1_333' title='bbox 977 3135 1328 3193; x_wconf 85' lang='lat' dir='ltr'><strong>monachum.</strong></span> <span class='ocrx_word' id='word_1_334' title='bbox 1360 3135 1484 3205; x_wconf 87' lang='lat' dir='ltr'><strong>Quo</strong></span> <span class='ocrx_word' id='word_1_335' title='bbox 1522 3146 1651 3193; x_wconf 88' lang='lat' dir='ltr'><strong>nato</strong></span> <span class='ocrx_word' id='word_1_336' title='bbox 1685 3135 1829 3193; x_wconf 91' lang='lat' dir='ltr'><strong>idem</strong></span> <span class='ocrx_word' id='word_1_337' title='bbox 1873 3134 2085 3192; x_wconf 86' lang='lat' dir='ltr'><strong>Monta-</strong></span> 
     </span>
    </p>
   </div>
   <div class='ocr_carea' id='block_1_46' title="bbox 492 3215 2159 3302">
    <p class='ocr_par' dir='ltr' id='par_1_46' title="bbox 492 3215 2159 3302">
     <span class='ocr_line' id='line_1_46' title="bbox 492 3215 2159 3302; baseline -0.002 -18"><span class='ocrx_word' id='word_1_338' title='bbox 492 3244 621 3296; x_wconf 85' lang='lat' dir='ltr'><strong>nus,</strong></span> <span class='ocrx_word' id='word_1_339' title='bbox 648 3229 775 3301; x_wconf 88' lang='lat' dir='ltr'><strong>quia</strong></span> <span class='ocrx_word' id='word_1_340' title='bbox 803 3245 980 3287; x_wconf 65' lang='lat' dir='ltr'><strong>ctecus</strong></span> <span class='ocrx_word' id='word_1_341' title='bbox 1021 3237 1160 3296; x_wconf 91' lang='lat' dir='ltr'><strong>erat,</strong></span> <span class='ocrx_word' id='word_1_342' title='bbox 1205 3229 1274 3286; x_wconf 89' lang='lat' dir='ltr'><strong>de</strong></span> <span class='ocrx_word' id='word_1_343' title='bbox 1315 3229 1457 3286; x_wconf 89' lang='lat' dir='ltr'><strong>lacte</strong></span> <span class='ocrx_word' id='word_1_344' title='bbox 1494 3228 1705 3291; x_wconf 75' lang='lat' dir='ltr'><strong>Ciliuia:</strong></span> <span class='ocrx_word' id='word_1_345' title='bbox 1741 3229 1932 3286; x_wconf 87' lang='lat' dir='ltr'><strong>matris</strong></span> <span class='ocrx_word' id='word_1_346' title='bbox 1965 3230 2085 3302; x_wconf 88' lang='lat' dir='ltr'><strong>ejus</strong></span> <span class='ocrx_word' id='word_1_347' title='bbox 2113 3215 2159 3280; x_wconf 87' lang='lat' dir='ltr'><strong>C</strong></span> 
     </span>
    </p>
   </div>
   <div class='ocr_carea' id='block_1_47' title="bbox 494 3319 2085 3392">
    <p class='ocr_par' dir='ltr' id='par_1_47' title="bbox 494 3319 2085 3392">
     <span class='ocr_line' id='line_1_47' title="bbox 494 3319 2085 3392; baseline -0.002 -14"><span class='ocrx_word' id='word_1_348' title='bbox 494 3321 685 3378; x_wconf 84' lang='lat' dir='ltr'><strong>oculos</strong></span> <span class='ocrx_word' id='word_1_349' title='bbox 711 3336 845 3377; x_wconf 88' lang='lat' dir='ltr'><strong>suos</strong></span> <span class='ocrx_word' id='word_1_350' title='bbox 872 3319 1095 3386; x_wconf 91' lang='lat' dir='ltr'><strong>liniens,</strong></span> <span class='ocrx_word' id='word_1_351' title='bbox 1130 3319 1471 3376; x_wconf 88' lang='lat' dir='ltr'><strong>illuminatus</strong></span> <span class='ocrx_word' id='word_1_352' title='bbox 1504 3330 1608 3376; x_wconf 89' lang='lat' dir='ltr'><strong>est.</strong></span> <span class='ocrx_word' id='word_1_353' title='bbox 1659 3319 1757 3388; x_wconf 84' lang='grc' dir='ltr'><strong>(Η.</strong></span> <span class='ocrx_word' id='word_1_354' title='bbox 1805 3320 1903 3392; x_wconf 91' lang='lat' dir='ltr'><strong>m.)</strong></span> <span class='ocrx_word' id='word_1_355' title='bbox 1947 3319 2085 3376; x_wconf 82' lang='lat' dir='ltr'><strong>Ger-</strong></span> 
     </span>
    </p>
   </div>
   <div class='ocr_carea' id='block_1_48' title="bbox 494 3408 2086 3482">
    <p class='ocr_par' dir='ltr' id='par_1_48' title="bbox 494 3408 2086 3482">
     <span class='ocr_line' id='line_1_48' title="bbox 494 3408 2086 3482; baseline 0 -16"><span class='ocrx_word' id='word_1_356' title='bbox 494 3424 691 3467; x_wconf 86' lang='lat' dir='ltr'><strong>manus</strong></span> <span class='ocrx_word' id='word_1_357' title='bbox 725 3408 1189 3467; x_wconf 85' lang='lat' dir='ltr'><strong>Autisiodorensis</strong></span> <span class='ocrx_word' id='word_1_358' title='bbox 1221 3426 1347 3468; x_wconf 90' lang='lat' dir='ltr'><strong>cum</strong></span> <span class='ocrx_word' id='word_1_359' title='bbox 1383 3409 1584 3467; x_wconf 88' lang='lat' dir='ltr'><strong>Severo</strong></span> <span class='ocrx_word' id='word_1_360' title='bbox 1612 3409 1934 3475; x_wconf 72' lang='lat' dir='ltr'><strong>Trevirensi</strong></span> <span class='ocrx_word' id='word_1_361' title='bbox 1966 3412 2052 3482; x_wconf 91' lang='lat' dir='ltr'><strong>epi</strong></span> <span class='ocrx_word' id='word_1_362' title='bbox 2072 3440 2086 3452; x_wconf 84' lang='lat'><strong>-</strong></span> 
     </span>
    </p>
   </div>
   <div class='ocr_carea' id='block_1_49' title="bbox 493 3484 2086 3574">
    <p class='ocr_par' dir='ltr' id='par_1_49' title="bbox 493 3484 2086 3574">
     <span class='ocr_line' id='line_1_49' title="bbox 493 3484 2086 3574; baseline -0.001 -16"><span class='ocrx_word' id='word_1_363' title='bbox 493 3517 661 3574; x_wconf 89' lang='lat' dir='ltr'><strong>scopo</strong></span> <span class='ocrx_word' id='word_1_364' title='bbox 701 3502 902 3559; x_wconf 88' lang='lat' dir='ltr'><strong>iterum</strong></span> <span class='ocrx_word' id='word_1_365' title='bbox 945 3502 1014 3558; x_wconf 90' lang='lat' dir='ltr'><strong>ad</strong></span> <span class='ocrx_word' id='word_1_366' title='bbox 1049 3501 1391 3559; x_wconf 88' lang='lat' dir='ltr'><strong>Britanniam</strong></span> <span class='ocrx_word' id='word_1_367' title='bbox 1433 3503 1670 3571; x_wconf 89' lang='lat' dir='ltr'><strong>missus,</strong></span> <span class='ocrx_word' id='word_1_368' title='bbox 1706 3484 2086 3559; x_wconf 86' lang='lat' dir='ltr'><strong>renascentem</strong></span> 
     </span>
    </p>
   </div>
   <div class='ocr_carea' id='block_1_50' title="bbox 494 3591 1408 3666">
    <p class='ocr_par' dir='ltr' id='par_1_50' title="bbox 494 3591 1408 3666">
     <span class='ocr_line' id='line_1_50' title="bbox 494 3591 1408 3666; baseline 0.001 -18"><span class='ocrx_word' id='word_1_369' title='bbox 494 3591 839 3666; x_wconf 76' lang='lat' dir='ltr'><strong>Pelagianam</strong></span> <span class='ocrx_word' id='word_1_370' title='bbox 870 3594 1109 3651; x_wconf 89' lang='lat' dir='ltr'><strong>heresim</strong></span> <span class='ocrx_word' id='word_1_371' title='bbox 1138 3594 1408 3650; x_wconf 84' lang='lat' dir='ltr'><strong>confutat.</strong></span> 
     </span>
    </p>
   </div>
   <div class='ocr_carea' id='block_1_51' title="bbox 561 3679 2012 3738">
    <p class='ocr_par' dir='ltr' id='par_1_51' title="bbox 561 3679 2012 3738">
     <span class='ocr_line' id='line_1_51' title="bbox 561 3679 2012 3738; baseline 0 -2"><span class='ocrx_word' id='word_1_372' title='bbox 561 3679 686 3737; x_wconf 84' lang='grc'><strong>450.</strong></span> <span class='ocrx_word' id='word_1_373' title='bbox 778 3681 870 3738; x_wconf 74' lang='grc'><strong>25.</strong></span> <span class='ocrx_word' id='word_1_374' title='bbox 957 3682 1011 3738; x_wconf 85' lang='grc'><strong>8.</strong></span> <span class='ocrx_word' id='word_1_375' title='bbox 1108 3683 1164 3738; x_wconf 92' lang='grc'><strong>2.</strong></span> <span class='ocrx_word' id='word_1_376' title='bbox 1263 3684 1318 3738; x_wconf 94' lang='grc'><strong>4.</strong></span> <span class='ocrx_word' id='word_1_377' title='bbox 1405 3683 1494 3737; x_wconf 86' lang='grc'><strong>21.</strong></span> <span class='ocrx_word' id='word_1_378' title='bbox 1588 3684 1675 3737; x_wconf 90' lang='grc'><strong>11.</strong></span> <span class='ocrx_word' id='word_1_379' title='bbox 1770 3682 1862 3737; x_wconf 91' lang='grc'><strong>20.</strong></span> <span class='ocrx_word' id='word_1_380' title='bbox 1960 3682 2012 3736; x_wconf 91' lang='grc'><strong>1.</strong></span> 
     </span>
    </p>
   </div>
   <div class='ocr_carea' id='block_1_52' title="bbox 563 3773 2087 3845">
    <p class='ocr_par' dir='ltr' id='par_1_52' title="bbox 563 3773 2087 3845">
     <span class='ocr_line' id='line_1_52' title="bbox 563 3773 2087 3845; baseline 0.001 -18"><span class='ocrx_word' id='word_1_381' title='bbox 563 3773 804 3845; x_wconf 80' lang='lat' dir='ltr'><strong>(Pnosr.)</strong></span> <span class='ocrx_word' id='word_1_382' title='bbox 826 3773 979 3830; x_wconf 86' lang='lat' dir='ltr'><strong>Nova</strong></span> <span class='ocrx_word' id='word_1_383' title='bbox 1002 3775 1200 3830; x_wconf 90' lang='lat' dir='ltr'><strong>iterum</strong></span> <span class='ocrx_word' id='word_1_384' title='bbox 1223 3774 1419 3830; x_wconf 86' lang='lat' dir='ltr'><strong>orienti</strong></span> <span class='ocrx_word' id='word_1_385' title='bbox 1441 3773 1726 3844; x_wconf 80' lang='lat' dir='ltr'><strong>consurgit</strong></span> <span class='ocrx_word' id='word_1_386' title='bbox 1750 3774 1931 3840; x_wconf 91' lang='lat' dir='ltr'><strong>ruina,</strong></span> <span class='ocrx_word' id='word_1_387' title='bbox 1955 3774 2087 3844; x_wconf 86' lang='lat' dir='ltr'><strong>quia</strong></span> 
     </span>
    </p>
   </div>
   <div class='ocr_carea' id='block_1_53' title="bbox 490 3864 2086 3938">
    <p class='ocr_par' dir='ltr' id='par_1_53' title="bbox 490 3864 2086 3938">
     <span class='ocr_line' id='line_1_53' title="bbox 490 3864 2086 3938; baseline -0.003 -14"><span class='ocrx_word' id='word_1_388' title='bbox 490 3866 834 3938; x_wconf 77' lang='lat' dir='ltr'><strong>septuaginta</strong></span> <span class='ocrx_word' id='word_1_389' title='bbox 861 3880 973 3922; x_wconf 88' lang='lat' dir='ltr'><strong>non</strong></span> <span class='ocrx_word' id='word_1_390' title='bbox 1001 3865 1185 3932; x_wconf 85' lang='lat' dir='ltr'><strong>minus</strong></span> <span class='ocrx_word' id='word_1_391' title='bbox 1212 3865 1459 3922; x_wconf 85' lang='lat' dir='ltr'><strong>civitates</strong></span> <span class='ocrx_word' id='word_1_392' title='bbox 1486 3865 1873 3936; x_wconf 87' lang='lat' dir='ltr'><strong>depredatione</strong></span> <span class='ocrx_word' id='word_1_393' title='bbox 1896 3864 2086 3921; x_wconf 90' lang='lat' dir='ltr'><strong>Huno-</strong></span> 
     </span>
    </p>
   </div>
   <div class='ocr_carea' id='block_1_54' title="bbox 493 3957 2088 4029">
    <p class='ocr_par' dir='ltr' id='par_1_54' title="bbox 493 3957 2088 4029">
     <span class='ocr_line' id='line_1_54' title="bbox 493 3957 2088 4029; baseline 0 -16"><span class='ocrx_word' id='word_1_394' title='bbox 493 3974 617 4014; x_wconf 89' lang='lat' dir='ltr'><strong>rum</strong></span> <span class='ocrx_word' id='word_1_395' title='bbox 642 3966 949 4014; x_wconf 81' lang='lat' dir='ltr'><strong>vastantur.</strong></span> <span class='ocrx_word' id='word_1_396' title='bbox 981 3957 1171 4029; x_wconf 72' lang='lat' dir='ltr'><strong>(BBDA)</strong></span> <span class='ocrx_word' id='word_1_397' title='bbox 1196 3957 1504 4014; x_wconf 85' lang='lat' dir='ltr'><strong>Germanus</strong></span> <span class='ocrx_word' id='word_1_398' title='bbox 1532 3957 2001 4016; x_wconf 81' lang='lat' dir='ltr'><strong>Autisiodorensis</strong></span> <span class='ocrx_word' id='word_1_399' title='bbox 2031 3958 2088 4013; x_wconf 90' lang='lat' dir='ltr'><strong>in</strong></span> 
     </span>
    </p>
   </div>
   <div class='ocr_carea' id='block_1_55' title="bbox 493 4048 2088 4122">
    <p class='ocr_par' dir='ltr' id='par_1_55' title="bbox 493 4048 2088 4122">
     <span class='ocr_line' id='line_1_55' title="bbox 493 4048 2088 4122; baseline 0.003 -19"><span class='ocrx_word' id='word_1_400' title='bbox 493 4048 702 4106; x_wconf 83' lang='lat' dir='ltr'><strong>Italiam</strong></span> <span class='ocrx_word' id='word_1_401' title='bbox 742 4048 1050 4120; x_wconf 86' lang='lat' dir='ltr'><strong>profectus,</strong></span> <span class='ocrx_word' id='word_1_402' title='bbox 1099 4049 1373 4107; x_wconf 68' lang='lat' dir='ltr'><strong>Ravenna:</strong></span> <span class='ocrx_word' id='word_1_403' title='bbox 1421 4050 1675 4106; x_wconf 89' lang='lat' dir='ltr'><strong>moritur.</strong></span> <span class='ocrx_word' id='word_1_404' title='bbox 1720 4048 1933 4121; x_wconf 88' lang='lat' dir='ltr'><strong>Corpus</strong></span> <span class='ocrx_word' id='word_1_405' title='bbox 1966 4051 2088 4122; x_wconf 89' lang='lat' dir='ltr'><strong>ejus</strong></span> 
     </span>
    </p>
   </div>
   <div class='ocr_carea' id='block_1_56' title="bbox 491 4140 2085 4213">
    <p class='ocr_par' dir='ltr' id='par_1_56' title="bbox 491 4140 2085 4213">
     <span class='ocr_line' id='line_1_56' title="bbox 491 4140 2085 4213; baseline 0.003 -19"><span class='ocrx_word' id='word_1_406' title='bbox 491 4154 618 4195; x_wconf 83' lang='lat' dir='ltr'><strong>cum</strong></span> <span class='ocrx_word' id='word_1_407' title='bbox 666 4141 839 4196; x_wconf 88' lang='lat' dir='ltr'><strong>multa</strong></span> <span class='ocrx_word' id='word_1_408' title='bbox 878 4140 1274 4198; x_wconf 86' lang='lat' dir='ltr'><strong>miraculorum</strong></span> <span class='ocrx_word' id='word_1_409' title='bbox 1319 4141 1492 4213; x_wconf 75' lang='lat' dir='ltr'><strong>gloria</strong></span> <span class='ocrx_word' id='word_1_410' title='bbox 1533 4140 1945 4198; x_wconf 87' lang='lat' dir='ltr'><strong>Autisiodorum</strong></span> <span class='ocrx_word' id='word_1_411' title='bbox 1995 4157 2085 4198; x_wconf 84' lang='lat' dir='ltr'><strong>re-</strong></span> 
     </span>
    </p>
   </div>
   <div class='ocr_carea' id='block_1_57' title="bbox 492 4229 682 4289">
    <p class='ocr_par' dir='ltr' id='par_1_57' title="bbox 492 4229 682 4289">
     <span class='ocr_line' id='line_1_57' title="bbox 492 4229 682 4289; baseline 0.016 -3"><span class='ocrx_word' id='word_1_412' title='bbox 492 4229 682 4289; x_wconf 87' lang='lat' dir='ltr'><strong>fertur.</strong></span> 
     </span>
    </p>
   </div>
   <div class='ocr_carea' id='block_1_58' title="bbox 565 4325 694 4380">
    <p class='ocr_par' dir='ltr' id='par_1_58' title="bbox 565 4325 694 4380">
     <span class='ocr_line' id='line_1_58' title="bbox 565 4325 694 4380; baseline 0 0"><span class='ocrx_word' id='word_1_413' title='bbox 565 4325 694 4380; x_wconf 79' lang='grc'><strong>451.</strong></span> 
     </span>
    </p>
   </div>
   <div class='ocr_carea' id='block_1_59' title="bbox 561 4416 2086 4497">
    <p class='ocr_par' dir='ltr' id='par_1_59' title="bbox 561 4416 2086 4497">
     <span class='ocr_line' id='line_1_59' title="bbox 561 4416 2086 4497; baseline 0.004 -25"><span class='ocrx_word' id='word_1_414' title='bbox 561 4417 756 4489; x_wconf 64' lang='grc' dir='ltr'><strong>(11ης.)</strong></span> <span class='ocrx_word' id='word_1_415' title='bbox 796 4416 1140 4475; x_wconf 87' lang='lat' dir='ltr'><strong>Theodosius</strong></span> <span class='ocrx_word' id='word_1_416' title='bbox 1168 4419 1466 4497; x_wconf 88' lang='lat' dir='ltr'><strong>imperator</strong></span> <span class='ocrx_word' id='word_1_417' title='bbox 1485 4419 1639 4487; x_wconf 90' lang='lat' dir='ltr'><strong>obiit,</strong></span> <span class='ocrx_word' id='word_1_418' title='bbox 1671 4420 1760 4476; x_wconf 91' lang='lat' dir='ltr'><strong>cui</strong></span> <span class='ocrx_word' id='word_1_419' title='bbox 1786 4422 2086 4479; x_wconf 87' lang='lat' dir='ltr'><strong>succedens</strong></span> 
     </span>
    </p>
   </div>
   <div class='ocr_carea' id='block_1_60' title="bbox 788 4324 2010 4382">
    <p class='ocr_par' dir='ltr' id='par_1_60' title="bbox 788 4324 2010 4382">
     <span class='ocr_line' id='line_1_60' title="bbox 788 4324 2010 4382; baseline 0.001 -2"><span class='ocrx_word' id='word_1_420' title='bbox 788 4326 879 4380; x_wconf 88' lang='grc'><strong>24.</strong></span> <span class='ocrx_word' id='word_1_421' title='bbox 976 4324 1030 4380; x_wconf 87' lang='grc'><strong>9.</strong></span> <span class='ocrx_word' id='word_1_422' title='bbox 1122 4325 1178 4380; x_wconf 78' lang='grc'><strong>5.</strong></span> <span class='ocrx_word' id='word_1_423' title='bbox 1273 4344 1326 4380; x_wconf 77' lang='grc' dir='ltr'><strong>ο.</strong></span> <span class='ocrx_word' id='word_1_424' title='bbox 1415 4324 1506 4380; x_wconf 87' lang='grc'><strong>22.</strong></span> <span class='ocrx_word' id='word_1_425' title='bbox 1596 4325 1683 4380; x_wconf 89' lang='grc'><strong>12.</strong></span> <span class='ocrx_word' id='word_1_426' title='bbox 1775 4326 1865 4381; x_wconf 89' lang='grc'><strong>21.</strong></span> <span class='ocrx_word' id='word_1_427' title='bbox 1955 4326 2010 4382; x_wconf 92' lang='grc'><strong>2.</strong></span> 
     </span>
    </p>
   </div>
   <div class='ocr_carea' id='block_1_61' title="bbox 2189 1947 3793 2011">
    <p class='ocr_par' dir='ltr' id='par_1_61' title="bbox 2189 1947 3793 2011">
     <span class='ocr_line' id='line_1_61' title="bbox 2189 1947 3793 2011; baseline -0.007 0"><span class='ocrx_word' id='word_1_428' title='bbox 2189 1952 2557 2011; x_wconf 85' lang='lat' dir='ltr'><strong>substantiam</strong></span> <span class='ocrx_word' id='word_1_429' title='bbox 2598 1966 2722 2009; x_wconf 90' lang='lat' dir='ltr'><strong>esse</strong></span> <span class='ocrx_word' id='word_1_430' title='bbox 2761 1950 3053 2007; x_wconf 90' lang='lat' dir='ltr'><strong>fateamur.</strong></span> <span class='ocrx_word' id='word_1_431' title='bbox 3098 1947 3196 2003; x_wconf 83' lang='lat' dir='ltr'><strong>Hie</strong></span> <span class='ocrx_word' id='word_1_432' title='bbox 3240 1948 3517 2004; x_wconf 88' lang='lat' dir='ltr'><strong>decretum</strong></span> <span class='ocrx_word' id='word_1_433' title='bbox 3564 1956 3680 2011; x_wconf 86' lang='lat' dir='ltr'><strong>est,</strong></span> <span class='ocrx_word' id='word_1_434' title='bbox 3732 1955 3793 2000; x_wconf 88' lang='lat' dir='ltr'><strong>ut</strong></span> 
     </span>
    </p>
   </div>
   <div class='ocr_carea' id='block_1_62' title="bbox 2188 2036 3791 2104">
    <p class='ocr_par' dir='ltr' id='par_1_62' title="bbox 2188 2036 3791 2104">
     <span class='ocr_line' id='line_1_62' title="bbox 2188 2036 3791 2104; baseline -0.004 -5"><span class='ocrx_word' id='word_1_435' title='bbox 2188 2051 2366 2101; x_wconf 90' lang='lat' dir='ltr'><strong>mater</strong></span> <span class='ocrx_word' id='word_1_436' title='bbox 2402 2042 2622 2099; x_wconf 84' lang='lat' dir='ltr'><strong>Domini</strong></span> <span class='ocrx_word' id='word_1_437' title='bbox 2649 2039 2819 2098; x_wconf 88' lang='lat' dir='ltr'><strong>Maria</strong></span> <span class='ocrx_word' id='word_1_438' title='bbox 2856 2057 2967 2097; x_wconf 84' lang='lat' dir='ltr'><strong>non</strong></span> <span class='ocrx_word' id='word_1_439' title='bbox 3005 2040 3183 2097; x_wconf 84' lang='lat' dir='ltr'><strong>solum</strong></span> <span class='ocrx_word' id='word_1_440' title='bbox 3213 2039 3643 2104; x_wconf 82' lang='lat' dir='ltr'><strong>christothocos,</strong></span> <span class='ocrx_word' id='word_1_441' title='bbox 3692 2036 3791 2093; x_wconf 88' lang='lat' dir='ltr'><strong>sed</strong></span> 
     </span>
    </p>
   </div>
   <div class='ocr_carea' id='block_1_63' title="bbox 2186 2130 3794 2203">
    <p class='ocr_par' dir='ltr' id='par_1_63' title="bbox 2186 2130 3794 2203">
     <span class='ocr_line' id='line_1_63' title="bbox 2186 2130 3794 2203; baseline -0.004 -12"><span class='ocrx_word' id='word_1_442' title='bbox 2186 2134 2352 2191; x_wconf 82' lang='lat' dir='ltr'><strong>etiam</strong></span> <span class='ocrx_word' id='word_1_443' title='bbox 2402 2134 2724 2192; x_wconf 78' lang='lat' dir='ltr'><strong>theotbocos</strong></span> <span class='ocrx_word' id='word_1_444' title='bbox 2770 2133 3028 2190; x_wconf 85' lang='lat' dir='ltr'><strong>credatur</strong></span> <span class='ocrx_word' id='word_1_445' title='bbox 3074 2141 3129 2187; x_wconf 89' lang='lat' dir='ltr'><strong>et</strong></span> <span class='ocrx_word' id='word_1_446' title='bbox 3171 2130 3473 2203; x_wconf 86' lang='lat' dir='ltr'><strong>appelletur</strong></span> <span class='ocrx_word' id='word_1_447' title='bbox 3495 2172 3511 2196; x_wconf 91' lang='lat'><strong>,</strong></span> <span class='ocrx_word' id='word_1_448' title='bbox 3565 2137 3794 2200; x_wconf 84' lang='lat' dir='ltr'><strong>propter</strong></span> 
     </span>
    </p>
   </div>
   <div class='ocr_carea' id='block_1_64' title="bbox 2186 2217 3793 2297">
    <p class='ocr_par' dir='ltr' id='par_1_64' title="bbox 2186 2217 3793 2297">
     <span class='ocr_line' id='line_1_64' title="bbox 2186 2217 3793 2297; baseline -0.007 -15"><span class='ocrx_word' id='word_1_449' title='bbox 2186 2224 2556 2297; x_wconf 87' lang='lat' dir='ltr'><strong>blasphemias</strong></span> <span class='ocrx_word' id='word_1_450' title='bbox 2591 2222 2830 2282; x_wconf 89' lang='lat' dir='ltr'><strong>Nestorii</strong></span> <span class='ocrx_word' id='word_1_451' title='bbox 2877 2221 3225 2288; x_wconf 81' lang='lat' dir='ltr'><strong>mentientis,</strong></span> <span class='ocrx_word' id='word_1_452' title='bbox 3271 2236 3392 2276; x_wconf 90' lang='lat' dir='ltr'><strong>eam</strong></span> <span class='ocrx_word' id='word_1_453' title='bbox 3438 2234 3548 2274; x_wconf 89' lang='lat' dir='ltr'><strong>non</strong></span> <span class='ocrx_word' id='word_1_454' title='bbox 3592 2217 3793 2285; x_wconf 84' lang='lat' dir='ltr'><strong>Deum,</strong></span> 
     </span>
    </p>
   </div>
   <div class='ocr_carea' id='block_1_65' title="bbox 2188 2312 3792 2391">
    <p class='ocr_par' dir='ltr' id='par_1_65' title="bbox 2188 2312 3792 2391">
     <span class='ocr_line' id='line_1_65' title="bbox 2188 2312 3792 2391; baseline -0.007 -16"><span class='ocrx_word' id='word_1_455' title='bbox 2188 2317 2283 2375; x_wconf 85' lang='lat' dir='ltr'><strong>sed</strong></span> <span class='ocrx_word' id='word_1_456' title='bbox 2306 2333 2508 2391; x_wconf 86' lang='lat' dir='ltr'><strong>purum</strong></span> <span class='ocrx_word' id='word_1_457' title='bbox 2535 2316 2819 2383; x_wconf 32' lang='lat' dir='ltr'><strong>hominem,</strong></span> <span class='ocrx_word' id='word_1_458' title='bbox 2836 2315 3112 2388; x_wconf 77' lang='lat' dir='ltr'><strong>genuisse.</strong></span> <span class='ocrx_word' id='word_1_459' title='bbox 3149 2312 3500 2369; x_wconf 76' lang='lat' dir='ltr'><strong>Terremotus</strong></span> <span class='ocrx_word' id='word_1_460' title='bbox 3530 2322 3667 2381; x_wconf 87' lang='lat' dir='ltr'><strong>pene</strong></span> <span class='ocrx_word' id='word_1_461' title='bbox 3698 2325 3792 2364; x_wconf 83' lang='lat' dir='ltr'><strong>as-</strong></span> 
     </span>
    </p>
   </div>
   <div class='ocr_carea' id='block_1_66' title="bbox 2188 2400 3791 2481">
    <p class='ocr_par' dir='ltr' id='par_1_66' title="bbox 2188 2400 3791 2481">
     <span class='ocr_line' id='line_1_66' title="bbox 2188 2400 3791 2481; baseline -0.008 -13"><span class='ocrx_word' id='word_1_462' title='bbox 2188 2409 2332 2468; x_wconf 87' lang='lat' dir='ltr'><strong>sidui</strong></span> <span class='ocrx_word' id='word_1_463' title='bbox 2359 2406 2598 2481; x_wconf 80' lang='lat' dir='ltr'><strong>etsigna</strong></span> <span class='ocrx_word' id='word_1_464' title='bbox 2634 2408 2871 2480; x_wconf 84' lang='lat' dir='ltr'><strong>plurima</strong></span> <span class='ocrx_word' id='word_1_465' title='bbox 2901 2407 2955 2462; x_wconf 91' lang='lat' dir='ltr'><strong>in</strong></span> <span class='ocrx_word' id='word_1_466' title='bbox 2982 2406 3115 2463; x_wconf 66' lang='lat' dir='ltr'><strong>caelo</strong></span> <span class='ocrx_word' id='word_1_467' title='bbox 3145 2405 3529 2460; x_wconf 88' lang='lat' dir='ltr'><strong>ostenduntur.</strong></span> <span class='ocrx_word' id='word_1_468' title='bbox 3574 2400 3791 2473; x_wconf 58' lang='lat' dir='ltr'><strong>(Imm)</strong></span> 
     </span>
    </p>
   </div>
   <div class='ocr_carea' id='block_1_67' title="bbox 2188 2494 3789 2575">
    <p class='ocr_par' dir='ltr' id='par_1_67' title="bbox 2188 2494 3789 2575">
     <span class='ocr_line' id='line_1_67' title="bbox 2188 2494 3789 2575; baseline -0.006 -19"><span class='ocrx_word' id='word_1_469' title='bbox 2188 2500 2427 2575; x_wconf 78' lang='lat' dir='ltr'><strong>Vespere</strong></span> <span class='ocrx_word' id='word_1_470' title='bbox 2453 2503 2523 2559; x_wconf 87' lang='lat' dir='ltr'><strong>ab</strong></span> <span class='ocrx_word' id='word_1_471' title='bbox 2544 2501 2801 2574; x_wconf 87' lang='lat' dir='ltr'><strong>aquilone</strong></span> <span class='ocrx_word' id='word_1_472' title='bbox 2825 2501 3018 2557; x_wconf 66' lang='lat' dir='ltr'><strong>erelum</strong></span> <span class='ocrx_word' id='word_1_473' title='bbox 3046 2498 3277 2554; x_wconf 80' lang='lat' dir='ltr'><strong>cﬂicitur</strong></span> <span class='ocrx_word' id='word_1_474' title='bbox 3304 2497 3511 2551; x_wconf 86' lang='lat' dir='ltr'><strong>rubens</strong></span> <span class='ocrx_word' id='word_1_475' title='bbox 3534 2502 3593 2551; x_wconf 90' lang='lat' dir='ltr'><strong>ut</strong></span> <span class='ocrx_word' id='word_1_476' title='bbox 3623 2494 3789 2565; x_wconf 77' lang='lat' dir='ltr'><strong>ignis,</strong></span> 
     </span>
    </p>
   </div>
   <div class='ocr_carea' id='block_1_68' title="bbox 2188 2586 3792 2667">
    <p class='ocr_par' dir='ltr' id='par_1_68' title="bbox 2188 2586 3792 2667">
     <span class='ocr_line' id='line_1_68' title="bbox 2188 2586 3792 2667; baseline -0.009 -11"><span class='ocrx_word' id='word_1_477' title='bbox 2188 2596 2520 2656; x_wconf 77' lang='lat' dir='ltr'><strong>intermixtis</strong></span> <span class='ocrx_word' id='word_1_478' title='bbox 2545 2610 2643 2667; x_wconf 90' lang='lat' dir='ltr'><strong>per</strong></span> <span class='ocrx_word' id='word_1_479' title='bbox 2671 2595 2891 2666; x_wconf 89' lang='lat' dir='ltr'><strong>igneum</strong></span> <span class='ocrx_word' id='word_1_480' title='bbox 2931 2592 3188 2649; x_wconf 85' lang='lat' dir='ltr'><strong>ruborem</strong></span> <span class='ocrx_word' id='word_1_481' title='bbox 3232 2588 3558 2646; x_wconf 87' lang='lat' dir='ltr'><strong>clarioribus</strong></span> <span class='ocrx_word' id='word_1_482' title='bbox 3588 2586 3792 2641; x_wconf 85' lang='lat' dir='ltr'><strong>lichnis</strong></span> 
     </span>
    </p>
   </div>
   <div class='ocr_carea' id='block_1_69' title="bbox 2190 2671 3786 2758">
    <p class='ocr_par' dir='ltr' id='par_1_69' title="bbox 2190 2671 3786 2758">
     <span class='ocr_line' id='line_1_69' title="bbox 2190 2671 3786 2758; baseline -0.011 -12"><span class='ocrx_word' id='word_1_483' title='bbox 2190 2691 2246 2746; x_wconf 91' lang='lat' dir='ltr'><strong>in</strong></span> <span class='ocrx_word' id='word_1_484' title='bbox 2290 2697 2537 2747; x_wconf 86' lang='lat' dir='ltr'><strong>astarum</strong></span> <span class='ocrx_word' id='word_1_485' title='bbox 2576 2671 2814 2758; x_wconf 85' lang='lat' dir='ltr'><strong>speciem</strong></span> <span class='ocrx_word' id='word_1_486' title='bbox 2852 2683 3195 2741; x_wconf 83' lang='lat' dir='ltr'><strong>deformatis.</strong></span> <span class='ocrx_word' id='word_1_487' title='bbox 3237 2680 3391 2736; x_wconf 89' lang='lat' dir='ltr'><strong>Luna</strong></span> <span class='ocrx_word' id='word_1_488' title='bbox 3436 2678 3786 2741; x_wconf 85' lang='lat' dir='ltr'><strong>obfuscatur,</strong></span> 
     </span>
    </p>
   </div>
   <div class='ocr_carea' id='block_1_70' title="bbox 2188 2768 3788 2848">
    <p class='ocr_par' dir='ltr' id='par_1_70' title="bbox 2188 2768 3788 2848">
     <span class='ocr_line' id='line_1_70' title="bbox 2188 2768 3788 2848; baseline -0.009 -12"><span class='ocrx_word' id='word_1_489' title='bbox 2188 2788 2428 2836; x_wconf 91' lang='lat' dir='ltr'><strong>cometes</strong></span> <span class='ocrx_word' id='word_1_490' title='bbox 2453 2784 2697 2848; x_wconf 87' lang='lat' dir='ltr'><strong>apparet,</strong></span> <span class='ocrx_word' id='word_1_491' title='bbox 2725 2784 2781 2831; x_wconf 88' lang='lat' dir='ltr'><strong>et</strong></span> <span class='ocrx_word' id='word_1_492' title='bbox 2804 2774 2971 2831; x_wconf 78' lang='lat' dir='ltr'><strong>Inulta</strong></span> <span class='ocrx_word' id='word_1_493' title='bbox 2998 2773 3125 2828; x_wconf 86' lang='lat' dir='ltr'><strong>alia.</strong></span> <span class='ocrx_word' id='word_1_494' title='bbox 3156 2770 3289 2839; x_wconf 67' lang='lat' dir='ltr'><strong>Quae</strong></span> <span class='ocrx_word' id='word_1_495' title='bbox 3308 2785 3417 2826; x_wconf 87' lang='lat' dir='ltr'><strong>non</strong></span> <span class='ocrx_word' id='word_1_496' title='bbox 3438 2784 3563 2825; x_wconf 90' lang='lat' dir='ltr'><strong>esse</strong></span> <span class='ocrx_word' id='word_1_497' title='bbox 3584 2768 3788 2833; x_wconf 82' lang='lat' dir='ltr'><strong>otiosa,</strong></span> 
     </span>
    </p>
   </div>
   <div class='ocr_carea' id='block_1_71' title="bbox 2188 2862 3321 2934">
    <p class='ocr_par' dir='ltr' id='par_1_71' title="bbox 2188 2862 3321 2934">
     <span class='ocr_line' id='line_1_71' title="bbox 2188 2862 3321 2934; baseline -0.012 -5"><span class='ocrx_word' id='word_1_498' title='bbox 2188 2870 2426 2929; x_wconf 89' lang='lat' dir='ltr'><strong>ostendit</strong></span> <span class='ocrx_word' id='word_1_499' title='bbox 2453 2869 2668 2925; x_wconf 89' lang='lat' dir='ltr'><strong>instans</strong></span> <span class='ocrx_word' id='word_1_500' title='bbox 2696 2882 2879 2922; x_wconf 88' lang='lat' dir='ltr'><strong>rerum</strong></span> <span class='ocrx_word' id='word_1_501' title='bbox 2908 2862 3321 2934; x_wconf 86' lang='lat' dir='ltr'><strong>consequentia.</strong></span> 
     </span>
    </p>
   </div>
   <div class='ocr_carea' id='block_1_72' title="bbox 2257 2949 3711 3027">
    <p class='ocr_par' dir='ltr' id='par_1_72' title="bbox 2257 2949 3711 3027">
     <span class='ocr_line' id='line_1_72' title="bbox 2257 2949 3711 3027; baseline -0.011 -8"><span class='ocrx_word' id='word_1_502' title='bbox 2257 2961 2386 3019; x_wconf 76' lang='grc'><strong>455.</strong></span> <span class='ocrx_word' id='word_1_503' title='bbox 2479 2960 2534 3015; x_wconf 90' lang='grc'><strong>2.</strong></span> <span class='ocrx_word' id='word_1_504' title='bbox 2618 2957 2717 3027; x_wconf 84' lang='grc'><strong>11.</strong></span> <span class='ocrx_word' id='word_1_505' title='bbox 2813 2958 2867 3012; x_wconf 81' lang='lat'><strong>5.</strong></span> <span class='ocrx_word' id='word_1_506' title='bbox 2959 2956 3009 3010; x_wconf 89' lang='lat'><strong>7.</strong></span> <span class='ocrx_word' id='word_1_507' title='bbox 3094 2954 3186 3010; x_wconf 78' lang='grc'><strong>24.</strong></span> <span class='ocrx_word' id='word_1_508' title='bbox 3282 2953 3371 3008; x_wconf 89' lang='grc'><strong>14.</strong></span> <span class='ocrx_word' id='word_1_509' title='bbox 3468 2949 3559 3006; x_wconf 77' lang='lat'><strong>23.</strong></span> <span class='ocrx_word' id='word_1_510' title='bbox 3655 2949 3711 3004; x_wconf 90' lang='grc'><strong>4.</strong></span> 
     </span>
    </p>
   </div>
   <div class='ocr_carea' id='block_1_73' title="bbox 2261 3040 3789 3126">
    <p class='ocr_par' dir='ltr' id='par_1_73' title="bbox 2261 3040 3789 3126">
     <span class='ocr_line' id='line_1_73' title="bbox 2261 3040 3789 3126; baseline -0.009 -17"><span class='ocrx_word' id='word_1_511' title='bbox 2261 3052 2360 3126; x_wconf 84' lang='grc' dir='ltr'><strong>(ιι.</strong></span> <span class='ocrx_word' id='word_1_512' title='bbox 2390 3053 2488 3121; x_wconf 88' lang='lat' dir='ltr'><strong>m.)</strong></span> <span class='ocrx_word' id='word_1_513' title='bbox 2516 3049 2681 3107; x_wconf 83' lang='lat' dir='ltr'><strong>Attila</strong></span> <span class='ocrx_word' id='word_1_514' title='bbox 2706 3048 2991 3104; x_wconf 86' lang='lat' dir='ltr'><strong>Hunorum</strong></span> <span class='ocrx_word' id='word_1_515' title='bbox 3024 3062 3140 3113; x_wconf 82' lang='lat' dir='ltr'><strong>rex,</strong></span> <span class='ocrx_word' id='word_1_516' title='bbox 3167 3043 3497 3101; x_wconf 84' lang='lat' dir='ltr'><strong>Walameris</strong></span> <span class='ocrx_word' id='word_1_517' title='bbox 3522 3040 3789 3110; x_wconf 73' lang='lat' dir='ltr'><strong>Ostrogo-</strong></span> 
     </span>
    </p>
   </div>
   <div class='ocr_carea' id='block_1_74' title="bbox 2189 3133 3789 3217">
    <p class='ocr_par' dir='ltr' id='par_1_74' title="bbox 2189 3133 3789 3217">
     <span class='ocr_line' id='line_1_74' title="bbox 2189 3133 3789 3217; baseline -0.009 -15"><span class='ocrx_word' id='word_1_518' title='bbox 2189 3146 2412 3202; x_wconf 91' lang='lat' dir='ltr'><strong>thorum</strong></span> <span class='ocrx_word' id='word_1_519' title='bbox 2444 3144 2585 3217; x_wconf 84' lang='lat' dir='ltr'><strong>regis</strong></span> <span class='ocrx_word' id='word_1_520' title='bbox 2614 3151 2669 3198; x_wconf 91' lang='lat' dir='ltr'><strong>et</strong></span> <span class='ocrx_word' id='word_1_521' title='bbox 2692 3140 2939 3197; x_wconf 86' lang='lat' dir='ltr'><strong>Ardarici</strong></span> <span class='ocrx_word' id='word_1_522' title='bbox 2975 3138 3304 3211; x_wconf 86' lang='lat' dir='ltr'><strong>Gepidarum</strong></span> <span class='ocrx_word' id='word_1_523' title='bbox 3339 3134 3484 3208; x_wconf 82' lang='lat' dir='ltr'><strong>regis</strong></span> <span class='ocrx_word' id='word_1_524' title='bbox 3508 3143 3563 3190; x_wconf 92' lang='lat' dir='ltr'><strong>et</strong></span> <span class='ocrx_word' id='word_1_525' title='bbox 3588 3133 3789 3189; x_wconf 86' lang='lat' dir='ltr'><strong>multa-</strong></span> 
     </span>
    </p>
   </div>
   <div class='ocr_carea' id='block_1_75' title="bbox 2189 3224 3786 3309">
    <p class='ocr_par' dir='ltr' id='par_1_75' title="bbox 2189 3224 3786 3309">
     <span class='ocr_line' id='line_1_75' title="bbox 2189 3224 3786 3309; baseline -0.009 -15"><span class='ocrx_word' id='word_1_526' title='bbox 2189 3255 2313 3295; x_wconf 92' lang='lat' dir='ltr'><strong>rum</strong></span> <span class='ocrx_word' id='word_1_527' title='bbox 2352 3235 2754 3309; x_wconf 86' lang='lat' dir='ltr'><strong>aquilonarium</strong></span> <span class='ocrx_word' id='word_1_528' title='bbox 2779 3232 3020 3305; x_wconf 79' lang='lat' dir='ltr'><strong>gentium</strong></span> <span class='ocrx_word' id='word_1_529' title='bbox 3044 3231 3148 3288; x_wconf 91' lang='lat' dir='ltr'><strong>sibi</strong></span> <span class='ocrx_word' id='word_1_530' title='bbox 3176 3229 3547 3299; x_wconf 69' lang='lat' dir='ltr'><strong>subiectarum</strong></span> <span class='ocrx_word' id='word_1_531' title='bbox 3576 3224 3786 3281; x_wconf 83' lang='lat' dir='ltr'><strong>auxilio</strong></span> 
     </span>
    </p>
   </div>
   <div class='ocr_carea' id='block_1_76' title="bbox 2188 3318 3788 3398">
    <p class='ocr_par' dir='ltr' id='par_1_76' title="bbox 2188 3318 3788 3398">
     <span class='ocr_line' id='line_1_76' title="bbox 2188 3318 3788 3398; baseline -0.009 -11"><span class='ocrx_word' id='word_1_532' title='bbox 2188 3331 2378 3397; x_wconf 90' lang='lat' dir='ltr'><strong>fultus,</strong></span> <span class='ocrx_word' id='word_1_533' title='bbox 2415 3346 2447 3386; x_wconf 90' lang='lat' dir='ltr'><strong>a</strong></span> <span class='ocrx_word' id='word_1_534' title='bbox 2477 3327 2779 3384; x_wconf 89' lang='lat' dir='ltr'><strong>Pannoniis</strong></span> <span class='ocrx_word' id='word_1_535' title='bbox 2804 3341 3080 3398; x_wconf 89' lang='lat' dir='ltr'><strong>egressus,</strong></span> <span class='ocrx_word' id='word_1_536' title='bbox 3124 3321 3461 3379; x_wconf 78' lang='lat' dir='ltr'><strong>occidenlaic</strong></span> <span class='ocrx_word' id='word_1_537' title='bbox 3491 3318 3788 3390; x_wconf 79' lang='lat' dir='ltr'><strong>imperium</strong></span> 
     </span>
    </p>
   </div>
   <div class='ocr_carea' id='block_1_77' title="bbox 2188 3410 3791 3492">
    <p class='ocr_par' dir='ltr' id='par_1_77' title="bbox 2188 3410 3791 3492">
     <span class='ocr_line' id='line_1_77' title="bbox 2188 3410 3791 3492; baseline -0.009 -12"><span class='ocrx_word' id='word_1_538' title='bbox 2188 3425 2395 3480; x_wconf 84' lang='lat' dir='ltr'><strong>invadit</strong></span> <span class='ocrx_word' id='word_1_539' title='bbox 2423 3438 2548 3478; x_wconf 91' lang='lat' dir='ltr'><strong>cum</strong></span> <span class='ocrx_word' id='word_1_540' title='bbox 2580 3419 2895 3492; x_wconf 76' lang='lat' dir='ltr'><strong>quingentis</strong></span> <span class='ocrx_word' id='word_1_541' title='bbox 2925 3425 3261 3473; x_wconf 75' lang='lat' dir='ltr'><strong>amiatorum</strong></span> <span class='ocrx_word' id='word_1_542' title='bbox 3293 3413 3539 3469; x_wconf 85' lang='lat' dir='ltr'><strong>milibus.</strong></span> <span class='ocrx_word' id='word_1_543' title='bbox 3568 3410 3636 3466; x_wconf 83' lang='lat' dir='ltr'><strong>Et</strong></span> <span class='ocrx_word' id='word_1_544' title='bbox 3677 3411 3791 3481; x_wconf 85' lang='lat' dir='ltr'><strong>pri-</strong></span> 
     </span>
    </p>
   </div>
   <div class='ocr_carea' id='block_1_78' title="bbox 2187 3495 3785 3587">
    <p class='ocr_par' dir='ltr' id='par_1_78' title="bbox 2187 3495 3785 3587">
     <span class='ocr_line' id='line_1_78' title="bbox 2187 3495 3785 3587; baseline -0.009 -15"><span class='ocrx_word' id='word_1_545' title='bbox 2187 3533 2281 3572; x_wconf 92' lang='lat' dir='ltr'><strong>mo</strong></span> <span class='ocrx_word' id='word_1_546' title='bbox 2309 3495 2407 3587; x_wconf 75' lang='lat' dir='ltr'><strong>per</strong></span> <span class='ocrx_word' id='word_1_547' title='bbox 2430 3522 2575 3569; x_wconf 86' lang='lat' dir='ltr'><strong>totas</strong></span> <span class='ocrx_word' id='word_1_548' title='bbox 2597 3512 2822 3579; x_wconf 87' lang='lat' dir='ltr'><strong>Gallias,</strong></span> <span class='ocrx_word' id='word_1_549' title='bbox 2855 3519 3005 3567; x_wconf 87' lang='lat' dir='ltr'><strong>tanta</strong></span> <span class='ocrx_word' id='word_1_550' title='bbox 3034 3526 3130 3581; x_wconf 91' lang='lat' dir='ltr'><strong>per</strong></span> <span class='ocrx_word' id='word_1_551' title='bbox 3156 3523 3253 3564; x_wconf 90' lang='lat' dir='ltr'><strong>eos</strong></span> <span class='ocrx_word' id='word_1_552' title='bbox 3286 3506 3380 3562; x_wconf 90' lang='lat' dir='ltr'><strong>Dei</strong></span> <span class='ocrx_word' id='word_1_553' title='bbox 3410 3504 3666 3561; x_wconf 74' lang='lat' dir='ltr'><strong>efferbuit</strong></span> <span class='ocrx_word' id='word_1_554' title='bbox 3696 3504 3785 3558; x_wconf 91' lang='lat' dir='ltr'><strong>in-</strong></span> 
     </span>
    </p>
   </div>
   <div class='ocr_carea' id='block_1_79' title="bbox 2187 3593 3791 3680">
    <p class='ocr_par' dir='ltr' id='par_1_79' title="bbox 2187 3593 3791 3680">
     <span class='ocr_line' id='line_1_79' title="bbox 2187 3593 3791 3680; baseline -0.011 -15"><span class='ocrx_word' id='word_1_555' title='bbox 2187 3606 2453 3680; x_wconf 85' lang='lat' dir='ltr'><strong>dignatio,</strong></span> <span class='ocrx_word' id='word_1_556' title='bbox 2478 3614 2537 3660; x_wconf 92' lang='lat' dir='ltr'><strong>ut</strong></span> <span class='ocrx_word' id='word_1_557' title='bbox 2565 3605 2771 3660; x_wconf 89' lang='lat' dir='ltr'><strong>nullam</strong></span> <span class='ocrx_word' id='word_1_558' title='bbox 2797 3603 3022 3660; x_wconf 89' lang='lat' dir='ltr'><strong>omnino</strong></span> <span class='ocrx_word' id='word_1_559' title='bbox 3052 3601 3349 3665; x_wconf 88' lang='lat' dir='ltr'><strong>civitatem,</strong></span> <span class='ocrx_word' id='word_1_560' title='bbox 3380 3596 3670 3654; x_wconf 88' lang='lat' dir='ltr'><strong>castellum</strong></span> <span class='ocrx_word' id='word_1_561' title='bbox 3702 3593 3791 3649; x_wconf 78' lang='lat' dir='ltr'><strong>vel</strong></span> 
     </span>
    </p>
   </div>
   <div class='ocr_carea' id='block_1_80' title="bbox 2187 3685 3793 3770">
    <p class='ocr_par' dir='ltr' id='par_1_80' title="bbox 2187 3685 3793 3770">
     <span class='ocr_line' id='line_1_80' title="bbox 2187 3685 3793 3770; baseline -0.011 -15"><span class='ocrx_word' id='word_1_562' title='bbox 2187 3698 2447 3770; x_wconf 91' lang='lat' dir='ltr'><strong>oppidum</strong></span> <span class='ocrx_word' id='word_1_563' title='bbox 2474 3696 2657 3766; x_wconf 87' lang='lat' dir='ltr'><strong>aliqua</strong></span> <span class='ocrx_word' id='word_1_564' title='bbox 2691 3710 2722 3749; x_wconf 90' lang='lat' dir='ltr'><strong>a</strong></span> <span class='ocrx_word' id='word_1_565' title='bbox 2753 3692 2940 3749; x_wconf 90' lang='lat' dir='ltr'><strong>furore</strong></span> <span class='ocrx_word' id='word_1_566' title='bbox 2969 3707 3159 3747; x_wconf 88' lang='lat' dir='ltr'><strong>eorum</strong></span> <span class='ocrx_word' id='word_1_567' title='bbox 3192 3687 3431 3760; x_wconf 88' lang='lat' dir='ltr'><strong>potuerit</strong></span> <span class='ocrx_word' id='word_1_568' title='bbox 3461 3685 3625 3740; x_wconf 87' lang='lat' dir='ltr'><strong>tutari</strong></span> <span class='ocrx_word' id='word_1_569' title='bbox 3664 3700 3793 3738; x_wconf 86' lang='lat' dir='ltr'><strong>mu-</strong></span> 
     </span>
    </p>
   </div>
   <div class='ocr_carea' id='block_1_81' title="bbox 2188 3777 3790 3847">
    <p class='ocr_par' dir='ltr' id='par_1_81' title="bbox 2188 3777 3790 3847">
     <span class='ocr_line' id='line_1_81' title="bbox 2188 3777 3790 3847; baseline -0.009 -1"><span class='ocrx_word' id='word_1_570' title='bbox 2188 3790 2342 3847; x_wconf 90' lang='lat' dir='ltr'><strong>nitio.</strong></span> <span class='ocrx_word' id='word_1_571' title='bbox 2380 3788 2666 3844; x_wconf 87' lang='lat' dir='ltr'><strong>Postremo</strong></span> <span class='ocrx_word' id='word_1_572' title='bbox 2700 3785 3012 3842; x_wconf 86' lang='lat' dir='ltr'><strong>Aurelianis</strong></span> <span class='ocrx_word' id='word_1_573' title='bbox 3042 3784 3233 3838; x_wconf 90' lang='lat' dir='ltr'><strong>urbem</strong></span> <span class='ocrx_word' id='word_1_574' title='bbox 3263 3780 3345 3837; x_wconf 91' lang='lat' dir='ltr'><strong>eis</strong></span> <span class='ocrx_word' id='word_1_575' title='bbox 3381 3777 3790 3845; x_wconf 80' lang='lat' dir='ltr'><strong>obsidentibus,</strong></span> 
     </span>
    </p>
   </div>
   <div class='ocr_carea' id='block_1_82' title="bbox 2188 3869 3793 3944">
    <p class='ocr_par' dir='ltr' id='par_1_82' title="bbox 2188 3869 3793 3944">
     <span class='ocr_line' id='line_1_82' title="bbox 2188 3869 3793 3944; baseline -0.011 -4"><span class='ocrx_word' id='word_1_576' title='bbox 2188 3883 2256 3940; x_wconf 91' lang='lat' dir='ltr'><strong>ad</strong></span> <span class='ocrx_word' id='word_1_577' title='bbox 2286 3882 2595 3939; x_wconf 85' lang='lat' dir='ltr'><strong>subsidium</strong></span> <span class='ocrx_word' id='word_1_578' title='bbox 2630 3879 2929 3936; x_wconf 88' lang='lat' dir='ltr'><strong>Galliarum</strong></span> <span class='ocrx_word' id='word_1_579' title='bbox 2976 3875 3251 3933; x_wconf 84' lang='lat' dir='ltr'><strong>advolavit</strong></span> <span class='ocrx_word' id='word_1_580' title='bbox 3276 3873 3542 3944; x_wconf 87' lang='lat' dir='ltr'><strong>patricius</strong></span> <span class='ocrx_word' id='word_1_581' title='bbox 3578 3869 3793 3925; x_wconf 77' lang='lat' dir='ltr'><strong>Roma-</strong></span> 
     </span>
    </p>
   </div>
   <div class='ocr_carea' id='block_1_83' title="bbox 2188 3962 3795 4041">
    <p class='ocr_par' dir='ltr' id='par_1_83' title="bbox 2188 3962 3795 4041">
     <span class='ocr_line' id='line_1_83' title="bbox 2188 3962 3795 4041; baseline -0.009 -9"><span class='ocrx_word' id='word_1_582' title='bbox 2188 3990 2386 4032; x_wconf 89' lang='lat' dir='ltr'><strong>norum</strong></span> <span class='ocrx_word' id='word_1_583' title='bbox 2423 3973 2600 4041; x_wconf 82' lang='lat' dir='ltr'><strong>Elius,</strong></span> <span class='ocrx_word' id='word_1_584' title='bbox 2631 3972 2804 4028; x_wconf 90' lang='lat' dir='ltr'><strong>fultus</strong></span> <span class='ocrx_word' id='word_1_585' title='bbox 2838 3980 2891 4027; x_wconf 93' lang='lat' dir='ltr'><strong>et</strong></span> <span class='ocrx_word' id='word_1_586' title='bbox 2939 3969 3057 4040; x_wconf 90' lang='lat' dir='ltr'><strong>ipse</strong></span> <span class='ocrx_word' id='word_1_587' title='bbox 3093 3965 3416 4025; x_wconf 84' lang='lat' dir='ltr'><strong>Theoderici</strong></span> <span class='ocrx_word' id='word_1_588' title='bbox 3446 3962 3795 4033; x_wconf 78' lang='lat' dir='ltr'><strong>Wisigotha-</strong></span> 
     </span>
    </p>
   </div>
   <div class='ocr_carea' id='block_1_84' title="bbox 2189 4058 3793 4138">
    <p class='ocr_par' dir='ltr' id='par_1_84' title="bbox 2189 4058 3793 4138">
     <span class='ocr_line' id='line_1_84' title="bbox 2189 4058 3793 4138; baseline -0.007 -16"><span class='ocrx_word' id='word_1_589' title='bbox 2189 4083 2311 4122; x_wconf 89' lang='lat' dir='ltr'><strong>rum</strong></span> <span class='ocrx_word' id='word_1_590' title='bbox 2342 4065 2485 4138; x_wconf 84' lang='lat' dir='ltr'><strong>regis</strong></span> <span class='ocrx_word' id='word_1_591' title='bbox 2513 4074 2567 4121; x_wconf 90' lang='lat' dir='ltr'><strong>et</strong></span> <span class='ocrx_word' id='word_1_592' title='bbox 2594 4063 2862 4120; x_wconf 86' lang='lat' dir='ltr'><strong>Meroveci</strong></span> <span class='ocrx_word' id='word_1_593' title='bbox 2892 4060 3231 4117; x_wconf 86' lang='lat' dir='ltr'><strong>Francorum</strong></span> <span class='ocrx_word' id='word_1_594' title='bbox 3268 4059 3412 4130; x_wconf 83' lang='lat' dir='ltr'><strong>regis</strong></span> <span class='ocrx_word' id='word_1_595' title='bbox 3443 4058 3793 4125; x_wconf 87' lang='lat' dir='ltr'><strong>aliarumque</strong></span> 
     </span>
    </p>
   </div>
   <div class='ocr_carea' id='block_1_85' title="bbox 2189 4147 3789 4230">
    <p class='ocr_par' dir='ltr' id='par_1_85' title="bbox 2189 4147 3789 4230">
     <span class='ocr_line' id='line_1_85' title="bbox 2189 4147 3789 4230; baseline -0.006 -18"><span class='ocrx_word' id='word_1_596' title='bbox 2189 4157 2432 4230; x_wconf 87' lang='lat' dir='ltr'><strong>gentium</strong></span> <span class='ocrx_word' id='word_1_597' title='bbox 2462 4155 2636 4226; x_wconf 90' lang='lat' dir='ltr'><strong>copiis</strong></span> <span class='ocrx_word' id='word_1_598' title='bbox 2663 4153 3013 4209; x_wconf 87' lang='lat' dir='ltr'><strong>militaribus.</strong></span> <span class='ocrx_word' id='word_1_599' title='bbox 3043 4150 3310 4208; x_wconf 89' lang='lat' dir='ltr'><strong>Conserto</strong></span> <span class='ocrx_word' id='word_1_600' title='bbox 3338 4150 3510 4221; x_wconf 89' lang='lat' dir='ltr'><strong>prelio</strong></span> <span class='ocrx_word' id='word_1_601' title='bbox 3541 4147 3594 4202; x_wconf 92' lang='lat' dir='ltr'><strong>in</strong></span> <span class='ocrx_word' id='word_1_602' title='bbox 3629 4163 3789 4202; x_wconf 87' lang='lat' dir='ltr'><strong>cam-</strong></span> 
     </span>
    </p>
   </div>
   <div class='ocr_carea' id='block_1_86' title="bbox 2189 4239 3793 4319">
    <p class='ocr_par' dir='ltr' id='par_1_86' title="bbox 2189 4239 3793 4319">
     <span class='ocr_line' id='line_1_86' title="bbox 2189 4239 3793 4319; baseline -0.006 -17"><span class='ocrx_word' id='word_1_603' title='bbox 2189 4248 2272 4319; x_wconf 89' lang='lat' dir='ltr'><strong>pis</strong></span> <span class='ocrx_word' id='word_1_604' title='bbox 2299 4246 2692 4312; x_wconf 85' lang='lat' dir='ltr'><strong>Catalaunicis,</strong></span> <span class='ocrx_word' id='word_1_605' title='bbox 2727 4253 3030 4317; x_wconf 87' lang='lat' dir='ltr'><strong>pugnatum</strong></span> <span class='ocrx_word' id='word_1_606' title='bbox 3058 4251 3141 4299; x_wconf 89' lang='lat' dir='ltr'><strong>est</strong></span> <span class='ocrx_word' id='word_1_607' title='bbox 3166 4257 3342 4313; x_wconf 87' lang='lat' dir='ltr'><strong>usque</strong></span> <span class='ocrx_word' id='word_1_608' title='bbox 3373 4240 3441 4296; x_wconf 90' lang='lat' dir='ltr'><strong>ad</strong></span> <span class='ocrx_word' id='word_1_609' title='bbox 3466 4239 3793 4309; x_wconf 84' lang='lat' dir='ltr'><strong>diremptio-</strong></span> 
     </span>
    </p>
   </div>
   <div class='ocr_carea' id='block_1_87' title="bbox 2138 4329 3789 4407">
    <p class='ocr_par' dir='ltr' id='par_1_87' title="bbox 2138 4329 3789 4407">
     <span class='ocr_line' id='line_1_87' title="bbox 2138 4329 3789 4407; baseline -0.006 -13"><span class='ocrx_word' id='word_1_610' title='bbox 2138 4335 2142 4339; x_wconf 58' lang='grc'><em>“</em></span> <span class='ocrx_word' id='word_1_611' title='bbox 2189 4352 2312 4394; x_wconf 91' lang='lat' dir='ltr'><strong>nem</strong></span> <span class='ocrx_word' id='word_1_612' title='bbox 2343 4338 2540 4394; x_wconf 89' lang='lat' dir='ltr'><strong>noctis.</strong></span> <span class='ocrx_word' id='word_1_613' title='bbox 2573 4336 2729 4393; x_wconf 86' lang='lat' dir='ltr'><strong>Etius</strong></span> <span class='ocrx_word' id='word_1_614' title='bbox 2760 4336 3012 4407; x_wconf 91' lang='lat' dir='ltr'><strong>superior</strong></span> <span class='ocrx_word' id='word_1_615' title='bbox 3038 4334 3259 4405; x_wconf 88' lang='lat' dir='ltr'><strong>quidem</strong></span> <span class='ocrx_word' id='word_1_616' title='bbox 3286 4331 3533 4398; x_wconf 89' lang='lat' dir='ltr'><strong>recessit,</strong></span> <span class='ocrx_word' id='word_1_617' title='bbox 3559 4329 3789 4384; x_wconf 80' lang='lat' dir='ltr'><strong>Attilam</strong></span> 
     </span>
    </p>
   </div>
   <div class='ocr_carea' id='block_1_88' title="bbox 2186 4419 3791 4500">
    <p class='ocr_par' dir='ltr' id='par_1_88' title="bbox 2186 4419 3791 4500">
     <span class='ocr_line' id='line_1_88' title="bbox 2186 4419 3791 4500; baseline -0.007 -15"><span class='ocrx_word' id='word_1_618' title='bbox 2186 4439 2370 4485; x_wconf 90' lang='lat' dir='ltr'><strong>tamen</strong></span> <span class='ocrx_word' id='word_1_619' title='bbox 2422 4445 2530 4485; x_wconf 92' lang='lat' dir='ltr'><strong>non</strong></span> <span class='ocrx_word' id='word_1_620' title='bbox 2577 4444 2753 4500; x_wconf 88' lang='lat' dir='ltr'><strong>usque</strong></span> <span class='ocrx_word' id='word_1_621' title='bbox 2795 4428 2867 4483; x_wconf 88' lang='lat' dir='ltr'><strong>ad</strong></span> <span class='ocrx_word' id='word_1_622' title='bbox 2915 4425 3342 4482; x_wconf 83' lang='lat' dir='ltr'><strong>internecionem</strong></span> <span class='ocrx_word' id='word_1_623' title='bbox 3376 4422 3591 4479; x_wconf 73' lang='lat' dir='ltr'><strong>delevit.</strong></span> <span class='ocrx_word' id='word_1_624' title='bbox 3629 4419 3791 4475; x_wconf 73' lang='lat' dir='ltr'><strong>Cmsa</strong></span> 
     </span>
    </p>
   </div>
   <div class='ocr_carea' id='block_1_89' title="bbox 490 4510 3793 4616">
    <p class='ocr_par' dir='ltr' id='par_1_89' title="bbox 490 4510 3793 4616">
     <span class='ocr_line' id='line_1_89' title="bbox 490 4510 3793 4616; baseline -0.005 -32"><span class='ocrx_word' id='word_1_625' title='bbox 490 4510 794 4613; x_wconf 60' lang='grc' dir='ltr'><strong>Πειηίωιιξε</strong></span> <span class='ocrx_word' id='word_1_626' title='bbox 813 4511 1061 4616; x_wconf 54' lang='grc' dir='ltr'><strong>ξωξξθηι</strong></span> <span class='ocrx_word' id='word_1_627' title='bbox 1088 4510 1254 4616; x_wconf 50' lang='lat' dir='ltr'><strong>agnis‘</strong></span> <span class='ocrx_word' id='word_1_628' title='bbox 1276 4510 1319 4616; x_wconf 55' lang='lat'><strong>&#39;7</strong></span> <span class='ocrx_word' id='word_1_629' title='bbox 1345 4511 1412 4579; x_wconf 68' lang='grc' dir='ltr'><strong>³’ν</strong></span> <span class='ocrx_word' id='word_1_630' title='bbox 1433 4527 1570 4616; x_wconf 59' lang='lat' dir='ltr'><strong>fum</strong></span> <span class='ocrx_word' id='word_1_631' title='bbox 1604 4528 1717 4584; x_wconf 86' lang='lat' dir='ltr'><strong>quo</strong></span> <span class='ocrx_word' id='word_1_632' title='bbox 1748 4512 2087 4570; x_wconf 54' lang='lat' dir='ltr'><strong>V&#39;alelllillia-</strong></span> <span class='ocrx_word' id='word_1_633' title='bbox 2118 4561 2162 4616; x_wconf 67' lang='grc' dir='ltr'><strong>Β</strong></span> <span class='ocrx_word' id='word_1_634' title='bbox 2190 4531 2318 4577; x_wconf 91' lang='lat' dir='ltr'><strong>sunt</strong></span> <span class='ocrx_word' id='word_1_635' title='bbox 2344 4521 2420 4576; x_wconf 92' lang='lat' dir='ltr'><strong>ibi</strong></span> <span class='ocrx_word' id='word_1_636' title='bbox 2450 4530 2671 4577; x_wconf 88' lang='lat' dir='ltr'><strong>centum</strong></span> <span class='ocrx_word' id='word_1_637' title='bbox 2700 4520 2975 4590; x_wconf 78' lang='lat' dir='ltr'><strong>octoginta</strong></span> <span class='ocrx_word' id='word_1_638' title='bbox 3012 4518 3163 4572; x_wconf 88' lang='lat' dir='ltr'><strong>milia</strong></span> <span class='ocrx_word' id='word_1_639' title='bbox 3194 4524 3559 4588; x_wconf 82' lang='lat' dir='ltr'><strong>pugnatorum</strong></span> <span class='ocrx_word' id='word_1_640' title='bbox 3584 4532 3597 4581; x_wconf 92' lang='lat'><strong>;</strong></span> <span class='ocrx_word' id='word_1_641' title='bbox 3643 4513 3793 4567; x_wconf 87' lang='lat' dir='ltr'><strong>inter</strong></span> 
     </span>
    </p>
   </div>
   <div class='ocr_carea' id='block_1_90' title="bbox 490 4598 2081 4673">
    <p class='ocr_par' dir='ltr' id='par_1_90' title="bbox 490 4598 2081 4673">
     <span class='ocr_line' id='line_1_90' title="bbox 490 4598 2081 4673; baseline 0.004 -18"><span class='ocrx_word' id='word_1_642' title='bbox 490 4617 598 4658; x_wconf 86' lang='lat' dir='ltr'><strong>nus</strong></span> <span class='ocrx_word' id='word_1_643' title='bbox 624 4600 786 4657; x_wconf 92' lang='lat' dir='ltr'><strong>annis</strong></span> <span class='ocrx_word' id='word_1_644' title='bbox 810 4601 864 4657; x_wconf 85' lang='lat'><strong>5.</strong></span> <span class='ocrx_word' id='word_1_645' title='bbox 895 4598 1076 4673; x_wconf 81' lang='lat' dir='ltr'><strong>(Vter.</strong></span> <span class='ocrx_word' id='word_1_646' title='bbox 1112 4599 1333 4673; x_wconf 81' lang='lat' dir='ltr'><strong>Vrr.)in</strong></span> <span class='ocrx_word' id='word_1_647' title='bbox 1380 4601 1562 4658; x_wconf 82' lang='lat' dir='ltr'><strong>Africa</strong></span> <span class='ocrx_word' id='word_1_648' title='bbox 1600 4603 2081 4662; x_wconf 71' lang='lat' dir='ltr'><strong>exardescentibus</strong></span> 
     </span>
    </p>
   </div>
   <div class='ocr_carea' id='block_1_91' title="bbox 489 4690 2078 4762">
    <p class='ocr_par' dir='ltr' id='par_1_91' title="bbox 489 4690 2078 4762">
     <span class='ocr_line' id='line_1_91' title="bbox 489 4690 2078 4762; baseline 0.003 -15"><span class='ocrx_word' id='word_1_649' title='bbox 489 4690 775 4748; x_wconf 85' lang='lat' dir='ltr'><strong>Wandalis</strong></span> <span class='ocrx_word' id='word_1_650' title='bbox 801 4691 898 4762; x_wconf 89' lang='lat' dir='ltr'><strong>ita,</strong></span> <span class='ocrx_word' id='word_1_651' title='bbox 930 4700 992 4748; x_wconf 90' lang='lat' dir='ltr'><strong>ut</strong></span> <span class='ocrx_word' id='word_1_652' title='bbox 1019 4693 1188 4750; x_wconf 90' lang='lat' dir='ltr'><strong>libros</strong></span> <span class='ocrx_word' id='word_1_653' title='bbox 1218 4692 1434 4749; x_wconf 89' lang='lat' dir='ltr'><strong>divinos</strong></span> <span class='ocrx_word' id='word_1_654' title='bbox 1462 4704 1755 4751; x_wconf 80' lang='lat' dir='ltr'><strong>exurerent</strong></span> <span class='ocrx_word' id='word_1_655' title='bbox 1788 4704 1843 4751; x_wconf 89' lang='lat' dir='ltr'><strong>et</strong></span> <span class='ocrx_word' id='word_1_656' title='bbox 1884 4696 1950 4751; x_wconf 90' lang='lat' dir='ltr'><strong>de</strong></span> <span class='ocrx_word' id='word_1_657' title='bbox 1985 4713 2078 4753; x_wconf 88' lang='lat' dir='ltr'><strong>sa-</strong></span> 
     </span>
    </p>
   </div>
   <div class='ocr_carea' id='block_1_92' title="bbox 489 4784 2083 4856">
    <p class='ocr_par' dir='ltr' id='par_1_92' title="bbox 489 4784 2083 4856">
     <span class='ocr_line' id='line_1_92' title="bbox 489 4784 2083 4856; baseline 0.003 -15"><span class='ocrx_word' id='word_1_658' title='bbox 489 4784 602 4841; x_wconf 84' lang='lat' dir='ltr'><strong>cris</strong></span> <span class='ocrx_word' id='word_1_659' title='bbox 628 4784 787 4856; x_wconf 89' lang='lat' dir='ltr'><strong>pallis</strong></span> <span class='ocrx_word' id='word_1_660' title='bbox 813 4802 880 4842; x_wconf 90' lang='lat' dir='ltr'><strong>ac</strong></span> <span class='ocrx_word' id='word_1_661' title='bbox 904 4786 1147 4842; x_wconf 89' lang='lat' dir='ltr'><strong>vestibus</strong></span> <span class='ocrx_word' id='word_1_662' title='bbox 1183 4793 1359 4842; x_wconf 88' lang='lat' dir='ltr'><strong>vestes</strong></span> <span class='ocrx_word' id='word_1_663' title='bbox 1396 4786 1501 4843; x_wconf 88' lang='lat' dir='ltr'><strong>sibi</strong></span> <span class='ocrx_word' id='word_1_664' title='bbox 1535 4786 1796 4855; x_wconf 86' lang='lat' dir='ltr'><strong>facerent,</strong></span> <span class='ocrx_word' id='word_1_665' title='bbox 1845 4787 2083 4845; x_wconf 81' lang='lat' dir='ltr'><strong>Valeria-</strong></span> 
     </span>
    </p>
   </div>
   <div class='ocr_carea' id='block_1_93' title="bbox 491 4875 2080 4949">
    <p class='ocr_par' dir='ltr' id='par_1_93' title="bbox 491 4875 2080 4949">
     <span class='ocr_line' id='line_1_93' title="bbox 491 4875 2080 4949; baseline 0.001 -16"><span class='ocrx_word' id='word_1_666' title='bbox 491 4892 599 4934; x_wconf 88' lang='lat' dir='ltr'><strong>nus</strong></span> <span class='ocrx_word' id='word_1_667' title='bbox 645 4877 940 4949; x_wconf 86' lang='lat' dir='ltr'><strong>episcopus</strong></span> <span class='ocrx_word' id='word_1_668' title='bbox 983 4875 1387 4949; x_wconf 84' lang='lat' dir='ltr'><strong>octogenarius,</strong></span> <span class='ocrx_word' id='word_1_669' title='bbox 1431 4878 1625 4933; x_wconf 86' lang='lat' dir='ltr'><strong>nolens</strong></span> <span class='ocrx_word' id='word_1_670' title='bbox 1665 4878 1848 4934; x_wconf 86' lang='lat' dir='ltr'><strong>divina</strong></span> <span class='ocrx_word' id='word_1_671' title='bbox 1892 4895 2080 4935; x_wconf 84' lang='lat' dir='ltr'><strong>sacra-</strong></span> 
     </span>
    </p>
   </div>
   <div class='ocr_carea' id='block_1_94' title="bbox 490 4968 2082 5041">
    <p class='ocr_par' dir='ltr' id='par_1_94' title="bbox 490 4968 2082 5041">
     <span class='ocr_line' id='line_1_94' title="bbox 490 4968 2082 5041; baseline 0 -15"><span class='ocrx_word' id='word_1_672' title='bbox 490 4977 673 5026; x_wconf 85' lang='lat' dir='ltr'><strong>menta</strong></span> <span class='ocrx_word' id='word_1_673' title='bbox 702 4969 951 5041; x_wconf 85' lang='lat' dir='ltr'><strong>profanis</strong></span> <span class='ocrx_word' id='word_1_674' title='bbox 977 4971 1207 5038; x_wconf 87' lang='lat' dir='ltr'><strong>tradere,</strong></span> <span class='ocrx_word' id='word_1_675' title='bbox 1236 4985 1268 5025; x_wconf 92' lang='lat' dir='ltr'><strong>a</strong></span> <span class='ocrx_word' id='word_1_676' title='bbox 1295 4984 1420 5040; x_wconf 85' lang='lat' dir='ltr'><strong>rege</strong></span> <span class='ocrx_word' id='word_1_677' title='bbox 1446 4968 1742 5025; x_wconf 87' lang='lat' dir='ltr'><strong>Genserico</strong></span> <span class='ocrx_word' id='word_1_678' title='bbox 1769 4968 1919 5024; x_wconf 89' lang='lat' dir='ltr'><strong>omni</strong></span> <span class='ocrx_word' id='word_1_679' title='bbox 1950 4970 2082 5026; x_wconf 87' lang='lat' dir='ltr'><strong>urbe</strong></span> 
     </span>
    </p>
   </div>
   <div class='ocr_carea' id='block_1_95' title="bbox 2186 4604 3786 4683">
    <p class='ocr_par' dir='ltr' id='par_1_95' title="bbox 2186 4604 3786 4683">
     <span class='ocr_line' id='line_1_95' title="bbox 2186 4604 3786 4683; baseline -0.006 -17"><span class='ocrx_word' id='word_1_680' title='bbox 2186 4628 2327 4683; x_wconf 91' lang='lat' dir='ltr'><strong>quos</strong></span> <span class='ocrx_word' id='word_1_681' title='bbox 2360 4612 2524 4668; x_wconf 87' lang='lat' dir='ltr'><strong>etiam</strong></span> <span class='ocrx_word' id='word_1_682' title='bbox 2557 4611 2757 4668; x_wconf 89' lang='lat' dir='ltr'><strong>cecidit</strong></span> <span class='ocrx_word' id='word_1_683' title='bbox 2798 4608 3162 4665; x_wconf 83' lang='lat' dir='ltr'><strong>Theoderilus</strong></span> <span class='ocrx_word' id='word_1_684' title='bbox 3191 4624 3289 4662; x_wconf 88' lang='lat' dir='ltr'><strong>rex</strong></span> <span class='ocrx_word' id='word_1_685' title='bbox 3320 4604 3786 4675; x_wconf 78' lang='lat' dir='ltr'><strong>Wisigotharum.</strong></span> 
     </span>
    </p>
   </div>
   <div class='ocr_carea' id='block_1_96' title="bbox 2186 4692 3790 4779">
    <p class='ocr_par' dir='ltr' id='par_1_96' title="bbox 2186 4692 3790 4779">
     <span class='ocr_line' id='line_1_96' title="bbox 2186 4692 3790 4779; baseline -0.021 -3"><span class='ocrx_word' id='word_1_686' title='bbox 2186 4701 2375 4771; x_wconf 66' lang='grc' dir='ltr'><strong>Αιῑίιίιν</strong></span> <span class='ocrx_word' id='word_1_687' title='bbox 2422 4712 2700 4772; x_wconf 69' lang='lat' dir='ltr'><strong>resumpta</strong></span> <span class='ocrx_word' id='word_1_688' title='bbox 2739 4716 2835 4779; x_wconf 85' lang='lat' dir='ltr'><strong>spe</strong></span> <span class='ocrx_word' id='word_1_689' title='bbox 2868 4716 2936 4755; x_wconf 85' lang='lat' dir='ltr'><strong>ex</strong></span> <span class='ocrx_word' id='word_1_690' title='bbox 2978 4698 3084 4753; x_wconf 89' lang='lat' dir='ltr'><strong>Etii</strong></span> <span class='ocrx_word' id='word_1_691' title='bbox 3124 4698 3404 4762; x_wconf 91' lang='lat' dir='ltr'><strong>discessu,</strong></span> <span class='ocrx_word' id='word_1_692' title='bbox 3443 4692 3790 4764; x_wconf 75' lang='lat' dir='ltr'><strong>rcpatriavit,</strong></span> 
     </span>
    </p>
   </div>
   <div class='ocr_carea' id='block_1_97' title="bbox 2188 4781 3794 4864">
    <p class='ocr_par' dir='ltr' id='par_1_97' title="bbox 2188 4781 3794 4864">
     <span class='ocr_line' id='line_1_97' title="bbox 2188 4781 3794 4864; baseline -0.009 -15"><span class='ocrx_word' id='word_1_693' title='bbox 2188 4803 2402 4849; x_wconf 90' lang='lat' dir='ltr'><strong>mature</strong></span> <span class='ocrx_word' id='word_1_694' title='bbox 2430 4794 2708 4850; x_wconf 90' lang='lat' dir='ltr'><strong>rediturus</strong></span> <span class='ocrx_word' id='word_1_695' title='bbox 2733 4793 2982 4864; x_wconf 85' lang='lat' dir='ltr'><strong>suppleto</strong></span> <span class='ocrx_word' id='word_1_696' title='bbox 3005 4791 3248 4846; x_wconf 89' lang='lat' dir='ltr'><strong>exercitu</strong></span> <span class='ocrx_word' id='word_1_697' title='bbox 3273 4786 3442 4862; x_wconf 87' lang='grc'><strong>(160).</strong></span> <span class='ocrx_word' id='word_1_698' title='bbox 3477 4782 3611 4856; x_wconf 85' lang='lat' dir='ltr'><strong>(1b.)</strong></span> <span class='ocrx_word' id='word_1_699' title='bbox 3640 4781 3794 4836; x_wconf 87' lang='lat' dir='ltr'><strong>Thu-</strong></span> 
     </span>
    </p>
   </div>
   <div class='ocr_carea' id='block_1_98' title="bbox 2189 4876 3788 4953">
    <p class='ocr_par' dir='ltr' id='par_1_98' title="bbox 2189 4876 3788 4953">
     <span class='ocr_line' id='line_1_98' title="bbox 2189 4876 3788 4953; baseline -0.009 -12"><span class='ocrx_word' id='word_1_700' title='bbox 2189 4886 2466 4942; x_wconf 91' lang='lat' dir='ltr'><strong>rismodus</strong></span> <span class='ocrx_word' id='word_1_701' title='bbox 2501 4885 2648 4942; x_wconf 77' lang='lat' dir='ltr'><strong>[ilius</strong></span> <span class='ocrx_word' id='word_1_702' title='bbox 2695 4884 3007 4941; x_wconf 89' lang='lat' dir='ltr'><strong>Theoderiti</strong></span> <span class='ocrx_word' id='word_1_703' title='bbox 3058 4896 3290 4953; x_wconf 86' lang='lat' dir='ltr'><strong>regnum</strong></span> <span class='ocrx_word' id='word_1_704' title='bbox 3350 4876 3788 4948; x_wconf 81' lang='lat' dir='ltr'><strong>Wisigotharum</strong></span> 
     </span>
    </p>
   </div>
   <div class='ocr_carea' id='block_1_99' title="bbox 2188 4962 3792 5048">
    <p class='ocr_par' dir='ltr' id='par_1_99' title="bbox 2188 4962 3792 5048">
     <span class='ocr_line' id='line_1_99' title="bbox 2188 4962 3792 5048; baseline -0.008 -17"><span class='ocrx_word' id='word_1_705' title='bbox 2188 4962 2460 5048; x_wconf 74' lang='lat' dir='ltr'><strong>suscepit,</strong></span> <span class='ocrx_word' id='word_1_706' title='bbox 2502 4977 2773 5047; x_wconf 88' lang='lat' dir='ltr'><strong>annisque</strong></span> <span class='ocrx_word' id='word_1_707' title='bbox 2796 4975 2831 5032; x_wconf 76' lang='grc' dir='ltr'>ὅ</span> <span class='ocrx_word' id='word_1_708' title='bbox 2861 4973 3128 5047; x_wconf 82' lang='lat' dir='ltr'><strong>regnavit.</strong></span> <span class='ocrx_word' id='word_1_709' title='bbox 3173 4971 3268 5046; x_wconf 89' lang='lat' dir='ltr'><strong>(V.</strong></span> <span class='ocrx_word' id='word_1_710' title='bbox 3305 4967 3537 5039; x_wconf 83' lang='lat' dir='ltr'><strong>Servat.)</strong></span> <span class='ocrx_word' id='word_1_711' title='bbox 3570 4964 3792 5037; x_wconf 69' lang='lat' dir='ltr'><strong>Nycha—</strong></span> 
     </span>
    </p>
   </div>
   <div class='ocr_carea' id='block_1_100' title="bbox 1802 5082 2487 5147">
    <p class='ocr_par' dir='ltr' id='par_1_100' title="bbox 1802 5082 2487 5147">
     <span class='ocr_line' id='line_1_100' title="bbox 1802 5082 2487 5147; baseline 0.013 -11"><span class='ocrx_word' id='word_1_712' title='bbox 1802 5082 2034 5138; x_wconf 66' lang='lat' dir='ltr'><strong>VAIUA&#39;I</strong></span> <span class='ocrx_word' id='word_1_713' title='bbox 2075 5087 2487 5147; x_wconf 77' lang='lat' dir='ltr'><strong>LECTIONES.</strong></span> 
     </span>
    </p>
   </div>
   <div class='ocr_carea' id='block_1_101' title="bbox 564 5172 3903 5250">
    <p class='ocr_par' dir='ltr' id='par_1_101' title="bbox 564 5172 3903 5250">
     <span class='ocr_line' id='line_1_101' title="bbox 564 5172 3903 5250; baseline 0 -23"><span class='ocrx_word' id='word_1_714' title='bbox 564 5174 609 5208; x_wconf 66' lang='grc' dir='ltr'><strong><em>δ’</em></strong></span> <span class='ocrx_word' id='word_1_715' title='bbox 648 5174 727 5228; x_wconf 80' lang='lat' dir='ltr'><strong>ita</strong></span> <span class='ocrx_word' id='word_1_716' title='bbox 756 5189 902 5250; x_wconf 62' lang='lat' dir='ltr'><strong>corr.</strong></span> <span class='ocrx_word' id='word_1_717' title='bbox 938 5172 1114 5250; x_wconf 80' lang='lat' dir='ltr'><strong>Sigeb.</strong></span> <span class='ocrx_word' id='word_1_718' title='bbox 1149 5172 1288 5250; x_wconf 70' lang='lat' dir='ltr'><strong>quod</strong></span> <span class='ocrx_word' id='word_1_719' title='bbox 1316 5172 1701 5250; x_wconf 35' lang='lat' dir='ltr'><strong>primo“</strong></span> <span class='ocrx_word' id='word_1_720' title='bbox 1729 5174 2034 5250; x_wconf 59' lang='lat' dir='ltr'><strong>sgrjpserqt.</strong></span> <span class='ocrx_word' id='word_1_721' title='bbox 2071 5176 2256 5250; x_wconf 76' lang='lat' dir='ltr'><strong>XLIIII</strong></span> <span class='ocrx_word' id='word_1_722' title='bbox 2283 5180 2473 5236; x_wconf 76' lang='lat' dir='ltr'><strong>habent</strong></span> <span class='ocrx_word' id='word_1_723' title='bbox 2509 5180 2607 5237; x_wconf 84' lang='lat' dir='ltr'><strong>Ci.</strong></span> <span class='ocrx_word' id='word_1_724' title='bbox 2640 5181 2717 5235; x_wconf 74' lang='lat'><strong>2‘.</strong></span> <span class='ocrx_word' id='word_1_725' title='bbox 2748 5182 2800 5236; x_wconf 76' lang='grc'><strong>5.</strong></span> <span class='ocrx_word' id='word_1_726' title='bbox 2840 5179 2903 5234; x_wconf 90' lang='lat' dir='ltr'><strong>D.</strong></span> <span class='ocrx_word' id='word_1_727' title='bbox 2943 5178 3005 5234; x_wconf 87' lang='lat' dir='ltr'><strong>E.</strong></span> <span class='ocrx_word' id='word_1_728' title='bbox 3040 5178 3350 5250; x_wconf 84' lang='lat' dir='ltr'><strong>Germanus</strong></span> <span class='ocrx_word' id='word_1_729' title='bbox 3375 5173 3789 5250; x_wconf 26' lang='lat' dir='ltr'><strong>f‘conﬂigunt</strong></span> <span class='ocrx_word' id='word_1_730' title='bbox 3900 5206 3903 5209; x_wconf 97' lang='lat'><strong><em>-</em></strong></span> 
     </span>
    </p>
   </div>
   <div class='ocr_carea' id='block_1_102' title="bbox 490 5243 3787 5328">
    <p class='ocr_par' dir='ltr' id='par_1_102' title="bbox 490 5243 3787 5328">
     <span class='ocr_line' id='line_1_102' title="bbox 490 5243 3787 5328; baseline -0.001 -29"><span class='ocrx_word' id='word_1_731' title='bbox 490 5246 680 5300; x_wconf 75' lang='lat' dir='ltr'><strong>desunt</strong></span> <span class='ocrx_word' id='word_1_732' title='bbox 704 5244 788 5328; x_wconf 77' lang='lat' dir='ltr'><strong>ed.</strong></span> <span class='ocrx_word' id='word_1_733' title='bbox 821 5261 904 5315; x_wconf 88' lang='lat' dir='ltr'><strong>pr.</strong></span> <span class='ocrx_word' id='word_1_734' title='bbox 926 5253 984 5327; x_wconf 72' lang='lat' dir='ltr'><strong>et</strong></span> <span class='ocrx_word' id='word_1_735' title='bbox 1005 5243 1126 5299; x_wconf 63' lang='lat' dir='ltr'><strong>sine</strong></span> <span class='ocrx_word' id='word_1_736' title='bbox 1145 5243 1444 5328; x_wconf 22' lang='lat' dir='ltr'><strong>dubio’jam</strong></span> <span class='ocrx_word' id='word_1_737' title='bbox 1757 5243 1898 5328; x_wconf 64' lang='grc' dir='ltr'><strong>Εὸὴἱ</strong></span> <span class='ocrx_word' id='word_1_738' title='bbox 1971 5245 2305 5328; x_wconf 31' lang='lat' dir='ltr'><strong>“‘Apudu—</strong></span> <span class='ocrx_word' id='word_1_739' title='bbox 2325 5251 2549 5328; x_wconf 84' lang='lat' dir='ltr'><strong>Christo</strong></span> <span class='ocrx_word' id='word_1_740' title='bbox 2581 5252 2813 5328; x_wconf 60' lang='lat' dir='ltr'><strong>primum</strong></span> <span class='ocrx_word' id='word_1_741' title='bbox 2856 5251 3013 5328; x_wconf 70' lang='lat' dir='ltr'><strong>unius</strong></span> <span class='ocrx_word' id='word_1_742' title='bbox 3049 5259 3106 5328; x_wconf 68' lang='lat' dir='ltr'><strong>et</strong></span> <span class='ocrx_word' id='word_1_743' title='bbox 3139 5248 3381 5328; x_wconf 59' lang='lat' dir='ltr'><strong>diuzigicp</strong></span> <span class='ocrx_word' id='word_1_744' title='bbox 3419 5245 3575 5300; x_wconf 73' lang='lat' dir='ltr'><strong>linea:</strong></span> <span class='ocrx_word' id='word_1_745' title='bbox 3606 5243 3787 5328; x_wconf 71' lang='grc' dir='ltr'><strong>δρᾷιξο</strong></span> 
     </span>
    </p>
   </div>
   <div class='ocr_carea' id='block_1_103' title="bbox 491 5313 3787 5399">
    <p class='ocr_par' dir='ltr' id='par_1_103' title="bbox 491 5313 3787 5399">
     <span class='ocr_line' id='line_1_103' title="bbox 491 5313 3787 5399; baseline 0 -30"><span class='ocrx_word' id='word_1_746' title='bbox 491 5313 886 5399; x_wconf 55' lang='lat' dir='ltr'><strong>comprehensa,</strong></span> <span class='ocrx_word' id='word_1_747' title='bbox 919 5315 974 5399; x_wconf 67' lang='lat' dir='ltr'><strong>in</strong></span> <span class='ocrx_word' id='word_1_748' title='bbox 1007 5331 1200 5370; x_wconf 78' lang='lat' dir='ltr'><strong>rasura</strong></span> <span class='ocrx_word' id='word_1_749' title='bbox 1197 5313 1624 5399; x_wconf 28' lang='lat' dir='ltr'><strong>“itaolampl‘iavit</strong></span> <span class='ocrx_word' id='word_1_750' title='bbox 1657 5331 1845 5368; x_wconf 82' lang='lat' dir='ltr'><strong>manus</strong></span> <span class='ocrx_word' id='word_1_751' title='bbox 1876 5313 2478 5399; x_wconf 49' lang='lat' dir='ltr'><strong>incer{a_,”rqll._prwter</strong></span> <span class='ocrx_word' id='word_1_752' title='bbox 2505 5313 2596 5389; x_wconf 69' lang='lat' dir='ltr'><strong>A.,</strong></span> <span class='ocrx_word' id='word_1_753' title='bbox 2632 5322 2723 5393; x_wconf 83' lang='lat' dir='ltr'><strong>qui</strong></span> <span class='ocrx_word' id='word_1_754' title='bbox 2749 5323 2827 5376; x_wconf 86' lang='lat' dir='ltr'><strong>ita</strong></span> <span class='ocrx_word' id='word_1_755' title='bbox 2856 5321 3007 5375; x_wconf 82' lang='lat' dir='ltr'><strong>habet</strong></span> <span class='ocrx_word' id='word_1_756' title='bbox 3037 5339 3050 5375; x_wconf 90' lang='lat'>:</span> <span class='ocrx_word' id='word_1_757' title='bbox 3080 5320 3235 5390; x_wconf 84' lang='lat' dir='ltr'><strong>Apud</strong></span> <span class='ocrx_word' id='word_1_758' title='bbox 3266 5317 3538 5399; x_wconf 51' lang='lat' dir='ltr'><strong>[Ephesum</strong></span> <span class='ocrx_word' id='word_1_759' title='bbox 3572 5313 3787 5397; x_wconf 74' lang='lat' dir='ltr'><strong>septem</strong></span> 
     </span>
    </p>
   </div>
   <div class='ocr_carea' id='block_1_104' title="bbox 489 5384 3785 5463">
    <p class='ocr_par' dir='ltr' id='par_1_104' title="bbox 489 5384 3785 5463">
     <span class='ocr_line' id='line_1_104' title="bbox 489 5384 3785 5463; baseline -0.001 -22"><span class='ocrx_word' id='word_1_760' title='bbox 489 5384 830 5463; x_wconf 84' lang='lat' dir='ltr'><strong>dormientes</strong></span> <span class='ocrx_word' id='word_1_761' title='bbox 858 5392 1169 5463; x_wconf 89' lang='lat' dir='ltr'><strong>a_tempore</strong></span> <span class='ocrx_word' id='word_1_762' title='bbox 1197 5384 1347 5442; x_wconf 90' lang='lat' dir='ltr'><strong>Decii</strong></span> <span class='ocrx_word' id='word_1_763' title='bbox 1375 5384 1500 5463; x_wconf 76' lang='lat' dir='ltr'><strong>post</strong></span> <span class='ocrx_word' id='word_1_764' title='bbox 1528 5400 1707 5463; x_wconf 77' lang='lat' dir='ltr'><strong>annos</strong></span> <span class='ocrx_word' id='word_1_765' title='bbox 1734 5400 1849 5463; x_wconf 62' lang='lat' dir='ltr'><strong>sua:</strong></span> <span class='ocrx_word' id='word_1_766' title='bbox 1873 5384 2359 5463; x_wconf 63' lang='grc' dir='ltr'><strong>ἀοι-ιῃίιίοηίεόἓὲ</strong></span> <span class='ocrx_word' id='word_1_767' title='bbox 2389 5409 2419 5449; x_wconf 86' lang='lat' dir='ltr'><strong>a</strong></span> <span class='ocrx_word' id='word_1_768' title='bbox 2446 5384 2655 5449; x_wconf 70' lang='lat' dir='ltr'><strong>somno&#39;</strong></span> <span class='ocrx_word' id='word_1_769' title='bbox 2676 5400 3014 5463; x_wconf 83' lang='lat' dir='ltr'><strong>surgunt,_et</strong></span> <span class='ocrx_word' id='word_1_770' title='bbox 3040 5384 3248 5463; x_wconf 72' lang='lat' dir='ltr'><strong>asserta</strong></span> <span class='ocrx_word' id='word_1_771' title='bbox 3279 5384 3785 5463; x_wconf 70' lang='lat' dir='ltr'><strong>tideresurrectio-</strong></span> 
     </span>
    </p>
   </div>
   <div class='ocr_carea' id='block_1_105' title="bbox 489 5457 1063 5583">
    <p class='ocr_par' dir='ltr' id='par_1_105' title="bbox 489 5457 1063 5583">
     <span class='ocr_line' id='line_1_105' title="bbox 489 5457 1063 5583; baseline 0.002 -72"><span class='ocrx_word' id='word_1_772' title='bbox 489 5457 580 5511; x_wconf 86' lang='lat' dir='ltr'><strong>nis</strong></span> <span class='ocrx_word' id='word_1_773' title='bbox 615 5466 841 5526; x_wconf 62' lang='lat' dir='ltr'><strong>nostrai,</strong></span> <span class='ocrx_word' id='word_1_774' title='bbox 878 5457 949 5514; x_wconf 93' lang='lat' dir='ltr'><strong>de</strong></span> <span class='ocrx_word' id='word_1_775' title='bbox 969 5472 1063 5583; x_wconf 45' lang='lat' dir='ltr'><strong>an</strong></span> 
     </span>
     <span class='ocr_line' id='line_1_106' title="bbox 489 5528 925 5583; baseline 0.007 -2"><span class='ocrx_word' id='word_1_776' title='bbox 489 5528 802 5583; x_wconf 72' lang='lat' dir='ltr'><strong>scripserat.</strong></span> <span class='ocrx_word' id='word_1_777' title='bbox 880 5529 925 5561; x_wconf 82' lang='grc'><strong>³⁸</strong></span> 
     </span>
    </p>
   </div>
   <div class='ocr_carea' id='block_1_106' title="bbox 488 5524 1921 5598">
    <p class='ocr_par' dir='ltr' id='par_1_106' title="bbox 488 5524 1921 5598">
     <span class='ocr_line' id='line_1_107' title="bbox 488 5524 1921 5598; baseline -0.001 -17"><span class='ocrx_word' id='word_1_778' title='bbox 488 5524 833 5598; x_wconf 45' lang='grc' dir='ltr'><strong>δαήμεναι(</strong></span> <span class='ocrx_word' id='word_1_779' title='bbox 880 5529 925 5561; x_wconf 83' lang='grc'><strong>³⁸</strong></span> <span class='ocrx_word' id='word_1_780' title='bbox 969 5524 1034 5583; x_wconf 80' lang='lat' dir='ltr'><strong>Vl</strong></span> <span class='ocrx_word' id='word_1_781' title='bbox 1066 5527 1257 5584; x_wconf 71' lang='lat' dir='ltr'><strong>habent</strong></span> <span class='ocrx_word' id='word_1_782' title='bbox 1285 5525 1408 5582; x_wconf 76' lang='lat'><strong>83‘.</strong></span> <span class='ocrx_word' id='word_1_783' title='bbox 1445 5524 1543 5581; x_wconf 81' lang='lat' dir='ltr'><strong>Ci.</strong></span> <span class='ocrx_word' id='word_1_784' title='bbox 1573 5525 1630 5580; x_wconf 85' lang='lat'><strong>2‘</strong></span> <span class='ocrx_word' id='word_1_785' title='bbox 1663 5526 1716 5581; x_wconf 80' lang='grc'><strong>5.</strong></span> <span class='ocrx_word' id='word_1_786' title='bbox 1750 5527 1828 5582; x_wconf 84' lang='grc'><strong>4⁸.</strong></span> <span class='ocrx_word' id='word_1_787' title='bbox 1858 5525 1921 5581; x_wconf 85' lang='grc'><strong>1).</strong></span> 
     </span>
    </p>
   </div>
   <div class='ocr_carea' id='block_1_107' title="bbox 1066 5455 3785 5532">
    <p class='ocr_par' dir='ltr' id='par_1_107' title="bbox 1066 5455 3785 5532">
     <span class='ocr_line' id='line_1_108' title="bbox 1066 5455 3785 5532; baseline 0 -20"><span class='ocrx_word' id='word_1_788' title='bbox 1066 5473 1099 5532; x_wconf 76' lang='lat' dir='ltr'><strong>a</strong></span> <span class='ocrx_word' id='word_1_789' title='bbox 1137 5464 1271 5532; x_wconf 81' lang='lat' dir='ltr'><strong>tunc</strong></span> <span class='ocrx_word' id='word_1_790' title='bbox 1286 5456 1541 5532; x_wconf 56' lang='lat' dir='ltr'><strong>multum</strong></span> <span class='ocrx_word' id='word_1_791' title='bbox 1576 5455 1952 5532; x_wconf 66' lang='lat' dir='ltr'><strong>dubitabatur,</strong></span> <span class='ocrx_word' id='word_1_792' title='bbox 1993 5456 2193 5516; x_wconf 88' lang='lat' dir='ltr'><strong>iterum</strong></span> <span class='ocrx_word' id='word_1_793' title='bbox 2230 5462 2286 5518; x_wconf 92' lang='lat' dir='ltr'><strong>in</strong></span> <span class='ocrx_word' id='word_1_794' title='bbox 2326 5463 2549 5521; x_wconf 86' lang='lat' dir='ltr'><strong>Christo</strong></span> <span class='ocrx_word' id='word_1_795' title='bbox 2585 5455 2888 5519; x_wconf 73' lang='lat' dir='ltr'><strong>dormiunt.</strong></span> <span class='ocrx_word' id='word_1_796' title='bbox 2918 5455 3021 5516; x_wconf 72' lang='lat' dir='ltr'><strong>ita</strong></span> <span class='ocrx_word' id='word_1_797' title='bbox 3062 5462 3227 5532; x_wconf 80' lang='lat' dir='ltr'><strong>igitur</strong></span> <span class='ocrx_word' id='word_1_798' title='bbox 3268 5458 3568 5531; x_wconf 73' lang='lat' dir='ltr'><strong>Sigeberlus</strong></span> <span class='ocrx_word' id='word_1_799' title='bbox 3605 5457 3785 5527; x_wconf 82' lang='lat' dir='ltr'><strong>primo</strong></span> 
     </span>
    </p>
   </div>
   <div class='ocr_carea' id='block_1_108' title="bbox 2004 5616 2251 5699">
    <p class='ocr_par' dir='ltr' id='par_1_108' title="bbox 2004 5616 2251 5699">
     <span class='ocr_line' id='line_1_109' title="bbox 2004 5616 2251 5699; baseline 0.008 -2"><span class='ocrx_word' id='word_1_800' title='bbox 2004 5616 2251 5699; x_wconf 64' lang='lat' dir='ltr'><strong>now.</strong></span> 
     </span>
    </p>
   </div>
   <div class='ocr_carea' id='block_1_109' title="bbox 492 5732 2075 5859">
    <p class='ocr_par' dir='ltr' id='par_1_109' title="bbox 492 5732 2075 5859">
     <span class='ocr_line' id='line_1_110' title="bbox 492 5732 2075 5859; baseline 0 -69"><span class='ocrx_word' id='word_1_801' title='bbox 492 5801 517 5859; x_wconf 51' lang='grc'><strong>1</strong></span> <span class='ocrx_word' id='word_1_802' title='bbox 561 5732 711 5859; x_wconf 48' lang='lat'><strong>(£859)</strong></span> <span class='ocrx_word' id='word_1_803' title='bbox 748 5733 867 5792; x_wconf 82' lang='lat' dir='ltr'><strong>Non</strong></span> <span class='ocrx_word' id='word_1_804' title='bbox 896 5737 1000 5793; x_wconf 92' lang='lat' dir='ltr'><strong>hoc</strong></span> <span class='ocrx_word' id='word_1_805' title='bbox 1030 5753 1197 5805; x_wconf 87' lang='lat' dir='ltr'><strong>anno,</strong></span> <span class='ocrx_word' id='word_1_806' title='bbox 1238 5736 1335 5795; x_wconf 85' lang='lat' dir='ltr'><strong>sed</strong></span> <span class='ocrx_word' id='word_1_807' title='bbox 1375 5735 1513 5805; x_wconf 67' lang='lat'><strong>457;</strong></span> <span class='ocrx_word' id='word_1_808' title='bbox 1547 5736 1619 5794; x_wconf 89' lang='lat' dir='ltr'><strong>cf.</strong></span> <span class='ocrx_word' id='word_1_809' title='bbox 1648 5737 1782 5794; x_wconf 84' lang='lat' dir='ltr'><strong>Acta</strong></span> <span class='ocrx_word' id='word_1_810' title='bbox 1812 5736 1912 5793; x_wconf 89' lang='lat' dir='ltr'><strong>SS.</strong></span> <span class='ocrx_word' id='word_1_811' title='bbox 1956 5734 2075 5793; x_wconf 89' lang='lat' dir='ltr'><strong>Oct.</strong></span> 
     </span>
    </p>
   </div>
   <div class='ocr_carea' id='block_1_110' title="bbox 2228 5736 3205 5812">
    <p class='ocr_par' dir='ltr' id='par_1_110' title="bbox 2228 5736 3205 5812">
     <span class='ocr_line' id='line_1_111' title="bbox 2228 5736 3205 5812; baseline -0.004 -19"><span class='ocrx_word' id='word_1_812' title='bbox 2228 5738 2407 5812; x_wconf 81' lang='grc'><strong>·(160)</strong></span> <span class='ocrx_word' id='word_1_813' title='bbox 2448 5736 2570 5794; x_wconf 63' lang='lat' dir='ltr'><strong>Haec</strong></span> <span class='ocrx_word' id='word_1_814' title='bbox 2599 5756 2649 5793; x_wconf 86' lang='lat' dir='ltr'><strong>a.</strong></span> <span class='ocrx_word' id='word_1_815' title='bbox 2687 5738 2786 5793; x_wconf 76' lang='grc'><strong>451</strong></span> <span class='ocrx_word' id='word_1_816' title='bbox 2818 5746 2935 5792; x_wconf 84' lang='lat' dir='ltr'><strong>acta</strong></span> <span class='ocrx_word' id='word_1_817' title='bbox 2969 5742 3205 5792; x_wconf 84' lang='lat' dir='ltr'><strong>constat.</strong></span> 
     </span>
    </p>
   </div>
  </div>
