4046 6318
265 427 334 480 s-‘s
1461 425 1469 433 '
1691 428 2057 492 CllRONlCA.
3459 425 3548 498 ss‘

262 539 382 594 sius
434 537 721 596 Remensis
751 540 1040 612 episcopus
1081 558 1208 598 eum
1260 542 1518 614 Eutropia
1555 560 1741 600 sorore
1787 547 1856 602 ab
1885 550 1930 606 A
1955 547 2240 603 Coloniam
2291 549 2531 620 appulsae
2571 555 2737 604 sunt.‘
2767 548 2951 622 ibique
2997 566 3059 607 ex
3104 553 3292 625 angeli
3319 525 3535 630 monitu

219 628 442 686 ~Hunis
488 630 932 704 martyrizantur.
981 632 1186 689 Auctor
1237 632 1516 691 Mettensis
1563 636 1852 707 episcopus

259 722 591 792 captivatur,
617 725 715 780 sed
735 721 911 780 Hunis
937 725 1178 782 caecitate
1206 727 1502 797 percussis,
1528 745 1653 784 cum
1681 729 1852 799 capti-

256 815 344 872 vis
380 831 498 872 sum
526 816 680 872 urbis
709 817 1010 873 relaxatur.
1053 817 1168 875 Hoc
1205 819 1480 876 excidium
1519 818 1709 876 Galliis
1744 822 1850 877 im-

255 905 498 976 pendere
534 905 817 965 Servatius
852 907 1189 981 Tungrensis
1214 910 1504 982 episcopus
1532 911 1688 983 longe
1724 921 1852 969 ante

255 995 312 1051 in
347 997 548 1068 spiritu
575 999 902 1070 previderat,
936 1009 991 1056 et
1018 999 1206 1058 Romae
1234 1017 1266 1058 a
1289 1000 1450 1059 Petro
1475 1004 1720 1074 apostolo
1746 1004 1851 1061 hoc

247 1087 522 1158 judicium
557 1090 654 1147 Dei
691 1091 1001 1150 inevitabile
1029 1092 1146 1149 fore
1172 1095 1471 1164 didicerat;
1505 1096 1734 1174 ideoque
1763 1113 1852 1154 re.

252 1178 385 1234 licta
417 1178 722 1252 Tungrensi
755 1182 913 1249 urbe,
942 1198 1066 1254 qua:
1094 1183 1383 1240 evertenda
1423 1193 1559 1254 erat,
1603 1186 1670 1241 ad
1708 1184 1846 1243 Tra-

244 1273 462 1342 jectum
503 1274 688 1331 sedem
726 1275 1090 1346 episcopalem
1135 1278 1490 1348 transposuit.
1533 1277 1734 1351 (Gneo.
1770 1279 1849 1334 De

247 1365 325 1438 gi.
357 1383 432 1422 ιη.
467 1383 516 1436 ι,
553 1367 680 1440 15.)
714 1367 1025 1426 Pullulante
1060 1368 1204 1426 intra
1242 1369 1447 1427 Gallias
1483 1370 1714 1428 Arriana
1751 1372 1845 1428 he-

247 1459 384 1528 resi,
417 1475 543 1530 qua:
587 1460 883 1532 inaequales
915 1461 1143 1518 credens
1177 1477 1301 1518 esse
1340 1477 1604 1534 personas
1645 1465 1846 1520 sanctae

246 1549 563 1620 Trinitatis,
587 1551 820 1620 dicebat,
845 1552 1042 1608 Filium
1063 1553 1336 1609 minorem
1359 1569 1483 1610 esse
1509 1553 1687 1622 Patre,
1717 1553 1844 1626 Spi-

244 1641 423 1696 ritum
450 1657 583 1698 vero
611 1651 860 1699 sanctum
885 1643 1155 1700 minorem
1181 1643 1343 1700 Patre
1374 1653 1430 1700 et
1457 1644 1634 1700 Filio:
1659 1645 1844 1701 Domi-

243 1749 356 1789 nus
401 1734 651 1790 errantes
688 1735 950 1807 corrigit,
989 1736 1284 1792 ostendens
1323 1736 1488 1808 plano
1533 1737 1801 1794 miraculo
1824 1780 1839 1805 ,

242 1824 424 1881 Deum
461 1826 517 1882 in
550 1826 726 1883 tribus
753 1827 1004 1898 personis
1028 1828 1195 1883 unius
1217 1835 1274 1884 et
1300 1828 1526 1898 aequalis
1555 1845 1678 1886 esse
1706 1830 1839 1886 sub-

1955 637 2182 693 Romam
2222 640 2522 707 tendentes,
2563 640 2630 695 ad
2669 641 2858 696 urbem
2895 631 3162 699 Basileam
3207 645 3457 722 navibus,
3499 641 3538 702 a‘

1953 729 2162 786 Basilea
2219 729 2448 786 Romam
2496 747 2672 802 usque
2724 732 2953 802 pedibus
3003 733 3285 805 profectae,
3339 725 3547 794 eodem"

1951 820 2115 876 eundi
2143 829 2330 877 tenore
2365 821 2650 879 Coloniam
2681 832 2809 879 sunt
2839 838 3090 892 reversae,
3135 825 3204 880 ab
3230 823 3403 881 Hunis
3431 835 3534 881 un-'

1950 911 2114 982 dique
2135 912 2436 970 obsessam.
2462 913 2509 968 A
2527 915 2727 985 quibus
2747 924 2958 972 cuncta:
2979 917 3364 988 martyrizatae,
3389 902 3539 973 πάνθ’

1949 1012 2005 1058 et
2041 1003 2278 1060 mirabili
2321 1007 2485 1062 modo
2525 1007 2950 1078 triumpharunt,
2975 1017 3048 1064 'et
3086 1008 3376 1071 Coloniam
3401 1017 3532 1069 san-

1923 1092 2114 1162 guine
2137 1101 2191 1148 et
2225 1095 2501 1164 sepultura
2526 1110 2625 1152 sua
2658 1095 2944 1152 clariorem
2980 1097 3332 1154 reddiderunt
3357 1101 3421 1155 ³³.

2041 1185 2165 1240 454.
2243 1185 2309 1241 n.
2351 1187 2404 1243 δ.
2480 1186 2541 1242 Ρ.
2585 1190 2672 1245 12.
2749 1189 2809 1244 F.
2847 1189 2900 1244 6.
2978 1189 3038 1244 B.
3079 1189 3131 1245 3.
3209 1191 3296 1246 w.
3343 1192 3434 1262 25.

2390 1278 2479 1334 W.
2523 1281 2575 1336 1.
2650 1280 2716 1338 Ο.
2755 1282 2845 1338 24.
2921 1280 2987 1337 H.
3030 1283 3083 1338 5.

2020 1365 2117 1437 (Η.
2144 1368 2241 1428 m.)
2267 1369 2433 1425 Attila
2456 1369 2664 1427 Italiam
2693 1388 3003 1445 aggressus,
3031 1387 3222 1430 omnes
3253 1387 3389 1443 pene
3412 1359 3538 1445 ejus

1947 1457 2196 1516 civitates
2229 1471 2324 1516 aut
2362 1461 2560 1531 diruit,
2598 1473 2694 1519 aut
2721 1464 2979 1536 diripuit,
3022 1474 3116 1522 aut
3153 1465 3411 1522 incendit.
3450 1465 3538 1524 Ad

1945 1566 2072 1606 eum
2119 1551 2230 1608 Leo
2273 1568 2412 1624 papa
2441 1549 2610 1622 venit,
2647 1565 2702 1612 et
2743 1573 2854 1613 non
2899 1559 3079 1614 solum
3129 1559 3393 1628 salutem,
3419 1561 3539 1618 ‘sed'

1945 1642 2109 1698 etiam
2156 1653 2215 1700 ut
2254 1645 2454 1702 rediret
2496 1647 2751 1704 obtinuit.
2798 1649 2913 1706 Rex
2950 1650 3116 1708 Attila
3158 1636 3457 1723 requisitas
3500 1669 3533 1710 a

1947 1733 2084 1803 suis,
2114 1751 2213 1792 cur
2235 1737 2287 1792 ei
2310 1745 2423 1794 tam
2452 1738 2646 1798 fuisset
2672 1743 2975 1813 placabilis,
3001 1744 3304 1815 respondit,
3336 1762 3394 1803 se
3420 1763 3529 1802 non

1944 1841 2070 1882 eum
2101 1844 2224 1886 esse
2247 1831 2560 1900 reveritum,
2589 1833 2684 1890 sed
2719 1850 2900 1890 senem
2923 1836 3215 1906 quemdam
3245 1839 3531 1893 venerabi-

240 1920 486 1986 stantire,
516 1935 616 1976 nec
643 1920 842 1976 debere
861 1921 930 1975 ab
951 1918 1190 1991 indignis
1207 1920 1276 1976 de
1297 1920 1578 1976 divinitate
1599 1922 1840 1978 tractari.
1877 1898 1922 1954 Β
1946 1917 2076 1985 lem,
2105 1920 2392 1991 evaginato
2419 1898 2596 1993 gladio
2630 1922 2732 1979 sibi
2763 1898 2996 1980 mortem
3023 1925 3389 1993 minitantem,
3424 1925 3531 1980 nisi

237 2009 385 2068 Nam
415 2010 704 2068 Vasatensi
733 2011 868 2066 urbe
893 2010 964 2066 ab
993 2010 1278 2067 Hunorum
1308 2012 1592 2068 obsidione
1619 2013 1842 2068 liberata

235 2121 339 2176 per
363 2105 615 2164 divinum
639 2105 926 2173 auxilium,
951 2119 1077 2160 cum
1104 2106 1394 2176 episcopus
1422 2121 1524 2176 pro
1544 2105 1840 2177 gratiarum

233 2195 464 2253 actione
480 2196 710 2252 missam
733 2195 935 2266 populo
960 2195 1277 2262 celebraret,
1299 2194 1598 2266 respiciens
1622 2199 1839 2252 sursum

234 2287 381 2341 vidit
403 2287 642 2358 desuper
679 2287 850 2342 altare
878 2287 1037 2358 quasi
1063 2287 1131 2344 de
1165 2302 1379 2344 camera
1423 2289 1606 2359 templi
1647 2289 1843 2345 cadere

232 2380 531 2450 aqualiter
580 2386 690 2435 tres
738 2387 918 2451 guttas
967 2381 1195 2451 mualis
1252 2383 1675 2454 magnitudinis,
1730 2385 1842 2440 eri-

235 2470 409 2525 stallo
443 2469 743 2537 clariores;
789 2484 912 2540 quae
945 2469 1110 2525 simul
1142 2470 1439 2528 detinentes
1477 2481 1532 2528 et
1565 2473 1620 2527 in
1669 2489 1840 2532 unum

232 2561 578 2630 conjunctae,
613 2561 773 2631 quasi
804 2576 969 2616 unam
1006 2576 1278 2633 gemmam
1305 2562 1729 2632 pulcherrimam
1755 2564 1842 2619 ef-

232 2649 516 2708 fecerunt.
549 2651 725 2719 Quam
750 2668 875 2709 cum
902 2652 958 2707 in
985 2653 1166 2710 medio
1193 2653 1374 2710 crucis
1403 2669 1582 2711 aureae
1609 2664 1662 2710 et
1692 2672 1841 2728 gem-

231 2753 408 2800 mata
433 2745 778 2815 posuissent;
813 2745 934 2800 aliae
968 2761 1195 2818 gemma:
1223 2745 1553 2816 ceciderunt,
1590 2763 1839 2804 seorsum

231 2853 374 2892 vero
405 2837 606 2907 posita,
648 2837 879 2893 inﬁrmis
924 2837 1089 2892 dabat
1134 2837 1443 2906 sanitatem,
1484 2837 1840 2896 adorantibus

188 2918 194 2921 ”
231 2941 372 2982 vero
404 2925 701 2998 imaginem
748 2935 952 2982 sancta:
987 2925 1168 2982 crucis
1196 2927 1427 2999 augebat
1471 2928 1837 2998 devotionem,

233 3019 368 3089 quia
413 3018 522 3088 piis
559 3026 614 3073 et
651 3018 871 3074 mundis
902 3020 1072 3084 clara,
1107 3018 1289 3088 impiis
1324 3027 1380 3074 et
1412 3018 1711 3076 immundis
1740 3020 1838 3076 ob-

234 3126 404 3168 scura
437 3110 744 3165 videbatur.
779 3108 872 3182 (V.
909 3109 966 3164 S.
1004 3109 1150 3182 Urs.)
1179 3107 1446 3167 Omnibus
1472 3111 1627 3169 bellis
1657 3113 1838 3168 famo-

233 3201 356 3258 sius
386 3199 495 3256 fuit
520 3201 743 3270 bellum,
773 3203 920 3273 quod
949 3201 1273 3258 candidatus
1316 3213 1630 3260 sanctarum
1667 3205 1838 3261 unde-

231 3294 344 3350 cim
379 3293 600 3348 milium
625 3294 896 3367 virginum
925 3296 1198 3352 exercitus
1217 3295 1457 3363 bellavit,
1489 3297 1628 3352 duce
1648 3308 1838 3355 sancta

231 3385 454 3457 virgine
484 3383 706 3441 Ursula.
737 3384 870 3453 Quae
897 3384 1008 3441 ﬁlia
1037 3387 1197 3442 unica
1221 3385 1406 3454 Nothi,
1434 3388 1760 3446 nobilissimi
1785 3399 1840 3446 et

231 3475 502 3531 ditissimi
537 3474 921 3532 Britannorum
962 3478 1248 3549 principis,
1297 3495 1419 3535 cum
1453 3481 1696 3536 nondum
1732 3499 1837 3538 nu-

232 3566 364 3621 bilis
403 3583 436 3621 a
477 3567 591 3623 ﬁlio
622 3568 907 3637 cujusdam
953 3568 1214 3625 ferissimi
1251 3575 1468 3643 tyranni
1514 3574 1580 3628 ad
1621 3576 1838 3644 nuptias

233 3664 621 3726 expeteretur,
652 3667 706 3712 ct
733 3667 942 3728 patrem
983 3675 1142 3714 suum
1182 3676 1345 3730 super
1379 3662 1481 3716 hoc
1515 3663 1726 3717 anxiari
1757 3664 1838 3717 vi-

235 3747 415 3812 deret,
447 3745 546 3817 qui
577 3745 748 3802 Deum
776 3731 1073 3816 metuebat,
1121 3750 1166 3805 si
1195 3750 1361 3805 ﬁliam
1394 3750 1504 3806 Deo
1528 3753 1641 3823 jam
1672 3754 1838 3808 devo-

234 3844 349 3890 tam
379 3837 595 3892 nubcre
628 3847 871 3907 cogeret;
901 3849 955 3894 et
983 3849 1274 3912 tyrannum
1308 3842 1550 3910 timebat,
1597 3845 1642 3899 si
1671 3845 1836 3899 tiliam

235 3927 284 3982 ei
313 3928 618 4000 denegaret
643 3949 655 3983 :
682 3930 944 3986 divinitus
990 3932 1254 4002 inspirata
1298 3935 1510 3989 nutanti
1540 3937 1678 4004 patri
1712 3953 1838 3992 sua-

233 4018 326 4085 sit,
352 4029 416 4073 ut
448 4028 685 4091 tyranno
714 4023 1090 4089 assentiretur,
1122 4040 1183 4078 ea
1221 4032 1402 4080 tamen
1439 4025 1515 4080 illi
1559 4028 1836 4096 preposita

235 4111 578 4178 conditione,
611 4121 671 4167 ut
700 4113 816 4184 ipse
861 4124 916 4170 et
950 4124 1215 4187 tyrannus
1255 4116 1441 4172 decem
1480 4119 1717 4190 virgines
1747 4135 1837 4190 ge—

235 4218 388 4270 nere,
423 4203 626 4271 forma,
661 4213 716 4258 et
748 4213 907 4260 aetate
937 4207 1134 4262 electas
1170 4207 1273 4261 sibi
1307 4209 1598 4274 traderent,
1642 4219 1696 4265 et
1726 4221 1835 4265 tam

237 4294 342 4349 sibi
372 4310 546 4365 quam
579 4295 810 4367 singulis
841 4297 1056 4352 illarum
1083 4299 1232 4354 mille
1255 4301 1491 4371 virgines
1528 4303 1836 4358 subscribe-

237 4392 381 4450 rent,
418 4393 478 4439 et
513 4387 845 4455 comparatis
873 4389 942 4443 ad
980 4405 1270 4445 numerum
1307 4392 1548 4461 ipsarum
1580 4393 1835 4450 undecim

237 4475 526 4544 trieribus,
556 4477 806 4535 inducias
830 4479 1049 4535 triennii
1073 4483 1178 4538 sibi
1205 4484 1399 4539 darent
1427 4484 1493 4540 ad
1514 4486 1833 4542 exercitium

1944 2007 2064 2078 ejus
2090 2009 2144 2063 in
2173 2012 2430 2068 omnibus
2455 2013 2696 2085 expleret
2720 2015 3076 2070 voluntatem.

2014 2100 2142 2156 455.
2251 2103 2307 2157 4.
2384 2103 2474 2160 15.
2585 2104 2639 2161 7.
2746 2106 2802 2162 9.
2875 2107 2965 2162 26.
3076 2107 3130 2161 2.
3205 2107 3299 2163 25.
3406 2107 3460 2162 6.
3534 2102 3537 2104 ’

2015 2188 2217 2262 (lenm)
2253 2192 2420 2249 Attila
2453 2193 2793 2267 Wisigothos
2827 2196 3099 2252 debellare
3141 2212 3454 2268 aggressus,
3496 2211 3528 2251 a

1944 2281 2312 2338 Thurismodo
2352 2282 2530 2340 victus
2565 2286 2727 2341 rediit
2761 2286 3048 2357 inglorius.
3095 2285 3200 2357 (Η.
3249 2288 3354 2360 m.)
3391 2285 3534 2342 Mar—

1941 2375 2089 2432 tiano
2123 2373 2443 2444 imperatori
2477 2389 2744 2446 apparens
2781 2376 3046 2433 Dominus
3073 2376 3130 2431 in
3173 2378 3401 2444 somnis,
3443 2393 3535 2432 ar-

1939 2477 2066 2519 eum
2105 2463 2288 2523 Attila:
2321 2462 2558 2520 fractum
2600 2481 2721 2522 esse
2768 2466 3025 2522 ostendit.
3070 2465 3178 2524 Nec
3224 2467 3278 2522 id
3325 2481 3530 2526 vanum

1941 2553 2064 2610 fuit.
2089 2554 2293 2612 Eadem
2322 2555 2525 2627 quippe
2551 2565 2713 2612 nocte
2740 2557 2908 2613 Attila
2940 2558 2995 2613 in
3027 2559 3234 2630 nuptiis
3263 2559 3379 2616 suis
3405 2573 3530 2617 cra-

1933 2640 2180 2714 'pulatns,
2203 2653 2522 2715 erumpente
2549 2660 2646 2716 per
2672 2646 3016 2716 apoplexiam
3049 2647 3406 2718 sanguine‘de
3433 2661 3534 2702 na-

1941 2738 2116 2806 ribus,
2153 2737 2209 2792 in
2238 2737 2380 2793 lecto
2408 2745 2492 2792 est
2518 2737 2808 2795 oﬂ'ocatus.
2840 2737 3054 2795 Hernac
3082 2741 3228 2796 illius
3257 2739 3378 2810 ejus
3405 2748 3532 2812 post

1940 2845 2066 2885 eum
2104 2839 2316 2901 regnat.
2354 2828 2770 2888 Valentinianus
2798 2830 3096 2903 imperator
3134 2829 3316 2886 Etium
3359 2831 3532 2901 patri-

1939 2922 2086 2978 cium
2117 2921 2392 2984 interﬁcit.

2009 3016 2134 3074 456.
2247 3016 2303 3071 5.
2379 3015 2469 3070 14.
2581 3014 2634 3070 8.
2712 3015 2799 3069 10.
2873 3015 2963 3070 27.
3075 3016 3128 3070 ‘5.
3207 3025 3294 3070 £0.
3409 3016 3460 3070 1.

2013 3104 2188 3179 (Ιεω.)
2229 3104 2631 3161 Thurismodus
2659 3122 2754 3161 rex
2798 3104 3233 3178 Wisigotharum
3270 3124 3302 3162 a
3343 3105 3532 3163 fratri-

1939 3198 2043 3254 bus
2071 3198 2185 3254 suis
2213 3195 2479 3253 Friterico
2499 3205 2553 3251 et
2579 3194 2916 3252 Theoderico
2938 3186 3243 3268 jugulatnr.
3277 3194 3532 3253 Theode-

1942 3289 2090 3344 ricus
2120 3286 2287 3343 frater
2316 3288 2436 3358 ejus
2474 3289 2530 3344 in
2565 3304 2794 3360 regnum
2833 3290 2883 3345 ei
2923 3291 3252 3357 succedens,
3284 3291 3533 3362 regnavit

1941 3381 2102 3437 annis
2137 3381 2224 3436 15.
2268 3380 2365 3451 (Η.
2407 3381 2505 3453 m.)
2543 3381 2668 3436 Filii
2699 3383 2881 3439 Attilae
2917 3383 3047 3439 dum
3078 3382 3418 3440 contendunt
3461 3382 3530 3439 de

1940 3486 2127 3542 regno,
2158 3470 2416 3540 subjectae
2437 3469 2611 3528 Hunis
2639 3482 2828 3542 gentes
2857 3474 2926 3528 ab
2952 3471 3236 3528 Hunorum
3263 3490 3323 3531 se
3355 3489 3532 3530 exeu-

1940 3564 2082 3618 tiunt
2121 3563 2272 3634 jugo.
2313 3561 2418 3634 (11.
2470 3562 2578 3631 m.)
2630 3563 2873 3618 Consilio
2913 3563 3133 3619 Maximi
3186 3564 3529 3636 tyrannidem

1940 3654 2254 3709 meditantis
2281 3651 2700 3708 Valentinianus
2729 3651 3028 3723 imperator
3055 3668 3088 3706 a
3133 3653 3384 3710 Transila
3425 3654 3531 3709 mi-

1937 3745 2031 3802 lite
2054 3745 2198 3801 Ethii
2225 3746 2533 3817 perimitur.

2008 3837 2132 3892 457.
2246 3836 2298 3892 6.
2377 3837 2464 3891 15.
2577 3836 2631 3892 9.
2710 3835 2797 3888 11.
2871 3833 2962 3889 28.
3074 3834 3126 3890 1.
3201 3833 3291 3888 27.
3406 3835 3461 3887 2.

2013 3929 2105 3998 (V.
2140 3928 2294 3998 Gen.)
2333 3926 2608 3984 Genovcfa
2634 3927 2788 3998 virgo
2815 3924 3145 3980 Parisiensis
3185 3925 3354 3980 multa
3399 3939 3528 3980 san-

1939 4022 2126 4076 ctitate
2154 4021 2322 4075 claret
2351 4035 2446 4090 per
2476 4018 2699 4074 Gallias.
2735 4017 2832 4089 (Η.
2859 4017 2956 4088 m.)
2995 4016 3266 4087 Maximus
3287 4017 3532 4090 tyranni-

1937 4115 2059 4168 dem
2106 4112 2328 4182 arripit;
2364 4110 2705 4176 Eudoxiam,
2749 4111 2993 4165 relictam
3041 4108 3429 4176 Valentiniani,
3477 4111 3528 4164 vi

1939 4205 2099 4273 rapit.
2146 4202 2239 4257 llla
2285 4202 2640 4259 Gensericum
2683 4216 2752 4256 ex
2793 4200 2976 4256 Africa
3022 4201 3252 4265 invitat,
3296 4208 3357 4255 ut
3399 4216 3458 4256 se
3500 4217 3533 4256 a

1927 4295 2174 4350 Maximo
2204 4293 2400 4363 eripiat
2423 4292 2488 4346 ".
2521 4291 2848 4348 Genserieus
2883 4290 3114 4346 Romam
3141 4291 3306 4360 capit,
3343 4290 3530 4344 omnia

1938 4387 2155 4457 diripit;
2195 4394 2255 4440 ut
2282 4395 2465 4440 tamen
2497 4384 2566 4440 ab
2591 4383 2734 4454 igne,
2765 4383 2911 4438 caede
2939 4391 2994 4438 et
3016 4382 3298 4454 suppliciis
3344 4381 3527 4436 homi-

1938 4494 2069 4532 num
2099 4476 2417 4540 abstineret,
2454 4473 2563 4528 Leo
2593 4489 2730 4543 papa
2765 4474 2835 4528 ab
2864 4489 2930 4528 eo
2965 4473 3218 4529 obtinuit.
3258 4471 3529 4528 Maximus

238 4564 578 4636 virginitatis
607 4583 749 4636 suae,
785 4584 928 4625 novo
958 4587 1059 4626 usa
1088 4573 1339 4641 consilio,
1386 4583 1446 4629 ut
1478 4585 1573 4632 aut
1600 4577 1831 4632 diﬁieul-
1866 4589 1911 4644 1)
1937 4575 2201 4639 tyrannus
2231 4580 2261 4618 ³
2292 4565 2492 4634 Populo
2515 4563 2861 4618 membratim
2890 4564 3234 4634 discerpunt
3261 4562 3366 4618 Ρθν
3389 4578 3530 4634 qua“

239 4667 348 4714 tate
375 4663 678 4732 proposita:
704 4666 1034 4721 conditionis
1064 4667 1306 4724 animum
1333 4667 1453 4738 ejus
1475 4685 1505 4723 a
1536 4684 1594 4723 se
1621 4677 1834 4725 averte—

237 4761 340 4821 ret,
369 4764 470 4809 aut
499 4755 605 4811 hac
633 4759 1002 4826 oportunitate
1036 4775 1226 4816 omnes
1253 4776 1464 4817 eoaevas
1491 4777 1621 4818 suas
1645 4778 1832 4818 secum

237 4837 350 4890 Deo
381 4838 615 4896 dicaret.
651 4840 717 4895 Et
741 4858 810 4897 ex
839 4843 944 4898 hoc
971 4845 1224 4901 condicto
1253 4846 1552 4916 virginibus
1575 4848 1834 4906 trieribus

237 4939 291 4984 et
315 4931 636 5000 sumptibus
660 4932 993 5002 comparatis
1020 4949 1117 5004 per
1145 4935 1464 5005 triennium,
1489 4939 1615 4994 belli
1647 4941 1830 5010 prelu-

238 5021 328 5077 dia
358 5022 580 5078 cunctis
610 5023 957 5090 mirantibus,
997 5026 1213 5080 tandem
1248 5027 1350 5082 sub
1380 5044 1491 5082 uno
1515 5029 1603 5085 die
1644 5039 1835 5102 agente

237 5122 403 5170 vento
433 5113 506 5170 ad
531 5123 750 5186 partum
781 5114 987 5185 Galliaa,
1018 5117 1112 5187 qui
1157 5115 1309 5172 Tiela
1353 5119 1573 5188 dicitur,
1609 5131 1664 5177 et
1707 5122 1834 5178 inde

1941 4657 2240 4714 tnordecim
2275 4656 2392 4711 dies
2421 4654 2594 4709 Roma
2631 4655 2952 4724 despoliata,
2983 4654 3312 4711 Genserieus
3348 4655 3532 4710 Eudo-

1942 4750 2086 4805 xiam
2113 4763 2237 4804 cum
2273 4747 2486 4802 duabus
2510 4746 2728 4801 ﬁliabus
2758 4755 2812 4800 et
2840 4747 3012 4800 multo
3043 4747 3243 4816 populo
3271 4747 3528 4817 captivat,

1935 4849 1990 4898 et
2028 4839 2340 4910 Campanize
2378 4838 2542 4894 urbes
2587 4838 2738 4892 omni
2777 4837 3098 4892 vastationis
3124 4853 3320 4908 genere
3349 4847 3530 4892 exter-

1935 4933 2128 4988 minat.
2163 4930 2298 5001 (1b.)
2328 4928 2472 4984 inter
2502 4929 2618 4984 haec
2645 4928 2908 4984 Paulinus
2947 4926 3210 4995 Nolanus,
3255 4927 3384 4982 dum
3427 4943 3529 4997 pro

1934 5025 2149 5095 captivo
2170 5023 2282 5079 ﬁlio
2305 5022 2482 5077 viduae
2507 5036 2566 5075 se
2587 5021 2854 5076 vicarium
2879 5020 2933 5074 in
2962 5021 3280 5076 servitutem
3307 5019 3528 5076 barbari

1935 5117 2176 5189 subjicit,
2189 5131 2381 5172 omnes
2392 5113 2637 5186 captivos
2649 5128 2762 5168 sua:
2786 5113 2938 5170 urbis
2957 5111 3529 5184 reeipit(161).Avitus

1559 5253 1788 5309 VARle
1826 5249 2228 5312 LECTIONES.

312 5358 357 5391 ³³
396 5357 857 5434 Omnibusbellis
882 5391 959 5434 §—_
996 5361 1347 5434 reddiderunt
1375 5366 1434 5420 in
1470 5365 1686 5422 scedula
1729 5375 1914 5422 assuta
1951 5366 2094 5421 curis
2131 5361 2374 5418 secundis
2407 5361 2522 5434 Sig.
2565 5362 2872 5429 addiderat,
2901 5363 3057 5434 signa
3093 5367 3159 5431 3K
3199 5362 3437 5434 apposito
3469 5361 3525 5414 in

244 5433 551 5512 tffmjnsed
584 5431 740 5512 hujus
779 5431 1008 5512 sceaala:
1031 5433 1406 5512 deperditaaja
1415 5438 1472 5512 _1.
1503 5438 1708 5512 nullam
1721 5440 1838 5512 jam
1854 5437 2136 5512 _vesligium
2164 5441 2403 5505 apparet,
2437 5430 2538 5487 nisi
2572 5433 2936 5512 peLLoramina
2957 5430 3099 5512 'acus
3128 5430 3528 5512 pautriillam‘q‘ue

245 5500 347 5577 ﬁli.
375 5500 604 5577 Mimas
629 5500 801 5577 rid/nu:
826 5502 958 5577 uidit
991 5500 1279 5577 ediditqae.
1311 5504 1519 5577 Reliqui
1544 5500 1745 5561 codices
1773 5509 1962 5563 habent
1991 5500 2415 5577 omnes,prwter
2447 5500 2724 5560 unuinFIi.
2743 5505 2834 5572 qui
2857 5513 3031 5558 tamen
3053 5500 3258 5557 sianum
3297 5500 3430 5554 illud
3454 5504 3525 5572 χ

240 5570 471 5627 exhibet.
549 5571 596 5604 “
631 5570 936 5628 Eudoxiam
964 5603 1035 5614 --
1069 5570 1268 5637 eripiat
1294 5570 1481 5629 desunt
1511 5577 1576 5630 A.

1771 5685 1978 5744 NOTAE

1865 5687 1978 5744 ΤΑΞ

505 5776 1168 5906 ἰξοοεῗίνῧεξΐέἑὺᾶτὲιι-ἐέἹ
1195 5778 1417 5839 factum.
1455 5781 1670 5840 Erroris
1716 5687 1972 5854 jam
2023 5791 2106 5839 est
2163 5779 2297 5837 llist.
2359 5781 2538 5848 misc.,
2580 5795 2704 5852 qua:
2744 5793 2860 5835 rem
2907 5778 3095 5836 hausit
3134 5795 3196 5837 ex
3241 5778 3401 5853 Greg.
3450 5777 3524 5836 Μ.

484 5891 498 5918 ³

532 5850 583 5919 1,
615 5847 685 5905 cf.
726 5848 922 5907 Hirscb
959 5865 1012 5921 p.
1052 5849 1140 5905 65.
