4046 6318
562 382 627 441 91
806 392 829 411 "
1738 373 2102 435 SIGEBEBTI
2138 370 2667 431 GEMBLACENSIS
3768 355 3848 434 ἔς

643 496 768 556 479.
818 494 906 553 Ἣ.
948 498 1003 553 6.
1042 494 1140 552 ‘P.
1177 494 1276 552 37.’
1342 495 1406 551 Γ.
1438 494 1555 551 ’21.
1626 493 1689 550 Β.
1727 490 1837 549 55.Δ
1892 491 1995 547 W.‘
2020 490 2074 546 2.

2280 486 2407 545 483;
2486 488 2573 544 10.
2643 491 2698 544 5.
2771 490 2863 544 25.
2914 490 2995 545 ’4.
3069 488 3157 545 57.
3232 490 3287 545 6.
3367 490 3453 546 14.
3535 491 3644 545 11.-
3698 489 3791 547 22.

996 586 1111 643 ηπ.
1137 587 1223 643 10.
1264 586 1365 643 ‘0.
1401 586 1456 641 7.
1527 584 1593 643 11.
1635 585 1756 642 18.”

633 679 825 753 (Pint.
854 680 1035 744 Duc.)
1061 679 1311 736 OdOacer
1324 690 1421 735 rex
1436 678 1611 737 italiae
1624 677 1945 734 Feletheum’
1966 691 2146 748 regem

562 772 847 848 Rugorum
878 775 1020 831 bello
1045 776 1367 846 oppressum
1394 768 1684 846 extinguit.
1722 771 1861 828 Huic
1890 768 2148 827 Pelethe‘o

560 868 797 925 etuxori
822 868 943 940 ejus
964 854 1110 924 Gisia;
1147 875 1372 924 sanctus
1419 862 1712 923 Severinus
1759 865 1875 921 haec
1917 866 2147 920 ventura

562 961 896 1035 predixera‘t,
930 961 1056 1035 quia
1089 978 1184 1019 eos
1213 979 1243 1018 a
1272 962 1433 1018 malis
1454 958 1805 1032 compescere
1838 974 1948 1015 non
1993 960 2148 1030 pote-

559 1064 671 1111 rat.
701 1054 801 1127 (II.
827 1056 930 1127 m.)
964 1053 1024 1110 ln
1054 1055 1239 1112 Africa
1275 1046 1587 1111 Honoricus
1614 1068 1710 1109 rex
1747 1049 2145 1107 Wandalorum

559 1150 763 1206 multos
795 1149 1133 1206 orthodoxo’s
1157 1146 1360 1205 diversi
1394 1146 1637 1214 ordinis,
1673 1146 1906 1201 diversae
1943 1138 2142 1209 aetatis,

558 1252 735 1311 usque
766 1240 843 1297 a'd‘
868 1241 1012 1298 4975
1045 1242 1100 1297 in
1125 1228 1351 1298 exilium
1394 1249 1580 1297 trusos
1624 1239 1858 1296 diversis
1886 1240 1942 1292 in
1984 1237 2141 1303 locis,

546 1331 789 1390 diversis
823 1332 1186 1406 temporibus,
1215 1332 1451 1390 diversis
1472 1332 1651 1405 poenis
1684 1331 1751 1388 ad
1790 1326 2021 1385 mortem
2042 1332 2144 1385 ‘ex-

558 1410 847 1482 cruciavit.
885 1422 1074 1498 (PAUL.
1126 1425 1305 1499 Duc.)
1344 1423 1734 1482 Exterminatis
1779 1421 1950 1494 Rugis
1997 1421 2143 1477 Lan—

556 1518 780 1588 gobardi
809 1514 1087 1593 Rngilant,
1112 1518 1165 1574 id
1180 1528 1264 1575 est
1285 1518 1568 1592 Rugorum
1591 1516 1822 1589 patriam
1843 1514 2138 1577 invadunt:

548 1608 758 1684 quibus
787 1616 920 1666 tunc
942 1604 1215 1684 temporis
1253 1611 1481 1683 quintus
1509 1626 1607 1666 rex
1637 1608 1895 1666 Gudeoch
1935 1606 2142 1678 princi—

553 1680 807 1771 pabatur.
835 1700 976 1777 Quia
1007 1680 1138 1774 ergo
1176 1680 1664 1774 Languitardorum
1695 1700 2027 1756 mentionem
2060 1696 2141 1753 fe

542 1789 767 1858 cimus,‘
787 1786 1003 1848 illorum
1050 1782 1298 1864 tempora
1346 1800 1570 1864 prapter
1602 1793 1907 1864 ignoralam
1944 1790 2137 1860 hysto-

552 1882 684 1939 riae
709 1885 1040 1940 narratiOnis
1078 1885 1490 1942 distinctionem
1537 1883 1783 1939 nondum
1830 1880 2132 1953 attigimus.

550 1972 671 2029 Jam
705 1991 851 2031 nunc
882 1976 1250 2032 narrationem
1272 1990 1494 2043 eorum,
1532 1976 1835 2042 ordiamur,
1862 1982 1917 2029 et
1947 1972 2137 2044 paula-

551 2067 650 2122 tim
677 2069 745 2122 ad
774 2070 988 2139 plenam
1019 2078 1074 2125 et
1116 2068 1431 2146 distinctam
1461 2084 1655 2124 eorum
1694 2064 1998 2139 hystoriam
2041 2080 2135 2120 as-'

552 2159 787 2216 cendere
823 2160 1086 2216 nitamur.
1117 2158 1347 2227 Horum,
1380 2170 1440 2216 ut
1473 2161 1733 2228 diximus,
1765 2168 1891 2231 post
1931 2154 2057 2213 lbor
2083 2165 2137 2211 et

550 2248 727 2324 Agion
752 2252 1118 2324 primus'fuit'
1145 2270 1239 2309 rex
1260 2254 1667 2326 ,Agelmundus,
1708 2254 1984 2312 secundus
2032 2250 2137 2306 La-

546 2341 765 2409 ‘missio,
808 2344 890 2400 sic
933 2343 1135 2412 dictus,
1171 2346 1321 2422 quod
1371 2361 1402 2402 a
1438 2345 1602 2414 lania,
1633 2345 1809 2403 idest
1853 2342 2133 2417 voragine,

538 2431 654 2489 fuit
697 2442 997 2492 extractus.
1040 2433 1179 2494 Nam
1220 2443 1397 2492 mater
1427 2436 1549 2507 ejus
1582 2444 1790 2508 septem
1826 2451 1937 2493 uno
1974 2444 2134 2506 partu

544 2525 733 2592 enixa,
756 2542 883 2582 cum
913 2542 1013 2584 eos
1036 2526 1092 2585 in
1118 2527 1389 2597 piscinam
1410 2527 1753 2600 projecisset,
1777 2535 1832 2585 et
1851 2544 1947 2584 rex
1973 2526 2135 2600 Agel-

546 2617 789 2673 mundus
821 2617 923 2673 iter
946 2616 1156 2674 faciens
1178 2633 1281 2674 eos
1304 2619 1463 2676 hasta
1485 2619 1811 2685 revolveret,
1834 2619 1882 2675 is
1912 2620 2132 2675 hastam

549 2707 672 2778 ejus
715 2706 947 2773 ﬁrmiter
993 2694 1172 2773 tenuit
1203 2718 1260 2765 et
1290 2710 1362 2765 ab
1395 2724 1464 2766 eo
1506 2710 1769 2776 nutritus,
1817 2709 1888 2765 eo
1914 2708 2132 2765 virtutis

547 2800 835 2868 processit,
864 2812 920 2856 ut
953 2801 1009 2857 in
1040 2818 1211 2875 regno
1232 2804 1302 2867 ,ei
1330 2805 1680 2871 successerit,
1713 2813 1769 2861 et
1797 2819 1987 2860 necem
2012 2803 2133 2875 ejus

545 2890 602 2947 in
620 2890 885 2964 ‘Bulgares
907 2893 1057 2952 ultus
1076 2895 1167 2951 sit.
1188 2895 1359 2951 Letho
1382 2898 1595 2965 tertius,
1609 2895 2130 2968 Hildeochquartus,

546 2970 1211 3057 Gudeocbfuit'quintus.
1243 2984 1322 3043 Ex
1347 2977 1460 3060 quo
1478 3003 1610 3060 ergo
1632 2988 1686 3044 in
1716 2986 1977 3061 liugilant
2003 3004 2132 3059 prow

545 3074 673 3130 fecti
696 3086 847 3142 sunt,
876 3093 1052 3149 usque
1079 3077 1145 3134 ad
1177 3094 1356 3136 annos
1390 3079 1481 3145 40,
1507 3078 1632 3135 talis
1667 3078 1771 3133 fuit
1797 3093 1980 3134 rerum
2009 3092 2133 3149 ges-

2322 578 2422 650 (H.
2475 581 2574 654 πη.)
2607 579 2666 635 1η
2714 579 2900 636 Africa
2943 579 3253 637 Honoricns
3288 597 3393 647 rex
3436 581 3845 639 Wandalorum

2249 656 2642 727 in‘azeclesiam
2686 669 2783 727 Dei
2833 671 3058 743 gravius
3110 674 3273 730 solito
3312 672 3594 743 efferatus,
3648 690 3847 733 omnes

2248 759 2446 817 Africae
2495 761 2789 833 episcopos
2836 764 2996 835 quasi
3046 765 3115 821 ad
3149 764 3403 822 sinodum
3453 774 3749 833 convocat,
3788 777 3848 824 et

2250 854 2452 928 fugatis
2481 863 2537 913 et
2562 855 2803 913 exiliatis
2836 857 2944 912 444
2974 858 3252 930 episcopis
3294 859 3609 927 catholicis,
3645 860 3845 917 eccle-

2242 948 2363 1005 sias
2389 949 2592 1007 clausit
2613 959 2710 1006 aut
2734 950 2958 1008 Arianis
2978 952 3149 1020 dedit,
3170 934 3493 1025 plebemque
3515 954 3693 1010 variis
3712 971 3845 1026 sup-

2237 1039 2426 1109 pliciis
2457 1040 2670 1095 amixit.
2696 1039 2889 1097 Letum
2919 1056 3051 1098 vero
3077 1043 3398 1114 episcopum
3421 1043 3684 1101 incendio
3703 1060 3842 1101 cou-

2246 1133 2537 1202 cremavit;
2552 1131 2873 1206 Eugenium
2894 1150 3114 1207 quoqne
3142 1134 3492 1208 Carthaginis
3515 1138 3844 1209 episcopum

2245 1237 2371 1279 cum
2395 1224 2612 1281 clericis
2661 1225 2778 1282 suis
2829 1227 2955 1297 plus
2999 1243 3165 1299 quam
3198 1228 3516 1301 quingentis
3556 1230 3847 1288 cruciatos

2244 1315 2434 1370 multis
2459 1315 2641 1372 modis
2669 1317 2932 1373 exiliavit.
3440 1356 3443 1357 ν

2314 1407 2440 1463 484.
2516 1409 2603 1464 11.
2691 1409 2745 1464 4.
2821 1409 2912 1465 26.
2990 1411 3044 1467 5.
3118 1411 3207 1467 58.
3296 1437 3338 1469 ρ.
3414 1413 3503 1470 15.
3583 1415 3674 1470 12.
3747 1416 3841 1472 25.

2315 1497 2492 1570 (ϐυτ.
2532 1499 2627 1573 F.)
2651 1499 2893 1558 Hildrico
2916 1516 3042 1574 rege
3072 1513 3312 1571 mortuo,
3341 1504 3674 1563 Ludowicus
3695 1508 3847 1565 illius

2237 1598 2436 1664 regnat
2456 1593 2619 1650 annis
2651 1594 2894 1666 triginta.
2934 1594 3036 1651 llic
3054 1596 3211 1652 duxit
3250 1612 3478 1654 uxorem
3523 1598 3845 1657 Rothildem

2240 1682 2409 1739 filiam
2444 1682 2738 1756 Chilperici
2778 1685 2922 1757 regis
2960 1686 3435 1760 Burgundionum,
3475 1705 3643 1761 quem
3680 1690 3847 1747 Gun—

2235 1774 2521 1833 debandus
2539 1790 2636 1831 rex
2656 1774 2825 1832 frater
2843 1777 2964 1847 ejus
2985 1787 3310 1848 peremerat,
3335 1795 3677 1852 uxoremque
3693 1782 3846 1854 ejus,

2241 1872 2472 1921 matrem
2519 1865 2728 1922 scilicet
2764 1864 3057 1937 Rotltildis,
3106 1868 3275 1940 ligato
3320 1870 3393 1926 ad
3433 1870 3635 1931 collum
3676 1889 3846 1939 saxo,

2239 1955 2399 2026 aquis
2436 1957 2796 2016 immersrat.
3204 1986 3209 1991 ί

2309 2050 2435 2108 485.
2515 2052 2602 2109 12.
2679 2053 2733 2110 5.
2813 2056 2863 2110 1.
2940 2055 2995 2110 6.
3067 2055 3159 2112 59.
3232 2055 3285 2111 8.
3361 2057 3449 2112 16.
3526 2058 3615 2113 15.
3693 2060 3822 2114 24.⁸

2238 2191 2243 2194 .
2309 2142 2526 2215 (Puosr.
2549 2186 2566 2211 ,
2608 2145 2758 2217 app.)
2804 2145 3113 2204 Houoricus
3153 2164 3250 2204 rex
3292 2149 3694 2208 Wandalorum
3740 2152 3846 2223 ju~

2237 2234 2383 2291 dicio
2425 2234 2523 2292 Dei
2570 2251 2888 2308 percussus,
2943 2247 3160 2297 scatens
3203 2241 3484 2299 vermibus
3538 2243 3848 2299 miserabi-

2238 2325 2363 2396 liter
2401 2328 2688 2400 exspirat;
2735 2339 2865 2403 post
2903 2344 3063 2403 quem
3102 2332 3564 2391 Cuntbamundus
3592 2337 3763 2392 annis
3813 2337 3848 2393 9

2238 2430 2446 2492 regnat.
3132 2445 3137 2452 ο
3290 2466 3293 2469 .

2311 2510 2437 2567 486.
2510 2514 2601 2571 15.
2674 2513 2729 2570 6.
2805 2514 2859 2571 2.
2941 2515 2991 2571 7.
3067 2516 3156 2573 40.
3236 2518 3289 2573 1.
3366 2519 3453 2574 17.
3532 2520 3623 2576 14.
3700 2520 3807 2578 25.

2308 2602 2531 2661 Clarent
2569 2606 2627 2661 in
2680 2605 2871 2664 Galliis
2907 2605 3190 2680 Remigius
3218 2607 3589 2675 Remeusiset
3618 2609 3844 2670 Princi-

2235 2695 2358 2767 pius
2381 2694 2548 2752 frater
2579 2698 2703 2769 ejus
2732 2696 3076 2757 Suessonum
3112 2700 3427 2772 episcopus,
3465 2712 3521 2758 et
3554 2701 3844 2762 Vedastus

2234 2790 2689 2860 post‘episcopus
2727 2790 3133 2861 Atrabatensis;
3182 2794 3238 2848 in
3278 2793 3461 2851 Africa
3510 2794 3844 2870 Fulgentius

2234 2880 2524 2953 episcopus
2546 2881 2878 2954 Ruspcnsis;
2908 2884 2964 2940 in
2991 2884 3143 2942 Italia
3176 2886 3486 2945 Germanus
3533 2890 3845 2961 Capuanns

2233 2983 2289 3030 et
2331 2974 2670 3045 Epiphanius
2714 2974 3022 3035 Ticinensis
3077 2977 3183 3049 (Cf.
3243 2977 3398 3052 (ἕως.
3454 2979 3584 3036 Tur.
3605 2999 3627 3047 ;
3691 2985 3839 3040 Ann.

2234 3062 2446 3137 Leod.).
3186 3092 3189 3097 ·
3318 3090 3323 3095 ·

546 3176 727 3224 tarum
766 3169 965 3231 horum
1015 3160 1430 3243 consequentia.
1464 3169 1580 3227 Sub
1631 3169 1890 3227 Cudeoch
1925 3180 1979 3226 et
2019 3169 2130 3227 lilio

2304 3156 2432 3213 487.
2511 3159 2598 3215 14.
2678 3160 2729 3217 7.
2802 3161 2857 3217 5.
2932 3162 2987 3218 8.
3056 3163 3149 3218 41.
3220 3163 3274 3219 2.
3351 3164 3438 3220 18.
3513 3166 3601 3220 15.
3679 3167 3779 3223 26.

543 3261 665 3330 ejus
687 3261 931 3317 Clall'one
957 3272 1114 3318 sexto
1135 3278 1261 3334 rege
1288 3262 1342 3318 in
1373 3261 1631 3334 Rugilant
1649 3261 1983 3317 habitavere.
2012 3258 2128 3317 Sub

543 3350 776 3409 Tattone
801 3355 1036 3426 septimo
1071 3372 1198 3428 rege
1234 3356 1291 3411 in
1322 3346 1532 3427 campis
1565 3354 1752 3412 Asfeld
1781 3356 2124 3430 habitavere;

545 3433 636 3499 ubi
664 3433 825 3500 tertio
858 3461 1025 3515 anno,
1053 3440 1297 3503 Bolull‘o
1320 3445 1651 3523 Herulorum
1682 3463 1808 3523 rege
1836 3463 1868 3502 a
1898 3445 2130 3502 Tattone

541 3545 827 3608 perempto
853 3545 908 3593 et
934 3548 1109 3610 regno
1129 3537 1454 3594 llerulorum
1486 3521 1785 3605 destructo,
1812 3526 2131 3619 Langobar-

539 3626 737 3683 dorum
774 3630 944 3686 crevit
991 3628 1253 3701 potentia.
1295 3630 1584 3686 Tattonem
1617 3629 1832 3684 Wacho
1876 3626 2129 3698 peremit,

539 3730 593 3777 et
624 3721 741 3792 ipse
772 3733 1001 3779 octavus
1030 3723 1300 3794 regnavit,
1332 3722 1619 3792 ﬁliumque
1653 3736 1816 3776 suum
1857 3718 2129 3777 woman

539 3831 926 3872 successorum
964 3816 1117 3886 regni
1146 3815 1387 3885 reliquit.
2112 3840 2115 3841 ν

536 3908 663 3963 480.
737 3909 788 3966 7.
867 3907 958 3963 38.
1032 3907 1125 3962 22.
1201 3905 1264 3961 L.
1317 3907 1368 3961 1.
1444 3906 1535 3961 54.
1609 3906 1663 3961 5.
1742 3905 1829 3960 11.
1906 3904 1959 3960 8.
2038 3905 2124 3959 19.

610 3998 711 4069 (Η.
768 4000 867 4069 m.)
917 3997 1104 4054 Persis
1149 3997 1384 4069 imperat
1440 3997 1656 4054 Cuades
1718 3994 1880 4053 annis
1929 3996 2001 4051 42
2057 3995 2123 4051 “.

538 4091 629 4163 (ϐ.
654 4109 698 4146 r.
730 4091 823 4163 F.)
850 4084 1266 4148 Audovachrius
1302 4092 1428 4147 dux-
1468 4090 1748 4148 Saxonum
1784 4090 1984 4146 'navali
2030 4091 2129 4145 lio—

537 4182 679 4238 stico
703 4182 1010 4254 Andegavis
1054 4183 1365 4253 pupulatur.
1395 4182 1576 4255 (Vter.
1610 4181 1764 4254 Vn.)
1799 4181 2127 4252 Carthagine

536 4273 830 4332 Liberatus
857 4276 1027 4332 abbas
1053 4292 1179 4332 cum
1210 4276 1474 4332 fratribus
1503 4291 1599 4333 sex
1639 4292 1670 4331 a
1695 4290 1823 4346 rege
1849 4273 2127 4329 Honorico

535 4381 776 4435 carcere,
808 4352 1039 4435 catonis,
1068 4368 1268 4439 igni‘et
1298 4368 1546 4424 vectibus
1581 4366 2025 4449 martyriZantur.

616 4456 744 4513 481.
819 4459 891 4515 8.’
948 4460 999 4515 1.
1072 4460 1165 4514 25.
1239 4459 1295 4515 2.
1365 4456 1465 4516 55.
1530 4459 1586 4516 4.
1662 4459 1750 4513 12.
1816 4458 1871 4513 9.
1941 4456 2032 4512 20.

2304 3248 2392 3319 (G.
2419 3252 2592 3323 pom.)
2624 3251 2877 3309 Gelasius
2903 3252 3165 3310 Romanae
3196 3256 3457 3312 aecclesize
3485 3256 3617 3311 47'"
3655 3260 3837 3328 presi-

2228 3339 2339 3397 det.
2381 3338 2484 3395 Hic
2507 3341 2820 3399 Manicbeos
2858 3342 3047 3400 Roma:
3090 3344 3342 3401 inventos
3383 3348 3440 3399 in
3472 3346 3710 3403 exilium
3737 3349 3834 3405 de-

2229 3434 2435 3503 portari
2461 3426 2608 3502 fecit,
2639 3442 2693 3490 et
2721 3436 2938 3493 codices
2963 3453 3152 3493 eorum
3185 3436 3450 3494 incendit.
3489 3437 3589 3494 Hic
3625 3449 3837 3497 tracta—

2230 3534 2318 3583 tus
2338 3535 2394 3581 et
2414 3543 2610 3599 ymnos
2636 3530 2976 3598 composuit;
3017 3529 3106 3583 hic
3128 3529 3270 3585 inter
3297 3539 3476 3586 cetera
3503 3546 3837 3588 sacramen-

2230 3626 2411 3673 torum
2438 3618 2770 3689 prefationcs
2798 3630 2853 3676 et
2878 3620 3155 3676 orationes
3180 3630 3342 3676 cauto
3384 3631 3438 3677 et
3480 3623 3677 3679 limato
3716 3642 3838 3681 sero

2230 3726 2394 3766 mone
2423 3710 2570 3766 fecit.
2617 3710 2714 3784 (II.
2755 3716 2851 3783 ιη.)
2895 3711 3078 3767 Zenon
3123 3713 3422 3783 imperator
3451 3731 3682 3786 regnum
3721 3716 3836 3773 Ita-

2230 3802 2317 3857 liae
2342 3803 2511 3873 donat
2532 3802 2869 3860 Theoderico
2892 3803 3346 3876 Ostrogothorum
3362 3807 3496 3878 regi.
3522 3806 3623 3863 llic
3645 3808 3836 3866 Theo-

2229 3896 2449 3952 dericus
2472 3896 2778 3967 Trapsilam
2824 3897 3155 3968 chiJarum
3187 3916 3365 3971 regem
3392 3909 3448 3954 et
3476 3900 3657 3956 Busan
3694 3902 3834 3957 Bul-

2227 4006 2418 4061 garum
2455 4006 2636 4062 regem
2661 3990 2803 4044 bello
2834 3991 3009 4045 victos
3043 3991 3331 4063 extinguit.
3390 3991 3633 4062 (Ριιοει).9
3671 3996 3833 4065 app.)

2228 4082 2689 4139 Gunthamundus
2742 4082 2813 4137 ab
2861 4082 3026 4138 exilio
3081 4091 3301 4138 revocat
3348 4082 3655 4155 Eugenium
3703 4088 3830 4156 epi-

2228 4191 2478 4245 scopum.

2295 4268 2422 4323 488.
2499 4267 2588 4323 15.
2666 4267 2719 4322 8.
2794 4267 2850 4321 4.
2928 4266 2982 4322 9.
3059 4266 3148 4321 42.
3226 4266 3279 4320 5.
3358 4266 3445 4321 19.
3524 4265 3611 4320 16.
3692 4267 3795 4323 27.

2295 4358 2472 4431 (lsm.)
2500 4358 2698 4414 Eorico
2721 4358 3156 4430 Wisigothorum
3189 4372 3319 4430 rege
3349 4369 3588 4423 mortuo,
3627 4368 3831 4433 regnat

2224 4460 2350 4523 post
2399 4468 2524 4507 eum
2561 4451 2707 4507 ﬁlius
2735 4451 2857 4522 ejus
2891 4451 3143 4507 Alaricus
3193 4452 3356 4507 annis
3391 4451 3464 4505 22
3499 4451 3565 4505 ⁸⁸.
3590 4450 3691 4521 (H.
3725 4455 3827 4521 ιη.)

607 4549 698 4625 (6.
731 4538 785 4607 r.
808 4551 904 4624 F.)
934 4538 1159 4625 Egidius
1203 4554 1315 4609 dux
1350 4554 1406 4608 in
1434 4552 1628 4609 Galliis
1670 4553 1907 4608 moritur
1938 4570 1952 4606 :
1997 4550 2119 4606 Sia-
2157 4547 2199 4600 D
2226 4544 2595 4600 Theodericus
2628 4559 2753 4599 cum
2781 4543 2848 4597 l6
2892 4544 3054 4599 annis
3098 4542 3553 4615 Ostrogothorum
3586 4560 3826 4615 regnum

534 4643 688 4717 grius
718 4646 862 4704 illius
897 4648 1018 4719 ejus
1069 4648 1436 4705 substituitur.
1481 4647 1904 4703 Audovachrius
1935 4645 2121 4700 Ande-

534 4724 766 4808 gaviset
793 4730 929 4795 alias
953 4732 1119 4796 urbes
1163 4741 1269 4795 sibi
1310 4730 1592 4812 subigens,
1629 4739 1849 4795 obsides
1900 4737 2116 4808 accipit.

534 4826 970 4887 Hildericus'rex
1014 4826 1322 4904 Andcgavis
1356 4832 1616 4898 incendit,
1666 4842 1720 4887 et
1749 4828 1979 4886 Paulum
2027 4846 2121 4886 co—

534 4918 721 4974 mitem
752 4922 907 4977 urbis
948 4923 1185 4993 perimit.
1253 4922 1558 4979 Hildericus
1602 4938 1697 4978 rex
1753 4931 1808 4978 et
1860 4923 2119 4977 Audova-

531 5013 724 5071 ebrius
788 5014 1181 5083 confmderati,
1234 5013 1569 5072 Alem'annos
1632 5015 1737 5071 sibi
1801 5016 2114 5086 snbjugant.

533 5103 730 5173 (GM-SC.
763 5103 925 5177 Tun.)
955 5106 1137 5163 Famis
1167 5116 1409 5177 tempore
1455 5106 1508 5161 in
1550 5106 1865 5177 Burgundia
1897 5116 2119 5164 senator

532 5196 766 5254 Ectitius
790 5208 1027 5269 quatuor
1049 5199 1197 5254 milia
1220 5215 1487 5270 pauperes
1517 5206 1855 5267 sustentans,
1886 5199 2118 5256 caelestis

531 5285 920 5355 promissionis
942 5302 1130 5342 vocem
1160 5288 1386 5343 audivit.

589 5378 717 5433 482.
788 5378 842 5434 9.
912 5378 968 5433 2.
1037 5378 1129 5434 24.
1201 5379 1255 5433 5.
1332 5378 1423 5434 56.
1498 5379 1714 5435 5.»15.
1788 5379 1874 5435 10.
1948 5379 2037 5434 21.

536 5464 545 5471 ’
602 5472 691 5545 (G.
720 5473 895 5546 pom.)
934 5472 1086 5529 Felix
1135 5472 1396 5530 Romanae
1437 5474 1698 5531 aecclesize
1740 5475 1900 5531 46m
1938 5475 2111 5546 presi-

526 5563 640 5620 dct.
667 5563 768 5622 llic
789 5554 1083 5622 Acatbium
1104 5565 1421 5636 episcopum
1438 5564 2111 5639 Constantinopolitanum

530 5656 830 5724 damnavit,
852 5658 1243 5715 assentienlem
1264 5656 1430 5714 Petro
1449 5658 1819 5715 Alexandrino
1828 5658 2109 5713 damnato.

2226 4640 2511 4705 tenuisset,
2542 4655 2571 4693 a
2604 4636 2774 4692 Mesia
2797 4652 3053 4708 egressus
3092 4635 3303 4691 Italiam
3339 4637 3513 4706 petiit,
3555 4647 3609 4691 et
3632 4635 3827 4692 Odoa-

2223 4746 2371 4789 crem
2401 4729 2567 4785 Italiae
2594 4744 2777 4799 regem
2810 4728 2895 4783 bis
2921 4728 3027 4783 sibi
3061 4742 3417 4798 congressum
3439 4727 3524 4783 bis
3549 4727 3604 4781 in
3631 4726 3826 4797 fugam

2222 4823 2403 4889 vertit,
2443 4829 2497 4876 et
2522 4818 2704 4888 Papiae
2736 4818 3009 4874 inclusum
3034 4817 3247 4873 obsidet
3277 4818 3530 4872 triennio.

2294 4916 2420 4973 489.
2500 4912 2587 4968 16.
2664 4912 2718 4967 9.
2795 4912 2849 4968 5.
2929 4908 3022 4966 10.
3091 4911 3181 4965 43.
3258 4911 3312 4965 4.
3396 4911 3441 4965 l.
3522 4911 3607 4965 1..
3686 4910 3788 4966 28.

2291 5006 2576 5064 Barnabas
2609 5004 2910 5075 apostolus,
2961 5003 3056 5074 qui
3102 5002 3246 5073 apud
3289 5001 3626 5057 Salaminam
3651 5001 3824 5074 Cypri

2220 5121 2253 5161 a
2276 5101 2546 5159 Bar-Jesu
2587 5114 2748 5171 mago
2786 5106 2841 5155 et
2867 5115 2898 5154 a
2936 5097 3127 5154 Judeis
3156 5115 3256 5167 pro
3298 5097 3520 5154 Christo
3555 5098 3668 5169 igni
3697 5115 3825 5155 erc-

2219 5202 2403 5251 matus
2454 5199 2557 5257 est,
2610 5204 2814 5259 corpus
2857 5204 3041 5255 suum,
3086 5188 3232 5258 quod
3284 5186 3589 5242 aJohanne
3632 5185 3824 5243 Marco

2218 5282 2552 5343 consobrino
2577 5297 2678 5337 suo
2707 5280 2762 5334 in
2789 5279 2965 5350 cripta
2996 5278 3333 5335 occultatum
3383 5278 3563 5333 adhuc
3592 5278 3822 5347 latebat,

2216 5378 2549 5436 revelatione
2591 5389 2694 5431 sua
2746 5372 2978 5427 inveniri
3002 5370 3151 5426 fecit.
3201 5368 3308 5442 (Cf.
3369 5369 3634 5440 Marino.)
3674 5369 3821 5426 Cum

2217 5485 2329 5542 quo
2354 5467 2520 5525 etiam
2556 5463 2900 5535 evangelium
2941 5461 3164 5529 Mathei,
3208 5461 3384 5531 ipsius
3414 5461 3670 5515 manibus
3700 5459 3820 5515 Ma-

2220 5561 2330 5618 thei
2377 5558 2643 5615 Hebraice
2689 5556 2973 5627 scriptum,
3027 5554 3178 5625 quod
3216 5551 3524 5610 eratsimul
3560 5553 3819 5608 recondi-

2220 5665 2359 5721 tum,
2397 5651 2692 5708 invenitur.
2730 5647 2887 5718 Quod
2916 5645 3258 5717 evangelium
3288 5645 3407 5717 ipse
3439 5644 3723 5712 Barnabas
3750 5657 3820 5699 ex

1812 5750 2042 5808 νΑιυΑς
2084 5745 2490 5808 LECTIONES.

609 5845 913 5903 ..χιιυμ
948 5847 1023 5905 2ο.
1060 5847 1203 5903 5.1).
1288 5847 1329 5879 π
1359 5844 1481 5902 xxx
1510 5844 1628 5903 135'.
1659 5846 1753 5901 Cl.
1787 5846 1840 5902 5.
1880 5846 1952 5902 r.
2000 5844 2061 5900 ι).
