4046 6318
214 355 291 412 93
1316 415 1337 419 γ
1672 353 2048 417 (mas.
3408 367 3482 425 94

204 467 868 541 laeui-amni
906 481 1102 524 secum
1142 483 1381 541 semper.
1405 468 1546 529 iam
1574 465 1806 537 solebat,
1834 474 1883 532 A
1911 479 2001 529 tus
2022 470 2221 540 tua-at,
2238 471 2407 545 eique
2429 462 2559 546 pars
2578 473 2827 535 maxima
2846 473 3073 537 faveret.
3112 468 3489 552 (ﬁngentium

208 573 273 622 α
297 561 615 634 ubicunque
646 561 959 619 inveniebat
999 559 1249 619 inﬁrmos
1296 563 1533 633 ponebat
1553 562 1687 619 illud
1712 577 1806 619 su-

206 670 315 732 per
338 662 539 723 eos,:et
568 662 681 710 tam
712 653 825 731 ﬁde,
844 652 1131 722 Barnabte,
1168 670 1335 725 quam
1382 655 1581 721 merito
1603 652 1806 715 Iatbei

210 765 412 808 omnes
440 748 803 807 sanabantur.
836 747 926 821 (Ε.
959 766 1005 804 r.
1033 747 1126 822 F.)
1151 736 1481 806 Ludowicus
1505 764 1600 806 rex
1635 748 1808 807 Fran-

209 859 410 915 corum
446 841 782 917 Suessionis
827 841 1045 916 Siagrio
1089 843 1215 901 duci
1260 843 1634 901 Romanorum
1674 860 1808 902 con-

208 934 480 1007 greditur.
521 932 772 1008 Siagrius
821 931 1078 990 Tolosam
1120 935 1191 992 ad
1232 934 1510 992 Alaricum
1557 934 1696 1007 fugit
1720 955 1743 992 ;
1773 951 1806 991 a

206 1041 327 1097 quo
354 1025 661 1097 Ludovico.
684 1026 994 1098 reposcenti
1030 1026 1321 1096 remissus,
1354 1028 1660 1100 perimitur.
1696 1026 1808 1089 Lu-

205 1118 462 1175 dowicus
482 1118 749 1193 quicquid
777 1116 1081 1176 Galliarum
1109 1119 1213 1175 sub
1228 1119 1354 1191 jure
1382 1128 1501 1177 erat
1528 1119 1807 1178 Romano-

202 1225 361 1277 rum,
399 1211 469 1268 ad
497 1210 591 1281 jus
614 1210 953 1268 Francorum
984 1196 1277 1273 transfert..
1514 1282 1517 1287 η

278 1300 412 1358 490.
488 1288 684 1357 ιιι-ι.
757 1300 819 1356 Ρ.
859 1300 971 1356 ιο..
1023 1299 1083 1355 F.
1126 1300 1178 1356 6.
1251 1298 1314 1357 L.
1366 1300 1456 1356 ll.
1530 1302 1595 1355 Α.
1642 1301 1733 1358 44.

525 1391 615 1449 W.
658 1393 712 1449 5.
787 1391 877 1450 W.
910 1392 964 1447 2.
1040 1392 1104 1448 0.
1144 1392 1232 1449 18.
1305 1390 1369 1447 Η.
1410 1392 1502 1449 29.

276 1482 479 1553 (Gaza.
507 1481 670 1555 Tun.)
706 1482 901 1540 Avitus
925 1482 1254 1541 Viennensis
1279 1484 1570 1556 episcopus
1585 1484 1807 1550 claruit,

199 1574 300 1645 qui
331 1573 543 1631 Gallias
575 1575 646 1630 ab
674 1575 908 1631 Arriana
939 1576 1118 1633 heresi
1140 1576 1400 1633 defendit.
1441 1575 1541 1632 Hic
1581 1577 1809 1651 metrica

195 1666 274 1723 de
321 1667 645 1725 conditione
691 1668 884 1724 mundi
925 1668 1095 1724 libros
1139 1669 1471 1740 composuit.
1513 1667 1807 1727 Sollemnia

1905 563 2013 621 Pro
2041 565 2201 637 cujus
2227 566 2773 641 dismsioniseulpa
2796 570 3037 629 animam
3058 570 3341 627 Paschasii
3372 571 3491 627 dia—

1906 656 2054 724 coni,
2076 656 2175 733 qui
2197 658 2522 733 pertinatius
2538 657 2835 721 Laurentio
2850 660 3093 731 faverat,
3118 662 3256 723 alias
3276 677 3491 734 magna:

1906 748 2213 823 ﬁill'clitatis
2234 748 2360 816 viri,
2391 747 3026 821 Germanuscapuanus
3068 751 3363 823 episcopus
3410 750 3493 807 ii:-

1906 842 2054 911 venit
2097 841 2156 897 in
2193 840 2422 903 thermis
2462 841 2521 897 in
2559 842 2688 917 igne
2725 843 3043 917 purgatorio
3086 840 3339 914 pasitam.
3398 842 3485 914 (G.

1905 933 2078 1005 pom.)
2108 931 2208 990 Hic
2237 931 2586 995 Simmacbus
2606 933 2892 1001 constituit
2926 923 3078 992 omni
3099 933 3491 1003 dominicodie

1905 1026 1992 1082 vel
2034 1026 2282 1091 natalitio
2308 1035 2623 1102 martyrum
2658 1025 2846 1099 Gloria
2886 1028 2959 1084 in.
2998 1026 3219 1083 excelsis
3256 1026 3380 1089 ,Dco
3419 1024 3488 1083 ad

1907 1118 2107 1177 missas
2153 1120 2397 1188 cantari;
2438 1135 2605 1192 quem
2634 1135 2860 1193 ymnum
2898 1118 3283 1192 Telesphorus,
3320 1119 3488 1190 septi-

1907 1226 2034 1268 mus
2057 1227 2088 1267 a
2111 1210 2276 1268 Petro
2306 1227 2469 1283 papa,
2496 1219 2658 1269 nocte
2692 1220 2905 1269 tantum
2944 1214 3145 1270 natalis
3175 1212 3398 1277 Domini
3420 1213 3489 1271 ad

1907 1303 2109 1360 missas
2143 1319 2172 1359 a
2201 1319 2262 1361 se
2288 1303 2346 1360 in
2373 1305 2493 1376 ipsa
2542 1317 2706 1362 noete
2754 1305 3036 1367 institutas
3073 1306 3283 1363 cantari
3330 1306 3495 1363 insti-

1909 1393 2033 1469 tuit,
2078 1402 2134 1451 et
2175 1394 2231 1450 in
2274 1409 2341 1451 eo
2385 1395 2453 1451 ad
2494 1394 2814 1467 angelorum
2842 1396 3008 1455 verba
3038 1411 3162 1468 qua:
3186 1403 3492 1466 sequuntur

1908 1484 2126 1557 adjecit.
2874 1536 2879 1543 .
3206 1530 3213 1543 .
3278 1534 3283 1541 .

1980 1578 2106 1635 494.
2175 1578 2390 1636 2.14.
2464 1577 2551 1635 10.
2660 1579 2748 1637 15.
2821 1578 2875 1635 5.
2952 1578 3005 1635 9.
3081 1577 3135 1633 6.
3212 1578 3265 1633 5.
3345 1578 3434 1639 55.

1979 1667 2221 1740 (Pnosr.,
2252 1670 2401 1743 app.)
2440 1669 2871 1729 Gunthamundo
2918 1668 3314 1726 Wandalorum
3368 1682 3495 1739 rege

196 1762 570 1819 Carnotensis
618 1763 914 1836 episcopus
965 1764 1157 1831 claret,
1212 1765 1307 1835 qui
1360 1765 1418 1820 in
1474 1764 1808 1837 predicando
1833 1813 1881 1837 η
1911 1761 2188 1832 defuncto,
2239 1761 2655 1823 Trasamundus
2696 1762 2867 1823 frater
2912 1763 3035 1837 ejus
3081 1762 3329 1836 regnavit
3370 1770 3494 1834 post

1830 1813 1882 1879 B

196 1851 446 1910 Francis
477 1851 761 1911 Christum
815 1869 926 1910 non
971 1856 1210 1927 segniter
1258 1855 1476 1911 institit.
1526 1854 1807 1917 ln.Mineo
1830 1851 1882 1879 ³⁵
1908 1868 2033 1913 eum
2069 1853 2232 1911 annis
2264 1853 2358 1917 26,.

196 1944 496 2018 Hispaniae
513 1947 682 2003 ﬂuvio
719 1947 902 2018 pisces
925 1948 1067 2018 capti
1100 1958 1249 2016 sunt,
1284 1948 1338 2004 in
1374 1963 1611 2021 quorum
1640 1964 1806 2020 squa-

196 2040 309 2096 mis
332 2040 629 2097 videbatur
650 2040 917 2112 inscripta
952 2056 1062 2095 aera
1109 2040 1382 2111 presentis
1405 2042 1555 2097 anui.
1599 2040 1804 2099 ldatius

195 2131 448 2190 Lemica:
476 2131 865 2205 Hispaniarum
894 2132 1050 2189 urbis
1076 2133 1366 2205 episcopus
1392 2134 1616 2191 cronica
1643 2150 1745 2191 sua
1770 2151 1804 2191 a

193 2225 388 2296 primo
416 2221 715 2282 Theodosii
745 2224 1039 2281 consulatu
1072 2225 1327 2282 inchoata
1365 2226 1650 2297 hucusque
1676 2241 1802 2297 per-

193 2315 383 2373 duxit.
424 2315 576 2388 (l62)
602 2315 922 2375 Gennadius
959 2316 1252 2388 episcopus
1292 2315 1493 2372 librum
1520 2332 1689 2374 suum
1735 2316 1803 2374 de

194 2407 517 2465 illustribus
542 2407 680 2464 viris
700 2408 988 2480 hucusque
1014 2390 1289 2479 perduxit.
1784 2454 1789 2465 .

267 2501 408 2556 491.
480 2497 570 2556 18.
647 2500 735 2555 11.
813 2499 865 2556 7.
939 2498 1029 2555 i2.
1103 2500 1192 2556 45.
1259 2499 1313 2555 6.
1383 2500 1438 2555 5.
1524 2499 1613 2554 19.
1704 2498 1795 2555 50.

265 2592 364 2667 (G.
400 2592 575 2664 poni.)
608 2592 935 2650 Anastasius
958 2590 1225 2649 Romana;
1240 2592 1499 2655 ecclesiae
1520 2591 1649 2648 48‘"
1674 2607 1800 2661 pre-

196 2685 364 2742 sidet.
418 2683 560 2743 Huic
606 2685 860 2741 Aca'tium
901 2685 1224 2741 damnatum
1266 2699 1523 2741 revocare
1573 2684 1798 2750 volenti,

193 2781 360 2835 multi
373 2778 755 2836 Romanorum
771 2794 880 2835 non
896 2778 1394 2836 communicabant.
1422 2776 1613 2845 (Beas,
1634 2775 1683 2830 Η
1692 2817 1708 2831 .
1722 2778 1798 2847 ο.)

195 2870 456 2927 Britanni
492 2887 601 2927 non
640 2872 883 2928 valentes
917 2871 1153 2942 amplius
1195 2869 1338 2926 ferre
1381 2869 1642 2926 virtutem
1688 2867 1802 2922 An-

195 2964 448 3035 glorum,
479 2972 542 3021 ut
568 2964 696 3021 victi
727 2978 1051 3021 concessere
1070 2962 1129 3018 in
1146 2963 1241 3033 jus
1260 2969 1316 3018 et
1353 2977 1554 3017 nomen
1582 2975 1800 3017 eorum.

196 3055 261 3110 Et
291 3056 521 3127 primus
543 3055 613 3111 de
639 3064 798 3127 gente
826 3055 1128 3127 Anglorum
1154 3054 1279 3121 Elii,
1301 3062 1357 3109 et
1379 3053 1675 3110 mundus.
1697 3050 1802 3107 Ce-

195 3147 293 3217 l‘m,
348 3147 499 3203 alter
548 3148 702 3203 alteri
752 3156 973 3203 mortuo
1024 3146 1386 3211 succedendo,
1437 3150 1802 3215 regnaverunt
1827 3166 1874 3229 ε

195 3241 342 3311 apud
370 3256 472 3296 eos
497 3255 599 3311 per
623 3255 796 3299 annos
823 3239 891 3295 70
919 3240 1092 3311 (165).
1131 3238 1413 3308 (Manum)
1440 3234 1675 3291 Sanctus
1698 3233 1803 3288 Pa-

196 3333 403 3389 tricius
459 3332 738 3389 secundus
794 3330 1070 3388 Hiberniae
1126 3329 1593 3401 archiepiscopus,
1654 3340 1801 3380 anno

194 3426 379 3482 etatis
432 3440 550 3481 sua:
598 3424 704 3479 122
735 3424 791 3480 in
828 3423 1053 3493 Christo
1080 3422 1305 3496 quievit.
1349 3418 1525 3493 (Isim)
1555 3416 1803 3473 Odoacer

196 3533 225 3572 a
249 3516 606 3573 Theoderico
628 3517 682 3572 in
707 3516 813 3573 [ide
833 3518 1143 3588 susceptus,
1191 3515 1263 3571 ab
1301 3528 1370 3569 eo
1406 3511 1714 3582 perimitur,
1747 3516 1802 3563 et

195 3607 582 3665 Theodericus
611 3607 764 3665 Italia
795 3609 1023 3689 potitur,
1066 3616 1122 3663 et
1163 3606 1413 3677 deposito
1459 3602 1672 3689 privato
1703 3600 1801 3689 lia-

195 3699 336 3763 bitu,
367 3699 622 3756 induitur
660 3687 828 3771 regali
856 3707 1117 3766 scemate,
1159 3706 1215 3753 et
1255 3692 1502 3768 regnavit
1546 3690 1603 3745 iu
1648 3687 1800 3743 italia

198 3793 364 3848 annis
396 3791 469 3847 56
496 3791 563 3846 ⁵⁸.

267 3884 405 3939 ιεη.
483 3882 574 3938 19.
649 3882 737 3938 l2.
812 3882 866 3938 8.
940 3883 1027 3938 15.
1103 3882 1153 3937 1.
1234 3882 1285 3937 7.
1354 3882 1409 3937 4.
1485 3882 1536 3937 1.
1618 3882 1710 3937 51.

267 3974 372 4048 (11.
416 3974 519 4045 m.)
555 3973 774 4031 Zenone
813 3974 1144 4045 imperatore
1183 3983 1425 4041 mortuo,
1475 3974 1801 4030 Anastasius
1878 4026 1879 4029 η

199 4067 438 4139 imperat
470 4067 632 4122 annis
674 4066 768 4134 25,
810 4066 892 4122 vel
937 4074 998 4121 ut
1029 4065 1252 4136 quidam
1280 4066 1494 4134 volunt,
1519 4066 1610 4121 27.
1649 4065 1802 4122 Gun-

199 4159 547 4215 thamundus
569 4174 664 4214 rex
697 4159 754 4214 in
787 4158 974 4213 Africa
1016 4158 1292 4214 arcelesias
1327 4158 1723 4214 catholicorum
1766 4172 1799 4212 a

198 4261 401 4321 patruo
426 4265 537 4306 suo
560 4249 835 4307 Hunerico
863 4252 948 4307 vel
968 4265 1072 4305 avo
1102 4248 1400 4306 Genserico
1426 4250 1644 4306 clausas
1664 4264 1795 4321 ape-

200 4340 330 4405 ruit,
355 4346 414 4393 et
435 4353 633 4394 omnes
657 4337 756 4394 Dei
790 4339 1103 4395 sacerdotes
1137 4346 1353 4408 petente
1391 4338 1636 4411 Eugenio
1662 4340 1799 4397 Car-

199 4430 499 4501 taginiensi
537 4430 796 4500 episcopo
840 4431 911 4486 ab
948 4431 1114 4486 exilio
1162 4431 1456 4486 revocavit.
1507 4430 1804 4502 [Achacius

1975 1947 2107 2006 495.
2178 1946 2233 2003 δ.
2310 1948 2398 2004 i5.
2477 1947 2564 2002 ll.
2641 1946 2730 2017 l6.
2805 1947 2989 2017 4.,1.
3038 1946 3120 2007 ,7.
3195 1946 3249 2000 4.
3314 1944 3431 2007 at.

1970 2038 2065 2112 (ϐ.
2092 2056 2139 2096 r.
2168 2036 2263 2111 F.)
2301 2037 2630 2099 Ludovvicus
2661 2053 2757 2095 rex
2784 2037 3103 2111 Turingiam
3146 2037 3251 2092 sibi
3294 2034 3492 2104 subju;

1900 2138 2015 2203 gat.
2052 2128 2150 2203 (Η.
2175 2128 2272 2203 gn.)
2305 2128 2792 2185 Theodericus‘rex
2818 2144 3011 2205 omnes
3033 2128 3336 2193 vicinarum
3359 2141 3496 2199 gen-

1901 2222 2040 2279 tium
2078 2237 2233 2294 reges
2269 2230 2324 2277 et
2356 2220 2631 2291 principes
2677 2227 2773 2277 aut
2812 2219 3053 2299 amicitia
3095 2226 3191 2281 aut
3235 2216 3492 2283 afﬁnitate

1901 2314 2007 2370 sibi
2032 2312 2309 2387 conciliat,
2345 2320 2400 2395 et
2434 2313 2657 2383 pacitlce
2705 2327 2873 2386 agens
2914 2310 2971 2366 in
3009 2311 3148 2367 locis
3185 2308 3491 2377 celebribus

1900 2400 2104 2479 regalia
2135 2404 2444 2487 habitacula
2471 2402 2721 2459 aedificat.
2762 2399 3078 2487 [Florebant
3103 2400 3209 2457 hoc
3242 2407 3490 2475 tempore

1902 2494 2283 2552 Launomarus
2317 2484 2695 2561 Garuotensis,
2732 2484 2991 2559 fundator
3019 2488 3232 2548 cenobii
3259 2487 3491 2544 Curbio-

1901 2574 2111 2654 uensis,
2132 2597 2193 2642 ut
2223 2585 2557 2641 Maximinus
2586 2568 3302 2651 Aurelianensis,fundator
3325 2592 3493 2635 ceno-

1902 2676 1976 2732 bii
1998 2675 2380 2744 Miciaceusis;
2412 2675 2574 2748 cujus
2596 2673 2851 2746 discipuli
2875 2671 3098 2729 fuerunt
3124 2666 3412 2726 Carilelfus
3437 2675 3495 2724 et

1911 2768 2093 2825 Avitus
2120 2769 2343 2825 abbates
2371 2766 2465 2840 “].

1886 2904 1895 2910 .
1972 2860 2101 2916 496.
2172 2861 2227 2917 4.
2303 2835 2553 2915 tofis.
2628 2856 2715 2914 l7.
2791 2857 2846 2914 5.
2916 2857 2972 2913 2.
3043 2854 3097 2912 s.
3172 2855 3227 2912 5.
3304 2850 3393 2909 35.

1974 2951 2062 3022 (G.
2092 2968 2138 3006 r.
2174 2950 2267 3023 F.)
2307 2950 2635 3008 Ludowicus
2673 2965 2903 3023 regnum
2943 2946 3281 3004 Francorum
3317 2957 3494 3017 usque

1888 3043 2215 3115 Sequanam
2259 3044 2469 3099 dilatat.
2530 3041 2639 3112 (6..
2671 3042 2843 3113 pom.)
2889 3039 3074 3111 Aliqui
3116 3036 3493 3113 Romanorum

1904 3135 2217 3193 subornatis
2254 3133 2408 3192 falsis
2445 3134 2674 3190 testibus
2703 3131 3117 3189 incriminantes
3155 3128 3492 3185 Simmacum

1903 3244 2121 3299 papam,
2149 3228 2382 3282 latenter
2412 3225 2767 3281 Laurentium
2816 3224 2871 3279 in
2918 3231 3175 3295 papatum
3220 3220 3494 3277 subintro-

1901 3318 2213 3384 duxerunt;
2244 3332 2344 3387 pro
2374 3331 2483 3386 quo
2505 3317 2761 3387 scismate
2790 3313 3097 3370 dirimendo
3124 3327 3220 3367 rex
3245 3309 3493 3365 Theode-

1884 3408 2052 3473 ricus
2075 3408 2390 3478 episcopum
2420 3407 2643 3462 Petrum
2672 3415 2863 3481 contra
2887 3422 3125 3463 canones
3151 3405 3493 3461 visitatorem

1901 3501 2049 3557 sedis
2077 3501 2390 3571 apostolica:
2415 3500 2669 3557 instituit.

1971 3593 2097 3648 497.
2172 3592 2226 3647 5.
2302 3592 2389 3646 17.
2466 3592 2552 3645 15.
2631 3590 2720 3645 18.
2791 3590 2844 3644 6.
2911 3591 2965 3644 5.
3036 3588 3091 3646 9.
3167 3590 3221 3645 6.
3294 3589 3384 3644 56.

1975 3682 2064 3757 (G.
2102 3701 2148 3740 r.
2195 3683 2288 3755 F.)
2334 3682 2662 3738 Ludowicus
2688 3698 2912 3753 regnum
2944 3680 3279 3735 Francorum
3315 3695 3489 3750 usque

1901 3777 2141 3850 Ligerim
2179 3776 2495 3847 ampliﬁcat.
2554 3773 2641 3847 (G.
2681 3774 2852 3846 poni.)
2898 3772 3208 3828 Simmacus
3248 3786 3386 3841 papa
3435 3771 3492 3823 in

1902 3870 2147 3926 consilio‘
2181 3869 2279 3923 115
2326 3868 2707 3939 episcoporum
2737 3882 2796 3921 se
2825 3874 3020 3937 purgat
3053 3865 3119 3919 de
3150 3863 3362 3933 objecto
3384 3861 3492 3918 cri-

1901 3963 2071 4030 mine,
2105 3970 2162 4017 et
2183 3960 2456 4027 damnatis
2490 3958 2658 4029 (Petro
2690 3967 2744 4014 et
2775 3957 3094 4031 Laurentio,
3125 3956 3243 4026 ipse
3267 3955 3490 4025 quidem

1901 4056 2017 4114 sedi
2046 4071 2161 4112 sum
2185 4053 2518 4121 restituitur;
2557 4052 2838 4109 contentio
2883 4060 3065 4106 autem
3102 4065 3275 4120 usque
3305 4047 3371 4102 ad
3402 4061 3493 4101 ce-

1900 4148 2000 4204 des
2028 4127 2086 4203 et
2125 4146 2423 4202 homicidia
2453 4146 2597 4201 intra
2624 4152 2680 4200 et
2705 4153 2858 4200 extra
2888 4143 3186 4199 ateclesiam
3231 4142 3322 4196 diu
3364 4156 3493 4212 pro-

1900 4243 2160 4301 trahitur.

1970 4335 2098 4391 498.
2174 4334 2228 4390 6.
2308 4333 2395 4390 18.
2472 4333 2560 4389 14.
2636 4332 2724 4388 19.
2802 4330 2853 4386 7.
2927 4331 2981 4386 4.
3064 4329 3148 4385 10.
3226 4329 3275 4383 7.
3353 4329 3443 4384 57.

1974 4426 2064 4499 (G.
2104 4444 2151 4483 r.
2190 4426 2287 4499 F.)
2343 4425 2672 4482 Ludowicus
2719 4439 2815 4480 rex
2853 4432 3096 4480 castrum
3149 4421 3490 4476 Melcdtutum

197 4521 498 4591 episcopus
522 4519 1164 4592 Constantinopolitanus
1194 4522 1383 4579 divino
1421 4532 1558 4579 nutu
1604 4539 1801 4594 percu-
1829 4510 2064 4589 Dcapit.
2108 4518 2325 4590 (Βευλ.)
2378 4517 2791 4574 Trasamundus
2845 4531 2940 4570 rex
2993 4514 3381 4570 Wandalorum
3435 4514 3495 4568 in

198 4612 330 4667 titur
365 4612 415 4644 "
442 4610 542 4679 (cf.
565 4608 712 4668 Man:
734 4611 973 4687 Bena.)].

265 4704 400 4759 495.
478 4703 531 4758 1.
605 4705 691 4760 15.
765 4706 818 4762 9.
893 4707 1100 4761 14.2.
1177 4707 1232 4762 8.
1304 4707 1358 4763 5.
1431 4708 1486 4762 2.
1563 4709 1653 4764 52.

265 4795 359 4865 (ϐ.
415 4796 592 4867 pom.)
642 4796 992 4855 Simmachus
1041 4798 1304 4855 Romanae
1349 4800 1615 4857 aecelesia:
1663 4800 1794 4857 49η·

197 4888 464 4958 presidet,
522 4889 779 4947 ordinato
836 4901 1025 4948 contra
1078 4906 1204 4948 eum
1254 4907 1351 4963 per
1391 4893 1794 4949 contentionem

201 4979 521 5038 Laurentio.
572 4983 706 5052 Quae
750 4999 841 5040 res
886 5001 1051 5057 grave
1090 4985 1385 5041 discidium
1416 4986 1674 5042 mcclesire
1702 4986 1797 5040 diu

199 5089 378 5147 usque
416 5075 487 5131 ad
535 5075 652 5146 ipsa
688 5078 957 5147 protraxit
997 5078 1324 5143 homicidia;
1356 5078 1532 5134 donec
1564 5078 1796 5133 tandem

201 5165 344 5222 hanc
396 5167 808 5223 altercationem
869 5169 1198 5238 compressit
1244 5158 1565 5224 Theoderici
1610 5170 1752 5241 regis
1782 5211 1798 5236 ,

206 5260 459 5329 quamvis
481 5259 692 5326 Ariani,
722 5262 981 5330 potentia,
1005 5261 1112 5316 hoc
1130 5261 1406 5331 aequitatis
1429 5260 1637 5330 judicio
1659 5263 1801 5332 opti-

208 5359 392 5417 nente,
440 5357 504 5403 ut
547 5348 863 5407 Simmacus
884 5365 1023 5423 papa
1052 5358 1221 5419 esset,
1246 5350 1374 5421 quia
1396 5350 1549 5421 prior
1577 5348 1801 5406 ordina-

1897 4612 2102 4678 Airica,
2134 4612 2340 4668 clausis
2364 4611 2759 4667 catholicorum
2803 4608 3085 4675 aeeclesiis,
3129 4607 3236 4662 220
3278 4606 3492 4677 episco-

1897 4720 1997 4776 pos
2022 4704 2292 4763 exiliavit;
2327 4710 2518 4758 contra
2548 4716 2688 4772 quos
2721 4698 3031 4756 Simmacus
3073 4715 3214 4770 papa
3262 4714 3487 4753 manum

1899 4810 2012 4851 suae
2055 4793 2398 4849 liberalitatis
2442 4791 2690 4848 benivole
2727 4791 2960 4848 exeruit.
3004 4790 3191 4862 (.ino.)
3222 4789 3332 4846 llac
3367 4807 3492 4861 per-

1898 4889 2179 4971 secutione
2207 4886 2524 4958 Fulgentius
2545 4885 2858 4956 episcopus,
2889 4885 3197 4948 sanctitate,
3223 4884 3487 4954 sapientia

1860 4986 1957 5032 .et
1985 4977 2231 5043 scientia,
2275 4977 2400 5032 stilo
2439 4984 2494 5031 et
2539 4974 2794 5032 facundia
2841 4975 3145 5045 prcclarus,
3202 4975 3371 5030 multa
3419 4976 3492 5029 ab

1900 5068 2148 5125 Arrianis
2190 5084 2288 5139 pro
2312 5084 2439 5124 vera
2470 5068 2574 5124 fide
2602 5083 2916 5139 perpessus,
2959 5067 3170 5123 diutino
3206 5066 3261 5120 in
3298 5063 3488 5120 Sardi-

1899 5161 2050 5217 niam
2080 5162 2244 5218 exilio
2269 5169 2598 5217 maceratur.
2637 5159 2724 5232 (ϐ.
2759 5177 2804 5214 r.
2859 5158 2948 5232 F.)
2983 5157 3253 5215 Rothildis
3298 5156 3487 5229 regina

1901 5255 2205 5310 orthodoxa
2238 5254 2587 5309 Ludowicum
2632 5269 2813 5327 regem
2861 5269 2892 5308 a
2937 5252 3255 5325 gentilitatis
3298 5265 3487 5306 errore

1902 5364 2135 5406 avocare
2158 5349 2479 5417 conabatur,
2510 5348 2605 5406 sed
2629 5347 2835 5405 frustra
2864 5348 3053 5403 conari
3090 5347 3393 5401 videbatur.

1478 5464 1715 5520 VARle
1754 5464 2161 5522 LECTIONES.

270 5560 315 5593 “
340 5553 572 5633 triginta
602 5558 819 5633 duobus
843 5556 942 5633 05.
965 5574 993 5612 e
1012 5573 1151 5612 corr.
1175 5556 1245 5633 Ι).
1310 5557 1355 5590 ⁸⁷
1376 5557 1456 5633 it_a
1484 5557 1542 5609 in
1568 5571 1759 5633 rasura
1789 5556 1875 5625 l.,
1898 5556 2204 5633 utvidctnr,
2227 5567 2287 5612 et.
2300 5556 2415 5611 rell.
2430 5573 2449 5621 ;
2474 5556 2799 5611 Anastasrus
2824 5569 2961 5624 papa
2982 5549 3168 5607 divino
3191 5555 3324 5604 nutu
3358 5562 3484 5619 per-

207 5643 401 5690 cussus
416 5624 508 5690 Est
535 5630 603 5687 A.
678 5629 729 5663 δ’
748 5629 1042 5684 Florebant
1063 5657 1135 5668 —
1158 5628 1383 5685 abbates
1413 5628 1437 5682 1
1484 5667 1522 5694 .,
1556 5624 1672 5679 rell.
1711 5624 1909 5681 Desunt
1942 5627 2007 5682 A.

1743 5717 1974 5777 NOTAE.

276 5809 422 5882 (162)
461 5808 622 5865 Errat
672 5792 1019 5878 Sigebertus;
1067 5804 1267 5862 desinit
1315 5804 1531 5865 ldacius
1568 5825 1619 5864 a.
1662 5810 1785 5868 467.

1971 5811 2119 5883 (ltiti)
2158 5806 2316 5862 Errat
2348 5803 2461 5875 Sig.
2496 5801 2550 5858 in
2579 5809 2855 5870 tempore;
2886 5795 2957 5853 cf.
2991 5793 3187 5852 Hirsch
3217 5809 3272 5868 p.
3305 5792 3396 5847 62.
