4046 6318
564 326 635 384 95
1729 325 2115 386 SIGEBERTI’
2132 322 2663 382 GEMBLACENSIS
3771 325 3840 384 86

632 435 757 505 199.
836 441 903 496 ll.
951 441 1002 499 7.
1077 437 1275 499 P.19.
1353 441 1415 497 F.
1458 441 1547 499 15.
1623 441 1686 498 L.
1728 438 1819 500 20.
1908 442 1975 499 Δ.
2018 442 2073 499 8.
2175 444 2221 500 Α
2320 440 2445 509 501.
2515 438 2751 495 15.27.
2820 438 2912 493 25.
2968 436 3060 493 28.
3127 436 3217 492 16.
3285 438 3371 493 15.
3443 439 3529 495 19.
3597 440 3681 518 16.
3746 443 3837 499 46·

867 529 1053 589 w.‘s.
1122 530 1341 589 W.1|.
1409 530 1476 589 0.
1512 533 1567 587 8.
1634 530 1702 588 11.
1744 532 1835 590 58.

590 674 595 685 ,
628 623 723 697 (ϐ.
753 641 800 680 r.
827 623 922 696 Ρ.)
949 622 1274 683 Ludow'cus
1296 640 1392 682 rex
1414 626 1730 683 Alemannis
1754 625 1899 683 bello
1921 641 2150 697 congre-

456 754 459 757 γ
560 717 740 783 ditur;
786 716 970 788 ibique
1007 717 1288 774 laborante
1335 717 1599 785 cxerCitu,
1622 720 1774 775 ‘voto
1817 717 2150 788 suscipiendi

561 806 961 864 christianisml
984 802 1314 881 se‘obligarc
1349 808 1594 881 cogitur;
1641 811 1828 882 sicque
1869 818 2150 882 perempto

562 898 990 955 Alemannorum
1026 915 1169 970 rege,
1194 908 1249 955 et
1275 900 1595 956 Alemannis
1623 901 1727 957 sub
1761 901 1967 959 tributo
1993 902 2151 958 reda—

561 1000 671 1057 ota,
693 991 1003 1062 baptizatus
1025 1007 1055 1047 a
1080 990 1325 1064 Remigio
1345 992 1603 1064 episcopo
1628 990 1945 1062 Remorum,
1971 1008 2152 1050 exem-

560 1083 652 1154 plo
678 1092 731 1138 et
755 1083 935 1139 edicto
964 1099 1067 1144 suo
1089 1085 1339 1158 perducit
1366 1085 1433 1141 ad
1456 1085 1617 1140 tidem
1650 1084 1852 1144 Christi
1887 1088 2147 1159 populum

560 1174 922 1233 Francorum.
1654 1186 1657 1189 ’

631 1266 756 1325 500.
832 1268 886 1323 8.
959 1268 1050 1324 20.
1127 1268 1215 1324 16.
1289 1269 1379 1325 2|.
1455 1270 1510 1325 9.
1581 1270 1635 1326 6.
1711 1269 1799 1325 12.
1877 1269 1932 1326 9.
2008 1269 2099 1325 59.

632 1357 728 1428 (γ.
776 1356 838 1414 S.
887 1358 1061 1430 Rem.)
1106 1359 1331 1417 Collatis
1379 1376 1409 1416 a
1456 1360 1748 1417 Ludowico
1788 1375 1913 1432 rege
1963 1360 2150 1419 multis

560 1444 767 1520 prediis
816 1449 1076 1507 ecclesia:
1110 1450 1385 1519 remensi,
1416 1452 1717 1525 Remigius,
1748 1454 1917 1509 multa
1957 1468 2149 1510 eorum

558 1551 714 1610 parte
743 1542 868 1599 data
905 1544 1164 1601 tecclesize
1193 1542 1563 1611 Laudunensi,
1596 1546 1777 1602 sedem
1803 1545 2152 1617 episcopatus

560 1633 634 1689 ibi
665 1651 789 1691 esse
826 1637 1139 1705 constituit;
1178 1638 1527 1710 primumque
1557 1637 1669 1695 illic
1700 1638 2017 1710 episcopum
2045 1638 2151 1695 Ge-

554 1725 871 1782 ncbaudum
894 1727 1199 1797 constituit,
1226 1741 1280 1785 et
1300 1730 1531 1786 eundem
1554 1729 1610 1784 in
1640 1728 1999 1787 fornicatione
2023 1745 2149 1787 cum

560 1832 660 1881 sua
687 1819 962 1887 quondam
993 1836 1166 1876 uxore
1192 1822 1530 1892 prolapsum,
1561 1823 1655 1877 sed
1680 1822 2002 1893 septemnali
2033 1839 2150 1894 pte-

558 1909 789 1966 nitentia
816 1921 1105 1985 purgatura
1126 1922 1181 1969 et
1207 1914 1274 1969 de
1303 1913 1610 1970 reclusione
1630 1914 1818 1972 divino
1832 1915 1993 1988 jussu
2015 1916 2151 1973 edu-

557 2015 730 2071 ctum,
761 2005 876 2061 sedi
907 2022 1023 2062 suae
1046 2007 1304 2063 restituit.

633 2095 760 2151 501.
828 2097 884 2152 9.
951 2097 1043 2153 21.
1117 2097 1202 2153 17.
1272 2094 1362 2154 22'.
1435 2098 1526 2157 10.
1599 2099 1649 2154 7.
1726 2100 1813 2156 15.
1889 2100 1977 2161 10.
2056 2102 2146 2159 40.

634 2185 721 2258 (ϐ.
760 2205 807 2245 r.
833 2187 930 2261 F.)
958 2180 1297 2247 Ludowicus
1328 2206 1444 2258 rex,
1476 2190 1852 2249 Gundebaudo
1878 2194 1992 2265 regi
2013 2191 2151 2251 Bur-

560 2278 898 2350 gundionum
940 2276 1292 2353 congressus,
1323 2298 1391 2338 eo
1420 2281 1582 2351 victo,
1609 2279 1980 2356 Burgundiam
2003 2286 2149 2342 redi-

559 2371 638 2442 git
670 2372 776 2428 sub
807 2372 1032 2430 tributo.
1848 2422 1855 2431 .

631 2461 758 2520 502.
822 2463 910 2521 10.
980 2465 1072 2521 22.
1151 2466 1236 2523 18.
1311 2469 1401 2524 25.
1467 2470 1557 2525 11.
1624 2470 1680 2526 8.
1750 2471 1838 2526 14.
1904 2471 1992 2525 11.
2056 2469 2146 2526 4|.

632 2555 732 2627 (Ii.
779 2557 877 2627 m.)
922 2557 1233 2616 Simmacus
1276 2561 1541 2632 patricius
1578 2562 1994 2635 rem‘publicam
2027 2562 2152 2617 illu-

567 2655 720 2716 strat,
754 2657 811 2707 et
836 2667 962 2706 cum
991 2667 1057 2708 eo
1085 2666 1253 2724 gener
1282 2652 1404 2724 ejus
1446 2653 1669 2712 Boetius
1706 2655 1793 2711 vir
1822 2655 2149 2725 consularis,

567 2740 895 2812 conspicuus
927 2742 984 2797 in
1024 2752 1257 2815 utraque
1297 2744 1507 2818 lingua,
1553 2747 1860 2803 eruditione
1904 2747 2151 2803 omnium

566 2832 870 2889 liberalium
902 2835 1126 2903 artium,
1154 2852 1294 2908 quas
1316 2853 1454 2908 pene
1477 2853 1669 2896 omnes
1703 2854 1735 2896 a
1763 2839 1936 2897 Greco
1965 2841 2021 2896 in
2047 2839 2151 2895 La-

565 2922 739 2978 tinum
768 2926 1048 2981 transtulit
1070 2935 1126 2982 et
1147 2927 1421 2999 exposuit.

634 3015 762 3072 505.
835 3019 921 3073 11.
994 3018 1086 3077 25.
1151 3020 1237 3076 19.
1310 3020 1402 3076 24.
1479 3021 1566 3076 12.
1632 3022 1687 3079 9.
1760 3023 1848 3079 15.
1907 3024 1993 3079 12.
2056 3024 2147 3080 42.

2320 531 2419 606 (Il.
2465 531 2562 604 m.)
2615 529 2924 586 Vitalianus
2968 528 3239 587 instinctu
3275 530 3465 601 populi
3506 532 3747 605 insurgit
3786 536 3840 593 in

2249 623 2636 694 imperatorem
2664 620 3040 687 Anastasium,
3068 630 3290 692 propter
3310 620 3649 680 Eutitianam
3676 625 3840 684 bese-

2250 716 2354 771 sim
2385 712 2497 770 Deo
2519 722 2576 770 et
2595 713 2913 770 hominibus
2934 728 3186 770 exosum.

2319 805 2446 862 508.
2512 805 2600 861 16.
2657 805 2748 860 28.
2816 804 2910 860 24.
2978 804 3071 861 29.
3135 804 3225 861 17.
3282 806 3370 862 14.
3436 807 3528 862 20.
3562 808 3681 867 Π.
3748 810 3838 870 47.

2318 895 2604 968 (αρσια.)
2630 896 2922 953 liormisda
2952 895 3210 954 Romana
3248 896 3511 955 accclesiaa
3540 897 3670 954 5οη·
3716 916 3841 971 pre—

2246 988 2409 1045 sidet.
2458 987 2559 1046 Hic
2586 989 2795 1045 clerum
2828 988 3163 1059 composuit,
3206 997 3262 1045 et
3306 990 3533 1060 psalmis
3576 993 3840 1051 amdivit.

2251 1080 2351 1137 Hic
2380 1091 2630 1153 respectu
2658 1082 2973 1153 apostolicae
3009 1082 3369 1143 humanitatis
3402 1082 3613 1141 Grecos
3652 1086 3845 1143 convi—

2249 1183 2340 1231 ctu
2364 1174 2728 1231 hereticorum
2748 1175 3053 1230 maculatos
3071 1174 3306 1231 absolvit
3325 1190 3422 1245 per
3440 1191 3577 1232 suos
3593 1177 3840 1237 nuntios.

2253 1266 2341 1339 (ϐ.
2383 1283 2428 1321 r.
2465 1266 2559 1337 ια’.)
2596 1266 2848 1322 Alaricus
2876 1282 2974 1323 rex
3001 1266 3297 1324 Ludowico
3323 1266 3439 1338 regi
3462 1267 3703 1329 insidias
3728 1283 3845 1329 tuo-

2251 1360 2401 1425 litus,
2433 1356 2612 1414 foedus
2643 1358 2829 1416 violat.
2969 1387 2977 1397 ο
3704 1413 3715 1418 -

2320 1452 2446 1509 509.
2512 1452 2600 1508 17.
2657 1452 2748 1507 29.
2810 1452 2905 1507 25.
2968 1451 3060 1506 50.
3123 1450 3211 1507 18.
3276 1451 3366 1508 15.
3436 1450 3528 1507 2|.
3592 1451 3688 1506 18.
3754 1450 3843 1506 48.

2325 1545 2412 1619 (ϐ.
2442 1563 2488 1601 r.
2518 1545 2612 1615 F.)
2638 1544 2964 1601 Ludowicus
2986 1559 3082 1599 rex
3107 1543 3282 1615 signis
3305 1543 3479 1603 divini
3502 1544 3702 1600 auxilii
3727 1545 3849 1603 ani-

2252 1647 2435 1695 matus
2478 1638 2545 1693 ad
2593 1637 2905 1693 bellandum
2928 1667 3002 1677 -—
3025 1635 3269 1693 Turonis
3301 1635 3503 1707 quippe
3539 1636 3847 1704 transiens,

2251 1748 2453 1804 equum
2481 1747 2644 1788 suum
2671 1730 2876 1788 Sancto
2906 1729 3141 1786 Martino
3175 1730 3365 1797 misit;
3409 1745 3577 1802 quem
3618 1739 3847 1791 centum

2251 1812 2441 1883 solidis
2465 1825 2805 1894 redemptum
2841 1823 3080 1893 recipere
3102 1837 3215 1879 non
3257 1821 3455 1891 potuit,
3494 1821 3698 1880 missis
3727 1823 3850 1879 aliis

2248 1925 2467 1974 centum
2513 1916 2705 1972 solidis
2739 1915 2975 1985 recepit;
3021 1913 3251 1970 credens
3285 1913 3443 1971 illum
3474 1913 3691 1969 bonum
3727 1930 3851 1973 esse

2251 2007 2307 2064 in
2334 2007 2558 2074 auxilio,
2579 2007 2676 2078 qui
2706 2016 2817 2062 tam
2854 2021 3021 2063 carus
3036 2015 3157 2062 erat
3181 2006 3238 2061 in
3275 2005 3499 2076 negotio
3517 2035 3594 2047 --
3617 2006 3852 2080 insuper

2248 2108 2474 2170 accepto
2524 2098 2766 2155 victoriae
2804 2097 3057 2170 presagio
3080 2113 3137 2153 .a
3178 2096 3398 2154 clericis
3436 2096 3801 2155 cantantibus
3835 2117 3847 2153 :

2250 2190 2598 2248 Praecinxisti
2633 2207 2714 2244 me
2748 2190 2942 2244 virtute
2967 2187 3038 2242 ad
3064 2186 3281 2255 bellum,
3331 2187 3552 2245 Alarico
3598 2187 3850 2262 Wisigo-

2250 2286 2473 2343 tborurn
2494 2285 2609 2358 regi
2636 2284 3008 2355 congreditur,
3034 2296 3212 2353 eoque
3248 2289 3551 2352 perempto,
3578 2281 3852 2353 quicquid

2250 2376 2551 2433 Galliarum
2594 2374 2887 2448 Wisigothi
2921 2372 3296 2444 possidebant,
3336 2372 3406 2428 ad
3451 2381 3642 2444 partes
3678 2373 3854 2431 Fran-

2251 2485 2442 2526 corum
2472 2467 2779 2534 transtulit;
2808 2474 2866 2523 et
2895 2466 3158 2525 invadens
3178 2463 3433 2521 Tolosam
3472 2464 3666 2522 sedem
3698 2468 3852 2537 regni

2250 2560 2582 2628 Gothorum,
2605 2576 2780 2632 usque
2806 2560 2875 2616 ad
2896 2558 3161 2632 Pyrineos
3185 2565 3402 2614 montes
3419 2572 3654 2629 regnum
3682 2556 3854 2614 Fran-

2251 2670 2443 2712 corum
2478 2653 2746 2710 dilatavit.
2776 2651 2974 2709 Fertur
2997 2651 3163 2709 etism
3202 2664 3394 2706 muros
3428 2647 3734 2706 Ecolismae
3764 2667 3855 2706 ur-

2251 2747 2338 2803 bis
2384 2756 2511 2803 ante
2554 2743 2752 2801 faciem
2799 2745 2923 2815 ejus
2972 2743 3268 2800 corruisse.
3337 2739 3657 2799 Amalricus
3708 2742 3855 2800 illius

2251 2838 2453 2895 Alarici
2496 2837 2710 2908 fugiens
2752 2836 2808 2891 in
2839 2834 3180 2906 Hispaniam,
3226 2841 3420 2904 regnat
3453 2831 3527 2888 ibi
3560 2832 3735 2889 annis
3772 2833 3851 2888 l6.

2253 2929 2611 3004 (Famam)
2646 2928 3053 3001 Sigismundus,
3085 2933 3303 2983 mortuo
3341 2932 3496 2996 patre
3537 2938 3667 2984 suo.
3699 2925 3854 2983 Gun-

2250 3022 2524 3089 debaudo,
2555 3029 2747 3091 regnat
2782 3020 2837 3075 in
2871 3017 3205 3090 Burgundia.
3254 3014 3579 3089 [Gibrianus
3622 3013 3855 3073 Scottus

634 3106 734 3179 (Η.
760 3109 857 3179 οη.)
899 3109 958 3165 in
996 3107 1180 3167 Africa
1209 3110 1479 3184 Olimpius
1509 3113 1754 3184 quidam,
1797 3115 1926 3170 dum
1959 3115 2013 3169 in
2036 3115 2151 3170 bal-
2177 3129 2225 3193 ε
2254 3105 2380 3171 cum
2428 3113 2690 3169 fratribus
2717 3121 2772 3168 et
2808 3110 3096 3166 sororibus
3142 3107 3199 3164 in
3244 3106 3416 3167 Gallia
3442 3106 3854 3178 peregrinatus,

565 3201 684 3257 neis
729 3200 784 3256 in
834 3210 1082 3259 sanctam
1131 3201 1456 3260 Trinitatem
1509 3205 1932 3277 blaSphemarct,
1980 3207 2151 3278 ignita

568 3291 743 3359 iaculo
771 3294 982 3366 caelitus
1014 3294 1285 3363 veniente,
1317 3296 1606 3353 visibiliter
1626 3299 1946 3355 combustus
1972 3306 2075 3353 est.

570 3384 689 3444 ἀοι.
758 3387 847 3442 12.
919 3388 1010 3443 24.
1086 3388 1176 3445 20.
1252 3390 1344 3445 25.
1418 3390 1505 3447 15.
1585 3389 1672 3446 1.0.
1747 3390 1833 3446 16.
1911 3392 1996 3446 15.
2055 3391 2146 3448 43.

634 3476 735 3552 (Η.
760 3480 858 3551 in.)
889 3478 1363 3554 Constantinopoli
1397 3483 1528 3539 dum
1572 3480 1847 3540 Dcuterus
1884 3484 2152 3540 Arrianus

569 3570 850 3642 spisc0pus
879 3570 1107 3628 Barbam
1129 3568 1399 3645 quendam
1432 3573 1751 3645 baptizaret,
1778 3576 1841 3630 ct
1854 3575 1993 3631 male
2032 3568 2150 3633 dis-

562 3660 815 3734 tinguens
877 3662 1222 3732 Trinitatem,
1269 3665 1475 3720 diceret
1504 3682 1516 3719 :
1544 3664 1775 3736 Baptizo
1827 3675 1898 3732 te,
1946 3665 2148 3735 Barba,

562 3768 616 3807 ιη
642 3755 853 3823 nomine
886 3753 1071 3810 Patris
1093 3773 1186 3827 per
1206 3755 1415 3811 Filium
1445 3756 1503 3811 in
1539 3754 1747 3827 Spiritu
1778 3747 1983 3826 sancto,
2010 3774 2151 3830 aqua

560 3845 853 3916 disparuit.
1875 3839 1885 3852 ’

635 3939 762 3993 505.
830 3938 917 3993 15.
975 3939 1067 3995 25.
1133 3939 1225 3994 21.
1289 3939 1382 3996 26.
1452 3941 1539 3997 14.
1608 3942 1696 3997 1|.
1762 3943 1850 3999 17.
1904 3944 1993 4001 14.
2059 3946 2149 4002 44.

639 4027 738 4086 (ιι.
769 4029 867 4101 m.)
890 4028 1296 4088 Alamundarus
1322 4045 1420 4088 rex
1443 4020 1843 4090 Saracenorum
1866 4035 1936 4090 ab
1962 4037 2153 4092 ortho-

564 4120 729 4178 doxis
770 4120 1100 4191 baptizatus,
1143 4138 1269 4181 cum
1297 4138 1425 4179 eum
1455 4125 1654 4180 vellent
1681 4124 1954 4182 Euticiani
1988 4129 2155 4184 sedu-

564 4228 713 4279 cere,
773 4211 971 4268 refellit
1009 4229 1106 4270 eos
1151 4213 1255 4271 bac
1298 4213 1549 4271 fabulosa
1586 4215 1922 4286 inductione,
1968 4219 2156 4276 dicens

558 4302 714 4373 quod
774 4303 985 4359 litteras
1036 4304 1327 4374 acceperit,
1390 4303 1708 4362 Michaelem
1767 4307 2156 4383 archangelum

561 4400 848 4448 mortuum
879 4407 1031 4460 esse;
1060 4391 1274 4464 illisque
1305 4392 1783 4463 respondentibus,
1816 4395 1921 4451 hoc
1946 4396 2155 4468 impos-

2253 3203 2444 3259 urbem
2478 3201 2802 3259 Remensem
2827 3208 2885 3255 et
2907 3199 3018 3254 vita
3048 3208 3104 3255 et
3134 3205 3311 3254 morte
3342 3212 3441 3269 sua
3477 3196 3730 3252 illustrat
3764 3194 3853 3266 “.1

2253 3296 2410 3373 (Vita
2440 3296 2499 3353 S.
2536 3296 2637 3368 Μ.)
2666 3295 2904 3353 Faustus
2934 3293 2992 3350 S.
3026 3292 3305 3351 Benedicti
3327 3290 3657 3362 discipulus,
3700 3303 3758 3349 et
3788 3292 3857 3346 ab

2250 3404 2319 3445 eo
2359 3406 2486 3446 cum
2522 3388 2713 3443 Mauro
2759 3389 2817 3444 in
2860 3387 3064 3444 Gallias
3111 3387 3217 3442 hoc
3262 3401 3410 3447 anno
3456 3387 3853 3452 transmissus,

2253 3480 2447 3536 scribit
2472 3480 2528 3534 in
2558 3477 2681 3533 Vita
2706 3477 2853 3535 illius
2874 3475 3071 3543 Mauri,
3104 3475 3163 3530 S.
3201 3473 3556 3530 Benedictum
3578 3473 3857 3540 claruisse

2251 3570 2591 3641 temporibus
2612 3568 2812 3627 lustini
2835 3567 3071 3625 senioris
3089 3575 3144 3623 et
3168 3564 3426 3623 llilderici
3447 3564 3854 3622 Wandalorum

2246 3663 2434 3735 regis;
2485 3662 2715 3730 addens,
2763 3660 2913 3732 quod
2948 3675 3016 3716 eo
3045 3667 3291 3730 tempore
3327 3673 3424 3714 rex
3474 3656 3858 3713 Theodericus

2253 3755 2631 3812 Simmachum
2676 3752 2966 3824 patricium
2987 3760 3043 3806 et
3060 3748 3369 3805 Johannem
3396 3763 3596 3821 papam
3630 3746 3856 3803 occide-

2252 3853 2346 3909 rit.
2394 3850 2884 3922 Scribitquoque,
2925 3847 3159 3909 eundem
3209 3845 3560 3903 Benedictum
3606 3844 3720 3902 hoc
3764 3860 3858 3901 eo-

2252 3945 2378 4001 dem
2405 3958 2573 4010 anno,
2603 3957 2715 4013 quo
2742 3940 2968 3998 Maurus
2987 3939 3056 3995 ad
3080 3938 3286 3994 Gallias
3312 3936 3588 4003 tendebat,
3620 3935 3855 4000 abiisse.

2228 4037 2325 4093 ~12
2347 4035 2466 4091 Kal.
2493 4034 2692 4107 April.,
2718 4034 2856 4094 hora
2883 4031 2991 4089 diei
3019 4030 3178 4102 quasi
3204 4029 3400 4120 tertia;
3428 4027 3577 4100 quod
3606 4042 3681 4084 eo
3705 4043 3858 4120 anno

2230 4129 2313 4185 ‘in
2366 4128 2600 4185 sabbato
2653 4125 2875 4197 paschae
2939 4118 3287 4195 proveniant»,
3345 4120 3588 4191 primum
3647 4118 3856 4191 pascha

2256 4219 2428 4275 fuisse
2451 4218 2811 4275 demonstrat.
2862 4214 2937 4272 Se
2968 4226 3193 4286 quoque
3230 4212 3367 4270 dicit
3404 4211 3461 4269 in
3505 4210 3723 4275 Gallias
3761 4227 3859 4267 ve-

2227 4346 2230 4350 ι
2256 4313 2407 4371 uisse
2440 4321 2689 4382 tempore
2724 4308 2877 4381 regis
2901 4303 3285 4373 Theodeberti,
3322 4302 3536 4374 nepotis
3561 4299 3857 4359 Ludovici

2257 4403 2421 4475 regis.
2460 4399 2602 4469 Quia
2630 4413 2762 4472 ergo
2785 4398 2878 4454 ille
2898 4395 3139 4467 scripsit,
3162 4409 3287 4466 qum
3304 4392 3538 4461 viderat,
3567 4390 3859 4463 quomodo

560 4484 728 4542 sibile
753 4500 896 4552 esse,
925 4485 1073 4556 quod
1121 4485 1299 4556 angeli
1350 4484 1459 4541 sint
1506 4486 1861 4556 impossibilia
1899 4496 2151 4545 naturae:
2188 4483 2233 4542 ι)
2259 4497 2365 4552 hoc
2388 4490 2796 4563 consequentia
2818 4489 3186 4562 hystoriarum
3212 4484 3525 4552 conveniat,
3565 4482 3672 4556 qui
3718 4483 3861 4538 valet

570 4576 843 4643 Quomodo
865 4594 1009 4651 ergo,
1034 4577 1231 4650 inquit,
1254 4577 1541 4633 secundum
1565 4595 1653 4634 ros
1674 4579 1847 4634 nudus
1866 4582 2154 4652 cruciﬁxus

554 4658 645 4725 est
675 4667 951 4738 Christus,
982 4670 1087 4725 nisi
1118 4669 1347 4725 duarum
1377 4677 1691 4726 naturarum
1718 4680 1872 4739 esset,
1907 4673 2152 4728 uitando-

564 4760 782 4831 quidem
815 4778 908 4816 nec
932 4760 1149 4832 angelus
1178 4771 1417 4817 mortuus
1442 4771 1520 4816 est
1544 4762 1571 4817 .’

636 4852 768 4910 506.
842 4854 929 4909 14.
996 4852 1088 4909 26.
1146 4853 1238 4909 22.
1300 4854 1393 4909 27.
1451 4854 1540 4910 15.
1614 4854 1835 4911 12.18.
1901 4856 1991 4913 15.
2062 4859 2154 4916 45.

642 4944 731 5015 (G.
763 4962 808 5001 r.
838 4944 934 5017 Γ.)
966 4944 1295 5022 Ludowicus
1324 4953 1377 5001 et
1410 4945 1663 5003 Alaricus
1690 4963 1849 5020 reges
1877 4948 2157 5008 confoede-

565 5042 781 5093 rantur.
822 5034 1012 5109 (Gnss.
1040 5035 1202 5109 Tus.)
1228 5035 1559 5105 Quintianus
1582 5034 1914 5096 Rutenensis
1939 5041 2159 5113 episco»

442 5192 445 5195 _
564 5145 674 5203 pus
709 5138 766 5187 et
791 5128 1097 5193 Maxentius
1124 5129 1462 5188 Pictavensis
1488 5131 1659 5189 abbas
1689 5130 1901 5190 clarent
1938 5134 1993 5193 in
2025 5136 2157 5193 Gal-

2259 4586 2525 4652 advertat,
2550 4591 2603 4638 et
2631 4580 2728 4653 qui
2755 4579 3010 4647 advertit,
3038 4584 3276 4649 _eXponat
3308 4574 3437 4647 (165
3461 4575 3524 4645 ⁸).

2330 4676 2457 4733 510.
2534 4674 2619 4730 18.
2678 4671 2772 4729 50.
2837 4671 2929 4728 26.
2998 4670 3089 4726 51.
3165 4667 3252 4724 19.
3332 4666 3421 4722 16.
3486 4665 3538 4719 1.
3604 4662 3697 4719 19.
3767 4663 3855 4717 19.

2329 4767 2421 4841 (G.
2445 4785 2492 4824 r.
2517 4766 2613 4838 F.)
2636 4764 2968 4822 Ludowicus
2991 4777 3088 4821 rex
3111 4761 3182 4818 ab
3200 4757 3496 4819 Anastasio
3519 4756 3863 4827 imperatore

2258 4860 2555 4920 codicellos
2595 4859 2664 4916 de
2709 4855 3002 4916 consulatu
3044 4862 3103 4912 et
3141 4867 3405 4911 coronam
3455 4864 3685 4907 auream
3729 4863 3859 4905 cum

2256 4952 2490 5027 gemmis
2531 4959 2589 5007 et
2630 4950 2874 5007 tunicam
2912 4948 3169 5007 blatteam
3207 4942 3439 5016 accepit,
3482 4949 3539 4999 et
3569 4956 3642 4995 ex
3673 4954 3744 4994 ea
3773 4938 3863 4993 die

2258 5043 2455 5103 consul
2475 5052 2533 5100 et
2552 5048 2824 5113 angustus
2851 5046 2938 5097 cst
2962 5035 3287 5110 appellatus.
3326 5033 3448 5106 ipse
3472 5046 3607 5088 vero
3628 5046 3726 5086 rex
3762 5029 3864 5085 mi—

2259 5138 2334 5194 sit
2360 5136 2551 5192 Rornae
2573 5134 2632 5190 S.
2660 5134 2827 5193 Petro
2852 5146 3114 5189 coronam
3161 5142 3387 5187 auream
3426 5139 3556 5187 cum
3594 5121 3862 5196 geminis,

2260 5245 2386 5301 qua:
2410 5244 2643 5301 regnum
2666 5225 2931 5298 appellari
2958 5224 3120 5283 solet.

1851 5292 2088 5375 νΑἰιω
2128 5292 2533 5380 Lacrimas.

643 5406 688 5441 ⁸⁸
716 5408 796 5482 11.
827 5415 885 5463 ut
915 5405 1150 5473 videtur;
1192 5404 1308 5461 rell.
1356 5405 1553 5461 Desunt
1587 5406 1652 5462 A.

2096 5493 2328 5557 ΝΟΤΕ.

646 5590 854 5657 (165⁸.)
889 5587 1023 5646 ,ιω-θ
1070 5590 1175 5645 suo
1229 5586 1446 5643 dubitat
1476 5584 1827 5659 _Sigebertus.
1856 5585 1984 5653 Sed,
2033 5601 2158 5656 qua:

573 5656 719 5716 banc
743 5660 1111 5717 dillicultatem
1142 5666 1333 5715 creant
1375 5656 1626 5713 notiones
1670 5666 2001 5729 temporum,
2048 5672 2159 5712 non

571 5739 706 5801 sunt
738 5731 843 5787 illae
879 5746 910 5787 a
947 5731 1152 5788 Fausto
1173 5729 1448 5801 profectae,
1475 5729 1569 5784 sed
1597 5730 1667 5784 ab
1686 5728 1876 5785 OdOne
1917 5728 2159 5801 Glanna-

572 5798 795 5858 foliensi
827 5796 1190 5872 interpolatae,
1216 5818 1342 5860 cum
1381 5800 1581 5859 sacculo
1612 5816 1757 5858 nono
1786 5815 1983 5857 novam
2011 5796 2157 5855 illius

2264 5585 2401 5672 Vitae
2440 5587 2645 5713 fascret
2680 5587 2998 5670 editionem,
3045 5600 3215 5686 quam
3257 5582 3577 5666 Sigebertus
3618 5597 3722 5654 pro
3767 5598 3864 5707 gl:-

2264 5674 2432 5713 numa
2533 5668 2606 5713 ita
2663 5659 2875 5713 habuit.
2928 5655 3008 5713 lta
3055 5672 3171 5713 rem
3213 5656 3352 5713 bene
3395 5655 3634 5713 explicat
3671 5650 3742 5709 ν.
3842 5691 3858 5709 .

2262 5660 2461 5785 ιὲἰῄηιιὴ
2484 5650 2606 5717 Vita
2663 5658 2875 5717 habuit.
2928 5650 3008 5715 Ita
3055 5650 3171 5717 rem
3208 5650 3352 5714 bene
3395 5650 3637 5728 explicat
3671 5650 3742 5709 ν.
3772 5650 3858 5709 ἶ).

2316 5746 2425 5787 irsc
2470 5770 2483 5785 .
