4046 6318
268 293 351 351 9'7

350 410 484 465 511.
558 406 625 464 II.
675 408 761 463 I9.
826 405 886 462 P.
930 405 1020 463 51.
1085 405 1146 461 F.
1191 404 1279 462 27.

597 498 686 554 W.
718 499 809 554 “ﬂ.
888 498 977 554 W.
1012 499 1097 553 I7.
1166 497 1232 553 0.
1260 499 1318 554 2.
1388 496 1452 553 II.
1482 497 1575 553 20.

344 589 455 661 (Η.
488 591 589 663 ut)
618 590 993 647 Theodericus
1031 606 1127 651 rex
1158 588 1341 655 Ita'lize,
1373 588 1501 645 Ibba
1545 590 1743 646 comite
1768 606 1874 647 suo

260 694 476 738 contra
512 682 757 738 Francos
778 682 968 749 misso,
1006 680 1229 754 triginta
1258 681 1408 737 milia
1432 682 1637 739 occidit
1656 698 1871 750 eorum,

261 776 327 829 in
361 775 667 831 vindictam
699 774 850 833 necis
884 774 1086 832 Alarici
1108 777 1293 847 generi
1324 776 1431 834 sui.

278 871 286 877 ’
347 868 486 923 512.
558 869 649 924 20.
716 869 808 924 52.
873 870 965 926 28.
1040 870 1132 925 55.
1186 870 1284 926 ⁷21.
1351 871 1440 927 18.
1497 871 1550 927 5.
1622 871 1713 927 21.
1779 871 1869 927 51.

274 969 279 977 ‘
336 956 536 1015 Prima
576 958 822 1032 synodus
859 975 893 1016 a
929 959 1158 1017 Francis
1194 960 1354 1032 jussu
1398 961 1678 1018 Ludovici
1729 962 1874 1034 regis

258 1044 596 1105 Aurelianis
643 1049 831 1105 habita
874 1059 978 1117 est,
1024 1050 1081 1105 in
1129 1065 1238 1121 qua
1281 1050 1652 1107 decernuntur
1698 1052 1869 1108 multa

255 1142 543 1198 «ecclesiae
570 1142 746 1198 utilia.
788 1140 1063 1199 Genovefa
1088 1142 1247 1215 virgo
1284 1139 1614 1200 Parisiensis
1652 1153 1875 1215 octoge-

256 1234 436 1288 naria
467 1235 666 1290 transit
688 1234 756 1290 ad
790 1234 1104 1290 Dominum.
1764 1254 1773 1261 '

336 1324 476 1378 5I3.
546 1325 638 1380 21.
701 1325 794 1380 55.
863 1324 954 1381 29.
1016 1325 1107 1381 54.
1172 1324 1264 1380 22.
1342 1325 1428 1382 19.
1493 1325 1548 1381 4.
1610 1326 1703 1383 22.
1778 1326 1867 1382 52.

339 1415 449 1486 (γ.
488 1416 648 1486 Arn.)
696 1415 933 1474 Sanctus
974 1417 1262 1486 Arnulfus,
1311 1418 1489 1475 sancti
1535 1418 1769 1491 Remigii
1813 1420 1869 1475 in

256 1507 553 1579 baptismo
586 1509 754 1578 illius,
781 1510 838 1566 in
856 1510 1033 1569 Gallia
1067 1512 1258 1578 claret,
1284 1512 1378 1583 qui
1404 1520 1528 1582 post
1569 1512 1771 1570 multos
1812 1511 1869 1568 in

253 1600 610 1670 predicando
653 1599 936 1658 Christum
965 1618 1169 1675 agones
1197 1603 1604 1675 martyrisatus,
1648 1605 1704 1660 in
1733 1605 1869 1661 silva

255 1690 615 1748 Parisiorum
655 1691 914 1765 Aquilina
947 1709 979 1748 a
1025 1692 1370 1765 Scariberga,
1413 1693 1657 1765 conjuge,
1696 1709 1870 1765 quoa-

249 1782 397 1840 dam
445 1801 569 1852 sua,
612 1786 916 1843 tumulatus
956 1794 1060 1841 est.

326 1879 466 1935 514.
533 1879 627 1936 22.
701 1880 792 1936 54.
857 1878 948 1935 50.
1012 1878 1105 1934 55.
1170 1877 1263 1934 25.
1328 1877 1420 1933 20.
1485 1878 1540 1933 5.
1603 1876 1696 1934 25.
1768 1878 1859 1936 55.

328 1971 433 2045 (6.
471 1991 518 2028 r.
557 1972 652 2044 F.)
682 1972 1013 2029 Ludowieus
1040 1987 1159 2040 rex,
1190 1987 1360 2044 regno
1382 1970 1724 2029 Francorum
1764 1987 1864 2042 per

250 2082 466 2123 omnes
499 2065 708 2123 Gallias
727 2065 957 2128 dilatato
975 2075 1032 2121 et
1056 2064 1298 2137 legitime
1319 2073 1373 2119 et
1400 2063 1625 2135 pacifice
1661 2064 1859 2121 eontir»

251 2167 440 2225 meto,
465 2159 718 2214 moritur.
759 2156 1052 2214 Lotharius
1075 2157 1221 2213 filius
1249 2156 1394 2227 ejus,
1419 2157 1748 2227 eompartito
1784 2174 1864 2213 rc-

250 2265 370 2320 gno
403 2265 536 2305 cum
568 2235 831 2307 fratribus
873 2250 992 2307 suis
1035 2248 1398 2316 Theoderico,
1439 2248 1765 2306 Clodomerc
1807 2257 1864 2304 et

251 2337 609 2409 Hildeberto,
645 2350 836 2414 regnat
878 2342 1041 2399 annis
1079 2341 1151 2398 50
1173 2342 1241 2397 ⁸ο.
1294 2339 1552 2398 Sororem
1589 2341 1710 2412 ejus
1751 2340 1862 2398 Ro-

252 2434 494 2490 thildem
541 2434 850 2492 Amalricus
898 2451 995 2492 rex
1032 2434 1467 2507 Wisigotharum
1498 2450 1724 2491 uxorem
1759 2437 1862 2494 du-
1900 2500 1901 2503 η

251 2529 357 2585 xit.

330 2622 468 2678 315.
547 2621 641 2678 25.
698 2621 788 2678 55.
867 2621 919 2676 1.
992 2619 1084 2676 56.
1153 2619 1244 2675 24.
1308 2620 1399 2675 21.
1475 2620 1530 2676 6.
1602 2622 1693 2678 24.
1756 2622 1853 2680 54.

326 2713 425 2784 (6.
457 2731 506 2768 r.
534 2711 629 2785 Ρ.)
662 2713 778 2769 Rex
811 2712 1143 2784 Burgundize
1165 2710 1576 2785 Sigismundus,
1615 2715 1710 2785 qui
1741 2731 1860 2772 mo-

252 2813 567 2868 nasterium
598 2806 1009 2879 Agaunensium
1051 2812 1466 2873 construxerat,
1496 2805 1665 2864 tilium
1695 2824 1857 2864 suum

253 2898 577 2973 Sigericum
624 2900 876 2971 peremit,
928 2899 1076 2954 malo
1127 2913 1378 2954 novercae
1430 2897 1579 2955 illius
1627 2902 1858 2958 consilio

250 3008 417 3049 usus.
470 2991 578 3059 Qui
619 2991 949 3062 competenti
998 2991 1333 3062 paenitentia:
1378 3006 1438 3046 se
1476 2992 1756 3061 addieens,
1803 3002 1860 3050 et

1755 282 2126 344 CIIRON‘ICA.
2224 297 2237 304 ’
2354 350 2361 351 ί
3490 299 3563 355 98

1347 403 1406 459 ι..
1442 404 1532 459 ss.
1602 403 1666 458 Α.
1694 402 1794 460 .50.
1902 403 1949 469 Α

2047 403 2130 474 (1⁵.
2162 402 2254 476 1).)
2281 402 2559 461 Iohannes
2586 403 2847 477 Romana:
2866 407 3127 467 moriesite
3146 410 3274 466 En"-
3299 411 3575 485 presidrt.

1977 496 2307 565 Wacheone
2342 497 2839 571 Langobardorum
2901 516 3027 573 rege
3084 501 3363 572 defuncto,
3417 504 3563 563 filius

1974 590 2095 660 ejus
2127 587 2433 653 Gualtarith
2472 589 2720 667 regnavit
2753 592 2915 650 annis
2938 591 2992 650 7.

1975 685 2101 742 520.
2177 686 2233 743 δ.
2308 685 2398 742 40.
2475 687 2529 742 θ.
2610 687 2661 743 ι.
2736 676 2996 767 29.26;
3074 688 3162 746 η.
3236 691 3388 748 29".
3464 692 3559 753 ss.

2047 777 2134 850 (ε.
2164 796 2210 835 r.
2247 778 2338 851 ε’.)
2364 777 2768 851 Chlodomeris,
2811 766 2980 839 frater
3032 780 3279 839 Lotharii
3310 774 3477 857 regis,
3506 795 3562 843 et

1976 866 2176 926 fratres
2201 868 2342 939 ejus,
2377 870 2639 935 instinctu
2691 869 2965 931 Rothildis
2993 872 3186 929 matris
3222 889 3338 930 sua:
3379 875 3562 932 insur-

1973 970 2111 1034 gunt
2136 962 2192 1018 in
2224 960 2638 1035 Sigismundum
2672 972 2730 1020 et
2772 964 3162 1032 Codemamm,
3212 964 3356 1043 ﬁlios
3405 966 3562 1022 Gun-

1973 1054 2207 1115 dehaudi
2255 1054 2423 1125 regis,
2469 1055 2537 1111 ad
2571 1055 2957 1123 vindicandam
2990 1072 3180 1123 necem
3209 1056 3346 1113 aviae
3366 1073 3482 1113 suae
3507 1069 3563 1114 et

1973 1144 2060 1200 avi
2087 1146 2171 1201 sui
2201 1144 2516 1217 Chilperici.
2543 1146 2602 1202 In
2629 1162 2929 1219 congressu
2974 1146 3363 1219 Sigismundus
3404 1149 3561 1220 capi-

1872 1274 1875 1277 ι
1972 1242 2082 1303 tur,
2111 1234 2454 1315 Goderamus
2506 1235 2633 1308 fuga
2666 1237 2921 1293 elabitur.
2959 1236 3058 1309 (11.
3118 1237 3215 1308 m.)
3266 1237 3416 1294 Bello
3438 1246 3561 1295 orto

1973 1325 2112 1382 inter
2144 1325 2424 1383 Romanos
2464 1337 2519 1383 et
2554 1327 2774 1395 Persas,
2820 1326 3075 1384 Chuades
3120 1344 3215 1385 rex
3262 1327 3558 1403 Persarum

1973 1416 2249 1475 Zeliobem
2286 1435 2469 1491 regem
2499 1418 2810 1489 Hunorum,
2852 1420 3158 1476 venientem
3202 1435 3331 1476 eum
3368 1423 3560 1495 viginti

1972 1508 2195 1567 milibus
2246 1511 2500 1567 auxiliari
2548 1512 2653 1568 sibi
2704 1520 2896 1568 contra
2957 1510 3272 1582 Romanos,
3328 1514 3562 1571 inmissa

1970 1602 2211 1661 exercitu
2243 1603 2463 1671 occidit,
2485 1611 2541 1659 et
2574 1613 2749 1661 totum
2790 1619 2947 1676 paene
2979 1604 3100 1676 ejus
3128 1605 3430 1661 exercitum
3459 1607 3559 1663 de»

1970 1690 2117 1760 levit,
2140 1700 2456 1764 suspectum
2477 1708 2604 1749 eum
2627 1693 2858 1763 habens,
2880 1695 3027 1765 quod
3050 1694 3309 1766 utrinque
3330 1712 3559 1755 munera

1896 1765 1941 1822 Β
1967 1782 2262 1854 acceperit,
2292 1792 2349 1840 et
2394 1799 2427 1839 a
2470 1799 2529 1840 se
2563 1792 2755 1839 contra
2802 1782 3106 1852 Romanos,
3149 1795 3205 1841 et
3219 1765 3259 1842 ia
3293 1769 3561 1844 Romanis

1964 1884 2158 1931 contra
2184 1890 2264 1931 se.
2290 1875 2507 1931 Abhinc
2552 1891 2781 1950 regnum
2812 1873 3099 1931 Hunorum
3139 1884 3406 1955 annotare
3432 1893 3559 1933 ces-

1964 1966 2119 2034 sabo,
2147 1967 2277 2039 quia
2309 1982 2502 2023 omnes
2530 1967 2710 2038 gentis
2738 1967 2885 2023 illius
2926 1982 3084 2040 reges
3113 1966 3369 2047 Kagapos
3389 1985 3558 2024 voca-

1965 2068 2054 2116 tos
2085 2060 2226 2132 lego,
2255 2068 2311 2115 et
2340 2060 2547 2116 nullam
2585 2059 2956 2131 distinguendi
2984 2061 3375 2132 proprietatem
3399 2048 3555 2119 inve-

1964 2151 2077 2207 nio.
2102 2149 2237 2224 (1b.)
2259 2148 2674 2209 Trasamundus
2692 2167 2789 2206 rex
2807 2150 3197 2207 Wandalorum
3220 2149 3555 2210 Hildericum

1963 2243 2136 2299 tilium
2165 2259 2328 2299 suum
2360 2259 2432 2301 ex
2453 2242 2722 2312 Eudoxia,
2754 2243 2867 2299 tilia
2897 2240 3266 2300 Valentiniani
3312 2244 3556 2316 impera-

1961 2334 2099 2390 toris
2121 2350 2152 2389 a
2174 2332 2471 2391 Genserieo
2491 2335 2785 2406 captivata,
2816 2335 3071 2408 astringit
3091 2345 3459 2405 sacramento,
3486 2353 3559 2394 ne

1961 2425 2249 2482 catholicis
2283 2425 2340 2481 in
2367 2440 2538 2496 regno
2564 2441 2668 2482 suo
2695 2425 3045 2493 consuleret;
3076 2425 3173 2497 qui
3217 2434 3374 2498 patre
3400 2441 3554 2482 mor-

1953 2515 2077 2586 ‘tuo,
2100 2528 2395 2591 antequam
2421 2534 2654 2591 regnum
2680 2518 3006 2590 susciperet,
3032 2533 3225 2575 omnes
3251 2519 3556 2575 catholicos

1960 2612 2031 2666 ab
2046 2610 2233 2669 exiliis
2267 2610 2438 2681 jussit
2472 2608 2742 2677 revocari,
2774 2618 2829 2665 et
2861 2608 3134 2681 episcopis
3161 2608 3443 2666 acclesias
3466 2623 3555 2667 re-

1961 2702 2207 2759 formari.
2268 2701 2469 2774 Sicque
2517 2712 2776 2774 suscepto
2826 2717 3001 2774 regno
3025 2743 3043 2771 ,
3097 2702 3348 2774 regnavit
3394 2704 3555 2760 annis

1959 2804 2106 2862 octo,
2155 2795 2391 2851 evolutis
2444 2794 2790 2867 septuaginta
2838 2803 3075 2865 quatuor
3126 2795 3311 2863 annis,
3346 2808 3415 2851 ex
3442 2809 3557 2866 quo

1958 2887 2292 2945 Genserieus
2310 2903 2449 2944 avus
2468 2887 2591 2959 ejus
2620 2895 2827 2945 statum
2851 2885 3114 2944 assolesiae
3133 2886 3189 2943 in
3212 2886 3400 2944 Africa
3426 2903 3556 2959 pro-

1958 2978 2190 3039 fanavit.
2928 2986 2937 2991 '

248 3040 602 3157 ἦεῖξιξσι-ἆῖιέ
623 3040 1339 3156 Xg';;;.;;.;{b.:;.‘.";.;;;
1371 3040 1860 3157 ὀὲνῌζέἐιζῖιὶιῖᾱ
1883 3107 1933 3172 ο
1962 3072 2114 3172 ιε»εῇΔ
2155 3052 2409 3172 ,ιι-41.-
2464 3040 2555 3172 7._’
2589 3071 2645 3127 ε.
2720 3071 2810 3129 50.
2887 3072 2939 3127 ι.
3017 3070 3106 3127 η.
3180 3069 3271 3129 ω.

250 3176 465 3248 dignus
503 3175 665 3230 fuerit
698 3174 882 3242 venia,
928 3182 1163 3230 testatur
1206 3174 1398 3230 crebra
1448 3182 1574 3245 post
1622 3186 1854 3232 mortem

250 3271 378 3339 ejus
425 3285 525 3338 per
551 3284 678 3324 eum
715 3267 903 3324 multis
930 3283 1192 3325 concessa
1232 3267 1530 3324 sanitatum
1570 3271 1764 3342 gratia,
1804 3276 1859 3327 et

251 3377 350 3431 per
388 3377 524 3416 eum
564 3359 1001 3416 febricitantibus
1032 3348 1239 3416 indulta
1270 3361 1502 3416 curatio.
1548 3359 1686 3434 [Hoc
1712 3369 1856 3418 tem-

251 3468 393 3523 pore
425 3453 486 3508 in
520 3450 849 3507 Alexandria
881 3451 1040 3506 multi
1066 3450 1353 3522 utriusque
1391 3466 1555 3508 sexus
1595 3453 1798 3526 arrepti
1824 3468 1856 3511 a

250 3546 517 3613 demone,
546 3554 769 3615 repente
796 3544 957 3616 quasi
981 3558 1147 3601 canes
1169 3544 1445 3600 latrabant
1469 3542 1564 3618 ⁸¹.]

321 3637 458 3693 516.
529 3637 623 3692 24.
692 3634 782 3691 56.
853 3635 909 3691 2.
974 3635 1063 3690 57.
1134 3635 1227 3691 25.
1297 3635 1388 3691 22.
1466 3636 1516 3691 7.
1585 3637 1678 3693 25.
1757 3639 1852 3696 55.

323 3727 529 3799 (Gneo.
582 3725 747 3797 Tun.)
799 3724 1175 3781 Theodericus
1219 3739 1337 3793 rex,
1381 3723 1552 3782 frater
1583 3726 1852 3798 Lotharii,

248 3820 694 3877 Chlochilaicum
739 3832 922 3890 regem
965 3817 1243 3875 Danorum
1290 3817 1495 3876 Gallias
1547 3829 1854 3878 vastantem

253 3913 502 3985 perimit.

320 4004 457 4061 517.
529 4002 623 4060 25.
696 4002 787 4058 57.
864 4002 921 4058 5.
994 4001 1087 4057 58.
1151 4000 1244 4057 26.
1313 4000 1405 4058 25.
1470 4001 1526 4059 8.
1597 4002 1690 4061 26.
1757 4004 1848 4060 56.

321 4096 548 4169 (Βευλ.)
579 4095 911 4151 Anastasius
939 4093 1240 4165 imperator
1271 4092 1503 4163 fulmine
1530 4110 1565 4152 a
1594 4093 1709 4153 Deo
1735 4111 1854 4166 per-

249 4205 456 4246 eussus
486 4187 667 4260 periit,
706 4194 833 4258 post
872 4200 1039 4257 quem
1067 4184 1321 4242 Justinus
1347 4186 1535 4243 senior
1580 4189 1744 4246 annis
1786 4189 1845 4245 11

246 4280 524 4352 regnavit.
550 4279 774 4338 Boetius
808 4278 1089 4334 aunitente
1120 4276 1226 4334 sibi
1253 4275 1589 4346 Simmacho,
1608 4294 1737 4336 cum
1757 4294 1853 4335 au-

249 4372 565 4428 ctoritatem
600 4372 835 4429 Romani
861 4378 1090 4427 senatus
1121 4378 1314 4428 contra
1336 4369 1742 4428 Theodericum
1760 4387 1850 4429 re-

2036 3165 2172 3238 (Ib.)
2219 3165 2446 3222 Chuade
2495 3164 2790 3222 Persarum
2839 3180 2968 3238 rege
3016 3172 3257 3233 mortuo,
3301 3161 3553 3220 Kabades

1960 3266 2088 3331 post
2112 3270 2242 3315 eum
2284 3259 2533 3331 regnavit
2557 3258 2720 3315 annis
2766 3258 2854 3315 I6.
2902 3256 3284 3315 Cblodomeris
3312 3272 3430 3324 rex,
3460 3256 3551 3312 Si-

1956 3355 2253 3428 gismundo
2280 3373 2407 3428 rege
2424 3373 2551 3414 cum
2580 3358 2753 3418 uxore
2775 3365 2832 3413 et
2865 3355 2991 3413 filiis
3018 3362 3320 3427 perempto,
3352 3354 3552 3410 iterum

1954 3462 2292 3521 congressus
2331 3447 2488 3505 fratri
2527 3449 2650 3518 ejus
2676 3448 3007 3516 Godemaro,
3038 3448 3330 3520 perimitur
3357 3447 3428 3503 ab
3460 3460 3550 3505 eo.

1955 3543 2185 3601 Boetius
2235 3542 2402 3613 longo
2434 3541 2601 3599 exilio
2620 3539 2949 3613 futigatus,a
2980 3540 3325 3598 Theoderico
3344 3538 3551 3596 Gotho-

1954 3652 2083 3695 rum
2112 3649 2240 3707 rege
2269 3633 2583 3707 perimitur.

2028 3728 2155 3785 522.
2229 3728 2285 3784 5.
2364 3728 2418 3784 I.
2493 3726 2547 3783 8.
2625 3727 2679 3783 5.
2754 3725 2846 3782 51.
2921 3725 2978 3781 2.
3057 3726 3146 3781 15.
3222 3715 3313 3782 51.

2029 3817 2187 3891 (Vita
2212 3816 2272 3874 S.
2315 3816 2521 3889 Ilum.)
2568 3815 2642 3873 Ut
2689 3816 2884 3874 scribit
2943 3814 3200 3883 Faustus,
3234 3816 3338 3885 hac
3362 3825 3546 3885 atate,

1955 3910 2169 3969 scilicet
2193 3920 2440 3980 tempore
2466 3907 2674 3966 Justini
2714 3908 2953 3966 senioris
2992 3917 3049 3965 et
3082 3907 3342 3965 Hilderiei
3370 3907 3548 3965 Wan-

1953 4004 2212 4060 dalorum
2257 4002 2424 4075 regis,
2472 4016 2661 4058 revera
2691 4000 2878 4057 ﬂoruit
2931 4010 3158 4058 sanctus
3197 4000 3543 4059 Benedictus.
3598 4056 3607 4062 .

1956 4095 2066 4153 Sed
2105 4110 2209 4188 nec
2248 4095 2318 4152 de
2337 4095 2473 4188 vita,
2651 4092 2724 4188 de
2752 4102 2937 4188 morte
2957 4093 3262 4188 ejusjﬁio
3283 4094 3544 4188 procedit

1950 4186 2258 4246 secundum
2308 4186 2521 4259 cyclum
2568 4185 2800 4243 Dionisii
2850 4184 3027 4257 (164).
3057 4176 3301 4271 (Ηζξξηξρ)
3336 4185 3548 4241 Zatbus

1952 4294 2049 4335 rex
2069 4278 2343 4335 Lazorum
2355 4275 2833 4348 Constantinopoli
2855 4276 3185 4348 baptizatur,
3209 4285 3266 4334 et
3279 4292 3311 4332 a
3329 4275 3549 4339 Iustino

1953 4370 2284 4441 imperatore
2363 4377 2654 4439 susceptus
2729 4376 3053 4424 muneratur
3101 4368 3170 4423 ³³.
3231 4367 3545 4427 Simmaeus

249 4480 374 4536 gem
416 4461 589 4520 Italia
624 4465 768 4520 tueri
796 4462 1012 4531 nititur,
1037 4463 1110 4518 ab
1134 4462 1257 4534 ipso
1276 4463 1535 4519 exiliatur
1561 4463 1749 4536 ibique
1778 4464 1847 4520 11-
1876 4461 1929 4523 1)
1948 4463 2215 4520 exconsul
2241 4478 2276 4519 a
2310 4460 2655 4519 Theoderico
2680 4475 2808 4534 rege
2830 4458 2998 4516 Italiae
3018 4460 3309 4531 perimitur
3334 4456 3337 4461 λ

248 4558 412 4613 brum
434 4557 506 4614 de
526 4555 906 4613 consolatione
926 4552 1289 4627 philosoth
1313 4555 1505 4612 edidit.

314 4646 449 4704 518.
539 4648 592 4703 1.
679 4646 770 4703 58.
840 4646 896 4703 4.
985 4645 1076 4702 59.
1145 4646 1238 4701 27.
1305 4647 1397 4704 24.
1463 4648 1519 4706 9.
1585 4649 1678 4707 27.
1751 4649 1843 4707 57.

318 4740 411 4812 (ϐ.
452 4757 499 4797 r.
539 4738 636 4812 F.)
678 4739 1053 4796 Theodericus
1095 4753 1215 4807 rex,
1256 4737 1428 4796 frater
1459 4739 1727 4811 Lotharii,
1774 4743 1846 4800 ab

242 4832 599 4892 Ermenfrido
628 4847 754 4907 rege
771 4830 1206 4904 Thuringorum,
1233 4833 1303 4887 ad
1326 4833 1705 4903 perimendum
1725 4834 1844 4893 fra-

2024 4553 2153 4610 525.
2228 4554 2282 4610 6.
2358 4553 2416 4609 2.
2492 4552 2544 4608 9.
2623 4553 2678 4608 4.
2756 4548 2845 4607 32.
2922 4552 2975 4607 δ.
3054 4550 3143 4607 14.
3219 4551 3309 4627 52.

2026 4643 2243 4716 (Deum)
2288 4643 2541 4702 Justinus
2594 4643 2863 4700 Arrianos
2930 4641 3135 4713 ubique
3189 4640 3545 4699 exterminari

1949 4736 2134 4795 edicit.
2162 4736 2246 4792 Ad
2269 4737 2416 4808 quod
2435 4736 2676 4793 edictum
2705 4735 3065 4793 dedicendum
3097 4730 3378 4792 Iohannes
3405 4752 3544 4808 papa

1948 4843 1981 4884 a
2032 4843 2159 4902 rege
2206 4826 2375 4885 Italia:
2406 4826 2744 4885 Theoderico
2794 4827 3030 4883 Arriano
3078 4839 3134 4884 et
3182 4826 3544 4884 Arrianorum

247 4935 391 4983 trem
432 4927 582 4984 illius
634 4926 981 4994 Badericum,
1026 4923 1280 4997 pactione
1336 4924 1645 4983 medietatis
1690 4929 1845 5000 regni
1943 4921 2233 4979 defensore
2277 4918 2816 4992 Constantinopolim
2871 4919 3097 4986 missus,
3144 4930 3272 4975 ante
3326 4927 3544 4989 portam

248 5019 399 5073 iliius
444 5019 728 5087 invitatus,
765 5018 1093 5078 Baderieum
1137 5032 1321 5091 regem
1359 5016 1615 5088 perimit-
1648 5017 1841 5092 (11η.)
1945 5014 2100 5070 urbis
2128 5029 2334 5070 czeeum
2386 5013 2756 5082 illuminavit;
2795 5022 2851 5069 et
2897 5026 3122 5084 compos
3165 5011 3447 5084 petitionis
3473 5010 3542 5066 ad

247 5106 418 5180 Virgo
453 5106 550 5163 Dei
584 5106 800 5181 Brigida
835 5109 1021 5167 Seotta
1055 5110 1193 5167 obiit
1224 5110 1282 5166 in
1328 5107 1558 5166 Scottia.

248 5203 377 5259 519.
452 5202 508 5257 2.
583 5199 674 5256 39.
749 5199 805 5255 5.
879 5198 969 5255 40.
1045 5202 1139 5257 28.
1218 5204 1314 5261 25.
1398 5201 1489 5259 10.
1567 5199 1661 5257 28.
1740 5200 1832 5257 58.

1944 5103 2343 5161 Theodericum
2390 5119 2697 5176 regressus,
2742 5102 3017 5162 Ravennae
3050 5106 3120 5162 ab
3141 5123 3208 5163 eo
3237 5107 3291 5162 in
3321 5115 3543 5160 carcere

1938 5197 2310 5264 excruciatus,
2368 5193 2518 5252 fame
2564 5196 2784 5254 defecit.
2818 5196 2917 5270 (Η.
2971 5204 3072 5269 m.)
3130 5196 3265 5256 Post
3318 5196 3439 5253 dies
3466 5191 3541 5250 90

1534 5336 1771 5396 \‘AIIIA'I
1811 5326 2210 5395 LECTIONES.

320 5483 367 5519 ⁸⁸
408 5482 475 5541 LI
522 5482 714 5554 habent
747 5482 798 5554 I_.
826 5499 854 5539 ε
876 5498 1017 5537 corr.
1042 5484 1099 5534 ut
1119 5477 1345 5545 videtur,
1374 5486 1424 5554 et
1447 5476 1512 5532 Α.
1542 5478 1750 5554 Reliqui
1783 5495 1963 5536 omnes
1988 5476 2052 5534 L.
2126 5474 2171 5508 "
2195 5472 2324 5530 add.
2354 5474 2431 5542 I.,
2461 5476 2579 5533 re“.
2614 5475 2819 5533 Desunt
2849 5475 2915 5532 Α.
3018 5474 3067 5510 ⁸·
3095 5470 3313 5529 XXVIII
3344 5484 3397 5527 et
3439 5488 3537 5544 per

247 5571 402 5625 porro
444 5558 493 5610 t.
587 5552 633 5588 ⁸³
669 5552 881 5611 Zethus
902 5584 973 5595 —
1007 5558 1335 5608 muneratur
1369 5548 1565 5603 desunt
1600 5551 1639 5605 Α

1785 5659 2008 5719 NOTAE.

319 5760 468 5835 (I64)
490 5757 579 5814 Cf.
617 5757 686 5813 ad
708 5772 915 5812 annum
952 5753 1078 5811 509.
