4058 6484
555 324 665 403 ωε

1702 330 1819 399 SIG
1829 340 2077 397 EBERTI
2115 339 2643 399 GEHBLACENSIS

3719 345 3821 402 104

625 457 748 515 559.
826 456 890 513 11.
939 456 1019 511 12.
1096 456 1159 512 Ρ.
1200 459 1255 512 2.
1332 455 1392 512 1⁷.
1432 455 1525 512 25.
1603 450 1663 511 L.
1711 454 1795 511 15.
1873 456 1937 511 Α.
1974 456 2064 510 48.

2246 455 2563 512 foederatur.
2597 453 2753 527 (Vita
2778 454 2866 527 Β.)
2893 453 3039 511 Obiit
3056 463 3285 511 sanctus
3313 453 3594 527 Remigius
3616 455 3818 516 Rene-

1134 549 1220 605 W.
1262 550 1331 605 14
1409 548 1475 605 0.
1517 547 1570 604 5.

622 643 723 718 (11.
760 643 860 716 m.)
905 641 1244 703 Justiuianus
1294 641 1591 711 imperator
1647 641 1787 696 duos
1840 639 2138 712 Bulgarum

547 720 709 812 regis
730 738 984 795 Traciam
1015 737 1409 810 depopulantes
1432 737 1635 793 occidit
1659 752 1786 792 cum
1812 736 2000 793 multis
2029 735 2139 792 mi-

555 820 699 890 libus
726 832 1043 904 Bulgarum.

740 925 866 981 sio.
946 924 1034 978 ιδ.
1113 922 1333 1000 suae.
1410 921 1497 977 lt.
1571 920 1663 977 49.
1737 921 1824 977 15.
1902 921 1956 976 t.

624 1015 723 1088 (ιι.
737 1017 837 1085 ιιι.)
853 1000 1098 1070 Ghosroe
1114 1012 1501 1069 Anthiochiam
1517 1012 1680 1082 capit.
1704 1010 1791 1082 (c.
1813 1029 1858 1067 r.
1882 1007 2139 1082 F.)Chil-

550 1108 806 1164 debet-tus
842 1122 939 1162 rex
969 1121 1094 1161 cum
1128 1103 1389 1159 fratruele
1417 1102 1799 1159 Theodebcrto.
1821 1104 1876 1158 in
1911 1101 2136 1159 fratrem

552 1198 873 1255 Lotharium
893 1197 1151 1268 insurgit,
1181 1195 1276 1252 sed
1300 1204 1475 1251 matre
1494 1209 1685 1251 eorum
1718 1194 1972 1253 Rothilde
2001 1197 2135 1252 satis

553 1300 748 1363 agente
776 1290 919 1361 apud
945 1288 1141 1356 Deum,
1178 1304 1247 1344 ne
1272 1287 1413 1344 inter
1440 1287 1638 1343 fratres
1666 1290 1820 1344 ﬁeret
1843 1288 2001 1344 civile
2022 1288 2137 1344 bel-

549 1383 686 1450 lum,
714 1383 1003 1438 horrenda
1032 1390 1353 1453 tempestate
1387 1381 1629 1447 coerciti,
1668 1396 1796 1436 cum
1838 1397 2003 1452 super
2029 1381 2138 1438 Lo-

551 1475 789 1530 tharium
827 1489 896 1530 ne
929 1474 1147 1545 signum
1174 1472 1394 1544 quidem
1419 1473 1733 1544 apparuerit
1757 1474 2003 1529 horroris
2031 1474 2136 1529 bu-

542 1565 807 1636 jusmodi,
832 1566 1066 1622 reddunt
1095 1580 1157 1620 se
1183 1563 1441 1621 fraterna:
1461 1564 1602 1635 paci.

689 1657 816 1713 541.
895 1657 982 1712 14.
1091 1656 1146 1711 4.
1223 1655 1314 1712 27.
1393 1656 1481 1711 15.
1560 1655 1651 1712 50.
1730 1656 1817 1712 16.
1923 1657 1986 1713 5.

618 1747 717 1818 (Η.
754 1748 853 1818 ut.)
891 1747 1137 1803 Chosroe
1170 1745 1286 1816 jam
1316 1753 1514 1817 quarto
1553 1744 1832 1803 Romanos
1867 1746 2133 1802 infestan-

547 1807 682 1905 tem,
708 1807 994 1894 Bilisarius
1021 1807 1299 1909 compellit
1325 1807 1504 1894 redire
1545 1838 1900 1894 inelIicacem.
1935 1838 2129 1910 (Gneo.
2165 1807 2186 1867 Ι

547 1928 711 2000 Tua.)
749 1929 806 1985 in
832 1929 1065 1986 diversis
1092 1930 1395 1986 Galliarum
1423 1930 1559 1987 locis
1586 1929 1802 1987 diversa
1832 1932 1988 2003 signa
2016 1932 2134 1988 visa

545 2029 693 2078 sunt.
734 2021 989 2078 Cometes
1019 2022 1302 2094 apparuit;
1334 2022 1422 2078 die
1450 2023 1673 2094 pascha:
1711 2022 1902 2078 caelum
1938 2024 2136 2081 ardere

544 2112 725 2167 visum
757 2121 871 2180 est;
902 2128 1066 2168 verus
1103 2112 1332 2183 sanguis
1353 2127 1422 2167 ex
1459 2112 1606 2169 nube
1633 2111 1860 2168 deﬂuxit
1880 2113 1937 2168 in
1965 2114 2134 2170 vesti-

543 2205 749 2261 mentis
788 2206 1104 2274 hominum;
1150 2203 1349 2262 domus
1391 2205 1680 2277 cujusdam
1707 2206 1778 2262 ab
1811 2206 1962 2262 intus
2006 2222 2136 2262 san-

545 2298 709 2370 guine
741 2314 994 2370 respersa
1025 2298 1307 2371 apparuit;
1350 2307 1406 2354 et
1446 2308 1649 2356 secuta:
1675 2299 1841 2356 varia:
1863 2300 2048 2356 clades
2081 2309 2137 2356 et

544 2390 705 2447 malae
724 2390 1063 2448 valetudines
1085 2406 1214 2447 cum
1238 2390 1474 2462 pustulis
1494 2398 1550 2447 et
1571 2391 1767 2449 vesicis
1791 2390 2023 2462 populos
2051 2388 2136 2446 ai-

544 2483 821 2540 dixerunt.

687 2579 813 2635 542.
891 2578 981 2635 15.
1094 2579 1148 2635 5.
1223 2577 1314 2633 28.
1392 2577 1480 2633 16.
1553 2578 1646 2634 51.
1723 2577 1811 2633 17.
1923 2577 1980 2634 6.

618 2669 716 2741 (ιι.
744 2671 849 2742 ut.)
888 2669 1176 2728 Bilisarius
1203 2672 1248 2704 “
1276 2671 1345 2726 ad
1371 2669 1616 2727 Africam
1651 2671 1938 2738 remissus,
1961 2670 2135 2728 Guin-

546 2762 716 2817 tnarit
735 2778 903 2834 super
931 2763 1194 2835 reliquias
1226 2762 1623 2820 Wandalorum
1654 2773 1976 2835 regnantem
2005 2780 2131 2821 cum

544 2855 664 2911 suis
681 2854 971 2928 extinguit.
1034 2853 1123 2928 (ϐ.
1151 2871 1201 2911 r.
1222 2854 1320 2925 F.)
1355 2854 1652 2913 Lotharius
1674 2865 1730 2912 et
1752 2853 2134 2914 Childebertns

544 2945 767 3015 fratres,
791 2947 1022 3004 obsessa
1064 2948 1121 3003 in
1151 2946 1431 3020 Hispaniis
1466 2946 1893 3019 Gesaraugusta,
1921 2948 2134 3005 civibus

545 3036 717 3093 Deum
743 3039 1032 3095 orantibus
1051 3047 1108 3095 et
1124 3039 1449 3096 circumlata
1475 3038 1749 3097 Vincentii
1773 3040 2017 3098 martiris
2042 3049 2124 3097 tu-

544 3130 692 3198 nica,
741 3140 963 3203 accepta
1000 3132 1072 3189 ab
1114 3131 1196 3189 eis
1247 3144 1620 3231 pro_munere
1662 3130 1839 3203 ipsius
1886 3132 2130 3189 martiris
2157 3169 2204 3231 ο

543 3223 707 3289 stola,
752 3223 1003 3292 redeunt,
1043 3223 1319 3295 adquisita
1357 3223 1633 3296 Hispania:
1668 3234 1824 3295 parte
1867 3225 2126 3281 maxima.

544 3313 724 3384 (Isim)
754 3314 979 3372 Tbeuda
1005 3316 1440 3389 Wisigotharum
1473 3333 1601 3390 rege
1621 3333 1661 3373 a
1682 3318 1804 3374 suis
1827 3326 2129 3388 perempto,

545 3405 981 3480 Theudogisibus
1003 3418 1197 3481 regnat
1214 3417 1339 3479 post
1357 3423 1486 3465 eum
1510 3408 1674 3466 annis
1699 3408 1757 3465 2.
1781 3408 1802 3480 (
1816 3406 1880 3464 ν.
1905 3407 2130 3480 Mauri.)

545 3497 771 3556 Maurus
813 3499 870 3555 in
917 3499 1092 3558 Gallia
1137 3500 1328 3567 claret,
1376 3500 1556 3556 sancti
1593 3498 1920 3557 Becedictus
1965 3499 2134 3557 disci—

544 3591 727 3662 pultis.

687 3682 815 3737 545.
894 3680 983 3737 16.
1097 3680 1152 3736 6.
1225 3680 1320 3737 29.
1399 3680 1484 3736 17.
1562 3681 1655 3738 52.
1766 3682 1819 3737 1.
1933 3680 1987 3738 7.

615 3772 716 3845 (11.
744 3772 842 3844 in.)
882 3772 1114 3845 Vigilius
1137 3786 1278 3844 papa
1310 3772 1443 3844 quia
1466 3774 1773 3833 secundum
1807 3789 1972 3830 suam
2000 3787 2131 3844 pro-

545 3865 868 3922 missionem
900 3863 1077 3920 noluit
1102 3863 1456 3920 Anthemium
1492 3878 1772 3933 revocare,
1811 3864 2133 3921 Constanti-

546 3959 789 4030 nopolim
816 3956 1052 4013 mittitur
1084 3956 1467 4029 ignominiose.
1499 3956 1717 4013 Tbotila
1749 3973 1845 4013 rex
1874 3945 2134 4030 Ostrogo-

545 4049 771 4104 thorum
794 4058 954 4119 capta
987 4045 1183 4114 Roma,
1216 4047 1485 4103 habitavit
1512 4047 1832 4119 aliquandiu
1855 4062 1984 4104 cum
2020 4048 2132 4106 Ro-

548 4140 732 4195 manis
751 4139 912 4211 quasi
939 4148 1094 4211 pater
1118 4155 1244 4196 cum
1275 4139 1422 4211 ﬁliis,
1449 4142 1883 4208 mansuefactus,
1923 4149 1984 4197 ut
2008 4156 2133 4198 cre-

546 4228 718 4295 ditur,
757 4228 937 4284 sancti
972 4226 1249 4285 Benedicti
1277 4228 1518 4287 monitis.
1548 4229 1737 4299 (PAUL.
1769 4228 1858 4301 D.)
1879 4228 2134 4286 Audobiu

551 4328 794 4389 mortuo,
811 4319 1011 4375 Albuin
1037 4321 1184 4377 illius
1205 4321 1325 4393 ejus
1347 4330 1540 4394 regnat
1557 4338 1725 4393 super
1743 4321 2136 4393 Langobardos

550 4415 607 4468 in
627 4411 910 4469 Pannonia
931 4412 1091 4468 annis
1111 4412 1204 4470 24.

694 4504 818 4560 544.
897 4503 983 4559 17.
1098 4503 1148 4559 7.
1222 4503 1313 4559 50.
1428 4505 1479 4558 1.
1557 4505 1646 4560 55.
1799 4547 1813 4560 .
1926 4502 1977 4562 8.

624 4594 840 4669 (Gnec.,
870 4594 1045 4667 Dial.)
1087 4592 1429 4652 Herculanus
1456 4594 1759 4652 Perusinus
1787 4597 2078 4668 episcopus
2103 4613 2135 4653 a

552 4689 731 4745 Totila
760 4703 903 4760 rege,
929 4696 1078 4744 secto
1099 4688 1296 4760 capite,
1321 4688 1725 4755 martirizatnr;
1753 4697 1879 4759 post
1903 4697 2134 4744 mortem

551 4797 685 4837 vero
713 4789 876 4852 caput
920 4780 1040 4850 ejus
1068 4780 1283 4852 corpori
1314 4780 1531 4842 unitum
1575 4780 1868 4836 invenitur.
1902 4778 1998 4852 (11.
2034 4782 2133 4851 ut.)

554 4868 736 4929 Tolita
774 4872 1016 4929 Siciliam
1043 4873 1269 4929 invadit.
1303 4871 1502 4930 Narses
1545 4874 1833 4929 eunuchus
1863 4872 2139 4930 Romano-

551 4981 674 5021 rum
700 4965 964 5036 patricius
1006 4962 1295 5021 ordinatur
1314 4972 1371 5022 et
1408 4972 1603 5021 contra
1634 4963 1872 5020 Totilam
1892 4965 2141 5021 destina-

556 5066 663 5113 tur.
698 5056 915 5129 (ann.)
944 5052 1332 5127 Theudogisilo
1365 5055 1510 5110 inter
1527 5054 1929 5110 convivandum
1954 5071 1986 5112 a
2022 5056 2140 5113 suis

555 5157 855 5221 perempto,
881 5148 1074 5219 Agilan
1100 5155 1291 5218 regnat
1324 5163 1489 5218 super
1520 5145 1858 5219 Wisigothos
1882 5148 2043 5204 annis
2078 5148 2133 5204 9.

696 5241 823 5297 545.
901 5240 989 5294 18.
1102 5239 1155 5293 8.
1232 5239 1321 5296 51.
1430 5238 1486 5293 2.
1561 5237 1652 5293 54.
1764 5238 1818 5293 1.
1927 5238 1982 5294 0.

526 5398 533 5401 _
628 5331 726 5404 (Η.
754 5330 852 5403 m.)
876 5326 1080 5386 Narscs
1101 5328 1337 5384 Albuino
1354 5328 1468 5400 rcgi
1486 5326 1976 5401 Langobardorum
2003 5344 2137 5387 con-

2242 563 2365 603 rum
2401 547 2690 618 episcopus
2716 546 2890 619 (165).

2385 637 2513 693 546.
2590 638 2679 693 19.
2790 638 2844 693 9.
2919 637 3008 692 52.
3123 638 3175 692 5.
3253 638 3344 693 55.
3455 638 3510 693 2.
3590 639 3677 694 10.

2311 727 2410 800 (Η.
2438 728 2534 800 m.)
2576 727 2802 801 Vigilins
2828 744 2966 800 papa
2998 729 3271 785 exiliatur.
3316 729 3517 785 Narses
3558 729 3824 801 patricius

2236 820 2632 877 auxiliantibus
2659 821 2765 878 sibi
2787 820 3164 893 Langobardis
3198 821 3432 878 Totilant
3462 838 3643 896 regem
3667 824 3819 895 peri-

2239 912 2370 980 mit;
2417 911 2872 985 Ostrogothomm
2905 923 3062 985 gente
3091 930 3267 984 usque
3296 915 3367 969 ai
3399 914 3818 973 inter-notionem

2237 1005 2434 1072 deleta,
2477 1021 2708 1078 regnum
2733 1003 3188 1075 Ostmgotbornm
3219 1007 3435 1078 penitus
3461 1008 3711 1065 destruit.
3741 1009 3818 1065 ita

2236 1097 2372 1154 illud
2402 1114 2629 1171 regnum
2649 1098 2974 1167 Gothorum,
2999 1101 3161 1171 quod,
3191 1109 3250 1156 ut
3271 1102 3349 1156 ait
3366 1100 3620 1158 Jordanis
3648 1104 3818 1175 (166),

2236 1205 2336 1261 per
2360 1207 2539 1247 annos
2562 1192 2782 1248 circiter
2805 1192 2950 1247 2400
2979 1193 3300 1261 duraverat,
3325 1194 3523 1252 defecit
3550 1197 3603 1251 in
3629 1194 3822 1253 Ostro-

2237 1283 2437 1354 gotltis,
2478 1284 2574 1339 sed
2604 1285 2656 1338 in
2703 1283 3028 1355 Wisigotbis
3063 1285 3120 1339 in
3164 1284 3423 1356 Hispania
3467 1288 3821 1358 regnantibus

2234 1374 2512 1430 incolume
2553 1376 2837 1431 remansit.
2884 1375 3045 1432 Teias
3089 1392 3318 1449 regnum
3362 1376 3820 1449 Ostrogotborunt

2234 1467 2567 1523 resuscitare
2591 1467 2771 1536 nisus,
2798 1478 2990 1540 regnat
3012 1469 3174 1525 annis
3195 1468 3251 1526 2.

2378 1558 2503 1615 547.
2579 1560 2669 1616 29.
2748 1559 2836 1615 10.
2914 1561 3005 1615 55.
3116 1562 3172 1616 4.
3248 1561 3339 1618 56.
3450 1562 3505 1618 5.
3626 1569 3672 1619 1.

2304 1647 2495 1719 (Ρλυι.
2526 1647 2704 1720 Duc.)
2726 1647 2998 1706 Conserto
3028 1651 3202 1721 preiio
3246 1651 3389 1707 inter
3407 1648 3821 1710 Cunimundum

2235 1756 2418 1813 regem
2443 1740 2774 1813 Gepidarum
2799 1750 2852 1798 et
2873 1742 3073 1798 Albuin
3102 1759 3283 1816 regem
3312 1743 3817 1819 Langobardorum.

2233 1842 2569 1890 corruerunt
2622 1834 2883 1906 utrinque
2921 1834 3207 1907 sexaginta
3254 1836 3402 1892 milia
3445 1853 3658 1908 eorum.
3718 1837 3821 1894 Ubi

2235 1926 2435 1982 Albuin
2466 1927 2880 1985 Cunimundum
2930 1929 3188 1999 peremit,
3242 1939 3298 1985 et
3333 1945 3400 1987 ex
3444 1939 3582 1987 testa
3625 1933 3825 2002 capits

2232 2020 2353 2090 ejus
2382 2021 2637 2090 poculum
2673 2022 2778 2077 sibi
2797 2023 2872 2078 ad
2892 2023 3189 2078 bibendum
3212 2021 3359 2090 fecit,
3389 2024 3666 2095 ﬁliamque
3698 2026 3822 2095 ejus

2233 2113 2563 2184 captivatam
2590 2120 2818 2171 nitorem
2846 2114 2954 2171 sibi
2996 2115 3225 2187 accepit.
3273 2114 3449 2173 Hunis
3479 2132 3611 2173 vero
3642 2127 3821 2173 terras

2233 2204 2568 2276 Gepidarum
2614 2206 3017 2275 invadentibus,
3068 2208 3411 2267 destructum
3460 2218 3550 2265 est
3589 2225 3821 2281 regnum

2233 2296 2567 2369 Gepidarum
2593 2300 2831 2371 penitus.

2377 2391 2504 2447 548.
2581 2391 2674 2448 21.
2751 2394 2842 2450 11.
2915 2394 3008 2449 54.
3118 2394 3175 2451 5.
3251 2394 3341 2451 57.
3450 2396 3507 2451 4.
3618 2395 3673 2451 2.

2307 2482 2397 2555 (G.
2431 2501 2478 2539 r.
2509 2483 2606 2556 F.)
2641 2484 3014 2544 Teodebertus
3055 2502 3152 2543 rex
3185 2503 3284 2557 per
3317 2503 3378 2543 se
3400 2496 3457 2543 et
3486 2504 3584 2558 per
3624 2490 3824 2545 ducem

2233 2591 2396 2632 suum
2426 2577 2765 2634 Bueellinum
2800 2578 3194 2650 ltaliamyario
3216 2579 3341 2635 belli
3370 2589 3568 2635 eventu
3601 2581 3823 2652 inquie-

2235 2678 2352 2725 tare
2382 2684 2492 2724 non
2519 2669 2757 2737 desistit,
2784 2678 2842 2726 et
2860 2670 2934 2727 ab
2962 2669 3117 2727 Italia
3140 2678 3198 2727 et
3232 2685 3270 2725 a
3308 2669 3495 2727 Sicilia
3522 2679 3618 2727 aut
3636 2672 3822 2743 spolia

2234 2768 2330 2816 aut
2357 2760 2561 2816 tributa
2597 2762 2816 2834 accipit.
2845 2760 3008 2833 Tejas
3036 2777 3133 2818 rex
3173 2777 3205 2818 a
3239 2760 3468 2819 Narsete
3502 2764 3820 2834 perimitur,

2231 2862 2287 2910 et
2314 2869 2439 2909 cum
2467 2868 2534 2910 eo
2563 2853 2870 2911 Gothorum
2897 2855 3143 2926 reliquiae
3166 2856 3530 2927 extirpentur.

2375 2944 2501 3001 549.
2574 2945 2668 3001 22.
2743 2945 2832 3001 12.
2909 2946 2999 3002 55.
3108 2946 3162 3002 6.
3237 2946 3328 3002 58.
3441 2947 3495 3003 5.

2329 3037 2500 3094 Gneo.
2521 3033 2687 3109 Tua.)
2712 3038 2976 3110 Agericus
2997 3038 3359 3096 Virdunensis
3377 3041 3669 3113 episcopus
3691 3057 3824 3098 san-

2235 3131 2425 3186 ctitatc
2451 3131 2639 3187 claret.
2674 3130 2759 3203 (Ρ.
2786 3131 2875 3202 1).)
2910 3130 3112 3188 Narses
3149 3132 3414 3203 patricius
3442 3132 3707 3189 Sinduald
3734 3150 3826 3190 re-

2234 3228 2356 3293 gem
2379 3221 2708 3291 Brittonnm,
2724 3239 2795 3279 ex
2818 3224 2998 3281 amico
3019 3224 3127 3281 sibi
3150 3224 3428 3291 rebellem,
3450 3226 3594 3282 bello
3614 3225 3825 3282 victum

2230 3322 2285 3369 et
2311 3323 2533 3385 captum
2559 3314 2861 3386 suspendit.

2372 3406 2533 3480 550..
2578 3405 2670 3461 25.
2745 3407 2832 3462 15.
2912 3407 3003 3462 56.
3117 3407 3167 3463 7.
3244 3408 3334 3464 59.
3441 3410 3497 3465 6.

2304 3495 2394 3568 (G.
2423 3512 2469 3550 r.
2501 3495 2596 3567 Γ.)
2634 3495 3043 3554 Theodebertus
3066 3513 3162 3554 rex
3184 3499 3341 3566 obiit,
3366 3500 3458 3556 cui
3482 3499 3827 3558 Theodebal-

2233 3584 2339 3640 dus
2364 3585 2510 3640 ﬁlius
2551 3586 2673 3655 ejus
2702 3586 2965 3642 succedit.
3012 3587 3207 3659 (Gneo.
3239 3587 3400 3658 Tun.)
3428 3591 3679 3658 Arboris,
3711 3608 3827 3664 quo

2232 3680 2437 3736 dicitur
2462 3682 2782 3747 sambucas,
2810 3681 3195 3753 liores,.grana
3218 3694 3274 3739 et
3302 3683 3520 3743 fluctus
3552 3686 3608 3743 in
3635 3686 3824 3754 ﬂores.

2232 3785 2404 3842 grana
2425 3780 2480 3825 et
2500 3769 2714 3827 fructus
2745 3772 2874 3827 vitis
2901 3771 3370 3830 transformantur
3398 3775 3443 3806 "'

2378 3863 2505 3918 551.
2579 3862 2673 3918 24.
2755 3864 2839 3919 14.
2914 3863 3006 3919 57.
3118 3864 3175 3920 8.
3250 3863 3340 3920 60.
3450 3865 3507 3921 7.

2306 3953 2508 4023 Quinta
2533 3955 2774 4028 synodus
2805 3956 3132 4012 universalis
3164 3943 3712 4029 Constantinopolim.
3735 3976 3830 4018 ce-

2233 4044 2509 4102 lebratur:
2560 4046 2615 4100 in
2644 4062 2754 4116 qua
2783 4046 3037 4116 epistola,
3072 4061 3198 4117 qua:
3230 4045 3321 4102 ibe
3356 4047 3580 4115 dicitur,
3615 4050 3830 4106 erroris

2236 4135 2394 4208 plena
2416 4138 2759 4208 reprobatur,
2774 4145 2831 4192 et
2851 4136 3173 4195 Theodorus
3193 4153 3484 4209 personam
3504 4140 3832 4197 mediatoris

2236 4228 2333 4284 Dei
2356 4243 2412 4285 et
2436 4228 2721 4284 hominum
2749 4229 2805 4284 in
2838 4228 3056 4287 duabus
3087 4231 3412 4295 substantiis
3439 4246 3726 4303 separatis,
3755 4232 3832 4290 ad

2234 4321 2537 4392 impietatis
2565 4322 2849 4393 perﬁdiam
2872 4322 3139 4381 cecidisse
3172 4326 3520 4381 convincitur
3552 4326 3648 4398 (cf.
3677 4327 3827 4383 Ann.

2240 4411 2424 4481 Leod).
2450 4410 2749 4484 ﬂauusque
2766 4412 3023 4471 Jordanis
3042 4415 3339 4487 episcopus
3362 4418 3664 4474 ltvstorinm
3689 4434 3833 4476 con-

2150 4504 2212 4566 .D
2238 4503 2430 4559 texuit.

2378 4596 2506 4652 552.
2581 4596 2672 4652 25.
2751 4597 2838 4652 15.
2912 4598 3005 4659 58.
3118 4600 3172 4655 9.
3248 4601 3337 4656 61.
3448 4601 3502 4657 8.

2310 4687 2401 4760 (G.
2430 4688 2605 4759 poni.)
2643 4686 2896 4760 Pelagius
2934 4688 3196 4747 Romanae
3230 4692 3496 4749 mcclaite
3530 4693 3661 4749 57'“
3700 4709 3832 4764 pre-

2238 4780 2397 4836 sidet.
2424 4779 2524 4836 Hic
2546 4780 2895 4837 insimulatus
2928 4781 2996 4838 de
3017 4791 3195 4839 morte
3218 4783 3402 4856 Vigilii
3426 4801 3602 4857 papae,
3630 4795 3833 4846 tenens

2240 4882 2431 4928 sancta
2459 4873 2737 4943 evangelia
2764 4881 2819 4928 et
2841 4889 3083 4942 crucem,
3115 4874 3477 4947 jurejurando
3495 4878 3714 4948 publice
3734 4895 3835 4937 sa-

2244 4961 2464 5018 tisfecit.
2501 4962 2690 5036 (Gneo.
2718 4963 2878 5032 Tum,
2916 4965 2992 5024 De
3026 4965 3099 5037 gl.
3134 4977 3294 5023 mart.
3328 4968 3408 5027 x.)
3438 4967 3552 5026 Hoc
3581 4979 3840 5041 tempore

2244 5051 2301 5108 in
2337 5054 2550 5110 oriente
2594 5070 2731 5127 puer
2772 5056 2996 5126 quidam
3045 5055 3362 5116 Judaeornm
3415 5061 3583 5131 illius,
3621 5078 3752 5125 cum
3795 5079 3833 5120 a

2244 5147 2426 5202 coevis
2479 5145 2596 5202 suis
2639 5147 3066 5203 christianorum
3109 5149 3235 5208 tiliis
3280 5151 3349 5206 ad
3401 5152 3506 5209 hoc
3553 5154 3834 5212 adductus

2242 5237 2464 5305 luisset,
2497 5247 2555 5293 ut
2595 5237 2650 5294 in
2691 5240 2938 5297 ecclesia
2983 5251 3187 5299 sancta:
3229 5245 3421 5302 matris
3449 5244 3655 5303 Christi
3694 5245 3832 5307 Iesu

2243 5345 2445 5420 corpus
2465 5340 2519 5386 et
2538 5331 2863 5402 samguirtem
2886 5331 3097 5391 Christi
3124 5336 3449 5420 occiperet,
3475 5348 3700 5412 propter
3720 5341 3836 5400 hoc

1845 5415 1931 5473 VA
1941 5417 2077 5474 11ιῶ
2116 5417 2519 5478 LEC'I'iONES.

624 5535 676 5567 "
703 5531 1003 5589 Balisarins
1026 5532 1077 5586 l.
1151 5531 1194 5564 ⁶⁴¹
1227 5530 1443 5588 arboris
1471 5529 1932 5588 nonsfomantur
1950 5533 2081 5589 add.
2311 5536 2453 5590 caris
2491 5537 2683 5592 tertiis.

2083 5621 2222 5680 NOT
2299 5663 2316 5680 .
2359 5672 2367 5679 .

2083 5621 2316 5682 ΝΟΤΛΕ.
2359 5672 2367 5679 .

660 5711 758 5766 165

660 5711 758 5766 165
815 5709 965 5766 Obiit
990 5711 1181 5783 potius
1197 5726 1252 5766 a.
1278 5710 1414 5779 555;
1439 5722 1512 5769 ct.
1537 5712 1670 5769 Acta
1695 5712 1795 5769 SS.
1824 5711 1943 5771 Oct.
1971 5713 2014 5779 l,
2039 5714 2129 5771 68.

627 5713 781 5839 11661
820 5781 979 5839 Errat
1013 5780 1127 5839 Sin.
1148 5801 1160 5812 '
1190 5781 1444 5839 Jordanis
1472 5784 1620 5839 enim
1653 5783 1728 5839 De
1768 5785 1882 5839 reb.
1914 5784 2034 5839 Get.
2082 5786 2129 5839 in

820 5781 979 5839 Errat
995 5780 1160 5855 'Sigx
1190 5781 1444 5851 Jordanis
1472 5784 1620 5842 enim
1653 5783 1728 5841 De
1768 5785 1882 5842 reb.
1914 5784 2034 5840 Get.
2082 5786 2137 5841 in

2243 5716 2350 5790 line
2371 5716 2520 5790 hunc
2556 5733 2762 5775 annum
2794 5721 3149 5780 millesimum
3191 5734 3244 5782 et
3271 5729 3716 5787 trecentesimum
3743 5726 3840 5790 re-

2247 5786 2340 5858 gni
2370 5786 2675 5846 Gothorum
2712 5791 2863 5848 dicit.
2898 5791 3171 5851 lilRSCll.
3614 5816 3631 5835 ν·
