4046 6318
504 366 602 424 I07

1650 340 2011 402 SICEBERTI
2052 332 2578 396 GEMBLACENSIS

3566 295 3574 301 ’
3678 326 3783 384 res

497 481 625 539 568.
705 475 843 531 11.5.
921 471 983 526 P.
1010 470 1097 526 51.
1175 467 1310 523 R4.
1392 462 1568 518 L23.
1644 460 1786 515 A.7.
1863 456 1953 513 W.
1996 455 2082 511 15.

2212 453 2318 510 lleb
2356 452 2685 522 subrogatus
2725 460 2890 518 regno
2920 442 3423 517 Langobardorum,
3459 453 3648 514 regnat
3669 458 3790 520 aue

571 569 655 643 (P.
690 567 782 640 D.)
823 565 1096 621 Albuinus
1128 577 1247 628 rex,
1282 556 1590 613 Saxonibus
1634 553 1866 623 aliisque
1906 549 2083 622 genti-

498 665 603 720 bus
616 662 721 719 si‘bi
745 659 936 716 ascitis
958 666 1012 713 et
1035 653 1320 711 Pannonia
1346 666 1410 706 ex
1438 647 1691 704 condicto
1709 642 2086 720 commendata

500 755 695 812 amicis
729 749 1213 822 Langobardorum
1249 739 1543 820 Hunis,;ad
1568 737 1778 793 Italiam
1811 732 2088 790 contendit

500 863 628 903 cum
655 844 911 900 omnibus
940 836 1421 910 Langobardorum
1448 830 1694 906 familiis,
1720 827 1905 897 ibique
1931 828 1964 877 ti
1991 840 2088 878 an-

500 940 591 995 nis
628 916 893 1009 regnavit.
928 931 1244 1003 Sigebertus
1272 944 1365 981 rex
1402 919 1954 981 desertasSaxonum
1981 925 2090 970 ter-

503 1047 595 1086 ras
629 1008 895 1100 pervadit,
924 1038 1126 1094 easque
1158 1019 1353 1075 Suavis
1372 1017 1456 1071 ad
1503 1012 1860 1095 habitandum
1901 1008 2084 1064 tradit.

505 1122 657 1177 Hanc
684 1120 815 1175 mali
843 1117 1137 1173 novitatem
1177 1127 1315 1168 nova
1344 1111 1398 1164 in
1429 1108 1561 1164 caelo
1583 1105 1738 1178 signa
1761 1103 1934 1158 multo
1964 1107 2090 1155 ante

501 1225 749 1286 tempore
774 1209 1183 1284 portenderant.

647 1305 774 1361 569.
886 1303 939 1357 4.
1017 1300 1105 1355 52.
1221 1298 1274 1354 5.
1393 1296 1445 1349 ι.
1542 1292 1614 1365 78.
1697 1289 1782 1344 16.

575 1394 766 1469 (Μλιι.)
797 1390 1043 1447 Armenii
1067 1389 1226 1444 ﬁdem
1251 1386 1457 1442 Christi
1470 1382 1799 1454 suscipiunt.
1821 1378 1908 1452 (G.
1928 1395 1971 1431 r.
1998 1375 2090 1446 Ρ.)

507 1487 831 1560 Sigehertus
870 1499 967 1539 rex
1018 1480 1174 1537 fratri
1217 1494 1319 1535 suo
1359 1475 1669 1548 Chilperico
1717 1478 2002 1543 repugnat,
2039 1475 2096 1523 ct

504 1578 824 1636 Suessionis
847 1576 1028 1632 sedem
1054 1572 1205 1645 regni
1228 1572 1349 1644 ejus
1373 1576 1621 1639 occupat.
1656 1564 2094 1620 Theodebertum

504 1661 678 1728 tilium
713 1670 832 1741 ejus
861 1669 933 1723 ibi
973 1676 1192 1739 captum
1236 1664 1455 1730 exiliat;
1500 1662 1679 1732 ipsum
1722 1656 2093 1727 Chilperieum

505 1750 907 1835 prclio'victum
940 1757 1110 1831 fugat,
1138 1766 1191 1811 et
1224 1755 1493 1810 terminos
1523 1766 1655 1808 suos
1686 1750 1755 1805 ab
1790 1748 1912 1819 ejus
1939 1747 2093 1801 inso-

504 1854 672 1910 lentia
712 1853 938 1908 liberat.
999 1848 1086 1921 (G.
1124 1847 1243 1918 Fr.)
1285 1844 1403 1917 Ipse
1465 1859 1692 1903 uxorem
1744 1840 1895 1896 ducit
1950 1838 2091 1893 Bru-

494 1955 653 2004 ’mam
699 1934 777 2014 θ’,
832 1946 997 2000 tiliam
1045 1940 1394 2012 Athanagildi
1443 1938 1586 2009 regis
1628 1935 2093 2007 Wisigothorum,

508 2041 654 2112 [quae
678 2047 733 2093 ct
761 2035 1131 2093 Bruniehildis
1157 2034 1300 2090 dicta
1325 2030 1456 2103 est.]

651 2127 775 2181 570.
891 2127 943 2180 5.
1013 2126 1103 2178 55.
1216 2122 1269 2179 6.
1381 2122 1437 2175 2.
1552 2120 1607 2175 9.
1687 2118 1773 2173 17.

580 2219 669 2289 (Α.
695 2217 882 2290 Leod.)
927 2217 1170 2290 Sanctus
1205 2213 1472 2270 Vedastus
1516 2212 1671 2267 obiit.
1710 2210 1793 2282 (P.
1822 2208 1908 2280 D.)
1943 2207 2095 2263 Italia

510 2296 949 2382 a‘Langobardis
998 2307 1149 2361 nullo
1197 2306 1495 2379 obsistente
1538 2318 1769 2373 pervasa
1813 2300 2093 2364 atteritur;

510 2402 737 2473 insuper
769 2387 914 2457 fame
936 2408 990 2454 et
1013 2398 1321 2476 pestilentia
1358 2394 1722 2452 consumitur.
1774 2448 1775 2451 η

656 2494 785 2549 571-
904 2492 956 2546 6.
1030 2492 1120 2547 54.
1234 2489 1285 2544 7.
1397 2489 1450 2543 3.
1529 2486 1615 2541 10.
1692 2485 1777 2540 18.

585 2586 779 2658 (Gneo.
819 2583 982 2655 Tua.)
1015 2581 1160 2639 Huni
1195 2582 1395 2638 iterum
1435 2579 1707 2652 Sigiherto
1740 2575 2019 2649 congressi
2045 2584 2102 2631 et

511 2678 744 2750 magicis
769 2676 980 2733 artibus
1003 2689 1140 2746 pene
1161 2673 1445 2729 victoriam
1476 2669 1675 2741 adepti,
1704 2667 1985 2734 recedunt,
2013 2665 2099 2722 Si-

436 2809 441 2814 -
515 2770 738 2843 ἀδεὺειοιο
762 2769 818 2823 in
848 2767 999 2823 omni
1028 2766 1137 2821 vita
1165 2764 1285 2836 ejus
1310 2760 1687 2839 confoederati.

661 2860 786 2916 572.
902 2858 953 2912 7.
1030 2857 1120 2913 35.
1181 2854 1287 2909 ’8.
1401 2854 1455 2909 4.
1536 2852 1622 2907 11.
1700 2850 1787 2905 19.

590 2953 672 3025 (Ρ.
701 2952 788 3023 1).)
828 2949 1122 3022 Gregorius
1148 2944 1863 3019 Turonensium'ordinatus
1890 2940 2102 3019 cpisco-

516 3015 643 3116 pus,
675 3015 857 3098 clarus
892 3015 1122 3095 habetur
1146 3038 1200 3092 in
1233 3015 1512 3092 omnibus.
1540 3031 1905 3112 Langobardi,
1934 3015 2100 3107 Papia

519 3142 645 3209 post
676 3132 896 3188 triennii
925 3129 1267 3187 obsidionem
1303 3144 1399 3199 per
1428 3126 1758 3203 deditionem
1785 3130 2026 3192 accepta,
2049 3130 2102 3176 et

518 3207 719 3290 prater
750 3217 979 3269 Romam
1000 3224 1063 3281 et
1092 3215 1405 3268 Ravennam
1436 3223 1573 3281 pene
1612 3217 1724 3265 tota
1750 3207 1905 3280 potiti
1926 3207 2112 3289 Italia,

521 3305 875 3362 dominantur
905 3305 980 3360 ibi
1007 3321 1132 3361 cum
1165 3302 1424 3376 potentia.

667 3396 792 3452 575.
903 3394 956 3451 8.
1033 3384 1122 3453 36.
1234 3395 1287 3451 9.
1398 3395 1453 3450 5.
1534 3378 1620 3449 ie.
1699 3392 1791 3448 eo.

598 3485 695 3556 (11.
740 3487 834 3558 m.)
874 3486 1015 3545 Inter
1062 3487 1338 3543 Romanos
1391 3496 1445 3542 et
1499 3486 1697 3543 Persas
1742 3501 1923 3556 pugna
1968 3498 2120 3538 com-

516 3580 716 3645 missa,
751 3578 1011 3636 Romanis
1057 3580 1200 3636 cedit
1236 3580 1484 3636 victoria.
1522 3580 1713 3649 (Gneo.
1765 3577 1927 3645 Tun.)
1963 3574 2121 3649 ﬂeri:

527 3673 715 3728 hortus
740 3689 829 3727 rex
858 3672 1110 3728 moritur.
1138 3670 1368 3742 Hispani
1397 3680 1450 3726 et
1485 3670 1681 3725 Franci
1706 3670 1773 3724 de
1802 3668 2006 3738 pascha
2031 3680 2124 3735 ,εει

527 3764 788 3820 lebrando
842 3765 1214 3831 dissentiunt,
1268 3762 1525 3832 Hispanis
1581 3762 1649 3815 12
1705 3759 1823 3814 Kal.
1879 3759 2122 3830 Aprilis,

526 3852 754 3912 Francis
789 3870 917 3910 vero
972 3856 1041 3909 M
1087 3853 1205 3908 Kal.
1262 3852 1389 3908 Maii
1438 3852 1644 3923 pascha
1697 3852 2129 3923 celebrantibus.

531 3946 640 4003 Sed
667 3947 907 4002 Francos
945 3954 1092 4001 recte
1133 3946 1438 4002 celebrasse
1462 3960 1560 4016 per
1587 3945 1694 4000 hoc
1722 3943 1985 3999 divinitus
2016 3942 2127 3999 cla-

532 4039 665 4104 ruit,
692 4038 838 4110 quod
860 4036 1037 4093 fontes
1068 4037 1122 4091 in
1161 4036 1442 4109 Hispania,
1470 4037 1562 4107 qui
1601 4038 1654 4091 iu
1688 4036 1914 4092 sabbato
1938 4042 2129 4091 sancto

533 4129 753 4200 paschae
778 4128 845 4183 ad
872 4127 1258 4199 baptizandum
1289 4127 1553 4181 divinitus
1580 4135 1779 4196 sponte
1818 4124 2016 4195 repleri
2041 4139 2133 4181 so-

533 4222 665 4289 lent,
703 4235 809 4276 non
840 4218 895 4275 in
919 4218 1308 4290 Hispanorum,
1342 4219 1438 4276 sed
1467 4217 1521 4273 in
1550 4216 1896 4273 Francorum
1926 4202 2131 4290 pascha

536 4310 725 4383 repleti
757 4318 885 4366 sunt
911 4310 979 4365 ⁷⁸.

679 4402 804 4460 574.
917 4402 970 4458 9.
1048 4402 1136 4460 5.7.
1216 4401 1302 4456 10.
1419 4401 1471 4457 6.
1556 4402 1639 4457 15.
1718 4402 1809 4457 21.

608 4495 691 4565 (Ρ.
726 4493 813 4565 D.)
852 4494 1007 4564 Apud
1038 4494 1233 4550 Persas
1259 4493 1547 4550 Hormisda
1596 4502 1786 4565 regnat
1820 4493 1988 4549 annis
2037 4490 2104 4546 18
2136 4508 2188 4569 D

537 4583 808 4641 Albuinus
837 4600 931 4639 rex
954 4583 1438 4656 Langobardorum
1471 4584 1538 4639 ab
1560 4585 1832 4656 armigero
1858 4598 1959 4638 suo
1987 4581 2132 4651 peri-

540 4676 728 4741 mitur,
759 4674 955 4731 fraude
980 4674 1169 4730 uxoris
1204 4690 1337 4739 suae,
1370 4674 1528 4744 cujus
1572 4682 1782 4756 patrem
1826 4671 2134 4726 Cuuimun-

541 4767 672 4826 dum
710 4765 1040 4837 Gepidarum
1081 4782 1263 4838 regem
1294 4765 1408 4835 ipse
1442 4766 1574 4819 olim
1627 4765 1681 4819 in
1727 4764 1870 4819 bello
1894 4777 2135 4833 pereme-

542 4869 646 4927 rat,
683 4867 738 4915 et
778 4875 844 4914 ex
870 4866 1010 4914 testa
1050 4857 1244 4928 capitis
1269 4857 1388 4927 ejus
1417 4857 1519 4912 sibi
1556 4864 1798 4926 pateram
1843 4854 2142 4932 adhiben-

541 4953 673 5013 dum
712 4951 943 5016 fecerat;
979 4965 1145 5019 quam
1177 4963 1305 5004 cum
1342 4963 1451 5002 uno
1493 4948 1580 5003 die
1622 4947 1671 5002 ei
1713 4947 2020 5019 porrigeret
2058 4943 2143 5001 di-

541 5059 675 5102 cens
714 5063 726 5106 ;
764 5042 894 5104 Bibe
929 5059 1048 5097 cum
1087 5050 1238 5113 patre
1288 5041 1412 5095 tuo!
1442 5041 1530 5096 illa
1562 5040 1797 5097 femineo
1838 5041 2022 5097 furore.
2048 5055 2141 5097 ac-

530 5151 732 5204 censa,
757 5135 909 5197 illum
934 5134 1003 5191 ab
1025 5134 1297 5205 armigero
1324 5134 1494 5203 ipsius
1521 5135 1573 5189 iu
1603 5136 1740 5192 lecto
1768 5135 1960 5207 perimi
1987 5123 2133 5190 fecit.

2186 558 2286 601 nos
2309 542 2363 596 2.
2480 592 2483 595 λ

2329 631 2454 688 575.
2571 627 2787 691 10.,1.
2902 625 2989 680 11.
3072 624 3122 678 1.
3238 624 3325 679 14.
3400 622 3493 678 22.

2260 723 2346 797 (G.
2389 722 2561 797 pont.)
2632 706 2968 776 Benedictus
3016 715 3278 772 Romanae
3321 715 3583 772 mcclesizr
3647 708 3785 772 59“

2188 817 2446 889 presidet.
2478 813 2573 888 (V.
2604 812 2782 885 Greg.)
2815 811 2898 866 Ab
2928 810 3034 889 hoc
3072 808 3372 880 Gregorius
3398 809 3464 865 ad
3492 808 3786 879 predicanc

2188 888 2318 965 dum
2347 907 2535 979 Anglis
2556 905 2706 961 abire
2732 888 3056 981 permissus,
3074 900 3168 956 sed
3193 899 3394 971 popqu
3415 899 3788 956 tumultuant:

2189 1009 2497 1067 retractus,
2546 981 2813 1068 septimus
2870 994 3034 1050 levita
3090 1001 3174 1048 est
3232 992 3535 1063 ordinatus.
3602 989 3791 1062 (ιδω.)

2189 1090 2555 1162 Athanagildo
2589 1104 2713 1158 rege
2742 1085 3181 1157 Wisigotharum
3210 1092 3448 1150 mortuo,
3470 1080 3793 1153 Levigildus

2191 1201 2318 1241 cum
2341 1161 2509 1238 fratre
2535 1197 2636 1238 suo
2666 1179 2848 1233 Leuva
2875 1188 2929 1233 et
2958 1186 3083 1248 post
3112 1161 3265 1232 solus
3302 1185 3491 1249 regnat
3514 1174 3680 1230 annis
3700 1174 3790 1227 16.

2194 1276 2278 1348 (Ρ.
2307 1275 2397 1347 D.)
2422 1274 2760 1331 Fortunatus
2792 1279 2953 1343 poeta
2976 1269 3200 1325 veniens
3243 1269 3312 1325 ab
3336 1267 3510 1337 Italia,
3538 1268 3715 1323 claret
3736 1266 3793 1319 in

2194 1369 2388 1425 Gallia.
2696 1352 2701 1357 ’
2774 1439 2780 1445 ,
3654 1407 3675 1417 ,ί

2305 1462 2426 1518 576.
2543 1461 2628 1515 11.
2775 1459 2831 1513 2.
2948 1456 3035 1512 12.
3182 1455 3238 1511 2.
3352 1454 3437 1509 15.
3585 1451 3640 1506 1.

2268 1540 2401 1623 (1b.)
2436 1549 2568 1605 Cleh
2609 1556 2844 1612 mortuo,
2877 1545 3220 1618 Langobardi
3261 1543 3365 1599 sub
3392 1541 3627 1599 ducibus
3672 1538 3801 1595 fue-

2196 1651 2325 1701 runt
2350 1641 2510 1698 annis
2540 1639 2626 1695 10.
2659 1639 2825 1705 Fame
2864 1638 3097 1693 Romam
3125 1644 3368 1708 urgente,
3401 1632 3799 1691 multiRoma-

2196 1751 2394 1811 norum
2421 1750 2479 1790 se
2507 1733 2881 1806 Langobardis
2908 1730 3133 1787 dedunt.

2290 1810 2427 1884 "577.
2544 1826 2630 1881 ra.
2779 1825 2831 1880 5.
2945 1824 3032 1879 ιδ.
3185 1823 3234 1877 1-.
3350 1821 3438 1876 ιδ.
3587 1821 3643 1874 a.

2267 1919 2364 1992 (II.
2400 1924 2497 1990 ηε.)
2525 1916 2744 1974 Iustino
2770 1917 3099 1986 imperatore
3133 1922 3374 1978 mortuo,
3428 1910 3687 1966 Tiberius
3711 1924 3802 1966 rea-

2196 2023 2330 2089 guat.
2353 2011 2512 2069 annis
2547 2010 2601 2065 6.
2630 2008 2750 2077 llic,
2777 2008 2945 2064 missa
2972 2007 3041 2061 ab
3064 2005 3299 2083 Egypto
3320 2003 3583 2063 frumenti
3609 2002 3802 2071 copia,

2199 2108 2429 2167 Romam
2485 2104 2678 2160 liberat
2730 2102 2799 2157 ab
2842 2099 3043 2155 inedia.
3101 2097 3188 2169 (6.
3242 2115 3287 2151 r.
3316 2095 3409 2167 Γ.)
3445 2094 3806 2164 Chilpericus

2198 2219 2293 2259 rex
2311 2200 2649 2256 Francorum
2697 2194 2922 2250 fratrem
2954 2208 3116 2269 suum
3161 2190 3505 2262 Sigebertum
3544 2187 3719 2243 nimis
3746 2193 3825 2241 et.

2198 2312 2293 2367 per
2323 2310 2382 2349 se
2403 2301 2581 2363 etper
2606 2289 2780 2345 ﬁlium
2803 2302 2966 2343 suum
3001 2284 3461 2355 Theodcbcrtum:
3484 2288 3643 2352 urget
3670 2279 3808 2350 plus

2199 2403 2364 2459 quam
2390 2384 2533 2440 civili
2560 2384 2724 2438 bello.

2305 2478 2431 2533 578.
2583 2476 2633 2529 1.
2781 2473 2835 2527 4.
2915 2472 3036 2526 14.
3184 2469 3238 2524 2.
3290 2510 3297 2513 .
3356 2467 3443 2521 17.
3591 2466 3649 2519 5.

2275 2567 2408 2641 (1b.)
2436 2566 2754 2638 Sigebertus
2797 2579 2892 2617 rex
2941 2561 3097 2616 fratri
3140 2575 3242 2616 suo
3281 2557 3590 2628 Chilperico
3613 2572 3805 2628 pugna

2199 2660 2571 2733 congreditur,
2629 2657 2814 2737 ibique
2855 2652 3279 2713 Thcodebertus
3308 2650 3455 2713 ﬁlius
3501 2649 3806 2720 Chilperici

2139 2798 2142 2807 ι
2200 2753 2507 2825 perimitur.
2558 2748 2784 2804 Francis
2826 2761 2958 2801 vero
2993 2760 3093 2816 pro
3138 2742 3448 2814 Chilperico
3490 2740 3595 2796 sibi
3626 2754 3810 2797 exoso

2204 2843 2546 2915 Sigebertum
2567 2855 2732 2910 super
2750 2853 2810 2896 se
2833 2851 3016 2909 regem
3042 2835 3222 2890 levare
3244 2832 3577 2898 volentibus,
3602 2847 3635 2886 a
3659 2831 3809 2887 dno-

2201 2936 2306 2991 bus
2332 2934 2541 3005 pueris,
2571 2948 2617 2987 la
2651 2928 3006 3002 Fredegunde
3031 2925 3325 3005 Chilperici
3372 2938 3544 2998 uxore
3578 2922 3810 2978 immis-
3916 2937 3923 2942 ‘

2203 3029 2302 3095 sis,
2335 3026 2649 3099 Sigebertus
2675 3023 2982 3095 perimitur.
3013 3017 3257 3092 [(Fusn.)
3291 3015 3634 3075 ~Brunicildis
3660 3029 3810 3069 inor

2205 3121 2253 3191 ej
2262 3136 2326 3177 us
2336 3098 2460 3175 cum
2478 3109 2590 3172 filio
2602 3098 2952 3191 Childeberto
2971 3110 3054 3168 vel
3067 3108 3398 3166 Childeberti
3420 3107 3549 3163 filiis
3567 3121 3811 3177 regnum

2209 3199 2544 3283 gubernans,
2565 3194 2799 3282 propter
2825 3192 3171 3260 insolentiam
3200 3215 3444 3266 morum,
3474 3198 3612 3254 adeo
3650 3198 3808 3252 into-

2209 3303 2449 3372 lerabilis
2469 3290 2854 3364 erat'Francis,
2885 3305 2944 3352 ut
2966 3295 3162 3351 merito
3187 3293 3523 3353 crederetur.
3550 3289 3811 3345 Sibillam

2207 3397 2275 3453 de
2298 3411 2361 3451 ea
2393 3392 2745 3449 vaticinatam
2773 3386 2895 3445 esse
2915 3407 2933 3441 ,2
2962 3407 2982 3439 q
3018 3386 3219 3452 Veniet,
3244 3385 3340 3453 ait,
3362 3384 3566 3438 Bruma
3588 3382 3654 3436 de
3673 3396 3812 3450 par-

2210 3487 2348 3542 tibus
2373 3485 2669 3556 Hispaniw,
2693 3491 2814 3536 ante
2835 3481 2988 3551 cujus
3011 3490 3343 3550 conspectum
3370 3484 3546 3548 gentes
3568 3472 3648 3528 vel
3670 3490 3810 3544 gen-

2211 3580 2345 3632 tium
2376 3592 2517 3647 reges
2545 3576 2790 3646 peribunt
2817 3591 2836 3640 ;
2864 3575 2979 3644 ipsa
3006 3588 3127 3627 vero
3147 3570 3381 3643 calcibus
3421 3584 3674 3641 equorum
3716 3569 3812 3622 di-

2209 3679 2367 3742 rupta
2390 3670 2602 3740 peribit.
2644 3690 2662 3721 »
2691 3667 2825 3735 Quae
2854 3666 3106 3739 quamvis
3144 3666 3220 3721 ita
3245 3672 3390 3720 esset
3415 3662 3681 3728 insolens,
3720 3670 3813 3717 ta-

2210 3776 2334 3816 men
2362 3760 2621 3816 ecclesias
2671 3759 2767 3814 Dei
2799 3755 3331 3814 honorabat.-Plura
3373 3753 3540 3810 etiam
3581 3761 3812 3808 sancto-

2210 3870 2334 3910 rum
2355 3852 2581 3912 cenohia
2604 3850 2870 3922 fundavit,
2909 3858 2965 3905 et
3000 3847 3225 3918 redilicia
3268 3844 3595 3903 ammirandi
3618 3844 3811 3914 operis

2211 3947 2541 4013 construxit,
2571 3954 2633 4000 ut
2661 3943 2929 3999 miraculo
2974 3940 3159 4006 fuerit,
3190 3946 3341 3993 tanta
3361 3937 3433 3992 ab
3461 3952 3526 3998 ea
3557 3935 3675 3991 fieri
3701 3950 3808 4005 po-

2211 4038 2431 4112 tuisse.]
2481 4037 2567 4109 (G.
2615 4053 2660 4092 r.
2692 4035 2786 4106 F.)
2839 4033 3075 4089 Sanctus
3118 4031 3425 4087 Germanus
3470 4027 3811 4083 Parisiensis

2184 4119 2499 4204 cpiscopus
2519 4129 2675 4184 obiit.
2704 4126 2786 4200 (P.
2811 4124 2899 4196 D.)
2923 4124 3101 4180 Duces
3124 4121 3610 4195 Langobardorum
3636 4119 3811 4175 urbes

2212 4234 2267 4281 et
2292 4222 2567 4279 aacelesias
2587 4219 3015 4276 exterminantes
3040 4216 3349 4283 indiscrete,
3381 4213 3678 4285 subjugant
3697 4211 3821 4267 sibi-

2214 4316 2362 4390 quod
2387 4322 2671 4387 supererat
2694 4311 2863 4368 Italia:
2884 4310 2951 4366 ⁷⁸.

2246 4409 2449 4465 .579.
2591 4406 2647 4461 2.
2795 4405 2848 4460 5.
2963 4402 3051 4457 15.
3200 4402 3252 4455 5.
3365 4398 3433 4454 18
3599 4399 3658 4452 4.

2286 4500 2384 4573 (Η.
2421 4500 2518 4570 m.)
2549 4497 2860 4563 Thiberius,
2887 4495 3015 4566 quia
3039 4493 3279 4549 liberalis
3304 4493 3358 4546 in
3384 4506 3652 4563 pauperes
3678 4488 3807 4557 fuit,

2214 4589 2592 4646 liberalitatem
2640 4586 2763 4658 ejus
2792 4584 2935 4641 Deus
2969 4582 3131 4655 juvit,
3167 4583 3299 4638 dum
3337 4581 3541 4636 multos
3576 4580 3826 4635 thesau-.

2216 4697 2307 4737 ros
2328 4682 2379 4737 ei
2401 4679 2647 4735 invenire
2670 4676 2837 4732 dedit.
2869 4675 3212 4746 Chilpericus
3251 4689 3344 4728 rex
3395 4670 3808 4727 Brunichildcm

2215 4775 2459 4830 relictam
2510 4769 2777 4842 Sigeberti
2804 4784 2929 4825 cum
2955 4769 3083 4824 filiis
3120 4768 3326 4824 exiliat.
3360 4766 3446 4837 (ϐ.
3475 4782 3521 4818 r.
3566 4763 3659 4834 ιν.)
3691 4762 3807 4818 ble-

2219 4882 2320 4923 nas
2347 4862 2628 4921 solitarius
2658 4862 2716 4917 in
2738 4860 2896 4917 Italia
2925 4862 3111 4916 claret.

2331 4956 2452 5015 580.
2601 4956 2653 5009 3.
2801 4952 2854 5010 6.
2969 4952 3054 5006 16.
3200 4949 3254 5007 4.
3368 4950 3456 5005 19.
3606 4950 3660 5003 5.

2294 5048 2544 5108 Ormisda
2573 5064 2669 5103 rex
2710 5046 3003 5103 Persarum
3034 5045 3324 5101 incursans
3361 5041 3675 5115 provincias
3693 5039 3827 5095 Ro-L

2226 5159 2533 5211 manorum,
2559 5140 2921 5215 ignominioso
2950 5139 3124 5194 victus
3151 5153 3181 5193 a
3213 5137 3495 5205 Romanis,
3522 5135 3815 5207 proposuit

1836 5322 2065 5379 'VARIAE
2101 5322 2509 5380 LEC'I‘IONES.
2590 5368 2597 5375 .

609 5471 656 5555 ς’]
686 5469 805 5555 §ig.
837 5471 1069 5555 primum
1092 5472 1377 5555 scripserat
1402 5471 1841 5555 Brunichildem;
1867 5476 1958 5532 sed
1982 5479 2239 5555 ipse‘pqst
2285 5479 2518 5555 correxit
2553 5487 2716 5555 atque
2762 5478 2971 5533 addidit
2998 5495 3171 5555 remo
3212 5492 3335 5548 qua:
3363 5476 3498 5555 etB.
3632 5491 3682 5555 ς.
3716 5476 3808 5555 Ita

542 5540 1219 5626 Leti.‘Bruni'childemnA.,
1255 5540 1342 5602 cui
1353 5559 1423 5626 .q.
1449 5560 1499 5599 e.
1532 5542 1689 5626 Β...
1713 5563 1770 5626 Δθ.
1797 5540 2018 5626 desunt;
2079 5540 2134 5581 ’θ’
2175 5548 2401 5626 Hispani
2449 5578 2515 5626 -τ
2537 5540 2667 5626 sunt
2698 5551 2753 5626 in
2787 5540 3254 5626 marg_._Si_g._cur-.
3284 5548 3475 5626 tertiis.
3554 5549 3599 5583 ⁷⁸
3621 5546 3807 5626 Δγενια

541 5609 897 5697 Ἑτεᾲεβυήός
920 5641 992 5651 --
1017 5607 1530 5697 I.talia3,erasis-qutle
1580 5615 1880 5687 Sigebertus
1911 5621 2195 5697 scripserat
2236 5607 2442 5697 duabus
2478 5618 2653 5697 lineis,
2687 5621 2774 5697 ita
2807 5607 3086 5697 ampliauit
3109 5618 3188 5697 13.
3230 5617 3698 5697 νειΙἎ-ρηειςιίΑι,
3720 5622 3821 5673 σαι

543 5656 897 5682 "ﬁmum...
1017 5656 1527 5679 --.......,-.............,
1580 5656 1639 5671 υ.
1676 5656 1880 5673 που...
1911 5656 2014 5673 σν..
2055 5656 2195 5673 σω...
2236 5656 2442 5671 ..υ-ην...
2478 5656 2630 5673 ..ηοω
2698 5656 2774 5673 ι...
2807 5656 2888 5673 ιι...
3113 5656 3188 5675 ιν.
3230 5656 3345 5673 η...
3428 5656 3573 5673 ...ην
3605 5656 3651 5671 ι.
3720 5656 3805 5673 ν...

543 5682 985 5768 ᾳξπᾼςγηιὶξὶῃᾳψξα
1010 5681 1219 5768 desunt,
1252 5656 1457 5768 reliquit
1487 5656 1752 5768 teg’t‘tngur,
1778 5700 1842 5768 με
1893 5706 1984 5743 nos
2011 5656 2270 5768 dedimus,
2297 5698 2351 5742 at
2392 5691 2446 5742 in
2488 5690 2583 5744 ’ine
2629 5656 3312 5746 Mditurbeildebertus
3339 5656 3483 5746 filius
3538 5656 3805 5760 SigeI‘Jerti

543 5765 769 5822 regnum
803 5752 970 5826 patris
994 5754 1209 5829 accipit.
1247 5754 1328 5809 Ita
1355 5752 1518 5826 igitur
1538 5752 1665 5828 'Sig.
1704 5752 1875 5833 primo
1924 5760 2202 5814 scriuscrat
