4046 6318
1510 312 1582 325 αλ»

276 419 373 474 H3

1728 406 2102 475 CHRONKIA.

3442 414 3545 474 114

274 548 323 593 et
344 551 478 607 gens
502 532 1064 604 Nordanymbromm,
1086 531 1182 602 qui
1217 545 1364 602 quoa
1390 546 1459 585 ao
1486 531 1861 600 aquilonarem
1893 540 1937 596 Α
1967 531 2182 589 dicente
2213 533 2471 588 nauclero
2514 550 2523 584 :
2564 529 2769 586 Desiste
2805 530 3144 585 elemosinam
3184 538 3359 597 petere
3390 548 3424 584 α
3454 547 3551 585 no-

272 636 482 699 partem
510 623 726 680 Ymbrzc
756 623 998 679 ﬁuminis
1038 623 1303 688 habitent,
1333 621 1408 677 ita
1437 629 1725 688 vocantur,
1758 622 1863 676 sub

274 719 498 785 regibus
537 714 806 773 Edilfrido
844 723 900 770 et
948 714 1092 771 Elle
1114 714 1356 769 nondum
1404 713 1691 769 audierant
1737 729 1863 769 vcr-

273 810 404 867 bum
436 811 581 866 vice.
790 846 804 875 λ,
1016 846 1021 851 -

306 902 439 958 600.
490 901 559 957 Β.
600 900 688 956 17.
728 899 797 963 Ρ.
834 900 893 956 9.
933 898 998 954 F.
1041 899 1128 954 15.
1180 898 1243 955 L.
1286 897 1340 952 8.
1387 896 1452 954 Α.
1492 897 1583 953 59.
1627 895 1719 952 W.
1759 896 1813 952 9.

345 994 540 1066 (Beas,
575 992 648 1049 ll.
675 992 748 1065 e.)
775 991 1014 1047 Sanctus
1040 990 1186 1047 Goar
1208 990 1430 1045 veniens
1453 1005 1520 1045 ex
1550 987 1866 1059 Aquitania,

272 1086 448 1144 claret
472 1085 530 1140 in
572 1083 766 1140 Gallia.
813 1080 1153 1153 Augustinus
1194 1081 1263 1136 ab
1295 1079 1516 1136 Etherio
1563 1079 1870 1134 Arelatensi

274 1184 638 1234 consecratur
676 1175 983 1246 Anglorum
1023 1172 1332 1245 episcopus.
1380 1172 1597 1243 (Facn.)
1644 1170 1868 1227 Childe~

276 1266 468 1324 bertus
498 1283 596 1323 rex
616 1265 957 1324 Francorum
978 1265 1233 1332 moritur,
1261 1265 1357 1337 qui
1382 1263 1794 1321 Theodebertus
1816 1271 1872 1319 et

275 1359 659 1417 Theodericus
679 1359 777 1414 ﬁlii
807 1358 930 1429 ejus
956 1358 1348 1430 subrogantur.

385 1452 514 1508 601.
626 1450 716 1506 18.
833 1449 921 1505 10.
1035 1449 1122 1505 14.
1270 1451 1323 1505 9.
1434 1449 1525 1503 40.
1642 1448 1725 1503 10.

347 1542 643 1599 Contentio
668 1542 811 1597 inter
845 1540 1149 1607 Romanam
1191 1538 1494 1597 aacclcsiam
1516 1549 1572 1595 et
1611 1556 1874 1612 arrogan-

272 1637 413 1692 tiam
438 1633 711 1690 Johannis
737 1628 978 1704 episcopi
1002 1631 1621 1702 Constantinopolitaui,
1640 1630 1875 1686 .univer—

273 1729 416 1786 salis
444 1727 812 1800 pathriarchze
836 1741 908 1782 no
933 1725 1168 1793 z.en,sibi
1213 1724 1554 1796 usurpantis,
1594 1724 1699 1780 sub
1717 1722 1876 1778 Pela-

274 1821 373 1893 εἰσ
400 1835 547 1891 papa
577 1828 838 1889 concepta
862 1826 919 1873 et
944 1833 977 1872 a
1007 1815 1269 1889 Gregorio
1292 1816 1406 1886 jam
1446 1815 1569 1870 inde
1604 1830 1711 1869 non
1735 1812 1873 1868 leni-

274 1922 363 1968 ter
407 1910 722 1982 exagitata,
773 1924 881 1965 non
923 1916 1082 1964 antea
1126 1909 1408 1979 quiescere
1460 1909 1656 1977 potuit,
1710 1921 1876 1977 quam

273 2003 564 2060 Jobaunes
591 2003 708 2074 ipse
735 2002 917 2058 subita
942 2009 1117 2057 morte
1159 2001 1316 2056 obiit.
1362 2000 1444 2068 (P.
1471 1999 1558 2065 D.)
1587 1998 1728 2054 lluni
1751 2014 1877 2053 eum

280 2094 519 2150 Francis
565 2093 780 2149 fortiter
812 2093 1013 2148 bellant
1038 2093 1093 2147 in
1140 2091 1461 2162 Thuringia.
1510 2075 1879 2162 Fredegundis

278 2186 478 2258 regina
524 2186 779 2244 moritur.
823 2183 1094 2256 Agilulfus
1142 2182 1483 2261 Theoderico
1532 2181 1878 2237 conitedera-

278 2287 396 2333 tur.
422 2276 524 2350 (ιι.
557 2276 741 2350 m.)ln
770 2276 892 2334 Nilo
931 2276 1148 2348 Egypti
1192 2275 1417 2330 ﬁumine
1447 2275 1564 2329 visa
1609 2282 1737 2328 sunt
1762 2274 1881 2328 ani-

278 2370 454 2426 malia
485 2370 742 2427 humanae
772 2368 982 2434 formae,
1017 2368 1104 2423 vir
1132 2368 1341 2424 scilicet
1384 2375 1438 2421 et
1463 2367 1680 2432 mulier,
1707 2382 1882 2436 usque

279 2460 354 2516 ad
386 2460 608 2516 lumbos
655 2475 820 2530 super
849 2474 1052 2529 aquam
1092 2465 1341 2512 extantes
1366 2474 1380 2522 ;
1404 2455 1499 2525 qui
1543 2455 1612 2509 ab
1641 2454 1881 2509 homini-

280 2553 396 2609 bus
417 2567 518 2624 per
540 2550 711 2607 Deum
740 2550 1000 2622 adjurati,
1024 2566 1059 2605 a
1100 2565 1262 2605 mane
1292 2563 1466 2619 usque
1498 2548 1567 2602 ad
1599 2562 1800 2602 nonam
1825 2562 1885 2602 se

281 2645 558 2701 videndos
587 2642 942 2715 prebuerunt.

398 2736 525 2791 602.
640 2736 749 2791 19-
844 2734 931 2790 11.
1046 2732 1336 2807 15..10.
1447 2732 1539 2788 41.
1653 2731 1738 2785 11.

361 2825 556 2898 (Bt-1m,
602 2826 675 2882 ll.
715 2828 787 2896 e.)
836 2826 1177 2899 Augustinus
1220 2824 1516 2895 episcopus
1562 2823 1886 2894 Anglorum,

283 2920 482 2977 habita
512 2934 723 2992 synuuo
749 2936 875 2976 cum
898 2919 1208 2974 Brittonum
1237 2926 1292 2973 et
1328 2915 1642 2971 Scottorum
1673 2915 1886 2986 episco-

285 3013 403 3084 pis,
430 3013 561 3084 quia
594 3012 933 3079 sacerdotes,
958 3019 1013 3066 et
1048 3009 1351 3065 monachos
1381 3008 1590 3064 invenit
1634 3008 1891 3063 adversa-

283 3105 410 3163 rios
443 3105 740 3175 aaquitatis,
771 3120 909 3175 quos
957 3101 1128 3157 voluit
1176 3099 1378 3156 habere
1426 3100 1608 3156 socios
1643 3100 1891 3171 prcdica-

1964 625 2067 693 bis,
2104 626 2194 696 qui
2216 624 2350 679 nihil
2383 625 2469 679 hic
2503 633 2685 695 preter
2707 624 2912 695 lapides
2939 622 3233 678 habemus!
3265 639 3389 680 cum
3416 624 3550 680 sub—
3600 660 3607 667 ο

1960 717 2186 788 jecisset
2209 733 2417 788 pauper
2447 737 2464 772 :
2502 717 2697 773 Omnia
2734 733 2857 789 ergo
2892 724 3164 771 vertantur
3205 716 3262 769 in
3309 715 3552 786 lapides;

1964 810 2235 881 quidquid
2261 809 2645 866 manducabile
2671 809 2728 864 in
2777 808 2900 865 navi
2931 817 3071 876 erat,
3106 809 3161 863 in
3188 807 3396 878 lapides
3422 824 3552 865 con-

1967 918 2186 961 versum
2216 911 2321 969 est,
2351 902 2531 958 colore
2559 911 2612 957 et
2640 900 2817 957 forma
2866 917 3053 956 rerum
3100 899 3290 956 eadem
3335 914 3558 969 permar-

1970 996 2208 1050 nente".
2242 994 2408 1051 Fame
2441 994 2668 1050 Romam
2697 1002 3049 1065 aggravante,
3090 990 3324 1055 Romani
3353 989 3562 1063 Grego-

1970 1085 2055 1141 rio
2094 1101 2248 1156 papaa
2285 1086 2397 1156 jam
2427 1084 2685 1139 defuncto
2713 1082 3060 1155 derogantes,
3094 1082 3242 1153 quod
3270 1081 3564 1136 thesauros

1970 1178 2228 1234 aecclesize
2254 1194 2354 1233 sua
2384 1177 2554 1232 nimia
2582 1176 2907 1231 liberalitate
2926 1174 3265 1244 dissipasset,
3296 1189 3421 1230 cum
3450 1187 3561 1228 non

1972 1273 2191 1330 adesset
2231 1287 2487 1342 persona,
2538 1271 2806 1340 inquam
2855 1267 3201 1334 exarderent,
3235 1264 3561 1322 memoriam

1975 1364 2213 1421 nominis
2242 1364 2363 1434 ejus
2393 1364 2447 1418 in
2474 1363 2631 1418 libris
2658 1360 2818 1416 illius
2838 1360 3019 1416 delere
3047 1358 3322 1415 volebant.
3346 1356 3442 1423 ,Ac
3464 1371 3562 1427 per

1974 1459 2081 1513 hoc
2106 1457 2274 1512 libros
2302 1455 2549 1527 Gregorii
2580 1468 2735 1525 papa:
2766 1451 3031 1508 Romanis
3067 1464 3299 1506 exurere
3328 1448 3565 1503 volenti-

1976 1548 2079 1604 bus
2109 1546 2331 1607 obstitit-
2346 1546 2543 1604 Petrus
2570 1546 2835 1601 diaconus
2860 1588 2875 1612 ,
2928 1543 3162 1615 prodens
3193 1556 3252 1599 se
3298 1539 3566 1610 Spiritum

1977 1650 2229 1698 sanctum
2264 1642 2320 1695 in
2364 1640 2545 1711 spwic
2574 1638 2844 1696 columba:
2894 1651 3058 1708 super
3105 1642 3270 1706 caput
3315 1631 3569 1704 Gregorii,

1977 1733 2261 1791 tractantis
2286 1734 2562 1789 sedentem
2585 1732 2788 1787 vidisse
2807 1729 3023 1800 sepius;
3051 1727 3214 1798 idque
3232 1726 3566 1782 conﬁrmans

1973 1825 2335 1897 jurisjurandi
2366 1833 2731 1889 sacramento,
2763 1838 2887 1877 mox
2920 1820 3162 1876 moriens
3189 1834 3256 1873 ex
3288 1816 3564 1883 condicto,

1981 1922 2145 1977 ﬁdem
2191 1919 2320 1975 fecit
2350 1926 2453 1974 alio
2494 1916 2831 1974 testimonio.
2872 1911 3095 1983 (ἣκειν.)
3138 1910 3271 1965 Post
3300 1908 3566 1964 Riehare-

1980 2015 2111 2071 dum
2154 2012 2297 2083 apud
2327 2010 2669 2082 Wisigothos
2702 2014 2893 2078 regnat
2920 2004 3223 2060 Bettericus
3250 2000 3414 2059 atrnis
3442 2000 3496 2055 7.

2088 2105 2213 2161 607.
2360 2103 2413 2159 5.
2474 2162 2475 2167 η
2526 2100 2612 2156 16.
2666 2151 2675 2159 ,
2723 2098 2815 2154 20.
2928 2097 3016 2153 15.
3127 2094 3218 2150 46.
3353 2092 3420 2147 ’1.

2054 2199 2073 2270 (
2088 2197 2149 2253 γ.
2176 2195 2359 2269 Grcg.)
2400 2194 2734 2251 Sabinianus
2780 2206 2919 2262 papa
2948 2204 3074 2245 cum
3104 2196 3159 2243 et
3186 2186 3304 2257 ipse
3329 2182 3572 2239 liberali-

1983 2291 2081 2359 tati
2104 2289 2350 2361 Gregorii
2373 2286 2780 2359 predecessoris
2802 2283 2901 2339 sui
2919 2282 3225 2351 derogaret,
3256 2286 3311 2333 et
3338 2276 3442 2333 sub
3466 2275 3573 2331 hoc

1985 2392 2208 2456 cptentu
2243 2396 2467 2437 manum
2497 2377 2684 2450 egenis
2711 2375 3078 2439 subtraheret,
3113 2369 3412 2441 Gregorius
3442 2381 3573 2425 eum

1986 2494 2082 2549 per
2107 2477 2285 2533 visum
2312 2483 2394 2530 ter
2418 2488 2519 2544 pro
2556 2473 2714 2543 culpa
2739 2468 2964 2525 teuaciae
2989 2475 3044 2522 et
3068 2464 3234 2535 hujus
3263 2461 3576 2532 derogath-

1988 2570 2075 2625 nis
2104 2569 2464 2638 increpatum,
2490 2564 2636 2635 quod
2663 2578 2771 2618 non
2798 2559 3163 2630 resipiscerct,
3186 2556 3349 2612 etiam
3372 2562 3575 2625 quarto

1988 2660 2324 2716 horribiliter
2352 2659 2644 2727 increpans
2671 2663 2726 2710 et
2748 2651 3097 2709 comminans
3143 2650 3198 2703 in
3240 2646 3420 2718 capite
3452 2661 3577 2715 per-

1988 2754 2191 2821 cussit;
2223 2767 2335 2823 quo
2361 2751 2450 2805 ille
2477 2745 2664 2804 dolore
2689 2752 2937 2809 vexatus,
2978 2742 3163 2813 pauﬂo
3189 2749 3315 2811 post
3340 2747 3578 2795 mortem

1990 2848 2144 2904 obiit.
2177 2844 2264 2917 (G.
2298 2840 2472 2915 pont.)
2506 2838 2640 2897 Post
2668 2855 2831 2910 quem
2845 2838 2914 2904 ⁸⁸,
2957 2833 3286 2890 Bonefacius
3315 2831 3579 2886 Romana:

1991 2937 2250 2995 aacclesia:
2273 2936 2403 2991 65'"
2437 2932 2692 3005 presidet.
2727 2928 2828 2984 Hic
2865 2925 3102 2999 optinuit
3145 2923 3288 2994 apud
3337 2921 3579 2977 Phocam

1993 3032 2377 3102 imperatorem
2398 3070 2414 3094 ,
2464 3034 2525 3080 ut
2542 3023 2792 3081 acoelcsia
2819 3020 3069 3076 Romana
3099 3021 3260 3088 caput
3286 3024 3433 3071 esset
3455 3030 3581 3069 .om-

1994 3123 2147 3177 nium
2177 3118 2590 3182 ecclesiarum;
2629 3113 2759 3184 quia
2795 3110 3040 3167 tecelesia
3076 3103 3583 3174 Constantinopoli-

287 3197 488 3264 tionis,
520 3198 716 3253 terruit
746 3213 845 3253 eos
872 3196 1129 3251 vaticinio
1157 3193 1357 3249 futura:
1400 3209 1568 3263 super
1616 3209 1714 3248 eos
1745 3194 1893 3269 cala-
1920 3222 1963 3280 ε
1995 3220 2124 3266 tam
2168 3208 2451 3264 scribebat
2500 3220 2560 3261 se
2608 3219 2731 3259 esse
2763 3202 2994 3273 prunam
3022 3200 3270 3254 omnium
3300 3195 3583 3252 περιθείη,

288 3291 529 3346 mitatis.
569 3291 588 3359 (
605 3289 665 3343 V.
693 3289 837 3361 Col.)
877 3288 1113 3344 Sanetus
1138 3287 1514 3342 Columbauus
1540 3302 1607 3340 ex
1638 3284 1894 3339 llibcrnia

287 3384 351 3440 in
405 3382 778 3455 Burgundiam
806 3382 984 3449 venit,
1031 3381 1214 3452 ibique
1250 3379 1524 3451 permissu
1574 3376 1895 3432 Theoderici

290 3474 450 3549 regis
475 3474 789 3531 cmnobium
823 3473 1133 3529 Luxovium
1162 3472 1436 3528 azdiﬁcare
1461 3470 1648 3540 erepit.

410 3566 537 3621 605.
648 3565 740 3622 20.
852 3566 938 3621 12.
1054 3564 1142 3620 16.
1255 3564 1340 3618 11.
1456 3562 1546 3616 42.
1660 3561 1749 3615 12.

373 3657 477 3728 (II.
513 3656 612 3727 γη.)
639 3657 939 3714 Mauricius
965 3658 1263 3729 imperator
1293 3672 1351 3711 se
1376 3671 1500 3710 eum
1524 3653 1640 3709 suis
1662 3670 1693 3707 a
1716 3651 1897 3708 Phoca

297 3751 746 3808 interﬁciendum
769 3749 1034 3805 divinitus
1061 3747 1367 3820 prandiscit;
1397 3755 1453 3802 et
1477 3746 1746 3800 malorum
1781 3759 1900 3814 pte-

298 3844 513 3909 nitens,
544 3858 611 3898 ea
641 3842 749 3898 sibi
780 3841 869 3897 hic
896 3842 1136 3897 retaliari
1164 3857 1262 3911 per
1303 3853 1362 3895 se
1386 3848 1442 3893 et
1468 3854 1564 3908 per
1589 3852 1777 3892 servos
1806 3835 1902 3891 Dei

296 3938 580 3993 instanter
602 3936 870 4006 exposcit.
900 3935 987 4007 (ϐ.
1016 3952 1065 3990 r.
1093 3933 1187 4005 F.)
1213 3932 1584 3989 Theodericus
1606 3947 1698 3986 rex
1723 3930 1901 4009 aviam
1924 3958 1927 3961 ι

301 4044 470 4084 suam
497 4027 904 4084 Brunichildem
933 4027 1003 4082 ab
1029 4027 1333 4082 Austrasiis
1357 4025 1589 4095 ejectum
1610 4012 1830 4093 recepit.

420 4119 549 4175 604.
661 4120 751 4175 il.
867 4120 955 4175 15.
1069 4118 1156 4173 17.
1270 4117 1359 4172 1‘2.
1468 4116 1557 4170 45.
1674 4113 1759 4167 15.

383 4211 487 4285 (Η.
514 4212 614 4283 ιιι.)
640 4211 931 4267 Mauritius
960 4211 1255 4281 imperator
1283 4226 1408 4264 cum
1443 4223 1611 4263 uxore
1640 4214 1693 4261 et
1724 4205 1850 4260 ﬁliis
1874 4221 1906 4259 a

306 4304 462 4362 Foco
492 4304 817 4376 perimitur;
857 4312 914 4359 et
939 4304 1177 4383 imperat
1204 4302 1381 4357 Focas
1407 4301 1567 4356 annis
1608 4299 1663 4353 8.
1715 4297 1905 4368 (Bson,

314 4397 392 4453 ll.
423 4397 496 4466 ε.)
532 4395 842 4452 Orientales
869 4394 1028 4464 Angli
1055 4409 1180 4450 cum
1215 4406 1340 4462 rege
1366 4407 1470 4447 suo
1499 4389 1783 4461 Sigcbcrto
1813 4403 1910 4459 per

309 4488 581 4545 Mellitum
610 4489 928 4557 episcopum
951 4485 1018 4541 ad
1039 4483 1326 4540 Christum
1354 4490 1764 4537 convertuntur.

424 4580 552 4636 605.
701 4579 754 4634 1.
868 4578 954 4633 1-1.
1071 4576 1157 4631 18.
1272 4575 1360 4630 15.
1470 4573 1559 4627 44.
1675 4572 1760 4625 1.1.

391 4670 492 4741 (Il.
534 4671 630 4740 in.)
664 4668 897 4741 Cognita
931 4676 1105 4723 morte
1150 4665 1424 4731 Mauricii,
1454 4673 1776 4735 grassantur
1813 4680 1910 4734 per

314 4762 700 4819 Romanorum
730 4759 1221 4833 provincias-hinc
1262 4757 1443 4812 Persae
1487 4763 1541 4809 et
1591 4753 1716 4809 inde
1745 4752 1913 4809 l‘luni.

314 4854 412 4925 (ϐ.
444 4873 488 4910 r.
516 4854 611 4927 F.)
663 4854 957 4911 Lotharius
1003 4862 1058 4908 et
1086 4851 1456 4907 Theodericus
1481 4847 1651 4919 pretio
1677 4848 1818 4904 inter
1854 4862 1914 4902 se

314 4950 683 5013 colliduntur,
717 4948 772 5003 in
816 4962 935 5018 quo
960 4946 1082 5016 plus
1110 4960 1275 5014 quam
1321 4942 1391 4996 50
1422 4942 1575 5015 milia
1602 4957 1740 5015 caesa
1768 4939 1910 5001 reic-

318 5052 563 5105 rnntur;
590 5038 966 5101 Theodericus
992 5047 1175 5092 tamen
1206 5035 1432 5091 victoria
1466 5034 1690 5105 potitur.
1721 5032 1779 5087 In
1811 5032 1916 5087 hoc

318 5139 503 5211 prelio
536 5136 767 5208 angelus
810 5133 1029 5189 Domini
1079 5131 1427 5203 evaginatum
1477 5128 1717 5201 gladium
1753 5145 1918 5200 super

316 5231 592 5305 populum
622 5239 819 5304 tenens
848 5226 1128 5287 visusest.

433 5321 562 5375 606.
709 5319 775 5373 2.
880 5317 967 5372 15.
1080 5316 1166 5370 19.

433 5321 562 5375 606.
709 5319 775 5373 2.
880 5317 967 5372 15.
1080 5316 1166 5370 19.
1285 5315 1377 5370 14.
1484 5313 1575 5368 45.
1688 5313 1779 5368 15.

309 5400 320 5450 ⁸
404 5412 610 5499 (ϐιαιως.⁴
654 5407 792 5463 Tun.
841 5405 1225 5499 [haphe-014.)
1284 5403 1616 5497 Sabinianus
1661 5401 1922 5499 Romanae

338 5492 744 5561 ecclesiae-621“
769 5496 1025 5570 presidet.
1055 5496 1169 5552 lloc
1198 5506 1439 5568 tempore
1466 5492 1673 5567 pauper
1700 5494 1922 5565 quidam

343 5610 460 5651 tam
509 5611 542 5649 a
594 5591 779 5649 nautis
828 5592 1189 5649 elemosinam
1226 5598 1430 5661 peteret
1481 5604 1581 5644 nec
1632 5587 1923 5657 acciperet,

1940 4579 1988 4639 ι)

1996 3316 2141 3356 rum.
2173 3296 2274 3354 Hic
2302 3299 2357 3353 in
2398 3297 2633 3355 concilio
2662 3294 3004 3366 septuaginta
3031 3293 3266 3348 duorum
3295 3288 3585 3360 episcopo-

1996 3407 2121 3449 rum
2170 3390 2410 3447 accrevit
2458 3389 2561 3444 sub
2610 3387 2987 3450 anathemate,
3038 3390 3099 3438 ut
3143 3380 3326 3436 nullus
3370 3379 3587 3435 vivente

1997 3484 2256 3555 episcopo
2286 3478 2524 3537 civitatis
2569 3493 2683 3533 sua:
2712 3476 2910 3530 audeat
2942 3474 3113 3544 loqui,
3147 3480 3251 3543 aut
3274 3479 3454 3541 partes
3482 3468 3587 3525 sibi

2000 3579 2198 3645 facere,
2234 3576 2329 3633 sed
2356 3573 2516 3629 tertio
2543 3571 2631 3627 die
2658 3567 3015 3640 depositionis
3043 3563 3537 3638 ejusljat-liceuter
3557 3577 3591 3614 a

2000 3674 2148 3730 clero
2178 3679 2232 3726 et
2260 3667 2461 3740 populo
2489 3664 2683 3721 electio
2711 3659 3030 3719 sacerdotis.
3084 3653 3171 3727 (G.
3207 3672 3254 3709 r.
3282 3652 3386 3722 F.)
3411 3651 3591 3705 Theo-

2001 3765 2219 3823 dericus
2246 3771 2301 3818 et
2329 3756 2738 3816 Theodebertu's
2768 3744 2974 3808 iratres
3021 3759 3075 3806 ct
3102 3762 3257 3819 reges
3284 3743 3590 3799 Wascones

2001 3860 2119 3929 sibi.
2137 3838 2517 3929 subiugauit”.
3396 3848 3431 3929 ς

2109 3927 2252 4007 eos;
2317 3927 2320 3928 ί
2382 3947 2437 4001 4.
2550 3943 2637 3998 ιγ.
2749 3941 2839 3995 at.
2951 3936 3038 3991 ιδ.
3150 3930 3238 3987 47.
3310 3930 3313 3933 ·
3386 3927 3441 3982 2.

2078 4041 2295 4116 (Fur-:0.)
2330 4040 2543 4109 Corpus
2564 4035 2741 4092 sancti
2763 4030 3001 4092 .Victoris
3025 4025 3229 4082 Thebei
3258 4018 3596 4116 apudJSalﬁo:

2008 4105 2202 4192 dorum
2250 4105 2377 4189 cum
2412 4105 2605 4186 sancto
2650 4125 2793 4182 Urso
2840 4121 2987 4195 passi
3038 4116 3332 4174 invenitur.
3391 4108 3475 4181 (P.
3506 4105 3596 4180 D.)

2012 4224 2296 4282 Secundus
2322 4221 2563 4281 famulus
2588 4217 2683 4273 Dei
2714 4217 2768 4271 in
2802 4212 2955 4270 Italia
2979 4213 3166 4269 claret.
3198 4204 3415 4280 (Fnen.)
3445 4199 3601 4256 Desi-

2010 4319 2196 4376 derius
2225 4315 2553 4383 Viennensis
2580 4310 2871 4383 episcopus
2896 4324 2926 4362 a
2956 4303 3299 4361 Theoderico
3321 4297 3597 4355 exiliatur.

2015 4411 2204 4482 (ΒεοΑ,
2238 4408 2311 4463 II.
2344 4419 2417 4477 e.)
2452 4403 2793 4477 Augustinus
2820 4399 3031 4470 primus
3054 4395 3352 4467 Anglorum
3383 4388 3601 4461 episco-

2013 4521 2117 4576 pus
2142 4501 2395 4563 moritur,
2423 4487 2587 4567 eique
2620 4491 2952 4549 Laurentius
2980 4485 3349 4544 substituitur.

2123 4592 2248 4649 609.
2396 4591 2450 4645 5.
2565 4588 2652 4641 18.
2763 4583 2861 4637 22.
2972 4579 3059 4634 17.
3170 4576 3260 4631 48.
3405 4575 3459 4630 ’5.

2087 4683 2172 4755 (ϐ.
2201 4683 2372 4754 pom.)
2398 4675 2724 4732 Boncfacius
2748 4672 3011 4755 Romanae
3037 4666 3297 4723 mcclesiae
3319 4664 3446 4720 6-1“s
3479 4676 3604 4733 pre-

2013 4752 2175 4833 sidet.
2202 4752 2420 4844 0(P.'D.)
2468 4767 2569 4825 Hic
2596 4752 2867 4839 pantheon
2897 4762 3086 4818 Roma:
3126 4775 3159 4814 a
3188 4757 3331 4813 Foca
3362 4756 3603 4825 imperas

2017 4883 2133 4927 tore
2164 4870 2512 4940 impetratum
2541 4860 2707 4918 vertit
2731 4860 2786 4915 in
2821 4856 3126 4915 aecclcsiam
3175 4860 3379 4910 sancta:
3422 4847 3607 4903 Maria:

2017 4974 2071 5021 et
2095 4971 2411 5019 sanctorum
2459 4966 2782 5029 martyrum,
2828 4962 2883 5009 ct
2912 4952 2969 5007 in
3001 4948 3264 5004 Kalendis
3288 4940 3609 5009 Novembris

2019 5056 2094 5112 ibi
2119 5052 2358 5110 instituit
2386 5049 2787 5107 solemnitatem
2814 5042 3064 5101 omnium
3092 5040 3442 5096 Sanctorum.

2126 5141 2250 5197 610.
2396 5141 2453 5195 6.
2568 5138 2657 5192 19.
2766 5136 2858 5190 25.
2973 5132 3059 5188 18.
3174 5130 3279 5194 49.;
3409 5126 3463 5179 4.

2094 5234 2309 5307 (licem)
2338 5232 2520 5289 Persa:
2550 5230 2925 5289 Romanorum
2957 5222 3242 5297 provintiis
3270 5217 3507 5307 graviter
3525 5214 3614 5268 inn

2000 5301 2243 5385 cubant.
2279 5301 2363 5396 (Ρ.
2403 5322 2494 5393 D.)
2536 5318 2788 5393 Agilufus
2816 5313 3297 5387 Langobardorum
3334 5322 3428 5361 rex
3460 5301 3610 5356 Man.

2028 5436 2199 5486 tuam,
2228 5421 2557 5498 Cremonam
2597 5424 2652 5470 et
2678 5414 2861 5484 aliqua
2900 5408 3068 5464 Italia:
3092 5402 3308 5487 castella
3341 5399 3504 5526 cogit.

2135 5492 2230 5526 an
2411 5487 2442 5526 '7
2539 5487 2644 5526 ’σξη
2773 5483 2862 5526 et
2978 5480 3065 5526 19.
3175 5474 3265 5526 50.
3451 5511 3464 5524 ,

2135 5474 2323 5548 sit.”
2411 5487 2463 5542 7.
2539 5487 2663 5541 eo.
2770 5474 2863 5538 at.
2978 5480 3065 5534 ιι).
3175 5474 3265 5528 50.
3410 5474 3464 5526 5.

2099 5578 2440 5638 Alexandriae
2485 5574 2765 5632 Johanues
2815 5572 3108 5643 episcopus
3150 5562 3373 5630 claruit,
3401 5561 3511 5633 qui.
3545 5558 3616 5615 ob

1648 5700 1885 5757 νΑιιιΑε
1925 5693 2330 5757 LECTIONES.
2637 5715 2641 5719 ν
2713 5771 2718 5775 .

414 5803 456 5832 ιτ
483 5800 821 5859 Sabinianus
841 5831 911 5841 -—
935 5805 1290 5872 permanente
1315 5795 1427 5867 Sig.
1457 5796 1598 5872 quis
1629 5794 1920 5872 secundis.
1980 5793 2027 5826 an
2054 5787 2390 5845 Sabinianus
2436 5815 2505 5872 -_—
2552 5771 2718 5872 quem
2738 5779 2871 5872 1859..
2889 5772 3033 5832 curis
3054 5768 3619 5872 .tertiis‘in'marginc;

923 5872 930 5881 ι

339 5872 463 5929 reﬂ.
485 5848 598 5905 πθ
622 5848 766 5929 cssct
791 5848 1443 5941 oninihm-t—Tsubj‘ugadut
1462 5848 1744 5938 Sigiruris
1772 5883 1873 5920 scr.
1903 5864 1956 5920 in
1978 5876 2189 5928 mauro,
2218 5873 2335 5910 cum
2364 5873 2430 5910 on
2442 5864 2522 5911 tea
2546 5848 2709 5922 paulo
2735 5848 2935 5907 bra-ius
2960 5848 3276 5920 scripsisset.
