4058 6480
448 414 547 471 115

1582 410 1939 469 SlGEBEltTl
1979 414 2508 473 GEMBLACEKSIS

3617 407 3733 465 116

443 528 701 586 eximiam
728 528 783 584 in
814 526 1095 584 Christum
1125 528 1505 583 liberalitatem
1537 544 1736 585 nomen
1768 530 2031 587 ElemosiL
2060 541 2104 594 Α
2135 533 2275 589 bello
2303 531 2573 603 extinguit
2600 528 2768 600 (167).
2798 525 2924 582 Haec
2953 524 3236 581 calamitas
3266 522 3468 581 Scottis
3495 522 3723 596 contigit

443 623 583 679 narii
614 623 833 678 meruit.
1933 671 1937 674 .

546 716 672 769 612.
733 714 797 769 Β.
817 715 869 769 8.
897 714 956 769 P.
983 714 1072 769 21.
1098 713 1158 770 F.
1194 714 1286 770 25.
1312 714 1373 769 L.
1393 714 1482 768 20.
1511 715 1573 768 Α.
1594 715 1681 770 51.
1720 714 1809 769 W.
1831 715 1883 769 6.

520 806 617 877 (Il.
648 808 745 877 ηε.)
804 804 1086 861 Heraclius
1137 805 1205 861 ad
1252 805 1543 876 imperium
1592 804 1840 872 electus,
1888 803 2030 860 Foca

447 909 729 977 perempto
775 906 831 952 et
878 890 1121 953 eremato
1171 895 1419 967 ignibus,
1469 894 1716 973 regnavit
1750 895 1908 951 annis
1937 895 2026 950 51.

445 992 665 1063 (Furem)
715 986 1035 1045 Desiderius
1086 987 1415 1044 Viennensis
1458 987 2031 1063 episcopus‘consilio

443 1082 812 1140 ll’runichildis
863 1098 894 1136 a
943 1080 1281 1136 Theoderico
1329 1096 1454 1152 rege
1498 1079 1771 1151 lapidibus
1801 1080 2032 1157 obrutus

443 1175 851 1248 martyrizatur.

546 1265 671 1320 615.
820 1263 872 1318 1.
982 1263 1071 1318 22.
1185 1262 1274 1317 26.
1389 1263 1478 1316 21.
1594 1262 1681 1317 52.
1835 1263 1884 1318 7.

445 1406 449 1409 Α
511 1357 608 1429 (Il.
649 1356 746 1427 m.)
800 1354 982 1411 Persae
1029 1372 1059 1410 a
1107 1354 1485 1433 Romanorum
1530 1354 1871 1411 insecutione
1902 1368 2029 1410 'non

441 1450 731 1507 desistunt.
786 1448 1039 1521 (Furem)
1086 1449 1358 1504 Bctterico
1424 1443 1861 1521 Wisigotharum
1908 1464 2032 1520 rege

438 1548 679 1606 mortuo,
711 1538 1009 1595 Sisebodus
1038 1546 1231 1611 regnat
1259 1539 1419 1594 annis
1445 1538 1601 1602 29,“.
1634 1537 1822 1595 Virtus
1849 1548 1902 1595 et
1933 1555 2033 1594 no-

438 1642 565 1685 men
611 1618 804 1685 sancti‘
826 1627 1095 1684 Iohannis
1124 1628 1373 1699 baptistre
1413 1616 1695 1684 miraculis
1724 1628 2032 1687 declaratur

439 1719 581 1790 apud
609 1720 801 1774 urbem
831 1718 1020 1775 Gallia:
1044 1717 1439 1786 Mauriennam,
1466 1720 1533 1775 de
1564 1720 1813 1791 reliquiis
1837 1736 2033 1791 corpo-I

2134 625 2436 681 secundum
2465 621 2784 677 vaticinium
2818 617 3106 690 Kugnstini
3139 616 3379 687 episcopi
3430 616 3524 687 qui
3553 618 3725 673 interi

2134 718 2376 773 minatus
2401 725 2482 773 est
2516 713 2734 773 Scottos
2761 713 2830 767 ab
2859 710 3047 781 Anglis
3075 708 3191 765 fore
3214 709 3584 780 perimendos,
3627 709 3725 779 qui

2134 806 2340 879 Anglos
2368 806 2443 874 ad~
2467 806 2635 861 vitam
2686 804 2928 860 converti
2956 817 3083 873 egre
3111 800 3390 867 ferebant;
3441 800 3495 855 in
3526 816 3719 860 πιθηαὲ

2133 902 2269 957 chos
2299 914 2520 972 quoque
2571 896 2886 952 Scottorum
2917 893 3227 965 Augustino
3255 892 3485 957 rebelles
3515 892 3594 947 ira
3629 891 3725 947 Dei

2134 974 2393 1057 seviente,
2427 990 2522 1062 qui
2550 1006 2674 1046 cum
2708 1005 2833 1060 rege
2863 1004 2964 1044 suo
2993 976 3062 1043 ad
3109 987 3214 1042 hoc
3240 986 3443 1041 bellum
3474 1000 3542 1042 ex
3570 999 3725 1041 more

2132 1093 2437 1151 euntes,;ut
2470 1099 2597 1153 rege
2626 1081 2797 1138 armis
2827 1088 3120 1153 pugnante,
3153 1079 3256 1149 ipsi
3292 1078 3499 1134 orando
3526 1091 3630 1150 pro
3653 1092 3725 1134 eo

2132 1184 2457 1249 pugnarent,
2487 1174 2752 1246 perempti
2800 1181 2939 1228 sunt
2974 1173 3043 1244 ab
3089 1170 3278 1243 Anglis
3304 1171 3452 1226 mille
3480 1167 3723 1236 ducenti,

2136 1278 2343 1327 tantum
2367 1267 2762 1341 quinquaginta
2788 1281 2883 1337 per
2912 1264 3094 1336 fugam
3125 1262 3346 1332 elapsis.
3381 1260 3728 1317 Glodesindis

2133 1345 2414 1419 lllettensis
2436 1361 2624 1426 claret,
2649 1374 2773 1429 quae
2791 1373 3054 1429 sponsum
3082 1353 3316 1428 fugiens,
3339 1353 3609 1410 velamine
3632 1365 3728 1407 ea»

2133 1456 2265 1527 pitis
2295 1456 2469 1512 misso
2498 1454 2603 1511 sibi
2638 1470 2668 1508 a
2716 1451 2829 1506 Deo
2866 1465 2962 1522 per
3003 1449 3278 1523 angelum,
3312 1462 3372 1503 se
3400 1454 3454 1503 et
3483 1462 3584 1503 sua
3611 1445 3728 1501 Deo

2134 1548 2418 1619 delegavit.
3156 1620 3159 1627 Ι

2239 1639 2363 1695 616.
2513 1639 2568 1693 ι.
2678 1637 2769 1692 25.
2887 1633 2975 1688 29.
3084 1629 3175 1695 24.
3288 1629 3377 1685 55.
3524 1628 3579 1683 5.

2206 1709 2304 1800 (Η.
2332 1728 2427 1800 m.)
2478 1708 2659 1805 Persa:
2698 1725 2919 1799 Syriam
2950 1710 3300 1804 incursantes
3325 1761 3340 1787 ,
3393 1718 3731 1797 Damascum

436 1812 517 1867 ris
543 1811 717 1882 ipsius
744 1813 851 1869 hoc
872 1811 1036 1868 modo
1061 1812 1323 1867 divinitus
1352 1808 1699 1868 illustratam.
1731 1811 1789 1867 ln
1811 1829 1887 1868 ea
1900 1813 2030 1869 olim
2066 1883 2103 1895 λ
2135 1823 2377 1894 capiunt,
2407 1822 2595 1895 (Βεω,
2623 1818 2695 1875 Η,
2720 1819 2792 1888 ε.)
2829 1816 3139 1871 Edilbertus
3174 1827 3267 1867 rex
3299 1811 3731 1867 Cantuariorum

444 1903 645 1960 mulier
677 1913 870 1993 sancto
919 1905 1171 1975 baptista:
1219 1905 1383 1961 nimis
1436 1904 1629 1961 devota
1678 1906 1972 1976 expetebat
2000 1922 2031 1961 a
2065 1883 2106 1943 Β
2136 1883 2252 1971 obit
2273 1883 2452 1988 (168j;
2486 1883 2611 1984 post
2632 1883 2795 1982 quem
2818 1907 3081 1964 Ealdbald
3104 1905 3248 1961 ﬁlius
3269 1904 3390 1974 ejus
3411 1903 3572 1959 annis
3593 1903 3744 1959 25”

441 1994 572 2062 θεον
604 1995 801 2051 dom“
826 1994 932 2051 Sibi
957 1996 1164 2066 aliqum
1190 1996 1257 2051 de
1282 1996 1543 2051 membris
1572 1996 1727 2066 eius;
1759 2003 1815 2051 ει
1846 1996 1900 2050 in
1930 1997 2033 2052 hac
2134 2008 2402 2079 regnavit.
2456 2004 2703 2060 Raduald
2750 2011 2934 2059 autem
2985 2014 3080 2055 rex
3131 1995 3479 2054 orientalium
3519 1995 3730 2066 Anglo-

437 2087 633 2142 orandi
663 2086 923 2143 instantia
951 2103 1048 2159 per
1073 2086 1373 2142 triennium
1398 2087 1730 2158 persistens,
1748 2103 1873 2143 cum
1897 2089 2030 2143 alter

2135 2116 2280 2166 rum,
2305 2098 2581 2163 Edilberto
2602 2104 2842 2161 mortuo,
2872 2093 3019 2149 illam
3046 2107 3211 2162 super
3231 2090 3436 2160 Anglos
3457 2086 3728 2159 regnandi

439 2178 623 2249 quivis
647 2178 762 2248 jam
792 2177 980 2249 posset
1005 2177 1317 2248 desperare,
1350 2177 1469 2247 ipsa
1500 2192 1652 2247 spem
1690 2177 1743 2232 in
1785 2176 1898 2232 Deo
1934 2193 2034 2248 po-

440 2285 579 2325 nens
602 2267 849 2340 iuravit,
894 2286 954 2327 se
988 2268 1586 2324 non-.manducaturam
1608 2309 1624 2334 ,
1674 2268 1847 2324 donec
1875 2269 2023 2340 quod

437 2361 678 2433 petebat,
709 2362 997 2432 acciperet.
1052 2360 1119 2416 Et
1170 2362 1249 2416 sic
1295 2367 1502 2430 septem
1531 2360 1725 2415 diebus
1750 2360 2030 2431 jejunans,

438 2454 671 2524 septima
725 2453 944 2509 tandem
993 2453 1083 2508 die
1126 2453 1361 2523 desuper
1408 2452 1571 2515 altari
1618 2452 1870 2523 pollicem
1904 2452 2031 2507 miri

437 2545 695 2601 candoris
725 2560 988 2616 apparere
1015 2545 1229 2611 videns,
1261 2544 1369 2598 leta
1399 2544 1606 2600 donum
1654 2532 1749 2597 Dei
1799 2544 2027 2614 accepit.

435 2637 520 2693 Ad
540 2637 688 2708 quod
709 2637 1184 2693 adorandum'tres
1208 2636 1449 2707 episcopi
1480 2634 1778 2702 venientes,
1810 2652 1935 2692 eum
1963 2636 2031 2691 de

436 2727 544 2783 hoc
577 2735 772 2783 sancto
796 2727 1022 2799 pignore
1052 2736 1262 2798 partem
1289 2728 1487 2783 elicere
1511 2726 1729 2793 vellent,
1766 2735 1876 2782 tres
1903 2742 2031 2781 san-

436 2819 620 2890 guinis
670 2827 854 2892 guttas
901 2835 969 2876 ex
1013 2828 1081 2875 eo
1144 2819 1352 2896 stillare
1423 2820 1479 2874 in
1526 2819 1695 2874 linteo
1745 2818 2030 2889 supposito

436 2919 809 2981 stupuerunt,
850 2919 906 2968 et
955 2912 1152 2983 singuli
1208 2910 1453 2982 singulas
1484 2922 1543 2966 se
1581 2909 1849 2966 meruisse
1878 2909 2028 2966 letati

437 3003 651 3059 sunt”.
1230 3037 1234 3041 η

442 3112 489 3127 ν’
541 3094 667 3148 614.
816 3096 871 3150 2.
982 3096 1077 3152 25.
1170 3091 1281 3150 27.
1388 3095 1479 3150 22.
1592 3095 1681 3149 55.
1833 3095 1884 3148 1.

440 3214 455 3220 -
509 3185 700 3254 (Mam,
735 3186 807 3241 Η.
830 3205 944 3253 m.;
985 3189 1188 3244 Bnncn.
1228 3202 1373 3254 xm,
1398 3186 1512 3256 44.)
1563 3185 1708 3242 Deus
1736 3186 1885 3241 dedit
1917 3185 2027 3241 llo-

436 3291 614 3331 manae
642 3277 900 3335 tecelesia:
929 3280 1057 3335 65M
1090 3279 1346 3351 prcsidet.
1388 3255 1501 3333 llic
1518 3277 1804 3333 constituit
1831 3292 2028 3333 secun—
2056 3255 2096 3313 (δ

435 3365 563 3422 dam
590 3369 816 3426 missam
846 3372 899 3425 in
929 3372 1095 3427 clero.
1130 3369 1228 3426 llic
1254 3371 1418 3426 etiam
1447 3368 1749 3425 secundum
1781 3366 2029 3424 instituta

437 3460 712 3531 majorum
747 3470 973 3519 suorum
998 3463 1258 3530 decrevit,
1291 3472 1366 3518 ut
1386 3463 1430 3518 si
1463 3462 1557 3533 qui
1586 3461 1687 3515 viri
1717 3461 1801 3517 vel
1833 3460 2031 3518 mulie-

438 3569 528 3609 res
566 3570 699 3612 suos
743 3556 846 3627 ipsi
888 3555 1030 3613 filios
1059 3554 1410 3628 quocumque
1437 3554 1601 3609 modo
1629 3555 1696 3609 de
1725 3562 1917 3609 sancto
1950 3555 2030 3608 la-

438 3662 604 3703 vacro
634 3650 972 3720 susceperint
999 3692 1013 3717 ,
1065 3658 1388 3720 separentur
1418 3648 1487 3702 ab
1516 3646 1751 3701 invicem
1780 3663 1794 3712 ;
1853 3645 1941 3700 vel
1981 3644 2026 3701 si

436 3741 567 3811 quis
593 3741 677 3796 vir
706 3754 1062 3799 cominatrem
1092 3758 1269 3808 suam,
1297 3740 1381 3796 vel
1414 3741 1459 3797 si
1488 3746 1607 3811 qua'
1646 3740 1844 3794 mulier
1872 3752 2027 3793 com-

436 3842 649 3903 patrem
677 3849 840 3890 suum
863 3851 893 3890 a
922 3835 1101 3905 primo
1125 3834 1269 3889 dono
1300 3833 1538 3904 Spiritus
1556 3834 1752 3900 sancti,
1777 3833 1924 3904 quod
1946 3841 2030 3889 est

434 3927 697 3995 pabulum
727 3928 859 3983 salis
888 3927 1089 3983 sacrati
1109 3968 1123 3993 ,
1173 3942 1349 3997 usque
1379 3926 1447 3981 ad
1493 3921 1789 3997 septimum
1821 3925 2027 3980 donum

436 4019 673 4089 Spiritus
705 4009 894 4075 sancti
928 4020 982 4074 in
1011 4019 1325 4091 cOnjugium
1356 4019 1623 4085 duxerit,
1664 4026 2025 4088 separentur;

432 4113 633 4167 mulier
660 4121 844 4169 tamen
872 4114 1174 4169 maritalem
1205 4112 1389 4168 dotem
1419 4112 1669 4181 recipiat,
1702 4120 1758 4166 et
1777 4118 1907 4181 post
1934 4125 2030 4165 cx-

431 4204 638 4274 pl‘etum
670 4220 876 4259 annum
903 4204 1081 4271 alteri,
1116 4205 1164 4260 si
1194 4204 1326 4270 vult,
1357 4204 1603 4259 nubat".
1637 4203 1853 4275 (Fusn.)
1885 4201 2026 4257 San-

432 4306 556 4353 ctus
584 4297 960 4355 Columbanus
985 4314 1014 4353 a
1047 4298 1385 4354 Theoderico
1433 4314 1560 4370 rege
1591 4298 1853 4354 instinctu
1892 4296 2027 4352 Bru-

432 4388 689 4445 nichildis
718 4389 855 4444 avia:
882 4390 1175 4459 expellitur
1217 4389 1469 4444 Francia.
1508 4390 1612 4458 Qui
1663 4400 1805 4461 post,
1839 4390 2027 4445 relicto

429 4480 587 4536 Gallo
617 4481 887 4552 discipulo
916 4498 1019 4538 suo
1053 4483 1108 4538 in
1153 4483 1510 4551 Alemannia,
1561 4483 1874 4539 camobium
1923 4482 2028 4537 Bo-

2133 2191 2436 2265 potcntiam
2468 2197 2699 2261 quartus
2727 2186 2980 2257 accepit,
3036 2192 3097 2239 ut
3150 2184 3255 2239 sub
3303 2190 3441 2237 nutu
3484 2181 3604 2252 ejus
3633 2178 3726 2234 alii

2131 2279 2430 2351 Anglorum
2465 2294 2617 2350 reges
2663 2283 2973 2347 regnarent.
3030 2272 3294 2328 Edilfrido
3324 2285 3549 2343 quoque
3587 2267 3727 2324 Nor-

2131 2356 2559 2443 danymbrorum
2614 2383 2738 2437 rege
2787 2381 2819 2422 a
2884 2364 3170 2421 Radualdo
3232 2378 3358 2433 rege
3405 2366 3725 2443 perempto,

2132 2440 2378 2518 Eduinus
2409 2476 2637 2529 regnum
2667 2457 3207 2528 Nordanymbrorum
3237 2453 3498 2522 suscepit.
3532 2440 3740 2523 (Pint...

2132 2553 2309 2624 Duc.)
2340 2552 2481 2607 Huni
2515 2550 2904 2622 Longobardos
2935 2550 2988 2603 in
3027 2547 3182 2602 Italia
3215 2546 3505 2607 dcbcllant,
3537 2552 3591 2598 et
3620 2541 3726 2597 Fo-

2132 2662 2255 2701 rum
2286 2644 2412 2699 Julii
2444 2643 2748 2715 proditione
2779 2648 2997 2711 captum
3026 2640 3314 2709 dissipant.
3352 2636 3446 2705 (V.
3479 2634 3536 2691 S.
3565 2633 3728 2704 Lupi}

2133 2736 2366 2805 Sanctus
2389 2735 2575 2806 Lupus
2599 2732 2936 2810 Scuoncnsis
2964 2731 3257 2802 cpiscopus
3285 2729 3475 2795 claret,
3507 2727 3595 2783 cui
3625 2727 3728 2780 ali-

2131 2828 2394 2900 liquando
2438 2812 2829 2883 eucharistiam
2862 2822 3206 2879 consecranti
3243 2837 3461 2893 gemma
3492 2821 3560 2877 de
3590 2819 3729 2875 crelo

2131 2939 2163 2978 a
2193 2921 2303 2977 Deo
2332 2921 2385 2976 in
2416 2921 2586 2978 calice
2612 2917 2913 2975 descendit.

2236 3013 2360 3071 617.
2509 3013 2561 3069 5.
2672 3010 2763 3065 26.
2876 3009 2965 3064 50.
3077 3007 3170 3063 25.
3322 3007 3372 3061 1.
3523 3006 3575 3059 ι’.

2133 3113 2136 3116 ’
2203 3105 2299 3177 (Η.
2329 3104 2424 3176 m.)
2453 3105 2496 3178 Α
2527 3104 2711 3159 Persis
2735 3101 3017 3157 Palestina
3040 3101 3183 3155 bello
3208 3099 3494 3170 premitur.
3522 3095 3725 3151 Sancta

2132 3214 2350 3268 quoque
2379 3197 2573 3252 civitas
2600 3195 2842 3266 capitur;
2892 3194 2947 3247 in
2997 3208 3061 3249 ea
3092 3207 3264 3261 usque
3294 3190 3365 3245 90
3394 3190 3545 3245 milia
3576 3189 3725 3243 viro-

2133 3306 2254 3345 rum
2288 3289 2659 3363 perimuntur;
2711 3286 3007 3342 Zacharias
3038 3284 3348 3355 patriarcha
3374 3278 3723 3352 captivaturi

2131 3398 2263 3440 crux
2290 3383 2407 3454 ipsa
2434 3382 2707 3439 dominica
2740 3388 2928 3436 sancta
2961 3387 3290 3449 asportatur.
3323 3376 3411 3445 (ει.
3441 3392 3486 3429 r.
3517 3373 3608 3446 F.)
3636 3372 3727 3427 ln-

2132 3483 2215 3530 ter
2245 3476 2441 3531 fratres
2471 3472 2867 3528 Theodericum
2896 3479 2950 3525 et
2975 3470 3409 3526 Theodebertum
3439 3482 3615 3535 reges,
3643 3466 3730 3519 in-

2132 3566 2331 3620 S'inctu
2363 3565 2497 3618 aviae
2544 3578 2736 3618 eorum
2763 3562 3132 3617 Brunichildis
3152 3603 3166 3626 ,
3218 3560 3343 3631 plus
3369 3573 3536 3629 quam
3566 3556 3728 3611 civile

2132 3644 2332 3712 bellum
2360 3657 2572 3720 oritur;
2605 3669 2894 3726 pugnaque
2923 3652 3241 3719 commissa,
3266 3659 3392 3722 post
3422 3648 3727 3705 inastima-

2129 3748 2301 3804 bilem
2323 3757 2558 3818 stragem
2594 3746 3005 3803 Theodebertus
3032 3745 3247 3815 capitur
3295 3742 3495 3813 (llum,
3529 3740 3604 3795 H.
3633 3741 3727 3807 e.)

2130 3844 2239 3899 Per
2269 3842 2624 3909 Ealdbaldum
2655 3848 2710 3896 et
2750 3840 2892 3896 filios
2928 3838 3159 3894 Sibercti
3190 3837 3256 3893 ad
3282 3835 3588 3891 idolatriam
3614 3835 3731 3887 An-

2130 3934 2209 4005 gli
2226 3933 2598 3988 revolvuntur.
2628 3930 2710 4001 (P.
2732 3930 2822 3999 D.)
2845 3929 3064 4000 Agilufo
3087 3926 3574 3999 Langobardorum
3601 3940 3741 3996 rege

2130 4034 2370 4091 mortuo,
2400 4023 2734 4079 Adaloaldns
2761 4023 2906 4078 filius
2935 4021 3055 4092 ejus
3081 4028 3273 4091 regnat
3301 4019 3462 4073 annis
3494 4018 3578 4071 12.
3722 4006 3725 4009 ’

2234 4119 2358 4173 618.
2507 4117 2560 4170 6.
2671 4115 2762 4171 27.
2874 4115 2962 4168 51.
3117 4114 3163 4166 1.
3244 4112 3364 4179 ⁴2.
3514 4111 3567 4164 5.

2202 4210 2308 4282 (G.
2349 4218 2522 4282 pont.,
2552 4207 2741 4277 Man.)
2778 4205 3102 4263 Bonefacius
3154 4204 3418 4260 Romana:
3464 4196 3739 4261 acet-lusim-

2129 4303 2255 4357 (ἱϐιιει
2291 4303 2547 4374 prcsidet.
2583 4300 2716 4371 (lvo,
2742 4299 2901 4354 Decr.
2942 4315 3050 4366 vn,
3082 4296 3200 4368 22.)
3238 4295 3339 4351 llic
3374 4294 3632 4359 decrevit,
3664 4301 3733 4346 ut

2132 4394 2314 4450 nullus
2344 4393 2594 4449 trahatur
2621 4390 2887 4445 violenter
2921 4388 2988 4444 de
3031 4386 3298 4444 aecclesia.
3331 4383 3431 4441 llic
3459 4383 3726 4448 decrevit,

2129 4495 2189 4540 ut
2229 4485 2484 4541 monachi
2532 4485 2587 4539 in
2641 4482 2818 4538 oﬁicio
2851 4474 3207 4537 sacerdotalis
3243 4478 3444 4550 gradus
3497 4484 3735 4532 utantur

430 4575 583 4630 bium
615 4574 927 4630 construxit
958 4576 1011 4630 in
1041 4575 1215 4631 Italia.
1252 4576 1347 4647 (ν.
1373 4577 1519 4647 Am.)
1553 4574 1789 4630 Sanctus
1821 4574 2026 4629 Aman—
2058 4595 2102 4655 υ
2130 4585 2394 4647 potestate
2432 4576 2633 4648 ligandi
2678 4583 2842 4645 atque
2890 4572 3137 4629 solvendi
3179 4571 3246 4627 ’³.
3293 4570 3519 4642 (Ριιεοη
3552 4567 3729 4633 Bima,

431 4668 535 4722 dus
564 4666 890 4724 Elnonensis
918 4684 1011 4738 per
1035 4669 1238 4724 Gallias
1267 4669 1657 4724 miraculorum
1690 4677 1743 4723 et
1777 4668 2027 4739 prcdica-

430 4759 600 4815 tionis
631 4758 804 4830 gratia
852 4760 1211 4815 clarescebat.
1260 4760 1562 4816 Allowinns
1604 4760 1793 4825 etiam,
1832 4760 1925 4830 qui
1974 4766 2028 4813 et

435 4850 605 4918 Bavo,
630 4866 727 4921 per
747 4866 873 4907 eum
897 4867 961 4905 ex
988 4852 1226 4922 predone
1249 4831 1552 4909 :eonversus
1580 4860 1635 4907 et
1665 4851 1908 4907 Gaadavi
1936 4866 2027 4905 so-

432 4942 613 4999 litarie
664 4944 956 5010 reclusus,
1009 4944 1321 5001 sanctitatis
1363 4946 1673 5016 exemplum
1724 4953 1843 4999 erat
1900 4958 2021 4998 om-

432 5036 615 5092 nibus.
822 5074 829 5075 γ
1780 5024 1783 5031 ’

535 5129 661 5184 615.
810 5128 863 5184 5.
976 5131 1067 5185 2-1.
1178 5130 1268 5186 28.
1380 5131 1471 5185 25.
1586 5130 1675 5185 54.
1822 5128 1883 5182 2.

505 5219 695 5293 (BBDA,
742 5221 814 5277 11.
860 5224 932 5293 e.)
991 5221 1293 5279 Edilfridus
1341 5240 1437 5279 rex
1477 5220 2019 5293 Nordanymbrorum

430 5329 613 5388 regem
653 5313 968 5372 Scottorum
1012 5310 1134 5371 Ean
1179 5331 1304 5371 cum
1355 5315 1613 5370 omnibus
1655 5329 1791 5384 pene
1821 5314 1937 5369 suis
1966 5313 2019 5367 in

2134 4668 2206 4722 Η.
2249 4670 2320 4739 c.)
2355 4668 2725 4724 Theodericus
2759 4683 2852 4722 rex
2890 4665 3227 4721 Francorum
3268 4658 3522 4718 moritur.
3561 4660 3731 4716 Eald-

2129 4761 2326 4815 baldus
2353 4776 2448 4815 rex
2463 4759 2729 4814 idolatriae
2754 4757 3124 4813 abrenuntiat.
3148 4754 3443 4809 Lotharius
3467 4769 3563 4807 rex
3583 4752 3730 4807 filios

2131 4841 2449 4907 Theoderici
2479 4851 2622 4922 regis
2672 4851 2728 4905 in
2772 4850 2917 4905 bello
2945 4858 3135 4919 captos
3164 4846 3382 4902 occidit.
3416 4836 3733 4923 Brunicbil-

2128 4944 2252 5000 dem
2282 4959 2502 5014 quoque
2526 4942 2773 5014 reginam
2798 4956 2910 4995 uno
2930 4941 3063 5012 pede
3083 4947 3138 4993 et
3161 4937 3388 4993 brachio
3410 4936 3724 5001 multatam,

2128 5037 2195 5092 ad
2227 5036 2457 5092 caudam
2489 5051 2643 5105 equa:
2691 5033 2970 5089 indomitae
3023 5031 3328 5101 religatam,
3365 5025 3722 5082 membratim

2129 5127 2364 5198 discerpi
2412 5126 2569 5193 fecit;
2624 5126 2902 5197 impntans
2950 5124 3022 5193 ei,
3055 5123 3199 5194 quod
3229 5122 3415 5176 decem
3447 5133 3603 5189 reges
3628 5133 3729 5188 per

2127 5235 2251 5275 eam
2280 5219 2512 5277 fuissent
2538 5219 2783 5274 extincti.
2802 5204 2884 5273 ‘Et
2912 5218 2992 5274 sic
3019 5214 3343 5272 monarchia
3368 5213 3530 5285 regni
3552 5210 3731 5267 Fran-

2130 5328 2319 5368 corum
2352 5311 2420 5366 ad
2452 5326 2577 5367 eum
2608 5311 2767 5366 redit.
2811 5308 2901 5381 (G.
2931 5326 2977 5364 r.
3005 5307 3097 5375 F.,
3131 5306 3194 5362 ϐ.
3235 5304 3410 5377 pont.)
3463 5303 3731 5359 Eleuthe-

1721 5446 1954 5503 VARUE
1997 5443 2405 5502 LECTIONES.

505 5567 550 5598 ⁹⁰
568 5568 625 5620 in
644 5567 759 5620 loco
783 5581 904 5620 raso
928 5564 1204 5634 ampliavit
1230 5562 1288 5617 Si

1377 5563 1520 5616 curis
1545 5562 1808 5616 secundis.
1868 5563 1911 5594 ⁹¹
1935 5561 2036 5617 Hic
2056 5561 2223 5617 etiam
2251 5591 2322 5601 ——
2349 5560 2518 5614 nubat
2545 5561 2599 5612 in
2637 5575 2804 5629 marg.
2839 5558 2951 5628 Sig.
2985 5558 3128 5612 curis
3154 5557 3345 5629 tertiis.
3380 5556 3466 5629 --θ’
3505 5552 3728 5611 XXIII].

506 5580 550 5598 "
568 5583 625 5620 τη
644 5580 759 5620 loco
783 5581 904 5620 raso
928 5580 1204 5634 ampliavit
1230 5580 1341 5665 mg.
1377 5580 1520 5616 curis
1545 5580 1808 5616 secunais.
1870 5580 1911 5594 υ·
1937 5580 2036 5617 mc
2056 5580 2223 5617 etiam
2251 5591 2322 5601 ——
2349 5580 2518 5614 mle
2545 5580 2599 5612 ιη
2637 5580 2804 5629 marg.
2839 5580 2951 5628 mg.
2985 5580 3128 5612 cum
3154 5580 3345 5611 terms.
3423 5580 3431 5587 -

430 5635 526 5691 Cl.
573 5637 626 5692 5.
662 5634 836 5704 χχιι.
860 5652 926 5691 ea:
946 5650 1087 5689 corr.
1113 5632 1175 5688 D.
1271 5634 1291 5665 ³
1338 5632 1404 5688 ll.
1431 5634 1485 5689 d.
1515 5650 1569 5690 u.
1594 5649 1666 5689 m.
1693 5634 1731 5689 i.
1757 5649 1810 5690 ο.
1837 5649 1881 5690 s.
1909 5649 1960 5706 g.
1994 5649 2050 5688 υ.
2076 5648 2128 5704 p.
2159 5633 2194 5687 l.
2222 5647 2272 5687 a.
2304 5648 2351 5687 s.
2387 5632 2441 5684 in
2472 5646 2661 5684 rasura
2692 5628 2802 5701 Sig.
2832 5631 2974 5684 ruris
3005 5627 3281 5695 secundis;
3315 5625 3431 5682 rell.

1926 5744 2164 5802 ΝΟΤᾹΞ.

503 5849 648 5919 ut?)
690 5844 969 5911 δράμω
990 5806 1572 5935 Ϊὲὶςιυιῃιᾱίςίμ-ἉἯΟΞ.

2212 5836 2355 5909 (168)
2398 5835 2537 5892 Beda
2563 5835 2763 5891 a.615.
2802 5858 2812 5874 κ
