4046 6318
284 402 335 456 11
346 402 379 455 ’Ζ

274 520 395 575 rius
438 520 703 590 patricius
762 519 1019 575 all'ectans
1095 517 1467 574 Romanorum
1537 506 1862 586 imperium,
1895 519 1947 574 A~

274 607 469 665 Romae
520 610 821 679 perimitur.
873 608 989 664 Hoc
1036 619 1278 679 tempore
1324 614 1651 662 terrcmotus
1684 606 1865 676 major

252 710 469 755 mense
520 699 807 772 Augusto;
860 708 915 755 et
959 713 1143 756 secuta
1193 709 1277 756 est
1320 690 1515 755 clades
1537 699 1592 753 in
1641 699 1863 769 populo,

254 792 564 862 percussio
592 792 803 848 scilicet
850 793 1158 849 scabierum
1190 836 1203 860 ,
1255 793 1329 848 ita
1376 801 1437 848 ut
1471 792 1654 847 nullus
1682 800 1867 862 posset

268 896 575 952 agnoscere
596 891 873 937 mortuum
900 898 1083 939 suum.
1115 883 1204 955 (Α.
1229 881 1418 954 Leod.)
1443 880 1723 936 Iohannes
1746 879 1867 935 Ele-

271 973 621 1030 mosiuarius
642 974 773 1030 obit.
803 973 900 1047 (Η.
929 976 1024 1048 m.)
1051 974 1232 1031 Persae
1257 973 1551 1047 Λεωνιυώ
1579 968 1865 1028 incursan-

267 1073 379 1131 tes,
407 1065 795 1123 Alexandriam
828 1067 1127 1138 capiunt“.
1460 1110 1461 1113 η

238 1220 247 1226 ,
340 1156 473 1215 619.
518 1157 583 1214 R.
629 1159 678 1213 7.
708 1158 781 1215 Ρ.
821 1161 913 1216 28.
971 1159 1032 1217 F.
1076 1160 1162 1231 52.
1205 1159 1267 1217 L.
1310 1160 1366 1215 2.
1409 1161 1474 1216 A.
1512 1160 1566 1216 5.
1608 1159 1696 1215 κγ.
1738 1160 1791 1215 6.

296 1303 302 1308 .
342 1249 444 1321 (II.
479 1251 579 1329 ηι.)
614 1250 794 1309 Persae
835 1252 1047 1309 Libiam
1083 1252 1864 1329 incursantes,‘Cartbaginem

234 1326 517 1414 capiunt.
552 1343 767 1418 (Furem)
804 1333 1099 1403 Lotharius
1137 1362 1232 1403 rex
1261 1347 1524 1402 tributum
1558 1346 1625 1400 12
1654 1326 1865 1401 milium

234 1436 600 1503 solidorum,
630 1424 775 1509 quod
820 1438 1163 1512 Langobardi
1200 1438 1429 1496 Francis
1455 1440 1749 1507 solverant,
1782 1454 1867 1495 rc-

263 1527 463 1596 laxat,
534 1528 908 1603 Langobardis
979 1541 1244 1603 perpetuo
1302 1532 1406 1588 sibi
1453 1530 1861 1599 confmderatis.

228 1617 465 1687 ,(Βεω,
506 1619 579 1677 Η.
612 1621 684 1691 e.)
726 1621 1056 1680 Laurentius
1094 1624 1369 1694 secundus
1404 1623 1703 1696 Auglm'ulll
1750 1624 1865 1696 Clli-

224 1724 475 1781 ,scopus
508 1712 662 1768 obiit.
694 1786 695 1789 γ
958 1716 963 1721 ’
1016 1700 1019 1703 ’
1772 1770 1781 1779 ,

375 1798 534 1856 620.⁶
653 1802 707 1870 8.
762 1804 906 1862 .29.
1022 1807 1131 1869 55.
1462 1808 1533 1871 4.,
1665 1808 1739 1872 7,.

232 1874 237 1879 ’
336 1888 442 1958 (Il.
478 1891 576 1957 ιη.)
616 1889 897 1968 Chosdroe
928 1910 1024 1950 rex
1052 1895 1345 1971 Persarum
1375 1913 1564 1971 pacem
1595 1916 1719 1957 cum
1751 1899 1860 1960 Ilo-

234 2034 235 2037 η
260 1981 453 2041 manis
482 1982 661 2040 facere
691 1985 842 2051 nullo
870 1985 1036 2049 modo
1066 1988 1344 2055 animittit.
1376 1988 1593 2063 (BEDA.)
1624 1992 1859 2047 Anasta-

259 2070 397 2135 sius,
438 2070 621 2128 Persa.
656 2088 743 2138 ex,
773 2091 934 2151 mago
980 2078 1323 2143 Christianus
1368 2090 1424 2138 et
1471 2083 1796 2150 monachus,
1828 2100 1861 2138 a

258 2161 455 2221 Persis
485 2172 701 2236 captus,
749 2176 875 2249 post
921 2169 1169 2237 verbera,
1216 2172 1434 2229 vincula
1487 2182 1541 2229 et
1588 2189 1858 2242 carceres,

257 2263 397 2326 post
440 2255 711 2312 diutinam
739 2260 1124 2331 appensioncm
1150 2278 1246 2333 per
1273 2281 1438 2321 unam
1466 2282 1709 2335 manum,
1735 2276 1859 2324 tau-

256 2345 392 2400 dem
442 2346 661 2404 absciso
714 2350 929 2420 capite,
984 2367 1108 2406 cum
1163 2353 1285 2409 aliis
1340 2354 1408 2410 70
1455 2358 1857 2429 martyrizatur.

257 2437 403 2509 ['(V.
436 2436 597 2511 Far.)
633 2438 800 2513 Virgo
846 2441 1053 2499 Christi
1105 2444 1242 2500 Fara
1292 2445 1460 2503 claret
1505 2448 1558 2503 in
1606 2449 1856 2505 Francia.

258 2530 404 2601 Ejus
431 2531 599 2587 etiam
634 2534 978 2590 sanctitatem
1025 2536 1272 2593 imitatus
1314 2537 1485 2595 frater
1532 2540 1653 2611 ejus
1694 2541 1857 2609 Faro,

254 2638 327 2677 ex
362 2623 567 2679 comite
596 2625 848 2693 clericus,
873 2636 929 2682 et
954 2642 1020 2683 ex
1041 2629 1241 2685 clerico
1262 2629 1616 2687 Meldensium
1641 2632 1857 2704 ep’sdo-

258 2730 372 2784 pus
402 2716 628 2771 claret"
847 2767 855 2776 .

375 2807 504 2864 621.
654 2813 706 2864 9.
817 2810 906 2866 50.
1019 2814 1134 2869 51..
1255 2816 1308 2870 4.
1458 2816 1510 2871 ὅ.
1660 2816 1712 2871 8.

336 2896 559 2971 (Fusa)
599 2899 899 2959 Sisebodus
935 2920 1025 2960 rex
1059 2904 1489 2979 Wisigothorum
1521 2917 1710 2963 contra
1744 2907 1855 2962 Ro-

226 3007 466 3054 .manos
495 2991 709 3050 fortiter
734 2996 874 3067 agit;
904 2998 1243 3067 provinciam
1273 2999 1519 3070 aliasque
1549 2999 1798 3057 civitates
1824 3016 1857 3054 a

257 3082 497 3141 Francis
526 3095 772 3143 extortus
797 3088 867 3143 ad
895 3087 1328 3159 Wisigothorum
1349 3090 1442 3161 jus
1470 3091 1684 3161 redigit.

373 3176 500 3230 622.
618 3177 704 3233 10.
821 3179 911 3235 51.
1023 3181 1115 3237 55.
1262 3182 1315 3239 5.
1460 3184 1513 3239 6.
1658 3184 1713 3239 9.

335 3268 427 3336 ((ἱ.
454 3269 735 3342 p.,.lll.ta.)
790 3270 1064 3328 Honorius
1114 3273 1376 3330 Romanae
1407 3277 1685 3335 ,aecclesiae
1724 3277 1853 3333 67ιι⁶

252 3360 525 3430 prcsidet.
558 3359 652 3433 (ν.
679 3361 1490 3434 00.1.);SanctusColumbanus
1517 3367 1653 3424 obit.
1681 3367 1857 3425 Disci-

252 3452 429 3522 pulus
454 3453 574 3524 ejus
598 3453 786 3517 Gallus
811 3456 867 3510 in
894 3455 1451 3519 Alemannia,claret..
1514 3516 1515 3519 η

366 3544 497 3599 625.
612 3546 696 3602 11.
809 3548 898 3605 52.
1011 3550 1099 3604 56.
1248 3550 1303 3606 6.
1453 3551 1503 3609 7.
1593 3552 1707 3609 .10.

232 3687 241 3693 .
328 3636 434 3707 (11.
472 3640 570 3710 m.)
604 3639 888 3698 Chosdroe
933 3658 1201 3706 successu.
1241 3646 1452 3713 elatus,
1504 3646 1560 3701 in
1589 3646 1855 3704 eﬂ‘usione

240 3730 495 3787 humani
542 3733 827 3804 sanguinis
873 3745 930 3792 et
975 3735 1215 3792 maxime
1248 3737 1675 3794 Christianorum
1710 3740 1854 3795 ultra

253 3820 489 3875 niodum
521 3832 824 3892 grassatur.
860 3823 1145 3884 Heraclius
1189 3828 1487 3900 imperator
1514 3830 1689 3888 Hunis
1721 3846 1853 3889 cou-

255 3912 579 3969 finientur.

286 4003 498 4063 .624.
612 4006 696 4061 12.
809 4008 896 4063 55.
1012 4009 1117 4069 57..
1252 4011 1321 4070 7..
1434 4014 1502 4069 8.
1618 4015 1782 4071 ll.-

332 4094 575 4169 (ωηο.)
612 4096 897 4156 Heraelius
941 4102 1010 4159 ad
1061 4102 1261 4159 Persas
1294 4104 1646 4163 debellandOS
1686 4110 1851 4178 protl—

253 4191 504 4256 ciscens,
531 4190 742 4247 virilem
774 4190 876 4248 Dei
902 4192 1132 4264 ﬁguram
1164 4193 1219 4248 in
1268 4196 1524 4253 manibus
1552 4199 1847 4269 accipiens,

253 4296 431 4351 quam
456 4296 656 4337 manus
679 4298 790 4337 non
811 4283 1196 4354 depinxerunt,
1221 4285 1316 4341 sed
1338 4285 1393 4341 in
1417 4287 1575 4345 ieona
1597 4291 1848 4359 verbum,

255 4370 409 4441 quod
455 4373 640 4428 omnia
681 4372 882 4430 format
928 4385 1092 4446 atque
1136 4378 1438 4449 componit,
1475 4380 1593 4437 sine
1636 4384 1844 4453 pictura

255 4462 497 4518 formam
520 4464 667 4520 velut
698 4466 817 4522 sine
842 4467 1050 4522 semine
1087 4476 1304 4539 partum
1329 4471 1538 4540 eduxit,
1566 4471 1844 4532 Persidam

1732 397 2097 489 CHRONICA‘.

3446 410 3551 466 118

2072 519 2199 574 627.
2310 522 2395 576 l5.
2510 524 2595 577 56.
2716 524 2797 578 16.
2916 524 2998 579 10.
3120 525 3201 579 11.
3316 525 3400 579 14.

2037 612 2328 669 Florebant
2364 615 2417 668 in
2449 615 2640 672 Galliis
2678 617 3061 688 Austrigisilus
3092 615 3468 680 Bituricensis,
3496 627 3546 671 ct

1968 705 2159 759 subeo
2183 704 2478 776 Sulpicius,
2502 707 2872 764 Clutnihcrtns
2893 707 3256 771 Coloniensis,
3283 717 3335 763 et
3353 707 3551 762 Johan-

1968 810 2064 850 nes
2104 794 2513 869 Tu‘ugren‘sis“.
2575 796 2631 853 In
2676 796 2948 871 lliSpaniis
2989 798 3552 876 lsidorusSpalcnsis

1966 895 2082 943 tum
2105 887 2412 957 sanctitate,
2448 898 2560 945 tum
2584 892 2831 947 doctrina
2854 894 3111 949 clarehat.

2072 1002 2196 1058 628.
2310 1005 2396 1061 ιθ.
2510 1006 2596 1061 a7.
2708 1007 2797 1061 il.
2912 1007 2997 1079 η.
3119 1008 3200 1061 ιε.
3318 1009 3404 1064 15.

2038 1094 2135 1168 (11.
2168 1095 2264 1168 m.)
2301 1094 2585 1154 Hcraclius
2607 1097 2801 1154 Persas
2826 1087 2975 1171 gravi
2998 1099 3171 1169 prclio
3191 1098 3468 1164 contrivit,
3497 1098 3548 1154 in

1966 1198 2077 1260 quo
2103 1200 2377 1261 pretorem
2414 1191 2706 1248 Persarum
2748 1207 3052 1262 omnesque
3091 1207 3229 1262 pene
3275 1189 3549 1262 principe!

1966 1282 2223 1352 peremit;
2248 1290 2302 1338 et
2321 1282 2600 1339 Persidem
2620 1283 2977 1356 pervagatus,
2994 1282 3240 1339 miranda
3259 1283 3537 1340 Persarun

1964 1376 2165 1455 palatia
2205 1377 2598 1455 combussitet
2637 1376 2854 1448 dejccit.
2890 1374 3104 1451 (FtlEl).)
3140 1376 3436 1434 Lotharius
3456 1394 3529 1446 rei

1967 1450 2139 1527 ﬁlium
2166 1484 2327 1529 suum
2355 1450 2719 1540 Dagobertum
2762 1469 2837 1527 in,
2867 1485 3034 1545 regno
3061 1470 3295 1526 ascitum
3323 1468 3533 1553 Pippin.

1957 1557 2021 1631 et
2060 1559 2294 1618 Arnulfo
2359 1561 2652 1618 committit
2715 1562 2784 1618 ad
2839 1563 3145 1620 Austrasiis
3186 1564 3548 1636 regnandum.

1966 1649 2152 1727 (Bent,
2184 1650 2257 1708 Η.
2286 1652 2359 1723 e.)
2388 1651 2635 1710 Eduinus
2659 1670 2753 1711 rex
2785 1652 3324 1729 Nordanymbrorum
3353 1673 3383 1711 a
3409 1654 3571 1712 Pau-.

1965 1742 2077 1800 lino
2103 1741 2360 1825 episcopo
2385 1745 2794 1821 baptizatumrt
2833 1757 2956 1819 post
2984 1746 3323 1805 Ratloaldum
3367 1740 3569 1821 potem.

1892 1877 1939 1934 Β
1968 1837 2075 1907 tius
2101 1837 2310 1892 czetcris
2336 1854 2499 1910 super
2518 1837 2722 1913 Anglos
2744 1840 3103 1911 principatur.

2105 1946 2229 2003 629.
2344 1946 2431 2001 17.
2540 1948 2653 2012 58..
2742 1950 2856 2014 42.,
2946 1952 3037 2007 l2.
3138 1954 3231 2007 15.
3336 1952 3421 2011 16.

2035 2059 2134 2129 (Η.
2164 2061 2262 2133 εκ.)
2297 2058 3003 2134 8)·ιιοιιὶεοιιιηίίὶθνεειτηῆι
3034 2063 3376 2134 principibus
3414 2079 3551 2119 con-

1965 2160 2045 2205 tra
2071 2160 2279 2222 patrem
2312 2168 2474 2208 suum
2508 2153 2791 2210 Chosroen
2828 2154 3145 2220 insurrexit,
3186 2164 3239 2209 et
3268 2169 3401 2224 pace
3422 2169 3550 2210 cum

1964 2243 2292 2313 imperatore
2318 2244 2569 2302 Heraclio
2595 2247 2945 2313 conﬁrmata,
2978 2256 3184 2316 patrem
3224 2263 3384 2302 suum
3423 2262 3551 2301 cunt

1963 2334 2089 2388 ﬁliis
2116 2334 2290 2404 ipsius
2308 2337 2557 2406 peremit,
2577 2347 2631 2393 et
2647 2352 2793 2393 anno
2820 2346 2931 2393 uno
2954 2339 3214 2408 regnavit.
3244 2339 3261 2407 (
3281 2337 3339 2392 V.
3359 2337 3545 2410 θυεμ).

1964 2422 2302 2494 Dagobertus
2327 2427 2463 2482 iram
2500 2428 2672 2499 patris
2703 2429 2789 2483 sui
2832 2422 3080 2483 Letharii
3119 2429 3261 2500 regis
3298 2431 3549 2494 meritus,

1962 2518 2095 2589 quia
2135 2520 2509 2576 consiliarium
2555 2522 2677 2593 ejus
2719 2536 2907 2577 cesum
2952 2530 3008 2577 et
3027 2522 3316 2577 detonsum
3374 2521 3549 2577 deho—

1963 2615 2292 2675 nestaverat,
2334 2608 2579 2666 Parisios
2621 2610 2690 2666 ad
2749 2611 3038 2667 ecclesiam
3085 2611 3257 2667 sancti
3316 2610 3584 2666 Dionisii-

1959 2699 2241 2770 confugit;
2264 2711 2321 2756 et.
2338 2703 2467 2773 quia
2495 2703 2619 2758 inde
2646 2704 2797 2759 nullo
2828 2704 2991 2759 modo
3012 2703 3224 2759 extrahi
3248 2705 3445 2775 potuit,
3469 2704 3551 2757 lo-

1958 2804 2087 2846 eum
2118 2793 2512 2865 illumsempcr
2541 2796 2692 2852 cordi
2721 2797 2929 2852 habuit.
3012 2828 3015 2829 ν

1982 2902 2208 2960 ι”650.
2326 2904 2414 2961 18.
2480 2906 2614 2962 ‘59.
2726 2907 2814 2963 45.
2928 2906 3014 2963 13.
3128 2908 3215 2963 11.
3331 2907 3417 2963 17.

2034 2997 2120 3068 (Α.
2151 2994 2340 3071 Leod.)
2360 2995 2509 3056 Obiit
2539 2990 2951 3058 sancttIS'Bavo.
2989 2998 3085 3071 (II.
3120 3001 3215 3072 m.)
3241 2998 3545 3065 llcraclius,

1929 3086 2178 3148 “Perside
2228 3093 2437 3148 devicta
2489 3101 2543 3148 et
2590 3108 2721 3164 pace
2777 3094 2918 3148 inter
2948 3092 3230 3170 Romanos
3269 3101 3323 3147 et
3350 3091 3549 3149 Persas
3582 3148 3594 3158 ,

1884 3216 1929 3274 η
1947 3185 2302 3254 "conﬁrmata,
2347 3185 2507 3240 rediit
2543 3201 2667 3241 cum
2697 3176 2887 3258 gloria.
2925 3184 3119 3257 Syrohi
3151 3201 3276 3257 rege
3305 3194 3593 3259 mortuo,“

1959 3274 2152 3328 Adcsir
2186 3277 2435 3346 regnavit
2475 3286 2599 3348 post
2635 3292 2782 3332 eum.
2816 3276 2898 3348 (Ρ.
2938 3276 3026 3349 1).)
3054 3277 3388 3361 Adadolaldo
3420 3293 3550 3351 tego

1959 3362 2442 3433 Langobardorum
2485 3365 2745 3432 extincto,
2791 3362 3079 3422 Rotharith
3127 3376 3373 3438 regnavit
3425 3376 3550 3452 post

1958 3469 2084 3508 eum
2127 3454 2286 3510 annis
2336 3456 2421 3509 l6.
2466 3456 2656 3525 (BEDA,
2690 3454 2898 3529 IL'm.)
2937 3456 3244 3528 Erpualdus
3292 3474 3411 3525 rex,
3450 3460 3587 3528 qui,

1958 3564 2084 3602 cum
2120 3554 2272 3618 patre
2307 3563 2410 3604 suo
2450 3546 2729 3605 Radoaldo
2750 3566 2781 3604 a
2808 3550 2912 3605 ﬁde
2957 3549 3164 3606 Christi
3202 3559 3557 3622 apostatavw

1957 3649 2077 3708 rat,‘
2107 3656 2276 3695 suasu
2316 3632 2513 3696 Eduini
2555 3640 2701 3712 regis
2745 3656 2872 3695 cum
2918 3650 3075 3712 gente
3129 3657 3229 3696 sua
3281 3641 3546 3712 idolatria-

1957 3733 2324 3788 abrenuntiat.
2352 3730 2447 3806 (II.
2478 3718 2717 3806 m.)'Hoc
2739 3732 2983 3804 tempere
3010 3733 3251 3795 Arabum
3294 3735 3409 3789 sive
3444 3733 3538 3790 Sa-

1956 3838 2282 3883 racenorum
2329 3826 2582 3903 princeps
2616 3834 2735 3882 erat
2772 3823 3143 3892 Muhammad,
3170 3825 3277 3899 qui
3308 3826 3532 3896 pseudo-

1954 3919 2216 3991 prOpb‘eta
2280 3930 2348 3974 ex
2397 3918 2646 3989 orphano
2692 3929 2750 3975 et
2789 3917 2972 3990 inope,
3012 3933 3122 4002 ’per
3169 3916 3379 3974 heresis
3427 3934 3539 3975 sua’

1939 4008 2212 4082 'prestigia
2242 4009 2310 4065 ad
2336 4020 2565 4082 regnum
2600 4017 2888 4080 provectus
2919 4016 3022 4064 est.
3065 4005 3167 4073 llic
3186 4006 3254 4063 de
3282 4007 3539 4079 progenie

1954 4102 2236 4160 ISmahelis
2256 4104 2434 4170 ortus,
2464 4117 2590 4157 cum
2623 4108 2768 4157 esset
2788 4096 3007 4172 pauper,
3031 4098 3401 4170 et_orphanus
3433 4145 3444 4154 .
3472 4100 3539 4154 ad

1953 4196 2228 4268 quandam
2258 4202 2549 4267 cognatam
2591 4208 2748 4252 suam
2776 4190 3097 4262 predivitem
3133 4189 3355 4245 nomine
3391 4189 3527 4245 Cha-

1951 4290 2155 4361 digam,
2190 4288 2370 4360 primo
2401 4295 2460 4342 ut
2482 4282 3101 4353 mercenarius,_deinde
3140 4292 3201 4337 ut
3223 4297 3457 4353 sponsus
3482 4298 3537 4339 se

1951 4383 2311 4453 conjungens,
2365 4395 2464 4451 per
2504 4394 2626 4434 eam
2661 4377 2869 4433 ditatus
2908 4384 3012 4432 est.
3040 4373 3173 4442 Quae
3221 4389 3348 4430 cum
3399 4386 3535 4442 :egrr

1951 4477 2137 4543 ferret,
2162 4472 2317 4530 illum
2362 4471 2651 4543 epileptico
2690 4469 2885 4525 morbo
2931 4466 3138 4535 vexari,
3184 4465 3274 4521 ille
3303 4465 3535 4521 dicebat.

254 4557 594 4625 aggreditur,
612 4574 842 4629 eamque
863 4577 1070 4630 pcrsex
1093 4563 1383 4619 continuos
1406 4581 1582 4622 annos
1602 4578 1848 4637 potenter
1877 4558 1925 4617 Ι)
1952 4575 2054 4628 hoc
2088 4588 2198 4627 non
2228 4586 2351 4628 esse
2382 4569 2657 4636 morbum,
2681 4567 2775 4622 sed
2796 4566 3061 4621 visionem
3088 4562 3398 4634 archangeli
3426 4562 3528 4618 Ga-

254 4648 639 4718 depopulatur.
671 4650 764 4722 (V.
798 4651 938 4723 Col.)
981 4652 1270 4710 Eustasius
1293 4656 1461 4713 abbas
1486 4657 1844 4718 Luxoviensis

252 4748 305 4793 rt
332 4739 501 4796 Attila
523 4740 808 4800 Bobiensis
829 4757 950 4815 post
972 4734 1373 4803 Culumltanum
1401 4751 1626 4807 clarcnt.

361 4833 492 4889 625.
605 4837 691 4891 15.
802 4836 893 4892 54.
1005 4839 1095 4893 58.
1242 4840 1294 4895 8.
1444 4844 1496 4899 9.
1612 4846 1697 4900 12.

326 4925 546 4996 (Fara)
583 4924 848 4998 Pippiuus
878 4929 1022 4985 ﬁlius
1046 4930 1421 5000 Karlomanni,
1447 4937 1622 5007 major
1644 4939 1840 4997 domus

252 5018 400 5087 regis
425 5014 692 5084 Lolharii,
717 5020 1147 5091 priucipabatur.
1170 5020 1403 5102 I’ippino
1430 5027 1484 5081 in
1509 5029 1844 5100 disponenda

252 5124 312 5163 re
357 5109 576 5179 publica
622 5113 1024 5183 cooperabatur
1069 5122 1294 5172 san‘ctus
1354 5117 1657 5193 Arnulfus,
1700 5120 1845 5178 ﬁlius

251 5200 505 5268 Arnoldi,
532 5202 627 5257 ﬁlii
674 5202 951 5272 Ansberti,
997 5221 1063 5262 ex
1107 5207 1380 5275 Blithilde,
1406 5210 1514 5266 ﬁlia
1545 5213 1705 5282 primi
1738 5202 1844 5269 Lo-

254 5293 418 5348 tharii
442 5294 606 5366 regis.
637 5294 827 5366 (BEDA,
857 5296 927 5353 Η.
956 5299 1028 5371 η.)
1068 5299 1302 5357 Mellitus
1326 5303 1519 5360 tertius
1541 5303 1838 5378 Anglorum

253 5383 541 5456 cpiscopus
569 5388 723 5444 obiit.

361 5475 483 5532 626.
597 5480 684 5536 14.
798 5482 887 5538 55.
1001 5484 1089 5542 59.
1238 5486 1291 5543 9.
1405 5488 1490 5543 10.
1609 5490 1693 5544 15.

333 5567 423 5635 (ll.
450 5570 546 5642 τη.)
573 5570 855 5632 lleraclius
878 5576 1171 5649 imperator
1191 5578 1386 5635 Persas
1411 5581 1617 5638 levibus
1640 5569 1839 5653 prteliis

254 5656 564 5729 frequenter
589 5663 785 5722 fundit.

1952 4660 2179 4717 brihelis
2220 4676 2279 4716 se
2321 4658 2539 4714 interim
2590 4656 2796 4723 videre,
2838 4663 2893 4710 et
2927 4654 3058 4725 quia
3099 4661 3380 4723 aspectum
3419 4653 3532 4723 ejus

1952 4752 2091 4808 ferre
2126 4767 2236 4807 non
2267 4759 2471 4822 posset,
2503 4756 2688 4804 mente
2732 4744 2941 4803 defecta
2981 4744 3196 4802 cadere.
3233 4741 3332 4799 1110
3381 4760 3503 4801 com

1951 4844 2265 4900 municabat
2321 4841 2639 4899 christianis
2701 4848 2763 4917 et!
2797 4837 3021 4907 Judzeis,
3065 4855 3129 4895 ex
3169 4853 3361 4895 eorum
3400 4836 3510 4893 seri

1943 4931 2125 5010 'pturis
2156 4952 2310 4993 suam
2340 4933 2893 5008 pseudopmphetiam
2932 4931 2987 4987 in
3029 4930 3304 5001 aliquibus
3333 4931 3525 4986 conﬁr-

1950 5049 2127 5089 mans.
2158 5030 2257 5086 1110
2284 5028 2534 5095 docebat,
2560 5027 2707 5098 quod
2743 5026 2801 5081 hi
2837 5025 2931 5098 qui
2967 5024 3257 5081 inimicum
3278 5025 3531 5082 occidunt

1948 5098 2161 5196 reliqui
2207 5123 2277 5178 ab
2319 5121 2543 5178 inimico
2589 5120 2934 5183 occiduntur,
2980 5116 3295 5186 paradisum
3347 5116 3531 5191 ingrej

1946 5215 2184 5272 diantur.
2213 5212 2535 5270 Paradisum
2575 5228 2703 5270 vero
2747 5225 2870 5267 esse
2903 5206 3140 5265 carnalis
3186 5207 3291 5261 cibi
3336 5222 3401 5261 ac
3434 5222 3531 5277 po-

1948 5314 2065 5370 tus;
2116 5303 2301 5375 ibique
2348 5318 2470 5358 esse
2506 5300 2732 5356 ﬂuvium
2769 5299 2901 5365 vini,
2934 5295 3093 5352 lactis
3125 5311 3190 5359 ac
3225 5293 3430 5367 mellis,
3474 5302 3549 5355 et,

1946 5396 2242 5452 mixturam
2266 5393 2593 5450 feminarum
2625 5407 2734 5448 non
2774 5388 3129 5462 prcsentium,
3172 5385 3267 5442 sed
3292 5385 3547 5460 aliarum,

1947 5489 2119 5544 multo
2154 5495 2399 5557 tempore
2430 5484 2695 5551 futuram,
2729 5492 2782 5538 et
2819 5482 3127 5538 allluentem
3171 5479 3547 5549 voluptatem”

1944 5591 1999 5637 et
2021 5579 2191 5635 multa
2229 5576 2564 5648 hujusmodi.
2604 5575 2704 5632 1110
2736 5583 2819 5631 est
2859 5571 3229 5638 Mu-hammad,
3274 5571 3364 5639 cui
3398 5588 3529 5643 genu

1945 5675 2066 5731 tiles
2088 5670 2270 5726 adhuc
2304 5668 2512 5726 cultum
2547 5667 2760 5724 deitatis
2799 5664 3075 5721 exhibent.
3117 5660 3242 5719 llic.
3273 5662 3329 5717 in
3356 5678 3527 5735 regna

1550 5764 1779 5821 VARUS
1825 5763 2225 5825 LECTIONES.

327 5845 663 5907 "Johanncs
689 5882 757 5890 η-
791 5851 1005 5923 capiunt
1035 5850 1144 5925 Sig.
1177 5869 1288 5909 cur.
1322 5869 1421 5912 sec.
1459 5856 1509 5911 in
1540 5872 1726 5911 rusum
1744 5875 1763 5926 ;
1801 5859 1913 5915 rc”.
1991 5858 2036 5889 ⁹³
2062 5857 2211 5915 addit
2248 5853 2327 5915 1δ.
2361 5854 2499 5926 ML;
2531 5855 2716 5913 desunt
2738 5852 2803 5911 A.
2877 5853 2921 5914 ⁸9
2950 5850 3275 5939 Tungrcssis
3304 5848 3438 5921 Sig._
