4046 6318
509 344 612 401 m

512 459 912 514 Saracenorum
962 465 1198 526 quatuor
1234 461 1480 527 pretores
1522 452 1732 519 statuit,
1777 452 1874 523 qui
1902 452 2093 507 amirei
2122 459 2169 517 Α

510 548 863 606 vocabantur.
893 546 1013 618 Ipse
1054 562 1185 603 vero
1224 546 1430 601 amiras
1473 544 1755 601 dicebatur
1794 545 1879 600 vel
1907 552 2093 614 proto-

508 639 798 706 simbolus.
849 637 936 710 (G.
986 654 1031 693 r.
1093 637 1186 708 F.)
1226 636 1567 708 Dagobertus
1627 650 1730 690 rex
1783 634 2094 691 Saxonibus

507 730 652 786 bello
679 728 982 797 concurrit;
1026 729 1116 784 cui
1143 736 1296 799 pater
1326 727 1620 785 Lotharius
1660 743 1759 781 rex
1798 739 2096 781 accurrens

508 823 735 889 auxilio,
772 821 1061 878 interfecto
1106 820 1365 893 Bertaldo
1402 820 1541 876 duce
1585 818 1903 885 Saxonum,
1923 818 2097 874 victo-

508 917 651 972 riam
674 915 941 986 optinuit;
969 923 1027 969 et
1051 929 1356 986 pervagans
1385 928 1606 968 omnem
1633 909 1957 978 Saxoniam,
1974 910 2109 965 nul-

509 1007 625 1061 l‘um
661 1006 889 1061 omnino
915 1004 1219 1073 Saxonum,
1261 1019 1577 1060 mensuram
1617 1003 1781 1075 gladii
1817 1002 1903 1057 sui
1931 1008 2095 1058 exce-

508 1099 747 1165 dentem,
772 1097 982 1154 dimisit
1006 1098 1276 1157 viventem
1314 1096 1381 1152 ⁹¹’.

544 1188 671 1243 651.
712 1187 776 1242 R.
822 1188 907 1244 l9.
950 1187 1010 1243 P.
1048 1187 1136 1243 40.
1179 1187 1239 1242 F.
1283 1188 1372 1243 41.
1412 1186 1474 1241 L.
1520 1187 1569 1242 1.
1608 1187 1673 1240 Α.
1718 1186 1804 1241 15.
1844 1184 1933 1240 W.
1978 1186 2067 1240 18.

584 1280 682 1352 (II.
734 1281 830 1353 τη.)
887 1281 1167 1339 [leraclius
1216 1283 1543 1353 imperator,
1598 1280 1820 1336 Perside
1863 1278 2092 1345 devicta,

514 1370 839 1427 Zachariam
893 1373 1263 1443 patriarcham
1320 1388 1447 1428 cum
1504 1370 1845 1442 captivorum
1894 1370 2097 1441 populo
2166 1422 2170 1426 .

514 1462 857 1520 Hierusalem
879 1465 1120 1533 reducit;
1152 1474 1208 1523 et
1234 1474 1479 1522 sanctam
1502 1479 1722 1520 crucem
1757 1462 1975 1518 Domini
2004 1478 2107 1517 re--

513 1566 767 1625 portans,
791 1573 917 1613 cum
947 1558 1098 1628 regio
1146 1566 1385 1614 scemate
1420 1564 1648 1613 ornatus
1688 1563 1902 1627 portam
1938 1555 2109 1610 vellet:

516 1644 743 1711 intrate,
770 1660 869 1715 per
889 1660 1051 1715 quam
1081 1642 1243 1701 Iesus
1274 1646 1342 1701 ad
1369 1661 1587 1701 crucem
1618 1632 1958 1703 subeundam
2002 1658 2099 1698 ex-

536 1734 633 1801 vit,
659 1744 825 1805 porta
840 1735 1102 1791 divinitus
1124 1736 1313 1792 clausa
1333 1745 1444 1804 est;
1470 1737 1629 1808 eique
1652 1752 1870 1792 rursum
1899 1737 1965 1791 ad
1986 1750 2100 1791 mo-

537 1827 692 1881 nitum
737 1828 914 1899 angeli
960 1827 1250 1883 bumiliato
1280 1837 1335 1883 et
1377 1829 1728 1896 discalceato,
1765 1836 1919 1899 porta
1955 1829 2101 1883 ultro
2134 1814 2175 1873 Β

405 1920 407 1923 ’
514 1923 701 1983 aperta
729 1924 845 1982 est;
877 1924 933 1970 et
957 1915 1031 1970 ita
1061 1931 1223 1971 cruce
1264 1917 1454 1983 relata,
1484 1918 1853 1973 celebritatem
1893 1918 2101 1973 exalia:-

422 2019 433 2033 °
513 2007 692 2062 tionis
702 2007 1131 2077 ejusannuatim
1153 2007 1443 2063 dedicavit.
1463 2008 1619 2079 Apud
1633 2008 1830 2064 Persas
1851 2008 2103 2064 Ormisda

516 2105 711 2167 negnat
736 2098 992 2153 annile
1035 2100 1140 2153 sub
1178 2097 1502 2155 Saracenis-
1522 2098 1608 2170 (G.
1643 2117 1688 2154 r.
1721 2099 1815 2171 F.)
1845 2100 2105 2156 Lotbario

518 2187 772 2243 mediano
794 2187 1132 2244 Francorum
1165 2205 1290 2261 rege
1317 2199 1555 2257 mortuo,
1590 2190 1927 2262 Dagobcrlus
1963 2192 2107 2247 lilius

517 2279 857 2350 ejusregnat
883 2290 1009 2349 post
1039 2296 1165 2336 eum
1194 2282 1359 2338 annis
1388 2283 1455 2337 14
1482 2283 1560 2336 ’⁸-

645 2368 770 2424 652.
880 2369 970 2425 20.
1082 2371 1173 2426 Μ’.
1323 2373 1371 2426 1.
1520 2372 1574 2427 2.
1691 2372 1777 2427 16.
1890 2374 1979 2428 19.

591 2459 689 2530 (Η.
733 2462 832 2531 in.)
866 2459 1148 2530 Saraceni,
1180 2465 1273 2534 qui
1306 2464 1571 2521 hactenus
1602 2464 1819 2521 fuerant
1846 2466 1949 2520 sub
1971 2465 2105 2521 Per-

518 2566 705 2605 sarum
727 2567 929 2623 regno,
964 2568 1063 2609 eos
1115 2555 1258 2609 bello
1308 2555 1486 2611 victos
1511 2572 1669 2611 versa
1696 2557 1816 2611 vice
1857 2557 1960 2611 sub
2004 2572 2107 2613 suo

519 2642 776 2713 redigunt
798 2645 1062 2701 dominio.
1086 2646 1170 2700 Ab
1192 2647 1319 2702 hinc
1347 2663 1447 2717 pro
1468 2662 1636 2718 regno
1664 2648 1953 2703 Persarum
1980 2650 2107 2704 titu-

520 2734 743 2791 landum
768 2744 861 2790 est
876 2752 1103 2807 regnum
1132 2736 1555 2794 Saracenorum.
1579 2739 1947 2806 Multammad,
1970 2741 2108 2795 ami-

518 2840 613 2881 nas
665 2824 1067 2882 Saracenorum
1125 2829 1400 2897 moritur;
1436 2838 1560 2901 post
1600 2845 1763 2901 quem
1817 2830 2108 2887 Ebubcher

517 2913 696 2971 tribus
714 2916 874 2971 annis
894 2917 1251 2987 principatus.
1279 2918 1411 2991 (Ιὸ.)
1432 2919 1782 2976 Terremotus
1807 2919 1987 2977 faetus
2001 2931 2104 2989 est,

519 3010 576 3056 et
600 3019 696 3074 per
725 2996 947 3077 triginta
968 3006 1089 3063 dies
1129 3010 1383 3080 apparuit
1411 3010 1466 3064 in
1496 3011 1629 3066 caelo
1656 3012 1872 3083 signum
1908 3012 1962 3066 in
1996 3028 2108 3068 mo-

518 3093 651 3149 dum
686 3095 885 3167 gladii,
924 3099 1257 3167 portendens
1288 3100 1663 3157 imminentem
1700 3100 2102 3157 Saracenorum

522 3195 884 3257 potentatum.
914 3187 1103 3259 (BEDA,
1124 3189 1207 3259 Η.
1242 3194 1315 3262 e.)
1360 3190 1607 3248 Eduinus
1627 3208 1722 3247 rex
1768 3192 2106 3265 Nordanym—

520 3277 746 3343 brorum
770 3295 806 3350 a.
821 3278 1004 3335 Penda
1044 3291 1099 3337 et
1127 3281 1369 3338 Ceduala
1393 3299 1518 3356 rege
1547 3283 1854 3340 Brittonum
1881 3284 2110 3354 perimi-

521 3374 634 3437 tur,
661 3379 723 3425 et
739 3368 1100 3431 ﬁdeS-Christi
1127 3372 1182 3427 in
1212 3372 1406 3444 Anglia
1440 3374 1774 3429 concutitur.

648 3461 772 3516 653.
885 3464 988 3518 2L.
1122 3465 1174 3519 1.
1320 3466 1374 3520 2.
1522 3466 1576 3520 5.
1690 3466 1787 3520 17.
1889 3466 1981 3523 20.

594 3553 684 3622 (ϐ.
706 3572 760 3625 ρ.
784 3553 952 3626 Man.)
980 3556 1273 3613 Severinus
1298 3557 1559 3615 Romanre
1577 3559 1837 3615 aecclesiae
1873 3558 2108 3625 680',et

522 3656 645 3714 post
668 3661 799 3701 eum
842 3645 1119 3703 Iohannes
1161 3646 1455 3702 LXVllllus
1501 3649 1760 3720 presidet.
1821 3647 2105 3706 Heraclius

521 3738 819 3807 imperator
846 3739 1095 3794 incidens
1144 3740 1200 3793 in
1245 3738 1482 3794 heresim
1509 3739 2011 3809 Monothelitaram,
2049 3742 2103 3796 id

516 3837 602 3884 est
622 3846 787 3883 unam
820 3830 1191 3898 operationem
1229 3828 1282 3883 in
1319 3829 1539 3885 Christo
1566 3830 1926 3899 credentium,
1972 3849 2105 3888 con-

520 3915 660 3971 fudit
682 3917 986 3972 aecclesiam
1014 3926 1070 3973 et
1112 3917 1431 3988 imperium;
1464 3928 1657 3976 contra
1691 3921 1958 3977 malitiam
1983 3922 2105 3993 ejus

519 4017 799 4078 pugnante
825 4007 1228 4078 perturbatione
1254 4012 1498 4068 omnium
1527 4028 1732 4069 rerum.
1774 4012 1871 4085 (II.
1902 4016 1999 4083 m.)
2023 4014 2108 4070 In-

519 4105 602 4151 ter
636 4095 913 4155 Romanos
943 4108 997 4154 et
1022 4098 1324 4157 Saracenos
1351 4102 1549 4157 bellum
1583 4103 1904 4174 impacabile
1929 4106 2105 4160 oritur

520 4188 624 4243 hac
643 4189 719 4269 de
735 4205 924 4255 causa,
957 4191 1085 4261 quia
1114 4208 1239 4247 cum
1271 4193 1495 4265 quidam
1541 4195 1711 4265 spado
1760 4194 2104 4266 imperatoris

520 4274 752 4333 ﬂeraclii
773 4278 1122 4336 distribueret
1145 4296 1307 4352 rogas
1330 4283 1615 4351 militibus,
1645 4301 1773 4340 cum
1798 4286 1940 4343 inter
1963 4286 2105 4344 alios

519 4365 681 4421 etiam
709 4365 966 4424 Saraceni
1000 4369 1114 4425 sub.
1135 4370 1462 4441 imperatore
1502 4375 1800 4431 militantes
1825 4378 2104 4433 venissent

519 4455 587 4510 ad
615 4458 982 4528 accipiendam
1012 4477 1222 4532 rogant,
1247 4463 1489 4534 spadone
1522 4465 1870 4538 indignanter
1896 4469 1978 4524 eis
2014 4469 2099 4524 di-

518 4555 677 4601 cente
711 4567 725 4603 :
769 4547 870 4605 Via:
901 4554 1090 4623 sit/ﬁcit
1129 4556 1417 4626 imperator
1447 4556 1575 4613 dare
1614 4558 1874 4614 militibus
1921 4578 2099 4633 rogas:

519 4647 715 4707 minuto
746 4644 913 4712 magis
952 4646 1170 4699 canibus
1193 4648 1336 4713 istis,
1370 4647 1445 4702 illi
1473 4649 1659 4705 dolore
1696 4660 1752 4707 et
1776 4653 1983 4723 pudore
2025 4653 2103 4708 ind

519 4728 688 4795 citati,
734 4740 900 4787 totam
948 4734 1346 4793 Saracenorum
1388 4750 1601 4811 gentem
1630 4744 1696 4797 ad
1729 4744 2099 4799 relmllandnm

519 4818 763 4874 Incitant.
788 4820 992 4878 Amirei
1024 4824 1421 4882 Saracenorum
1465 4828 1740 4885 Romanos
1773 4834 2100 4902 aggrediun-

520 4917 625 4976 tur,
649 4919 847 4966 etcum
874 4914 1060 4979 multis
1092 4925 1202 4971 tres
1233 4919 1425 4974 amirei
1466 4935 1505 4974 av
1531 4919 1791 4976 Romanis
1816 4923 2099 4992 perimun-

519 5008 623 5052 tur.
665 5000 757 5073 (ιν.
795 5001 854 5057 S.
887 5004 1033 5076 Am.)
1065 5006 1366 5079 Sigibertus
1406 5010 1587 5067 infans
1618 5013 1762 5068 ﬁlius
1808 5013 2111 5086 Dagoberti.

519 5089 659 5159 regis
683 5106 714 5144 a
743 5102 933 5148 sancto
980 5095 1228 5153 Amando
1269 5099 1607 5170 baptizatur;
1657 5102 1748 5157 ubi
1791 5105 2098 5160 tacentibus

521 5179 751 5273 cunctis,
792 5184 908 5254 ipse
950 5186 1132 5243 infans
1155 5190 1230 5243 40
1250 5190 1461 5246 dierum
1504 5192 1669 5248 Amen
1713 5196 2021 5264 respondit,
2045 5207 2101 5252 et

520 5270 797 5329 Amandus
823 5276 1254 5347 Trajectensium
1282 5282 1572 5352 episcopus
1596 5284 1901 5349 ordinatur.

1673 330 2034 406 smEBEnTI
2072 332 2613 396 sensusensu.

2134 4522 2184 4580 ἢ.

3676 333 3777 397 ηε

2327 450 2453 509 654.
2560 453 2663 508 22.
2798 453 2863 508 ἓν
3001 453 3053 507 5.
3201 453 3254 509 4.
3367 454 3434 509 18
3567 454 3693 510 21‘

2267 543 2458 615 (Bent,
2482 540 2557 600 H.
2585 544 2659 616 e.)
2705 542 2942 600 Romani
2979 552 3035 599 et
3085 543 3345 601 Saraceni
3377 547 3532 602 vario
3576 555 3777 604 eventa

2193 635 2513 707 conﬂigunt.
2545 635 2907 693 Successores
2939 635 3140 693 Eduini
3171 637 3314 709 regis
3350 638 3417 694 ad
3466 637 3780 699 idolatriam

2193 728 2466 795 revoluti,
2528 744 2656 784 mox
2720 736 2850 791 sunt
2912 745 2945 784 a
3002 728 3254 787 Ceduala.
3300 746 3430 804 rege
3489 732 3778 803 perempti.

2195 816 2437 891 [(Fnea.)
2464 818 2800 894 Dagobertus
2826 836 2923 878 rex
2948 819 3174 879 Sciavos
3195 821 3597 880 bello-devincit
3614 821 3713 897 ”.]

2318 956 2444 1011 635.
2553 955 2646 1010 εδ.
2757 942 2846 1013 ‘5.
2994 952 3051 1011 ι.
3198 954 3254 1009 5.
3367 954 3454 1010 l9.
3563 954 3658 1010 22.

2258 1046 2355 1119 (Η.
2383 1048 2480 1117 m.)
2497 1045 2788 1103 Ebubeher
2808 1045 3013 1121 amiras
3028 1045 3283 1114 moritur,
3306 1053 3432 1117 post
3451 1061 3615 1117 quem
3641 1043 3789 1101 Hau-

2195 1154 2315 1195 mar
2335 1139 2495 1195 annis
2544 1138 2613 1193 12
2640 1137 2999 1209 principatur.
3035 1134 3326 1194 Saracenis
3382 1134 3599 1209 Syriam
3639 1134 3795 1195 infe-

2196 1231 2502 1298 stantibus,
2531 1227 2815 1286 Heraclius
2856 1243 3078 1286 crucem
3136 1237 3387 1285 sanctam
3439 1228 3660 1287 Domini
3716 1230 3794 1287 ab

2195 1321 2535 1379 Hierusalem
2552 1320 3087 1393 Constantinopolim
3104 1321 3403 1377 transtuﬁt.
3416 1320 3609 1392 (Βεω,
3624 1320 3699 1377 Π.
3710 1322 3791 1393 ε.)

2196 1412 2482 1470 Oswaldns
2504 1414 2651 1471 ﬁlius
2672 1411 2925 1469 Edilfridi
2954 1413 3122 1486 regis,
3142 1429 3314 1485 regno
3336 1410 3792 1486 Nordanymbro-

2196 1522 2318 1561 rum
2346 1514 2469 1577 post
2491 1504 2765 1561 Eduinum
2794 1512 3072 1577 suscepto,
3097 1503 3395 1561 Cedualam
3425 1519 3610 1578 regem
3636 1502 3791 1561 Brit-

2196 1609 2389 1656 tonum
2434 1598 2684 1669 perimit;
2711 1606 2766 1654 et
2795 1598 2922 1670 quia
2952 1586 3120 1655 itidem
3152 1596 3359 1653 Christi
3393 1596 3589 1663 tenuit,
3622 1610 3800 1668 super

2198 1705 2390 1747 omnes
2414 1688 2713 1746 Britannia:
2748 1704 2906 1762 reges
2931 1688 3186 1759 eminuit,
3213 1696 3269 1744 et
3311 1696 3549 1759 quatuor
3573 1686 3797 1759 lingua-

2202 1799 2326 1840 rum
2366 1791 2573 1854 gentes,
2612 1781 2819 1849 Pictos,
2867 1781 3103 1849 Scottos,
3151 1780 3426 1837 Brittones
3464 1788 3521 1835 et
3559 1778 3801 1851 Anglos,

2205 1876 2309 1931 sub
2357 1874 2573 1931 dicione
2606 1874 2831 1944 accepit.
2877 1873 3052 1928 Aidan
3096 1872 3408 1943 episcopus,
3459 1870 3638 1928 sancti
3680 1868 3796 1925 Co-

2202 1967 2403 2022 lumbae
2430 1965 2737 2035 discipulis,
2782 1980 2812 2021 a
2862 1963 3071 2020 Scottia
3099 1963 3355 2030 veniens,
3403 1961 3548 2034 apud
3582 1960 3801 2033 Anglos

2203 2059 2442 2114 clarebat
2488 2057 2775 2113 sanctitate
2796 2065 2851 2112 et
2882 2056 3152 2113 doctrina.
3182 2054 3423 2129 [(Fnan.)
3451 2052 3811 2126 Dagobcrtusv

2207 2164 2299 2206 rex
2326 2148 2629 2206 Wascones
2648 2149 2792 2204 bello
2824 2148 3065 2205 devincit
3088 2147 3180 2203 “°.

2333 2286 2472 2340 656..
2569 2287 2669 2341 21.
2814 2286 2865 2340 1.
3012 2282 3113 2351 5.,
3214 2274 3272 2339 6.
3376 2282 3475 2338 20.
3574 2283 3681 2345 23‘.

2278 2374 2365 2446 (G.
2394 2376 2567 2446 pom.)
2593 2373 2916 2430 Theodorus
2940 2374 3202 2429 Romana:
3220 2374 3486 2430 :ecclesize
3511 2371 3640 2428 70‘"
3669 2388 3805 2444 pre-

2206 2469 2364 2525 sidet.
2400 2466 2496 2539 (Η,
2523 2468 2621 2537 m.)
2655 2465 2914 2521 Saraceni
2943 2474 3103 2534 capta
3139 2463 3431 2531 Damasco,
3452 2462 3713 2520 Fenicem
3736 2469 3801 2521 et

2206 2558 2501 2631 Egyptnm
2525 2566 2812 2630 occupant.
2878 2544 2891 2552 ’

2328 2691 2455 2747 6'57.
2562 2689 2655 2746 23.
2801 2694 2861 2745 2.
3005 2691 3060 2744 6.
3209 2688 3260 2743 7.
3368 2689 3461 2744 2i.
3570 2689 3679 2744 24..

2277 2780 2570 2854 [(Amom,
2618 2796 2692 2847 tv,
2724 2779 2839 2851 41.)
2869 2778 3162 2834 Florebant
3192 2779 3250 2834 in
3270 2777 3503 2834 Francia
3525 2779 3633 2836 hoc
3657 2788 3805 2836 tem-

2204 2888 2336 2944 pore
2358 2880 2469 2927 tres
2490 2870 2710 2938 fratres,
2737 2871 2874 2936 Ado,
2902 2869 3075 2936 ltado,
3100 2867 3271 2936 Dado,
3294 2869 3467 2940 quiet
3493 2867 3803 2928 Audoenus

2204 2964 2391 3020 dictus
2410 2971 2525 3030 est;
2558 2961 2658 3033 qui
2685 2977 2842 3017 suam
2865 2976 2994 3033 erga
3030 2959 3205 3015 Deum
3230 2959 3575 3016 devotionem
3608 2970 3803 3019 osten-

2204 3052 2402 3108 derunt
2436 3051 2637 3123 singuli
2661 3052 2873 3123 singula
2909 3049 3134 3106 cenobia
3165 3049 3465 3106 fundanda.
3490 3050 3569 3105 Ex
3592 3051 3806 3123 quibus

2130 3157 2176 3219 (ς
2208 3142 2360 3199 Dado
2390 3143 2494 3198 fuit
2549 3141 2951 3199 referendarius
2989 3141 3281 3215 Dagoberti
3325 3142 3490 3215 regis.
3532 3142 3800 3200 Referen-

2206 3235 2399 3290 darius
2426 3243 2608 3290 autem
2648 3234 2953 3301 dicebatur,
2990 3234 3057 3290 ad
3090 3249 3254 3305 quem
3284 3235 3517 3306 publicae
3546 3237 3802 3292 conscri-

2204 3325 2421 3396 ptiones
2443 3324 2843 3392 referebantur,
2877 3334 2937 3381 ut
2968 3341 3064 3396 per
3098 3341 3226 3381 eum
3278 3326 3444 3381 anulo
3488 3342 3584 3382 seu
3616 3327 3805 3400 sigillo

2138 3424 2143 3429 '
2204 3416 2351 3487 regis
2396 3414 2874 3471 conﬁrmarentur.
2908 3414 3020 3471 Hos
3049 3416 3117 3471 ad
3151 3415 3257 3472 hoc
3297 3408 3560 3471 animavit
3585 3415 3807 3489 Eligius

2205 3505 2438 3573 aurifex,
2466 3507 2580 3577 jam
2625 3506 2832 3563 dudum
2880 3507 2936 3562 in
2983 3507 3107 3562 aula
3135 3508 3278 3578 regis
3308 3505 3553 3563 Lotharii
3586 3508 3800 3577 clarus,

2203 3597 2487 3667 quietiam
2535 3614 2602 3653 ex
2628 3598 2774 3655 dono
2809 3597 3097 3671 Dagoberti
3146 3598 3291 3671 regis
3341 3598 3457 3672 ¹⁶¹],
3490 3600 3800 3656 Solemnia-

2204 3706 2331 3749 eum
2383 3690 2777 3745 monasterium
2814 3690 3144 3757 construxit,
3195 3690 3287 3745 ubi
3322 3699 3546 3746 sanctus
3589 3689 3799 3748 Rema-

2204 3785 2325 3840 clns
2353 3782 2423 3837 ab
2450 3780 2746 3851 Aquitania
2789 3782 3037 3849 veniens,
3085 3796 3144 3837 se
3185 3781 3241 3834 in
3294 3780 3501 3836 Christi
3530 3781 3796 3837 tirocinio

2204 3874 2309 3929 sub
2351 3889 2418 3928 eo
2462 3872 2826 3929 exercendum
2878 3872 3045 3928 dedit.
3106 3870 3305 3927 Sancta
3348 3870 3526 3927 Aurea
3571 3873 3798 3940 claruit,

2203 3981 2368 4035 quam
2419 3964 2627 4037 hligius
2680 3964 3019 4020 monasterio
3060 3964 3331 4035 virginum
3380 3978 3413 4018 a
3456 3979 3515 4019 se
3547 3963 3811 4022 Parisius

2204 4066 2523 4114 constructo
2559 4056 2801 4128 prefecit.
2847 4056 3109 4129 [Sanctus
3140 4070 3273 4110 vero
3300 4054 3450 4111 Dado
3479 4055 3799 4111 cmuobium

2205 4152 2346 4206 intra
2384 4150 2730 4222 Briegensem
2758 4150 2957 4205 saltum
2989 4149 3318 4216 construxit,
3350 4149 3497 4221 quod
3527 4148 3798 4206 Resbacis

2204 4243 2434 4310 dicitur;
2479 4243 2536 4297 in
2576 4257 2689 4314 quo
2725 4250 2975 4298 sanetum
3016 4242 3231 4313 Agilum
3273 4242 3508 4312 primum
3538 4242 3796 4298 abbatem

2205 4334 2433 4406 prefecit
2460 4332 2573 4407 m].

2326 4469 2452 4525 658.
2561 4468 2652 4523 26.
2798 4470 2854 4524 ’5.
3003 4469 3054 4524 7.
3202 4469 3255 4523 8.
3366 4469 3457 4524 22.
3566 4469 3661 4524 25.

2275 4560 2369 4631 (Υ.
2418 4561 2564 4632 Am.)
2611 4559 2847 4616 Sanctus
2883 4559 3186 4627 Amandus,
3229 4559 3536 4632 Tungrensi
3574 4560 3794 4632 episco-

2203 4663 2332 4725 patu
2377 4654 2714 4724 posthabito,
2745 4655 2895 4709 verbi
2942 4656 3111 4710 instat
3136 4654 3337 4711 oﬂicio.
3378 4652 3494 4710 Sub
3516 4654 3624 4710 hoc
3652 4670 3790 4710 san-

2204 4755 2325 4800 ctus
2346 4742 2691 4798 Landoaldus
2712 4743 2923 4807 ﬂoruit,
2948 4745 3042 4814 qui
3069 4739 3238 4799 illium
3264 4743 3394 4815 Apri
3423 4745 3524 4798 Viri
3557 4745 3791 4800 “lustris

2205 4835 2717 4907 Lambertnm,post
2732 4837 3046 4907 episcopum
3072 4846 3127 4891 ct
3150 4846 3443 4909 martyrem
3462 4827 3734 4903 futurum,
3755 4852 3790 4891 a

2204 4943 2376 4999 puero
2400 4928 2674 4993 imbuens,
2701 4927 2753 4982 in
2782 4930 2928 4983 viam
2958 4927 3055 4984 Dei
3081 4927 3314 4982 induxit.
3348 4928 3437 4998 (Α.
3477 4931 3576 4997 m.)
3618 4926 3790 4983 Sara-

2205 5021 2323 5076 ceui
2360 5018 2696 5077 Hierusalem
2738 5021 2961 5076 biennio
2988 5021 3272 5086 obsessam
3304 5019 3547 5090 capiunt.
3578 5018 3789 5074 Roma-

2206 5112 2354 5167 ricus
2382 5110 2552 5167 abbas
2591 5120 2646 5166 et
2673 5110 2939 5167 Gocricus
2967 5109 3313 5166 Meltensium
3343 5111 3635 5181 episcopus
3671 5111 3788 5166 cla-

2206 5216 2346 5264 rent.

1801 5418 2031 5474 VARI/Ii
2059 5418 2457 5476 LECTIONES.
2560 5431 2570 5437 ‘

577 5539 774 5614 "quq
788 5551 1081 5614 sequuntur
1107 5561 1265 5614 usque
1296 5546 1363 5599 ad
1392 5565 1441 5600 η.
1474 5548 1578 5600 (i322.
1629 5550 1901 5604 aridorum
1931 5551 2025 5607 F5.

560 5554 1265 5629 ffqt'ltlilfut"tt81[l.tc
1296 5554 1441 5629 (tl-imit.
1474 5554 1578 5629 (5.3.2.
1612 5554 1901 5629 fficierum
1931 5554 2025 5607 F5.
2092 5554 2146 5629 _“
2175 5563 2340 5629 totum
2367 5572 2559 5629 annttm
2590 5554 2702 5626 Sig.
2731 5572 2843 5608 cur.
2875 5572 2975 5609 rec.
3015 5559 3066 5610 in
3092 5575 3275 5612 rasum
3306 5560 3538 5629 scripsit.
3619 5564 3663 5591 ”
3686 5565 3781 5615 ad~

632 5610 813 5690 _70
977 5609 1264 5690 prater'A.
1342 5618 1406 5690 “‘9
1443 5620 1569 5690 add.
1606 5620 1689 5689 15.
1720 5622 1833 5675 rell.
1859 5634 2049 5690 prmler
2075 5624 2139 5676 Α.

2219 5626 2508 5698 "(pertint
2543 5627 2597 5678 in
2634 5642 2842 5698 rasura,
2875 5629 3073 5698 partim
3119 5630 3175 5681 in
3219 5630 3328 5682 ima
3351 5626 3546 5698 pagina
3569 5633 3646 5684 ita
3669 5650 3770 5686 am-

1204 5687 1293 5774 AR
1318 5689 1407 5774 qui
1432 5688 1583 5768 liabet
1617 5676 2098 5774 ali-ligitts'auri'fex
2122 5694 2234 5774 jam
2265 5676 3790 5774 dini-niniaaulalregis'lio—t'liariiivcl‘arusre;

564 5748 805 5817 ngobet'ti
842 5748 1018 5809 adhuc
1046 5754 1218 5810 laicus
1248 5748 1650 5813 S'olcnniacum.
1684 5748 1774 5813 1πῆ
1803 5764 1967 5831 igil‘m‘
1993 5748 2296 5833 Sigjrimo
2323 5748 2589 5819 orlidzmt.
2653 5766 2719 5798 ’τ’
2743 5748 2893 5820 addit
2924 5748 3158 5837 aliialii.
3184 5748 3471 5827 Sisini.
