4058 6436
527 392 639 451 ηις

1678 393 2039 452 SlGEBEBTt
2078 393 2609 452 nmmnAGENSIS'

3671 400 3690 454 ί
3708 402 3791 458 ἢ

523 504 753 562 Ᾱιιιιιιιιιί
782 522 840 562 se
883 516 935 561 et
963 524 1061 564 sua
1096 506 1202 562 Deo
1249 504 1542 574 devoveas,
1594 509 1979 564 inonastcrium
2002 506 2095 562 Ni-
2125 516 2170 570 Α
2195 511 2401 566 aestivis
2428 511 2707 567 mensibus
2730 520 2974 584 grassata
2998 520 3112 580 (νει-ς
3139 513 3350 567 cunctis
3377 513 3656 570 visibiliter
3683 502 3779 586 ap;

522 599 762 652 vialense
784 596 1051 668 fundavit,
1078 599 1235 669 eique
1264 599 1428 653 ﬁliam
1462 596 1965 656 suani'Gertrudcm
1988 599 2099 657 Deo

518 682 737 758 dignam
764 689 1029 760 virginem
1070 689 1313 760 profecit.
1353 689 1648 746 Autbertus
1684 691 2098 747 Cameracensis

519 781 810 851 cpiscopus
833 781 1031 844 claret.
1094 812 1101 817 ι

569 870 695 926 651.
774 869 841 926 R.
898 871 951 926 8.
1028 870 1086 927 S.
1158 873 1213 928 4.
1289 872 1351 928 l'.

1196 964 1283 1019 νγ.
1349 964 1413 1019 ’7.

583 1054 667 1127 (Ρ.
696 1055 785 1129 D.)
834 1052 1116 1112 R‘odoaldo
1163 1056 1586 1128 Bangobardum
1617 1064 1743 1127 rege
1790 1068 2091 1128 perempto,

515 1144 731 1217 Aripert
754 1156 946 1217 regnat
971 1149 1130 1204 annis
1154 1148 1188 1203 9
1211 1149 1334 1203 ¹⁰⁸.(
1351 1147 1410 1203 γ.
1440 1147 1496 1203 8.
1517 1147 1820 1220 Rem.)R‘ex
1848 1149 2094 1219 Sigiber-

515 1247 601 1293 tus
624 1239 691 1294 de
712 1242 1026 1310 posteritate
1050 1242 1218 1311 prolis
1243 1242 1561 1312 desperans,
1586 1243 1875 1299 duodecim
1897 1258 2092 1301 mona-

515 1329 678 1385 rteria
695 1330 834 1386 hinc
858 1331 982 1387 inde
1007 1332 1114 1388 Deo
1131 1335 1465 1403 construxit,
1492 1336 1544 1389 in
1568 1335 1769 1405 quibus
1798 1334 2093 1392 Stabulaus

517 1429 558 1473 rt
582 1419 1040 1478 Malmundarium
1074 1426 1406 1493 eminebant,
1432 1434 1759 1498 cooperante
1785 1429 1890 1485 sibi
1924 1431 1977 1484 in
2005 1431 2091 1486 his

1428 873 1480 928 6.
1559 872 1621 927 L.
1699 871 1751 929 5’.
1822 874 1891 929 Α.
1958 875 2038 928 11.

508 1502 716 1584 majore
739 1514 937 1571 domus
962 1516 1284 1575 'G’rimoalilo
1309 1528 1364 1575 et
1379 1519 1810 1591 Trajectensium
1833 1523 2090 1595 episcopo
2118 1598 2125 1604 η

507 1603 784 1662 Romaein.
814 1606 917 1675 Qui
946 1607 1234 1667 Reinaclus
1262 1628 1369 1667 non
1398 1614 1571 1671 multo
1594 1623 1718 1685 post
1738 1624 1988 1687 pertesus
2011 1632 2091 1673 se-

506 1697 778 1753 cularium
806 1701 1141 1757 tumultuum
1160 1746 1174 1770 ,
1206 1704 1257 1758 in
1288 1706 1407 1775 ipso
1434 1705 1728 1762 Stabulaus
1755 1709 2090 1765 monachica:

504 1788 632 1844 vita!
661 1793 961 1862 assumpsit
986 1794 1252 1851 habitum.
1276 1790 1379 1853 His
1401 1797 1593 1854 diebus
1618 1800 1773 1855 multi
1803 1801 2088 1872 utriusque

505 1895 674 1936 sexus
692 1873 755 1953 in
778 1882 968 1956 Galliis
993 1888 1329 1959 claruerunt,
1353 1890 1446 1958 qui
1474 1892 1541 1946 ad
1560 1892 1933 1949 testimonium
1960 1910 2088 1949 san-

503 1972 708 2029 ctitatis
736 1990 851 2029 suae
877 1975 932 2030 in
977 1977 1315 2036 atdiﬁcandis
1342 1980 1473 2036 Deo.
1491 1983 1837 2039 monasteriis
1866 1994 2086 2054 Operam

504 2076 664 2119 suam
689 2080 1045 2124 navaverunt.
1074 2068 1151 2125 Ex
1191 2071 1278 2128 liis
1304 2071 1358 2126 in
1386 2073 1794 2129 nostra'vieinia
1831 2084 1960 2129 tunc
1994 2075 2088 2130 ﬂo-

503 2155 697 2210 rebant
744 2157 1099 2227 Landcliuus,
1152 2163 1246 2233 qui
1295 2173 1350 2222 et
1397 2163 1669 2233 Morosus,
1721 2166 1791 2221 ab
1821 2167 2086 2223 Autberto

500 2249 764 2321 episcopo
784 2267 851 2307 ex
879 2255 1119 2324 predone
1138 2257 1207 2311 ad
1249 2256 1530 2314 Christum
1579 2269 1869 2327 retractus,
1899 2259 2089 2315 funda-

500 2350 590 2397 tor
615 2345 850 2400 emnobii
898 2346 1218 2416 Lobicnsis;
1257 2346 1511 2406 Gisleaus
1558 2351 1853 2419 Cellensis;
1883 2352 2087 2409 Madci-

500 2433 689 2503 garius
711 2435 822 2490 dux
846 2438 940 2507 qui
973 2448 1026 2493 et
1055 2437 1375 2497 Vincentius
1402 2442 1816 2500 Altimontensis
1839 2455 1893 2500 et
1919 2443 2087 2501 Sene-

500 2524 723 2595 gie‘nsis,
753 2529 982 2600 ejusque
1029 2532 1268 2602 conjunx
1321 2534 1703 2591 Waldedrudis
1726 2535 2086 2593 Castrilocen-
2120 2528 2123 2531 ⁷

499 2616 607 2685 sis;
638 2634 901 2691 sororque
923 2622 1306 2682 Waldedrudis
1327 2627 1657 2697 Aldegundis
1678 2627 2079 2686 Melbodiensis.

501 2708 1297 2781 Trudo_ctiam_ﬂasbaniensis
1333 2718 1386 2773 in
1430 2727 1677 2790 tyronem
1721 2720 1925 2776 Christi
1951 2720 2083 2777 ado-
2118 2734 2125 2740 '

500 2803 758 2859 lescehat.
818 2805 1003 2861 Preter
1063 2808 1164 2864 hos
1217 2818 1279 2864 et‘
1316 2809 1408 2864 alii
1459 2810 1613 2866 multi
1664 2812 1732 2867 de
1765 2811 1957 2885 Anglia
1996 2815 2081 2870 vel

502 2894 711 2950 Scottia
738 2896 791 2950 in
825 2896 1014 2954 Galliis
1055 2902 1484 2972 peregrinantes,
1511 2903 1735 2958 verbum
1774 2903 1870 2959 Dei
1916 2906 2081 2961 semi-

498 2986 722 3052 nabant,
748 2987 1092 3060 multumque
1119 2990 1358 3048 fructum
1380 2992 1492 3048 Deo
1536 2993 1828 3063 faciebant,
1875 2998 2081 3053 scilicet

498 3077 645 3147 Etto,
694 3079 1007 3150 Bertuinus,
1059 3078 1340 3156 Eloquius.
1392 3084 1629 3157 (Transi.
1662 3086 1719 3142 S.
1757 3087 1850 3159 B.)
1886 3089 2081 3144 Cmnoo

2158 646 2161 649 .
2199 611 2443 672 parente,
2477 603 2681 658 bonum
2709 610 2764 658 et
2793 604 2995 659 malum
3027 605 3277 675 angelum
3306 614 3471 660 noctu
3502 605 3775 662 civitatem

2199 693 2451 761 circuire,
2478 702 2532 749 et
2562 694 2779 765 quoties
2810 695 2968 765 jussu
2994 694 3123 750 boni
3148 695 3325 766 angeli
3350 695 3527 752 malus
3552 695 3778 767 angelus

2102 794 2117 805 δ
2197 788 2484 854 venabulo,
2513 788 2659 858 quod
2695 799 2862 843 manu
2903 788 3128 855 ferebat,
3165 788 3369 845 ostium
3400 789 3779 860 cujuscunque

2197 878 2395 933 dOmus
2422 880 2803 949 percussisset,
2828 889 2907 935 tot
2927 895 2993 935 ex
3018 882 3207 936 eadem
3235 882 3401 936 domo
3425 881 3672 952 sequenti
3689 881 3780 936 die

2197 970 2507 1026 interibant.
2544 970 2685 1044 [Hoc
2708 980 2955 1042 tempore
2982 982 3207 1029 sanctus
3229 972 3509 1030 Foillanus
3538 972 3795 1029 Fossen-t

2196 1061 2275 1118 sis
2302 1064 2682 1136 martyrizatur
2716 1063 2827 1137 “°].-
2850 1088 2862 1103 π

2316 1154 2445 1209 ⁷655.
2562 1155 2644 1227 12.
2792 1156 2871 1210 8-
2960 1155 3045 1211 10.
3200 1157 3244 1210 1.
3358 1157 3447 1212 15.
3560 1157 3647 1211 11.

2267 1244 2363 1316 (Η.
2392 1246 2487 1317 m.)
2530 1244 2785 1301 Saraceni
2819 1257 2976 1318 capta
3013 1248 3201 1303 Rhodo
3237 1247 3506 1304 famosum
3536 1249 3655 1319 ejus
3682 1264 3776 1304 co-

2194 1338 2402 1393 lossum
2431 1346 2769 1407 everterunt;
2800 1354 2875 1395 es
2893 1340 3050 1410 cujus
3081 1356 3188 1395 aere
3216 1340 3321 1395 900
3337 1342 3539 1397 cameli
3564 1342 3774 1397 onerati

2194 1438 2340 1487 88M.
2477 1444 2505 1453 ’“
2910 1460 2913 1463 ν

2316 1520 2440 1578 656.
2522 1523 2643 1578 15.
2789 1524 2842 1578 9.
2914 1523 3061 1577 ’11ι
3190 1524 3243 1579 5.
3362 1521 3446 1579 l6.
3564 1524 3650 1578 12.

2261 1613 2654 1670 Genstantinus
2691 1614 2986 1685 imperator
3033 1614 3331 1671 Saracenis
3372 1615 3551 1670 navali
3591 1631 3797 1691 pugnas

2191 1718 2537 1779 congressus,
2578 1708 2939 1779 ignominioso
2986 1704 3416 1778 vincitur.~(lb.)
3470 1705 3776 1777 Sigibertus

2190 1814 2291 1853 rex
2321 1799 2729 1855 A’ustrasiorum
2763 1800 3016 1868 moritur,
3051 1798 3356 1870 Dagobcrto
3384 1799 3498 1854 filio
3529 1813 3631 1855 suo
3670 1798 3789 1853 ad-t

2191 1890 2414 1945 modum
2455 1890 2682 1960 parvulo
2704 1890 2829 1945 ﬁdei
2859 1889 3158 1946 Grimoaldi
3188 1890 3588 1958 commendato,
3618 1899 3683 1947 ut
3714 1891 3794 1947 'tlr

2186 1990 2417 2052 regnum
2471 1981 2592 2053 ejus
2641 1982 2846 2037 auxilio
2891 1989 3296 2052 promoveatur.
3343 1979 3533 2049 (Beas,
3579 1980 3650 2035 Η.
3694 1980 3798 2053 ε.)ι

2188 2070 2334 2127 Oswi
2369 2087 2463 2128 rex
2508 2070 3071 2145 Nordanymbrorum,
3104 2071 3250 2127 facto
3297 2073 3408 2127 Deo
3455 2072 3578 2128 cudi
3621 2083 3795 2142 voto,

2187 2161 2383 2218 Penda:
2408 2162 2732 2221 Merciorum
2767 2165 2880 2236 regi
2912 2165 3192 2221 concurrit
3232 2178 3357 2220 eum
3385 2165 3627 2220 exercitu
3656 2180 3797 2221 non»

2187 2256 2392 2321 multo;
2440 2266 2494 2311 ct
2544 2257 2684 2312 inter
2714 2257 2937 2311 nimiam
2968 2255 3293 2313 Merciorum
3321 2264 3557 2328 stragem
3587 2258 3801 2327 ipsum.

2187 2360 2367 2419 regem
2409 2347 2648 2404 Pendam
2695 2348 2930 2419 perimit,
2963 2358 3286 2421 gentemque
3317 2349 3654 2406 Merciorum
3700 2351 3772 2405 ad

2184 2438 2465 2497 Christum
2509 2442 2754 2497 converti
2803 2440 2951 2497 fecit.
2987 2441 3170 2499 Pictos
3203 2457 3423 2514 quoque
3452 2458 3625 2515 regno
3652 2443 3768 2498 An-

2185 2533 2396 2604 glorum
2426 2534 2683 2603 subdidit.
3244 2562 3245 2565 η

2309 2626 2432 2681 657.
2551 2627 2634 2681 Η.
2750 2627 2835 2681 10.
2950 2627 3037 2681 12:
3184 2627 3236 2681 6.
3352 2626 3436 2680 17.
3553 2627 3638 2680 15.

2234 2716 2343 2788 (6.
2387 2718 2558 2788 pom.)
2596 2716 2876 2791 Olympius
2926 2719 3194 2774 exercitus
3220 2718 3288 2773 ad
3328 2716 3617 2788 regendam
3662 2716 3769 2771 Ita»

2142 2818 2155 2827 ‘
2184 2810 2311 2864 liam
2335 2810 2405 2865 ab
2421 2809 2744 2880 imperatore
2765 2808 3130 2863 Constantino
3153 2808 3374 2873 missus,
3393 2814 3447 2862 et
3472 2805 3796 2862 Martinam.

2183 2915 2376 2970 papam
2416 2899 2664 2954 occidere
2687 2899 2900 2969 jussus,
2927 2914 3050 2954 cum
3091 2899 3247 2954 aliter
3273 2913 3381 2953 non
3414 2906 3618 2967 posset,
3650 2905 3768 2959 “'31-

2182 2992 2370 3059 ctavit,
2415 3000 2476 3047 ut
2521 2991 2663 3046 inter
2697 2991 2992 3046 missarum
3037 2990 3323 3057 solemnia,
3353 3004 3478 3046 eum
3509 2988 3614 3044 sibi
3645 2989 3793 3060 ipse.

2184 3099 2322 3156 papa
2353 3090 2598 3138 sanctam
2628 3084 3071 3138 communionem
3100 3082 3421 3154 porrigeret,
3444 3081 3605 3136 illum
3636 3096 3765 3152 spa-

496 3170 647 3225 biUm
686 3170 1033 3230 Floriacensc
1083 3192 1113 3230 a
1167 3176 1512 3235 Leodebold'o
1558 3180 1751 3236 abbate
1797 3180 2076 3249 fundatur,
2107 3199 2149 3254 ς,
2185 3177 2359 3231 tarius
2407 3190 2541 3231 suus
2583 3176 2891 3246 perimeret.
2938 3174 3359 3245 Sedtspatarius
3393 3174 3528 3230 hora
3562 3183 3796 3230 sancta).

495 3270 551 3316 et
577 3278 686 3318 non
714 3266 889 3320 multo
916 3275 1037 3336 post
1062 3284 1262 3339 corpus
1308 3271 1485 3326 sancti
1536 3271 1811 3328 Benedicti
1840 3273 2073 3341 abbatis,

497 3353 566 3408 ab
598 3355 819 3427 Agiulfo
843 3360 1113 3416 monacho
1136 3376 1166 3415 a
1194 3371 1377 3418 castro
1402 3361 1634 3419 Cassino
1660 3364 1920 3432 delatum,
1950 3365 2079 3422 illuc

496 3454 922 3517 transportatur.
989 3451 1201 3524 Corpus
1256 3464 1390 3510 vero
1456 3458 1664 3512 sororis
1709 3458 1830 3529 ejus
1876 3468 2079 3515 sanctis

497 3534 850 3597 Scholasticaa
869 3537 1240 3613 CytrOntaiinis
1266 3546 1614 3603 transfertur.

618 3630 743 3687 652.
892 3632 925 3691 9
1093 3637 1145 3692 5.
1297 3638 1328 3690 7
1498 3639 1547 3691 1.
1672 3639 1745 3692 19,
1900 3640 1952 3692 8.

565 3708 778 3795 (Βεω.)
813 3723 1209 3783 Constantinus
1236 3728 1533 3799 imperator
1557 3747 1587 3784 a
1612 3729 1785 3785 Paulo
1807 3730 2079 3786 Constan-

493 3813 854 3885 tinopolitano
878 3817 1160 3887 deceptus,
1192 3821 1446 3888 exposuit
1473 3828 1657 3891 typum
1697 3830 1885 3878 contra
1915 3822 2074 3878 ﬁdem
2118 3856 2119 3859 η

491 3908 845 3973 catholicam,
873 3922 973 3964 nec
997 3925 1166 3964 unam
1195 3926 1296 3965 nec
1320 3911 1458 3968 duas
1487 3913 1796 3970 voluntates
1823 3925 1916 3970 aut
1947 3930 2078 3986 ope—

491 3999 735 4054 rationes
760 3999 814 4053 in
841 3998 1062 4056 Christo
1085 3996 1350 4059 deﬁniens
1375 4018 1496 4059 esse
1520 4006 1886 4075 conﬁtcndas;
1916 4009 2075 4079 quasi

492 4090 629 4144 nihil
667 4091 803 4147 velle
835 4093 919 4146 vel
965 4095 1176 4163 operari
1228 4096 1531 4152 credendus
1572 4097 1643 4152 sit
1688 4096 1960 4154 Christus.
1994 4098 2076 4155 Ob

491 4182 598 4237 hoc
630 4180 900 4255 Martinus
940 4201 1078 4255 papa
1125 4198 1452 4258 congregata
1507 4188 1691 4245 Romae
1733 4190 1836 4245 105
1870 4192 2077 4261 cpisco-

490 4286 688 4342 porum
725 4270 954 4347 synodo.
1006 4278 1485 4335 anathematizavit
1528 4280 1796 4336 hereticos
1846 4280 2071 4347 Cvrum,

493 4366 766 4439 Sergium,
796 4366 1047 4439 Pyrrum,
1080 4369 1306 4424 Paulum
1343 4387 1561 4442 quoque
1597 4372 1866 4442 presentis
1897 4386 2076 4442 persc-

491 4455 729 4513 cutionis
764 4458 1118 4526 incentorem,
1144 4462 1443 4516 ascclcsiam
1469 4473 1653 4533 aperta
1681 4472 1732 4517 et
1759 4463 1969 4517 occulta
2000 4461 2077 4515 in-

492 4545 779 4603 festatioue
845 4559 1150 4605 vexantem.
1208 4550 1509 4623 Sigibertus
1562 4568 1654 4607 rex
1702 4551 2072 4607 Hildebertum
2106 4536 2152 4593 Ῑ)

492 4638 665 4693 tilium
689 4639 987 4697 GrimoalJi
1012 4642 1241 4714 majoris
1266 4643 1461 4700 domus
1490 4645 1712 4716 adoptat
1740 4645 1793 4700 in
1822 4644 1992 4700 ﬁlium
2021 4654 2075 4700 et

494 4732 551 4787 in
577 4747 825 4805 regnum.
1110 4732 1115 4737 ’

540 4823 720 4879 ~655.
872 4825 956 4879 10.
1104 4825 1156 4880 6.
1305 4826 1358 4882 8.
1469 4828 1528 4884 2.
1629 4829 1762 4881 .13.
1913 4828 1965 4882 9.

550 4914 839 4972 'ludochus
876 4919 1019 4990 regis
1045 4916 1349 4973 Brittonum
1389 4918 1560 4986 ﬁlius,
1609 4932 1792 4989 spreto
1823 4935 1991 4990 regno
2019 4928 2074 4974 et
2108 4940 2111 4941 ν

493 5009 717 5075 mundo,
748 5012 1066 5080 peregrinus
1092 5020 1146 5065 et
1180 5012 1450 5079 eremita,‘
1473 5013 1527 5066 in
1561 5025 1698 5082 pago
1724 5010 1953 5067 Pontivo
1982 5027 2071 5066 re-
2102 5042 2105 5045 »

490 5101 699 5171 quievit
744 5101 799 5156 in
843 5103 1064 5158 Christo
1093 5103 1179 5157 ¹⁰⁹.
1220 5102 1306 5174 (G.
1340 5103 1510 5175 pont.)
1548 5103 1942 5158 Constantinus
1970 5105 2103 5159 imi-i

490 5203 710 5264 perator
739 5195 910 5251 misso
931 5196 1165 5252 exarcho
1190 5196 1256 5250 ad
1278 5180 1509 5263 Italiam,
1534 5180 1816 5267 impugnat
1842 5195 1937 5249 Dei
1965 5209 2074 5250 asc-

489 5285 732 5340 clcsTam.
1514 5290 1515 5295 “
1949 5315 1952 5318 ~

610 5376 735 5431 654.
854 5378 939 5431 11.
1006 5377 1015 5432 ξ
1089 5376 1137 5431 7.
1282 5378 1337 5432 9.
1488 5378 1538 5432 5.
1656 5378 1739 5432 1-1.
1855 5377 1941 5433 10.

563 5466 659 5537 (ΙΙ.
686 5469 783 5539 m.)
824 5468 969 5541 Ignis
1007 5470 1073 5525 de
1110 5469 1248 5524 coelo
1279 5468 1492 5535 cecidit,
1536 5477 1589 5523 et
1624 5470 1787 5524 timor
1835 5486 2068 5542 magnus

491 5573 655 5627 super
697 5559 947 5616 homines
975 5560 1138 5616 venit.
1186 5559 1499 5616 Pestilentia
1539 5561 1857 5633 gravissima
1891 5560 2067 5616 tribus

2180 3267 2585 3322 communionis
2602 3282 2797 3338 papam
2813 3268 2963 3323 nullo
2984 3268 3149 3322 modo
3166 3267 3348 3322 videre
3369 3267 3567 3337 potuit.
3592 3265 3791 3322 Exarm

2178 3360 2315 3413 chus
2344 3373 2473 3413 vero
2501 3360 2663 3430 paulo
2692 3368 2817 3430 post
2844 3360 2897 3413 in
2929 3358 3113 3415 Sicilia
3149 3374 3179 3413 a
3215 3358 3504 3416 Saracenis
3531 3360 3796 3430 turpiter

2177 3452 2373 3518 vietus,
2403 3452 2617 3523 turpius
2641 3453 2821 3522 periit.
2860 3450 2957 3522 (11.
2994 3452 3092 3522 m.)
3129 3449 3359 3506 Hotmen
3390 3452 3565 3508 amira
3592 3450 3767 3507 Sara-

2178 3557 2440 3597 cenorum
2474 3550 2772 3612 perempto,
2806 3540 3085 3596 Muharias
3115 3556 3181 3596 ex
3212 3540 3418 3597 amireo
3446 3541 3653 3597 amiras
3680 3541 3790 3597 fa-.

2177 3644 2317 3701 ctus,
2360 3634 2697 3704 principatur
2729 3635 2890 3689 annis
2931 3633 3021 3688 21.
3070 3632 3154 3703 (C.
3196 3650 3240 3687 ν.
3280 3633 3372 3704 F.)
3415 3633 3791 3691 Grimoaldus.

2178 3726 2355 3797 major
2378 3725 2596 3792 domus,
2626 3726 2855 3782 domino
2883 3740 2985 3781 suo
3016 3724 3317 3798 Dagoberta
3354 3724 3607 3797 Sigiberti
3648 3726 3773 3782 ﬁlio

2177 3827 2395 3873 attonsa
2425 3826 2479 3873 ct
2508 3833 2603 3888 per
2630 3816 2892 3873 Didonem
2940 3815 3313 3873 Pictavensem
3360 3816 3679 3888 episcopum
3708 3819 3813 3877 in»

2179 3909 2442 3964 Scottiam
2499 3909 2725 3977 directo,
2772 3906 3154 3965 ilildebertum-
3185 3907 3358 3963 ﬁlium
3412 3925 3574 3964 suum
3631 3908 3789 3970 facit,

2175 4001 2591 4056 Austrasiorum
2621 4014 2798 4071 regem

2299 4094 2424 4149 658.
2540 4094 2624 4148 15.
2756 4093 2825 4146 ⁷1.
2944 4094 3027 4147 i3.
3181 4093 3228 4145 7.
3348 4093 3429 4146 l8.
3547 4092 3630 4145 L5.

2248 4186 2265 4252 (
2275 4182 2381 4254 Ib.)
2419 4182 2613 4237 Franci
2641 4183 2887 4237 dolentes
2913 4195 3077 4251 super
3122 4182 3435 4237 intidtlitatc
3462 4180 3809 4237 Grimoaldia

2176 4282 2367 4330 contra
2391 4275 2559 4331 ﬁlium
2594 4274 2867 4346 Sigibcrti,
2900 4283 3119 4344 captum
3153 4290 3281 4329 eum
3316 4282 3631 4344 presentant
3652 4272 3762 4328 Pa-
3802 4318 3805 4321 .

2176 4369 2343 4424 risius
2365 4367 2572 4437 judicio
2600 4366 2926 4432 Chladorei;
2953 4380 3115 4436 quem
3150 4364 3494 4422 Clilodoveus
3523 4367 3785 4422 vinculum

2178 4471 2293 4516 tum
2323 4478 2510 4517 amara
2552 4462 2605 4515 in
2635 4475 2851 4517 carcere
2880 4459 3008 4515 fecit
3038 4469 3214 4514 morte
3244 4460 3523 4527 consumi;
3555 4461 3761 4515 tilium-

2175 4567 2476 4622 quesuum
2506 4551 2779 4621 iuniorem
2814 4548 3113 4606 Hildricum
3152 4565 3331 4619 regem
3366 4550 3493 4605 fecit
3528 4551 3760 4606 Austra-

2176 4644 2405 4701 siorum.
2442 4642 2535 4714 (ιτ.
2570 4641 2770 4711 Gcrtr.)
2798 4640 2945 4697 Obiit
2973 4640 3075 4696 ltta
3104 4650 3277 4695 mater
3307 4651 3511 4698 saneta
3531 4644 3762 4697 Gcrtru-

2174 4732 2280 4788 dis.
2321 4732 2414 4800 (ν.
2454 4731 2666 4802 Lamb.)
2719 4729 3044 4786 Theodardo
3089 4730 3346 4801 episeopo
3384 4732 3760 4798 martyrizato,

2177 4832 2399 4879 sanctus
2429 4822 2752 4878 Lambertus
2794 4822 2938 4877 [ilius
2964 4821 3094 4893 Apri
3141 4822 3356 4883 comitis
3385 4832 3783 4893 episcopatum.

2180 4916 2580 4987 Trajectensem
2605 4916 2842 4970 illustrat
2860 4916 3030 4986 gloria
3053 4916 3350 4971 nobilitatis
3367 4926 3418 4971 et
3434 4918 3607 4987 gratia
3629 4933 3767 4972 sana

2176 5010 2398 5066 ctitatis.
2431 5006 2706 5062 Atrahatis
2733 5007 2863 5064 dum
2891 5021 3092 5077 corpus
3123 5008 3296 5062 sancti
3331 4996 3549 5062 Vedasti
3580 5016 3765 5065 trans-

2178 5099 2275 5162 fe;
2293 5109 2409 5154 stur
2435 5113 2464 5153 a
2493 5097 2812 5153 Vindiciano
2838 5099 2900 5130 ¹¹¹
2928 5098 3212 5169 episc0p0,-
3229 5098 3765 5169 prcseutibus‘lmma

2179 5191 2334 5246 berto
2365 5189 2669 5259 Tungrensi
2703 5197 2757 5243 et
2784 5188 3097 5243 Audomaro
3141 5187 3493 5245 Tarvranensi
3529 5189 3773 5260 aliisque

2177 5282 2385 5338 sanctis
2418 5281 2686 5352 episcopis
2710 5280 3498 5349 ettabbatihus,Audomarus,
3531 5282 3626 5353 qui
3663 5299 3765 5354 pro

2178 5374 2332 5430 senio
2360 5389 2522 5430 oecus
2554 5382 2692 5439 erat,
2724 5372 2854 5427 dum
2881 5372 3137 5442 precibus
3176 5373 3508 5442 presentium
3548 5374 3766 5444 episco-

2179 5484 2370 5539 porum
2402 5475 2455 5521 ιι
2486 5465 2697 5521 meritis
2740 5464 2915 5520 sancti
2962 5463 3183 5520 Vedasti
3221 5464 3561 5521 illuminatus
3589 5476 3763 5533 esset,

2169 5552 2304 5627 egre
2330 5570 2509 5614 terens
2537 5574 2597 5614 se
2627 5557 2914 5613 liberatum
2944 5571 3067 5613 esse
3108 5574 3139 5612 a
3191 5557 3437 5623 cecitate,
3465 5572 3629 5627 quam
3660 5573 3763 5627 pro

1810 5653 2038 5710 vanus
2068 5651 2471 5709 LEC’l'lONES.
2746 5662 2777 5688 η.
3020 5689 3028 5697 .
3577 5704 3599 5715 α

568 5745 631 5817 ιοεξ
662 5742 767 5796 Vll.
794 5743 889 5797 C5.
972 5744 1036 5777 κοτ’
1067 5744 1188 5799 add.
1228 5746 1243 5800 ι
1278 5769 1326 5817 γ.
1361 5744 1475 5801 rell.
1556 5749 1621 5780 “9
1653 5746 1776 5802 add.
1806 5755 1896 5802 aut
1926 5745 2053 5801 .iits.
2087 5772 2090 5800 ι

2214 5744 2309 5803 ιδ.
2346 5744 2675 5816 νι⁷Ι[.ρι·τειεν
2711 5743 2775 5797 Α.
2859 5744 2920 5775 ¹¹¹
2952 5742 3211 5804 Aulbc'm
3231 5740 3326 5807 ΒΞ..
3362 5741 3543 5798 5.·01.
3576 5743 3626 5796 5.
3668 5741 3761 5811 0.,

493 5813 627 5874 quod
656 5823 849 5867 rectum
