4046 6318
160 358 253 416 128

159 473 316 528 ιίιιιιιε
342 486 444 526 sua
471 470 578 524 sibi
607 486 636 524 a
668 468 779 527 Deo
811 468 1112 525 immissum
1134 484 1265 525 esse
1289 485 1393 540 gau
1416 470 1575 537 lebat,
1608 489 1729 528 rur-
1760 484 1809 545 Α

156 579 240 618 szts
284 561 353 616 ad
409 569 602 615 votum
644 575 806 615 suum
853 568 1144 616 excecatus
1195 570 1280 617 est
1328 561 1393 593 ³¹²
1438 549 1529 634 (cf.
1565 562 1724 617 Bald.

158 654 189 717 Ι,
236 653 339 717 19).
536 680 539 683 λ

180 653 562 804 65$).RL16.
607 744 758 801 $.72.
803 744 861 801 F.
904 747 992 803 14.
1045 744 1107 802 L.
1148 746 1201 802 8.
1243 747 1307 802 Α.
1351 749 1436 804 19.
1478 749 1567 804 W.
1610 751 1695 805 15.

214 839 295 910 (G.
309 839 488 911 pom.)
525 838 760 895 Martino
784 855 920 910 papa
936 856 1033 910 pro
1052 840 1398 897 confessione
1414 836 1556 907 ﬁdei,
1571 844 1728 913 jussu

157 932 487 990 Constantini
513 934 737 988 exiliato
760 933 943 1004 ibique
978 932 1255 1002 defuncto,
1296 933 1573 1005 Eugenius
1602 937 1727 992 72“!

156 1025 397 1080 Romanae
442 1026 708 1081 :ecclesiaz
753 1027 1011 1096 presidet.
1055 1026 1151 1100 (11.
1190 1027 1287 1083 m.\
1335 1027 1730 1087 Constantinus

154 1118 407 1173 Sclariam
433 1117 544 1173 sibi
573 1117 776 1189 subigit
806 1118 892 1172 “’.
1270 1131 1285 1138 '
1508 1154 1509 1157 η

237 1208 359 1264 660.
476 1209 568 1264 17.
716 1211 769 1265 5.
919 1210 1006 1265 15.
1153 1211 1208 1267 9.
1317 1210 1407 1268 20.
1522 1213 1609 1269 16.

213 1301 302 1371 (11.
334 1302 432 1371 m.)
474 1300 769 1357 Mubavias.
785 1300 1185 1358 Saracenorum
1215 1304 1418 1361 amiras
1440 1322 1563 1361 eum
1593 1305 1733 1361 Con-

152 1393 376 1448 stantino
405 1392 744 1462 imperatore
765 1386 947 1449 ﬁrmat
969 1402 1219 1462 pactum,-
1242 1405 1300 1450 ut
1330 1393 1588 1451 Saraceni
1620 1395 1730 1451 Ro-

153 1488 313 1543 manis
335 1485 561 1541 solvant
591 1485 887 1552 tributum,
927 1485 1136 1542 scilicet
1178 1502 1273 1557 per
1318 1487 1567 1558 singulos
1612 1490 1730 1545 dies

153 1578 465 1634 nomismata
514 1578 667 1634 mille
695 1588 749 1633 et
783 1595 1004 1635 servum
1039 1590 1093 1636 et
1130 1596 1356 1652 equum.
1386 1581 1731 1640 Chlodovcus

155 1687 235 1727 rex
248 1684 445 1740 corpus
472 1670 653 1726 sancti
682 1670 925 1744 Dionysii
953 1671 1281 1730 Parisiensis
1297 1675 1735 1746 discoopericns,

152 1762 316 1819 minus
349 1763 629 1835 religiose,
658 1764 783 1820 licet
817 1764 1033 1835 cupide,
1061 1780 1126 1821 os
1160 1766 1371 1845 brachii
1415 1765 1534 1836 ejus
1569 1767 1729 1840 fregit

152 1864 199 1911 et
220 1856 427 1927 rapuit;
458 1832 713 1927 moxque
746 1857 802 1912 in
834 1832 1128 1913 amentiam
1167 1832 1483 1929 perpetuam
1520 1832 1726 1916 incidit.
1768 1832 1808 1887 Β

153 1947 223 2016 (Ρ.
250 1946 588 2019 D.)Aripert
616 1947 1099 2019 Langobardorum
1140 1964 1265 2023 rege
1307 1949 1583 2018 defuncto,
1617 1951 1728 2007 Go-

153 2040 383 2096 debertus
439 2049 497 2096 et
556 2039 826 2097 Bettarith
887 2041 982 2095 lilii
1017 2041 1139 2111 ejus
1184 2058 1387 2097 annum
1426 2051 1594 2115 agunt
1621 2058 1733 2098 non

154 2141 248 2186 tam
280 2131 330 2186 in
352 2145 526 2203 regno
560 2131 960 2202 componendo,
995 2148 1162 2202 quam
1202 2132 1269 2188 de
1302 2148 1473 2205 regno
1506 2141 1731 2189 conten-

154 2222 329 2277 dendo.

259 2313 377 2368 661.
494 2314 621 2370 18.,
738 2315 792 2369 1.
906 2315 992 2369 16.
1141 2316 1165 2370 1
1307 2316 1396 2370 21.
1513 2315 1598 2370 17.

213 2403 290 2475 (G.
317 2405 491 2475 pom.)
517 2404 830 2461 Vitalianus
855 2406 982 2461 75η*
1003 2406 1257 2462 Romana:
1279 2407 1539 2463 arcelgsiae
1564 2405 1733 2477 presi-

156 2496 247 2552 det.
262 2496 342 2565 (Α.
357 2495 554 2568 Lcod.)
570 2494 718 2552 Obiit
736 2506 959 2553 sanctus
972 2497 1252 2553 Amandus
1265 2496 1609 2553 Elnonensis.
1631 2496 1727 2568 (Η.

158 2587 635 2655 m.)Constantinus
651 2587 1314 2658 imperator'l’heodosium
1333 2587 1553 2645 fratrem
1569 2606 1729 2645 suum

159 2680 350 2736 occidit.
375 2680 457 2749 (P.
492 2680 978 2752 D.)Grimoaldus,
1009 2681 1121 2737 dux
1148 2681 1527 2749 Taurinatum,
1556 2682 1731 2738 Code-

160 2773 366 2838 bertum,
399 2772 579 2827 ﬁlium
622 2772 841 2843 Aripert
873 2775 1017 2845 regis
1064 2773 1571 2844 Langobardorum,
1606 2775 1732 2832 dolo

163 2863 369 2932 perimit,
400 2872 454 2919 et
477 2864 607 2935 ejus
638 2881 866 2936 regnum
916 2864 1132 2935 arripit,
1185 2880 1539 2936 sororemque
1562 2854 1741 2922 (ζωιαέ

161 2953 275 3010 lzetti
298 2971 523 3011 uxorem
537 2955 711 3021 ducit,
742 2957 1097 3029 regnavitque
1113 2957 1275 3013 annis
1296 2958 1348 3013 9.
1382 2956 1493 3031 [(Α.
1524 2957 1730 3023 Laub.;

164 3046 328 3117 FLoo.)
362 3048 605 3106 Sanctus
635 3049 906 3107 Nivardus
933 3050 1222 3107 Remensis
1265 3053 1731 3124 archiepisc0pus,

164 3148 207 3195 et
235 3139 422 3197 Reolus
448 3158 747 3199 successor
775 3144 914 3213 ejus,
956 3127 1285 3200 Bcrcharius
1322 3161 1542 3216 quoque
1578 3163 1728 3202 mar-

167 3238 251 3300 tyr,
289 3232 376 3303 qui
408 3232 511 3291 fuit
541 3234 715 3290 abbas
747 3235 956 3305 primus
986 3220 1503 3302 Autuillarcnsium,
1541 3247 1728 3292 sancta

165 3321 302 3376 etiam
328 3323 484 3379 Berta
511 3333 727 3396 martyr
772 3334 828 3381 et
874 3325 1174 3393 abbatissa,
1205 3326 1493 3382 sanctitate
1522 3326 1730 3381 clarcnt

168 3414 211 3469 in
238 3414 451 3473 Francia
480 3416 604 3490 "’.]

264 3508 378 3564 662.
493 3509 590 3564 19.
739 3510 793 3565 5.
909 3509 996 3564 17.
1148 3509 1197 3564 1.
1307 3508 1397 3564 22.
1514 3508 1599 3564 18.

225 3597 304 3667 (Ρ.
329 3598 414 3670 1).)
449 3598 861 3656 Constantinus
884 3600 1179 3671 imperator
1195 3599 1404 3656 Italiam
1420 3600 1573 3671 petit,
1590 3600 1731 3655 mul-

171 3698 334 3760 taque
383 3692 874 3766 Langobardorum
931 3694 1097 3751 urbes
1148 3694 1313 3765 capit,
1361 3678 1731 3751 Benerentum

170 3781 370 3849 obsidet,
399 3783 591 3857 ibique
628 3784 978 3842 Grimoaldus
1003 3802 1099 3843 rex
1123 3770 1425 3843 exercitum
1455 3786 1574 3858 ejus
1602 3802 1730 3858 gra-

170 3873 285 3928 viter
309 3877 502 3933 atterit.
546 3875 636 3947 (ϐ.
669 3895 715 3933 r.
754 3877 844 3948 F.)
878 3878 1223 3936 Clilodoveus
1261 3895 1355 3935 rex
1391 3878 1730 3936 Francorum

171 3965 299 4034 obiit,
336 3977 387 4024 et
429 3958 733 4027 Lothaiius
782 3971 931 4027 ﬁlius
970 3970 1091 4042 ejus
1143 3971 1387 4028 succedit
1420 3979 1473 4026 et
1508 3970 1541 4026 4
1571 3970 1732 4027 annis

170 4069 352 4129 regnat.
381 4059 565 4133 Hujus
592 4063 771 4134 major
793 4063 993 4119 domus
1014 4071 1139 4134 post
1167 4062 1603 4119 Ercbauoaldum
1630 4062 1732 4118 fuit

174 4144 432 4209 Ebroinus.
461 4151 564 4226 (V.
602 4152 813 4226 Balth.)
840 4153 1129 4211 Baltbildis
1170 4154 1379 4227 regina,
1424 4162 1597 4210 mater
1626 4152 1733 4208 Lo-

175 4238 330 4308 tharii,
348 4242 640 4302 Corheiam
661 4254 716 4301 et
737 4245 961 4302 Cbalam
991 4247 1327 4303 monasteria
1346 4246 1457 4304 Deo
1480 4254 1727 4303 constru-

173 4331 254 4386 ιὶῑ.
284 4333 358 4405 (P.
382 4335 467 4409 D.)
501 4336 722 4393 Abhinc
749 4336 1088 4394 Francorum
1124 4339 1342 4411 regibus
1376 4354 1407 4393 a
1434 4337 1592 4394 solita
1622 4336 1730 4394 for-

176 4422 374 4483 titudine
405 4437 458 4484 et
493 4428 729 4485 scientia
759 4430 1236 4501 degenerantihus,
1283 4434 1437 4503 regni
1487 4435 1732 4505 potentia

174 4512 528 4585 disponebatur
570 4534 669 4589 per
708 4521 945 4590 majores
978 4520 1197 4588 domus,
1239 4522 1459 4591 regibus
1488 4526 1607 4580 solo
1638 4529 1817 4591 no-_D

176 4605 297 4662 mine
318 4611 698 4681 regnantibus:
729 4612 930 4681 quibus
956 4613 1125 4670 moris
1146 4623 1263 4670 erat
1284 4615 1581 4686 principari
1604 4619 1730 4688 qui-

177 4695 278 4752 dem
320 4704 620 4758 secundum
649 4717 845 4774 genus,
893 4710 948 4758 et
994 4703 1072 4759 nil
1115 4719 1276 4775 agere
1304 4706 1387 4761 vel
1417 4706 1729 4778 disponere,

177 4802 314 4856 quam
342 4791 791 4847 irrationabiliter
814 4792 978 4848 edere
1011 4802 1066 4850 et
1094 4793 1299 4860 bibere,
1327 4796 1586 4868 domique
1613 4813 1733 4853 mo-

179 4878 287 4944 rari,
312 4890 363 4936 et
388 4882 650 4940 Kalendis
694 4882 821 4937 Maii
867 4884 1148 4954 presidere
1186 4902 1372 4943 coram
1408 4896 1521 4946 tota
1551 4899 1732 4962 gente,

179 4976 221 5021 et
244 4972 464 5030 salutare
484 4982 542 5030 et
563 4974 816 5041 salutari,
845 4962 1110 5046 obsequia
1141 4985 1196 5032 et
1227 4978 1370 5034 dona
1395 4981 1645 5053 accipere
1679 4990 1737 5038 et

179 5064 459 5131 rependere,
504 5074 560 5122 et
590 5065 671 5122 sic
696 5080 883 5121 secum
915 5082 1089 5137 usque
1116 5067 1184 5122 ad
1211 5067 1378 5124 alium
1408 5069 1611 5127 Maium
1638 5072 1734 5127 ha-

181 5149 341 5209 hilare.

1593 357 1981 416 UliRONlCA..

3310 366 3434 425 {25'

1960 475 2082 539 665.
2194 473 2282 529 20.
2430 474 2483 529 6.
2635 476 2708 531 1..
2830 478 2911 535 2..
2996 479 3086 535 25.
3200 482 3287 538 19.

1906 570 2039 646 (11).)
2077 548 2473 630 constantinus
2521 576 2817 655 imperator
2865 576 3095 657 Romam
3127 581 3298 649 venit;
3346 585 3412 639 de

1832 679 1941 733 qua
1986 664 2244 719 omnibus
2278 664 2449 734 paéne,
2495 681 2617 736 quae
2644 666 2711 722 ad
2738 677 2993 724 ornatum
3040 669 3190 727 urbis
3231 682 3411 740 erant,

1832 756 2027 813 ablatis
2052 756 2119 812 ad
2152 755 2394 812 Siciliam
2428 757 2598 814 vadit.

1954 872 2079 928 664.
2191 874 2281 928 21.
2430 873 2483 929 7.
2628 874 2682 930 2.
2830 875 2883 931 5.
2994 877 3084 933 21.
3197 878 3287 935 20.
3392 924 3399 929 ,

1900 963 2294 1023 Constantinus
2340 966 2634 1037 imperator
2676 966 2965 1038 imperium
2998 968 3051 1023 in
3089 969 3279 1024 urbem
3309 969 3415 1024 lio-

1831 1071 1977 1112 mam
2009 1056 2304 1114 transferre
2325 1058 2537 1131 nititur,
2563 1060 2657 1115 sed
2675 1075 2705 1115 a
2721 1059 3346 1130 Constantinopolitanis
3364 1062 3415 1117 ei

1831 1149 2123 1206 resistitur.
2174 1149 2362 1217 (Bson,
2418 1150 2492 1207 Η.
2528 1150 2602 1218 e.)
2632 1150 2693 1206 In
2726 1151 2919 1222 Anglia
2956 1152 3100 1206 inter
3132 1152 3336 1224 Anglos
3363 1163 3419 1208 et

1834 1238 2050 1296 Scottos
2076 1256 2273 1311 magna
2296 1243 2365 1296 de
2405 1241 2786 1297 observatione
2814 1241 3035 1311 paschae
3059 1241 3120 1297 ﬁt
3145 1242 3423 1313 discepta-

1831 1331 1929 1399 tio,
1960 1332 2232 1388 mediante
2257 1332 2407 1388 Oswi
2436 1349 2560 1405 rege
2597 1334 2859 1404 glorioso,
2899 1333 2996 1404 qui
3036 1335 3198 1389 etiam
3230 1349 3435 1391 assen-

1832 1438 1927 1477 sus
1960 1433 2044 1478 est
2068 1424 2259 1500 Anglis
2284 1428 2487 1496 pascha
2522 1428 2923 1484 celebrantibus
2959 1416 3414 1486 moreRomano.

1833 1512 2051 1584 (Fnsn.)
2082 1513 2853 1589 SisenandO‘Wisigothormn
2892 1532 3019 1589 rege
3052 1528 3294 1584 mortuo,
3327 1534 3418 1573 re-

1831 1614 1962 1678 gnat
2007 1606 2286 1663 Chintilan
2329 1609 2490 1664 annis
2534 1608 2621 1664 16.
2648 1608 2744 1680 (ιε.
2789 1608 2992 1682 Gertr.)
3033 1606 3184 1665 Obiit
3230 1617 3422 1665 sancta

1831 1698 2134 1757 Gerdrudis
2155 1698 2483 1767 Nivialensis
2511 1688 2682 1772 (170).
3168 1686 3177 1693 ’

1945 1811 2072 1869 665.
2180 1813 2270 1868 22.
2418 1814 2473 1870 8.
2618 1814 2670 1869 5.
2819 1813 2874 1869 ι1.
2982 1813 3074 1871 25.
3225 1815 3275 1868 1.

1907 1904 1993 1974 (Α.
2017 1903 2205 1976 Leod.)
2245 1903 2390 1962 Obiit
2413 1915 2637 1975 sanctus
2664 1905 2871 1976 Eligius
2898 1904 3279 1962 Noviomensis
3300 1903 3420 1975 epi-
3458 1908 3466 1917 '

1834 2010 2053 2065 scopas.
2099 1996 2287 2068 (Beas,
2339 1994 2412 2051 Η.
2460 1996 2532 2065 e.)
2592 1996 2927 2055 Earconbert
2973 2012 3069 2052 rex
3120 1995 3439 2067 Anglorum-

1832 2086 1988 2153 ohiit,
2039 2095 2093 2142 et
2138 2087 2282 2143 illius
2312 2088 2433 2159 ejus
2471 2085 2669 2160 Egbert
2704 2096 2896 2159 regnat
2917 2095 3041 2159 post
3087 2103 3213 2143 eum
3258 2087 3422 2143 annis

1833 2177 1865 2232 9
1914 2178 2001 2233 ιιι.

1955 2269 2081 2325 666.
2192 2271 2283 2324 25.
2432 2271 2485 2325 9.
2634 2271 2686 2324 4.
2836 2271 2888 2325 5.
3039 2271 3090 2325 1.
3238 2269 3297 2324 2.

1906 2360 1993 2431 (6.
2048 2379 2092 2416 r.
2150 2360 2243 2433 F.)
2280 2361 2574 2416 Lotharius
2630 2377 2725 2416 rex
2783 2361 3121 2417 Francorum
3167 2359 3419 2415 moritur.

1833 2451 2203 2508 Theodericus
2228 2452 2395 2508 frater
2439 2453 2559 2523 ejus
2603 2452 2671 2507 ab
2707 2451 2949 2509 Ehroino
2976 2452 3185 2523 majore
3227 2451 3424 2508 domus

1831 2544 1887 2599 in
1915 2560 2142 2615 regnum
2166 2545 2514 2601 sublimatur.
2588 2574 2593 2581 ε

1954 2656 2079 2712 667.
2191 2657 2281 2712 21.
2398 2656 2485 2711 10.
2638 2658 2690 2711 1.
2836 2657 2893 2712 6.
3039 2657 3093 2711 2.
3193 2656 3295 2711 .5.

1904 2746 2039 2819 (Ιὸ.)
2082 2745 2452 2802 Theodericus
2481 2762 2574 2801 rex
2604 2754 2824 2817 propter
2852 2745 3172 2801 insolentias
3197 2743 3424 2800 Ebroini

1831 2855 1863 2895 a
1892 2839 2120 2895 Francis
2145 2838 2486 2910 repudiatur,
2539 2846 2595 2894 et
2641 2837 2811 2893 frater
2838 2838 2957 2908 ejus
2988 2835 3284 2904 Hildricus,
3327 2837 3424 2907 qui

1832 2930 1888 2986 in
1912 2931 2133 2987 Austria
2161 2929 2445 3001 regnabat,
2474 2946 2504 2985 a
2534 2930 2748 2986 cunctis
2770 2929 2838 2985 ad
2866 2929 3201 3000 regnandum
3231 2943 3421 2984 evoca-
3464 2985 3469 2989 ,

1831 3032 1940 3078 tur.
1972 3022 2145 3079 Porro
2169 3021 2543 3090 Theodericus
2567 3029 2622 3078 et
2649 3020 2925 3077 Ebroinus
2964 3026 3340 3087 tonsorantur,
3366 3027 3423 3074 et

1836 3113 2207 3170 Theodericus
2261 3112 2506 3170 Parisius
2550 3114 2605 3169 in
2642 3112 2894 3169 cmnobio
2938 3113 3113 3169 sancti
3156 3110 3420 3185 Dionysii,

1757 3187 1801 3248 (ἶ
1833 3205 2106 3261 Ebroinus
2132 3207 2185 3259 in
2218 3204 2464 3261 Luxovio
2493 3206 2824 3277 relegantur.
2862 3204 3086 3260 Hildrici
3122 3202 3298 3275 major
3323 3203 3423 3257 do-

1831 3315 1955 3353 mus
1998 3307 2116 3353 erat
2160 3297 2503 3354 Vull‘oaldus.
2545 3297 2645 3354 ilic
2694 3297 2747 3352 in
2792 3296 3053 3368 parochia
3085 3293 3421 3351 Virdunensi

1831 3405 1996 3460 supra
2026 3388 2232 3444 Mosam
2263 3391 2575 3446 ccenohium
2603 3390 2781 3446 sancti
2808 3388 3088 3445 Michaelis
3112 3385 3439 3457 archangeli

1830 3481 2079 3537 fundavit
3110 3508 3119 3516 δ

1953 3574 2080 3631 668.
2190 3574 2282 3631 25.
2394 3575 2482 3631 11.
2631 3575 2682 3628 1.
2833 3574 2884 3627 7.
3031 3574 3084 3627 5.
3233 3573 3269 3627 4

1903 3667 2117 3739 (Brom)
2157 3665 2481 3723 Theodorus
2544 3666 2993 3737 archiepiscopus
3044 3673 3099 3719 et
3147 3664 3430 3719 Adrianus

1831 3758 2001 3815 abbas
2024 3775 2056 3814 a
2084 3757 2357 3814 Vitaliano
2385 3774 2523 3829 papa
2546 3758 2602 3814 in
2634 3757 2879 3830 Angliam
2905 3756 3237 3827 diriguntur.

1959 3851 2081 3907 669.
2193 3848 2325 3906 26/
2398 3852 2483 3906 12.
2630 3850 2687 3905 2.
2833 3850 2887 3904 8.
3043 3848 3091 3904 1.
3235 3846 3288 3901 5.

1906 3941 2003 4014 (ΙΙ.
2031 3943 2129 4014 in.)
2166 3942 2562 3998 Constantinus
2587 3943 2899 4013 imperator,
2927 3940 3022 4011 qui
3049 3947 3103 3993 et
3121 3938 3420 4002 Constans,

1832 4036 2092 4092 omnibus
2113 4035 2232 4092 suis
2268 4050 2492 4103 exosus,
2526 4033 2813 4107 Syracusis
2834 4050 2866 4088 a
2897 4032 3014 4089 suis
3040 4032 3092 4086 in
3125 4031 3321 4086 balneo
3343 4039 3429 4085 est

1834 4129 2071 4185 occisus.
2110 4127 2306 4184 Mizius
2327 4110 2549 4200 quidam
2585 4127 2638 4181 in
2661 4127 2848 4181 Sicilia
2880 4125 3222 4199 tyrannidem
3259 4122 3428 4178 medi-

1834 4227 2002 4287 tatus,
2041 4235 2169 4276 mox
2200 4221 2557 4293 extinguitur.
2590 4218 2906 4275 Constantis
2937 4219 3079 4273 lilius
3111 4216 3431 4273 Constanti-

1834 4327 1941 4368 nus
1966 4320 2091 4383 post
2117 4320 2328 4383 patrem
2361 4313 2593 4383 imperat
2619 4310 2778 4366 annis
2809 4309 2890 4363 l7.

1961 4423 2086 4482 670.
2236 4427 2288 4481 ι.
2401 4426 2487 4480 13.
2635 4425 2688 4479 5.
2837 4424 2890 4478 9.
3043 4445 3094 4477 υ.
3245 4420 3329 4497 6.7

1915 4517 2001 4584 (6.
2026 4518 2199 4591 poni.)
2239 4517 2552 4575 Adeodatus
2576 4516 2701 4572 7!.“
2735 4514 2995 4570 Romana:
3024 4511 3283 4568 :ecclcsia:
3306 4526 3428 4581 pre-

1838 4610 1996 4667 sidet.
2030 4610 2220 4681 (Bson,
2252 4609 2325 4665 Η.
2354 4609 2425 4680 c.)
2450 4607 2596 4663 Oswi
2622 4606 3159 4678 Nordauymbrorum
3187 4617 3311 4673 rege
3336 4601 3428 4656 de-

1839 4702 2047 4769 functo,
2072 4702 2331 4775 ngridus
2357 4702 2500 4757 [ilius
2531 4702 2651 4771 ejus
2689 4707 2879 4771 regnat
2907 4697 3067 4752 annis
3100 4695 3184 4750 15.
3224 4693 3307 4763 (Ρ.
3339 4691 3428 4761 1).)

1839 4797 2187 4852 Grinioaldus
2213 4811 2308 4851 rex
2338 4792 2845 4867 Langobardorum,
2873 4805 2998 4846 cum
3025 4803 3169 4843 nono
3191 4785 3276 4842 die
3306 4793 3427 4858 Post

1839 4889 2154 4946 lleotomum
2191 4899 2414 4960 accepto
2454 4903 2584 4943 arcu
2630 4884 2939 4940 columbam
2967 4889 3248 4953 percutere
3274 4879 3427 4934 nisus

1836 4993 2000 5051 esset,
2027 4999 2165 5038 vena
2193 4982 2401 5038 brachii
2424 4981 2543 5052 ejus
2571 4979 2818 5048 disrupta
2841 4984 2946 5041 est,
2970 4982 3025 5030 et
3053 4988 3421 5044 superponen-

1835 5074 1983 5129 tibus
2022 5074 2072 5129 ei
2119 5074 2347 5131 medicis
2392 5080 2655 5128 venenata
2707 5065 3089 5134 medicamina,
3137 5063 3423 5120 defunctus

1834 5176 1934 5223 est.
1964 5167 2032 5221 At
2051 5166 2322 5222 Pertarith
2350 5165 2493 5221 lilius
2522 5160 2772 5233 Aripcrth
2803 5158 2966 5230 regis,
2989 5156 3252 5213 divinitus
3278 5170 3308 5209 a
3333 5168 3397 5222 pe

1439 5273 1522 5329 VA
1534 5274 1670 5329 111Ᾰί
1708 5275 2111 5335 LECTIONES.

249 5371 301 5403 ¹¹²
319 5377 459 5458 prius
480 5378 719 5462 praeiere
742 5380 817 5433 ita
842 5381 895 5433 in
921 5385 1419 5462 rasyfqumgliaril
1448 5388 1555 5462 ipse
1589 5387 1699 5462 Sig.
1727 5406 1839 5443 cur.
1860 5407 1961 5446 sec.
1988 5408 2103 5462 una;
2124 5409 2243 5447 cum
2265 5409 2403 5447 anno
2434 5389 2688 5462 sequenti.
2770 5386 2835 5418 “'
2861 5394 3025 5462 totum
3042 5397 3234 5462 agnum

1224 5402 1419 5507 'Kltat‘tl
1448 5404 1555 5455 ipse
1589 5402 1699 5457 mg.
1727 5406 1839 5443 cur.
1860 5407 1961 5446 sec.
1988 5408 2103 5446 una
2124 5409 2243 5447 cum
2265 5409 2403 5447 anno
2434 5402 2688 5462 sequenti.
2770 5402 2835 5418 υ·
2861 5402 3025 5438 torum
3048 5402 3241 5461 annum
3266 5402 3321 5431 ιιι
3351 5402 3410 5428 m

1238 5525 1248 5531 _
1276 5496 1288 5510 .
1308 5473 1369 5531 ‘e.
1402 5474 1451 5527 p.
1489 5457 1571 5531 (ρ.
1604 5457 1661 5512 S.
1689 5476 1733 5531 s.
1765 5478 1809 5515 s.
1847 5462 2058 5531 desunt)
2082 5458 2236 5517 habet
2258 5462 2322 5518 A.
2404 5463 2471 5495 m
2500 5463 2577 5515 ita
2623 5461 2677 5514 in
2708 5472 2897 5531 rasura
2923 5453 3175 5531 dimidiatu-
3195 5448 3348 5530 (mea;
3379 5457 3428 5500 ct

186 5455 289 5518 tum
312 5448 513 5515 scripsit
542 5446 654 5518 Sig.
696 5466 809 5504 cur.
837 5468 976 5514 sec.;
1010 5450 1195 5508 LXXI.

2770 5386 2835 5418 ¹¹³
2861 5394 3025 5438 totum
3048 5397 3241 5436 annum
3266 5380 3321 5431 in
3351 5394 3413 5428 m

187 5517 483 5605 ξτηίῇιῇνθίιξς,
501 5517 745 5605 1,7341.
770 5530 962 5605 ιλζωιέν
984 5521 1195 5605 ἐξ,ηηὶ
1227 5517 1417 5582 habet}
1445 5517 1501 5583 et
1530 5526 1800 5586 Pertarith
1825 5517 2053 5590 fratrem
2079 5533 2197 5605 ejus
2220 5517 2551 5605 peregrinari
2584 5528 2776 5599 cei-git.
2812 5525 2899 5581 1m
2933 5525 3094 5595 igitur
3117 5518 3229 5594 Sig.
3257 5519 3422 5591 ptime

187 5538 483 5635 alflrgllﬁs
501 5538 521 5570 1
538 5540 601 5609 Y7.
630 5538 745 5573 νεα.
770 5538 962 5589 printer
987 5538 1045 5575 ἢ.

289 5592 343 5640 it.
510 5588 644 5644 \lll.
672 5589 736 5644 Α.
771 5589 868 5646 Cl.
900 5588 951 5646 5.
984 5590 1045 5646 1).

1668 5705 1874 5765 NOTAE
1892 5751 1897 5758 .

208 5766 223 5775 ι
247 5789 379 5864 (170)
416 5794 543 5854 Eam
572 5816 623 5854 a.
653 5784 757 5857 609
781 5784 987 5857 abiisse
1014 5800 1205 5870 prerat
1232 5797 1447 5863 Hirsch.
1478 5814 1530 5870 ι».
1564 5799 1631 5855 61
