4058 6414
560 342 667 444 127

559 600 856 669 reloc'atus,
882 599 1129 672 regnavit
1156 601 1318 657 annis
1343 601 1408 656 18
1430 601 1517 658 ¹⁸⁶.
1548 601 1662 658 Hoc
1683 611 1928 674 tempore
1949 597 2147 660 claruit

560 699 787 749 sanctus
810 690 1090 764 Prejectus
1111 693 1471 751 Arvernensis
1488 696 1625 752 civis
1645 704 1698 751 et
1721 696 2032 767 episcopus,
2051 696 2146 767 qui
2166 689 2172 695 ’

558 786 726 841 etiam
755 786 1123 843 martirizatus
1148 797 1232 843 est
1257 788 1328 843 ab
1350 788 1525 859 ipsius
1547 789 1700 847 urbis
1722 790 2058 861 primoribus
2088 792 2147 847 in

560 877 824 933 ultionem
843 875 1087 935 Hectoris
1108 877 1530 937 Massiliensium
1554 879 1790 952 patricii,
1815 883 1886 937 ab
1906 881 2147 939 Hildrico

561 968 1057 1042 Francorumzre'ge
1081 970 1346 1043 perempti
1374 980 1593 1043 propter
1619 970 1927 1043 injustitias'
1944 970 2147 1031 Arver-

562 1061 719 1117 nensi
766 1060 1029 1117 :ecclesiaa
1056 1062 1125 1117 ab
1164 1077 1231 1118 eo
1281 1063 1479 1119 illatas.
1513 1063 1726 1137 (Βλιυ.)
1767 1063 1827 1121 In
1870 1066 2148 1124 territorio

560 1148 948 1209 Cameracensi
973 1152 1134 1225 virgo
1159 1153 1251 1209 Dei
1274 1154 1605 1213 Maxelendis
1634 1175 1734 1229 pro
1759 1167 1893 1215 voto
1920 1160 2148 1232 virgini-

562 1241 694 1299 tatis
715 1240 1056 1300 Hardninum
1070 1254 1371 1302 amatorem
1393 1263 1554 1303 suum
1573 1247 1805 1320 fugiens,
1827 1251 1898 1306 ab
1917 1266 1984 1306 eo
2008 1268 2149 1307 mar-

562 1333 836 1390 tirizatur.
864 1334 972 1404 Qui
996 1352 1126 1393 mox
1161 1345 1472 1407 excecatus,
1508 1349 1637 1411 post
1662 1342 1960 1398 triennium
1988 1343 2058 1398 ab
2082 1357 2148 1398 ea

563 1426 922 1485 illuminatur.
1708 1479 1715 1498 τ
1848 1476 1857 1487 .
1904 1466 1907 1467 ν

597 1519 722 1576 671.
788 1519 855 1576 R.
897 1521 954 1577 2.
1021 1520 1079 1577 S.
1126 1522 1214 1578 14.
1274 1523 1335 1579 F.
1375 1524 1429 1580 4.
1482 1524 1546 1580 L.
1589 1524 1641 1580 1.
1708 1524 1773 1582 A.
1815 1526 1869 1583 6.
1924 1525 2014 1582 W.
2057 1527 2107 1582 7.

636 1609 735 1682 (Η.
760 1611 881 1682 ιιι.)
904 1611 1300 1672 Cim'stantinus
1334 1614 1634 1687 imperator
1659 1617 1858 1675 fratres
1887 1634 2019 1674 suos
2043 1620 2147 1674 ha-

560 1703 699 1760 bens
732 1713 1039 1779 suspectos,
1084 1722 1152 1762 ne
1184 1719 1601 1781 conregnarent,
1633 1725 1801 1768 nasos
1819 1694 2012 1767 eorum
2051 1712 2148 1767 ab-

561 1794 744 1850 scidit.
771 1795 961 1867 (Bena,
999 1796 1074 1852 Η.
1100 1798 1174 1871 e.)
1200 1797 1316 1855 Hoc
1338 1809 1583 1872 tempore
1600 1804 1821 1873 quidam
1851 1804 1905 1858 in
1931 1803 2146 1868 Britan-

539 1884 653 1939 -nia
674 1901 705 1940 a
735 1896 912 1961 morte
929 1902 1239 1960 resurgens,
1265 1891 1457 1959 multa,
1472 1908 1595 1963 quae
1614 1892 1749 1949 vidit
1770 1895 1836 1950 de
1850 1894 1999 1951 locis
2014 1910 2148 1967 pue-

560 1990 755 2031 narum
790 1987 843 2032 et
862 1979 1163 2051 purgatorii
1186 1981 1329 2052 ignis
1356 1983 1499 2053 loco,
1521 1987 1816 2041 enarravit.

683 2064 810 2121 (ηε.
959 2068 1012 2139 3.
1066 2134 1069 2135 ν
1126 2069 1215 2144 15.
1361 2073 1415 2129 5.
1561 2075 1617 2131 2.
1767 2076 1818 2132 7.
1963 2076 2018 2133 8.

633 2162 848 2234 (Βεω.)
885 2136 1147 2222 Saraceni
1197 2164 1407 2222 Italiam
1452 2168 1738 2237 invadunt,
1796 2178 1851 2226 et
1894 2171 2167 2227 omnibus.

563 2252 794 2325 direptis
820 2254 1206 2311 Alexandriam
1242 2257 1488 2313 redeunt.
1527 2258 1620 2331 (V.
1659 2258 1716 2314 8.
1745 2259 1893 2331 'Am.)
1920 2262 2151 2323 Amatus

560 2342 852 2415 episcopus
881 2345 1217 2405 Senonensis
1242 2362 1275 2401 a
1297 2362 1422 2418 rege
1445 2347 1781 2407 Theoderico
1806 2351 1957 2423 gravi
1990 2362 2045 2408 et
2066 2352 2148 2408 in-

556 2434 853 2491 revocabili
876 2434 1042 2506 exilio
1075 2435 1169 2491 diu
1204 2437 1495 2509 trihulatur
1534 2440 1621 2495 υτ.

688 2529 814 2586 675.
961 2532 1017 2588 4.
1129 2534 1217 2590 16.
1364 2533 1419 2588 6.
1565 2534 1620 2590 5.
1766 2535 1883 2590 8.~
1966 2535 2019 2591 9.
2139 2594 2147 2599 .

631 2620 821 2692 (Beas,
865 2622 938 2679 Η.
972 2626 1046 2695 e.)
1084 2624 1331 2698 Egberth-
1364 2643 1460 2683 rex
1502 2609 1802 2699 Anglorum
1850 2628 2018 2698 obiit;
2062 2633 2151 2688 cui

562 2704 798 2770 Lothere
811 2712 977 2769 frater
987 2706 1419 2786 ejus'succcdens
1437 2727 1629 2789 regnat
1647 2721 1808 2776 annis
1822 2721 1907 2777 12.
1928 2707 1952 2794 ’(
1960 2720 2031 2776 Η.
2052 2721 2149 2793 m.)

562 2801 728 2876 Ilyris
773 2807 1029 2877 apparuit
1069 2808 1126 2863 in
1168 2809 1308 2865 caelo
1355 2824 1545 2866 mense
1594 2801 1818 2880 Marcio,
1850 2823 1904 2869 et
1931 2814 2167 2875 tremuit.

440 2910 443 2913 λ
560 2896 920 2966 omniscaro,
951 2900 1110 2984 itaut
1129 2916 1322 2959 omnes
1344 2902 1610 2974 dicerent,
1633 2905 1781 2977 quod
1800 2886 2152 2967 consumma-

563 2985 642 3044 tio
664 2997 811 3045 esset
835 2989 923 3044 ¹¹⁸.

688 3042 816 3136 sit.
910 3042 1018 3138 75.
1134 3082 1221 3139 17.
1368 3050 1421 3140 7.
1568 3086 1622 3142 1.
1777 3087 1824 3142 1.
1936 3042 2163 3143 10p:

1730 393 2094 451 SIGEBEIITI
2135 392 2660 449 GEMBLACENSIS

560 504 931 578 regrinatione
963 516 1251 575 revocatus
1285 516 1340 564 et
1357 481 1396 563 Aa
1428 507 1804 581 Langobardis
1834 512 1888 566 in
1916 480 2144 583 regnum
2174 510 2222 571 Α

3332 426 3337 429 ‹
3540 432 3545 437 .
3734 387 3838 445 128

2375 508 2498 564 677.
2646 507 2700 566 8.
2811 506 2899 563 20.
3018 508 3101 565 10.
3200 502 3302 567 '7.
3450 510 3503 563 4.
3618 507 3703 562 15.

2321 598 2407 669 (C.
2441 585 2614 670 poni.)
2655 598 2843 656 Donus
2888 597 3023 653 τω
3059 597 3318 654 Romana:
3351 586 3611 653 aecclesiae
3662 597 3839 670 presi-

2247 692 2339 747 det
2369 694 2483 765 "°.(
2515 691 2586 748 Η.
2616 690 2714 763 nt.)
2742 690 3036 763 Saracenis
3058 699 3114 747 et
3142 690 3415 755 Arabibus
3465 701 3595 763 cum
3634 689 3839 759 Roma-

2248 805 2444 844 norum
2468 788 2709 852 exercitu
2733 787 3064 859 congressis,
3083 785 3237 841 occid
3247 794 3412 840 untur
3434 783 3836 839 Saracenorum

2248 880 2318 936 ΞΟ
2330 881 2499 936 milia.
2528 879 2616 952 (ϐ.
2641 879 2909 951 pont.)Ab
2930 877 3179 950 Augusto
3201 892 3297 949 per
3320 884 3431 932 tres
3444 890 3659 931 menses
3680 873 3841 929 stella

2247 975 2418 1031 radiis
2441 975 2611 1032 caelos
2632 983 2956 1045 penetrans,"
2976 988 3006 1027 a
3032 980 3185 1043 parte
3204 971 3487 1040 orientisa
3517 969 3642 1041 galli
3671 978 3836 1024 cantu

2229 1078 2424 1135 usque
2463 1065 2518 1119 in
2563 1079 2724 1118 mane
2753 1062 3068 1134 apparebat,
3099 1072 3155 1117 et
3182 1061 3423 1118 maxima
3466 1060 3774 1133 mortalitas
3806 1073 3841 1115 a

2248 1165 2403 1227 parte
2426 1154 2653 1223 orientis
2681 1154 2974 1210 subsecuta
3009 1161 3125 1223 est.'
3748 1220 3749 1223 η

2374 1249 2498 1306 678.
2604 1250 2696 1305 -ελ
2803 1249 2896 1304 21.
2992 1249 3100 1304 11.
3195 1248 3304 1316 γε.
3456 1249 3509 1304 5.
3625 1247 3714 1303 11.
3796 1302 3843 1328 .,

2321 1341 2418 1413 (ιι.
2453 1338 2551 1414 m.)
2591 1339 2893 1398 Kallinicus
2917 1341 3248 1416 architectus
3271 1339 3341 1394 ab
3369 1338 3636 1410 Heliopoli
3654 1329 3855 1411 Syria:

2249 1433 2317 1490 ad
2350 1432 2628 1503 Romanos
2676 1431 2940 1504 confugit,
2985 1431 3276 1504 ignemque
3312 1430 3591 1500 marinum,
3614 1429 3846 1485 adinve-

2250 1526 2364 1592 nit;
2405 1541 2517 1597 quo
2550 1525 2638 1582 usi
2676 1523 2918 1580 Romani
2960 1539 3129 1579 naves
3175 1522 3577 1586 Saracenorum
3606 1535 3840 1578 exusse-

2250 1625 2398 1685 runt,
2422 1626 2477 1672 et
2500 1632 2610 1672 una
2636 1632 2762 1673 cum
2791 1615 3085 1671 animabus
3114 1629 3347 1687 prorsus
3376 1613 3767 1683 incenderunt,
3787 1621 3849 1669 et

2250 1713 2324 1769 ita
2352 1697 2579 1768 victoria
2605 1710 2763 1782 potiti
2784 1716 2932 1766 sunt.
3646 1742 3647 1745 η

2381 1802 2509 1872 679.
2620 1801 2708 1857 10.
2815 1800 2908 1855 22.
3017 1799 3104 1853 12.
3252 1797 3310 1854 9.
3452 1795 3506 1852 6.
3620 1797 3719 1851 15..

2324 1895 2413 1970 (G.
2442 1893 2615 1967 pont.)
2651 1893 2869 1967 Agatho
2895 1893 3023 1949 75'“
3055 1891 3317 1959 Romanae
3355 1889 3619 1963 meciesite
3662 1886 3855 1959 presi-r

2250 1992 2359 2044 det.
2391 1986 2481 2059 (G.
2523 2004 2569 2042 r.
2594 1986 2689 2058 F.)
2716 1986 2905 2042 BodiIo
2918 1973 3190 2050 Francus,
3212 1997 3377 2053 quem
3401 1979 3678 2036 IIiIdricus
3706 1979 3845 2052 liga-

2253 2087 2366 2136 tum
2390 2080 2458 2137 ad
2486 2080 2727 2152 stipitem
2763 2078 2894 2135 (3de
2938 2077 3214 2148 praecepit,
3256 2074 3558 2130 Hildricum
3589 2075 3643 2128 in
3669 2089 3857 2129 vena-

2251 2171 2401 2228 tione
2425 2182 2735 2245 exceptum,
2760 2186 2886 2228 cum
2915 2169 3166 2226 Blithilde
3188 2183 3361 2223 uxore
3394 2166 3516 2238 ejus
3542 2175 3847 2237 pregnantc

2252 2264 2526 2325 interﬁcit.
2561 2263 2933 2331 Theodericus
2975 2278 3144 2334 regno
3174 2260 3502 2331 restituitur.
3539 2257 3860 2313 Leudesius

2251 2360 2397 2416 ﬁlius
2448 2357 2836 2425 ErchOnoaldi,
2888 2355 3120 2412 consilio
3165 2351 3486 2424 Leodegarii
3527 2350 3769 2422 episcopi
3811 2366 3865 2404 ι.

2252 2454 2501 2510 Luxovio
2535 2453 2773 2508 revocati
2806 2453 3152 2523 aliorumque
3180 2448 3513 2521 principum,
3542 2432 3722 2516 major
3744 2445 3851 2511 do:

2161 2594 2169 2599 .
2251 2544 2778 2614 museonstituitur.
2808 2542 2907 2614 (Η.
2938 2541 3036 2613 m.)
3055 2540 3207 2598 Inter
3235 2540 3514 2595 Romanos
3538 2536 3846 2613 etSarace-

2252 2653 2354 2694 nos
2399 2636 2452 2692 in
2501 2635 2571 2691 50
2609 2652 2784 2692 annos
2829 2652 2935 2707 pax
2968 2642 3064 2691 est
3089 2634 3433 2700 conﬁrmata,
3474 2639 3536 2687 ut
3579 2629 3855 2701 Saraceni.

2255 2724 2518 2782 Romanis
2545 2725 2665 2781 auri
2708 2725 2876 2779 libras
2901 2724 3006 2780 tria
3038 2722 3190 2778 milia
3227 2729 3283 2777 et
3314 2722 3462 2777 viros
3490 2719 3739 2791 captivos
3775 2717 3861 2774 50.

2251 2824 2306 2873 et
2333 2832 2506 2888 equos
2528 2817 2741 2872 nobiles
2770 2815 2840 2870 50
2870 2813 3154 2869 annuat-im
3180 2813 3413 2869 solvant.

2272 2902 2275 2905 ‘
2375 2906 2500 2962 680.
2613 2907 2700 2973 11.
2766 2904 2903 2973 .25.
3054 2903 3105 2957 1.
3220 2902 3307 2968 1o.
3433 2900 3508 2973 _7.
3629 2899 3713 2954 16.

2323 2997 2421 3068 (Η.
2444 2996 2545 3070 m.)
2584 2998 2731 3053 Gens
2767 2995 3083 3067 Bulgarum,
3119 3009 3243 3066 qua).
3279 3002 3340 3048 .et
3374 2991 3510 3062 ipsa
3559 3006 3589 3046 a
3633 2984 3859 3068 Scithla

2251 3091 2537 3163 egrediens
2583 3089 2791 3161 passim
2832 3086 3259 3156 debachabatur,
3287 3100 3384 3157 per
3409 3083 3711 3139 Thraciam
3740 3081 3849 3137 Ba-

634 3172 826 3273 (Βιεξυιξ
850 3174 924 3229 Η.
949 3173 1023 3273 ε.)
1059 3162 1382 3273 Théodorus
1399 3163 1463 3235 in
1488 3180 1917 3273 Angliasynotlo
1943 3183 2148 3251 habita,
2177 3208 2225 3273 ρ
2254 3162 2399 3238 tbaia
2430 3183 2569 3239 duce
2598 3190 2901 3255 grassatur.
2931 3179 3143 3248 Quibus
3169 3177 3517 3235 Constantini
3544 3178 3859 3247 imperato~

556 3264 853 3321 constituit
906 3266 1077 3322 multa
1130 3268 1391 3326 tecclesire
1456 3271 1630 3326 utilia.
1687 3271 1787 3328 Hic
1835 3272 2152 3331 Theodorus
2185 3264 2225 3273 ”
2256 3275 2334 3330 ris
2355 3289 2651 3331 occurrens
2674 3272 2969 3339 exercitus,
2999 3271 3068 3326 ab
3087 3270 3167 3326 eis
3193 3269 3427 3341 turpiter
3445 3267 3690 3340 fugatus,
3718 3281 3856 3338 gra-

560 3352 787 3425 scripsit
845 3356 1274 3426 pmnitentialem
1327 3359 1550 3429 librum,
1606 3350 1843 3419 mirabili
1893 3372 1948 3420 et
1991 3374 2151 3422 cauta

544 3443 896 3502 discretione
939 3447 1281 3520 distinguens
1328 3449 1550 3507 modum
1577 3452 1917 3525 singularum
1960 3455 2151 3529 culpa-

563 3550 710 3595 rum.

692 3623 817 3680 675'.
965 3625 1018 3680 6.
1126 3626 1216 3683 18.
1366 3630 1419 3685 8.
1569 3631 1621 3687 5.
1769 3630 1825 3685 2.
1941 3632 2027 3687 11.

638 3717 737 3789 (Η.
771 3720 890 3791 m.).
931 3720 1119 3779 Stolus
1165 3710 1565 3781 Saracenorum
1598 3735 1788 3782 contra
1836 3727 2163 3793 Constantis

564 3804 809 3881 nopolim
845 3813 1125 3883 applicuit.
1154 3814 1259 3881 Qui
1282 3815 1412 3870 dum
1450 3833 1547 3887 per
1570 3817 1781 3889 aliquot
1801 3834 1977 3876 annos
2004 3822 2153 3876 chri-

563 3900 765 3957 stianis
784 3898 1032 3975 inaniter
1057 3900 1483 3975 concurriSsent,
1510 3906 1564 3963 in
1591 3909 1868 3965 redeundo
1887 3926 1953 3967 ex
1985 3912 2154 3967 multa

565 3999 722 4063 parte
747 3966 971 4050 dimersi
992 3993 1340 4050 interierunt.

687 4084 813 4139 676.
963 4085 1014 4142 7.
1132 4088 1221 4144 19.
1370 4089 1425 4145 9.
1573 4091 1627 4147 6.
1774 4094 1828 4149 3.
1948 4096 2034 4152 12.

642 4172 738 4245 (V.
765 4172 824 4231 S.
849 4175 1041 4250 Lebd.)
1082 4178 1357 4238 Hildricus
1378 4198 1474 4239 rex
1497 4183 1713 4241 levitate
1734 4180 1949 4242 morum
1962 4203 2158 4244 accen-

561 4266 649 4324 dit
677 4268 732 4323 in
759 4284 820 4325 se
838 4270 964 4326 odia
994 4268 1357 4330 Francorum.
1392 4274 1627 4333 Sanctus
1648 4275 2019 4351 Leodegarius
2046 4282 2158 4336 Au-

566 4360 984 4446 gustidunensis
1011 4358 1302 4438 episcopus
1349 4368 1420 4423 ab
1464 4384 1531 4424 eo
1563 4369 1617 4424 in
1648 4369 1895 4428 Luxovio
1925 4364 2158 4430 retrudi-

563 4459 679 4506 ων.
697 4450 781 4520 (Ρ.
806 4451 896 4522 D.)
914 4451 1137 4512 InItalia
1163 4466 1341 4515 tantae
1355 4460 1552 4530 pluvia:
1574 4472 1631 4518 et
1658 4462 1898 4520 tonitrua
1914 4463 2155 4533 fuerunt,

2253 3367 2394 3423 viter
2415 3374 2500 3422 est
2527 3365 2781 3433 attritus;
2813 3370 2869 3420 et
2896 3363 3032 3419 adeo
3068 3376 3165 3433 per
3186 3358 3491 3441 Romanam
3524 3375 3637 3415 rem
3661 3358 3849 3430 publi-

2253 3474 2375 3514 cam
2397 3473 2589 3513 eorum
2610 3455 2845 3531 invaluit,
2864 3468 3152 3520 excursus,
3175 3460 3236 3516 ut
3253 3446 3699 3527 imperatOr‘pace
3718 3464 3849 3507 cum

2253 3550 2335 3606 eis
2383 3548 2557 3616 facta,
2617 3562 2800 3602 annua
2851 3552 3012 3617 pacta
3057 3544 3138 3600 eis
3170 3542 3419 3623 .prebere
3471 3541 3544 3598 sit
3598 3548 3846 3597 coactus.

2256 3637 2345 3712 (G.
2374 3656 2419 3694 r.
2448 3638 2543 3710 F.)
2576 3637 2849 3692 Ebroinus
2873 3651 2903 3691 a
2934 3634 3179 3690 Luxovio
3216 3648 3492 3705 egressus,
3516 3631 3661 3688 vires
3691 3647 3851 3687 resu-

2256 3731 2375 3798 mit,
2420 3728 2932 3785 insidiatores-suos
2974 3725 3206 3799 premit,
3245 3740 3410 3796 super
3449 3714 3859 3780 Theodericum

2254 3836 2436 3895 regem
2467 3821 2647 3888 irruit,
2672 3821 2964 3876 thesauros
2987 3818 3108 3889 ejus
3129 3826 3184 3873 et
3201 3816 3461 3873 aacclesite
3484 3814 3691 3892 diripit,
3713 3814 3861 3871 Leu-

2255 3913 2469 3970 desium
2496 3918 2762 3985 majorem
2783 3912 2985 3967 domus
3010 3910 3248 3982 perimit,
3271 3906 3648 3986 Chlodoveum
3673 3923 3855 3978 quen-

2255 4007 2381 4063 dam
2409 4008 2619 4080 ﬁngens
2639 4019 2761 4061 esse
2783 4003 2955 4059 lilium
2979 4002 3226 4059 Lotharii
3252 4000 3395 4073 regis
3423 3986 3732 4071 regem‘sibi
3763 3997 3853 4054 fa-

2256 4100 2352 4168 cit,
2378 4101 2445 4157 ad
2472 4101 2592 4170 ejus
2622 4104 3026 4167 sacramentum
3063 4112 3204 4167 quos
3233 4102 3414 4166 potest
3445 4092 3645 4164 pomis,
3682 4090 3860 4148 minis

2256 4202 2311 4250 et
2338 4180 2620 4248 blanditiis
2646 4187 3124 4261 impellit.:(Fn£n.)
3153 4187 3487 4261 Chintiliane
3504 4200 3632 4256 rege
3652 4182 3857 4239 defun—

2258 4292 2368 4350 cto,
2399 4282 2607 4353 Tolgan
2634 4281 2778 4337 ﬁlius
2798 4279 2922 4352 ejus
2945 4279 3125 4334 adhuc
3149 4294 3307 4349 puer,
3333 4276 3391 4332 in
3413 4291 3581 4348 regno
3605 4266 3861 4347 Wisigo¥

2257 4377 2480 4432 thorum
2508 4373 2827 4440 succedens,
2860 4380 3052 4444 regnat
3091 4370 3253 4425 annis
3284 4370 3338 4425 4.
3375 4368 3591 4424 Abhinc
3620 4380 3858 4438 regnum

2261 4465 2555 4541 Bulgarum
2610 4465 2987 4521 adnotandum
3032 4471 3138 4528 est,
3187 4477 3425 4533 quorum
3462 4475 3558 4516 rex
3594 4458 3865 4515 Bathaias

564 4542 763 4612 quales
790 4545 938 4601 nulla
972 4555 1106 4603 tetas
1131 4549 1416 4606 hominum
1442 4562 1732 4633 memorat,
1771 4563 1832 4610 ut
1861 4555 2027 4611 etiam
2054 4557 2154 4611 1ιο·
2184 4566 2395 4626 [)erat.
2430 4558 2518 4632 (G.
2547 4558 2726 4631 pont.)
2760 4556 2974 4629 Agatho
3014 4570 3158 4626 papa
3205 4553 3450 4625 suscepit
3484 4551 3715 4607 divalem
3738 4550 3858 4621 jus-

568 4635 749 4693 mines
774 4646 829 4693 et
854 4640 1067 4709 peculia
1095 4640 1310 4714 fulgure
1332 4643 1635 4701 interirent.
1668 4646 1736 4702 Et
1755 4648 1862 4704 nisi
1890 4663 1985 4718 per
2011 4649 2159 4705 heta-

569 4725 717 4794 nias,
747 4744 886 4800 quas
913 4732 1156 4802 quotidie
1178 4733 1468 4804 faciebant,
1502 4736 1765 4794 Dominus
1796 4747 1944 4794 esset
1975 4741 2158 4811 propi-

571 4818 762 4888 tiatus,
784 4837 898 4877 non
925 4825 1230 4894 potuissent
1257 4827 1509 4885 homines
1544 4830 1803 4886 triturare
1833 4831 1917 4885 vel
1942 4830 1996 4884 in
2025 4831 2157 4887 hor-

573 4918 684 4975 reis
705 4918 979 4977 frumenta
1015 4925 1339 4993 recondere;
1366 4926 1421 4980 in
1447 4934 1654 4981 tantam
1681 4935 1742 4981 ut
1775 4941 1842 4980 ex
1877 4925 2013 4996 ipsis
2040 4927 2161 4997 plu-

573 5008 680 5065 vils
721 5009 901 5067 denuo
934 5012 1210 5097 legumina
1240 5024 1661 5074 renascerentur
1687 5024 1741 5070 et
1767 5016 1835 5071 ad
1867 5018 2159 5073 maturita-

576 5106 685 5156 tem
710 5102 1024 5160 devcnirent
1045 5104 1129 5163 "9.
1458 5170 1461 5173 ,
1656 5120 1661 5123 ‘
1850 5104 1853 5105 ⁷

2262 4656 2473 4711 sionem
2492 4652 2839 4725 principum,
2864 4657 2925 4706 ut
2959 4649 3261 4722 suggessit,
3295 4662 3393 4719 per
3421 4641 3586 4718 quam
3612 4644 3859 4700 relevata

2260 4753 2347 4802 est
2389 4745 2690 4817 quantitas,
2722 4759 2844 4815 qua:
2871 4742 3033 4798 solita
3076 4747 3197 4796 erat
3223 4738 3342 4794 dari
3370 4753 3469 4810 pro
3509 4728 3867 4792 ordinatione

2262 4836 2537 4907 pontiﬁcis
2566 4834 2849 4901 facienda;
2879 4833 2961 4889 sic
2984 4840 3189 4899 tamen,
3237 4838 3300 4886 ut
3326 4830 3373 4886 si
3404 4827 3691 4900 contigerit
3729 4835 3867 4897 post.

2260 4927 2381 4999 ejus
2403 4927 2698 4983 transitum
2722 4926 3044 4982 electionem
3075 4923 3215 4991 ﬁeri,
3245 4938 3354 4980 non
3372 4921 3565 4978 debeat
3586 4918 3869 4985 ordinari,

2265 5020 2361 5091 qui
2390 5020 2595 5083 electus
2637 5017 2821 5084 fuerit,
2867 5016 2975 5073 nisi
3011 5016 3165 5088 prius
3186 5015 3438 5071 decretus
3464 5010 3734 5087 generalis
3772 5010 3853 5065 in—

2271 5111 2591 5166 troducatur
2636 5109 2691 5164 in
2744 5108 2949 5181 regiam
2999 5107 3191 5162 urbem
3227 5095 3856 5173 secundum‘antiq'uarn

1893 5265 2138 5334 ⁵νΑΙὶΙᾸΙῖ.
2196 5265 2602 5324 LECTIONES.

653 5417 742 5494 δ”-
767 5409 1026 5494 XVIILA.
1054 5419 1151 5483 Ci.
1177 5421 1229 5475 5.
1263 5422 1324 5494 II.
1359 5416 1781 5494 Sequenliriﬂoc
1802 5453 1873 5463 —
1894 5422 2233 5494 illuminatnr
2261 5422 2318 5476 in
2349 5437 2519 5494 marg.
2551 5421 2678 5494 add.
2719 5419 2837 5494 Sig.
2859 5419 3207 5494 carrtertiis;
3233 5411 3379 5494 rell.‘
3430 5390 3505 5494 “1
3528 5391 3835 5494 A_ma_tus—

577 5488 871 5545 trihulntur
896 5489 958 5546 Si
995 5532 1008 5545 .
1040 5502 1134 5545 cur
1156 5492 1357 5557 tertiis;
1390 5488 1506 5549 rell.
1591 5492 1657 5525 ¹¹⁸
1681 5492 1842 5566 Hyris
1866 5523 1936 5533 —
1957 5502 2103 5549 esset
2133 5492 2192 5548 Si
2232 5534 2244 5547 .
2275 5509 2389 5547 cur.
2422 5488 2550 5559 se'c.,
2581 5491 2697 5547 rell.
2775 5488 2842 5524 θ’
2878 5490 2941 5545 A.
2969 5489 3053 5544 hic
3080 5489 3252 5544 exibet
3274 5488 3514 5559 verbaS.
3553 5488 3729 5555 Audet

577 5559 671 5615 nui
692 5565 747 5614 et
774 5559 923 5615 Dado
1066 5575 1114 5615 e.
1145 5578 1198 5615 o.
1231 5579 1296 5615 ea:
1334 5581 1386 5615 a.
1443 5562 1569 5615 690.
1598 5563 1686 5615 ubi
1732 5581 1794 5615 ea
1843 5565 2060 5615 omittit.
2139 5510 2226 5596 "‘q
2251 5565 2330 5615 ita
2357 5579 2533 5615 errore
2562 5567 2743 5615 lavsus
2774 5561 2885 5615 Sin.
2925 5560 3011 5614 hic
3046 5559 3250 5615 scribit.
3280 5567 3328 5611 et
3358 5558 3414 5611 in
3452 5556 3635 5609 eodem
3675 5568 3729 5606 er

999 5601 1013 5617 .
1066 5575 1114 5643 _e.
1145 5578 1198 5616 o.
1231 5579 1296 5617 ex
1334 5581 1386 5618 a.
1443 5562 1569 5628 690,
1598 5563 1686 5618 ubi
1731 5556 1794 5619 22a
1843 5565 2060 5619 omittit.
2139 5556 2215 5596 "‘
2251 5565 2330 5618 ita
2357 5556 2545 5617 errore
2562 5567 2743 5632 lapsus
2774 5561 2885 5686 Sig.
2925 5560 3011 5614 hic
3046 5559 3250 5623 scribit,
3280 5567 3328 5611 et
3358 5558 3414 5611 in
3438 5556 3635 5625 eodem
3675 5568 3856 5607 errore

1002 5633 1207 5686 imbus:
1234 5633 1352 5686 Bt‘.
1383 5634 1435 5686 5.
1470 5634 1661 5686 habent
1684 5634 1872 5686 LXXV
1893 5646 1942 5686 et
1970 5637 2046 5686 sic
2089 5651 2278 5686 narro:
2325 5634 2423 5686 Cl.
2451 5634 2502 5686 5.
2550 5643 2598 5686 ct
2630 5634 2790 5686 iidem
2865 5647 3023 5686 ouum
3054 5640 3241 5684 vocant
3287 5624 3499 5686 LXXV.
3526 5622 3855 5686 Agathonem

2865 5649 2895 5686 0

574 5559 671 5630 qui
692 5565 747 5614 et
774 5559 923 5616 Dado

730 5631 827 5705 {in
846 5633 1207 5705 seqpentibus;
1234 5633 1355 5705 ΒΥ.
1470 5634 1661 5705 habent
1683 5634 1872 5689 LXXV
1893 5646 1942 5690 et
1970 5637 2046 5689 sic
2088 5651 2291 5705 porro;
2325 5634 2423 5688 CI.
2451 5634 2502 5687 '5.
2550 5643 2598 5687 et
2620 5631 2790 5688 iidem

2801 5482 2842 5524 ι’
2878 5490 2941 5545 Α.
2969 5489 3053 5544 hic
3080 5482 3252 5544 exibet
3274 5486 3428 5543 verba
3458 5484 3514 5540 S.
3553 5482 3855 5537 Audoenus

2899 5647 3023 5685 num
3054 5621 3246 5684 vocant-
3287 5624 3499 5692 LXXV,
3526 5621 3855 5694 Agathonem

577 5646 827 5752 ‘1"an
846 5646 1207 5701 sequentibus;
1234 5646 1352 5688 ur.
1383 5646 1435 5688 5.
1470 5646 1661 5690 habent
1683 5646 1866 5689 LM“
1893 5646 1942 5690 et
1970 5646 2046 5689 sic
2088 5651 2278 5705 porro;
2325 5646 2423 5688 ω.
2451 5646 2502 5687 'a.
2550 5646 2598 5687 et
2630 5646 2790 5688 uaem
2815 5646 3023 5686 uanum
3054 5646 3241 5684 vocant
3287 5646 3426 5681 1.2m
3444 5646 3499 5692 ν,
3526 5646 3855 5694 agnitionem

839 5712 888 5789 et
917 5701 1139 5756 Leonem
1188 5705 1312 5757 item
1338 5702 1575 5772 LXXVI,
1605 5707 1682 5789 ita
1700 5714 1770 5789 με
1792 5706 1981 5762 abinde
2001 5722 2135 5789 cum.
2152 5704 2420 5789 ξ’ἱίζερςνῳ
2445 5706 2638 5789 iterum
2671 5704 3010 5789 conueniant;
3037 5700 3130 5789 Il,
3158 5701 3247 5770 qui
3262 5698 3380 5789 jam
3402 5697 3524 5751 inde
3930 5716 3933 5717 ν

576 5770 908 5851 δὶῃερεξνιωη
929 5789 1030 5827 uno
1054 5789 1265 5829 numero
1296 5761 1652 5847 praecesserat,
1691 5761 1893 5833 Domini
1928 5786 2073 5835 vocat
2115 5761 2349 5844 LXXVI,
2383 5774 2705 5846 Agit/lenem
2735 5761 3002 5842 LXXVII,
3026 5761 3277 5827 Leon'em'
3309 5770 3498 5827 iterum
3541 5761 3782 5823 LXXVII
3804 5779 3835 5817 ε

578 5842 656 5897 sic
678 5841 941 5901 deinceps.
