4046 6318
168 332 277 391 129.

1580 323 1955 384 (ξιιῐιοκιωξ

3307 336 3400 395 1511

162 440 624 511 consuetudinem;
668 451 722 501 et
758 456 882 499 cum
914 457 1103 499 eorum
1134 442 1360 500 scicntia
1389 450 1444 499 et
1462 441 1718 513 jussione
1744 450 1788 506 Α
1819 444 1886 499 ad
1910 429 2178 501 maximos
2207 447 2412 503 militiae
2439 448 2679 505 honores
2705 462 2754 520 p:
2769 457 3044 523 evexerat.
3073 447 3285 508 Lubere
3304 462 3398 508 re:

160 541 334 595 debeat
355 538 628 592 ordinatio
649 536 955 607 provenire.

185 616 321 683 est.
397 624 597 682 8.12.
673 626 858 681 $.24.
934 626 996 680 F.
1071 626 1125 681 2.
1203 624 1393 682 μμ.
1468 624 1537 684 Α.
1609 627 1662 681 8.

638 716 727 772 W.
807 719 858 772 1.
934 718 1088 790 Bulg.
1166 719 1217 773 1.
1748 788 1753 797 ξ

246 805 443 877 Brut.)
486 805 652 863 Sexta
680 809 922 880 synodus
956 809 1286 865 universalis
1321 808 1717 881 Constantino-

154 899 252 971 poli
295 898 685 971 congregatur,
724 898 778 953 in
814 915 922 971 qua
964 898 1227 972 Georgius
1261 898 1721 973 Constantinopo-

158 982 339 1047 litanus
382 988 679 1062 episcopus
725 991 794 1046 ab
828 992 1016 1048 errore
1053 992 1533 1051 monothelitarum
1565 986 1749 1051 revo?

154 1093 327 1150 catur;
355 1081 668 1159 Macharius
696 1086 826 1138 vero
852 1083 1225 1140 Antiochenus
1267 1094 1321 1140 et
1363 1088 1547 1143 cuncti
1581 1088 1747 1161 duas,

154 1176 439 1230 voluntates
484 1182 544 1230 et
585 1175 932 1244 operationes
976 1175 1030 1229 in
1079 1190 1188 1230 una
1237 1173 1443 1232 Christi
1486 1193 1719 1247 persona

157 1274 414 1340 negantes,
443 1266 1001 1322 anathematiz'antur.
1032 1266 1090 1325 In
1126 1267 1228 1323 hac
1265 1269 1475 1340 synodo
1500 1269 1721 1327 inerunt

155 1358 695 1430 episcopi289(l7l).
805 1415 875 1429 ,ν
980 1362 983 1363 ⁷
1146 1362 1153 1368 ’
1481 1363 1526 1429 ’.

179 1449 186 1457 ’
275 1448 566 1505 682.15.
644 1448 737 1506 25.
843 1449 897 1506 5.
974 1450 1061 1505 12.
1150 1451 1208 1510 .9
1340 1453 1395 1508 2.
1452 1456 1455 1461 ’
1507 1454 1562 1510 2.

215 1540 387 1613 (Cant.
443 1538 638 1612 Fred.)
683 1539 919 1598 Sanctus
946 1541 1332 1617 Leodegarius
1355 1601 1360 1606 .
1381 1546 1731 1618 Augustidu-‘

157 1631 325 1687 nensis
351 1621 650 1707 episcopus
672 1633 742 1689 ab
769 1631 1010 1713 Ebreino
1034 1636 1250 1710 capitur
1266 1640 1289 1701 ,’
1311 1643 1366 1691 et
1397 1654 1522 1694 cum
1552 1621 1739 1697 fratre.

152 1714 240 1779 suo
279 1724 478 1780 Gerino
522 1723 764 1803 graviter
803 1725 1083 1799 afﬂigitur.
1116 1727 1350 1787 Gerinus
1394 1747 1502 1787 non
1546 1735 1718 1792 multo

154 1825 258 1884 post
284 1815 559 1885 lapidibus
589 1817 860 1872 obruitur.
896 1818 915 1889 (
931 1818 1002 1875 ιι.
1034 1820 1139 1890 m.)
1176 1819 1456 1879 Muhavias
1489 1823 1717 1883 Sarace-

155 1922 327 1961 norum
348 1908 560 1963 amiras
589 1909 864 1978 moritur“;
903 1916 1028 1981 poSt
1052 1927 1214 1982 quem
1238 1913 1397 1971 Giz‘id
1426 1915 1573 1973 filius
1597 1919 1717 1995 ejus
1799 1924 1807 1928 “

155 1999 307 2054 tribus
335 2000 507 2061 annis,
524 2000 890 2071 principatur.
926 2002 1023 2073 (6.
1056 2005 1236 2077 pom.)
1264 2005 1501 2075 lnltalia
1542 2011 1715 2069 tribus

154 2090 335 2147 aestatis
376 2091 669 2147 mensibus
713 2092 1034 2152 0:ra'vissima
1078 2095 1363 2155 hominum
1412 2101 1717 2159 mertalitas

155 2180 276 2240 facta
301 2192 400 2239 est.
1198 2192 1207 2197 ⁴
1349 2245 1353 2249 ,
1432 2184 1433 2187 ¹

272 2271 390 2327 osa.
469 2275 564 2329 tt.
678 2276 728 2330 ι.
840 2277 1226 2334 4.13.40.
1340 2282 1392 2337 5.
1505 2259 1625 2338 '3."
1729 2265 1737 2273 ’

170 2448 176 2453 .
214 2363 410 2435 (Βευλ.)
449 2364 510 2420 ln
560 2368 756 2443 Anglia
783 2369 1295 2429 claret‘Edildrudis
1330 2376 1546 2447 regina,
1592 2360 1733 2448 qum.

158 2456 305 2512 tribus
338 2456 471 2513 viris
523 2468 720 2529 nupta,
749 2461 904 2532 virgo
933 2465 1252 2532 permansit.
1284 2464 1457 2537 Cujus
1486 2478 1716 2526 mortuae

156 2562 328 2617 corpus
360 2557 483 2618 post
528 2550 593 2604 11
623 2551 916 2622 sepultura:
954 2568 1070 2609 suae
1114 2570 1289 2611 annos
1322 2555 1712 2630 [incorruptum

158 2636 401 2695 inventqu
432 2651 540 2697 est.
1136 2656 1139 2657 '
1429 2695 1433 2697 .
1468 2657 1473 2662 ’

274 2730 391 2787 681.
470 2734 565 2788 15.
678 2735 733 2790 2.
845 2737 899 2792 5.
978 2738 1065 2793 H.
1145 2740 1229 2795 11.
1321 2742 1397 2798 4.
1507 2743 1560 2799 4.

214 2821 290 2897 (ϐ.
311 2824 478 2897 pom.)
520 2826 638 2881 Leo
661 2827 853 2897 junior
878 2828 1003 2885 76°!
1030 2828 1290 2888 Romanae
1308 2835 1569 2893 :ecclesize
1594 2853 1717 2908 pre-

158 2915 291 2970 sidet.
326 2915 620 2975 Bavennas
654 2921 899 2976 {ecclesia
936 2938 1170 2979 censura
1206 2924 1581 2996 imperatoris,
1614 2930 1717 2985 sub

159 3004 469 3065 ordinatione
515 3008 671 3065 sedis
714 2998 1033 3091 apostolicae
1068 3013 1319 3091 restituta
1351 3024 1466 3083 est,
1506 3018 1716 3082 scilicet

1820 536 2118 607 Anglorum
2143 539 2402 606 moritur;
2435 549 2488 594 et
2526 537 2780 611 Egit-idus
2828 554 2921 593 rex
2953 535 3397 612 Nordanymbro-

1819 614 1942 682 rum
1965 645 1994 682 a
2022 627 2188 684 Pictis
2213 630 2517 700 perimitur.
2539 628 2698 696 Picti,
2715 628 2888 686 Scotti
2912 639 2968 685 et
2992 629 3270 687 Brittones
3294 633 3404 687 Au-

1821 715 1938 789 glos
1963 719 2125 774 nimis
2159 727 2430 789 premunt,
2457 727 2510 774 et
2530 719 2798 787 libertate,
2827 714 2990 790 quam
3014 719 3145 775 olim
3166 734 3265 790 per
3289 720 3402 774 An-

1821 800 1939 880 gles
1984 810 2352 886 perdiderant,
2390 822 2628 881 recepta,
2684 813 2913 866 multam
2957 810 3165 883 Anglia:
3188 819 3399 880 partem

1820 892 2101 958 invadunt.
2152 897 2529 958 Post‘Lohcre
2559 903 2817 975 regnavit
2846 900 3047 975 Edrieh
3077 900 3237 957 a'nnis
3258 902 3389 956 duo-

1820 992 1943 1048 bus.
1990 988 2216 1065 ngrido
2243 992 2375 1049 vero
2409 995 2710 1050 succedens
2749 986 2919 1050 frater
2945 995 3064 1065 ejus
3099 992 3275 1049 All'rid
3305 1007 3399 1048 re-

1821 1083 2005 1155 gnavit
2029 1083 2189 1154 annis
2215 1083 2430 1158 20.(V.
2479 1084 2617 1157 κει.)
2655 1083 2890 1141 Sanctus
2918 1084 3201 1141 Chilianus
3240 1082 3401 1140 Scot-

1823 1165 1910 1253 tus
1937 1174 2401 1248 Wirziburgensis
2421 1177 2711 1248 episcopus
2739 1159 2926 1233 claret.

1962 1268 2255 1343 686.17.
2370 1271 2431 1325 1.
2539 1269 2590 1324 7.
2669 1270 2755 1324 16.
2872 1268 3089 1324 1.’2.
3200 1270 3253 1323 6.

1893 1358 1979 1432 (G.
2008 1361 2182 1433 pom.)
2229 1360 2509 1440 Iohannes
2530 1353 3076 1428 Romanze‘mcclesiaz
3118 1359 3243 1414 78η·
3275 1375 3403 1431 pre-
3486 1430 3494 1441 ἰ

1821 1448 1982 1506 sidet.
2015 1448 2136 1523 ((H.
2163 1453 2260 1524 in.)
2293 1437 2657 1507 Constantino
2683 1452 3013 1523 imperatore
3041 1459 3279 1519 mortuo,
3306 1449 3394 1505 Ju-

1820 1542 2095 1624 stiniaitus
2133 1544 2277 1600 illius
2327 1545 2448 1623 ejus
2492 1545 2749 1616 imperat
2781 1534 2953 1600 annis
2984 1545 3069 1617 l0.
3111 1542 3402 1603 Saracenis

1819 1633 2155 1705 principatur
2181 1633 2462 1690 Habdalan
2514 1650 2657 1691 anno
2690 1650 2823 1691 uno.
2862 1630 3037 1707 Begga
3066 1635 3256 1691 relicta
3291 1635 3403 1690 An-

1820 1724 1976 1797 sigisi
2006 1741 2065 1781 se
2109 1734 2163 1781 et
2184 1742 2283 1782 sua
2315 1727 2425 1784 Deo
2454 1728 2749 1799 mancipat,
2780 1736 2835 1784 et
2864 1722 3257 1785 monasterium
3285 1728 3400 1783 An-

1751 1788 1794 1847 B
1819 1788 2340 1898 devnnenseluudat.

1960 1909 2083 1965 687.
2195 1912 2247 1966 1.
2310 1912 2415 1967 ’1.
2527 1912 2581 1968 8.
2661 1912 2917 1967 17.”2.
3032 1912 3086 1966 5.
3202 1911 3255 1966 7.

1856 2012 1863 2017 '
1892 1999 1995 2072 (6.“
2029 1992 2223 2073 rant).
2264 2001 2454 2058 Conon
2489 2001 2748 2059 Romanae
2789 1993 3049 2058 {ecclesiae
3073 2000 3198 2057 79"!
3226 2000 3402 2072 presi-

1817 2090 1931 2165 det.
1962 2078 2059 2163 (Η.
2087 2096 2182 2164 m.)
2217 2082 2600 2161 llabdimelich
2631 2094 2834 2149 amiras
2870 2088 3214 2163 principatur
3243 2084 3408 2145 Sara-

1818 2185 1970 2239 c'enis
2018 2185 2178 2240 annis
2210 2185 2301 2240 2‘2.
2356 2172 2503 2241 lntcr
2528 2184 2899 2241 Justinianum
2943 2192 2998 2238 et
3026 2181 3404 2238 Habdimeliclt

1820 2286 1946 2349 pax.
1969 2276 2245 2352 convenit,
2270 2285 2330 2330 ut
2356 2277 2568 2349 solvant
2588 2274 2855 2332 Saraceni
2885 2272 3141 2349 Romanis
3173 2272 3405 2343 singulis

1817 2369 2009 2424 diebus
2033 2370 2180 2424 mille
2213 2371 2542 2425 nomismata
2576 2379 2630 2425 et
2658 2384 2877 2424 servum
2902 2376 2956 2422 et
2979 2356 3211 2439 equum.
3235 2365 3323 2437 (G.
3351 2383 3399 2421 τ’.

1820 2459 1943 2532 Fr.)
1994 2448 2282 2516 Vull‘oaldo
2331 2462 2540 2532 majore
2598 2461 2795 2516 domus
2841 2462 3093 2539 mortuo,
3137 2457 3405 2530 Pippinus

1818 2554 1963 2610 [ilius
1985 2552 2224 2634 Ansigisi
2250 2554 2591 2626 principatur
2615 2544 3070 2634 in'Austriacum
3093 2552 3233 2608 duce
3254 2551 3405 2607 Mar-

1822 2647 1954 2702 tino.
1980 2631 2191 2715 Quibits
2214 2656 2544 2720 cengressus
2579 2631 2877 2714 Ebroinus,
2904 2645 3132 2700 victoria
3166 2644 3402 2716 potitur;

1822 2738 2086 2795 Martinus
2146 2738 2360 2811 fugiens
2411 2740 2482 2795 ab
2532 2739 2774 2795 Ebroino
2820 2728 3126 2810 perimitur.
3184 2736 3267 2808 (P.
3310 2734 3400 2807 υ.)

1818 2833 2064 2905 Pertarid
2114 2832 2601 2908 Langobardorum
2660 2849 2786 2906 rege
2835 2840 3085 2898 mortuo,
3140 2829 3404 2901 Cunipert

1818 2926 1964 2983 ﬁlius
1989 2927 2109 2998 ejus
2131 2934 2331 2999 regnat,
2354 2927 2515 2985 annis
2544 2925 2630 3001 12.
2654 2925 2843 2995 (Bent,
2872 2922 2944 2978 Η.
2965 2923 3042 2995 ἐ.)
3066 2920 3266 2977 Edrich
3290 2918 3417 2974 An-

1819 3018 2033 3091 glorum
2068 3034 2196 3090 rege
2244 3001 2484 3085 mortuo,
2512 3017 2725 3073 externi
2756 3030 2913 3084 reges
2937 3004 3164 3087 regnum
3194 3010 3403 3083 Anglice

160 3106 209 3152 ut
232 3100 317 3169 qui
342 3099 395 3154 in
417 3115 480 3156 ea
507 3101 723 3159 electus
752 3102 917 3177 fuerit
937 3104 1263 3175 episcopus,
1293 3106 1348 3161 in
1379 3109 1570 3164 urbem
1601 3108 1714 3165 Ro-
1745 3142 1791 3204 ο
1821 3110 2145 3183 disperdunt
2173 3118 2229 3166 et
2251 3110 2568 3165 discindunt
2588 3108 2749 3164 annis
2775 3108 2829 3163 ι.
2874 3105 3107 3162 Sanctus
3134 3103 3404 3161 Cuthber-

160 3205 278 3265 tnam
309 3194 479 3248 veniat
505 3193 870 3251 ordinandus.
915 3194 1103 3266 (Beas,
1130 3195 1202 3252 Η.
1224 3198 1296 3268 e.)
1342 3196 1598 3270 ngr‘idus
1620 3217 1717 3258 rex
1749 3193 1790 3204 ’”
1820 3210 1911 3258 tus
1938 3202 2236 3274 Anglorum
2257 3202 2548 3273 episcoous
2584 3198 2742 3261 obiit.

161 3280 405 3339 innoxiam
452 3282 736 3363 Ilibeznia:
792 3297 1004 3358 gentem
1051 3287 1291 3359 graviter
1332 3290 1712 3362 depopulatur.

159 3371 342 3447 (Fuit)
366 3374 615 3446 Tolgane
642 3391 676 3431 a
704 3375 1033 3449 Wisigothis
1055 3367 1278 3450 propter
1306 3380 1554 3449 pueritiae
1582 3383 1714 3438 levi-

160 3473 296 3521 tatem
331 3468 629 3538 reprobate
669 3476 725 3524 et
758 3469 813 3523 in
848 3469 1117 3526 clerieum-
1149 3472 1712 3543 tonsorato,,Chinta-

159 3556 320 3613 sindus
345 3570 536 3632 regnat
567 3569 693 3632 post
713 3578 841 3618 eum
873 3564 1033 3620 annis
1055 3564 1144 3620 20.

272 3647 560 3707 685.16.
674 3652 728 3706 5.
840 3653 1226 3711 6.15.12.
1339 3657 1393 3712 1.
1505 3660 1559 3715 5.

215 3736 290 3804 (G.
316 3743 483 3813 pom.)
502 3742 840 3827 Benedictus
858 3744 983 3798 ’Πιιε
1010 3746 1271 3805 Romana:
1284 3751 1576 3808 :eccclcsite
1598 3768 1716 3823 prc-

160 3830 529 3915 sidct.(H.tn.)
581 3834 736 3891 Gizid
786 3846 1006 3895 mortuo
1060 3838 1326 3896 Marhuan
1377 3832 1714 3914 pri‘ncipatur

162 3919 414 3982 Saracenis
462 3944 617 3984 anno
666 3928 718 3984 1.
773 3927 867 4000 (γ.
926 3929 1142 4003 Lamb.)
1194 3920 1565 3991 Theodericus
1618 3952 1713 3992 rex

162 4008 424 4095 Ebroinum
453 4017 511 4073 in
535 4018 772 4090 gratiam
812 4018 1005 4092 recipit
1030 4021 1259 4094 ejusque
1287 4023 1518 4080 consilio
1548 4041 1715 4098 syno-

160 4102 265 4158 dum
290 4107 672 4180 episcoporum
699 4110 865 4184 cogit,
889 4121 942 4168 et
975 4112 1030 4168 in
1059 4114 1164 4169 hac
1185 4115 1386 4172 multos
1409 4132 1620 4185 eorum,
1644 4134 1713 4175 ex

162 4200 393 4256 sententia
421 4199 675 4269 Ebroini,
714 4204 1033 4276 episcopatu
1074 4207 1271 4277 privat,
1305 4209 1522 4280 aliquos
1545 4210 1709 4266 etiam

1961 3291 2084 3346 688.
2197 3293 2252 3346 2.
2366 3293 2417 3348 1.
2530 3294 2585 3347 9.
2701 3290 2752 3343 1.
2867 3288 2918 3343 1.
3031 3288 3086 3342 4.
3198 3285 3254 3342 8.

1891 3382 1977 3455 (G.
2006 3382 2176 3453 pont.)
2208 3381 2432 3453 Sergius
2478 3381 2605 3436 80M
2639 3381 2901 3437 Remanze
2945 3379 3205 3435 azcclcsia:
3228 3376 3404 3449 presi-

1817 3475 1926 3531 det.
1959 3474 2057 3531 llic
2087 3474 2142 3529 in
2165 3473 2411 3529 sacrario
2430 3473 2605 3528 sancti
2635 3471 2782 3527 Petri
2806 3471 3109 3541 portionem
3146 3483 3401 3541 magnam

1818 3565 2109 3624 dominicae
2142 3563 2323 3621 crucis
2364 3563 2591 3619 invenit.
2630 3562 3033 3631 Consequentia
3054 3562 3281 3617 missam
3311 3575 3417 3638 ςςς,

1820 3657 2065 3714 lcbrandi
2084 3658 2197 3729 jam
2228 3656 2294 3711 ad
2326 3657 2595 3726 integram
2623 3652 2929 3723 composita
2952 3652 3020 3706 ab
3047 3632 3411 3722 apostolis’kegt

1818 3742 2136 3822 apostolicis
2167 3749 2331 3825 viris,
2359 3746 2619 3818 epistolas
2649 3745 2847 3816 quippe
2880 3751 2936 3798 et
2957 3742 3236 3813 evangelia
3268 3741 3404 3797 reci—

1817 3834 1968 3899 tabat
1988 3841 2233 3899 aeeclcsia
2256 3857 2321 3896 ex
2337 3839 2686 3911 antiquorum
2710 3836 3026 3904 traditione,
3049 3849 3171 3906 quae
3194 3833 3404 3905 digesta

1819 3943 1943 3990 sunt
1972 3934 2026 3988 in
2053 3933 2214 4000 libro,
2252 3933 2346 4003 qui
2394 3932 2698 4003 appellatur
2725 3943 2932 3996 comes,
2970 3942 3132 3999 quem
3169 3926 3235 3981 ad
3256 3923 3404 3980 Con-

1818 4028 2118 4083 stantinum
2150 4023 2509 4097 Hieronimus‘
2529 4023 2816 4094 scripsisse
2844 4019 3046 4077 dicitur
3063 4039 3077 4089 ;
3097 4017 3406 4075 Alexander

1817 4128 2000 4175 autem
2036 4125 2223 4174 sextus
2247 4132 2407 4189 papa,
2444 4117 2536 4187 qui
2574 4115 2809 4171 instituit
2831 4128 3029 4186 aquam
3062 4112 3307 4169 benedici
3348 4117 3404 4167 et

1817 4209 2054 4280 aspergi,
2083 4209 2178 4279 qui
2216 4208 2454 4264 instituit
2481 4207 2661 4262 oleum
2703 4206 2933 4278 singulis
2957 4203 3117 4260 annis
3156 4200 3406 4259 benedici

162 4283 474 4349 iurevocabili
529 4295 697 4351 exilio
720 4296 963 4352 damnat.
997 4289 1112 4354 Sub
1140 4307 1249 4355 tam
1278 4301 1581 4371 procelloso
1611 4304 1711 4359 do-
1818 4300 1887 4356 ab
1913 4301 2191 4371 episcopo,
2223 4307 2452 4355 etvetus
2494 4307 2715 4368 propter
2740 4296 3035 4352 novitatem
3075 4291 3405 4351 Sacramenti

163 4379 367 4465 tuesticze
391 4386 795 4455 persecutionis
822 4389 1056 4444 tumultu
1106 4378 1330 4448 sanctus
1354 4393 1518 4449 etiam
1546 4392 1711 4450 Lam-
1820 4392 2058 4449 incendi.
2087 4394 2105 4465 (
2128 4382 2361 4458 ’Buncn“
2386 4407 2441 4458 v,
2465 4390 2544 4459 5.)
2573 4388 2673 4445 llic
2701 4388 2931 4444 inseruit
2954 4387 3275 4443 memoriam
3305 4373 3401 4441 do-

163 4463 319 4556 bertus
342 4489 372 4528 a
402 4475 741 4547 Trajecteusi
764 4475 984 4536 an'notus
1009 4475 1346 4553 episcopatu,
1379 4484 1433 4540 in
1463 4486 1715 4543 coenobio
1746 4486 1794 4548 Ι)
1819 4485 2033 4541 miuicae
2061 4463 2336 4556 passionis
2363 4483 2429 4538 ad
2460 4481 2928 4538 consecrationem
2953 4478 3317 4545 eucharistite,
3347 4485 3402 4533 et

164 4555 420 4651 Stabulaus
446 4569 789 4627 monachica:
816 4562 1017 4643 quietis
1045 4575 1248 4645 expetit
1268 4588 1506 4647 portum,
1532 4576 1717 4649 ibique
1819 4579 1961 4634 sicut
1985 4555 2248 4632 delatere
2261 4568 2650 4631 cruciﬁxiJesu
2679 4572 2889 4629 eﬂluxit
2911 4571 3138 4643 sanguis
3163 4578 3215 4625 et
3235 4583 3403 4642 aqua,

162 4664 242 4719 Ρει·
263 4667 456 4727 septem
489 4676 671 4717 annos
696 4661 965 4718 habitavit
994 4680 1202 4721 secum.
1241 4668 1258 4737 (
1273 4664 1334 4722 V.
1361 4666 1550 4741 Leod.)
1579 4668 1719 4724 San-
1816 4669 1891 4725 ita
1921 4681 2122 4739 aquam
2163 4666 2291 4720 vino
2331 4664 2551 4721 misceri
2572 4665 2628 4718 in
2664 4663 2780 4734 ipsa
2803 4654 3215 4718 consecratione
3238 4659 3402 4715 insti-

163 4752 263 4803 ctls
297 4748 664 4826 Leodegarius
688 4755 780 4811 diu
810 4755 878 4811 ab
905 4754 1147 4812 Ebroino
1176 4767 1559 4827 tormentatus,
1593 4770 1721 4829 post
1821 4761 1941 4828 tuit,
1966 4772 2067 4814 nec
2087 4758 2274 4813 vinum
2318 4758 2437 4813 sine
2457 4771 2621 4827 aqua,
2647 4771 2749 4812 nec
2772 4744 2972 4825 aquam
3025 4752 3145 4808 sine
3166 4752 3293 4808 vino
3318 4750 3396 4807 of-

162 4832 327 4901 famem
357 4854 409 4899 et
441 4844 688 4902 careeris
735 4841 1067 4918 squalorem,
1096 4860 1220 4920 post
1246 4852 1529 4907 oculorum
1566 4857 1719 4915 evut-
1818 4853 1947 4909 ferri
1970 4852 2167 4907 debere
2209 4851 2531 4906 decernens.
2568 4847 2784 4903 Primus
2823 4846 3018 4902 Xistus
3049 4845 3113 4877 ¹²¹
3143 4843 3231 4897 7'"
3262 4857 3405 4914 papa

162 4928 358 5003 sionem,
380 4950 505 5010 post
535 4941 847 5011 plantarum
871 4944 1267 5013 concisioucm,
1294 4952 1418 5016 post
1442 4947 1639 5018 linguae
1662 4956 1715 5004 et
1820 4960 2044 5019 ymnum
2076 4942 2328 5009 Sanctus,
2378 4950 2619 5008 sanctus,
2657 4925 2875 4995 sanctus
2905 4937 3187 5004 Dominus,
3215 4934 3402 4991 Teles-

162 5020 396 5085 labiorum
440 5034 805 5101 excisionem,
846 5037 1063 5092 tandem
1095 5040 1497 5097 consummavit
1517 5049 1716 5113 marty-
1820 5037 1974 5092 ferus
1999 5035 2089 5089 8'"
2117 5046 2256 5105 papa
2295 5032 2725 5105 quadragesimae
2743 5029 3011 5102 jejunium
3035 5034 3241 5099 septem
3266 5025 3408 5082 beb-

162 5112 279 5172 rillm
306 5137 396 5191 per
421 5125 618 5195 capitis
647 5126 1031 5183 abscisionem.
1066 5128 1255 5201 (Βεω,
1289 5130 1362 5185 Η.
1387 5135 1459 5203 e.)
1495 5112 1714 5204 Anstgi-
1819 5126 2145 5184 domadibus
2174 5136 2299 5182 ante
2323 5126 2526 5197 pascha
2568 5123 2826 5189 instituit,
2848 5136 3071 5195 ymnum
3096 5119 3405 5191 angelicum

164 5218 243 5295 ξω
279 5222 421 5281 pater
454 5214 632 5287 Pipini
663 5234 694 5272 a
725 5217 1022 5276 Gunduino
1055 5222 1365 5292 perimitur,
1406 5239 1568 5295 quem
1600 5227 1713 5293 ipse
1821 5223 2007 5280 Gloria
2052 5225 2107 5278 in
2136 5221 2357 5278 excelsis
2402 5220 2513 5275 Deo
2548 5218 2772 5275 addidit.
2801 5216 3070 5272 Damasus
3109 5215 3238 5270 ‘55“!
3263 5226 3401 5283 palm

162 5292 409 5360 immuta
435 5311 490 5363 et
531 5309 803 5365 nutritum
830 5309 899 5366 de
927 5326 1088 5368 sacro
1116 5312 1266 5370 fonte
1297 5292 1633 5385 susceperat,
1657 5323 1713 5370 et
1820 5313 1990 5371 Credo
2018 5315 2075 5368 in
2102 5329 2266 5368 unum
2298 5311 2467 5366 Deum
2491 5309 2845 5365 sollemnibus
2869 5307 3064 5363 diebus
3085 5302 3293 5361 cantari
3318 5300 3400 5354 in-

1421 5430 1661 5488 "Alll/E
1688 5429 2089 5489 LECTIONES.

221 5502 278 5594 f'"
301 5511 389 5582 qui
409 5514 448 5569 i.
473 5499 655 5576 oleum
677 5550 749 5561 -—
768 5502 957 5580 Xistus
979 5524 1035 5579 in
1059 5505 1249 5579 rasura
1268 5523 1426 5585 unius
1453 5512 1623 5577 auom
1642 5521 1817 5592 primo
1841 5522 2128 5594 scripserat
2154 5519 2328 5590 linere,
2377 5527 2428 5574 et
2470 5518 2526 5574 in
2568 5516 2805 5573 "tamine
2852 5514 2967 5581 Siq.
3023 5526 3136 5567 cur.
3196 5507 3404 5577 tertiis;

162 5572 260 5629 rell.

1658 5658 1888 5740 norm.

225 5759 356 5831 (171)
377 5765 480 5823 CL.
511 5768 654 5827 Bent
