4058 6412
552 401 649 458 151

543 714 685 770 papa
708 696 989 759 introitus,
1018 690 1322 765 gradualia,
1349 685 1625 743 offertoria
1646 691 1701 739 et
1723 681 2139 737 communiones

544 807 613 847 ex
650 789 879 861 psalmis
924 780 1195 842 modulari
1242 778 1642 851 antipbanatim
1689 773 1946 831 instituit.
1981 772 2141 828 Gela-

546 883 664 939 sius
690 880 832 936 ‘47tn
880 894 1019 949 papa
1082 875 1341 932 collectas
1392 880 1446 927 et
1510 867 1842 941 prefationes
1911 878 2141 933 compo-

547 974 677 1029 suit.
749 970 1045 1042 Gregorius
1115 967 1242 1021 61η·
1320 978 1459 1034 papa
1528 958 1875 1030 Kyrieleyson
1905 998 1921 1023 ,
1980 955 2131 1011 Chri-

547 1074 626 1120 ste
649 1063 860 1134 eleyson
880 1070 934 1117 et
963 1058 1199 1121 Alleluia
1216 1066 1371 1111 extra
1407 1050 1919 1124 quinquagesimam
1943 1056 1997 1103 et
2017 1062 2144 1102 ora—

551 1156 757 1210 tionem
780 1150 1136 1215 dominicam,
1180 1162 1278 1218 per
1299 1159 1465 1215 quam
1491 1144 1664 1199 solam
1695 1140 1928 1213 apostoli
1957 1154 2146 1194 conse-

547 1245 796 1311 orabant,
838 1250 967 1313 post
993 1235 1726 1297 canonemconsecrationis
1767 1234 1997 1290 addidit.
2052 1229 2139 1302 ((x‘.

549 1339 726 1410 pom.)
752 1337 837 1391 Ad
878 1336 998 1390 hzec
1031 1333 1215 1389 omnia
1240 1332 1330 1387 hic
1357 1330 1583 1400 Sergius
1616 1329 1720 1383 hoc
1761 1326 2013 1381 ultimum
2049 1323 2146 1378 ad-

549 1431 708 1496 didit,
739 1437 801 1483 ut
850 1428 991 1482 inter
1035 1423 1551 1482 communicandum
1584 1421 1764 1492 Agnus
1815 1418 1908 1472 Dei
1937 1434 1967 1471 a
1997 1417 2144 1472 clero

550 1531 823 1579 cantetur.
856 1518 1154 1574 Constituit
1201 1516 1389 1582 etiam,
1432 1522 1494 1568 ut
1520 1513 1572 1567 in
1599 1508 2013 1567 annuntiatione
2039 1500 2172 1562 Do?

549 1614 707 1683 mini,
733 1615 788 1668 in
823 1611 1116 1668 festivitate
1137 1626 1260 1681 quae
1288 1608 1491 1665 dicitur
1531 1603 1787 1678 ypapanti
1819 1601 2058 1670 Domini,
2092 1602 2147 1655 in

562 1707 851 1764 nativitale
900 1713 955 1761 et
989 1702 1364 1773 assumptione
1393 1707 1597 1756 saneta:
1620 1696 1806 1752 Mariae
1844 1704 2040 1751 exeant
2066 1694 2148 1750 le-

555 1799 741 1854 tanize.
775 1796 875 1855 Hie
916 1812 1117 1867 corpus
1141 1793 1305 1866 primi
1336 1791 1538 1847 Leonis
1559 1805 1712 1861 papae
1737 1788 1922 1845 divina
1945 1786 2153 1843 revela-

1726 383 2087 441 SIGEBERTI
2128 379 2655 441 cernamcexsrs

550 515 730 573 stituit
763 482 1060 569 etdeereto
1098 503 1352 564 secunda:
1382 496 1708 558 universalis
1734 498 1950 571 synodi,
1984 514 2015 552 a
2044 495 2142 551 150
2176 504 2221 563 Α

544 597 1311 681 episcopis.Constantinapoli
1334 595 1637 653 celebratae.
1662 590 1985 646 Caelestinus
2008 589 2134 643 il“
2184 635 2188 638 λ

3726 370 3828 435 1'52

2390 494 2517 549 69‘2.
2638 492 2689 548 6.
2784 480 3021 547 5.15.
3137 492 3188 547 5.
3308 492 3355 545 1.
3468 492 3686 549 8.12.

2314 584 2399 656 (P.
2429 583 2518 655 D.)
2544 582 2736 638 Alahis
2760 583 2868 638 dux
2902 583 3087 651 fugafo
3110 581 3412 654 Clmnipert
3432 600 3658 652 regnum
3690 584 3837 640 Lan-

2241 676 2606 748 gobardorum
2630 674 2852 746 arripit;
2874 676 2963 729 cui
2990 674 3295 745 Cbunipcrt
3315 675 3458 730 bello
3477 691 3832 746 congressus,

2241 784 2366 824 eum
2395 767 2632 838 perimit,
2665 770 3003 837 regnumque
3033 766 3244 836 recipit.
3276 765 3464 836 (Beas,
3493 765 3568 821 Η.
3593 767 3668 839 e.)
3691 768 3836 824 Wil-
3877 786 3880 788 ‘

2242 859 2519 915 librordus
2542 875 2667 915 cum
2688 860 2852 915 sociis
2876 859 2942 912 12
2969 859 3194 915 veniens
3213 859 3282 913 ab
3307 858 3520 930 Anglia,
3546 861 3842 915 sanctitate

2243 953 2324 1009 cla
2336 962 2416 1008 ret
2436 953 2488 1007 in
2515 951 2707 1007 Gallia.
2730 950 2964 1007 Sanctus
3000 950 3440 1022 Wandrigisilus,
3464 951 3560 1022 qui
3587 962 3642 1007 et
3666 951 3842 1007 Wan-

2245 1046 2336 1113 do,
2370 1044 2608 1117 Ansigisi
2640 1044 2868 1115 majoris
2895 1045 3093 1101 domus
3123 1060 3190 1099 ex
3221 1042 3503 1100 Waleliiso
3530 1044 3707 1101 fratre
3730 1061 3842 1100 ne-

2246 1156 2368 1211 pos,
2403 1141 2507 1195 hoc
2533 1148 2777 1209 tempore
2798 1138 3017 1205 claruit,
3053 1138 3148 1208 qui
3172 1138 3398 1194 cenabia
3426 1136 3763 1198 Fiseannum
3786 1147 3845 1194 et

2247 1232 2608 1287 Fontinellam
2634 1230 2745 1286 Deo
2771 1231 3078 1287 construxit
3108 1231 3194 1285 ηδ.

2394 1324 2519 1379 693.
2636 1322 2689 1377 7.
2801 1320 2854 1377 6.
2934 1322 3022 1376 11.
3136 1320 3191 1376 6.
3299 1320 3357 1376 2.
3470 1319 3525 1376 9.
3603 1320 3690 1374 15’.

2321 1415 2500 1487 (Cant.
2534 1413 2584 1469 F
2588 1414 2724 1485 red.)
2757 1413 3131 1469 Theodericus
3174 1428 3267 1467 rex
3315 1411 3655 1468 Francorum
3681 1411 3842 1467 obiit.

2248 1508 2597 1566 Chlodoveus
2627 1502 2772 1562 lilius
2800 1506 2920 1576 ejus
2945 1518 3135 1578 regnat
3149 1513 3282 1575 post
3305 1520 3429 1559 eum
3458 1504 3618 1559 annis
3650 1504 3705 1558 1.
3740 1502 3844 1574 (II.

2252 1603 2351 1675 m.)
2387 1602 2648 1659 Saraceni
2696 1599 2975 1657 Romanos
3027 1598 3356 1669 gravissimo
3388 1597 3531 1652 bello
3574 1603 3848 1651 atterunt.

2254 1696 2443 1769 (Βεω,
2473 1695 2546 1751 H.
2573 1695 2645 1765 e.)
2673 1692 2910 1748 Evaldus
2949 1692 3105 1747 albus
3156 1698 3211 1745 et
3251 1688 3492 1744 Evaldus
3530 1688 3689 1759 niger
3721 1702 3855 1758 pre-

2256 1790 2466 1857 sbiteri,
2503 1788 2781 1843 venientes
2811 1785 2881 1840 ab
2901 1783 3117 1855 Anglia,
3163 1782 3594 1854 martyr-izantur
3624 1781 3681 1836 in
3711 1775 3855 1836 Cal-

554 1893 709 1947 tione
733 1889 1090 1960 transposuit.
1117 1885 1212 1959 (V.
1240 1884 1430 1955 Leod.)
1457 1882 1774 1939 lnnoeentia
1809 1892 1862 1936 et
1891 1880 2144 1936 meritum
2181 1882 2223 1937 Β
2249 1884 2342 1951 lia,
2368 1891 2422 1938 et
2442 1881 2609 1954 jussu
2655 1878 2837 1950 Pipini
2867 1875 3212 1949 sepeliuntur
3238 1874 3293 1928 in
3316 1872 3707 1946 Agrippinensi
3733 1870 3855 1927 Co-

555 1982 731 2037 saneti
754 1977 1073 2050 Leodegarii
1114 1976 1304 2032 multis
1331 1973 1613 2031 miraculis
1643 1964 2010 2028 declarantur.
2043 1967 2145 2041 (H.

558 2075 658 2144 in.)
693 2072 994 2143 Imperator
1043 2084 1231 2142 pacem
1270 2084 1398 2125 cum
1446 2064 1738 2121 Saracenis
1766 2072 1983 2136 pactam
2033 2063 2148 2118 sol-

556 2179 716 2231 vens,
746 2163 892 2218 mala
931 2161 1016 2217 eis
1052 2160 1258 2226 intulit,
1286 2167 1343 2215 et
1373 2157 1560 2229 pejora
1583 2157 1653 2212 ab
1680 2156 1760 2211 eis
1783 2153 2024 2225 pertulit.
2056 2152 2145 2225 (G.

557 2272 607 2311 r.
642 2253 738 2325 F.)
767 2253 1071 2321 Ebroinum
1089 2251 1356 2322 majorem
1377 2245 1884 2313 damus-Neustriae,
1908 2244 2151 2300 Francos

560 2347 864 2402 insolenter
887 2345 1305 2414 opprimentem,
1329 2340 1571 2396 Ermenft
1583 2339 1708 2395 idus
1737 2339 1975 2410 perimit,
2007 2346 2062 2393 et
2080 2337 2152 2393 ad

555 2438 809 2510 Pipinum
841 2436 1110 2507 confugit.
1142 2435 1408 2490 Waratho
1436 2448 1536 2505 pro
1581 2431 1824 2488 Ebraino
1852 2431 2029 2501 major
2053 2429 2154 2486 da-

556 2544 682 2587 mus
713 2530 978 2585 statuitur
1009 2530 1096 2583 "’.
2021 2581 2024 2583 Α

705 2622 830 2689 639.
909 2620 975 2675 Β.
1012 2621 1065 2675 5.
1145 2617 1288 2672 5.2.
1365 2617 1425 2672 F.
1458 2616 1545 2672 10.
1622 2615 1683 2671 L.
1722 2615 1776 2671 2.
1852 2615 1917 2669 A.
1952 2615 2007 2668 ‘2.

1158 2708 1248 2764 W.
1275 2710 1328 2765 5.
1381 2707 1443 2764 Β.
1477 2709 1549 2765 9.|

642 2801 740 2873 (ll.
760 2799 857 2873 m.)
878 2799 1224 2856 Justiuianus
1240 2814 1428 2869 pacem
1447 2811 1571 2854 cum
1593 2795 1919 2866 Bulgaribus
1939 2801 2156 2865 pactam

560 2896 748 2963 solvit,
794 2895 985 2964 eisque
1025 2906 1361 2948 concurrens
1412 2891 1591 2961 primo
1641 2887 1787 2955 vicit,
1830 2897 1955 2958 post
1979 2888 2049 2943 ab
2078 2888 2158 2944 eis

560 2996 822 3059 exceptus
859 2987 943 3041 vix
987 2984 1181 3041 evasit.
1217 2982 1394 3055 (Cant.
1434 2981 1621 3049 Fred.)
1654 2980 1800 3036 lnter
1826 2979 2077 3051 Pipinum
2104 2987 2159 3033 et

565 3080 941 3135 Cissemarum
972 3076 1141 3131 ﬁlium
1173 3074 1530 3130 Waratbonis
1563 3072 1705 3143 apud
1730 3070 2038 3127 Namueum
2068 3087 2159 3126 ea-

566 3181 743 3228 strum
784 3185 966 3241 pugna
1005 3167 1386 3223 committitur.
1436 3163 1544 3221 Nec
1599 3165 1772 3220 multo
1809 3172 1935 3236 post
1971 3162 2158 3219 Cisse—

567 3280 723 3319 maro
752 3262 1017 3318 divinitus
1042 3260 1254 3330 punito,
1294 3258 1627 3314 Waratbone
1654 3272 1876 3328 quoque
1919 3266 2157 3321 mortuo,
2190 3239 2233 3297 (ἶ

569 3355 850 3410 Bertarius
869 3369 1035 3425 gener
1054 3351 1407 3407 Warathonis
1431 3352 1488 3405 lit
1503 3349 1678 3420 major
1694 3350 1892 3405 damus
1914 3348 2015 3403 sub
2035 3362 2161 3419 rege

572 3446 930 3505 Theoderico.

713 3538 838 3592 690.
953 3538 1005 3592 4.
1119 3536 1336 3590 3.11.
1449 3534 1501 3588 5.
1617 3534 1669 3589 '5.
1783 3531 1836 3587 6.
1952 3529 2037 3585 10.

643 3628 732 3701 (G.
765 3647 807 3683 ν.
844 3628 936 3697 ι’.)
985 3628 1218 3682 Sanctus
1250 3627 1545 3682 Audoenus
1581 3623 2000 3694 Rotomagensis
2044 3622 2162 3693 cpi-

571 3739 774 3794 scopus
807 3722 942 3777 obiit
977 3721 1063 3774 ³⁸³.
1092 3719 1282 3791 (Βεω,
1317 3717 1389 3773 Η.
1431 3717 1503 3789 c.)
1540 3716 1862 3772 Theodorus
1891 3714 2162 3784 archiepi-

575 3831 778 3888 scopus
805 3815 1105 3886 Anglorum
1128 3812 1288 3866 obiit.
1328 3809 1505 3881 (Cant.
1542 3807 1590 3861 F
1594 3806 1731 3878 red.)
1754 3806 1948 3862 Franci
1973 3805 2164 3861 Berta-

571 3910 658 3966 rio
687 3908 888 3975 aversi,
922 3907 1178 3961 affectant
1227 3918 1326 3972 per
1365 3902 1586 3959 obsides
1624 3901 1923 3957 amicitiam
1965 3898 2165 3971 Pipini,

573 4018 811 4071 eumque
842 4002 1104 4072 instigant
1134 4008 1324 4056 contra
1349 3995 1713 4069 principatum
1734 3993 1983 4049 Bertarii.

725 4093 852 4146 691.
964 4092 1017 4146 5'.
1132 4091 1352 4146 4.12.
1467 4089 1521 4143 4.
1635 4086 1688 4141 4.
1803 4085 2019 4140 7.11.

652 4181 1025 4238 Theodericus
1047 4198 1141 4236 rex
1157 4197 1282 4236 cum
1304 4179 1571 4247 Bcrtario,
1592 4176 1789 4249 l’ipino
1811 4192 2165 4248 congressus,

572 4276 841 4342 vincitur;
895 4273 1173 4330 Bertarius
1223 4289 1251 4329 a
1286 4274 1399 4329 suis
1433 4271 1738 4343 perimitur.
1795 4269 2171 4323 Theodericus

536 4394 537 4397 η
577 4384 670 4422 rex
704 4382 733 4421 a
760 4366 956 4436 Pipino
982 4367 1213 4436 capitur.
1256 4365 1481 4435 Pipinus
1509 4361 1821 4418 Nenstriam
1846 4360 1951 4415 sibi
1974 4358 2168 4428 subju—

577 4470 687 4533 gat,
710 4471 765 4515 et
787 4462 890 4517 sub
930 4460 1266 4516 Theode:ico
1289 4459 1441 4515 solus
1470 4457 1573 4513 toti
1606 4472 1780 4527 regno
1812 4452 2170 4525 priueipando

577 4562 779 4609 statum
829 4569 1011 4609 rerum
1059 4553 1329 4608 meliorat.
1366 4548 1628 4605 Sanctum
1652 4562 1871 4618 quoque
1911 4544 2169 4599 Lamber-

2251 1975 2419 2033 lonia.

2392 2066 2518 2123 694.
2629 2063 2683 2119 8.
2799 2060 2850 2117 7.
2966 2060 3016 2116 1.
3132 2059 3183 2115 7.
3295 2056 3688 2114 5.10.14.

2324 2152 2460 2229 (1b.)
2504 2153 2735 2226 Pipinus
2779 2151 3103 2207 Rabbodum
3150 2150 3343 2205 ducem
3371 2143 3677 2204 Fresonum
3703 2142 3858 2201 bello

2253 2249 2414 2316 vicit;
2446 2258 2500 2305 et
2527 2245 2941 2303 Willibrordum
2960 2243 3227 2316 gentiiili
3248 2242 3316 2297 ad
3346 2240 3743 2313 pred-ieandum
3768 2238 3862 2295 di-

2255 2341 2631 2415 rigit.Kyliani
2660 2336 3126 2408 Wirziburgensis
3156 2334 3398 2406 episcopi
3424 2332 3734 2403 discipulus
3748 2331 3861 2386 Ar-

2257 2437 2386 2492 nual
2413 2436 2468 2489 in
2506 2434 2701 2499 Gallia,
2738 2431 3055 2485 Adamanus
3078 2429 3269 2492 abbas,
3304 2426 3606 2481 Adhclmus
3635 2435 3691 2480 et
3708 2419 3892 2479 \V‘ii-'

2258 2528 2362 2584 frid
2388 2526 2626 2598 episcopi
2651 2524 2859 2580 clarcnt
2882 2523 2934 2577 in
2967 2521 3153 2592 Anglia
3190 2521 3275 2574 ηε.

2405 2618 2531 2673 695.
2643 2615 2697 2671 9.
2811 2614 2864 2668 8.
2976 2612 3030 2666 2.
3144 2610 3197 2665 8.
3311 2608 3703 2664 4.·11.15.

2333 2711 2420 2783 (ϐ.
2448 2709 2622 2783 pant.)
2672 2706 3021 2763 Justinianus
3065 2704 3361 2774 imperator
3405 2710 3650 2758 sanetam
3684 2716 3864 2773 syno-

2257 2805 2389 2862 dum
2414 2803 2693 2857 inlirmare
2715 2799 2928 2865 nititur,
2950 2805 3006 2852 et
3037 2794 3287 2866 Sergium
3315 2792 3592 2865 papam'in
3615 2792 3725 2847 hoc
3744 2792 3864 2848 sibi

2258 2897 2602 2954 resistentem
2646 2891 2891 2949 aceclesia
2914 2888 3207 2944 deturbare
3231 2886 3434 2942 frustra
3466 2887 3714 2940 molitur.
3747 2874 3859 2955 (11.

2261 2987 2358 3059 m.)
2400 2985 2639 3042 Defectio
2669 2982 2802 3040 solis
2853 2980 2994 3037 facta
3015 2988 3101 3036 est
3136 2980 3271 3035 hora
3303 2978 3411 3034 dici
3439 2978 3636 3046 tertia;
3683 2977 3762 3032 ita
3797 2986 3866 3032 ut

2260 3081 2507 3153 quaedam
2540 3078 2686 3134 clare
2713 3075 2881 3133 stella:
2910 3081 3165 3144 parerent
3195 3071 3280 3126 ¹²⁶.

2405 3166 2697 3223 696.10.
2809 3166 2863 3220 9.
2978 3164 3031 3218 5.
3146 3162 3202 3216 1).
3314 3156 3702 3215 5.12.16.

2337 3239 2415 3310 (11
2423 3281 2435 3294 .
2466 3238 2562 3309 in.)
2588 3237 2698 3291 Leo
2721 3235 2983 3307 patricius
3033 3231 3409 3288 Justinianum
3457 3244 3629 3301 regno
3651 3227 3868 3299 privat,

2261 3348 2497 3403 cumque
2529 3346 2665 3386 naso
2690 3340 2739 3385 el
2790 3329 2974 3399 lingua
3005 3332 3317 3381 truncatum
3349 3322 3405 3377 in
3427 3322 3590 3377 exilio
3626 3321 3868 3391 relegat.

2266 3423 2409 3479 Beda
2439 3423 2708 3494 presbiter
2733 3429 2787 3475 ct
2812 3418 3117 3473 monachus
3145 3417 3358 3470 elarens
3404 3414 3459 3467 in
3499 3410 3718 3482 Anglia,
3759 3409 3874 3466 tri-

2263 3518 2527 3573 cesimum
2576 3513 2752 3569 aetatis
2789 3527 2993 3567 annum
3053 3509 3185 3581 agit,
3221 3516 3276 3562 ct
3305 3507 3576 3577 reliquum
3635 3510 3873 3573 tempus

2262 3612 2388 3666 vitae
2414 3608 2662 3681 legendo,
2706 3606 2990 3661 tractando
3012 3612 3066 3658 et
3086 3601 3411 3672 exponendo
3435 3605 3682 3654 sanctam
3716 3596 3875 3652 scri-

2265 3715 2478 3774 pluram
2520 3699 2725 3754 utiliter
2746 3697 2932 3767 exigit.

2407 3793 2534 3849 697.
2650 3792 2701 3846 1.
2782 3789 2867 3843 10.
2981 3789 3036 3842 4.
3118 3784 3205 3841 10.
3320 3783 3374 3837 6.
3456 3783 3541 3837 15.
3621 3780 3711 3835 17.

2338 3882 2497 3957 (ἂν.
2527 3881 2620 3953 F.)
2664 3881 2878 3935 Mortuo
2934 3877 3237 3941 Clodoveo,
3291 3873 3637 3931 Hildebertus
3690 3869 3878 3925 frater

2265 3979 2385 4049 ejus
2414 3984 2605 4048 regnat
2630 3981 2753 4046 post
2778 3987 2906 4028 eum
2930 3968 3089 4025 annis
3121 3967 3209 4024 16.
3244 3965 3436 4038 (Βευλ,
3465 3960 3537 4017 Il.
3571 3960 3645 4031 e.)
3677 3958 3877 4015 Willi-

2268 4070 2428 4127 brord
2438 4087 2501 4124 us
2520 4085 2550 4123 a
2575 4065 2766 4137 Sergio
2807 4078 2947 4136 papa
2979 4061 3235 4118 Clemens
3277 4055 3697 4128 ammiratus,
3712 4061 3777 4108 et
3802 4053 3881 4108 ad

2269 4158 2659 4232 predicandurn
2681 4156 2827 4227 genti
2850 4153 3155 4209 Fresonum
3170 4149 3465 4220 episcopus
3478 4151 3879 4211 consectatus,

2269 4271 2336 4310 ex
2363 4254 2510 4308 dono
2536 4250 2716 4321 Pipini
2745 4247 3011 4320 principis
3030 4306 3034 4311 _
3056 4244 3240 4301 sedem
3277 4239 3642 4311 episcopalem
3668 4235 3885 4291 statuit

2271 4349 2326 4404 in
2367 4349 2489 4403 loco
2524 4342 2865 4400 Yultabcrch
2918 4341 3088 4407 dicto,
3136 4337 3230 4409 qui
3277 4349 3424 4390 nunc
3459 4329 3876 4399 Vultrajccturn

2271 4457 2303 4498 a
2327 4440 2548 4496 nomine
2587 4437 2766 4509 gentis
2796 4433 3080 4488 Vultarum
3110 4439 3163 4485 et
3190 4428 3444 4499 Trajecto
3466 4421 3879 4491 compositum,

2274 4533 2432 4606 quasi
2475 4531 2758 4584 V’ultarum
2813 4526 3092 4598 oppidum.
3148 4521 3268 4576 Non
3323 4517 3635 4587 Trajectum
3676 4512 3917 4582 lingua.

577 4653 694 4700 tum
735 4645 788 4698 in
821 4596 2164 4716 e.)
2203 4596 2241 4648 ῃ
2269 4596 2493 4683 Callira
2523 4622 2785 4695 oppidum
2839 4596 3059 4674 dicitur.
3096 4615 3252 4687 (Vita
3284 4606 3617 4716 Kil.)nAplud
3660 4603 3883 4660 Wirzi-

580 4734 817 4792 Sanetus
845 4733 1135 4792 Rcmaclns
1163 4739 1266 4792 hoe
1288 4752 1443 4790 anno
1473 4735 1678 4791 abiisse
1723 4732 1941 4787 dicitur.
1976 4727 2166 4782 Wich-

580 4829 697 4883 tred
725 4829 870 4883 filius
901 4827 1110 4900 Egberti
1138 4830 1303 4900 regis,
1332 4828 1598 4898 religione
1628 4833 1682 4880 et
1730 4820 2015 4877 industria
2038 4834 2170 4874 con-

580 4920 834 4987 fortatus,
880 4930 1093 4993 gentem
1142 4921 1441 4992 Anglorum
1474 4919 1544 4973 ab
1565 4915 1920 4987 oppressione
1953 4921 2172 4968 extere-

580 5029 701 5068 rum
731 5014 944 5081 liberat,
974 5023 1028 5069 et
1049 5029 1212 5084 super
1233 5029 1330 5068 eos
1349 5012 1419 5068 55
1442 5010 1603 5065 annis
1629 5014 1836 5076 regnat.

2272 4721 2443 4776 burch
2472 4726 2712 4773 castrum
2744 4709 3133 4769 Ostrofrancia:
3173 4716 3396 4785 sanctus
3425 4700 3715 4758 Chilianus
3740 4714 3883 4754 cum

2273 4811 2558 4882 discipulis
2600 4808 2716 4864 suis
2740 4806 3084 4861 Colomanno
3113 4811 3167 4857 et
3202 4800 3509 4855 Tolmanno
3533 4798 3674 4853 clam
3715 4808 3886 4848 mar-

2273 4906 2540 4979 tyrizatur
2564 4918 2594 4957 a
2625 4899 2869 4965 Geilana,
2900 4912 3072 4952 uxore
3094 4892 3350 4951 Gozberti
3378 4889 3639 4962 principis
3661 4885 3887 4939 Wirzi-

2277 4995 2649 5068 burgcntium,
2699 5007 2820 5063 quae
2867 4989 3093 5046 timebat
3139 4983 3384 5056 separari
3424 4998 3455 5037 a
3484 4981 3602 5036 viro
3626 4993 3760 5044 suo,
3787 4992 3890 5032 ar-

1933 5179 2168 5237 VARUE
2207 5171 2608 5234 LECTIONES.

657 5357 722 5387 ¹¹²
750 5353 877 5409 Post
916 5354 1026 5409 lucc
1056 5368 1209 5406 erasa
1236 5359 1311 5403 est
1343 5347 1483 5402 linea
1517 5361 1622 5399 una
1652 5353 1698 5398 et
1731 5341 1980 5403 dimidia,
2011 5337 2268 5409 incipiens
2303 5331 2658 5409 :‘Ansigisus.
2704 5369 2717 5381 .
2760 5368 2773 5381 .
2802 5367 2890 5409 7..,
2935 5365 2947 5377 .
2996 5323 3219 5377 Exhibet
3247 5336 3310 5374 ea
3334 5334 3470 5409 quas
3495 5315 3560 5370 Α.
3599 5317 3678 5368 ita
3708 5317 3893 5409 :nAn-

583 5408 787 5497 sigisus
810 5408 963 5497 pater
993 5422 1263 5497 l’ippinia
1291 5419 1586 5475 Gundnirzo
1616 5408 2194 5497 periniitu‘r.'QuemJi

583 5445 627 5483 81
671 5445 787 5482 ιευε
810 5445 963 5497 pater
993 5445 1207 5493 l'||l|)llll
1234 5445 1263 5475 ἰι
1291 5445 1586 5475 υιῐιιυιιιι.υ
1616 5445 1888 5486 νυιιιιυιυ·
1909 5453 1922 5465 .
1956 5445 2131 5477 ηυυιιι
2181 5445 2194 5460 ι

582 5445 665 5553 ad;
679 5499 951 5552 maximos
974 5495 1182 5550 militia:
1204 5493 1440 5546 honores
1460 5493 1802 5560 provexerat.
1847 5482 1950 5537 Sed
1979 5489 2102 5604 goat
2130 5478 2194 5532 de

584 5585 615 5604 ιι
661 5568 766 5604 ητις
798 5567 1041 5604 Ιοιηηιιιη·
1060 5581 1073 5593 ·
1109 5564 1216 5604 P.3-
1250 5562 1305 5604 ὅτι
1335 5560 1434 5604 lima
1463 5559 1587 5604 nimi
1612 5556 1802 5604 habent
1829 5553 1950 5604 133'.
2029 5591 2066 5604 ..
2095 5550 2152 5603 in
2174 5566 2194 5603 ὃ

2029 5591 2066 5617 .,
2095 5550 2152 5603 in
2174 5546 2411 5617 sequenti
2438 5540 2579 5617 anno
2600 5540 2723 5595 Cl‘.

1182 5598 1845 5685 'iI'ﬁéi'IVhEﬂnZVinéa
1868 5598 2153 5687 erasa,,1§.
2187 5598 2472 5687 adscripsit
2498 5629 2516 5668 :
2540 5612 2687 5687 Gens
2714 5607 3169 5687 —_cori_\'ertitur,
3194 5603 3333 5674 quod
3360 5619 3481 5687 ‘t‘ma
3504 5616 3623 5653 eum
3655 5598 3896 5687 reliquis

583 5585 635 5622 α.
661 5568 766 5622 676
796 5567 1073 5638 leguntur;
1109 5562 1313 5638 Caijtl
1332 5553 1587 5638 [ineanni
1612 5556 1802 5638 habent
1829 5553 1950 5608 133‘.

584 5638 696 5710 Sig.
726 5637 1066 5710 cur.:tertiis._

584 5691 1149 5773 indici.radditionibus
1180 5703 1443 5756 dabimus.
1481 5700 1655 5773 Erasa
1692 5714 1828 5773 unus
1852 5696 1917 5773 A_.
1953 5692 2158 5773 exhibet
2184 5691 2317 5773 ita:

2196 5424 2264 5531 lci

2266 5422 2296 5460 e
2325 5390 2606 5458 inveniunt
2632 5409 2687 5454 et
2718 5398 2984 5453 nutritum
3022 5405 3076 5448 et
3107 5409 3136 5448 a
3163 5408 3322 5448 sacro
3353 5390 3504 5445 fonte
3528 5395 3890 5457 susceptum,

2271 5483 2476 5523 nsunt:
2505 5473 2576 5523 cf.
2609 5488 2661 5523 a.
2694 5468 2818 5523 685.
2899 5467 2966 5498 ¹²³
2999 5464 3056 5519 S.
3082 5464 3147 5518 A.
3178 5462 3244 5516 Β.
3271 5477 3320 5517 e.
3353 5476 3408 5515 o.
3440 5459 3627 5513 desunt
3660 5457 3759 5523 A.,
3795 5456 3894 5510 ubi

2271 5483 2476 5539 asunt;
2505 5473 2576 5543 cf.
2609 5488 2661 5525 a.
2694 5468 2818 5524 685.
2899 5467 2966 5498 ¹²³
2999 5467 3056 5519 S.
3082 5467 3147 5518 A.
3178 5467 3244 5516 11.
3271 5477 3320 5517 e.
3353 5476 3408 5515 ο.
3440 5467 3627 5513 desunt
3660 5467 3759 5523 A.,
3795 5467 3893 5510 ubi

2271 5546 2411 5592 ιιριιιί
2438 5559 2577 5592 anno
2600 5540 2723 5592 Cl‘.
2804 5537 2873 5570 m
2897 5536 2956 5592 ln
2977 5534 3152 5591 Gallia
3171 5564 3242 5573 -—
3264 5530 3574 5588 construxit
3600 5530 3657 5582 in
3684 5544 3897 5581 rasura

2394 5702 2527 5756 egga
2570 5682 2759 5756 relicta
2786 5678 3027 5756 Ansigisi
3067 5669 3217 5756 se
3239 5688 3339 5728 sua
3360 5671 3469 5756 Deo
3494 5669 3804 5756 mancipat,
3840 5679 3899 5723 et

779 5741 1994 5848 laudat.
2186 5741 2354 5848 igitur
2379 5741 2492 5826 Sig}:
2517 5755 2690 5848 prima
2713 5741 3020 5823 scripscrvat,
3047 5748 3137 5803 sed
3161 5748 3216 5803 in
3244 5742 3475 5816 secunda
3498 5741 3732 5795 editione
3757 5756 3896 5795 suv-

588 5826 1589 5918 Sisini'iii'bérééné':inrorant
1625 5840 1775 5895 addit
1806 5837 1934 5891 Ans.
1975 5842 2031 5888 ut
2063 5832 2167 5887 vid.
2186 5826 2225 5897 ;’
2243 5828 2359 5885 rell.
2397 5835 2589 5898 ιιι-ωεστ
2614 5826 2679 5879 A.
