  <div class='ocr_page' id='page_1' title='image "/cluster/home/n/w/nwhite01/storage/ocr_20150623/160/hvd.32044015473846/072.png"; bbox 0 0 4046 6318; ppageno 0'>
   <div class='ocr_carea' id='block_1_1' title="bbox 222 332 336 394">
    <p class='ocr_par' dir='ltr' id='par_1_1' title="bbox 222 332 336 394">
     <span class='ocr_line' id='line_1_1' title="bbox 222 332 336 394; baseline -0.009 0"><span class='ocrx_word' id='word_1_1' title='bbox 222 332 336 394; x_wconf 56' lang='grc' dir='ltr'><strong>ΙΏ</strong></span> 
     </span>
    </p>
   </div>
   <div class='ocr_carea' id='block_1_2' title="bbox 1694 332 2064 390">
    <p class='ocr_par' dir='ltr' id='par_1_2' title="bbox 1694 332 2064 390">
     <span class='ocr_line' id='line_1_2' title="bbox 1694 332 2064 390; baseline -0.003 0"><span class='ocrx_word' id='word_1_2' title='bbox 1694 332 2039 390; x_wconf 77' lang='lat' dir='ltr'><strong>CHRONICA</strong></span> <span class='ocrx_word' id='word_1_3' title='bbox 2050 373 2064 389; x_wconf 94' lang='lat'><strong>.</strong></span> 
     </span>
    </p>
   </div>
   <div class='ocr_carea' id='block_1_3' title="bbox 3350 340 3495 422">
    <p class='ocr_par' dir='ltr' id='par_1_3' title="bbox 3350 340 3495 422">
     <span class='ocr_line' id='line_1_3' title="bbox 3350 340 3495 422; baseline -0.007 -26"><span class='ocrx_word' id='word_1_4' title='bbox 3350 384 3357 422; x_wconf 50' lang='grc' dir='ltr'>ε</span> <span class='ocrx_word' id='word_1_5' title='bbox 3396 340 3495 396; x_wconf 74' lang='grc' dir='ltr'><strong>ιει</strong></span> 
     </span>
    </p>
   </div>
   <div class='ocr_carea' id='block_1_4' title="bbox 218 446 3492 527">
    <p class='ocr_par' dir='ltr' id='par_1_4' title="bbox 218 446 3492 527">
     <span class='ocr_line' id='line_1_4' title="bbox 218 446 3492 527; baseline -0.001 -16"><span class='ocrx_word' id='word_1_6' title='bbox 218 463 422 527; x_wconf 77' lang='lat' dir='ltr'><strong>guente</strong></span> <span class='ocrx_word' id='word_1_7' title='bbox 448 469 577 511; x_wconf 77' lang='lat' dir='ltr'><strong>eum</strong></span> <span class='ocrx_word' id='word_1_8' title='bbox 626 450 900 519; x_wconf 71' lang='lat' dir='ltr'><strong>Lniliano,</strong></span> <span class='ocrx_word' id='word_1_9' title='bbox 934 450 1081 522; x_wconf 84' lang='lat' dir='ltr'><strong>quod</strong></span> <span class='ocrx_word' id='word_1_10' title='bbox 1123 465 1243 527; x_wconf 88' lang='lat' dir='ltr'><strong>eam</strong></span> <span class='ocrx_word' id='word_1_11' title='bbox 1274 466 1501 510; x_wconf 77' lang='lat' dir='ltr'><strong>uxorem</strong></span> <span class='ocrx_word' id='word_1_12' title='bbox 1533 450 1808 523; x_wconf 85' lang='lat' dir='ltr'><strong>quondam</strong></span> <span class='ocrx_word' id='word_1_13' title='bbox 1839 455 1880 509; x_wconf 82' lang='grc' dir='ltr'><strong>Α</strong></span> <span class='ocrx_word' id='word_1_14' title='bbox 1909 448 2068 503; x_wconf 73' lang='lat' dir='ltr'><strong>Sidet.</strong></span> <span class='ocrx_word' id='word_1_15' title='bbox 2100 446 2196 519; x_wconf 82' lang='lat' dir='ltr'><strong>(H.</strong></span> <span class='ocrx_word' id='word_1_16' title='bbox 2230 450 2324 522; x_wconf 74' lang='lat' dir='ltr'><strong>in.)</strong></span> <span class='ocrx_word' id='word_1_17' title='bbox 2352 446 2703 507; x_wconf 79' lang='lat' dir='ltr'><strong>Justinianus</strong></span> <span class='ocrx_word' id='word_1_18' title='bbox 2728 452 2793 507; x_wconf 84' lang='lat' dir='ltr'><strong>de</strong></span> <span class='ocrx_word' id='word_1_19' title='bbox 2823 452 2987 507; x_wconf 76' lang='lat' dir='ltr'><strong>cxiho</strong></span> <span class='ocrx_word' id='word_1_20' title='bbox 3027 451 3259 526; x_wconf 77' lang='lat' dir='ltr'><strong>fugiens,</strong></span> <span class='ocrx_word' id='word_1_21' title='bbox 3288 453 3352 508; x_wconf 82' lang='lat' dir='ltr'><strong>ad</strong></span> <span class='ocrx_word' id='word_1_22' title='bbox 3384 452 3492 507; x_wconf 78' lang='lat' dir='ltr'><strong>(2a-</strong></span> 
     </span>
    </p>
   </div>
   <div class='ocr_carea' id='block_1_5' title="bbox 214 541 2940 617">
    <p class='ocr_par' dir='ltr' id='par_1_5' title="bbox 214 541 2940 617">
     <span class='ocr_line' id='line_1_5' title="bbox 214 541 2940 617; baseline -0.002 -11"><span class='ocrx_word' id='word_1_23' title='bbox 214 548 411 606; x_wconf 74' lang='lat' dir='ltr'><strong>fratris</strong></span> <span class='ocrx_word' id='word_1_24' title='bbox 455 547 596 617; x_wconf 82' lang='lat' dir='ltr'><strong>ejus,</strong></span> <span class='ocrx_word' id='word_1_25' title='bbox 634 546 801 602; x_wconf 89' lang='lat' dir='ltr'><strong>etiam</strong></span> <span class='ocrx_word' id='word_1_26' title='bbox 852 546 967 616; x_wconf 90' lang='lat' dir='ltr'><strong>ipse</strong></span> <span class='ocrx_word' id='word_1_27' title='bbox 1004 559 1246 600; x_wconf 76' lang='lat' dir='ltr'><strong>uxorem</strong></span> <span class='ocrx_word' id='word_1_28' title='bbox 1287 545 1529 601; x_wconf 78' lang='lat' dir='ltr'><strong>haberet.</strong></span> <span class='ocrx_word' id='word_1_29' title='bbox 1561 542 1806 611; x_wconf 86' lang='lat' dir='ltr'><strong>Quorum</strong></span> <span class='ocrx_word' id='word_1_30' title='bbox 1905 541 2098 606; x_wconf 88' lang='lat' dir='ltr'><strong>janum</strong></span> <span class='ocrx_word' id='word_1_31' title='bbox 2130 557 2308 611; x_wconf 84' lang='lat' dir='ltr'><strong>regem</strong></span> <span class='ocrx_word' id='word_1_32' title='bbox 2337 542 2576 598; x_wconf 76' lang='lat' dir='ltr'><strong>Avarum</strong></span> <span class='ocrx_word' id='word_1_33' title='bbox 2606 560 2663 599; x_wconf 87' lang='lat' dir='ltr'><strong>se</strong></span> <span class='ocrx_word' id='word_1_34' title='bbox 2692 545 2940 602; x_wconf 73' lang='lat' dir='ltr'><strong>contulit.</strong></span> 
     </span>
    </p>
   </div>
   <div class='ocr_carea' id='block_1_6' title="bbox 214 633 1808 705">
    <p class='ocr_par' dir='ltr' id='par_1_6' title="bbox 214 633 1808 705">
     <span class='ocr_line' id='line_1_6' title="bbox 214 633 1808 705; baseline -0.004 -12"><span class='ocrx_word' id='word_1_35' title='bbox 214 654 375 695; x_wconf 88' lang='lat' dir='ltr'><strong>mors</strong></span> <span class='ocrx_word' id='word_1_36' title='bbox 402 653 528 693; x_wconf 87' lang='lat' dir='ltr'><strong>cum</strong></span> <span class='ocrx_word' id='word_1_37' title='bbox 559 636 650 694; x_wconf 91' lang='lat' dir='ltr'><strong>diu</strong></span> <span class='ocrx_word' id='word_1_38' title='bbox 676 651 870 691; x_wconf 88' lang='lat' dir='ltr'><strong>omnes</strong></span> <span class='ocrx_word' id='word_1_39' title='bbox 895 635 1107 701; x_wconf 88' lang='lat' dir='ltr'><strong>lateret,</strong></span> <span class='ocrx_word' id='word_1_40' title='bbox 1129 633 1352 695; x_wconf 87' lang='lat' dir='ltr'><strong>Geilana</strong></span> <span class='ocrx_word' id='word_1_41' title='bbox 1382 642 1436 689; x_wconf 89' lang='lat' dir='ltr'><strong>et</strong></span> <span class='ocrx_word' id='word_1_42' title='bbox 1462 634 1808 705; x_wconf 86' lang='lat' dir='ltr'><strong>percussori-</strong></span> 
     </span>
    </p>
   </div>
   <div class='ocr_carea' id='block_1_7' title="bbox 212 724 1809 799">
    <p class='ocr_par' dir='ltr' id='par_1_7' title="bbox 212 724 1809 799">
     <span class='ocr_line' id='line_1_7' title="bbox 212 724 1809 799; baseline -0.002 -14"><span class='ocrx_word' id='word_1_43' title='bbox 212 730 326 786; x_wconf 83' lang='lat' dir='ltr'><strong>bus</strong></span> <span class='ocrx_word' id='word_1_44' title='bbox 372 737 677 799; x_wconf 76' lang='lat' dir='ltr'><strong>martyrum</strong></span> <span class='ocrx_word' id='word_1_45' title='bbox 707 742 738 781; x_wconf 89' lang='lat' dir='ltr'><strong>a</strong></span> <span class='ocrx_word' id='word_1_46' title='bbox 763 725 1035 789; x_wconf 76' lang='lat' dir='ltr'><strong>daemonio</strong></span> <span class='ocrx_word' id='word_1_47' title='bbox 1070 727 1324 798; x_wconf 75' lang='lat' dir='ltr'><strong>arreptis,</strong></span> <span class='ocrx_word' id='word_1_48' title='bbox 1352 741 1545 784; x_wconf 89' lang='lat' dir='ltr'><strong>eorum</strong></span> <span class='ocrx_word' id='word_1_49' title='bbox 1590 724 1809 782; x_wconf 85' lang='lat' dir='ltr'><strong>confes-</strong></span> 
     </span>
    </p>
   </div>
   <div class='ocr_carea' id='block_1_8' title="bbox 211 819 817 892">
    <p class='ocr_par' dir='ltr' id='par_1_8' title="bbox 211 819 817 892">
     <span class='ocr_line' id='line_1_8' title="bbox 211 819 817 892; baseline -0.003 -17"><span class='ocrx_word' id='word_1_50' title='bbox 211 822 377 876; x_wconf 81' lang='lat' dir='ltr'><strong>sione</strong></span> <span class='ocrx_word' id='word_1_51' title='bbox 413 819 689 892; x_wconf 82' lang='lat' dir='ltr'><strong>divulgata</strong></span> <span class='ocrx_word' id='word_1_52' title='bbox 713 828 817 876; x_wconf 89' lang='lat' dir='ltr'><strong>est.</strong></span> 
     </span>
    </p>
   </div>
   <div class='ocr_carea' id='block_1_9' title="bbox 206 908 1804 981">
    <p class='ocr_par' dir='ltr' id='par_1_9' title="bbox 206 908 1804 981">
     <span class='ocr_line' id='line_1_9' title="bbox 206 908 1804 981; baseline -0.002 -14"><span class='ocrx_word' id='word_1_53' title='bbox 206 911 344 967; x_wconf 65' lang='lat'><strong>’398.</strong></span> <span class='ocrx_word' id='word_1_54' title='bbox 379 910 447 966; x_wconf 70' lang='grc' dir='ltr'><strong>Β.</strong></span> <span class='ocrx_word' id='word_1_55' title='bbox 488 910 765 981; x_wconf 70' lang='lat'><strong>2.8.11.</strong></span> <span class='ocrx_word' id='word_1_56' title='bbox 794 910 855 966; x_wconf 87' lang='lat' dir='ltr'><strong>F.</strong></span> <span class='ocrx_word' id='word_1_57' title='bbox 886 913 934 965; x_wconf 87' lang='lat'><strong>1.</strong></span> <span class='ocrx_word' id='word_1_58' title='bbox 961 909 1023 966; x_wconf 92' lang='lat' dir='ltr'><strong>L.</strong></span> <span class='ocrx_word' id='word_1_59' title='bbox 1068 911 1153 965; x_wconf 91' lang='grc'><strong>11.</strong></span> <span class='ocrx_word' id='word_1_60' title='bbox 1196 912 1261 967; x_wconf 82' lang='grc' dir='ltr'><strong>Α.</strong></span> <span class='ocrx_word' id='word_1_61' title='bbox 1300 909 1351 964; x_wconf 93' lang='lat'><strong>7.</strong></span> <span class='ocrx_word' id='word_1_62' title='bbox 1385 909 1473 965; x_wconf 87' lang='lat' dir='ltr'><strong>W.</strong></span> <span class='ocrx_word' id='word_1_63' title='bbox 1510 910 1595 966; x_wconf 72' lang='grc'><strong>14.</strong></span> <span class='ocrx_word' id='word_1_64' title='bbox 1627 908 1687 963; x_wconf 89' lang='grc' dir='ltr'><strong>Β.</strong></span> <span class='ocrx_word' id='word_1_65' title='bbox 1720 908 1804 964; x_wconf 90' lang='grc'><strong>18.</strong></span> 
     </span>
    </p>
   </div>
   <div class='ocr_carea' id='block_1_10' title="bbox 286 1000 1808 1074">
    <p class='ocr_par' dir='ltr' id='par_1_10' title="bbox 286 1000 1808 1074">
     <span class='ocr_line' id='line_1_10' title="bbox 286 1000 1808 1074; baseline 0.001 -19"><span class='ocrx_word' id='word_1_66' title='bbox 286 1002 511 1074; x_wconf 46' lang='lat' dir='ltr'><strong>(Itum)</strong></span> <span class='ocrx_word' id='word_1_67' title='bbox 559 1000 794 1060; x_wconf 88' lang='lat' dir='ltr'><strong>Sanctus</strong></span> <span class='ocrx_word' id='word_1_68' title='bbox 834 1002 1132 1060; x_wconf 88' lang='lat' dir='ltr'><strong>Ursmarus</strong></span> <span class='ocrx_word' id='word_1_69' title='bbox 1170 1018 1264 1074; x_wconf 91' lang='lat' dir='ltr'><strong>per</strong></span> <span class='ocrx_word' id='word_1_70' title='bbox 1294 1003 1658 1058; x_wconf 81' lang='lat' dir='ltr'><strong>interventum</strong></span> <span class='ocrx_word' id='word_1_71' title='bbox 1696 1000 1808 1056; x_wconf 87' lang='lat' dir='ltr'><strong>Ilil-</strong></span> 
     </span>
    </p>
   </div>
   <div class='ocr_carea' id='block_1_11' title="bbox 210 1094 1808 1166">
    <p class='ocr_par' dir='ltr' id='par_1_11' title="bbox 210 1094 1808 1166">
     <span class='ocr_line' id='line_1_11' title="bbox 210 1094 1808 1166; baseline -0.001 -17"><span class='ocrx_word' id='word_1_72' title='bbox 210 1094 351 1151; x_wconf 82' lang='lat' dir='ltr'><strong>dulﬁ</strong></span> <span class='ocrx_word' id='word_1_73' title='bbox 393 1096 553 1151; x_wconf 80' lang='lat' dir='ltr'><strong>(lueis</strong></span> <span class='ocrx_word' id='word_1_74' title='bbox 582 1094 851 1152; x_wconf 87' lang='lat' dir='ltr'><strong>Lobicuse</strong></span> <span class='ocrx_word' id='word_1_75' title='bbox 889 1096 1200 1151; x_wconf 63' lang='lat' dir='ltr'><strong>carnobinm</strong></span> <span class='ocrx_word' id='word_1_76' title='bbox 1247 1111 1277 1150; x_wconf 87' lang='lat' dir='ltr'><strong>a</strong></span> <span class='ocrx_word' id='word_1_77' title='bbox 1320 1095 1513 1166; x_wconf 74' lang='lat' dir='ltr'><strong>Pipim</strong></span> <span class='ocrx_word' id='word_1_78' title='bbox 1562 1095 1808 1166; x_wconf 82' lang='lat' dir='ltr'><strong>principe</strong></span> 
     </span>
    </p>
   </div>
   <div class='ocr_carea' id='block_1_12' title="bbox 210 1174 1811 1259">
    <p class='ocr_par' dir='ltr' id='par_1_12' title="bbox 210 1174 1811 1259">
     <span class='ocr_line' id='line_1_12' title="bbox 210 1174 1811 1259; baseline -0.001 -17"><span class='ocrx_word' id='word_1_79' title='bbox 210 1174 280 1242; x_wconf 72' lang='lat' dir='ltr'><strong>ad</strong></span> <span class='ocrx_word' id='word_1_80' title='bbox 306 1187 612 1259; x_wconf 84' lang='lat' dir='ltr'><strong>regendum</strong></span> <span class='ocrx_word' id='word_1_81' title='bbox 644 1187 895 1258; x_wconf 81' lang='lat' dir='ltr'><strong>suscipit.</strong></span> <span class='ocrx_word' id='word_1_82' title='bbox 922 1185 1176 1259; x_wconf 85' lang='lat' dir='ltr'><strong>Synodus</strong></span> <span class='ocrx_word' id='word_1_83' title='bbox 1200 1186 1623 1257; x_wconf 33' lang='lat' dir='ltr'><strong>Aquileite‘facta</strong></span> <span class='ocrx_word' id='word_1_84' title='bbox 1648 1186 1811 1257; x_wconf 86' lang='lat' dir='ltr'><strong>quin-</strong></span> 
     </span>
    </p>
   </div>
   <div class='ocr_carea' id='block_1_13' title="bbox 210 1277 1811 1351">
    <p class='ocr_par' dir='ltr' id='par_1_13' title="bbox 210 1277 1811 1351">
     <span class='ocr_line' id='line_1_13' title="bbox 210 1277 1811 1351; baseline -0.002 -16"><span class='ocrx_word' id='word_1_85' title='bbox 210 1288 326 1335; x_wconf 80' lang='lat' dir='ltr'><strong>tam</strong></span> <span class='ocrx_word' id='word_1_86' title='bbox 376 1280 742 1335; x_wconf 87' lang='lat' dir='ltr'><strong>universalem</strong></span> <span class='ocrx_word' id='word_1_87' title='bbox 788 1280 1055 1351; x_wconf 74' lang='lat' dir='ltr'><strong>synodum</strong></span> <span class='ocrx_word' id='word_1_88' title='bbox 1082 1295 1112 1334; x_wconf 91' lang='lat' dir='ltr'><strong>a</strong></span> <span class='ocrx_word' id='word_1_89' title='bbox 1138 1277 1449 1334; x_wconf 74' lang='lat' dir='ltr'><strong>Iustiniano</strong></span> <span class='ocrx_word' id='word_1_90' title='bbox 1483 1280 1811 1349; x_wconf 84' lang='lat' dir='ltr'><strong>imperatore</strong></span> 
     </span>
    </p>
   </div>
   <div class='ocr_carea' id='block_1_14' title="bbox 209 1370 1811 1444">
    <p class='ocr_par' dir='ltr' id='par_1_14' title="bbox 209 1370 1811 1444">
     <span class='ocr_line' id='line_1_14' title="bbox 209 1370 1811 1444; baseline 0.001 -19"><span class='ocrx_word' id='word_1_91' title='bbox 209 1381 264 1426; x_wconf 84' lang='lat' dir='ltr'><strong>et</strong></span> <span class='ocrx_word' id='word_1_92' title='bbox 292 1370 499 1444; x_wconf 81' lang='lat' dir='ltr'><strong>Vigilio</strong></span> <span class='ocrx_word' id='word_1_93' title='bbox 518 1388 657 1443; x_wconf 88' lang='lat' dir='ltr'><strong>papa</strong></span> <span class='ocrx_word' id='word_1_94' title='bbox 678 1371 1153 1442; x_wconf 80' lang='lat' dir='ltr'><strong>Constantinopoli</strong></span> <span class='ocrx_word' id='word_1_95' title='bbox 1179 1371 1507 1429; x_wconf 88' lang='lat' dir='ltr'><strong>celebratam</strong></span> <span class='ocrx_word' id='word_1_96' title='bbox 1531 1372 1811 1443; x_wconf 81' lang='lat' dir='ltr'><strong>suscipere</strong></span> 
     </span>
    </p>
   </div>
   <div class='ocr_carea' id='block_1_15' title="bbox 208 1462 1812 1535">
    <p class='ocr_par' dir='ltr' id='par_1_15' title="bbox 208 1462 1812 1535">
     <span class='ocr_line' id='line_1_15' title="bbox 208 1462 1812 1535; baseline 0.001 -18"><span class='ocrx_word' id='word_1_97' title='bbox 208 1462 444 1528; x_wconf 83' lang='lat' dir='ltr'><strong>ditIidit;</strong></span> <span class='ocrx_word' id='word_1_98' title='bbox 478 1479 644 1535; x_wconf 90' lang='lat' dir='ltr'><strong>quam</strong></span> <span class='ocrx_word' id='word_1_99' title='bbox 687 1462 914 1535; x_wconf 82' lang='lat' dir='ltr'><strong>Sergius</strong></span> <span class='ocrx_word' id='word_1_100' title='bbox 950 1479 1087 1534; x_wconf 84' lang='lat' dir='ltr'><strong>papa</strong></span> <span class='ocrx_word' id='word_1_101' title='bbox 1126 1463 1420 1518; x_wconf 85' lang='lat' dir='ltr'><strong>salubriter</strong></span> <span class='ocrx_word' id='word_1_102' title='bbox 1453 1462 1731 1534; x_wconf 79' lang='lat' dir='ltr'><strong>redarguit</strong></span> <span class='ocrx_word' id='word_1_103' title='bbox 1757 1479 1812 1520; x_wconf 84' lang='lat' dir='ltr'><strong>et</strong></span> 
     </span>
    </p>
   </div>
   <div class='ocr_carea' id='block_1_16' title="bbox 209 1554 1809 1627">
    <p class='ocr_par' dir='ltr' id='par_1_16' title="bbox 209 1554 1809 1627">
     <span class='ocr_line' id='line_1_16' title="bbox 209 1554 1809 1627; baseline -0.001 -17"><span class='ocrx_word' id='word_1_104' title='bbox 209 1556 279 1611; x_wconf 85' lang='lat' dir='ltr'><strong>ad</strong></span> <span class='ocrx_word' id='word_1_105' title='bbox 311 1557 678 1613; x_wconf 82' lang='lat' dir='ltr'><strong>concordiam</strong></span> <span class='ocrx_word' id='word_1_106' title='bbox 710 1556 943 1612; x_wconf 87' lang='lat' dir='ltr'><strong>reducit.</strong></span> <span class='ocrx_word' id='word_1_107' title='bbox 981 1555 1136 1627; x_wconf 79' lang='lat' dir='ltr'><strong>(Vita</strong></span> <span class='ocrx_word' id='word_1_108' title='bbox 1162 1554 1220 1611; x_wconf 92' lang='lat' dir='ltr'><strong>S.</strong></span> <span class='ocrx_word' id='word_1_109' title='bbox 1253 1555 1611 1627; x_wconf 70' lang='lat' dir='ltr'><strong>L.)&quot;Sanctus</strong></span> <span class='ocrx_word' id='word_1_110' title='bbox 1646 1554 1809 1610; x_wconf 85' lang='lat' dir='ltr'><strong>Lam-</strong></span> 
     </span>
    </p>
   </div>
   <div class='ocr_carea' id='block_1_17' title="bbox 209 1644 1810 1721">
    <p class='ocr_par' dir='ltr' id='par_1_17' title="bbox 209 1644 1810 1721">
     <span class='ocr_line' id='line_1_17' title="bbox 209 1644 1810 1721; baseline 0 -18"><span class='ocrx_word' id='word_1_111' title='bbox 209 1648 409 1705; x_wconf 82' lang='lat' dir='ltr'><strong>bertus</strong></span> <span class='ocrx_word' id='word_1_112' title='bbox 457 1644 713 1720; x_wconf 82' lang='lat' dir='ltr'><strong>Pipinum</strong></span> <span class='ocrx_word' id='word_1_113' title='bbox 758 1648 1063 1721; x_wconf 87' lang='lat' dir='ltr'><strong>principem</strong></span> <span class='ocrx_word' id='word_1_114' title='bbox 1103 1648 1384 1719; x_wconf 84' lang='lat' dir='ltr'><strong>increpare</strong></span> <span class='ocrx_word' id='word_1_115' title='bbox 1424 1660 1622 1716; x_wconf 80' lang='lat' dir='ltr'><strong>ausus,</strong></span> <span class='ocrx_word' id='word_1_116' title='bbox 1655 1649 1810 1720; x_wconf 78' lang='lat' dir='ltr'><strong>quod</strong></span> 
     </span>
    </p>
   </div>
   <div class='ocr_carea' id='block_1_18' title="bbox 204 1733 1809 1809">
    <p class='ocr_par' dir='ltr' id='par_1_18' title="bbox 204 1733 1809 1809">
     <span class='ocr_line' id='line_1_18' title="bbox 204 1733 1809 1809; baseline 0.002 -18"><span class='ocrx_word' id='word_1_117' title='bbox 204 1736 450 1809; x_wconf 72' lang='lat' dir='ltr'><strong>pelicem</strong></span> <span class='ocrx_word' id='word_1_118' title='bbox 479 1736 760 1809; x_wconf 68' lang='lat' dir='ltr'><strong>Alpaidem</strong></span> <span class='ocrx_word' id='word_1_119' title='bbox 792 1756 905 1795; x_wconf 73' lang='lat' dir='ltr'><strong>sure</strong></span> <span class='ocrx_word' id='word_1_120' title='bbox 931 1737 1187 1809; x_wconf 68' lang='lat' dir='ltr'><strong>legitima:</strong></span> <span class='ocrx_word' id='word_1_121' title='bbox 1224 1738 1383 1794; x_wconf 78' lang='lat' dir='ltr'><strong>uxori</strong></span> <span class='ocrx_word' id='word_1_122' title='bbox 1404 1733 1677 1795; x_wconf 76' lang='lat' dir='ltr'><strong>Plictrudi</strong></span> <span class='ocrx_word' id='word_1_123' title='bbox 1712 1755 1809 1807; x_wconf 82' lang='lat' dir='ltr'><strong>su—</strong></span> 
     </span>
    </p>
   </div>
   <div class='ocr_carea' id='block_1_19' title="bbox 192 1800 1887 1902">
    <p class='ocr_par' dir='ltr' id='par_1_19' title="bbox 192 1800 1887 1902">
     <span class='ocr_line' id='line_1_19' title="bbox 192 1800 1887 1902; baseline -0.001 -17"><span class='ocrx_word' id='word_1_124' title='bbox 192 1800 564 1900; x_wconf 55' lang='lat' dir='ltr'><strong>‘itcrduxerit;</strong></span> <span class='ocrx_word' id='word_1_125' title='bbox 610 1847 639 1885; x_wconf 89' lang='lat' dir='ltr'><strong>a</strong></span> <span class='ocrx_word' id='word_1_126' title='bbox 675 1800 1093 1887; x_wconf 59' lang='lat' dir='ltr'><strong>Dodonc&#39;fratre</strong></span> <span class='ocrx_word' id='word_1_127' title='bbox 1125 1832 1299 1902; x_wconf 87' lang='lat' dir='ltr'><strong>ipsius</strong></span> <span class='ocrx_word' id='word_1_128' title='bbox 1327 1832 1588 1902; x_wconf 87' lang='lat' dir='ltr'><strong>Alpaidus</strong></span> <span class='ocrx_word' id='word_1_129' title='bbox 1623 1800 1810 1887; x_wconf 83' lang='lat' dir='ltr'><strong>Leodii</strong></span> <span class='ocrx_word' id='word_1_130' title='bbox 1832 1814 1887 1868; x_wconf 72' lang='grc' dir='ltr'><strong>’Β</strong></span> 
     </span>
    </p>
   </div>
   <div class='ocr_carea' id='block_1_20' title="bbox 207 1921 1812 1995">
    <p class='ocr_par' dir='ltr' id='par_1_20' title="bbox 207 1921 1812 1995">
     <span class='ocr_line' id='line_1_20' title="bbox 207 1921 1812 1995; baseline 0.003 -20"><span class='ocrx_word' id='word_1_131' title='bbox 207 1922 632 1994; x_wconf 75' lang='lat' dir='ltr'><strong>martyrizatur,</strong></span> <span class='ocrx_word' id='word_1_132' title='bbox 678 1932 729 1978; x_wconf 89' lang='lat' dir='ltr'><strong>et</strong></span> <span class='ocrx_word' id='word_1_133' title='bbox 778 1921 1012 1994; x_wconf 86' lang='lat' dir='ltr'><strong>Trajecti</strong></span> <span class='ocrx_word' id='word_1_134' title='bbox 1046 1924 1367 1989; x_wconf 87' lang='lat' dir='ltr'><strong>tumulatur,</strong></span> <span class='ocrx_word' id='word_1_135' title='bbox 1398 1922 1556 1995; x_wconf 78' lang='lat' dir='ltr'><strong>etque</strong></span> <span class='ocrx_word' id='word_1_136' title='bbox 1589 1936 1812 1980; x_wconf 86' lang='lat' dir='ltr'><strong>sanctus</strong></span> 
     </span>
    </p>
   </div>
   <div class='ocr_carea' id='block_1_21' title="bbox 192 2006 1815 2087">
    <p class='ocr_par' dir='ltr' id='par_1_21' title="bbox 192 2006 1815 2087">
     <span class='ocr_line' id='line_1_21' title="bbox 192 2006 1815 2087; baseline 0.003 -23"><span class='ocrx_word' id='word_1_137' title='bbox 192 2006 532 2067; x_wconf 78' lang='lat' dir='ltr'><strong>&#39;Hucbertus</strong></span> <span class='ocrx_word' id='word_1_138' title='bbox 569 2013 860 2085; x_wconf 86' lang='lat' dir='ltr'><strong>episcopus</strong></span> <span class='ocrx_word' id='word_1_139' title='bbox 903 2013 1198 2085; x_wconf 71' lang='lat' dir='ltr'><strong>subrogatu</strong></span> <span class='ocrx_word' id='word_1_140' title='bbox 1223 2032 1250 2068; x_wconf 73' lang='grc' dir='ltr'><strong>ο.</strong></span> <span class='ocrx_word' id='word_1_141' title='bbox 1291 2014 1387 2087; x_wconf 83' lang='lat' dir='ltr'><strong>(Il.</strong></span> <span class='ocrx_word' id='word_1_142' title='bbox 1428 2016 1525 2085; x_wconf 73' lang='grc' dir='ltr'><strong>ηρ.)</strong></span> <span class='ocrx_word' id='word_1_143' title='bbox 1561 2014 1815 2071; x_wconf 85' lang='lat' dir='ltr'><strong>Ahsima-</strong></span> 
     </span>
    </p>
   </div>
   <div class='ocr_carea' id='block_1_22' title="bbox 207 2104 1815 2178">
    <p class='ocr_par' dir='ltr' id='par_1_22' title="bbox 207 2104 1815 2178">
     <span class='ocr_line' id='line_1_22' title="bbox 207 2104 1815 2178; baseline 0.001 -20"><span class='ocrx_word' id='word_1_144' title='bbox 207 2115 328 2169; x_wconf 83' lang='lat' dir='ltr'><strong>rus,</strong></span> <span class='ocrx_word' id='word_1_145' title='bbox 368 2105 467 2175; x_wconf 85' lang='lat' dir='ltr'><strong>qui</strong></span> <span class='ocrx_word' id='word_1_146' title='bbox 499 2114 552 2159; x_wconf 90' lang='lat' dir='ltr'><strong>et</strong></span> <span class='ocrx_word' id='word_1_147' title='bbox 583 2104 856 2172; x_wconf 53' lang='lat' dir='ltr'><strong>Tiberius,</strong></span> <span class='ocrx_word' id='word_1_148' title='bbox 889 2106 1071 2160; x_wconf 84' lang='lat' dir='ltr'><strong>Leone</strong></span> <span class='ocrx_word' id='word_1_149' title='bbox 1098 2108 1167 2161; x_wconf 86' lang='lat' dir='ltr'><strong>ab</strong></span> <span class='ocrx_word' id='word_1_150' title='bbox 1197 2107 1425 2178; x_wconf 72' lang='lat' dir='ltr'><strong>imperio</strong></span> <span class='ocrx_word' id='word_1_151' title='bbox 1461 2108 1620 2178; x_wconf 83' lang='lat' dir='ltr'><strong>pulso</strong></span> <span class='ocrx_word' id='word_1_152' title='bbox 1654 2107 1815 2177; x_wconf 84' lang='lat' dir='ltr'><strong>eique</strong></span> 
     </span>
    </p>
   </div>
   <div class='ocr_carea' id='block_1_23' title="bbox 206 2199 1808 2271">
    <p class='ocr_par' dir='ltr' id='par_1_23' title="bbox 206 2199 1808 2271">
     <span class='ocr_line' id='line_1_23' title="bbox 206 2199 1808 2271; baseline 0.001 -18"><span class='ocrx_word' id='word_1_153' title='bbox 206 2213 353 2254; x_wconf 86' lang='lat' dir='ltr'><strong>naso</strong></span> <span class='ocrx_word' id='word_1_154' title='bbox 385 2199 602 2255; x_wconf 89' lang='lat' dir='ltr'><strong>absciso</strong></span> <span class='ocrx_word' id='word_1_155' title='bbox 623 2211 674 2256; x_wconf 87' lang='lat' dir='ltr'><strong>et</strong></span> <span class='ocrx_word' id='word_1_156' title='bbox 701 2200 756 2255; x_wconf 88' lang='lat' dir='ltr'><strong>in</strong></span> <span class='ocrx_word' id='word_1_157' title='bbox 781 2201 1026 2256; x_wconf 76' lang='lat' dir='ltr'><strong>custodia</strong></span> <span class='ocrx_word' id='word_1_158' title='bbox 1056 2211 1290 2266; x_wconf 63' lang='lat' dir='ltr'><strong>rebusu,</strong></span> <span class='ocrx_word' id='word_1_159' title='bbox 1322 2202 1551 2271; x_wconf 68' lang='lat' dir='ltr'><strong>imperat</strong></span> <span class='ocrx_word' id='word_1_160' title='bbox 1573 2199 1733 2256; x_wconf 88' lang='lat' dir='ltr'><strong>annis</strong></span> <span class='ocrx_word' id='word_1_161' title='bbox 1759 2199 1808 2254; x_wconf 87' lang='lat'><strong>7.</strong></span> 
     </span>
    </p>
   </div>
   <div class='ocr_carea' id='block_1_24' title="bbox 207 2287 1811 2365">
    <p class='ocr_par' dir='ltr' id='par_1_24' title="bbox 207 2287 1811 2365">
     <span class='ocr_line' id='line_1_24' title="bbox 207 2287 1811 2365; baseline 0.002 -23"><span class='ocrx_word' id='word_1_162' title='bbox 207 2288 297 2358; x_wconf 75' lang='grc' dir='ltr'><strong>(Α.</strong></span> <span class='ocrx_word' id='word_1_163' title='bbox 327 2287 529 2360; x_wconf 82' lang='lat' dir='ltr'><strong>Leod.)</strong></span> <span class='ocrx_word' id='word_1_164' title='bbox 555 2288 756 2365; x_wconf 79' lang='lat' dir='ltr'><strong>Sancta</strong></span> <span class='ocrx_word' id='word_1_165' title='bbox 784 2290 982 2362; x_wconf 83' lang='lat' dir='ltr'><strong>Begga,</strong></span> <span class='ocrx_word' id='word_1_166' title='bbox 1012 2301 1184 2347; x_wconf 87' lang='lat' dir='ltr'><strong>mater</strong></span> <span class='ocrx_word' id='word_1_167' title='bbox 1207 2291 1404 2362; x_wconf 83' lang='lat' dir='ltr'><strong>Pipini,</strong></span> <span class='ocrx_word' id='word_1_168' title='bbox 1428 2292 1494 2346; x_wconf 86' lang='lat' dir='ltr'><strong>ad</strong></span> <span class='ocrx_word' id='word_1_169' title='bbox 1521 2291 1811 2346; x_wconf 88' lang='lat' dir='ltr'><strong>Dominum</strong></span> 
     </span>
    </p>
   </div>
   <div class='ocr_carea' id='block_1_25' title="bbox 191 2380 617 2452">
    <p class='ocr_par' dir='ltr' id='par_1_25' title="bbox 191 2380 617 2452">
     <span class='ocr_line' id='line_1_25' title="bbox 191 2380 617 2452; baseline 0.007 -19"><span class='ocrx_word' id='word_1_170' title='bbox 191 2380 419 2436; x_wconf 79' lang='lat' dir='ltr'><strong>‘transit</strong></span> <span class='ocrx_word' id='word_1_171' title='bbox 445 2380 617 2452; x_wconf 75' lang='lat' dir='ltr'><strong>(I72).</strong></span> 
     </span>
    </p>
   </div>
   <div class='ocr_carea' id='block_1_26' title="bbox 354 2480 1662 2551">
    <p class='ocr_par' dir='ltr' id='par_1_26' title="bbox 354 2480 1662 2551">
     <span class='ocr_line' id='line_1_26' title="bbox 354 2480 1662 2551; baseline 0.002 -3"><span class='ocrx_word' id='word_1_172' title='bbox 354 2492 491 2549; x_wconf 82' lang='lat'><strong>699.</strong></span> <span class='ocrx_word' id='word_1_173' title='bbox 608 2495 660 2550; x_wconf 71' lang='grc' dir='ltr'><strong>ι.</strong></span> <span class='ocrx_word' id='word_1_174' title='bbox 740 2494 826 2550; x_wconf 71' lang='lat' dir='ltr'><strong>te.</strong></span> <span class='ocrx_word' id='word_1_175' title='bbox 939 2495 992 2549; x_wconf 72' lang='lat'><strong>2.</strong></span> <span class='ocrx_word' id='word_1_176' title='bbox 1074 2496 1158 2550; x_wconf 61' lang='grc' dir='ltr'><strong>ιε.</strong></span> <span class='ocrx_word' id='word_1_177' title='bbox 1271 2495 1324 2549; x_wconf 87' lang='lat'><strong>8.</strong></span> <span class='ocrx_word' id='word_1_178' title='bbox 1408 2480 1503 2551; x_wconf 61' lang='lat' dir='ltr'><strong>is.</strong></span> <span class='ocrx_word' id='word_1_179' title='bbox 1574 2495 1662 2551; x_wconf 71' lang='grc' dir='ltr'><strong>ιο.</strong></span> 
     </span>
    </p>
   </div>
   <div class='ocr_carea' id='block_1_27' title="bbox 279 2568 1815 2666">
    <p class='ocr_par' dir='ltr' id='par_1_27' title="bbox 279 2568 1815 2666">
     <span class='ocr_line' id='line_1_27' title="bbox 279 2568 1815 2666; baseline -0.001 -24"><span class='ocrx_word' id='word_1_180' title='bbox 279 2586 475 2658; x_wconf 84' lang='lat' dir='ltr'><strong>(Cant.</strong></span> <span class='ocrx_word' id='word_1_181' title='bbox 506 2585 555 2640; x_wconf 84' lang='lat' dir='ltr'><strong><em>F</em></strong></span> <span class='ocrx_word' id='word_1_182' title='bbox 560 2587 695 2659; x_wconf 83' lang='lat' dir='ltr'><strong>red.)</strong></span> <span class='ocrx_word' id='word_1_183' title='bbox 731 2586 913 2666; x_wconf 84' lang='lat' dir='ltr'><strong>Drogo</strong></span> <span class='ocrx_word' id='word_1_184' title='bbox 944 2587 1087 2644; x_wconf 83' lang='lat' dir='ltr'><strong>(ilius</strong></span> <span class='ocrx_word' id='word_1_185' title='bbox 1110 2587 1307 2658; x_wconf 79' lang='lat' dir='ltr'><strong>Pipini,</strong></span> <span class='ocrx_word' id='word_1_186' title='bbox 1336 2588 1445 2642; x_wconf 73' lang='lat' dir='ltr'><strong>dux</strong></span> <span class='ocrx_word' id='word_1_187' title='bbox 1476 2586 1815 2658; x_wconf 87' lang='lat' dir='ltr'><strong>Campancn-</strong></span> 
     </span>
    </p>
   </div>
   <div class='ocr_carea' id='block_1_28' title="bbox 209 2665 1811 2749">
    <p class='ocr_par' dir='ltr' id='par_1_28' title="bbox 209 2665 1811 2749">
     <span class='ocr_line' id='line_1_28' title="bbox 209 2665 1811 2749; baseline 0 -17"><span class='ocrx_word' id='word_1_188' title='bbox 209 2676 387 2743; x_wconf 86' lang='lat' dir='ltr'><strong>sium,</strong></span> <span class='ocrx_word' id='word_1_189' title='bbox 419 2677 674 2733; x_wconf 89' lang='lat' dir='ltr'><strong>moritur.</strong></span> <span class='ocrx_word' id='word_1_190' title='bbox 705 2665 1053 2735; x_wconf 78' lang='lat' dir='ltr'><strong>Grimoaldns</strong></span> <span class='ocrx_word' id='word_1_191' title='bbox 1099 2677 1269 2733; x_wconf 89' lang='lat' dir='ltr'><strong>frater</strong></span> <span class='ocrx_word' id='word_1_192' title='bbox 1302 2678 1421 2748; x_wconf 83' lang='lat' dir='ltr'><strong>ejus</strong></span> <span class='ocrx_word' id='word_1_193' title='bbox 1452 2695 1483 2732; x_wconf 91' lang='lat' dir='ltr'><strong>a</strong></span> <span class='ocrx_word' id='word_1_194' title='bbox 1518 2686 1681 2749; x_wconf 81' lang='lat' dir='ltr'><strong>patre</strong></span> <span class='ocrx_word' id='word_1_195' title='bbox 1719 2676 1811 2732; x_wconf 90' lang='lat' dir='ltr'><strong>Pi-</strong></span> 
     </span>
    </p>
   </div>
   <div class='ocr_carea' id='block_1_29' title="bbox 210 2767 1809 2842">
    <p class='ocr_par' dir='ltr' id='par_1_29' title="bbox 210 2767 1809 2842">
     <span class='ocr_line' id='line_1_29' title="bbox 210 2767 1809 2842; baseline 0 -19"><span class='ocrx_word' id='word_1_196' title='bbox 210 2770 343 2842; x_wconf 89' lang='lat' dir='ltr'><strong>pino</strong></span> <span class='ocrx_word' id='word_1_197' title='bbox 370 2768 428 2823; x_wconf 83' lang='lat' dir='ltr'><strong>in</strong></span> <span class='ocrx_word' id='word_1_198' title='bbox 454 2769 579 2824; x_wconf 90' lang='lat' dir='ltr'><strong>aula</strong></span> <span class='ocrx_word' id='word_1_199' title='bbox 598 2767 908 2824; x_wconf 71' lang='lat' dir='ltr'><strong>&#39;lIildeberti</strong></span> <span class='ocrx_word' id='word_1_200' title='bbox 930 2770 1080 2840; x_wconf 78' lang='lat' dir='ltr'><strong>regis</strong></span> <span class='ocrx_word' id='word_1_201' title='bbox 1109 2769 1283 2839; x_wconf 73' lang='lat' dir='ltr'><strong>major</strong></span> <span class='ocrx_word' id='word_1_202' title='bbox 1306 2770 1502 2824; x_wconf 77' lang='lat' dir='ltr'><strong>domus</strong></span> <span class='ocrx_word' id='word_1_203' title='bbox 1528 2769 1809 2835; x_wconf 84' lang='lat' dir='ltr'><strong>statuitur,</strong></span> 
     </span>
    </p>
   </div>
   <div class='ocr_carea' id='block_1_30' title="bbox 210 2852 1810 2930">
    <p class='ocr_par' dir='ltr' id='par_1_30' title="bbox 210 2852 1810 2930">
     <span class='ocr_line' id='line_1_30' title="bbox 210 2852 1810 2930; baseline 0.001 -17"><span class='ocrx_word' id='word_1_204' title='bbox 210 2852 379 2930; x_wconf 77' lang='lat' dir='ltr'><strong>eique</strong></span> <span class='ocrx_word' id='word_1_205' title='bbox 410 2857 543 2913; x_wconf 74' lang='lat' dir='ltr'><strong>ﬁlia‘</strong></span> <span class='ocrx_word' id='word_1_206' title='bbox 569 2856 813 2913; x_wconf 66' lang='lat' dir='ltr'><strong>Iiabbodi</strong></span> <span class='ocrx_word' id='word_1_207' title='bbox 847 2857 1147 2915; x_wconf 73' lang='lat' dir='ltr'><strong>Fresonum</strong></span> <span class='ocrx_word' id='word_1_208' title='bbox 1177 2860 1333 2915; x_wconf 84' lang='lat' dir='ltr'><strong>ducis</strong></span> <span class='ocrx_word' id='word_1_209' title='bbox 1373 2860 1425 2913; x_wconf 91' lang='lat' dir='ltr'><strong>in</strong></span> <span class='ocrx_word' id='word_1_210' title='bbox 1459 2875 1683 2914; x_wconf 68' lang='lat' dir='ltr'><strong>uxorem</strong></span> <span class='ocrx_word' id='word_1_211' title='bbox 1713 2859 1810 2915; x_wconf 86' lang='lat' dir='ltr'><strong>de-</strong></span> 
     </span>
    </p>
   </div>
   <div class='ocr_carea' id='block_1_31' title="bbox 212 2946 1811 3022">
    <p class='ocr_par' dir='ltr' id='par_1_31' title="bbox 212 2946 1811 3022">
     <span class='ocr_line' id='line_1_31' title="bbox 212 2946 1811 3022; baseline 0.001 -18"><span class='ocrx_word' id='word_1_212' title='bbox 212 2948 543 3020; x_wconf 69' lang='lat' dir='ltr'><strong>epondetur.</strong></span> <span class='ocrx_word' id='word_1_213' title='bbox 596 2947 679 3022; x_wconf 88' lang='lat' dir='ltr'><strong>(P.</strong></span> <span class='ocrx_word' id='word_1_214' title='bbox 720 2949 809 3022; x_wconf 89' lang='lat' dir='ltr'><strong>D.)</strong></span> <span class='ocrx_word' id='word_1_215' title='bbox 840 2948 1054 3015; x_wconf 74' lang='grc' dir='ltr'><strong>Μαι-[ηρ</strong></span> <span class='ocrx_word' id='word_1_216' title='bbox 1080 2949 1382 3021; x_wconf 84' lang='lat' dir='ltr'><strong>Chunipert</strong></span> <span class='ocrx_word' id='word_1_217' title='bbox 1411 2946 1811 3021; x_wconf 82' lang='lat' dir='ltr'><strong>Langobardo—</strong></span> 
     </span>
    </p>
   </div>
   <div class='ocr_carea' id='block_1_32' title="bbox 212 3040 1811 3114">
    <p class='ocr_par' dir='ltr' id='par_1_32' title="bbox 212 3040 1811 3114">
     <span class='ocr_line' id='line_1_32' title="bbox 212 3040 1811 3114; baseline 0.002 -17"><span class='ocrx_word' id='word_1_218' title='bbox 212 3056 336 3097; x_wconf 82' lang='lat' dir='ltr'><strong>rum</strong></span> <span class='ocrx_word' id='word_1_219' title='bbox 367 3057 522 3114; x_wconf 83' lang='lat' dir='ltr'><strong>rege,</strong></span> <span class='ocrx_word' id='word_1_220' title='bbox 553 3040 798 3113; x_wconf 87' lang='lat' dir='ltr'><strong>Liutpert</strong></span> <span class='ocrx_word' id='word_1_221' title='bbox 833 3042 976 3098; x_wconf 85' lang='lat' dir='ltr'><strong>filius</strong></span> <span class='ocrx_word' id='word_1_222' title='bbox 1007 3042 1127 3112; x_wconf 83' lang='lat' dir='ltr'><strong>ejus</strong></span> <span class='ocrx_word' id='word_1_223' title='bbox 1152 3059 1288 3113; x_wconf 85' lang='lat' dir='ltr'><strong>puer</strong></span> <span class='ocrx_word' id='word_1_224' title='bbox 1329 3042 1382 3096; x_wconf 91' lang='lat' dir='ltr'><strong>in</strong></span> <span class='ocrx_word' id='word_1_225' title='bbox 1426 3058 1652 3112; x_wconf 83' lang='lat' dir='ltr'><strong>regnum</strong></span> <span class='ocrx_word' id='word_1_226' title='bbox 1682 3040 1811 3100; x_wconf 75' lang='lat' dir='ltr'><strong>sue-</strong></span> 
     </span>
    </p>
   </div>
   <div class='ocr_carea' id='block_1_33' title="bbox 2054 633 3335 696">
    <p class='ocr_par' dir='ltr' id='par_1_33' title="bbox 2054 633 3335 696">
     <span class='ocr_line' id='line_1_33' title="bbox 2054 633 3335 696; baseline 0.008 -10"><span class='ocrx_word' id='word_1_227' title='bbox 2054 633 2175 688; x_wconf 82' lang='grc'><strong>705.</strong></span> <span class='ocrx_word' id='word_1_228' title='bbox 2287 636 2343 690; x_wconf 87' lang='grc'><strong>5.</strong></span> <span class='ocrx_word' id='word_1_229' title='bbox 2426 637 2508 692; x_wconf 87' lang='grc'><strong>16.</strong></span> <span class='ocrx_word' id='word_1_230' title='bbox 2620 636 2674 692; x_wconf 97' lang='grc'><strong>6.</strong></span> <span class='ocrx_word' id='word_1_231' title='bbox 2782 639 2837 692; x_wconf 88' lang='grc'><strong>2.</strong></span> <span class='ocrx_word' id='word_1_232' title='bbox 2920 639 3005 693; x_wconf 81' lang='lat'><strong>12.</strong></span> <span class='ocrx_word' id='word_1_233' title='bbox 3116 642 3171 696; x_wconf 75' lang='grc'><strong>2.</strong></span> <span class='ocrx_word' id='word_1_234' title='bbox 3282 643 3335 695; x_wconf 90' lang='grc'><strong>5.</strong></span> 
     </span>
    </p>
   </div>
   <div class='ocr_carea' id='block_1_34' title="bbox 1983 725 3497 805">
    <p class='ocr_par' dir='ltr' id='par_1_34' title="bbox 1983 725 3497 805">
     <span class='ocr_line' id='line_1_34' title="bbox 1983 725 3497 805; baseline 0.009 -26"><span class='ocrx_word' id='word_1_235' title='bbox 1983 725 2173 795; x_wconf 65' lang='lat' dir='ltr'><strong>(BI-EDA,</strong></span> <span class='ocrx_word' id='word_1_236' title='bbox 2201 726 2274 782; x_wconf 85' lang='grc' dir='ltr'><strong>Η.</strong></span> <span class='ocrx_word' id='word_1_237' title='bbox 2299 728 2371 797; x_wconf 90' lang='lat' dir='ltr'><strong>e.)</strong></span> <span class='ocrx_word' id='word_1_238' title='bbox 2399 726 2635 785; x_wconf 77' lang='lat' dir='ltr'><strong>Sanctus</strong></span> <span class='ocrx_word' id='word_1_239' title='bbox 2657 729 2982 785; x_wconf 79' lang='lat' dir='ltr'><strong>Benedictus</strong></span> <span class='ocrx_word' id='word_1_240' title='bbox 3007 730 3176 786; x_wconf 85' lang='lat' dir='ltr'><strong>abbas</strong></span> <span class='ocrx_word' id='word_1_241' title='bbox 3193 730 3497 805; x_wconf 76' lang='lat' dir='ltr'><strong>Anglorum</strong></span> 
     </span>
    </p>
   </div>
   <div class='ocr_carea' id='block_1_35' title="bbox 1907 818 3504 895">
    <p class='ocr_par' dir='ltr' id='par_1_35' title="bbox 1907 818 3504 895">
     <span class='ocr_line' id='line_1_35' title="bbox 1907 818 3504 895; baseline 0.004 -22"><span class='ocrx_word' id='word_1_242' title='bbox 1907 818 2044 874; x_wconf 90' lang='lat' dir='ltr'><strong>obit.</strong></span> <span class='ocrx_word' id='word_1_243' title='bbox 2092 818 2191 892; x_wconf 83' lang='grc' dir='ltr'><strong>(Η.</strong></span> <span class='ocrx_word' id='word_1_244' title='bbox 2222 820 2319 889; x_wconf 84' lang='lat' dir='ltr'><strong>m.)</strong></span> <span class='ocrx_word' id='word_1_245' title='bbox 2351 819 2593 892; x_wconf 86' lang='lat' dir='ltr'><strong>Cajanus</strong></span> <span class='ocrx_word' id='word_1_246' title='bbox 2644 824 2874 893; x_wconf 67' lang='lat' dir='ltr'><strong>pecunia</strong></span> <span class='ocrx_word' id='word_1_247' title='bbox 2912 834 3204 895; x_wconf 88' lang='lat' dir='ltr'><strong>corruptus</strong></span> <span class='ocrx_word' id='word_1_248' title='bbox 3244 841 3275 880; x_wconf 92' lang='lat' dir='ltr'><strong>a</strong></span> <span class='ocrx_word' id='word_1_249' title='bbox 3313 823 3504 880; x_wconf 79' lang='lat' dir='ltr'><strong>Leone</strong></span> 
     </span>
    </p>
   </div>
   <div class='ocr_carea' id='block_1_36' title="bbox 1910 913 3493 991">
    <p class='ocr_par' dir='ltr' id='par_1_36' title="bbox 1910 913 3493 991">
     <span class='ocr_line' id='line_1_36' title="bbox 1910 913 3493 991; baseline 0.003 -24"><span class='ocrx_word' id='word_1_250' title='bbox 1910 913 2240 991; x_wconf 75' lang='lat' dir='ltr'><strong>imperatore</strong></span> <span class='ocrx_word' id='word_1_251' title='bbox 2272 929 2398 970; x_wconf 92' lang='lat' dir='ltr'><strong>cum</strong></span> <span class='ocrx_word' id='word_1_252' title='bbox 2444 915 2603 971; x_wconf 90' lang='lat' dir='ltr'><strong>vellet</strong></span> <span class='ocrx_word' id='word_1_253' title='bbox 2627 914 2998 972; x_wconf 80' lang='lat' dir='ltr'><strong>Justinianum</strong></span> <span class='ocrx_word' id='word_1_254' title='bbox 3041 917 3091 972; x_wconf 91' lang='lat' dir='ltr'><strong>ci</strong></span> <span class='ocrx_word' id='word_1_255' title='bbox 3120 918 3371 988; x_wconf 88' lang='lat' dir='ltr'><strong>prodere,</strong></span> <span class='ocrx_word' id='word_1_256' title='bbox 3398 916 3493 972; x_wconf 79' lang='lat' dir='ltr'><strong>Ju-</strong></span> 
     </span>
    </p>
   </div>
   <div class='ocr_carea' id='block_1_37' title="bbox 1909 1005 3494 1080">
    <p class='ocr_par' dir='ltr' id='par_1_37' title="bbox 1909 1005 3494 1080">
     <span class='ocr_line' id='line_1_37' title="bbox 1909 1005 3494 1080; baseline 0.001 -19"><span class='ocrx_word' id='word_1_257' title='bbox 1909 1005 2184 1061; x_wconf 89' lang='lat' dir='ltr'><strong>stinianus</strong></span> <span class='ocrx_word' id='word_1_258' title='bbox 2235 1006 2305 1062; x_wconf 90' lang='lat' dir='ltr'><strong>ab</strong></span> <span class='ocrx_word' id='word_1_259' title='bbox 2344 1023 2409 1061; x_wconf 90' lang='lat' dir='ltr'><strong>co</strong></span> <span class='ocrx_word' id='word_1_260' title='bbox 2457 1007 2524 1062; x_wconf 73' lang='lat' dir='ltr'><strong>ad</strong></span> <span class='ocrx_word' id='word_1_261' title='bbox 2582 1006 2925 1064; x_wconf 78' lang='lat' dir='ltr'><strong>Therbellem</strong></span> <span class='ocrx_word' id='word_1_262' title='bbox 2967 1023 3150 1079; x_wconf 86' lang='lat' dir='ltr'><strong>regem</strong></span> <span class='ocrx_word' id='word_1_263' title='bbox 3199 1007 3494 1080; x_wconf 85' lang='lat' dir='ltr'><strong>Bulgarum</strong></span> 
     </span>
    </p>
   </div>
   <div class='ocr_carea' id='block_1_38' title="bbox 1911 1096 2068 1169">
    <p class='ocr_par' dir='ltr' id='par_1_38' title="bbox 1911 1096 2068 1169">
     <span class='ocr_line' id='line_1_38' title="bbox 1911 1096 2068 1169; baseline 0.006 -18"><span class='ocrx_word' id='word_1_264' title='bbox 1911 1096 2068 1169; x_wconf 87' lang='lat' dir='ltr'><strong>fugit.</strong></span> 
     </span>
    </p>
   </div>
   <div class='ocr_carea' id='block_1_39' title="bbox 2142 1211 3270 1273">
    <p class='ocr_par' dir='ltr' id='par_1_39' title="bbox 2142 1211 3270 1273">
     <span class='ocr_line' id='line_1_39' title="bbox 2142 1211 3270 1273; baseline 0.004 -8"><span class='ocrx_word' id='word_1_265' title='bbox 2142 1211 2263 1268; x_wconf 67' lang='lat'><strong>704.</strong></span> <span class='ocrx_word' id='word_1_266' title='bbox 2339 1212 2392 1267; x_wconf 95' lang='lat'><strong>6.</strong></span> <span class='ocrx_word' id='word_1_267' title='bbox 2470 1214 2557 1269; x_wconf 87' lang='lat'><strong>17.</strong></span> <span class='ocrx_word' id='word_1_268' title='bbox 2634 1215 2689 1269; x_wconf 93' lang='lat'><strong>7.</strong></span> <span class='ocrx_word' id='word_1_269' title='bbox 2777 1215 2843 1271; x_wconf 80' lang='lat'><strong>.5.</strong></span> <span class='ocrx_word' id='word_1_270' title='bbox 2921 1216 3006 1270; x_wconf 91' lang='grc'><strong>15.</strong></span> <span class='ocrx_word' id='word_1_271' title='bbox 3086 1215 3137 1270; x_wconf 86' lang='grc'><strong>5.</strong></span> <span class='ocrx_word' id='word_1_272' title='bbox 3216 1217 3270 1273; x_wconf 74' lang='grc'><strong>4.</strong></span> 
     </span>
    </p>
   </div>
   <div class='ocr_carea' id='block_1_40' title="bbox 1983 1301 3496 1376">
    <p class='ocr_par' dir='ltr' id='par_1_40' title="bbox 1983 1301 3496 1376">
     <span class='ocr_line' id='line_1_40' title="bbox 1983 1301 3496 1376; baseline 0.001 -19"><span class='ocrx_word' id='word_1_273' title='bbox 1983 1301 2070 1371; x_wconf 85' lang='lat' dir='ltr'><strong>(G.</strong></span> <span class='ocrx_word' id='word_1_274' title='bbox 2104 1306 2275 1375; x_wconf 77' lang='lat' dir='ltr'><strong>pom.)</strong></span> <span class='ocrx_word' id='word_1_275' title='bbox 2310 1304 2590 1363; x_wconf 85' lang='lat' dir='ltr'><strong>Johannes</strong></span> <span class='ocrx_word' id='word_1_276' title='bbox 2626 1307 2753 1362; x_wconf 68' lang='grc' dir='ltr'><strong>82ης</strong></span> <span class='ocrx_word' id='word_1_277' title='bbox 2788 1307 3047 1362; x_wconf 69' lang='lat' dir='ltr'><strong>Romamn</strong></span> <span class='ocrx_word' id='word_1_278' title='bbox 3075 1306 3334 1363; x_wconf 65' lang='lat' dir='ltr'><strong>azcclesite</strong></span> <span class='ocrx_word' id='word_1_279' title='bbox 3367 1321 3496 1376; x_wconf 85' lang='lat' dir='ltr'><strong>prc-</strong></span> 
     </span>
    </p>
   </div>
   <div class='ocr_carea' id='block_1_41' title="bbox 1908 1396 3498 1472">
    <p class='ocr_par' dir='ltr' id='par_1_41' title="bbox 1908 1396 3498 1472">
     <span class='ocr_line' id='line_1_41' title="bbox 1908 1396 3498 1472; baseline 0.001 -21"><span class='ocrx_word' id='word_1_280' title='bbox 1908 1396 2073 1452; x_wconf 85' lang='lat' dir='ltr'><strong>sidet.</strong></span> <span class='ocrx_word' id='word_1_281' title='bbox 2108 1396 2320 1468; x_wconf 63' lang='grc' dir='ltr'><strong>ς(Βει)Α,</strong></span> <span class='ocrx_word' id='word_1_282' title='bbox 2359 1397 2431 1453; x_wconf 75' lang='lat' dir='ltr'><strong>II.</strong></span> <span class='ocrx_word' id='word_1_283' title='bbox 2461 1398 2535 1469; x_wconf 82' lang='lat' dir='ltr'><strong>e.)</strong></span> <span class='ocrx_word' id='word_1_284' title='bbox 2583 1398 2758 1455; x_wconf 71' lang='lat' dir='ltr'><strong>Alfrid</strong></span> <span class='ocrx_word' id='word_1_285' title='bbox 2793 1399 3331 1472; x_wconf 72' lang='lat' dir='ltr'><strong>Nodanymbrorum</strong></span> <span class='ocrx_word' id='word_1_286' title='bbox 3368 1412 3498 1468; x_wconf 84' lang='lat' dir='ltr'><strong>rege</strong></span> 
     </span>
    </p>
   </div>
   <div class='ocr_carea' id='block_1_42' title="bbox 1908 1485 2894 1559">
    <p class='ocr_par' dir='ltr' id='par_1_42' title="bbox 1908 1485 2894 1559">
     <span class='ocr_line' id='line_1_42' title="bbox 1908 1485 2894 1559; baseline 0.004 -19"><span class='ocrx_word' id='word_1_287' title='bbox 1908 1494 2152 1553; x_wconf 87' lang='lat' dir='ltr'><strong>mortuo,</strong></span> <span class='ocrx_word' id='word_1_288' title='bbox 2176 1485 2350 1543; x_wconf 85' lang='lat' dir='ltr'><strong>Osred</strong></span> <span class='ocrx_word' id='word_1_289' title='bbox 2388 1497 2580 1559; x_wconf 80' lang='lat' dir='ltr'><strong>regnat</strong></span> <span class='ocrx_word' id='word_1_290' title='bbox 2613 1489 2775 1546; x_wconf 84' lang='lat' dir='ltr'><strong>annis</strong></span> <span class='ocrx_word' id='word_1_291' title='bbox 2807 1491 2894 1544; x_wconf 87' lang='grc'><strong>11.</strong></span> 
     </span>
    </p>
   </div>
   <div class='ocr_carea' id='block_1_43' title="bbox 2149 1597 3261 1659">
    <p class='ocr_par' dir='ltr' id='par_1_43' title="bbox 2149 1597 3261 1659">
     <span class='ocr_line' id='line_1_43' title="bbox 2149 1597 3261 1659; baseline 0.003 -6"><span class='ocrx_word' id='word_1_292' title='bbox 2149 1597 2272 1655; x_wconf 83' lang='grc'><strong>705.</strong></span> <span class='ocrx_word' id='word_1_293' title='bbox 2353 1600 2404 1656; x_wconf 90' lang='lat'><strong>7.</strong></span> <span class='ocrx_word' id='word_1_294' title='bbox 2483 1602 2569 1656; x_wconf 94' lang='lat'><strong>18.</strong></span> <span class='ocrx_word' id='word_1_295' title='bbox 2647 1602 2701 1656; x_wconf 90' lang='grc'><strong>8.</strong></span> <span class='ocrx_word' id='word_1_296' title='bbox 2779 1607 2833 1657; x_wconf 72' lang='grc'><strong>«1.</strong></span> <span class='ocrx_word' id='word_1_297' title='bbox 2912 1602 2998 1656; x_wconf 71' lang='grc'><strong>14.</strong></span> <span class='ocrx_word' id='word_1_298' title='bbox 3076 1604 3131 1659; x_wconf 70' lang='grc'><strong>4.</strong></span> <span class='ocrx_word' id='word_1_299' title='bbox 3208 1602 3261 1656; x_wconf 91' lang='grc'><strong>5.</strong></span> 
     </span>
    </p>
   </div>
   <div class='ocr_carea' id='block_1_44' title="bbox 1982 1692 3498 1766">
    <p class='ocr_par' dir='ltr' id='par_1_44' title="bbox 1982 1692 3498 1766">
     <span class='ocr_line' id='line_1_44' title="bbox 1982 1692 3498 1766; baseline 0.001 -20"><span class='ocrx_word' id='word_1_300' title='bbox 1982 1692 2079 1762; x_wconf 84' lang='lat' dir='ltr'><strong>(H.</strong></span> <span class='ocrx_word' id='word_1_301' title='bbox 2112 1694 2205 1763; x_wconf 74' lang='lat' dir='ltr'><strong>ni).</strong></span> <span class='ocrx_word' id='word_1_302' title='bbox 2238 1693 2584 1750; x_wconf 85' lang='lat' dir='ltr'><strong>Justinianus</strong></span> <span class='ocrx_word' id='word_1_303' title='bbox 2622 1694 2827 1750; x_wconf 78' lang='lat' dir='ltr'><strong>auxilio</strong></span> <span class='ocrx_word' id='word_1_304' title='bbox 2865 1693 3168 1750; x_wconf 85' lang='lat' dir='ltr'><strong>Therbellis</strong></span> <span class='ocrx_word' id='word_1_305' title='bbox 3202 1693 3498 1766; x_wconf 86' lang='lat' dir='ltr'><strong>Bulgarum</strong></span> 
     </span>
    </p>
   </div>
   <div class='ocr_carea' id='block_1_45' title="bbox 1913 1785 3497 1858">
    <p class='ocr_par' dir='ltr' id='par_1_45' title="bbox 1913 1785 3497 1858">
     <span class='ocr_line' id='line_1_45' title="bbox 1913 1785 3497 1858; baseline 0 -20"><span class='ocrx_word' id='word_1_306' title='bbox 1913 1785 2056 1856; x_wconf 89' lang='lat' dir='ltr'><strong>regis</strong></span> <span class='ocrx_word' id='word_1_307' title='bbox 2083 1785 2375 1857; x_wconf 90' lang='lat' dir='ltr'><strong>imperium</strong></span> <span class='ocrx_word' id='word_1_308' title='bbox 2414 1785 2639 1856; x_wconf 85' lang='lat' dir='ltr'><strong>recipit;</strong></span> <span class='ocrx_word' id='word_1_309' title='bbox 2671 1785 2908 1841; x_wconf 91' lang='lat' dir='ltr'><strong>Leonem</strong></span> <span class='ocrx_word' id='word_1_310' title='bbox 2931 1794 2987 1841; x_wconf 91' lang='lat' dir='ltr'><strong>et</strong></span> <span class='ocrx_word' id='word_1_311' title='bbox 3014 1785 3306 1858; x_wconf 75' lang='lat' dir='ltr'><strong>Tyberium</strong></span> <span class='ocrx_word' id='word_1_312' title='bbox 3331 1800 3497 1841; x_wconf 76' lang='lat' dir='ltr'><strong>&quot;sur--</strong></span> 
     </span>
    </p>
   </div>
   <div class='ocr_carea' id='block_1_46' title="bbox 1915 1876 3497 1951">
    <p class='ocr_par' dir='ltr' id='par_1_46' title="bbox 1915 1876 3497 1951">
     <span class='ocr_line' id='line_1_46' title="bbox 1915 1876 3497 1951; baseline 0 -20"><span class='ocrx_word' id='word_1_313' title='bbox 1915 1886 2136 1946; x_wconf 82' lang='lat' dir='ltr'><strong>patares</strong></span> <span class='ocrx_word' id='word_1_314' title='bbox 2164 1878 2377 1948; x_wconf 84' lang='lat' dir='ltr'><strong>imperii</strong></span> <span class='ocrx_word' id='word_1_315' title='bbox 2404 1878 2457 1932; x_wconf 90' lang='lat' dir='ltr'><strong>in</strong></span> <span class='ocrx_word' id='word_1_316' title='bbox 2487 1878 2679 1934; x_wconf 83' lang='lat' dir='ltr'><strong>medio</strong></span> <span class='ocrx_word' id='word_1_317' title='bbox 2719 1879 2866 1951; x_wconf 76' lang='lat' dir='ltr'><strong>cyrei</strong></span> <span class='ocrx_word' id='word_1_318' title='bbox 2887 1878 3129 1948; x_wconf 80' lang='lat' dir='ltr'><strong>jugulat;</strong></span> <span class='ocrx_word' id='word_1_319' title='bbox 3173 1876 3497 1931; x_wconf 91' lang='lat' dir='ltr'><strong>Callinicum</strong></span> 
     </span>
    </p>
   </div>
   <div class='ocr_carea' id='block_1_47' title="bbox 1916 1965 3501 2036">
    <p class='ocr_par' dir='ltr' id='par_1_47' title="bbox 1916 1965 3501 2036">
     <span class='ocr_line' id='line_1_47' title="bbox 1916 1965 3501 2036; baseline 0 -17"><span class='ocrx_word' id='word_1_320' title='bbox 1916 1967 2282 2036; x_wconf 86' lang='lat' dir='ltr'><strong>patriarcham</strong></span> <span class='ocrx_word' id='word_1_321' title='bbox 2307 1978 2641 2023; x_wconf 79' lang='lat' dir='ltr'><strong>excaecatum</strong></span> <span class='ocrx_word' id='word_1_322' title='bbox 2663 1967 2878 2033; x_wconf 84' lang='lat' dir='ltr'><strong>exiliat;</strong></span> <span class='ocrx_word' id='word_1_323' title='bbox 2912 1975 2967 2022; x_wconf 88' lang='lat' dir='ltr'><strong>et</strong></span> <span class='ocrx_word' id='word_1_324' title='bbox 2990 1974 3193 2021; x_wconf 88' lang='lat' dir='ltr'><strong>tantam</strong></span> <span class='ocrx_word' id='word_1_325' title='bbox 3219 1965 3272 2020; x_wconf 91' lang='lat' dir='ltr'><strong>in</strong></span> <span class='ocrx_word' id='word_1_326' title='bbox 3306 1967 3501 2020; x_wconf 83' lang='lat' dir='ltr'><strong>adver-</strong></span> 
     </span>
    </p>
   </div>
   <div class='ocr_carea' id='block_1_48' title="bbox 1915 2054 3500 2127">
    <p class='ocr_par' dir='ltr' id='par_1_48' title="bbox 1915 2054 3500 2127">
     <span class='ocr_line' id='line_1_48' title="bbox 1915 2054 3500 2127; baseline -0.002 -16"><span class='ocrx_word' id='word_1_327' title='bbox 1915 2056 2089 2111; x_wconf 85' lang='lat' dir='ltr'><strong>sarios</strong></span> <span class='ocrx_word' id='word_1_328' title='bbox 2121 2055 2384 2112; x_wconf 90' lang='lat' dir='ltr'><strong>ultionem</strong></span> <span class='ocrx_word' id='word_1_329' title='bbox 2415 2066 2655 2123; x_wconf 78' lang='lat' dir='ltr'><strong>ex‘ercet,</strong></span> <span class='ocrx_word' id='word_1_330' title='bbox 2689 2064 2750 2112; x_wconf 92' lang='lat' dir='ltr'><strong>ut</strong></span> <span class='ocrx_word' id='word_1_331' title='bbox 2779 2057 2997 2127; x_wconf 90' lang='lat' dir='ltr'><strong>quoties</strong></span> <span class='ocrx_word' id='word_1_332' title='bbox 3027 2071 3057 2111; x_wconf 88' lang='lat' dir='ltr'><strong>a</strong></span> <span class='ocrx_word' id='word_1_333' title='bbox 3093 2071 3231 2111; x_wconf 86' lang='lat' dir='ltr'><strong>naso</strong></span> <span class='ocrx_word' id='word_1_334' title='bbox 3272 2054 3376 2111; x_wconf 86' lang='lat' dir='ltr'><strong>sibi</strong></span> <span class='ocrx_word' id='word_1_335' title='bbox 3402 2054 3500 2108; x_wconf 88' lang='lat' dir='ltr'><strong>ab-</strong></span> 
     </span>
    </p>
   </div>
   <div class='ocr_carea' id='block_1_49' title="bbox 1914 2148 3497 2220">
    <p class='ocr_par' dir='ltr' id='par_1_49' title="bbox 1914 2148 3497 2220">
     <span class='ocr_line' id='line_1_49' title="bbox 1914 2148 3497 2220; baseline -0.003 -15"><span class='ocrx_word' id='word_1_336' title='bbox 1914 2149 2091 2215; x_wconf 86' lang='lat' dir='ltr'><strong>sciso,</strong></span> <span class='ocrx_word' id='word_1_337' title='bbox 2147 2148 2475 2205; x_wconf 85' lang='lat' dir='ltr'><strong>defluentem</strong></span> <span class='ocrx_word' id='word_1_338' title='bbox 2558 2150 2822 2206; x_wconf 89' lang='lat' dir='ltr'><strong>reumatis</strong></span> <span class='ocrx_word' id='word_1_339' title='bbox 2889 2159 3100 2220; x_wconf 77' lang='lat' dir='ltr'><strong>guttam</strong></span> <span class='ocrx_word' id='word_1_340' title='bbox 3173 2148 3497 2219; x_wconf 78' lang='lat' dir='ltr'><strong>detergeret,</strong></span> 
     </span>
    </p>
   </div>
   <div class='ocr_carea' id='block_1_50' title="bbox 1916 2240 3496 2315">
    <p class='ocr_par' dir='ltr' id='par_1_50' title="bbox 1916 2240 3496 2315">
     <span class='ocr_line' id='line_1_50' title="bbox 1916 2240 3496 2315; baseline -0.001 -18"><span class='ocrx_word' id='word_1_341' title='bbox 1916 2240 2076 2313; x_wconf 68' lang='lat' dir='ltr'><strong>paene</strong></span> <span class='ocrx_word' id='word_1_342' title='bbox 2108 2244 2270 2299; x_wconf 89' lang='lat' dir='ltr'><strong>toties</strong></span> <span class='ocrx_word' id='word_1_343' title='bbox 2323 2244 2561 2315; x_wconf 90' lang='lat' dir='ltr'><strong>aliquem</strong></span> <span class='ocrx_word' id='word_1_344' title='bbox 2596 2260 2664 2299; x_wconf 77' lang='lat' dir='ltr'><strong>ex</strong></span> <span class='ocrx_word' id='word_1_345' title='bbox 2699 2244 2807 2310; x_wconf 87' lang='lat' dir='ltr'><strong>his,</strong></span> <span class='ocrx_word' id='word_1_346' title='bbox 2848 2242 2942 2314; x_wconf 90' lang='lat' dir='ltr'><strong>qui</strong></span> <span class='ocrx_word' id='word_1_347' title='bbox 2975 2252 3165 2299; x_wconf 91' lang='lat' dir='ltr'><strong>contra</strong></span> <span class='ocrx_word' id='word_1_348' title='bbox 3204 2258 3329 2297; x_wconf 91' lang='lat' dir='ltr'><strong>eum</strong></span> <span class='ocrx_word' id='word_1_349' title='bbox 3360 2256 3496 2311; x_wconf 90' lang='lat' dir='ltr'><strong>con-</strong></span> 
     </span>
    </p>
   </div>
   <div class='ocr_carea' id='block_1_51' title="bbox 1915 2324 3498 2409">
    <p class='ocr_par' dir='ltr' id='par_1_51' title="bbox 1915 2324 3498 2409">
     <span class='ocr_line' id='line_1_51' title="bbox 1915 2324 3498 2409; baseline -0.001 -19"><span class='ocrx_word' id='word_1_350' title='bbox 1915 2324 2549 2409; x_wconf 77' lang='lat' dir='ltr'><strong>spiraverant,jugulari</strong></span> <span class='ocrx_word' id='word_1_351' title='bbox 2578 2328 2900 2407; x_wconf 83' lang='lat' dir='ltr'><strong>preciperet.</strong></span> <span class='ocrx_word' id='word_1_352' title='bbox 2926 2332 3217 2405; x_wconf 88' lang='lat' dir='ltr'><strong>Imperavit</strong></span> <span class='ocrx_word' id='word_1_353' title='bbox 3244 2347 3374 2405; x_wconf 82' lang='lat' dir='ltr'><strong>ergo</strong></span> <span class='ocrx_word' id='word_1_354' title='bbox 3405 2347 3498 2389; x_wconf 73' lang='lat' dir='ltr'><strong>se~</strong></span> 
     </span>
    </p>
   </div>
   <div class='ocr_carea' id='block_1_52' title="bbox 1915 2420 2373 2483">
    <p class='ocr_par' dir='ltr' id='par_1_52' title="bbox 1915 2420 2373 2483">
     <span class='ocr_line' id='line_1_52' title="bbox 1915 2420 2373 2483; baseline 0 -1"><span class='ocrx_word' id='word_1_355' title='bbox 1915 2420 2099 2483; x_wconf 84' lang='lat' dir='ltr'><strong>eundo</strong></span> <span class='ocrx_word' id='word_1_356' title='bbox 2133 2427 2294 2483; x_wconf 87' lang='lat' dir='ltr'><strong>annis</strong></span> <span class='ocrx_word' id='word_1_357' title='bbox 2323 2427 2373 2482; x_wconf 91' lang='lat'><strong>7.</strong></span> 
     </span>
    </p>
   </div>
   <div class='ocr_carea' id='block_1_53' title="bbox 2151 2518 3262 2576">
    <p class='ocr_par' dir='ltr' id='par_1_53' title="bbox 2151 2518 3262 2576">
     <span class='ocr_line' id='line_1_53' title="bbox 2151 2518 3262 2576; baseline 0 -3"><span class='ocrx_word' id='word_1_358' title='bbox 2151 2520 2274 2575; x_wconf 88' lang='lat'><strong>706.</strong></span> <span class='ocrx_word' id='word_1_359' title='bbox 2356 2521 2405 2575; x_wconf 89' lang='lat'><strong>1.</strong></span> <span class='ocrx_word' id='word_1_360' title='bbox 2484 2520 2571 2576; x_wconf 86' lang='lat'><strong>19.</strong></span> <span class='ocrx_word' id='word_1_361' title='bbox 2649 2521 2703 2574; x_wconf 87' lang='lat'><strong>9.</strong></span> <span class='ocrx_word' id='word_1_362' title='bbox 2780 2520 2833 2574; x_wconf 82' lang='lat'><strong>5.</strong></span> <span class='ocrx_word' id='word_1_363' title='bbox 2915 2519 3002 2574; x_wconf 83' lang='lat'><strong>15.</strong></span> <span class='ocrx_word' id='word_1_364' title='bbox 3080 2518 3133 2574; x_wconf 79' lang='lat'><strong>5.</strong></span> <span class='ocrx_word' id='word_1_365' title='bbox 3208 2518 3262 2573; x_wconf 88' lang='lat'><strong>6.</strong></span> 
     </span>
    </p>
   </div>
   <div class='ocr_carea' id='block_1_54' title="bbox 1988 2628 3494 2713">
    <p class='ocr_par' dir='ltr' id='par_1_54' title="bbox 1988 2628 3494 2713">
     <span class='ocr_line' id='line_1_54' title="bbox 1988 2628 3494 2713; baseline 0.001 -30"><span class='ocrx_word' id='word_1_366' title='bbox 1988 2628 2075 2699; x_wconf 78' lang='lat' dir='ltr'><strong>(&#39;G.</strong></span> <span class='ocrx_word' id='word_1_367' title='bbox 2111 2631 2285 2701; x_wconf 85' lang='lat' dir='ltr'><strong>pont.)</strong></span> <span class='ocrx_word' id='word_1_368' title='bbox 2319 2629 2613 2703; x_wconf 74' lang='lat' dir='ltr'><strong>Sysnmtus</strong></span> <span class='ocrx_word' id='word_1_369' title='bbox 2643 2630 2844 2685; x_wconf 73' lang='grc' dir='ltr'><strong>85ιη¹²⁷</strong></span> <span class='ocrx_word' id='word_1_370' title='bbox 2877 2640 2929 2686; x_wconf 90' lang='lat' dir='ltr'><strong>et</strong></span> <span class='ocrx_word' id='word_1_371' title='bbox 2955 2630 3350 2713; x_wconf 86' lang='lat' dir='ltr'><strong>Constantinus</strong></span> <span class='ocrx_word' id='word_1_372' title='bbox 3366 2629 3494 2685; x_wconf 61' lang='lat'><strong>84‘&quot;</strong></span> 
     </span>
    </p>
   </div>
   <div class='ocr_carea' id='block_1_55' title="bbox 1916 2720 3498 2792">
    <p class='ocr_par' dir='ltr' id='par_1_55' title="bbox 1916 2720 3498 2792">
     <span class='ocr_line' id='line_1_55' title="bbox 1916 2720 3498 2792; baseline 0 -16"><span class='ocrx_word' id='word_1_373' title='bbox 1916 2721 2177 2777; x_wconf 65' lang='lat' dir='ltr'><strong>Romana:</strong></span> <span class='ocrx_word' id='word_1_374' title='bbox 2225 2723 2485 2777; x_wconf 67' lang='lat' dir='ltr'><strong>meelesia:</strong></span> <span class='ocrx_word' id='word_1_375' title='bbox 2527 2723 2822 2792; x_wconf 83' lang='lat' dir='ltr'><strong>president.</strong></span> <span class='ocrx_word' id='word_1_376' title='bbox 2864 2720 3043 2777; x_wconf 67' lang='lat' dir='ltr'><strong>Silavi</strong></span> <span class='ocrx_word' id='word_1_377' title='bbox 3090 2720 3298 2776; x_wconf 91' lang='lat' dir='ltr'><strong>Italiam</strong></span> <span class='ocrx_word' id='word_1_378' title='bbox 3357 2720 3498 2776; x_wconf 79' lang='lat' dir='ltr'><strong>infe-</strong></span> 
     </span>
    </p>
   </div>
   <div class='ocr_carea' id='block_1_56' title="bbox 1914 2824 2078 2872">
    <p class='ocr_par' dir='ltr' id='par_1_56' title="bbox 1914 2824 2078 2872">
     <span class='ocr_line' id='line_1_56' title="bbox 1914 2824 2078 2872; baseline -0.018 0"><span class='ocrx_word' id='word_1_379' title='bbox 1914 2824 2078 2872; x_wconf 88' lang='lat' dir='ltr'><strong>stant.</strong></span> 
     </span>
    </p>
   </div>
   <div class='ocr_carea' id='block_1_57' title="bbox 2091 2907 3283 2991">
    <p class='ocr_par' dir='ltr' id='par_1_57' title="bbox 2091 2907 3283 2991">
     <span class='ocr_line' id='line_1_57' title="bbox 2091 2907 3283 2991; baseline -0.001 -29"><span class='ocrx_word' id='word_1_380' title='bbox 2091 2909 2252 2964; x_wconf 73' lang='lat' dir='ltr'><strong>~7o7.</strong></span> <span class='ocrx_word' id='word_1_381' title='bbox 2330 2909 2385 2964; x_wconf 75' lang='lat'><strong>2.</strong></span> <span class='ocrx_word' id='word_1_382' title='bbox 2460 2907 2565 2969; x_wconf 64' lang='lat'><strong>20.,</strong></span> <span class='ocrx_word' id='word_1_383' title='bbox 2630 2907 2716 2963; x_wconf 81' lang='lat'><strong>10.</strong></span> <span class='ocrx_word' id='word_1_384' title='bbox 2794 2908 2847 2963; x_wconf 88' lang='lat'><strong>6.</strong></span> <span class='ocrx_word' id='word_1_385' title='bbox 2928 2908 3154 2991; x_wconf 45' lang='lat'><strong>16,6.-</strong></span> <span class='ocrx_word' id='word_1_386' title='bbox 3234 2908 3283 2961; x_wconf 84' lang='lat'><strong>7.</strong></span> 
     </span>
    </p>
   </div>
   <div class='ocr_carea' id='block_1_58' title="bbox 1988 2992 3496 3095">
    <p class='ocr_par' dir='ltr' id='par_1_58' title="bbox 1988 2992 3496 3095">
     <span class='ocr_line' id='line_1_58' title="bbox 1988 2992 3496 3095; baseline 0.002 -18"><span class='ocrx_word' id='word_1_387' title='bbox 1988 3023 2288 3095; x_wconf 70' lang='grc' dir='ltr'><strong>(ΒευΑ,.11.</strong></span> <span class='ocrx_word' id='word_1_388' title='bbox 2319 3026 2391 3095; x_wconf 84' lang='lat' dir='ltr'><strong>e)</strong></span> <span class='ocrx_word' id='word_1_389' title='bbox 2430 3023 2677 3079; x_wconf 86' lang='lat' dir='ltr'><strong>Choered</strong></span> <span class='ocrx_word' id='word_1_390' title='bbox 2724 3033 2775 3080; x_wconf 90' lang='lat' dir='ltr'><strong>et</strong></span> <span class='ocrx_word' id='word_1_391' title='bbox 2819 3022 2973 3095; x_wconf 88' lang='lat' dir='ltr'><strong>Opha</strong></span> <span class='ocrx_word' id='word_1_392' title='bbox 3004 2992 3161 3095; x_wconf 84' lang='lat' dir='ltr'><strong>reges</strong></span> <span class='ocrx_word' id='word_1_393' title='bbox 3199 3023 3496 3094; x_wconf 78' lang='lat' dir='ltr'><strong>Anglorum</strong></span> 
     </span>
    </p>
   </div>
   <div class='ocr_carea' id='block_1_59' title="bbox 213 3112 1811 3223">
    <p class='ocr_par' dir='ltr' id='par_1_59' title="bbox 213 3112 1810 3208">
     <span class='ocr_line' id='line_1_59' title="bbox 213 3112 1810 3208; baseline -0.001 -16"><span class='ocrx_word' id='word_1_394' title='bbox 213 3130 392 3203; x_wconf 80' lang='lat' dir='ltr'><strong>cedit,</strong></span> <span class='ocrx_word' id='word_1_395' title='bbox 442 3112 831 3206; x_wconf 51' lang='lat' dir='ltr'><strong>bnspraxidum</strong></span> <span class='ocrx_word' id='word_1_396' title='bbox 876 3128 1098 3191; x_wconf 76' lang='lat' dir='ltr'><strong>habens</strong></span> <span class='ocrx_word' id='word_1_397' title='bbox 1147 3112 1403 3191; x_wconf 88' lang='lat' dir='ltr'><strong>tutorem.</strong></span> <span class='ocrx_word' id='word_1_398' title='bbox 1452 3134 1546 3208; x_wconf 84' lang='lat' dir='ltr'><strong>(V.</strong></span> <span class='ocrx_word' id='word_1_399' title='bbox 1596 3128 1810 3207; x_wconf 83' lang='lat' dir='ltr'><strong>Lamb.)</strong></span> 
     </span>
    </p>
   </div>
   <div class='ocr_carea' id='block_1_60' title="bbox 1916 3112 3501 3223">
    <p class='ocr_par' dir='ltr' id='par_1_60' title="bbox 1920 3112 3501 3186">
     <span class='ocr_line' id='line_1_60' title="bbox 1920 3112 3501 3186; baseline -0.001 -16"><span class='ocrx_word' id='word_1_400' title='bbox 1920 3116 2149 3172; x_wconf 79' lang='lat' dir='ltr'><strong>Romam</strong></span> <span class='ocrx_word' id='word_1_401' title='bbox 2185 3116 2439 3182; x_wconf 87' lang='lat' dir='ltr'><strong>veniunt,</strong></span> <span class='ocrx_word' id='word_1_402' title='bbox 2469 3115 2653 3186; x_wconf 86' lang='lat' dir='ltr'><strong>ibique</strong></span> <span class='ocrx_word' id='word_1_403' title='bbox 2702 3113 2766 3183; x_wconf 38' lang='lat' dir='ltr'><strong>in,</strong></span> <span class='ocrx_word' id='word_1_404' title='bbox 2788 3114 3090 3171; x_wconf 86' lang='lat' dir='ltr'><strong>monachos</strong></span> <span class='ocrx_word' id='word_1_405' title='bbox 3135 3112 3356 3182; x_wconf 86' lang='lat' dir='ltr'><strong>attonsi,</strong></span> <span class='ocrx_word' id='word_1_406' title='bbox 3386 3113 3501 3185; x_wconf 87' lang='lat' dir='ltr'><strong>regi</strong></span> 
     </span>
    </p>
   </div>
   <div class='ocr_carea' id='block_1_61' title="bbox 211 3208 1811 3295">
    <p class='ocr_par' dir='ltr' id='par_1_61' title="bbox 211 3223 1811 3295">
     <span class='ocr_line' id='line_1_61' title="bbox 211 3223 1811 3295; baseline -0.002 -14"><span class='ocrx_word' id='word_1_407' title='bbox 211 3223 371 3281; x_wconf 75' lang='lat' dir='ltr'><strong>Dedo</strong></span> <span class='ocrx_word' id='word_1_408' title='bbox 406 3223 726 3281; x_wconf 81' lang='lat' dir='ltr'><strong>interfector</strong></span> <span class='ocrx_word' id='word_1_409' title='bbox 756 3226 930 3282; x_wconf 86' lang='lat' dir='ltr'><strong>sancti</strong></span> <span class='ocrx_word' id='word_1_410' title='bbox 963 3223 1240 3280; x_wconf 88' lang='lat' dir='ltr'><strong>Lambcrti</strong></span> <span class='ocrx_word' id='word_1_411' title='bbox 1270 3223 1508 3295; x_wconf 88' lang='lat' dir='ltr'><strong>pessimo</strong></span> <span class='ocrx_word' id='word_1_412' title='bbox 1549 3224 1811 3295; x_wconf 85' lang='lat' dir='ltr'><strong>languore</strong></span> 
     </span>
    </p>
   </div>
   <div class='ocr_carea' id='block_1_62' title="bbox 1916 3208 2533 3295">
    <p class='ocr_par' dir='ltr' id='par_1_62' title="bbox 1917 3208 2533 3278">
     <span class='ocr_line' id='line_1_62' title="bbox 1917 3208 2533 3278; baseline -0.003 -16"><span class='ocrx_word' id='word_1_413' title='bbox 1917 3224 2106 3278; x_wconf 87' lang='lat' dir='ltr'><strong>regum</strong></span> <span class='ocrx_word' id='word_1_414' title='bbox 2139 3208 2533 3263; x_wconf 87' lang='lat' dir='ltr'><strong>militaverunt.</strong></span> 
     </span>
    </p>
   </div>
   <div class='ocr_carea' id='block_1_63' title="bbox 215 3316 1809 3385">
    <p class='ocr_par' dir='ltr' id='par_1_63' title="bbox 215 3316 1809 3385">
     <span class='ocr_line' id='line_1_63' title="bbox 215 3316 1809 3385; baseline -0.001 -13"><span class='ocrx_word' id='word_1_415' title='bbox 215 3318 524 3385; x_wconf 85' lang='lat' dir='ltr'><strong>cruciatus,</strong></span> <span class='ocrx_word' id='word_1_416' title='bbox 562 3335 593 3373; x_wconf 88' lang='lat' dir='ltr'><strong>a</strong></span> <span class='ocrx_word' id='word_1_417' title='bbox 617 3318 893 3372; x_wconf 77' lang='lat' dir='ltr'><strong>vermibus</strong></span> <span class='ocrx_word' id='word_1_418' title='bbox 931 3318 1297 3383; x_wconf 85' lang='lat' dir='ltr'><strong>consumitur,</strong></span> <span class='ocrx_word' id='word_1_419' title='bbox 1328 3326 1384 3371; x_wconf 88' lang='lat' dir='ltr'><strong>et</strong></span> <span class='ocrx_word' id='word_1_420' title='bbox 1412 3316 1482 3371; x_wconf 91' lang='lat' dir='ltr'><strong>ob</strong></span> <span class='ocrx_word' id='word_1_421' title='bbox 1509 3316 1809 3371; x_wconf 87' lang='lat' dir='ltr'><strong>intoleran-</strong></span> 
     </span>
    </p>
   </div>
   <div class='ocr_carea' id='block_1_64' title="bbox 216 3405 1809 3480">
    <p class='ocr_par' dir='ltr' id='par_1_64' title="bbox 216 3405 1809 3480">
     <span class='ocr_line' id='line_1_64' title="bbox 216 3405 1809 3480; baseline -0.002 -17"><span class='ocrx_word' id='word_1_422' title='bbox 216 3408 348 3463; x_wconf 90' lang='lat' dir='ltr'><strong>tiam</strong></span> <span class='ocrx_word' id='word_1_423' title='bbox 375 3405 598 3465; x_wconf 72' lang='lat' dir='ltr'><strong>[ceteris</strong></span> <span class='ocrx_word' id='word_1_424' title='bbox 620 3409 674 3463; x_wconf 90' lang='lat' dir='ltr'><strong>in</strong></span> <span class='ocrx_word' id='word_1_425' title='bbox 703 3406 915 3464; x_wconf 78' lang='lat' dir='ltr'><strong>Mosam</strong></span> <span class='ocrx_word' id='word_1_426' title='bbox 942 3408 1166 3463; x_wconf 84' lang='lat' dir='ltr'><strong>fluvium</strong></span> <span class='ocrx_word' id='word_1_427' title='bbox 1188 3408 1556 3480; x_wconf 88' lang='lat' dir='ltr'><strong>demergitur;</strong></span> <span class='ocrx_word' id='word_1_428' title='bbox 1586 3422 1809 3462; x_wconf 89' lang='lat' dir='ltr'><strong>omnes-</strong></span> 
     </span>
    </p>
   </div>
   <div class='ocr_carea' id='block_1_65' title="bbox 215 3499 1813 3572">
    <p class='ocr_par' dir='ltr' id='par_1_65' title="bbox 215 3499 1813 3572">
     <span class='ocr_line' id='line_1_65' title="bbox 215 3499 1813 3572; baseline -0.002 -17"><span class='ocrx_word' id='word_1_429' title='bbox 215 3516 321 3570; x_wconf 88' lang='lat' dir='ltr'><strong>que</strong></span> <span class='ocrx_word' id='word_1_430' title='bbox 357 3500 534 3570; x_wconf 86' lang='lat' dir='ltr'><strong>hujus</strong></span> <span class='ocrx_word' id='word_1_431' title='bbox 583 3500 1090 3572; x_wconf 65' lang='lat' dir='ltr'><strong>culpazcomptices</strong></span> <span class='ocrx_word' id='word_1_432' title='bbox 1131 3499 1270 3557; x_wconf 81' lang='lat' dir='ltr'><strong>infra</strong></span> <span class='ocrx_word' id='word_1_433' title='bbox 1307 3516 1512 3557; x_wconf 89' lang='lat' dir='ltr'><strong>annum</strong></span> <span class='ocrx_word' id='word_1_434' title='bbox 1546 3499 1813 3554; x_wconf 81' lang='lat' dir='ltr'><strong>divinitus</strong></span> 
     </span>
    </p>
   </div>
   <div class='ocr_carea' id='block_1_66' title="bbox 216 3591 1813 3664">
    <p class='ocr_par' dir='ltr' id='par_1_66' title="bbox 216 3591 1813 3664">
     <span class='ocr_line' id='line_1_66' title="bbox 216 3591 1813 3664; baseline -0.003 -15"><span class='ocrx_word' id='word_1_435' title='bbox 216 3594 549 3663; x_wconf 84' lang='lat' dir='ltr'><strong>puniuntur.</strong></span> <span class='ocrx_word' id='word_1_436' title='bbox 569 3592 869 3650; x_wconf 77' lang='lat' dir='ltr'><strong>Percussae</strong></span> <span class='ocrx_word' id='word_1_437' title='bbox 891 3610 1021 3648; x_wconf 87' lang='lat' dir='ltr'><strong>vero</strong></span> <span class='ocrx_word' id='word_1_438' title='bbox 1042 3593 1216 3651; x_wconf 84' lang='lat' dir='ltr'><strong>sancti</strong></span> <span class='ocrx_word' id='word_1_439' title='bbox 1243 3592 1503 3664; x_wconf 84' lang='lat' dir='ltr'><strong>martyris</strong></span> <span class='ocrx_word' id='word_1_440' title='bbox 1532 3591 1688 3646; x_wconf 84' lang='lat' dir='ltr'><strong>fratri</strong></span> <span class='ocrx_word' id='word_1_441' title='bbox 1711 3605 1813 3646; x_wconf 85' lang='lat' dir='ltr'><strong>suo</strong></span> 
     </span>
    </p>
   </div>
   <div class='ocr_carea' id='block_1_67' title="bbox 217 3682 1399 3756">
    <p class='ocr_par' dir='ltr' id='par_1_67' title="bbox 217 3682 1399 3756">
     <span class='ocr_line' id='line_1_67' title="bbox 217 3682 1399 3756; baseline -0.001 -18"><span class='ocrx_word' id='word_1_442' title='bbox 217 3699 583 3756; x_wconf 81' lang='lat' dir='ltr'><strong>congressus,</strong></span> <span class='ocrx_word' id='word_1_443' title='bbox 611 3684 748 3739; x_wconf 86' lang='lat' dir='ltr'><strong>alter</strong></span> <span class='ocrx_word' id='word_1_444' title='bbox 781 3684 853 3740; x_wconf 89' lang='lat' dir='ltr'><strong>ab</strong></span> <span class='ocrx_word' id='word_1_445' title='bbox 888 3684 1063 3741; x_wconf 87' lang='lat' dir='ltr'><strong>altero</strong></span> <span class='ocrx_word' id='word_1_446' title='bbox 1093 3682 1399 3754; x_wconf 87' lang='lat' dir='ltr'><strong>perimitur.</strong></span> 
     </span>
    </p>
   </div>
   <div class='ocr_carea' id='block_1_68' title="bbox 362 3795 1663 3853">
    <p class='ocr_par' dir='ltr' id='par_1_68' title="bbox 362 3795 1663 3853">
     <span class='ocr_line' id='line_1_68' title="bbox 362 3795 1663 3853; baseline 0.001 -3"><span class='ocrx_word' id='word_1_447' title='bbox 362 3795 495 3851; x_wconf 85' lang='lat'><strong>700.</strong></span> <span class='ocrx_word' id='word_1_448' title='bbox 608 3797 828 3852; x_wconf 78' lang='lat'><strong>2.13.</strong></span> <span class='ocrx_word' id='word_1_449' title='bbox 942 3798 995 3852; x_wconf 90' lang='grc'><strong>5.</strong></span> <span class='ocrx_word' id='word_1_450' title='bbox 1112 3798 1161 3853; x_wconf 92' lang='grc'><strong>1.</strong></span> <span class='ocrx_word' id='word_1_451' title='bbox 1274 3798 1328 3852; x_wconf 91' lang='lat'><strong>9.</strong></span> <span class='ocrx_word' id='word_1_452' title='bbox 1409 3796 1496 3850; x_wconf 89' lang='lat'><strong>16.</strong></span> <span class='ocrx_word' id='word_1_453' title='bbox 1572 3796 1663 3851; x_wconf 77' lang='lat'><strong>20.</strong></span> 
     </span>
    </p>
   </div>
   <div class='ocr_carea' id='block_1_69' title="bbox 287 3889 1816 3963">
    <p class='ocr_par' dir='ltr' id='par_1_69' title="bbox 287 3889 1816 3963">
     <span class='ocr_line' id='line_1_69' title="bbox 287 3889 1816 3963; baseline 0 -18"><span class='ocrx_word' id='word_1_454' title='bbox 287 3890 394 3963; x_wconf 80' lang='grc' dir='ltr'><strong>(Η.</strong></span> <span class='ocrx_word' id='word_1_455' title='bbox 424 3891 528 3962; x_wconf 68' lang='lat' dir='ltr'><strong>in.)</strong></span> <span class='ocrx_word' id='word_1_456' title='bbox 563 3889 797 3947; x_wconf 81' lang='lat' dir='ltr'><strong>Romani</strong></span> <span class='ocrx_word' id='word_1_457' title='bbox 845 3899 1203 3963; x_wconf 74' lang='lat' dir='ltr'><strong>pervagantes</strong></span> <span class='ocrx_word' id='word_1_458' title='bbox 1252 3889 1497 3961; x_wconf 80' lang='lat' dir='ltr'><strong>Syriam,</strong></span> <span class='ocrx_word' id='word_1_459' title='bbox 1538 3889 1816 3960; x_wconf 83' lang='lat' dir='ltr'><strong>perimunt</strong></span> 
     </span>
    </p>
   </div>
   <div class='ocr_carea' id='block_1_70' title="bbox 219 3981 1812 4055">
    <p class='ocr_par' dir='ltr' id='par_1_70' title="bbox 219 3981 1812 4055">
     <span class='ocr_line' id='line_1_70' title="bbox 219 3981 1812 4055; baseline -0.001 -17"><span class='ocrx_word' id='word_1_460' title='bbox 219 3982 329 4038; x_wconf 76' lang='lat'><strong>290</strong></span> <span class='ocrx_word' id='word_1_461' title='bbox 368 3983 532 4039; x_wconf 74' lang='lat' dir='ltr'><strong>milia</strong></span> <span class='ocrx_word' id='word_1_462' title='bbox 574 3982 995 4039; x_wconf 86' lang='lat' dir='ltr'><strong>Saracenorum.</strong></span> <span class='ocrx_word' id='word_1_463' title='bbox 1045 3983 1127 4055; x_wconf 85' lang='lat' dir='ltr'><strong>(P.</strong></span> <span class='ocrx_word' id='word_1_464' title='bbox 1162 3982 1253 4053; x_wconf 86' lang='lat' dir='ltr'><strong>D.)</strong></span> <span class='ocrx_word' id='word_1_465' title='bbox 1298 3981 1661 4054; x_wconf 67' lang='lat' dir='ltr'><strong>Reginberltts</strong></span> <span class='ocrx_word' id='word_1_466' title='bbox 1702 3982 1812 4037; x_wconf 78' lang='lat' dir='ltr'><strong>dux</strong></span> 
     </span>
    </p>
   </div>
   <div class='ocr_carea' id='block_1_71' title="bbox 220 4073 1816 4148">
    <p class='ocr_par' dir='ltr' id='par_1_71' title="bbox 220 4073 1816 4148">
     <span class='ocr_line' id='line_1_71' title="bbox 220 4073 1816 4148; baseline 0 -18"><span class='ocrx_word' id='word_1_467' title='bbox 220 4073 653 4133; x_wconf 75' lang='lat' dir='ltr'><strong>Taurinensium</strong></span> <span class='ocrx_word' id='word_1_468' title='bbox 684 4075 1067 4148; x_wconf 80' lang='lat' dir='ltr'><strong>Ausprandum</strong></span> <span class='ocrx_word' id='word_1_469' title='bbox 1107 4084 1339 4131; x_wconf 85' lang='lat' dir='ltr'><strong>tutorem</strong></span> <span class='ocrx_word' id='word_1_470' title='bbox 1374 4074 1516 4144; x_wconf 82' lang='lat' dir='ltr'><strong>regis</strong></span> <span class='ocrx_word' id='word_1_471' title='bbox 1547 4073 1816 4144; x_wconf 83' lang='lat' dir='ltr'><strong>Liutpcrti</strong></span> 
     </span>
    </p>
   </div>
   <div class='ocr_carea' id='block_1_72' title="bbox 221 4166 1813 4241">
    <p class='ocr_par' dir='ltr' id='par_1_72' title="bbox 221 4166 1813 4241">
     <span class='ocr_line' id='line_1_72' title="bbox 221 4166 1813 4241; baseline -0.001 -17"><span class='ocrx_word' id='word_1_472' title='bbox 221 4168 369 4224; x_wconf 82' lang='lat' dir='ltr'><strong>bello</strong></span> <span class='ocrx_word' id='word_1_473' title='bbox 397 4179 645 4240; x_wconf 87' lang='lat' dir='ltr'><strong>superat,</strong></span> <span class='ocrx_word' id='word_1_474' title='bbox 683 4179 740 4225; x_wconf 87' lang='lat' dir='ltr'><strong>ct</strong></span> <span class='ocrx_word' id='word_1_475' title='bbox 762 4185 909 4226; x_wconf 88' lang='lat' dir='ltr'><strong>anno</strong></span> <span class='ocrx_word' id='word_1_476' title='bbox 946 4183 1059 4225; x_wconf 90' lang='lat' dir='ltr'><strong>uno</strong></span> <span class='ocrx_word' id='word_1_477' title='bbox 1095 4179 1304 4241; x_wconf 84' lang='lat' dir='ltr'><strong>regnat.</strong></span> <span class='ocrx_word' id='word_1_478' title='bbox 1340 4167 1642 4223; x_wconf 86' lang='lat' dir='ltr'><strong>Therbcllis</strong></span> <span class='ocrx_word' id='word_1_479' title='bbox 1683 4166 1813 4223; x_wconf 87' lang='lat' dir='ltr'><strong>Bul-</strong></span> 
     </span>
    </p>
   </div>
   <div class='ocr_carea' id='block_1_73' title="bbox 221 4258 817 4330">
    <p class='ocr_par' dir='ltr' id='par_1_73' title="bbox 221 4258 817 4330">
     <span class='ocr_line' id='line_1_73' title="bbox 221 4258 817 4330; baseline 0.003 -17"><span class='ocrx_word' id='word_1_480' title='bbox 221 4258 452 4330; x_wconf 77' lang='lat' dir='ltr'><strong>garibus</strong></span> <span class='ocrx_word' id='word_1_481' title='bbox 480 4260 817 4317; x_wconf 87' lang='lat' dir='ltr'><strong>dominatur.</strong></span> 
     </span>
    </p>
   </div>
   <div class='ocr_carea' id='block_1_74' title="bbox 371 4370 1662 4428">
    <p class='ocr_par' dir='ltr' id='par_1_74' title="bbox 371 4370 1662 4428">
     <span class='ocr_line' id='line_1_74' title="bbox 371 4370 1662 4428; baseline -0.001 -2"><span class='ocrx_word' id='word_1_482' title='bbox 371 4370 499 4427; x_wconf 82' lang='lat'><strong>701.</strong></span> <span class='ocrx_word' id='word_1_483' title='bbox 612 4372 832 4428; x_wconf 72' lang='lat'><strong>3.14.</strong></span> <span class='ocrx_word' id='word_1_484' title='bbox 946 4373 999 4427; x_wconf 68' lang='grc'><strong>4.</strong></span> <span class='ocrx_word' id='word_1_485' title='bbox 1116 4370 1495 4427; x_wconf 81' lang='lat'><strong>1.10.17.</strong></span> <span class='ocrx_word' id='word_1_486' title='bbox 1613 4372 1662 4425; x_wconf 88' lang='lat'><strong>1.</strong></span> 
     </span>
    </p>
   </div>
   <div class='ocr_carea' id='block_1_75' title="bbox 295 4462 1812 4537">
    <p class='ocr_par' dir='ltr' id='par_1_75' title="bbox 295 4462 1812 4537">
     <span class='ocr_line' id='line_1_75' title="bbox 295 4462 1812 4537; baseline 0 -19"><span class='ocrx_word' id='word_1_487' title='bbox 295 4462 379 4534; x_wconf 87' lang='lat' dir='ltr'><strong>(P.</strong></span> <span class='ocrx_word' id='word_1_488' title='bbox 414 4463 509 4536; x_wconf 86' lang='lat' dir='ltr'><strong>D.)</strong></span> <span class='ocrx_word' id='word_1_489' title='bbox 548 4463 768 4520; x_wconf 78' lang='lat' dir='ltr'><strong>Mortuo</strong></span> <span class='ocrx_word' id='word_1_490' title='bbox 810 4464 1164 4537; x_wconf 85' lang='lat' dir='ltr'><strong>Raginbcrto,</strong></span> <span class='ocrx_word' id='word_1_491' title='bbox 1193 4462 1447 4534; x_wconf 83' lang='lat' dir='ltr'><strong>Aripcrth</strong></span> <span class='ocrx_word' id='word_1_492' title='bbox 1484 4463 1628 4518; x_wconf 87' lang='lat' dir='ltr'><strong>filius</strong></span> <span class='ocrx_word' id='word_1_493' title='bbox 1670 4462 1812 4534; x_wconf 80' lang='lat' dir='ltr'><strong>ejus,</strong></span> 
     </span>
    </p>
   </div>
   <div class='ocr_carea' id='block_1_76' title="bbox 2129 3298 3285 3355">
    <p class='ocr_par' dir='ltr' id='par_1_76' title="bbox 2129 3298 3285 3355">
     <span class='ocr_line' id='line_1_76' title="bbox 2129 3298 3285 3355; baseline 0.001 -3"><span class='ocrx_word' id='word_1_494' title='bbox 2129 3299 2251 3355; x_wconf 87' lang='lat'><strong>708.</strong></span> <span class='ocrx_word' id='word_1_495' title='bbox 2328 3301 2380 3354; x_wconf 89' lang='grc'><strong>5.</strong></span> <span class='ocrx_word' id='word_1_496' title='bbox 2459 3299 2548 3354; x_wconf 85' lang='grc'><strong>21.</strong></span> <span class='ocrx_word' id='word_1_497' title='bbox 2630 3300 2715 3354; x_wconf 87' lang='grc'><strong>11.</strong></span> <span class='ocrx_word' id='word_1_498' title='bbox 2797 3299 2849 3354; x_wconf 89' lang='lat'><strong>7.</strong></span> <span class='ocrx_word' id='word_1_499' title='bbox 2930 3298 3015 3354; x_wconf 92' lang='grc'><strong>17.</strong></span> <span class='ocrx_word' id='word_1_500' title='bbox 3104 3298 3152 3353; x_wconf 92' lang='lat'><strong>7.</strong></span> <span class='ocrx_word' id='word_1_501' title='bbox 3231 3298 3285 3354; x_wconf 89' lang='lat'><strong>8.</strong></span> 
     </span>
    </p>
   </div>
   <div class='ocr_carea' id='block_1_77' title="bbox 1987 3388 3500 3462">
    <p class='ocr_par' dir='ltr' id='par_1_77' title="bbox 1987 3388 3500 3462">
     <span class='ocr_line' id='line_1_77' title="bbox 1987 3388 3500 3462; baseline 0.003 -19"><span class='ocrx_word' id='word_1_502' title='bbox 1987 3388 2084 3461; x_wconf 86' lang='lat' dir='ltr'><strong>(H.</strong></span> <span class='ocrx_word' id='word_1_503' title='bbox 2124 3390 2222 3461; x_wconf 89' lang='lat' dir='ltr'><strong>m.)</strong></span> <span class='ocrx_word' id='word_1_504' title='bbox 2254 3389 2596 3447; x_wconf 82' lang='lat' dir='ltr'><strong>Justinianus</strong></span> <span class='ocrx_word' id='word_1_505' title='bbox 2626 3390 2927 3461; x_wconf 86' lang='lat' dir='ltr'><strong>imperator</strong></span> <span class='ocrx_word' id='word_1_506' title='bbox 2978 3406 3167 3462; x_wconf 77' lang='lat' dir='ltr'><strong>pacem</strong></span> <span class='ocrx_word' id='word_1_507' title='bbox 3209 3406 3335 3447; x_wconf 88' lang='lat' dir='ltr'><strong>eum</strong></span> <span class='ocrx_word' id='word_1_508' title='bbox 3370 3389 3500 3447; x_wconf 83' lang='lat' dir='ltr'><strong>Bul-</strong></span> 
     </span>
    </p>
   </div>
   <div class='ocr_carea' id='block_1_78' title="bbox 1914 3482 3501 3555">
    <p class='ocr_par' dir='ltr' id='par_1_78' title="bbox 1914 3482 3501 3555">
     <span class='ocr_line' id='line_1_78' title="bbox 1914 3482 3501 3555; baseline 0 -18"><span class='ocrx_word' id='word_1_509' title='bbox 1914 3482 2139 3553; x_wconf 89' lang='lat' dir='ltr'><strong>garibus</strong></span> <span class='ocrx_word' id='word_1_510' title='bbox 2176 3491 2392 3553; x_wconf 89' lang='lat' dir='ltr'><strong>pactam</strong></span> <span class='ocrx_word' id='word_1_511' title='bbox 2423 3483 2605 3548; x_wconf 78' lang='lat' dir='ltr'><strong>solvit,</strong></span> <span class='ocrx_word' id='word_1_512' title='bbox 2630 3483 2824 3553; x_wconf 89' lang='lat' dir='ltr'><strong>eisque</strong></span> <span class='ocrx_word' id='word_1_513' title='bbox 2855 3498 3211 3555; x_wconf 87' lang='lat' dir='ltr'><strong>congressus,</strong></span> <span class='ocrx_word' id='word_1_514' title='bbox 3242 3482 3332 3538; x_wconf 83' lang='lat' dir='ltr'><strong>vix</strong></span> <span class='ocrx_word' id='word_1_515' title='bbox 3369 3498 3501 3539; x_wconf 90' lang='lat' dir='ltr'><strong>eva-</strong></span> 
     </span>
    </p>
   </div>
   <div class='ocr_carea' id='block_1_79' title="bbox 1914 3572 3498 3646">
    <p class='ocr_par' dir='ltr' id='par_1_79' title="bbox 1914 3572 3498 3646">
     <span class='ocr_line' id='line_1_79' title="bbox 1914 3572 3498 3646; baseline -0.003 -15"><span class='ocrx_word' id='word_1_516' title='bbox 1914 3574 2006 3631; x_wconf 90' lang='lat' dir='ltr'><strong>sit.</strong></span> <span class='ocrx_word' id='word_1_517' title='bbox 2042 3574 2233 3642; x_wconf 77' lang='grc' dir='ltr'><strong>(ΒευΑ,</strong></span> <span class='ocrx_word' id='word_1_518' title='bbox 2267 3574 2339 3630; x_wconf 87' lang='grc' dir='ltr'><strong>Η.</strong></span> <span class='ocrx_word' id='word_1_519' title='bbox 2370 3574 2444 3646; x_wconf 83' lang='lat' dir='ltr'><strong>e.)</strong></span> <span class='ocrx_word' id='word_1_520' title='bbox 2475 3572 2754 3628; x_wconf 85' lang='lat' dir='ltr'><strong>Adrianus</strong></span> <span class='ocrx_word' id='word_1_521' title='bbox 2790 3574 2962 3629; x_wconf 85' lang='lat' dir='ltr'><strong>abbas</strong></span> <span class='ocrx_word' id='word_1_522' title='bbox 2998 3575 3299 3645; x_wconf 83' lang='lat' dir='ltr'><strong>Anglorum</strong></span> <span class='ocrx_word' id='word_1_523' title='bbox 3334 3574 3498 3630; x_wconf 82' lang='lat' dir='ltr'><strong>obiit.</strong></span> 
     </span>
    </p>
   </div>
   <div class='ocr_carea' id='block_1_80' title="bbox 1915 3650 3504 3736">
    <p class='ocr_par' dir='ltr' id='par_1_80' title="bbox 1915 3650 3504 3736">
     <span class='ocr_line' id='line_1_80' title="bbox 1915 3650 3504 3736; baseline -0.002 -13"><span class='ocrx_word' id='word_1_524' title='bbox 1915 3667 2055 3723; x_wconf 85' lang='lat' dir='ltr'><strong>Picti</strong></span> <span class='ocrx_word' id='word_1_525' title='bbox 2099 3650 2157 3723; x_wconf 83' lang='lat' dir='ltr'><strong>et</strong></span> <span class='ocrx_word' id='word_1_526' title='bbox 2204 3665 2377 3722; x_wconf 88' lang='lat' dir='ltr'><strong>Scotti</strong></span> <span class='ocrx_word' id='word_1_527' title='bbox 2423 3650 2756 3723; x_wconf 87' lang='lat' dir='ltr'><strong>catholicum</strong></span> <span class='ocrx_word' id='word_1_528' title='bbox 2807 3664 3083 3736; x_wconf 87' lang='lat' dir='ltr'><strong>paschalis</strong></span> <span class='ocrx_word' id='word_1_529' title='bbox 3137 3665 3504 3720; x_wconf 82' lang='lat' dir='ltr'><strong>observantiae</strong></span> 
     </span>
    </p>
   </div>
   <div class='ocr_carea' id='block_1_81' title="bbox 1914 3758 2435 3831">
    <p class='ocr_par' dir='ltr' id='par_1_81' title="bbox 1914 3758 2435 3831">
     <span class='ocr_line' id='line_1_81' title="bbox 1914 3758 2435 3831; baseline -0.002 -17"><span class='ocrx_word' id='word_1_530' title='bbox 1914 3760 2083 3816; x_wconf 88' lang='lat' dir='ltr'><strong>ritum</strong></span> <span class='ocrx_word' id='word_1_531' title='bbox 2112 3758 2435 3831; x_wconf 88' lang='lat' dir='ltr'><strong>suscipiunt.</strong></span> 
     </span>
    </p>
   </div>
   <div class='ocr_carea' id='block_1_82' title="bbox 2132 3846 3283 3906">
    <p class='ocr_par' dir='ltr' id='par_1_82' title="bbox 2132 3846 3283 3906">
     <span class='ocr_line' id='line_1_82' title="bbox 2132 3846 3283 3906; baseline -0.002 0"><span class='ocrx_word' id='word_1_532' title='bbox 2132 3852 2256 3906; x_wconf 88' lang='lat'><strong>709.</strong></span> <span class='ocrx_word' id='word_1_533' title='bbox 2332 3852 2388 3906; x_wconf 75' lang='grc'><strong>4.</strong></span> <span class='ocrx_word' id='word_1_534' title='bbox 2464 3850 2557 3905; x_wconf 84' lang='lat'><strong>22.</strong></span> <span class='ocrx_word' id='word_1_535' title='bbox 2637 3850 2723 3905; x_wconf 87' lang='lat'><strong>12.</strong></span> <span class='ocrx_word' id='word_1_536' title='bbox 2802 3846 2856 3904; x_wconf 91' lang='grc'><strong>8.</strong></span> <span class='ocrx_word' id='word_1_537' title='bbox 2934 3849 3022 3905; x_wconf 88' lang='grc'><strong>18.</strong></span> <span class='ocrx_word' id='word_1_538' title='bbox 3099 3848 3151 3904; x_wconf 88' lang='grc'><strong>8.</strong></span> <span class='ocrx_word' id='word_1_539' title='bbox 3230 3848 3283 3905; x_wconf 92' lang='lat'><strong>9.</strong></span> 
     </span>
    </p>
   </div>
   <div class='ocr_carea' id='block_1_83' title="bbox 1989 3938 3506 4015">
    <p class='ocr_par' dir='ltr' id='par_1_83' title="bbox 1989 3938 3506 4015">
     <span class='ocr_line' id='line_1_83' title="bbox 1989 3938 3506 4015; baseline 0 -17"><span class='ocrx_word' id='word_1_540' title='bbox 1989 3941 2088 4015; x_wconf 87' lang='lat' dir='ltr'><strong>(H.</strong></span> <span class='ocrx_word' id='word_1_541' title='bbox 2123 3941 2220 4013; x_wconf 87' lang='lat' dir='ltr'><strong>m.)</strong></span> <span class='ocrx_word' id='word_1_542' title='bbox 2251 3940 2639 4013; x_wconf 79' lang='lat' dir='ltr'><strong>Habdymelich</strong></span> <span class='ocrx_word' id='word_1_543' title='bbox 2676 3940 2881 3997; x_wconf 89' lang='lat' dir='ltr'><strong>amiras</strong></span> <span class='ocrx_word' id='word_1_544' title='bbox 2909 3938 3311 3997; x_wconf 89' lang='lat' dir='ltr'><strong>Saracenorum</strong></span> <span class='ocrx_word' id='word_1_545' title='bbox 3336 3940 3506 3998; x_wconf 87' lang='lat' dir='ltr'><strong>mori-</strong></span> 
     </span>
    </p>
   </div>
   <div class='ocr_carea' id='block_1_84' title="bbox 1917 4031 3501 4106">
    <p class='ocr_par' dir='ltr' id='par_1_84' title="bbox 1917 4031 3501 4106">
     <span class='ocr_line' id='line_1_84' title="bbox 1917 4031 3501 4106; baseline -0.003 -14"><span class='ocrx_word' id='word_1_546' title='bbox 1917 4047 2025 4102; x_wconf 90' lang='lat' dir='ltr'><strong>tur,</strong></span> <span class='ocrx_word' id='word_1_547' title='bbox 2052 4044 2179 4106; x_wconf 93' lang='lat' dir='ltr'><strong>post</strong></span> <span class='ocrx_word' id='word_1_548' title='bbox 2209 4050 2374 4106; x_wconf 88' lang='lat' dir='ltr'><strong>quem</strong></span> <span class='ocrx_word' id='word_1_549' title='bbox 2408 4031 2533 4089; x_wconf 91' lang='lat' dir='ltr'><strong>Ulid</strong></span> <span class='ocrx_word' id='word_1_550' title='bbox 2568 4035 2730 4091; x_wconf 89' lang='lat' dir='ltr'><strong>annis</strong></span> <span class='ocrx_word' id='word_1_551' title='bbox 2766 4034 2797 4089; x_wconf 87' lang='lat'><strong>7</strong></span> <span class='ocrx_word' id='word_1_552' title='bbox 2825 4034 3184 4106; x_wconf 89' lang='lat' dir='ltr'><strong>principatur.</strong></span> <span class='ocrx_word' id='word_1_553' title='bbox 3236 4033 3393 4106; x_wconf 74' lang='lat' dir='ltr'><strong>(App.</strong></span> <span class='ocrx_word' id='word_1_554' title='bbox 3440 4031 3501 4090; x_wconf 89' lang='lat' dir='ltr'><strong>S.</strong></span> 
     </span>
    </p>
   </div>
   <div class='ocr_carea' id='block_1_85' title="bbox 1922 4125 3504 4199">
    <p class='ocr_par' dir='ltr' id='par_1_85' title="bbox 1922 4125 3504 4199">
     <span class='ocr_line' id='line_1_85' title="bbox 1922 4125 3504 4199; baseline 0 -15"><span class='ocrx_word' id='word_1_555' title='bbox 1922 4129 2111 4199; x_wconf 75' lang='lat' dir='ltr'><strong>Micli.)</strong></span> <span class='ocrx_word' id='word_1_556' title='bbox 2140 4126 2492 4182; x_wconf 79' lang='lat' dir='ltr'><strong>Childeberto</strong></span> <span class='ocrx_word' id='word_1_557' title='bbox 2535 4127 2915 4183; x_wconf 89' lang='lat' dir='ltr'><strong>monarchiam</strong></span> <span class='ocrx_word' id='word_1_558' title='bbox 2963 4127 3117 4199; x_wconf 88' lang='lat' dir='ltr'><strong>regni</strong></span> <span class='ocrx_word' id='word_1_559' title='bbox 3162 4125 3504 4184; x_wconf 82' lang='lat' dir='ltr'><strong>Francorum</strong></span> 
     </span>
    </p>
   </div>
   <div class='ocr_carea' id='block_1_86' title="bbox 1918 4215 3505 4289">
    <p class='ocr_par' dir='ltr' id='par_1_86' title="bbox 1918 4215 3505 4289">
     <span class='ocr_line' id='line_1_86' title="bbox 1918 4215 3505 4289; baseline -0.003 -12"><span class='ocrx_word' id='word_1_560' title='bbox 1918 4226 2156 4284; x_wconf 83' lang='lat' dir='ltr'><strong>tenente,</strong></span> <span class='ocrx_word' id='word_1_561' title='bbox 2208 4217 2572 4289; x_wconf 87' lang='lat' dir='ltr'><strong>archangelus</strong></span> <span class='ocrx_word' id='word_1_562' title='bbox 2629 4215 2861 4273; x_wconf 84' lang='lat' dir='ltr'><strong>Michael</strong></span> <span class='ocrx_word' id='word_1_563' title='bbox 2918 4232 3188 4288; x_wconf 88' lang='lat' dir='ltr'><strong>apparens</strong></span> <span class='ocrx_word' id='word_1_564' title='bbox 3237 4215 3505 4273; x_wconf 87' lang='lat' dir='ltr'><strong>Autberto</strong></span> 
     </span>
    </p>
   </div>
   <div class='ocr_carea' id='block_1_87' title="bbox 1917 4308 3507 4381">
    <p class='ocr_par' dir='ltr' id='par_1_87' title="bbox 1917 4308 3507 4381">
     <span class='ocr_line' id='line_1_87' title="bbox 1917 4308 3507 4381; baseline -0.004 -13"><span class='ocrx_word' id='word_1_565' title='bbox 1917 4311 2301 4368; x_wconf 77' lang='lat' dir='ltr'><strong>Abrincatensi</strong></span> <span class='ocrx_word' id='word_1_566' title='bbox 2333 4311 2622 4381; x_wconf 89' lang='lat' dir='ltr'><strong>episcopo,</strong></span> <span class='ocrx_word' id='word_1_567' title='bbox 2648 4308 2865 4365; x_wconf 87' lang='lat' dir='ltr'><strong>monuit</strong></span> <span class='ocrx_word' id='word_1_568' title='bbox 2893 4308 3064 4365; x_wconf 90' lang='lat' dir='ltr'><strong>semel</strong></span> <span class='ocrx_word' id='word_1_569' title='bbox 3099 4315 3156 4364; x_wconf 92' lang='lat' dir='ltr'><strong>et</strong></span> <span class='ocrx_word' id='word_1_570' title='bbox 3192 4308 3412 4374; x_wconf 85' lang='lat' dir='ltr'><strong>iterum,</strong></span> <span class='ocrx_word' id='word_1_571' title='bbox 3444 4315 3507 4363; x_wconf 85' lang='lat' dir='ltr'><strong>ut</strong></span> 
     </span>
    </p>
   </div>
   <div class='ocr_carea' id='block_1_88' title="bbox 1920 4395 3503 4472">
    <p class='ocr_par' dir='ltr' id='par_1_88' title="bbox 1920 4395 3503 4472">
     <span class='ocr_line' id='line_1_88' title="bbox 1920 4395 3503 4472; baseline -0.003 -13"><span class='ocrx_word' id='word_1_572' title='bbox 1920 4405 1973 4459; x_wconf 90' lang='lat' dir='ltr'><strong>in</strong></span> <span class='ocrx_word' id='word_1_573' title='bbox 2009 4406 2130 4460; x_wconf 91' lang='lat' dir='ltr'><strong>loco</strong></span> <span class='ocrx_word' id='word_1_574' title='bbox 2151 4401 2345 4468; x_wconf 87' lang='lat' dir='ltr'><strong>maris,</strong></span> <span class='ocrx_word' id='word_1_575' title='bbox 2377 4400 2472 4472; x_wconf 89' lang='lat' dir='ltr'><strong>qui</strong></span> <span class='ocrx_word' id='word_1_576' title='bbox 2501 4408 2726 4472; x_wconf 87' lang='lat' dir='ltr'><strong>propter</strong></span> <span class='ocrx_word' id='word_1_577' title='bbox 2771 4397 3125 4455; x_wconf 89' lang='lat' dir='ltr'><strong>eminentiam</strong></span> <span class='ocrx_word' id='word_1_578' title='bbox 3169 4397 3256 4453; x_wconf 91' lang='lat' dir='ltr'><strong>sui</strong></span> <span class='ocrx_word' id='word_1_579' title='bbox 3292 4395 3503 4455; x_wconf 88' lang='lat' dir='ltr'><strong>Tumba</strong></span> 
     </span>
    </p>
   </div>
   <div class='ocr_carea' id='block_1_89' title="bbox 1920 4490 3504 4561">
    <p class='ocr_par' dir='ltr' id='par_1_89' title="bbox 1920 4490 3504 4561">
     <span class='ocr_line' id='line_1_89' title="bbox 1920 4490 3504 4561; baseline -0.003 -10"><span class='ocrx_word' id='word_1_580' title='bbox 1920 4504 2167 4561; x_wconf 85' lang='lat' dir='ltr'><strong>vocatur,</strong></span> <span class='ocrx_word' id='word_1_581' title='bbox 2196 4492 2451 4549; x_wconf 82' lang='lat' dir='ltr'><strong>fundaret</strong></span> <span class='ocrx_word' id='word_1_582' title='bbox 2483 4492 2785 4549; x_wconf 69' lang='lat' dir='ltr'><strong>meclesiam</strong></span> <span class='ocrx_word' id='word_1_583' title='bbox 2824 4490 2880 4545; x_wconf 92' lang='lat' dir='ltr'><strong>in</strong></span> <span class='ocrx_word' id='word_1_584' title='bbox 2908 4491 3229 4546; x_wconf 89' lang='lat' dir='ltr'><strong>memoriam</strong></span> <span class='ocrx_word' id='word_1_585' title='bbox 3252 4490 3367 4557; x_wconf 87' lang='lat' dir='ltr'><strong>sui,</strong></span> <span class='ocrx_word' id='word_1_586' title='bbox 3401 4505 3504 4547; x_wconf 84' lang='lat' dir='ltr'><strong>vo-</strong></span> 
     </span>
    </p>
   </div>
   <div class='ocr_carea' id='block_1_90' title="bbox 226 4541 3508 4654">
    <p class='ocr_par' dir='ltr' id='par_1_90' title="bbox 226 4541 3508 4654">
     <span class='ocr_line' id='line_1_90' title="bbox 226 4541 3508 4654; baseline -0 -17"><span class='ocrx_word' id='word_1_587' title='bbox 226 4556 557 4654; x_wconf 61' lang='lat' dir='ltr'><strong>Anstndo</strong></span> <span class='ocrx_word' id='word_1_588' title='bbox 598 4557 651 4654; x_wconf 52' lang='grc' dir='ltr'><strong>ξπ</strong></span> <span class='ocrx_word' id='word_1_589' title='bbox 682 4573 986 4654; x_wconf 34' lang='grc' dir='ltr'><strong>-θοηβτθδδυ</strong></span> <span class='ocrx_word' id='word_1_590' title='bbox 1030 4558 1208 4654; x_wconf 17' lang='grc' dir='ltr'><strong>νκίθίθνι</strong></span> <span class='ocrx_word' id='word_1_591' title='bbox 1246 4555 1582 4654; x_wconf 51' lang='grc' dir='ltr'><strong>[ΨΡἮΨΜ</strong></span> <span class='ocrx_word' id='word_1_592' title='bbox 1630 4571 1814 4654; x_wconf 42' lang='lat' dir='ltr'><strong>regem</strong></span> <span class='ocrx_word' id='word_1_593' title='bbox 1846 4541 1891 4603; x_wconf 70' lang='grc' dir='ltr'><strong>υ</strong></span> <span class='ocrx_word' id='word_1_594' title='bbox 1919 4588 2041 4642; x_wconf 90' lang='lat' dir='ltr'><strong>lens</strong></span> <span class='ocrx_word' id='word_1_595' title='bbox 2060 4541 2221 4639; x_wconf 68' lang='lat' dir='ltr'><strong>talem</strong></span> <span class='ocrx_word' id='word_1_596' title='bbox 2250 4584 2657 4639; x_wconf 89' lang='lat' dir='ltr'><strong>venerationem</strong></span> <span class='ocrx_word' id='word_1_597' title='bbox 2688 4581 2893 4636; x_wconf 84' lang='lat' dir='ltr'><strong>exiberi</strong></span> <span class='ocrx_word' id='word_1_598' title='bbox 2915 4580 3021 4635; x_wconf 87' lang='lat' dir='ltr'><strong>sibi</strong></span> <span class='ocrx_word' id='word_1_599' title='bbox 3052 4580 3105 4635; x_wconf 91' lang='lat' dir='ltr'><strong>in</strong></span> <span class='ocrx_word' id='word_1_600' title='bbox 3131 4541 3508 4654; x_wconf 51' lang='lat' dir='ltr'><strong>pelago,,qua-</strong></span> 
     </span>
    </p>
   </div>
   <div class='ocr_carea' id='block_1_91' title="bbox 226 4647 3510 4746">
    <p class='ocr_par' dir='ltr' id='par_1_91' title="bbox 226 4647 3510 4746">
     <span class='ocr_line' id='line_1_91' title="bbox 226 4647 3510 4746; baseline -0.002 -12"><span class='ocrx_word' id='word_1_601' title='bbox 226 4651 373 4720; x_wconf 58' lang='lat' dir='ltr'><strong>capit</strong></span> <span class='ocrx_word' id='word_1_602' title='bbox 414 4659 471 4746; x_wconf 51' lang='grc' dir='ltr'><strong>ῗι</strong></span> <span class='ocrx_word' id='word_1_603' title='bbox 499 4651 749 4746; x_wconf 53' lang='grc' dir='ltr'><strong>Ρθῖίίωίῖῖ</strong></span> <span class='ocrx_word' id='word_1_604' title='bbox 779 4651 1164 4746; x_wconf 56' lang='lat' dir='ltr'><strong>Auspmn‘mm</strong></span> <span class='ocrx_word' id='word_1_605' title='bbox 1196 4651 1249 4705; x_wconf 68' lang='lat' dir='ltr'><strong>in</strong></span> <span class='ocrx_word' id='word_1_606' title='bbox 1291 4647 1816 4746; x_wconf 36' lang='lat' dir='ltr'><strong>‘iaimﬁamiugcr‘f</strong></span> <span class='ocrx_word' id='word_1_607' title='bbox 1922 4679 1989 4734; x_wconf 90' lang='lat' dir='ltr'><strong>lis</strong></span> <span class='ocrx_word' id='word_1_608' title='bbox 2019 4678 2268 4735; x_wconf 83' lang='lat' dir='ltr'><strong>cxibetur</strong></span> <span class='ocrx_word' id='word_1_609' title='bbox 2303 4676 2356 4730; x_wconf 91' lang='lat' dir='ltr'><strong>in</strong></span> <span class='ocrx_word' id='word_1_610' title='bbox 2378 4682 2565 4729; x_wconf 90' lang='lat' dir='ltr'><strong>monte</strong></span> <span class='ocrx_word' id='word_1_611' title='bbox 2587 4672 2861 4746; x_wconf 84' lang='lat' dir='ltr'><strong>Gargano.</strong></span> <span class='ocrx_word' id='word_1_612' title='bbox 2886 4671 3107 4727; x_wconf 89' lang='lat' dir='ltr'><strong>Interim</strong></span> <span class='ocrx_word' id='word_1_613' title='bbox 3131 4647 3336 4727; x_wconf 66' lang='lat' dir='ltr'><strong>taurus</strong></span> <span class='ocrx_word' id='word_1_614' title='bbox 3362 4647 3404 4726; x_wconf 43' lang='lat' dir='ltr'><strong>a_</strong></span> <span class='ocrx_word' id='word_1_615' title='bbox 3426 4670 3510 4727; x_wconf 86' lang='lat' dir='ltr'><strong>la-</strong></span> 
     </span>
    </p>
   </div>
   <div class='ocr_carea' id='block_1_92' title="bbox 226 4741 3509 4838">
    <p class='ocr_par' dir='ltr' id='par_1_92' title="bbox 226 4741 3509 4838">
     <span class='ocr_line' id='line_1_92' title="bbox 226 4741 3509 4838; baseline 0.001 -43"><span class='ocrx_word' id='word_1_616' title='bbox 226 4745 523 4814; x_wconf 86' lang='lat' dir='ltr'><strong>compellit,</strong></span> <span class='ocrx_word' id='word_1_617' title='bbox 550 4743 833 4815; x_wconf 90' lang='lat' dir='ltr'><strong>filiumque</strong></span> <span class='ocrx_word' id='word_1_618' title='bbox 860 4746 981 4815; x_wconf 90' lang='lat' dir='ltr'><strong>ejus</strong></span> <span class='ocrx_word' id='word_1_619' title='bbox 1011 4743 1285 4815; x_wconf 83' lang='lat' dir='ltr'><strong>juniorem</strong></span> <span class='ocrx_word' id='word_1_620' title='bbox 1316 4741 1714 4838; x_wconf 81' lang='lat' dir='ltr'><strong>Liutprandum</strong></span> <span class='ocrx_word' id='word_1_621' title='bbox 1746 4741 1815 4797; x_wconf 86' lang='lat' dir='ltr'><strong>ad</strong></span> <span class='ocrx_word' id='word_1_622' title='bbox 1920 4778 2078 4827; x_wconf 49' lang='lat' dir='ltr'><strong>“om,</strong></span> <span class='ocrx_word' id='word_1_623' title='bbox 2107 4764 2322 4825; x_wconf 61' lang='grc' dir='ltr'><strong>-ςυηίη,</strong></span> <span class='ocrx_word' id='word_1_624' title='bbox 2374 4776 2593 4838; x_wconf 47' lang='lat' dir='ltr'><strong>raptus,</strong></span> <span class='ocrx_word' id='word_1_625' title='bbox 2640 4741 2863 4821; x_wconf 54' lang='lat' dir='ltr'><strong>in&#39;loco</strong></span> <span class='ocrx_word' id='word_1_626' title='bbox 2893 4763 2987 4819; x_wconf 71' lang='grc' dir='ltr'><strong>ῃιο</strong></span> <span class='ocrx_word' id='word_1_627' title='bbox 3026 4764 3306 4836; x_wconf 50' lang='lat' dir='ltr'><strong>religatur.</strong></span> <span class='ocrx_word' id='word_1_628' title='bbox 3352 4761 3509 4819; x_wconf 59' lang='lat' dir='ltr'><strong>unde</strong></span> 
     </span>
    </p>
   </div>
   <div class='ocr_carea' id='block_1_93' title="bbox 226 4835 1818 4910">
    <p class='ocr_par' dir='ltr' id='par_1_93' title="bbox 226 4835 1818 4910">
     <span class='ocr_line' id='line_1_93' title="bbox 226 4835 1818 4910; baseline -0.001 -18"><span class='ocrx_word' id='word_1_629' title='bbox 226 4847 433 4908; x_wconf 85' lang='lat' dir='ltr'><strong>patrem</strong></span> <span class='ocrx_word' id='word_1_630' title='bbox 465 4840 654 4910; x_wconf 85' lang='lat' dir='ltr'><strong>fugere</strong></span> <span class='ocrx_word' id='word_1_631' title='bbox 678 4840 961 4910; x_wconf 89' lang='lat' dir='ltr'><strong>permittit,</strong></span> <span class='ocrx_word' id='word_1_632' title='bbox 993 4848 1047 4895; x_wconf 90' lang='lat' dir='ltr'><strong>et</strong></span> <span class='ocrx_word' id='word_1_633' title='bbox 1073 4839 1233 4895; x_wconf 90' lang='lat' dir='ltr'><strong>annis</strong></span> <span class='ocrx_word' id='word_1_634' title='bbox 1261 4838 1295 4893; x_wconf 89' lang='lat'><strong>9</strong></span> <span class='ocrx_word' id='word_1_635' title='bbox 1329 4844 1535 4909; x_wconf 86' lang='lat' dir='ltr'><strong>regnat.</strong></span> <span class='ocrx_word' id='word_1_636' title='bbox 1575 4835 1818 4909; x_wconf 80' lang='lat' dir='ltr'><strong>Chynta—</strong></span> 
     </span>
    </p>
   </div>
   <div class='ocr_carea' id='block_1_94' title="bbox 225 4928 1813 5004">
    <p class='ocr_par' dir='ltr' id='par_1_94' title="bbox 225 4928 1813 5004">
     <span class='ocr_line' id='line_1_94' title="bbox 225 4928 1813 5004; baseline -0.002 -19"><span class='ocrx_word' id='word_1_637' title='bbox 225 4930 420 4987; x_wconf 85' lang='lat' dir='ltr'><strong>sindus</strong></span> <span class='ocrx_word' id='word_1_638' title='bbox 465 4932 621 4986; x_wconf 87' lang='lat' dir='ltr'><strong>senio</strong></span> <span class='ocrx_word' id='word_1_639' title='bbox 660 4932 944 4988; x_wconf 87' lang='lat' dir='ltr'><strong>confectus</strong></span> <span class='ocrx_word' id='word_1_640' title='bbox 985 4948 1209 5004; x_wconf 88' lang='lat' dir='ltr'><strong>regnum</strong></span> <span class='ocrx_word' id='word_1_641' title='bbox 1253 4930 1686 5003; x_wconf 80' lang='lat' dir='ltr'><strong>Wisigotharum</strong></span> <span class='ocrx_word' id='word_1_642' title='bbox 1728 4928 1813 4983; x_wconf 88' lang='lat' dir='ltr'><strong>di-</strong></span> 
     </span>
    </p>
   </div>
   <div class='ocr_carea' id='block_1_95' title="bbox 229 5018 1814 5094">
    <p class='ocr_par' dir='ltr' id='par_1_95' title="bbox 229 5018 1814 5094">
     <span class='ocr_line' id='line_1_95' title="bbox 229 5018 1814 5094; baseline 0.001 -20"><span class='ocrx_word' id='word_1_643' title='bbox 229 5020 425 5089; x_wconf 86' lang='lat' dir='ltr'><strong>mittit;</strong></span> <span class='ocrx_word' id='word_1_644' title='bbox 456 5033 755 5094; x_wconf 82' lang='lat' dir='ltr'><strong>regnatque</strong></span> <span class='ocrx_word' id='word_1_645' title='bbox 797 5032 919 5093; x_wconf 88' lang='lat' dir='ltr'><strong>post</strong></span> <span class='ocrx_word' id='word_1_646' title='bbox 958 5038 1081 5078; x_wconf 86' lang='lat' dir='ltr'><strong>eum</strong></span> <span class='ocrx_word' id='word_1_647' title='bbox 1125 5023 1266 5078; x_wconf 86' lang='lat' dir='ltr'><strong>filius</strong></span> <span class='ocrx_word' id='word_1_648' title='bbox 1300 5023 1419 5093; x_wconf 84' lang='lat' dir='ltr'><strong>ejus</strong></span> <span class='ocrx_word' id='word_1_649' title='bbox 1446 5021 1667 5076; x_wconf 77' lang='lat' dir='ltr'><strong>Flavius</strong></span> <span class='ocrx_word' id='word_1_650' title='bbox 1706 5018 1814 5075; x_wconf 80' lang='lat' dir='ltr'><strong>Re-</strong></span> 
     </span>
    </p>
   </div>
   <div class='ocr_carea' id='block_1_96' title="bbox 229 5113 572 5171">
    <p class='ocr_par' dir='ltr' id='par_1_96' title="bbox 229 5113 572 5171">
     <span class='ocr_line' id='line_1_96' title="bbox 229 5113 572 5171; baseline 0.012 -4"><span class='ocrx_word' id='word_1_651' title='bbox 229 5113 572 5171; x_wconf 87' lang='lat' dir='ltr'><strong>cinsuindus.</strong></span> 
     </span>
    </p>
   </div>
   <div class='ocr_carea' id='block_1_97' title="bbox 375 5228 1669 5284">
    <p class='ocr_par' dir='ltr' id='par_1_97' title="bbox 375 5228 1669 5284">
     <span class='ocr_line' id='line_1_97' title="bbox 375 5228 1669 5284; baseline 0.001 -3"><span class='ocrx_word' id='word_1_652' title='bbox 375 5229 499 5284; x_wconf 84' lang='lat'><strong>702.</strong></span> <span class='ocrx_word' id='word_1_653' title='bbox 612 5232 666 5284; x_wconf 63' lang='lat'><strong>4.</strong></span> <span class='ocrx_word' id='word_1_654' title='bbox 747 5232 835 5284; x_wconf 92' lang='grc'><strong>15.</strong></span> <span class='ocrx_word' id='word_1_655' title='bbox 946 5234 999 5284; x_wconf 84' lang='grc'><strong>5.</strong></span> <span class='ocrx_word' id='word_1_656' title='bbox 1118 5231 1167 5284; x_wconf 95' lang='grc'><strong>1.</strong></span> <span class='ocrx_word' id='word_1_657' title='bbox 1252 5230 1338 5283; x_wconf 86' lang='grc'><strong>11.</strong></span> <span class='ocrx_word' id='word_1_658' title='bbox 1451 5228 1503 5283; x_wconf 91' lang='grc'><strong>1.</strong></span> <span class='ocrx_word' id='word_1_659' title='bbox 1614 5228 1669 5283; x_wconf 89' lang='grc'><strong>2.</strong></span> 
     </span>
    </p>
   </div>
   <div class='ocr_carea' id='block_1_98' title="bbox 612 5232 999 5286">
    <p class='ocr_par' dir='ltr' id='par_1_98' title="bbox 612 5232 999 5286">
     <span class='ocr_line' id='line_1_98' title="bbox 612 5232 999 5286; baseline 0 -1"><span class='ocrx_word' id='word_1_660' title='bbox 612 5232 666 5285; x_wconf 69' lang='grc'><strong>4.</strong></span> <span class='ocrx_word' id='word_1_661' title='bbox 747 5232 835 5286; x_wconf 90' lang='grc'><strong>15.</strong></span> <span class='ocrx_word' id='word_1_662' title='bbox 946 5234 999 5286; x_wconf 84' lang='grc'><strong>5.</strong></span> 
     </span>
    </p>
   </div>
   <div class='ocr_carea' id='block_1_99' title="bbox 1921 4856 3520 4935">
    <p class='ocr_par' dir='ltr' id='par_1_99' title="bbox 1921 4856 3520 4935">
     <span class='ocr_line' id='line_1_99' title="bbox 1921 4856 3520 4935; baseline -0.006 -15"><span class='ocrx_word' id='word_1_663' title='bbox 1921 4863 2216 4935; x_wconf 90' lang='lat' dir='ltr'><strong>epise0pus</strong></span> <span class='ocrx_word' id='word_1_664' title='bbox 2256 4858 2420 4918; x_wconf 89' lang='lat' dir='ltr'><strong>tertio</strong></span> <span class='ocrx_word' id='word_1_665' title='bbox 2457 4860 2793 4926; x_wconf 86' lang='lat' dir='ltr'><strong>admonitus,</strong></span> <span class='ocrx_word' id='word_1_666' title='bbox 2826 4866 2887 4914; x_wconf 91' lang='lat' dir='ltr'><strong>ut</strong></span> <span class='ocrx_word' id='word_1_667' title='bbox 2921 4858 2976 4913; x_wconf 93' lang='lat' dir='ltr'><strong>in</strong></span> <span class='ocrx_word' id='word_1_668' title='bbox 3016 4856 3109 4914; x_wconf 92' lang='lat' dir='ltr'><strong>illo</strong></span> <span class='ocrx_word' id='word_1_669' title='bbox 3139 4858 3260 4913; x_wconf 89' lang='lat' dir='ltr'><strong>loco</strong></span> <span class='ocrx_word' id='word_1_670' title='bbox 3311 4856 3520 4912; x_wconf 12' lang='lat' dir='ltr'><strong>funda-1</strong></span> 
     </span>
    </p>
   </div>
   <div class='ocr_carea' id='block_1_100' title="bbox 1922 4948 3509 5026">
    <p class='ocr_par' dir='ltr' id='par_1_100' title="bbox 1922 4948 3509 5026">
     <span class='ocr_line' id='line_1_100' title="bbox 1922 4948 3509 5026; baseline -0.004 -15"><span class='ocrx_word' id='word_1_671' title='bbox 1922 4965 2168 5011; x_wconf 88' lang='lat' dir='ltr'><strong>mentum</strong></span> <span class='ocrx_word' id='word_1_672' title='bbox 2186 4955 2414 5026; x_wconf 89' lang='lat' dir='ltr'><strong>jacerct,</strong></span> <span class='ocrx_word' id='word_1_673' title='bbox 2450 4954 2539 5009; x_wconf 91' lang='lat' dir='ltr'><strong>ubi</strong></span> <span class='ocrx_word' id='word_1_674' title='bbox 2568 4962 2786 5008; x_wconf 90' lang='lat' dir='ltr'><strong>taurum</strong></span> <span class='ocrx_word' id='word_1_675' title='bbox 2813 4951 3099 5023; x_wconf 87' lang='lat' dir='ltr'><strong>religatum</strong></span> <span class='ocrx_word' id='word_1_676' title='bbox 3137 4948 3423 5016; x_wconf 86' lang='lat' dir='ltr'><strong>inveniret,</strong></span> <span class='ocrx_word' id='word_1_677' title='bbox 3453 4957 3509 5004; x_wconf 84' lang='lat' dir='ltr'><strong>et</strong></span> 
     </span>
    </p>
   </div>
   <div class='ocr_carea' id='block_1_101' title="bbox 1925 5040 3509 5116">
    <p class='ocr_par' dir='ltr' id='par_1_101' title="bbox 1925 5040 3509 5116">
     <span class='ocr_line' id='line_1_101' title="bbox 1925 5040 3509 5116; baseline -0.004 -13"><span class='ocrx_word' id='word_1_678' title='bbox 1925 5048 2067 5111; x_wconf 84' lang='lat' dir='ltr'><strong>sicut</strong></span> <span class='ocrx_word' id='word_1_679' title='bbox 2110 5063 2235 5103; x_wconf 92' lang='lat' dir='ltr'><strong>eum</strong></span> <span class='ocrx_word' id='word_1_680' title='bbox 2280 5058 2481 5105; x_wconf 88' lang='lat' dir='ltr'><strong>terram</strong></span> <span class='ocrx_word' id='word_1_681' title='bbox 2520 5047 2751 5116; x_wconf 81' lang='lat' dir='ltr'><strong>pedibus</strong></span> <span class='ocrx_word' id='word_1_682' title='bbox 2795 5044 3116 5115; x_wconf 74' lang='lat' dir='ltr'><strong>protr-ivisse</strong></span> <span class='ocrx_word' id='word_1_683' title='bbox 3166 5042 3391 5110; x_wconf 85' lang='lat' dir='ltr'><strong>videret,</strong></span> <span class='ocrx_word' id='word_1_684' title='bbox 3428 5040 3509 5098; x_wconf 87' lang='lat' dir='ltr'><strong>sic</strong></span> 
     </span>
    </p>
   </div>
   <div class='ocr_carea' id='block_1_102' title="bbox 1925 5133 3507 5207">
    <p class='ocr_par' dir='ltr' id='par_1_102' title="bbox 1925 5133 3507 5207">
     <span class='ocr_line' id='line_1_102' title="bbox 1925 5133 3507 5207; baseline -0.006 -12"><span class='ocrx_word' id='word_1_685' title='bbox 1925 5140 2189 5196; x_wconf 73' lang='lat' dir='ltr'><strong>:ecclesize</strong></span> <span class='ocrx_word' id='word_1_686' title='bbox 2231 5142 2498 5198; x_wconf 85' lang='lat' dir='ltr'><strong>ambitum</strong></span> <span class='ocrx_word' id='word_1_687' title='bbox 2546 5143 2790 5207; x_wconf 88' lang='lat' dir='ltr'><strong>duceret,</strong></span> <span class='ocrx_word' id='word_1_688' title='bbox 2841 5138 3144 5195; x_wconf 71' lang='lat' dir='ltr'><strong>aecclesiam</strong></span> <span class='ocrx_word' id='word_1_689' title='bbox 3193 5135 3247 5190; x_wconf 92' lang='lat' dir='ltr'><strong>in</strong></span> <span class='ocrx_word' id='word_1_690' title='bbox 3298 5133 3507 5189; x_wconf 89' lang='lat' dir='ltr'><strong>honore</strong></span> 
     </span>
    </p>
   </div>
   <div class='ocr_carea' id='block_1_103' title="bbox 1926 5222 3505 5305">
    <p class='ocr_par' dir='ltr' id='par_1_103' title="bbox 1926 5222 3505 5305">
     <span class='ocr_line' id='line_1_103' title="bbox 1926 5222 3505 5305; baseline -0.008 -16"><span class='ocrx_word' id='word_1_691' title='bbox 1926 5232 2104 5289; x_wconf 83' lang='lat' dir='ltr'><strong>sancti</strong></span> <span class='ocrx_word' id='word_1_692' title='bbox 2132 5234 2444 5305; x_wconf 83' lang='lat' dir='ltr'><strong>archangeli</strong></span> <span class='ocrx_word' id='word_1_693' title='bbox 2477 5234 2781 5291; x_wconf 89' lang='lat' dir='ltr'><strong>constituit.</strong></span> <span class='ocrx_word' id='word_1_694' title='bbox 2817 5231 2881 5287; x_wconf 86' lang='lat' dir='ltr'><strong>Et</strong></span> <span class='ocrx_word' id='word_1_695' title='bbox 2900 5247 2967 5288; x_wconf 79' lang='lat' dir='ltr'><strong>ex</strong></span> <span class='ocrx_word' id='word_1_696' title='bbox 2998 5231 3093 5286; x_wconf 92' lang='lat' dir='ltr'><strong>illo</strong></span> <span class='ocrx_word' id='word_1_697' title='bbox 3128 5238 3389 5298; x_wconf 87' lang='lat' dir='ltr'><strong>tempore,</strong></span> <span class='ocrx_word' id='word_1_698' title='bbox 3427 5222 3505 5281; x_wconf 88' lang='lat' dir='ltr'><strong>si-</strong></span> 
     </span>
    </p>
   </div>
   <div class='ocr_carea' id='block_1_104' title="bbox 301 5316 3506 5400">
    <p class='ocr_par' dir='ltr' id='par_1_104' title="bbox 301 5316 3506 5400">
     <span class='ocr_line' id='line_1_104' title="bbox 301 5316 3506 5400; baseline -0.001 -28"><span class='ocrx_word' id='word_1_699' title='bbox 301 5320 395 5377; x_wconf 74' lang='grc' dir='ltr'><strong>(ϐ.</strong></span> <span class='ocrx_word' id='word_1_700' title='bbox 419 5322 590 5389; x_wconf 76' lang='lat' dir='ltr'><strong>nant.)</strong></span> <span class='ocrx_word' id='word_1_701' title='bbox 638 5321 920 5380; x_wconf 79' lang='lat' dir='ltr'><strong>Iohannes</strong></span> <span class='ocrx_word' id='word_1_702' title='bbox 953 5321 1080 5379; x_wconf 66' lang='lat'><strong>8|“8</strong></span> <span class='ocrx_word' id='word_1_703' title='bbox 1114 5321 1375 5378; x_wconf 68' lang='lat' dir='ltr'><strong>Romanae</strong></span> <span class='ocrx_word' id='word_1_704' title='bbox 1412 5321 1674 5377; x_wconf 61' lang='lat' dir='ltr'><strong>ecclesiae</strong></span> <span class='ocrx_word' id='word_1_705' title='bbox 1699 5336 1821 5391; x_wconf 88' lang='lat' dir='ltr'><strong>pre-</strong></span> <span class='ocrx_word' id='word_1_706' title='bbox 1925 5334 2017 5381; x_wconf 89' lang='lat' dir='ltr'><strong>cut</strong></span> <span class='ocrx_word' id='word_1_707' title='bbox 2041 5325 2096 5379; x_wconf 91' lang='lat' dir='ltr'><strong>in</strong></span> <span class='ocrx_word' id='word_1_708' title='bbox 2125 5336 2313 5383; x_wconf 88' lang='lat' dir='ltr'><strong>monte</strong></span> <span class='ocrx_word' id='word_1_709' title='bbox 2357 5326 2634 5400; x_wconf 86' lang='lat' dir='ltr'><strong>Gargano,</strong></span> <span class='ocrx_word' id='word_1_710' title='bbox 2671 5329 2747 5385; x_wconf 90' lang='lat' dir='ltr'><strong>ita</strong></span> <span class='ocrx_word' id='word_1_711' title='bbox 2772 5327 2936 5384; x_wconf 89' lang='lat' dir='ltr'><strong>etiam</strong></span> <span class='ocrx_word' id='word_1_712' title='bbox 2969 5326 3024 5382; x_wconf 89' lang='lat' dir='ltr'><strong>in</strong></span> <span class='ocrx_word' id='word_1_713' title='bbox 3062 5324 3155 5379; x_wconf 92' lang='lat' dir='ltr'><strong>illo</strong></span> <span class='ocrx_word' id='word_1_714' title='bbox 3190 5323 3334 5384; x_wconf 86' lang='lat' dir='ltr'><strong>loco,</strong></span> <span class='ocrx_word' id='word_1_715' title='bbox 3359 5316 3506 5388; x_wconf 80' lang='lat' dir='ltr'><strong>quod</strong></span> 
     </span>
    </p>
   </div>
   <div class='ocr_carea' id='block_1_105' title="bbox 1551 5454 2281 5533">
    <p class='ocr_par' dir='ltr' id='par_1_105' title="bbox 1551 5454 2281 5533">
     <span class='ocr_line' id='line_1_105' title="bbox 1551 5454 2281 5533; baseline 0.011 -24"><span class='ocrx_word' id='word_1_716' title='bbox 1551 5454 1784 5511; x_wconf 65' lang='lat' dir='ltr'><strong>vanus</strong></span> <span class='ocrx_word' id='word_1_717' title='bbox 1826 5456 2227 5517; x_wconf 71' lang='lat' dir='ltr'><strong>LECTIONES.</strong></span> <span class='ocrx_word' id='word_1_718' title='bbox 2278 5528 2281 5533; x_wconf 90' lang='lat'><strong><em>_</em></strong></span> 
     </span>
    </p>
   </div>
   <div class='ocr_carea' id='block_1_106' title="bbox 307 5530 1638 5638">
    <p class='ocr_par' dir='ltr' id='par_1_106' title="bbox 307 5530 1638 5638">
     <span class='ocr_line' id='line_1_106' title="bbox 307 5530 1638 5638; baseline 0.006 -23"><span class='ocrx_word' id='word_1_719' title='bbox 307 5561 377 5594; x_wconf 73' lang='grc' dir='ltr'><strong>ηπ</strong></span> <span class='ocrx_word' id='word_1_720' title='bbox 405 5562 708 5622; x_wconf 74' lang='lat' dir='ltr'><strong>Lxxxnn.</strong></span> <span class='ocrx_word' id='word_1_721' title='bbox 737 5584 876 5622; x_wconf 86' lang='lat' dir='ltr'><strong>corr.</strong></span> <span class='ocrx_word' id='word_1_722' title='bbox 909 5530 1253 5623; x_wconf 77' lang='lat' dir='ltr'><strong>LXXX\’.et</strong></span> <span class='ocrx_word' id='word_1_723' title='bbox 1277 5569 1353 5623; x_wconf 79' lang='lat' dir='ltr'><strong>sic</strong></span> <span class='ocrx_word' id='word_1_724' title='bbox 1384 5585 1539 5638; x_wconf 72' lang='lat' dir='ltr'><strong>porro</strong></span> <span class='ocrx_word' id='word_1_725' title='bbox 1578 5567 1638 5621; x_wconf 68' lang='grc' dir='ltr'><strong>ι).</strong></span> 
     </span>
    </p>
   </div>
   <div class='ocr_carea' id='block_1_107' title="bbox 310 5689 3120 5858">
    <p class='ocr_par' dir='ltr' id='par_1_107' title="bbox 310 5689 3120 5858">
     <span class='ocr_line' id='line_1_107' title="bbox 310 5689 3120 5858; baseline 0.001 -26"><span class='ocrx_word' id='word_1_726' title='bbox 310 5769 462 5843; x_wconf 69' lang='grc'><strong>(172)</strong></span> <span class='ocrx_word' id='word_1_727' title='bbox 484 5774 544 5830; x_wconf 69' lang='grc' dir='ltr'><strong>Δ.</strong></span> <span class='ocrx_word' id='word_1_728' title='bbox 567 5777 672 5834; x_wconf 78' lang='lat'><strong>689</strong></span> <span class='ocrx_word' id='word_1_729' title='bbox 708 5778 1011 5837; x_wconf 87' lang='lat' dir='ltr'><strong>secundum</strong></span> <span class='ocrx_word' id='word_1_730' title='bbox 1045 5782 1187 5837; x_wconf 84' lang='lat' dir='ltr'><strong>Ann.</strong></span> <span class='ocrx_word' id='word_1_731' title='bbox 1215 5781 1380 5841; x_wconf 57' lang='lat' dir='ltr'><strong>Leogi.</strong></span> <span class='ocrx_word' id='word_1_732' title='bbox 1420 5781 1525 5840; x_wconf 79' lang='lat' dir='ltr'><strong>Sed</strong></span> <span class='ocrx_word' id='word_1_733' title='bbox 1554 5800 1675 5840; x_wconf 88' lang='lat' dir='ltr'><strong>eam</strong></span> <span class='ocrx_word' id='word_1_734' title='bbox 1702 5689 2037 5858; x_wconf 45' lang='grc' dir='ltr'><strong>Ῑθιῗῗῖίίξέι</strong></span> <span class='ocrx_word' id='word_1_735' title='bbox 2062 5789 2144 5845; x_wconf 88' lang='lat' dir='ltr'><strong>vel</strong></span> <span class='ocrx_word' id='word_1_736' title='bbox 2169 5789 2275 5845; x_wconf 72' lang='lat'><strong>693</strong></span> <span class='ocrx_word' id='word_1_737' title='bbox 2299 5787 2501 5842; x_wconf 78' lang='lat' dir='ltr'><strong>abiisse</strong></span> <span class='ocrx_word' id='word_1_738' title='bbox 2524 5785 2721 5857; x_wconf 80' lang='lat' dir='ltr'><strong>probat</strong></span> <span class='ocrx_word' id='word_1_739' title='bbox 2741 5781 2938 5838; x_wconf 80' lang='lat' dir='ltr'><strong>Hirsrh</strong></span> <span class='ocrx_word' id='word_1_740' title='bbox 2965 5796 3019 5851; x_wconf 82' lang='lat' dir='ltr'><strong>p.</strong></span> <span class='ocrx_word' id='word_1_741' title='bbox 3052 5777 3120 5835; x_wconf 66' lang='lat'><strong>64</strong></span> 
     </span>
    </p>
   </div>
  </div>
