4058 6450
377 505 484 564 no.
549 496 696 557 as.
772 493 833 554 s.
870 495 928 551 5.
998 490 1138 549 ιω.
1193 487 1278 580 ¹ι..
1310 489 1364 549 9.
1441 487 1634 546 sas.

767 585 859 643 W.
891 583 981 642 18.
1053 582 1118 639 Β.
1146 583 1237 640 19.
1383 647 1392 655 ,

319 686 403 766 (ﬂ.
425 684 514 758 at.)
547 678 839 754 Zuleymen
885 676 1093 733 amiras
1127 673 1386 732 moritur.
1438 671 1571 729 Post
1620 685 1786 766 quem

263 765 467 842 ηπ...
491 775 825 849 principatu
854 769 1148 828 Saracenis
1181 769 1344 826 annis
1379 768 1436 824 2.
1469 765 1791 823 Constanti-

261 870 517 947 nopolitani
552 865 812 923 instantia
847 863 1044 920 orandi
1080 870 1139 920 et
1180 861 1490 918 constantia
1521 858 1789 932 preliandi

259 969 435 1027 fortiter
454 963 706 1020 resistunt
735 959 1045 1016 Saracenis.
1079 957 1338 1014 Saraceni
1367 955 1532 1024 fame,
1561 955 1786 1028 frigore,

258 1061 396 1124 bello,
417 1053 716 1127 pestilentia
741 1052 861 1108 sine
881 1064 1112 1106 numero
1131 1057 1380 1122 pereunt.
1412 1047 1627 1105 Mortuo
1663 1061 1792 1119 rege

257 1153 540 1224 Dagaberto,
565 1143 862 1203 Lotharius
889 1151 1083 1216 regnat
1121 1143 1286 1199 annis
1306 1142 1364 1197 2.
1391 1141 1582 1214 (BEDA,
1609 1139 1684 1196 II.
1713 1140 1789 1212 ο.)

257 1243 363 1299 Post
379 1237 610 1296 Coenred
627 1245 818 1308 regnat
834 1231 1266 1306 Nordanymbris
1287 1231 1484 1290 Osrich
1515 1232 1678 1288 annis
1701 1231 1787 1286 ll.

257 1331 336 1407 (il.
363 1329 450 1401 ut.)
476 1328 870 1386 Constantinus
897 1325 1046 1382 ﬁlius
1067 1324 1269 1382 leonis
1296 1323 1645 1394 imperatoris
1661 1322 1792 1378 dum

255 1424 523 1495 baptintur
550 1436 583 1476 a
609 1417 918 1491 patriarcha
953 1418 1248 1485 Germano,
1272 1430 1474 1474 means
1513 1417 1573 1472 in
1603 1424 1794 1472 sancto

254 1514 493 1578 larachro,
543 1523 804 1583 magnum
831 1511 926 1566 dat
955 1509 1270 1582 presagium
1290 1508 1439 1580 quod
1470 1506 1689 1564 futurus
1705 1522 1795 1565 es-

253 1613 322 1662 set
351 1603 592 1660 ecclesiae
618 1603 716 1658 Dei
747 1603 804 1657 in
834 1601 1177 1659 scandalum.

437 1692 560 1748 7'20.
637 1696 692 1748 5.
770 1692 824 1749 1.
900 1693 952 1748 1.
1031 1690 1120 1748 10.
1193 1691 1286 1748 29.
1363 1691 1452 1748 19.
1525 1690 1618 1748 20.

307 1785 424 1859 (11.)
457 1783 716 1840 Saraceni
741 1784 812 1840 ab
831 1782 1116 1840 obsidione
1136 1781 1641 1855 ConstantinOpoiis
1661 1799 1794 1842 con-

255 1874 341 1930 fusi
357 1874 637 1942 desistunt,
684 1873 820 1945 ipsis
848 1888 976 1931 cum
1020 1874 1250 1930 navibus
1287 1874 1402 1930 suis
1431 1875 1629 1944 partim
1673 1892 1796 1932 ma-

253 1967 350 2022 rino
388 1966 502 2037 igne
548 1963 918 2037 consumptis,
981 1968 1183 2037 partim
1230 1966 1539 2035 demersis,
1593 1970 1795 2039 partim

253 2059 392 2130 ignea:
409 2059 688 2132 grandinis
719 2068 1039 2130 tempestate
1071 2059 1448 2131 consumptis;
1479 2070 1534 2116 et
1555 2076 1622 2117 ex
1643 2071 1796 2120 tanta

251 2151 378 2220 capia
420 2150 642 2206 navium
686 2150 780 2207 vix
818 2152 1062 2223 quinque
1111 2151 1368 2220 residuis,
1412 2153 1654 2223 potentia
1698 2154 1795 2211 Dei

254 2245 434 2299 cunctis
479 2245 722 2300 innotuit
768 2245 1006 2316 populis.
1054 2243 1201 2300 intra
1235 2244 1511 2301 civitatem
1540 2260 1670 2301 vero
1690 2245 1796 2301 500

252 2336 374 2389 milia
393 2335 675 2390 hominum
708 2335 1017 2407 pestilentia
1051 2337 1351 2408 perierunt.
1388 2335 1632 2394 Haumar
1656 2339 1798 2394 chri-

251 2424 425 2480 stianos
447 2439 806 2495 persequens,
844 2425 1050 2482 multos
1073 2441 1266 2483 eorum
1287 2427 1492 2484 Christi
1511 2439 1797 2503 ‘martyres

251 2512 368 2568 fecit.
391 2512 559 2584 (Cant.
593 2512 785 2586 Fred.)
817 2514 1124 2587 Hilpericus
1155 2527 1208 2573 et
1233 2497 1596 2589 nagiurremas
1616 2497 1798 2577 Elido-

249 2619 350 2660 nem
372 2605 555 2661 ducem
589 2605 902 2676 Aquitania:
929 2609 1136 2664 auxilio
1155 2610 1261 2666 sibi
1282 2611 1589 2679 asciscunt;
1615 2615 1709 2682 qui
1739 2614 1796 2668 in

249 2713 508 2770 congressu
548 2715 584 2755 a
633 2699 836 2756 Kal-oio
875 2703 1026 2770 victi,
1051 2704 1142 2760 vix
1182 2703 1310 2776 fuga
1339 2707 1598 2761 evadunt.
1641 2707 1796 2764 Eudo

251 2790 432 2847 rediens
465 2791 842 2863 Chilpericum
889 2809 1077 2851 secum
1127 2798 1370 2853 abducit.
1420 2796 1700 2882 Saraceni.
1728 2817 1796 2857 ex

249 2880 420 2952 Africa,
465 2884 608 2942 duce
668 2884 979 2960 Abdyrama
1020 2887 1133 2944 filio
1169 2888 1438 2947 Muhavite
1480 2880 1696 2961 amirei,
1740 2895 1796 2950 in

251 2973 529 3046 Hispaniam
573 2978 957 3049 transfretant,
985 2997 1218 3053 eamque
1243 2983 1348 3039 sibi
1384 2986 1687 3042 vindicant.
1720 2987 1797 3045 ita
1845 3032 1854 3039 .

250 3081 442 3139 regnum
467 3070 910 3143 Wisigothorum
935 3082 990 3128 et
1019 3071 1326 3130 Suevorum
1349 3077 1690 3135 destructum
1716 3090 1800 3136 est

1652 370 2024 435 CHRONICA.
2046 419 2047 422 η

1805 487 1854 545 Α
1879 483 1945 556 (P
1970 483 2059 556 D.)
2074 481 2595 555 Liuthprandnsrex
2621 483 2936 542 Ravennam
2956 488 3172 546 obsidet
3194 509 3208 560 ;
3229 491 3475 550 Classem

3367 381 3474 438 158

1891 573 2293 633 Ravennatium
2316 576 2596 632 civitatem
2621 585 2838 649 captam
2864 579 3120 638 destruit.

2070 668 2196 724 725.
2307 667 2363 725 6.
2472 668 2529 723 2.
2637 673 2696 728 2.
2808 668 2896 726 15.
3011 672 3102 729 52.
3211 675 3306 732 25.

1962 760 2143 833 (Cant.
2177 759 2367 833 Fred.)
2393 760 2628 819 Karoius
2655 763 2906 820 Saxones
2929 765 3184 823 debellat.
3210 768 3481 842 Bis-cher-
3601 818 3612 829 .

1891 861 1982 909 tus
2014 851 2310 924 episcopus
2355 852 2644 911 Remensis
2675 854 3022 925 aiiarolo‘“,
3056 873 3159 915 suo
3202 859 3258 915 in
3300 861 3482 933 bapti-

1891 953 2071 1002 smate
2113 944 2302 1014 ﬁliolo,
2334 946 2406 1002 ab
2433 946 2752 1019 episcopatu
2781 949 3092 1020 deponitur,
3117 967 3217 1024 pro
3244 968 3310 1008 eo
3335 955 3483 1026 quod

1892 1036 1972 1093 illi
2029 1047 2221 1094 contra
2279 1037 2674 1111 Raginfredum
2715 1044 2867 1098 eunti
2912 1043 3106 1104 urbem
3153 1043 3481 1103 Remensem

1890 1144 1991 1200 pre
2039 1130 2237 1187 timore
2283 1130 2604 1204 Raginfredi
2651 1135 2868 1204 aperire
2929 1136 3124 1193 noluit.
3177 1137 3483 1197 Eucherius

1893 1238 2114 1294 quoque
2149 1221 2562 1282 Aurelianensis
2612 1227 2907 1299 episcopus
2955 1245 3058 1300 pro
3103 1230 3270 1286 simili
3313 1247 3482 1287 causa

1891 1315 2219 1387 episcopatu
2245 1317 2512 1388 privatus,
2540 1327 2596 1374 et
2615 1321 2758 1390 apud
2798 1321 3148 1378 Sarchinium
3196 1321 3487 1379 Hasbanize

1893 1409 2078 1464 vicum
2131 1409 2407 1478 exiliatus,
2457 1411 2515 1466 in
2557 1413 2814 1469 emnobio
2859 1415 3040 1471 sancti
3096 1413 3372 1474 Trudonis
3427 1416 3485 1472 in

1894 1501 2186 1559 sanctitate
2203 1513 2622 1560 consummatus
2643 1515 2747 1562 est.

2076 1593 2202 1650 724.
2313 1595 2366 1651 7.
2477 1597 2533 1654 5.
2642 1601 2697 1654 5.
2810 1601 2896 1655 14.
3008 1600 3100 1656 55.
3213 1602 3304 1660 24.

1971 1685 2070 1759 (Η.
2093 1685 2193 1758 tn.)
2217 1685 2427 1744 Judeus
2462 1687 2689 1760 quidam
2721 1689 3007 1747 maleﬁcus
3040 1692 3365 1762 promittens
3391 1692 3488 1748 Gi-

1898 1779 2008 1847 zid,
2036 1793 2165 1835 eum
2187 1777 2259 1835 40
2275 1779 2438 1838 annis
2470 1781 2936 1853 principatumm,
2970 1785 3164 1840 suadet
3196 1795 3258 1840 ut
3286 1786 3341 1840 in
3369 1793 3487 1841 toto

1899 1886 2070 1944 regno
2095 1886 2198 1928 suo
2221 1870 2320 1928 Dei
2361 1879 2791 1945 sanctorumque
2834 1875 3101 1948 imagines
3131 1877 3328 1946 deponi
3371 1877 3458 1932 edi
3487 1913 3490 1918 -

1897 1971 2004 2019 cat.
2046 1960 2153 2030 Qui
2176 1979 2272 2034 spe
2301 1964 2393 2019 diu
2417 1966 2683 2036 regnandi
2706 1967 2985 2033 seductus,
3009 1969 3247 2024 edictum
3267 1970 3485 2039 quidem

1895 2055 2170 2126 proponit,
2197 2056 2313 2126 ipse
2340 2066 2521 2113 tamen
2547 2074 2675 2114 mox
2705 2054 2844 2115 obit.
2886 2055 3017 2116 Post
3051 2077 3214 2131 quem
3255 2059 3486 2116 Elveiith

1897 2147 2240 2218 principatur
2267 2147 2559 2206 Saracenis
2585 2151 2748 2208 annis
2776 2151 2866 2208 20.
2898 2153 2986 2223 (Α.
3027 2152 3220 2225 Fuld.)
3252 2154 3488 2210 Karolus

1897 2238 2183 2311 Bajoarios
2206 2241 2377 2297 armis
2403 2243 2682 2314 subjugat.

2076 2331 2200 2388 725.
2311 2332 2367 2389 8.
2476 2335 2532 2390 4.
2644 2336 2699 2391 4.
2813 2337 2900 2392 15.
3017 2339 3105 2394 54.
3217 2339 3310 2395 25.

1969 2420 2194 2492 (H.m.)
2244 2421 2356 2479 Leo
2409 2424 2708 2496 imperator
2755 2442 2786 2482 a
2817 2429 3057 2498 quodam
3088 2429 3253 2485 Bcser
3300 2430 3489 2503 refuga

1897 2510 2022 2568 ﬁdei
2045 2513 2328 2592 seductus,
2352 2523 2544 2571 contra
2571 2517 2842 2590 imagines
2863 2517 3071 2575 Christi
3095 2530 3147 2575 et
3171 2531 3489 2578 sanctorum

1897 2604 2018 2675 ejus
2039 2605 2242 2662 bellum
2270 2607 2482 2675 indicit,
2501 2599 2717 2680 easque.
2753 2611 2956 2682 ubique
2977 2613 3177 2683 deponi
3196 2621 3251 2669 et
3273 2613 3490 2670 incendi

1897 2698 2096 2754 adicit.
2134 2697 2242 2755 Pro
2271 2715 2384 2770 quo
2415 2716 2604 2758 errore
2627 2717 2754 2757 eum
2779 2701 3075 2775 Gregorius
3107 2719 3245 2775 papa
3272 2705 3492 2775 scriptis

1899 2789 2132 2846 multum
2155 2790 2400 2862 quidem,
2429 2793 2525 2848 sed
2564 2793 2621 2848 in
2656 2809 2861 2849 vanum
2902 2794 3205 2866 redarguit.
3251 2795 3490 2852 Karolus

1897 2891 2092 2938 contra
2149 2882 2474 2940 Lanfridum
2529 2885 2963 2942 Alamannorum
3008 2887 3204 2943 ducem
3245 2889 3491 2955 dimicat,

1899 2988 2074 3044 eoque
2099 2975 2245 3032 victo
2271 2977 2652 3032 Alemanniam
2681 2978 2786 3033 sibi
2816 2979 3093 3052 subjugat.

2072 3066 2195 3123 726.
2307 3069 2360 3125 9.
2472 3071 2526 3126 5.
2642 3071 2694 3126 5.
2808 3072 2897 3128 16.

3011 3073 3100 3129 55.
3209 3075 3301 3130 26.

249 3169 292 3214 et
313 3161 570 3218 redactum
615 3164 722 3219 sub
751 3163 1062 3233 Saracenis,
1106 3167 1266 3224 annis
1311 3167 1436 3239 plus
1476 3172 1661 3229 minus
1693 3173 1797 3229 546

1971 3157 2150 3227 (Cant.
2182 3158 2372 3231 Fred.)
2403 3159 2618 3217 Mortuo
2654 3160 2986 3234 Chilperico,
3029 3163 3267 3221 Karoius
3309 3165 3489 3221 Theo-

247 3253 462 3320 eroiutis,
497 3270 566 3310 ex
599 3271 714 3326 quo
751 3271 783 3312 a
811 3256 1024 3314 Scithia
1063 3261 1277 3330 expulsi
1321 3271 1451 3317 sunt
1473 3265 1542 3319 ab
1580 3264 1794 3336 Hunis;

245 3348 300 3398 cx
327 3361 423 3415 quo
446 3362 578 3404 vero
608 3349 927 3407 cedentibus
958 3350 1242 3409 Wandaiis
1269 3362 1323 3409 et
1343 3355 1571 3412 devictis
1603 3357 1798 3418 Suevis

247 3446 495 3505 cmperunt
535 3451 776 3511 regnare
810 3441 865 3497 in
894 3441 1203 3514 Hispaniis,
1239 3447 1401 3504 annis
1443 3449 1664 3506 circiter
1691 3451 1799 3508 256

245 3528 464 3584 evolutis.
501 3530 758 3603 Regnum
803 3548 938 3590 vero
964 3537 1136 3592 tcrtite
1173 3539 1343 3608 partis
1379 3539 1796 3613 Hispaniarum,

246 3620 368 3689 quod
387 3622 582 3679 dicitur
615 3624 1042 3695 Gallitiensium,
1083 3630 1228 3699 quod
1253 3646 1352 3687 nec
1384 3643 1516 3690 tunc
1556 3633 1800 3708 Wisigo-

245 3712 350 3779 ὼε,
387 3729 484 3770 nec
513 3726 710 3787 postea
759 3715 1022 3774 Saraceni
1057 3729 1356 3790 potuerunt
1389 3724 1661 3796 subigere,
1699 3729 1797 3784 ad-

247 3803 337 3861 huc
358 3806 492 3878 viget
539 3809 839 3877 incolume,
891 3819 947 3866 et
981 3809 1076 3866 Dei
1119 3823 1436 3885 protegente
1481 3817 1585 3872 fide
1617 3829 1800 3874 manet

245 3895 657 3972 inexpugnabile.

387 3992 502 4047 721.
590 3994 708 4048 ’4.
819 3994 875 4049 2.
986 3996 1042 4052 2.
1115 3997 1243 4052 .11.
1355 3999 1444 4054 50.
1551 4001 1641 4056 21.

301 4084 388 4155 (il.
413 4090 507 4157 ιη.)
537 4085 789 4142 Haumar
809 4087 1014 4145 amiras
1035 4090 1304 4159 moritur;
1349 4101 1474 4163 post
1503 4109 1664 4164 quem
1707 4096 1800 4150 Gi-

244 4173 316 4227 zid
363 4174 652 4234 Saracenis
700 4179 1039 4252 principatur
1092 4185 1254 4241 annis
1297 4186 1352 4240 4.
1403 4183 1581 4256 (Cant.
1610 4185 1798 4258 Fred.)

242 4263 431 4324 lintuo
456 4268 723 4327 Lothario
748 4287 896 4344 rege,
928 4272 1162 4331 Karolus
1186 4275 1558 4346 Chilpericum
1587 4278 1658 4332 ab
1686 4276 1799 4353 Eq-

243 4355 363 4414 done
379 4376 474 4430 per
517 4362 734 4435 legatos
768 4365 980 4436 recipit,
1023 4382 1260 4438 eumque
1293 4368 1398 4424 sibi
1435 4385 1618 4440 regem
1647 4370 1794 4435 facit.

241 4448 428 4524 (Βεω).
455 4453 596 4512 Ossa
625 4454 684 4510 S.
716 4456 1006 4528 Augustini
1035 4457 1354 4528 ipponensis
1380 4460 1643 4532 episcopi,
1669 4469 1796 4523 olim

239 4545 479 4610 translata
507 4548 578 4603 ad
621 4545 952 4616 Sardiniam,
998 4558 1208 4606 vastata
1252 4529 1473 4608 modoa
1512 4529 1799 4617 saraeenis
1829 4529 1878 4586 Β

241 4630 494 4708 Sardinia,
528 4639 954 4712 (Liuthprandus
989 4658 1086 4698 rex
1140 4640 1634 4703 Langobardorum
1672 4651 1799 4708 dato

239 4740 417 4802 magno
443 4733 621 4803 pretio
653 4731 911 4789 transfert
945 4733 1186 4806 Papiam.

394 4824 518 4880 722.
631 4825 686 4881 5.
799 4826 849 4882 1.
966 4826 1017 4882 1.
1133 4830 1217 4884 12.
1330 4831 1420 4887 51.
1533 4833 1606 4890 22

299 4913 378 4987 (G.
401 4917 576 4988 pont.)
607 4916 718 4972 Leo
741 4918 1038 4989 imperator
1075 4937 1202 4993 sepe
1232 4930 1286 4979 et
1316 4927 1550 4982 multum
1591 4929 1804 4985 labora-

237 5007 317 5075 vit,
368 5019 427 5064 ut
483 5009 784 5082 Gregorius
829 5027 968 5083 papa
1004 5013 1384 5086 perimeretur,
1432 5020 1526 5074 sed
1573 5019 1795 5089 frustra,

238 5095 366 5156 italis
398 5110 452 5157 et
473 5101 849 5175 Langobardis
873 5121 970 5174 pro
992 5105 1332 5166 defendendo
1362 5126 1500 5182 papa
1531 5111 1796 5170 instanter

237 5189 537 5262 imperatori
569 5197 967 5254 resistentibus.
1019 5197 1109 5270 (A.
1141 5199 1430 5276 Xantens.)
1463 5203 1522 5259 In
1563 5205 1796 5277 Campa-

236 5281 314 5336 nia
341 5283 506 5342 ltalia:
535 5287 866 5343 frumentum
893 5291 1242 5348 combustum
1266 5304 1319 5349 et
1355 5296 1620 5352 hordeum
1645 5309 1697 5354 et
1718 5301 1796 5355 le-

236 5375 439 5463 gumina
475 5377 634 5446 quasi
660 5377 842 5447 pluvia
866 5380 934 5436 de
983 5384 1116 5438 caelo
1137 5385 1469 5442 ceciderunt.
1500 5388 1586 5460 (Α.
1621 5390 1794 5463 Matt.)

237 5461 451 5524 Karoius
489 5469 881 5542 Baginfredum
903 5490 1258 5547 persequens,
1296 5478 1603 5552 Andegavis
1645 5461 1796 5539 obsi-

236 5553 331 5622 det,
362 5574 596 5632 eamque
639 5571 858 5634 captam
904 5565 1053 5624 victo
1086 5567 1418 5641 Raginfredo
1442 5572 1509 5627 ad
1539 5573 1795 5630 habitan-

235 5646 347 5702 dum
374 5653 644 5722 concedit,
675 5662 731 5710 et
775 5657 943 5713 totius
981 5660 1133 5730 regni
1180 5662 1542 5733 principatum
1581 5667 1792 5738 recipit.

1900 3249 2145 3306 dericum
2178 3250 2282 3308 sibi
2312 3268 2494 3324 regem
2524 3252 2677 3323 facit,
2705 3256 2799 3326 qui
2835 3256 2995 3312 annis
3037 3257 3106 3313 15
3127 3267 3336 3330 regnat.
3382 3259 3493 3315 iia-

1901 3345 2056 3401 rolus
2087 3344 2336 3402 Saxones
2364 3347 2622 3404 debellat.

2061 3435 2185 3490 727.
2299 3437 2387 3492 10.
2501 3440 2555 3495 6.
2669 3442 2720 3496 1.
2836 3443 2922 3498 17.
3036 3444 3126 3499 56.
3240 3445 3329 3500 27.

1971 3528 2560 3600 Constantinopolitani
2594 3542 2788 3588 contra
2817 3533 3055 3590 Leonem
3107 3538 3492 3608 imperatorem

1902 3635 2002 3689 pro
2034 3621 2376 3692 depositione
2404 3623 2706 3694 imaginum
2732 3625 2824 3680 Dei
2857 3629 3294 3695 tumultuantur;
3323 3631 3493 3702 aliqui

1901 3712 2066 3767 etiam
2091 3729 2191 3784 pro
2215 3715 2319 3770 hoc
2350 3715 2798 3786 martyrizantur.
2832 3717 3006 3789 (Cant.
3035 3719 3225 3789 Fred.)
3259 3721 3495 3778 Karoius

1905 3804 2130 3875 Suevos
2156 3815 2211 3862 ct
2254 3807 2538 3880 Bajoarios
2583 3809 2837 3866 debellat.
2870 3809 3058 3883 (Βεω,
3091 3813 3162 3868 fl.
3198 3816 3270 3883 ε.)
3304 3814 3495 3871 Wich-

1906 3898 2047 3952 trcth
2073 3913 2168 3953 rex
2195 3899 2494 3971 Anglorum
2518 3902 2652 3970 obit,
2670 3902 2951 3976 liliumque
2975 3921 3134 3960 suum
3157 3906 3494 3966 Ediibertum

1904 3988 2161 4043 heredem
2193 3992 2344 4062 regni
2383 3995 2623 4064 reliquit.
2655 3996 2975 4054 Cor-mosius
3015 3997 3343 4070 Bulgaribus
3386 4002 3489 4059 da-

1902 4082 2164 4138 minatur.

2099 4175 2223 4231 728.
2337 4177 2424 4232 11.
2541 4178 2591 4233 7.
2705 4180 2760 4235 2.
2875 4185 2962 4240 18.
3081 4186 3132 4240 1.
3246 4187 3296 4241 1.

1975 4270 2154 4342 (Cant.
2190 4270 2379 4340 Fred.)
2410 4271 2647 4330 Karolus
2671 4273 2866 4346 Lygcri
2904 4279 3161 4347 transito,
3210 4279 3494 4340 Eudonem

1903 4362 2102 4419 ducem
2131 4363 2438 4434 Aquitania:
2459 4365 2603 4422 bello
2617 4367 2835 4423 ‘victum
2861 4367 3031 4440 fugat,
3059 4381 3114 4428 et
3139 4372 3495 4443 Aquitaniam

1903 4456 2140 4528 graviter
2161 4457 2427 4514 devastat.

2093 4547 2217 4603 729.
2332 4551 2420 4606 12.
2533 4551 2587 4606 8.
2703 4553 2755 4608 5.
2871 4554 2958 4609 19.
3071 4555 3106 4609 2
3237 4557 3292 4612 2.

1981 4640 2080 4712 (Η.
2109 4641 2208 4713 m.)
2235 4642 2536 4714 Gregorius
2570 4661 2732 4716 papa,
2768 4647 2897 4717 quia
2928 4646 3163 4703 Leonem
3199 4649 3498 4721 imperato-

1907 4750 2027 4791 rem
2057 4735 2487 4808 incorrigibilem
2507 4739 2664 4806 vidit,
2699 4739 2929 4795 Romam
2953 4749 3008 4796 et
3040 4740 3249 4798 italiam
3273 4755 3328 4801 et
3359 4745 3496 4804 Hes-

1905 4827 2116 4899 periam
2144 4836 2316 4884 totam
2340 4830 2411 4886 ab
2438 4831 2559 4901 ejus
2576 4831 2703 4903 jure
2716 4831 2930 4889 descire
2956 4832 3107 4903 facit,
3135 4843 3191 4890 ct
3213 4839 3495 4911 vectigalia

1908 4920 2205 4978 interdicit.

2093 5018 2217 5074 750.

2330 5021 2416 5075 15.
2532 5021 2582 5076 9.
2701 5024 2753 5077 4.
2868 5023 2958 5079 20.
3071 5025 3124 5079 5.
3239 5026 3292 5081 5.

1968 5109 2146 5182 (Cant.
2195 5110 2386 5183 Fred.)
2447 5111 2603 5168 Eudo
2654 5115 2786 5183 dux,
2865 5115 3068 5173 Karolo
3123 5109 3348 5175 inferior
3397 5137 3493 5191 per
3591 5125 3598 5130 '

1905 5204 2113 5272 omnia,
2155 5203 2461 5262 Saracenos
2499 5215 2692 5262 contra
2713 5224 2838 5263 eum
2867 5208 3062 5266 invitat
3096 5210 3165 5267 ab
3207 5211 3488 5283 Hispania.

1905 5295 2004 5368 (Η.
2047 5296 2146 5367 m.)
2197 5297 2432 5354 Sanctus
2477 5297 2785 5356 Germanus
2827 5299 2995 5357 Leoni
3036 5302 3348 5374 imperatori
3390 5320 3491 5376 pro

1907 5389 2188 5460 impietate
2219 5405 2327 5468 sua
2359 5405 2607 5459 aversus,
2661 5407 2693 5447 a
2747 5392 2873 5449 sede
2902 5395 3201 5465 episcopali
3239 5405 3321 5452 est
3348 5397 3492 5468 deje-

1905 5489 2047 5535 ctus.
2067 5478 2256 5551 (BEDA,
2284 5462 2356 5535 Il.
2387 5481 2621 5550 e.)0biit
2649 5494 2874 5541 sanctus
2897 5462 3164 5541 Eehberth
3189 5462 3490 5557 Anglorum

1902 5573 2196 5642 presbiter.
2229 5572 2408 5645 (Cant.
2435 5573 2625 5646 Fred.)
2661 5575 2920 5633 Saraceni
2952 5594 3075 5633 cum
3112 5578 3369 5634 omnibus
3409 5580 3488 5638 fa-

1906 5667 2072 5722 miliis
2101 5666 2217 5722 suis
2277 5667 2438 5740 quasi
2486 5667 2542 5722 in
2582 5667 2773 5726 Galliis
2813 5669 3132 5737 itabitaturi,
3170 5669 3489 5729 Garunnam

1491 5754 1576 5810 VA
1586 5757 1724 5812 RIIE
1767 5757 2172 5816 LECTIONES.

297 5831 361 5863 "'
390 5832 594 5892 Korolo
623 5836 737 5908 Sig.
766 5837 1098 5910 Rigobcrtus
1118 5873 1188 5883 --
1221 5846 1395 5902 noluit
1425 5847 1479 5902 in
1511 5849 1616 5918 ﬁne
1639 5853 1767 5908 anni
1795 5853 1948 5908 habet
1987 5851 2086 5905 LW

611 5931 886 5994 ΡΑτιιοι..
925 5931 1106 5998 CLX.

265 6002 316 6010 --

3132 5946 3172 6006 5
