4046 6318
551 325 655 380 459

548 446 859 508 transeunt,
890 437 1074 494 omnia
1103 437 1409 504 devastant,
1446 437 1834 509 tecclesiasqne
1868 437 1960 492 Dei
2005 452 2126 492 cre-
2159 439 2205 497 A

553 542 722 589 mant.
750 531 966 598 Quibus
994 530 1229 586 Karolus
1265 529 1360 585 Dei
1399 529 1604 584 auxilio
1628 529 1799 585 fretus
1837 530 1980 584 bello
2008 545 2133 584 con-

550 627 760 694 Currit;
803 634 857 680 et
891 639 959 680 ex
988 625 1070 679 eis
1116 623 1292 678 575¹³¹
1319 623 1471 678 milia
1501 638 1627 678 cum
1669 637 1796 694 rege
1826 636 1928 677 suo
1953 621 2135 692 Abdy-

543 734 701 773 rama
725 716 974 788 peremit,
1001 724 1054 771 et
1077 713 1215 772 1500
1250 731 1477 770 suorum
1508 714 1712 770 amisit.
1740 713 1895 769 Eudo
1914 728 2133 784 quoque

549 808 750 864 Karolo
777 807 1162 864 reconciliatus
1184 848 1198 873 ,
1237 813 1417 861 castra
1449 804 1850 860 Saracenorum
1884 802 2131 873 diripuit,

548 909 604 956 et
627 901 888 972 reliquias
925 914 1116 954 eorum
1151 898 1428 954 contrivit.
1481 897 1672 969 (BEDA,
1701 895 1773 950 Η.
1798 895 1871 967 e.)
1912 894 2130 950 Mortuo

548 992 745 1049 Osrich
781 1008 910 1064 rege
964 990 1541 1063 Nordanymbrorum,
1582 987 1883 1046 Cednulfus
1919 988 1971 1044 ci
2005 1003 2131 1044 suc-

546 1086 758 1233 ωᾱέζι.
798 1175 864 1230 n.
914 1176 996 1230 11.
1037 1175 1095 1230 s.
1133 1176 1218 1229 10.
1251 1175 1312 1230 F.
1354 1175 1407 1230 5.
1445 1174 1507 1230 L.
1547 1174 1637 1228 21.
1677 1175 1743 1229 Α.
1785 1174 1838 1228 4.
1877 1161 2035 1230 In.

620 1269 718 1341 (Η.
747 1269 843 1340 m.)
873 1268 1170 1340 Gregorius
1205 1267 1332 1324 85Im
1355 1266 1620 1322 Romanae
1658 1266 1915 1322 aecclesite
1957 1265 2131 1336 presi-

532 1363 665 1430 det;
693 1362 786 1432 qui
818 1370 872 1416 ct
915 1361 1032 1431 ipse
1071 1360 1312 1416 Leonem
1356 1360 1739 1430 imperatorem
1788 1359 1994 1414 erroris
2038 1373 2127 1413 re-

545 1455 782 1526 darguit,
807 1463 861 1509 et
887 1455 1150 1524 papulum
1181 1452 1492 1507 Romanum
1519 1461 1574 1508 et
1604 1452 1890 1523 vectigalia
1919 1450 2127 1522 Hespe-

545 1547 642 1601 ria:
664 1546 733 1601 ab
751 1562 816 1602 eo
843 1545 1054 1600 avertit.
1087 1545 1174 1617 (Α.
1205 1544 1399 1616 Xant.)
1427 1543 1488 1599 In
1511 1545 1705 1615 Anglia
1738 1543 1880 1600 Beda
1915 1543 2129 1614 presbi-

543 1647 629 1694 ter
651 1647 708 1693 et
754 1640 1061 1694 monachus
1103 1637 1391 1693 sanctitate
1431 1645 1484 1692 et
1514 1637 1742 1692 scientia
1777 1637 1959 1691 clarus
1989 1635 2122 1690 obit.

538 1729 724 1803 (Cant.
755 1729 945 1801 Fred.)
977 1730 1211 1786 Karolus
1259 1729 1524 1801 Lugdune
1548 1729 1779 1800 aliisque
1811 1728 2125 1785 civitatibus

1717 321 2080 381 SlGEBERTl
2119 319 2258 378 GEM
2267 321 2530 380 BLACEN
2539 322 2642 379 SlS

3715 321 3838 378 ιω

2373 487 2377 490 .
2467 436 2587 493 757.
2663 432 2754 491 20.
2833 435 2918 492 16.
2997 435 3084 490 11.
3159 433 3249 489 27.
3429 445 3431 448 ‘
3493 435 3582 489 10.

2306 527 2392 600 (Α.
2422 527 2609 600 Leod.)
2652 526 2888 583 Sanctus
2921 525 3182 583 Erminus
3217 525 3510 596 episcopus
3551 536 3608 581 et
3638 523 3834 583 abbas

2235 619 2521 676 Lobiensis
2549 620 2682 675 obit.
2732 619 2910 692 (Cant.
2955 619 3146 690 Fred.)
3187 618 3423 675 Karolus
3454 617 3828 686 Nemausum,

2231 711 2478 783 Agathen
2509 713 2753 783 aliasque
2779 713 3026 768 Gothicae
3054 712 3296 784 regionis
3320 711 3484 768 urbes
3514 727 3542 766 a
3586 711 3831 768 Sarace-

2231 802 2318 858 nis
2344 802 2562 858 invasas
2587 803 2735 873 capit
2752 810 2808 858 et
2837 802 2954 858 solo
2981 809 3144 858 tenus
3163 801 3416 857 destruit.

2468 894 2590 949 758.
2664 895 2755 949 21.
2806 882 2920 949 ⁸17.
2995 893 3084 949 12.
3156 893 3248 948 28.
3488 894 3577 948 11.

2303 983 2437 1056 (1b.)
2472 984 2692 1040 Arelato
2711 985 2846 1041 urbe
2877 985 3176 1040 Galliarum
3200 992 3357 1056 capta
3375 1000 3406 1040 a
3429 984 3747 1048 Saracenis,
3763 992 3831 1038 et

2231 1077 2486 1132 omnibus
2536 1076 2944 1148 circunquaque
2993 1076 3297 1143 demOIitis,
3350 1076 3582 1130 Karolus
3639 1076 3828 1130 ascito

2230 1167 2336 1222 sibi
2366 1167 2434 1221 ad
2458 1167 2723 1222 auxilium
2762 1166 3140 1238 Liuthprando
3170 1183 3296 1238 rege
3327 1166 3826 1237 Langobardorum

2229 1257 2309 1312 eis
2332 1257 2591 1322 accurrit,
2627 1271 2833 1327 eosque
2873 1267 3080 1313 terrore
3115 1256 3356 1312 nominis
3395 1255 3480 1311 sui
3522 1255 3580 1309 in
3625 1253 3826 1325 fugam

2229 1348 2408 1403 vertit.
2449 1346 2540 1403 Sic
2570 1346 2881 1416 Saracenis,
2911 1348 3005 1418 qui
3040 1356 3212 1403 totam
3235 1361 3388 1417 paene
3410 1347 3622 1412 Asiam,
3641 1355 3825 1401 totam

2229 1440 2443 1496 Libiam
2471 1439 2810 1510 multamque
2835 1448 3044 1510 partem
3070 1433 3302 1508 Europa:
3337 1438 3673 1504 invaserant,
3704 1436 3824 1492 Ka-

2228 1532 2382 1587 rolus
2404 1531 2499 1586 Dei
2526 1531 2750 1598 auxilio,
2780 1546 2880 1587 sua
2913 1531 3182 1586 industria
3213 1529 3659 1598 Francorumque
3699 1527 3823 1582 for-

2229 1623 2462 1679 titudine
2503 1637 2724 1678 omnem
2771 1637 2923 1692 spem
2969 1619 3262 1676 invadendi
3305 1618 3510 1675 Gallias
3562 1619 3822 1675 abstulit.

2229 1713 2313 1784 (P.
2339 1713 2428 1785 D.)
2452 1712 2865 1768 Trasamundus
2891 1711 3002 1767 dux
3030 1710 3237 1782 Spoleti
3258 1717 3450 1766 contra
3471 1709 3826 1780 Liuthpran-

544 1794 739 1896 captis,
807 1794 1181 1897 Burgundiam
1257 1794 1372 1881 sibi
1430 1794 1708 1895 subjugat:
1762 1821 2124 1894 Raginfredus
2157 1794 2355 1862 Bdum
2384 1799 2765 1873 rebellansfad
2787 1801 3347 1897 Romanescogfusit-

534 1918 794 1973 moritur.

716 2008 839 2063 752.
955 2007 1043 2063 15.
1157 2007 1242 2062 11.
1352 2006 1407 2062 6.
1515 2005 1607 2060 22.
1720 2005 1775 2061 5.
1889 2005 1942 2061 5.

612 2100 712 2172 (Η.
738 2099 836 2171 m.)
862 2099 1256 2155 Constantinus
1293 2099 1440 2154 ﬁlius
1476 2097 1821 2169 imperatoris
1849 2095 2121 2169 Hyrenen,

543 2191 713 2246 ﬁliam
754 2189 946 2261 Cajani
999 2188 1242 2245 Avarum
1295 2189 1462 2261 regis,
1524 2203 1749 2244 uxorem
1773 2187 1952 2250 ducit;
2003 2201 2126 2258 quae

541 2283 835 2354 baptizata,
864 2282 984 2337 viro
1003 2295 1108 2336 suo
1134 2289 1496 2353 apostatante,
1511 2288 1717 2336 rectam
1742 2279 1900 2334 ﬁdem
1924 2279 2121 2334 tenuit.

533 2374 778 2429 Karolus
815 2373 868 2427 in
895 2372 1191 2428 Wasconia
1219 2388 1346 2428 cum
1377 2371 1604 2427 Eudone
1632 2378 1858 2442 pugnat,
1889 2385 2125 2440 eumque

531 2463 848 2534 principatu
871 2471 925 2518 et
951 2463 1064 2517 vita
1099 2462 1298 2533 privat.
1346 2461 1757 2532 Liuthprandus
1785 2476 1882 2515 rex
1911 2460 1979 2516 de
2001 2461 2126 2531 jure

541 2554 780 2610 Romani
821 2555 1099 2624 pontiﬁcis
1148 2555 1354 2610 multas
1401 2553 1568 2609 urbes
1616 2559 1670 2607 et
1722 2552 1943 2607 castella
1980 2551 2121 2606 tulit.

541 2647 626 2720 (Ρ.
656 2647 744 2715 Ι).;
777 2645 934 2704 Cant.
966 2646 1174 2717 Bede.)
1211 2645 1512 2702 Ceduull'us
1543 2659 1642 2700 rex
1676 2641 2124 2714 Nordanymbro-

539 2756 664 2796 rum
687 2740 921 2811 capitur,
977 2748 1031 2795 et
1069 2739 1126 2793 in
1152 2738 1409 2794 clericum
1443 2737 1722 2805 tundetur,
1761 2744 1817 2792 et
1844 2743 1969 2808 post
2010 2735 2126 2790 haec

540 2831 595 2886 in
622 2845 851 2902 regnum
882 2829 1194 2886 remittitur.

729 2923 851 2977 755.
964 2922 1051 2976 16.
1165 2920 1252 2975 12.
1368 2919 1429 2976 7.·
1476 2919 1616 2974 ⁸25.
1727 2917 1782 2973 6.
1893 2917 1947 2972 6.

613 3012 702 3087 (G.
729 3013 902 3086 pont.)
941 3012 1237 3085 Gregorius
1277 3027 1415 3083 papa
1448 3011 1718 3084 synodum
1763 3008 1870 3066 905
1913 3023 2127 3079 episco-

536 3123 736 3178 porum
774 3105 963 3161 Romae
997 3111 1322 3176 congregat,
1355 3113 1410 3159 et
1459 3102 1862 3158 venerationem
1903 3109 2124 3168 sancta-

535 3215 665 3255 rum
696 3199 996 3271 imaginum
1025 3195 1334 3264 conﬁrmat,
1370 3209 1670 3264 earumque
1704 3193 2000 3248 violatores
2034 3207 2126 3263 ge-

541 3292 713 3348 nerali
759 3289 1026 3347 sententia
1090 3287 1533 3343 anathematizat.
1584 3284 1841 3352 Karolus,
1886 3281 2128 3338 Wail‘ero

539 3394 595 3440 et
627 3373 875 3440 Hunaldo
911 3382 1037 3438 ﬁliis
1071 3379 1314 3437 Eudonis
1357 3378 1670 3436 dimicando
1699 3377 1860 3433 victis
1894 3374 2128 3447 Aquita-

543 3476 694 3530 niam
723 3473 827 3531 sibi
851 3473 1127 3543 subjugat.

777 3564 899 3620 754.
977 3563 1064 3620 17.
1142 3563 1230 3618 15.
1341 3561 1396 3616 8.
1470 3560 1563 3615 24.
1678 3558 1730 3612 7.
1843 3556 1894 3610 7.

611 3658 702 3731 (Α.
731 3655 923 3728 Fuld.)
959 3654 1193 3710 Karolus
1218 3652 1464 3708 Fresiam
1498 3663 1813 3721 aggressus,
1847 3646 2129 3716 Poponem

540 3751 737 3830 ducem
783 3748 1082 3804 Fresouem
1127 3760 1254 3802 cum
1285 3743 1473 3799 multis
1502 3739 1739 3812 perimit,
1782 3746 1838 3794 et
1880 3736 2127 3792 Fresiam

542 3841 648 3897 sibi
679 3838 902 3909 subigit.
1426 3881 1433 3885 _

774 3929 898 3984 755.
975 3927 1064 3981 18.
1143 3925 1230 3980 14.
1343 3923 1396 3980 9.
1472 3922 1586 3977 25.-
1676 3919 1730 3975 8.
1841 3918 1896 3974 8.

617 4021 704 4094 (Α.
739 4020 926 4092 Lead.)
956 4017 1102 4073 Obiit
1129 4025 1353 4073 sanctus
1378 4013 1705 4070 Hucbertus.
1728 4010 1906 4082 (Cant.
1937 4007 1986 4063 F
1991 4007 2128 4078 red.)

543 4114 781 4170 Karolus
812 4111 1185 4168 Avennionem
1211 4107 1399 4163 Galliae
1419 4106 1610 4161 urbem
1635 4119 1665 4158 a
1689 4101 1978 4158 Saracenis
2005 4101 2129 4156 dolo

546 4216 601 4263 et
635 4220 906 4263 consensu
932 4200 1237 4257 Mauruncii
1267 4197 1569 4253 Provinciae
1595 4194 1752 4252 ducis
1780 4200 1994 4263 captam
2027 4191 2129 4246 ob-

546 4301 709 4368 sidet,
733 4313 904 4368 eaque
925 4295 1139 4352 fortiter
1169 4300 1411 4362 recepta,
1431 4289 1732 4344 Saracenos
1759 4299 1934 4355 usque
1955 4282 2024 4338 ad
2046 4282 2131 4337 in-

547 4391 918 4449 ternecionem
944 4388 1104 4444 delet.
1138 4384 1353 4439 Abhinc
1378 4396 1607 4454 regnum
1627 4378 1928 4450 Anglorum
1952 4389 2129 4430 anno-

2459 1897 2582 1953 759.
2657 1897 2750 1952 22.
2825 1896 2912 1951 18.
2991 1896 3078 1950 15.
3153 1894 3244 1950 29.
3484 1894 3575 1948 12.

2296 1989 2476 2061 (Cant.
2503 1988 2691 2060 Fred.)
2715 1976 2948 2044 Karolus
2976 1985 3356 2041 Mauruncium
3382 1983 3690 2039 Provinciae
3719 1983 3828 2039 du-

2226 2094 2366 2146 cem,
2407 2079 2502 2150 qui
2544 2077 2873 2134 invitaverat
2914 2075 3242 2143 Saracenos,
3286 2075 3542 2139 debellat,
3583 2082 3640 2128 et
3685 2073 3828 2128 Pro-

2223 2171 2459 2226 vinciam
2490 2171 2594 2226 sibi
2629 2170 2906 2242 subjugat.
2941 2168 3030 2240 (G.
3067 2168 3240 2239 pant.)
3264 2165 3675 2236 Liuthprandus
3719 2181 3825 2221 rex

2225 2279 2324 2334 pro
2358 2263 2570 2336 refugio
2599 2262 2963 2320 Trasamundi
2999 2262 3230 2318 Romam
3261 2260 3499 2331 graviter
3526 2267 3715 2316 vexat.

2460 2355 2584 2432 710.
2657 2356 2748 2411 25.
2825 2355 2914 2411 19.
2991 2355 3079 2410 11.
3155 2352 3244 2409 30.
3483 2351 3571 2406 15.

2298 2443 2681 2517 (ϐοηιπῖτεά.)
2694 2445 2927 2502 Karolus
2939 2445 3183 2500 Saxones
3206 2445 3308 2499 sibi
3324 2443 3644 2499 tributarios
3658 2442 3822 2499 facit.

2227 2539 2316 2613 (Α.
2337 2538 2512 2608 Mett.)
2529 2539 2694 2610 Signa
2724 2539 2780 2594 in
2803 2538 2918 2594 sole
2938 2546 2992 2593 et
3015 2538 3144 2592 luna
3171 2545 3226 2592 et
3245 2536 3414 2592 stellis
3431 2545 3693 2606 apparent
3722 2536 3820 2590 ⁸³³.

2463 2628 2586 2683 741.
2661 2629 2755 2683 24.
2829 2626 2920 2682 20.
2997 2626 3250 2683 15.51.
3489 2625 3578 2678 14.

2299 2720 2376 2794 (11
2383 2763 2397 2776 .
2428 2721 2524 2792 m.)
2557 2720 2688 2776 Post
2709 2719 3110 2776 Theodericum
3134 2733 3316 2790 regem
3354 2717 3690 2772 Francorum
3726 2731 3824 2771 re-

2228 2822 2358 2885 gnat
2381 2811 2652 2867 Hildricus
2680 2811 2840 2867 annis
2865 2809 2953 2864 10.
2987 2809 3168 2865 Leone
3209 2809 3535 2878 imperatore
3565 2813 3822 2873 mortuo,

2227 2889 2621 2961 Constantinus
2650 2903 2794 2958 ﬁlius
2835 2902 2954 2972 ejus
2989 2900 3153 2956 annis
3197 2899 3264 2954 57
3313 2899 3564 2968 imperat.
3603 2895 3821 2966 (Μεει.)

2228 2997 2428 3053 Pacato
2453 3007 2505 3051 et
2532 2997 2758 3052 dilatato
2777 3009 2945 3066 regno
2977 2993 3344 3056 Francorum,
3383 2988 3617 3044 Karolus
3650 2988 3823 3042 belli-

2229 3103 2392 3145 cosus
2422 3087 2674 3157 princeps
2705 3085 2840 3151 obit,
2871 3092 2925 3139 et
2957 3082 3098 3138 ﬁlios
3122 3083 3264 3142 ‘suos
3298 3078 3733 3152 Karlomannum
3763 3086 3826 3132 et

2151 3147 2198 3211 ϐ
2231 3147 2482 3252 Pipinuin
2526 3147 2862 3249 principatus
2909 3176 2994 3232 sui
3043 3149 3392 3230 successores
3426 3171 3664 3241 reliquit.
3718 3168 3820 3239 (6.

2228 3272 2398 3345 pont.)
2425 3272 2718 3327 Zacharias
2739 3270 2866 3324 86"
2899 3268 2964 3300 ¹³⁴
2983 3267 3240 3323 Romana:
3266 3263 3525 3320 aecelesite
3551 3262 3821 3332 presidet.

2229 3367 2329 3423 Hic
2354 3367 2481 3437 quia
2511 3381 2627 3419 rem
2655 3363 2928 3434 publicam
2959 3359 3332 3431 perturbatam
3369 3372 3400 3410 a
3435 3353 3824 3425 Langobardis

2229 3458 2456 3524 invenit,
2487 3456 2670 3512 statim
2696 3451 3057 3510 benivolentia
3086 3466 3187 3506 sua
3212 3449 3348 3503 bene
3378 3446 3562 3502 omnia
3591 3459 3826 3513 compo-

2229 3551 2358 3617 suit,
2381 3557 2436 3605 et
2459 3563 2584 3603 cum
2608 3545 2981 3614 Langobardis
3004 3544 3057 3598 in
3087 3541 3157 3596 20
3197 3553 3590 3617 annospacem
3615 3537 3823 3589 ﬁrma-

2227 3645 2325 3700 vit.
2376 3643 2476 3699 Hic
2525 3643 2694 3697 libros
2736 3639 3088 3709 Dialogorum
3131 3633 3377 3705 Gregorii
3419 3632 3486 3687 de
3520 3629 3715 3700 Latino
3760 3629 3825 3684 in

2230 3736 2465 3807 Grecum
2492 3735 2676 3790 vertit.
2707 3732 2804 3803 (H.
2837 3730 2932 3803 ιη.)
2961 3725 3467 3795 Constantinopolis
3495 3731 3823 3779 terrmmotu

2232 3845 2326 3900 per
2349 3829 2622 3898 integrum
2647 3839 2852 3880 annum
2881 3821 3046 3876 nimis
3067 3826 3343 3892 gravatur.

2467 3917 2590 3972 742.
2705 3917 2754 3972 1.
2829 3915 2919 3970 21.
3032 3913 3084 3968 1.
3161 3910 3250 3966 52.
3490 3907 3559 3962 15

2305 4011 2496 4085 (Mm)
2552 4009 2786 4064 Sanctus
2832 4003 3160 4061 Bonefacius
3206 4000 3650 4072 archiepiscopus
3698 3996 3829 4052 Mo-

2232 4105 2434 4176 guntia:
2462 4100 2772 4157 coenobium
2788 4096 3058 4152 Fuldense
3080 4094 3134 4147 in
3156 4091 3424 4147 Boccouia
3447 4090 3580 4145 silva
3599 4087 3826 4142 fundat.

2234 4200 2318 4274 (P.
2344 4198 2433 4268 D.)
2466 4192 2873 4264 Liuthprandus
2909 4204 3006 4244 rex
3037 4184 3522 4258 Langobardorum
3559 4180 3825 4235 moritur.

2234 4269 2621 4352 Hildebrando,
2646 4299 2808 4356 quem
2841 4283 2956 4352 ipse
2986 4294 3166 4348 regem
3191 4277 3592 4347 designaverat,
3616 4287 3647 4326 a
3672 4269 3747 4324 La
3758 4288 3828 4324 n—

2235 4380 2490 4455 gobardis
2514 4376 2825 4448 reprobato,
2851 4371 3054 4427 Rachis
3079 4376 3269 4440 regnat
3294 4375 3418 4437 post
3445 4380 3569 4419 eum
3584 4363 3747 4416 annis
3767 4363 3824 4416 7.

547 4497 666 4541 tare
695 4481 1048 4554 supersedeo,
1087 4477 1217 4548 quia
1251 4473 1524 4549 hystorias
1555 4471 1849 4542 majorum,
1875 4482 2014 4539 quas
2043 4480 2130 4522 se-
2156 4491 2210 4554 ι)
2237 4454 2438 4548 (Mem)
2493 4469 2721 4540 Pipinus
2765 4465 3020 4538 princeps
3050 4460 3300 4516 llunaldo
3335 4459 3463 4513 duci
3503 4454 3824 4554 Aquitania:

550 4594 709 4649 quar,
738 4591 847 4631 non
874 4574 1047 4629 habeo
1067 4572 1154 4626 ¹³².

783 4668 906 4724 756.
982 4666 1070 4722 19.
1149 4665 1236 4720 15.
1313 4661 1402 4717 10.
1475 4658 1545 4714 26
1845 4654 1899 4710 9.

625 4762 760 4835 (ιὸ.)
807 4761 1209 4816 Saracenorum
1268 4770 1394 4826 rege
1441 4751 1662 4807 Athima
1714 4749 1942 4805 obsesso
1988 4746 2131 4800 intra

554 4856 742 4912 Galliae
789 4854 981 4910 urbem
1026 4848 1339 4904 Narbonam
1393 4862 1422 4900 a
1473 4843 1703 4908 Karolo,
1756 4837 2014 4894 Saraceni
2064 4851 2133 4892 ex

555 4943 816 5016 Hispania
841 4957 967 4998 cum
990 4941 1098 4995 alio
1132 4953 1257 5009 rege
1290 4936 1459 4991 Amor
1483 4933 1533 4990 ei
1547 4937 1844 4989 occurrunt
1865 4927 2130 4984 subsidio.

557 5037 662 5104 Qui
696 5031 978 5106 congressi
1021 5029 1242 5094 Karolo,
1282 5025 1549 5082 ambobus
1585 5022 1807 5093 regibus
1843 5016 2138 5089 peremptis

557 5137 611 5183 et
640 5113 858 5182 civitate
896 5129 1112 5191 recepta
1149 5119 1218 5174 ab
1255 5132 1342 5184 eo,
1385 5115 1577 5170 ultimo
1615 5125 1768 5182 paene
1811 5107 1982 5163 attriti
2011 5115 2141 5163 sunt

557 5218 911 5284 exterminio;
935 5229 1108 5285 eoque
1142 5211 1410 5282 fugientes
1436 5209 1776 5277 insequente,
1803 5200 2006 5257 residui
2041 5199 2138 5254 de-

559 5313 724 5368 mersi
749 5319 876 5366 sunt
909 5309 966 5362 in
990 5303 1282 5377 profundo.

2238 4545 2346 4625 sibi
2381 4560 2667 4620 rebellanti
2695 4558 2910 4624 obviat;
2950 4553 3356 4608 Karlomannus
3384 4561 3516 4602 vero
3557 4545 3826 4598 Aleman-

2237 4659 2388 4715 niam
2417 4656 2680 4712 devastat.
2715 4647 2811 4720 (Η.
2831 4641 3318 4718 m.)Arthabasdus
3339 4635 3826 4694 contraConstan-

2238 4751 2415 4806 tinum
2443 4743 2730 4816 imperium
2755 4738 2967 4809 arripit.

2476 4837 2648 4904 745.,
2709 4833 2764 4888 2.
2878 4830 2969 4884 22.
3080 4827 3138 4882 2.
3248 4825 3300 4879 1.

2313 4929 2514 5006 (Μειτ.)
2550 4925 2741 4998 Ogdilo
2775 4921 2886 4977 dux
2911 4916 3195 4990 Bajoariac,
3222 4922 3378 4986 rapta
3408 4924 3596 4967 sorore
3617 4905 3826 5006 Pipini,

2239 4999 2430 5084 contra
2454 4999 2580 5079 eum
2609 5018 2860 5084 rebellat;
2891 5026 3054 5084 quem
3086 5007 3313 5078 Pipinus
3351 5019 3536 5076 pugna
3568 4999 3831 5072 quamvis

2238 5120 2505 5176 damnosa
2554 5118 2793 5182 superat.
2860 5104 3263 5159 Karlomannus
3321 5093 3616 5150 Saxoniam
3656 5089 3827 5160 petit,

2240 5221 2483 5269 castrum
2517 5200 2873 5260 Hoscoburch
2908 5196 3072 5268 capit,
3112 5187 3512 5247 Theodericum
3545 5183 3827 5240 Saxonem

2242 5305 2398 5378 pacis
2420 5298 2665 5357 obsidem
2690 5291 2905 5362 accipit.

3507 4819 3595 4874 16.

1865 5424 2101 5484 vanu:
2136 5391 2533 5480 LECTIONES.

637 5543 701 5578 ιιι
723 5536 1096 5596 CCCLXXXV
1125 5536 1223 5592 c1.
1249 5535 1306 5589 δ.
1337 5533 1398 5587 ι).
1479 5531 1544 5562 ηε
1579 5528 1707 5584 Hac
1730 5523 1910 5596 Exte?

556 5591 1351 5692 .nnnasqae'ifegunt‘dnglarum
1377 5603 1674 5685 continuat.
1752 5591 1963 5692 ""p'ast
1985 5591 2096 5645 haec
2126 5603 2249 5643 man

567 5674 857 5737 Anselfnus
882 5674 966 5735 vir
1019 5674 1250 5734 illustris
1306 5674 1462 5745 cujus
1517 5685 1676 5727 soror
1724 5675 1860 5722 erat.
1908 5705 1920 5718 .
1965 5704 1977 5717 .
2023 5703 2036 5716 .
2083 5702 2096 5714 .
2139 5701 2151 5714 .

569 5754 637 5784 ⁸³⁵
660 5752 921 5808 LXXXV.
962 5753 1024 5805 Α.

2027 5520 2105 5573 ita
2137 5515 2437 5573 immutam‘t
2463 5525 2480 5563 :
2512 5507 2576 5561 A.
2609 5521 2654 5558 r.
2675 5502 2740 5556 A.
2765 5517 2830 5575 a._
2842 5513 2959 5575 ρος]
2981 5511 3119 5575 ε-,ίίκ
3143 5493 3200 5547 Ῐι·
3224 5505 3302 5546 ω·
3319 5506 3374 5571 ‘1;
3400 5481 3832 5575 scilﬂafjﬂ’ﬁog

2254 5554 2627 5654 irv's'jﬁédan},
2659 5589 2763 5628 non
2793 5554 3830 5654 Sigeberti;itihtgargiiznehscﬂaseriﬁ‘:

2272 5619 3112 5710 sed”"1?22"'i'6c3"er?s‘h"ann};
3143 5633 3246 5688 752
3283 5619 3477 5700 αἶίῙερίι
3544 5623 3660 5690 1δ.;
3706 5619 3832 5677 rell.
