4046 6318
265 296 404 356 -μι

429 415 554 470 744.

1747 315 2114 374 CHRONICA.
2845 322 2848 323 ν
2923 322 2928 326 ’
3449 333 3554 392 142

1903 438 1949 494 Α
1979 433 2124 487 rium
2147 435 2204 488 in
2227 433 2572 504 Aquitaniam
2595 438 2748 510 fugit.
2763 439 2861 512 (II.
2888 441 3055 513 m.)ln
3077 444 3324 499 Calabria
3335 458 3390 502 et
3414 447 3552 503 Sici-

253 574 260 578 .
392 505 466 559 11-.
498 506 596 578 m.)
627 507 834 566 Eivelid
856 513 1062 569 amiras
1089 516 1352 586 moritur;
1378 517 1548 590 Gyzid
1583 519 1875 578 Saracenis
1974 523 2048 577 lia
2091 523 2152 578 tit
2201 526 2511 594 pestilentia
2563 537 2619 584 et
2657 505 2976 589 mortalitas,
3015 535 3299 591 hominum
3355 539 3547 594 nimia.

289 611 444 652 anno
490 613 603 654 uno
649 601 1008 674 principatur.
1045 605 1438 666 Constantinus
1463 611 1874 670 Arthabasdum
1974 612 2036 668 In
2078 616 2321 672 vestibus
2349 617 2634 676 hominum
2679 633 2735 678 et
2777 625 2834 679 in
2872 625 3004 681 velis
3048 628 3419 686 ecclesiarum
3449 647 3549 697 an-

656 418 721 474 Rt.
760 420 813 475 5.
881 420 938 477 S.
969 423 1060 478 25.
1131 425 1304 482 F.'5.'
1349 427 1410 482 L.
1437 429 1490 482 2.
1558 429 1619 483 Β.
1659 430 1745 485 17.

289 686 460 756 capit,
492 697 548 745 et
576 691 627 744 ei
651 693 950 766 multisque
978 697 1282 754 amicorum
1324 701 1446 772 ejus
1480 706 1672 762 oculos
1706 707 1869 762 eruit.

291 776 384 846 (Α,
414 777 468 832 Χ
470 783 700 855 aniens.)
733 783 888 842 Cinis
913 787 980 844 de
1007 789 1140 844 caelo
1160 791 1378 848 cecidit.

527 892 649 950 745.
760 898 815 952 4.
927 901 978 954 1.
1089 902 1144 957 4.
1254 904 1308 958 5.
1422 904 1508 961 18.

360 983 461 1053 (II.
492 986 592 1057 m.)
635 986 803 1059 Gyzid
840 1001 1142 1063 perempto,
1176 993 1367 1052 Hisces
1399 998 1738 1070 principatur
1766 1001 1870 1058 Sa-

285 1077 510 1131 racenis
529 1085 674 1134 anno
700 1095 832 1136 uno.
859 1083 1062 1154 (Μαι.)
1096 1085 1324 1156 Pipinus
1360 1087 1768 1148 Theodoaldum
1805 1095 1870 1148 ti-

281 1165 425 1220 lium
449 1166 656 1224 Gofridi
688 1173 847 1227 ducis
876 1172 1129 1229 debellat.
1162 1171 1552 1236 Persecutione
1578 1193 1703 1252 post
1729 1185 1868 1256 lapi-

279 1255 565 1312 dationem
585 1257 844 1329 Stephani
862 1264 1310 1332 prothomartiris
1327 1281 1493 1337 mota,
1517 1255 1866 1342 Maximinus,

279 1362 434 1403 unus
463 1349 530 1404 de
556 1349 627 1405 .70
659 1351 866 1408 Christi
899 1355 1207 1427 discipulis,
1246 1360 1314 1415 ad
1342 1359 1544 1418 Gallias
1568 1367 1863 1435 transiens,

275 1435 516 1492 Mariam
556 1435 931 1510 Magdalenam
980 1460 1167 1501 secum
1215 1449 1460 1505 adduxit.
1527 1451 1659 1507 Eam
1699 1456 1864 1510 etiam

275 1529 429 1597 apud
456 1530 767 1599 Aquensem
796 1534 1009 1602 urbem,
1042 1536 1136 1591 cui
1171 1539 1498 1607 presidebat,
1549 1542 1863 1601 defunctam

275 1620 550 1690 sepelivit.
585 1621 831 1692 Aquensi
867 1641 996 1680 vero
1025 1629 1161 1684 urbe
1201 1643 1233 1684 a
1277 1628 1566 1689 Saracenis
1591 1636 1860 1704 desolata»,

274 1725 480 1779 corpus
499 1711 674 1782 ipsius
696 1713 878 1771 Mariae
901 1732 930 1770 a
946 1715 1190 1774 Gerardo
1216 1722 1414 1776 comite
1444 1722 1770 1798 Burgundi—ae
1792 1729 1860 1784 ad

273 1800 569 1855 cenobium
587 1871 596 1883 _
617 1801 944 1859 Viceliacum
975 1821 1005 1860 a
1037 1822 1095 1862 se
1123 1819 1500 1866 constructum
1528 1815 1860 1872 transfertur

275 1889 388 1958 (Cf.
429 1892 496 1946 Λ.
536 1891 751 1964 Iunt),
799 1895 1127 1968 Quanquam
1187 1902 1356 1972 aliqui
1405 1905 1670 1974 scribant,
1718 1909 1864 1979 quod

273 1981 380 2037 hec
409 1985 554 2053 aqud
574 1983 852 2056 Ephesum
889 1989 1155 2060 quiescat,
1201 1993 1412 2049 nullum
1438 2012 1604 2066 super
1633 2013 1693 2054 se
1727 2001 1865 2072 tegi-

270 2088 404 2128 men
433 2074 663 2132 habens.
697 2076 795 2148 (Η.
822 2079 921 2150 m.)
950 2080 1145 2138 Petrus
1169 2081 1542 2149 Damascenus
1569 2089 1864 2161 episcopus

264 2172 327 2219 et
351 2163 548 2222 Petrus
581 2166 926 2240 Majumenus
963 2172 1020 2228 in
1052 2170 1210 2245 Syria
1252 2190 1284 2230 a
1319 2174 1609 2236 Saracenis
1654 2189 1861 2253 marty-

269 2255 539 2313 rizantur.

541 2370 665 2428 746.
773 2375 832 2432 5.
940 2378 997 2434 2.
1108 2381 1162 2436 5.
1275 2383 1329 2438 4.
1441 2385 1531 2440 19.

337 2457 505 2530 (Vita
534 2417 1162 2541 iiutﬁmalmgd’;
1201 2417 1628 2546 presbiterfier
1653 2477 1860 2534 illatam

268 2549 377 2604 sibi
405 2553 702 2610 czecitatem
743 2557 1057 2616 admonitus
1099 2578 1328 2632 querere
1369 2581 1598 2637 corpora
1647 2580 1862 2627 sancto-

268 2654 398 2695 rum
451 2643 689 2699 Chiliani
734 2649 1120 2722 sociorumque
1175 2655 1294 2724 ejus
1351 2656 1588 2714 inventis
1643 2673 1861 2719 sancto-

268 2743 396 2786 rum
453 2737 774 2806 corporibus
824 2740 1005 2797 visum
1063 2745 1286 2814 recepit.
1355 2746 1544 2818 anue
1599 2765 1660 2805 re
1728 2767 1858 2808 san-

268 2832 396 2880 ctus
426 2825 752 2886 Bonefacius
783 2830 1080 2904 Moguntia:
1118 2837 1409 2908 episcopus
1454 2841 1525 2895 ab
1556 2839 1859 2916 Athalongo

267 2915 339 2970 ad
373 2932 435 2972 se
455 2919 648 2989 relata,
679 2933 923 2980 castrum
959 2925 1306 2984 Wirzihurch
1331 2930 1397 2985 ad
1423 2931 1687 2990 honorem
1723 2915 1856 2992 Chi-

268 3006 406 3063 liani
427 3015 705 3085 martyris,
734 3017 828 3086 qui
867 3017 937 3073 ad
965 3019 1354 3088 predicandum
1397 3023 1470 3078 ibi
1516 3041 1546 3079 a
1578 3043 1717 3098 papa
1750 3028 1858 3084 Co-

267 3118 418 3160 none
457 3106 752 3178 episcopus
781 3111 1066 3166 ordinatus
1103 3111 1301 3180 fuerat,
1345 3114 1530 3185 ibique
1567 3118 1763 3174 mortis
1804 3129 1858 3175 et
1884 3105 1928 3170 C

267 3196 476 3264 quietis
520 3198 708 3254 locum
755 3217 786 3256 a
835 3201 946 3257 Deo
992 3215 1298 3274 acceperat,
1347 3207 1674 3277 episcopalis
1716 3211 1859 3266 sedis

267 3287 558 3359 privilegio
586 3290 836 3362 insigniri
865 3293 1135 3362 decrevit;
1162 3295 1508 3367 primumque
1534 3300 1609 3354 ibi
1638 3301 1880 3370 episco-‘

266 3393 405 3447 pum
436 3389 690 3436 sanctum
720 3382 1099 3440 Burchardum
1123 3386 1415 3442 ordinavit.
1455 3389 1552 3460 (Η.
1578 3393 1676 3463 m.)
1711 3391 1842 3446 Mar-

268 3485 376 3524 van
423 3471 764 3543 principatur
806 3475 1097 3534 Saracenis
1134 3480 1294 3536 annis
1328 3481 1380 3536 6.
1427 3482 1630 3554 (Mett.)
1662 3483 1858 3539 Karlo-

270 3578 533 3632 mannus,
563 3564 733 3621 frater
758 3565 934 3638 Pipini
963 3571 1128 3641 regis,
1155 3570 1344 3628 Romae
1373 3589 1402 3628 a
1427 3574 1692 3631 Zacharia
1717 3593 1854 3648 papa

270 3655 326 3708 in
351 3658 685 3712 monachum
712 3668 984 3730 attonsus,
1015 3665 1193 3733 primo
1225 3665 1280 3720 in
1330 3664 1542 3738 Serapti
1576 3679 1761 3725 monte
1802 3670 1856 3724 in

270 3749 528 3802 caenobio
553 3750 699 3819 quod
745 3751 860 3821 ipse
901 3751 1178 3823 fundavit,
1209 3757 1403 3813 deinde
1438 3761 1580 3830 apud
1611 3770 1855 3817 castrum

268 3840 590 3907 Cassinum,
617 3842 872 3900 laudabili
898 3847 1011 3901 vita
1038 3849 1267 3904 aanituit.

507 3955 628 4010 747.
741 3957 792 4012 6.
941 3959 992 4015 1.
1104 3961 1158 4018 6.
1272 3963 1324 4018 5.
1436 3966 1524 4021 20.

344 4043 550 4117 (Μαι.)
593 4043 820 4118 Pipinus
850 4043 1180 4121 Griphonem
1219 4055 1442 4111 fratrem
1483 4075 1640 4114 suum
1667 4069 1856 4116 contra

271 4152 332 4192 se
358 4137 709 4193 rebellantem
748 4143 1112 4212 persequitur.
1149 4143 1245 4217 (Η.
1283 4147 1380 4217 m.)
1422 4147 1680 4205 Saraceni
1719 4151 1858 4207 inte-

270 4228 422 4283 stino
448 4228 591 4284 bello
613 4229 966 4287 colliduntur.

508 4341 630 4397 748.
742 4340 796 4399 7.
906 4344 961 4402 2.
1071 4345 1122 4402 7.
1233 4349 1286 4403 6.
1397 4349 1461 4405 21

1973 715 2168 774 parent
2187 708 2476 767 crueiculae
2509 715 2668 783 quasi
2701 716 2823 771 oleo
2845 717 3156 789 designatae.

2205 798 2326 855 749.
2429 801 2483 857 8.
2595 805 2656 859 5.
2756 806 2809 861 8.
2924 807 2973 862 7.
3081 809 3172 863 22.

2042 887 2131 960 (G.
2153 889 2324 964 pom.)
2353 891 2556 951 Rachis
2581 909 2676 952 rex
2716 897 3196 970 Langobardorum
3222 905 3354 960 dum
3387 917 3548 979 rupto

1972 977 2178 1038 fcedere
2203 982 2433 1041 Romam
2460 987 2763 1058 inquietare
2789 993 3000 1060 nititur,
3038 1010 3068 1049 a
3107 995 3370 1052 Zacharia
3407 977 3544 1069 papa

1971 1083 2082 1124 non
2127 1073 2305 1129 solum
2339 1091 2370 1130 a
2411 1079 2558 1133 malo
2597 1081 2929 1150 reprimitur,
2967 1086 3060 1140 sed
3102 1088 3267 1142 etiam
3302 1090 3422 1159 ejus
3451 1090 3541 1145 in-

1966 1159 2171 1216 stinctu
2199 1177 2326 1218 cum
2354 1181 2525 1223 uxore
2552 1177 2608 1223 et
2636 1169 2762 1224 filiis
2802 1170 3052 1234 Romam,
3072 1176 3315 1244 veniens,
3347 1193 3542 1233 mona-

1967 1250 2107 1308 chus
2127 1253 2373 1311 etlicitur.
2404 1257 2504 1313 Cui
2529 1259 2830 1333 Haistulfus
2867 1263 3034 1320 frater
3053 1266 3173 1336 ejus
3195 1269 3542 1336 substitutus,

1968 1352 2161 1411 regnat
2187 1345 2346 1400 annis
2378 1347 2428 1401 7.

2279 1436 2401 1493 750.
2513 1441 2566 1496 9.
2673 1443 2728 1497 4.
2841 1445 2895 1500 9-.
3010 1449 3060 1502 1.
3136 1450 3226 1504 25.

2039 1521 2127 1592 (Α.
2164 1522 2434 1600 Lauriss.)
2466 1528 2741 1590 Hildricus
2763 1551 2858 1590 rex
2886 1536 3220 1595 Francorum
3248 1541 3303 1596 in
3346 1557 3540 1598 mona-

1966 1611 2131 1668 chum
2173 1624 2521 1683 tonsoratur;
2567 1622 2796 1694 Pipinus
2841 1643 2970 1683 vero
3014 1631 3266 1702 princeps
3309 1636 3542 1690 auctori-

1963 1709 2074 1758 tate
2102 1709 2397 1776 apostolica
2429 1720 2482 1766 et
2511 1711 2847 1771 Francorum
2873 1718 3136 1775 electione
3163 1738 3194 1776 a
3221 1733 3412 1779 sancto
3433 1724 3542 1781 Bo-

1970 1794 2184 1853 nefacio
2215 1799 2506 1873 Mog-nmiae
2537 1807 2947 1880 archiepiscopo
2981 1811 3036 1866 in
3067 1828 3248 1884 regem
3279 1819 3542 1887 unguitur

1966 1895 2022 1942 et
2049 1902 2422 1966 consecratur,
2444 1904 2500 1951 et
2520 1899 2765 1969 regnavit
2785 1902 2948 1958 annis
2976 1903 3043 1958 18
3060 1903 3214 1975 [post
3225 1922 3403 1964 annos
3427 1911 3540 1966 cir-

1967 1977 2102 2033 citer
2129 1982 2405 2054 octoginta
2442 1995 2585 2054 octo,
2618 1997 2908 2059 postquam
2943 1993 3179 2064 majores
3215 1997 3410 2053 domus
3452 2015 3543 2056 ce-

1965 2078 2163 2137 perunt
2187 2075 2487 2146 principari
2521 2093 2686 2148 super
2707 2091 2863 2152 reges
2879 2082 3218 2150 Francorum
3247 2089 3333 2144 ⁸³⁸.

2275 2165 2397 2222 751.
2475 2169 2560 2224 10.
2671 2172 2725 2226 5.
2841 2174 2891 2229 1.
3001 2177 3056 2232 2.
3131 2179 3223 2235 24.

2015 2253 2170 2328 '(Ib.)
2195 2257 2422 2328 Pipinus
2443 2276 2536 2317 rex
2566 2273 2755 2320 contra
2781 2263 3030 2324 Saxones
3068 2282 3294 2342 pugnat.
3330 2273 3540 2346 Gripho

1963 2345 2132 2403 frater
2158 2349 2336 2420 Pipini
2382 2353 2690 2422 perimitur.
2728 2355 2950 2428 {Frater
2981 2360 3223 2430 ejusdem
3251 2345 3542 2435 Pipiniire-

1963 2439 2047 2509 gis
2068 2438 2368 2511 Remigius,
2403 2442 2767 2502 Rodomensis
2791 2449 3258 2523 archiepiscopus,
3289 2456 3344 2511 in
3369 2457 3542 2516 Gallia

1962 2529 2150 2586 claret.
2199 2531 2426 2602 Pipinus
2477 2551 2574 2592 rex
2623 2537 2921 2595 Galliarum
2963 2543 3240 2601 ecclesias
3286 2548 3541 2606 cantibus

1962 2618 2224 2679 Romana:
2249 2627 2592 2683 auctoritatis
2613 2643 2716 2685 suo
2737 2631 2920 2687 studio
2947 2635 3250 2692 melioravit
3283 2638 3368 2693 ²³⁶.

2267 2715 2390 2772 752.
2469 2720 2556 2774 11.
2668 2721 2722 2776 6.
2831 2723 2886 2779 2.
2997 2725 3050 2781 5.
3125 2727 3218 2784 25.

2029 2803 2117 2875 (G.
2151 2805 2321 2877 pom.)
2349 2805 2658 2878 Stephanus
2687 2811 2814 2880 87'?!
2847 2812 3110 2872 Romanae
3135 2818 3396 2875 ecclesia:
3416 2835 3539 2891 pre-

1960 2895 2118 2951 sidet.
2154 2897 2251 2968 (H.
2279 2898 2376 2970 πη.)
2415 2899 2638 2956 Marvan
2673 2905 2847 2960 amira
2888 2918 3188 2979 perempto,
3217 2908 3546 2968 Muhamath-

1959 2987 2299 3059 principatur
2330 2991 2619 3051 Saracenis
2641 2996 2802 3053 annis
2824 2998 2876 3053 5.
2910 2997 3181 3058 Haistulfo
3217 3002 3535 3074 Langobar-

1959 3078 2156 3136 dorum
2184 3097 2310 3154 rege
2338 3093 2530 3141 contra
2556 3085 2832 3145 Romanos
2859 3091 2995 3147 adeo
3024 3094 3432 3164 exardescente,
3475 3107 3539 3152 ut

1959 3171 2224 3228 tributum
2251 3175 2494 3247 exigeret
2519 3179 2590 3234 ab
2625 3167 3061 3253 uniuscujusque
3087 3185 3284 3255 capite,
3317 3185 3542 3258 Stepha-

1959 3278 2063 3318 nus
2089 3279 2226 3333 papa
2248 3265 2316 3320 ad
2346 3271 2706 3339 expetendum
2731 3271 2909 3342 Pipini
2931 3275 3076 3346 regis
3092 3277 3360 3333 auxilium
3378 3279 3530 3350 cogi-

1960 3359 2048 3405 tur
2075 3353 2128 3406 in
2165 3353 2452 3414 Franciam
2475 3361 2681 3416 venire.
2715 3361 2816 3418 Cui
2838 3364 2895 3420 in
2920 3366 3188 3424 veniendo
3213 3369 3269 3424 in
3299 3386 3408 3426 una
3442 3387 3536 3427 no-

1957 3440 2127 3495 ctium
2179 3447 2429 3514 apparuit
2479 3465 2738 3520 magnum
2785 3453 3000 3525 signum
3044 3457 3098 3512 in
3145 3459 3300 3527 caelo,
3345 3461 3538 3532 globus

1959 3534 2166 3590 scilicet
2194 3537 2384 3608 igneus
2406 3541 2448 3595 'a
2497 3553 2649 3610 parte
2689 3546 2940 3613 australi,
2972 3547 3254 3607 declinans
3283 3568 3315 3607 a
3351 3553 3538 3610 Galliae

1958 3625 2159 3683 ﬁnibus
2200 3629 2254 3684 in
2293 3640 2477 3700 partes
2513 3632 3017 3704 Langobardorum.
3040 3639 3330 3713 (Lauriss.)
3372 3644 3538 3700 Mitti-

1957 3725 2048 3771 tur
2069 3719 2233 3774 etiam
2272 3720 2674 3782 Karlomanuus
2717 3729 3020 3786 monachus
3053 3731 3123 3785 ab
3156 3730 3426 3787 Haistulfo
3467 3737 3538 3789 ad

1959 3807 2182 3864 fratrem
2205 3826 2368 3867 suum
2386 3812 2637 3885 Pipinum
2661 3818 2943 3886 regem,ad
2957 3821 3379 3889 perturbandam
3405 3839 3538 3894 apo-

1959 3903 2210 3958 stolicam
2243 3905 2582 3975 petitionem.
2614 3907 2703 3979 (Α.
2739 3908 2918 3981 Men.)
2943 3910 3175 3982 Pipinus
3201 3929 3233 3969 a
3259 3913 3537 3985 Stephano

1957 4010 2098 4066 papa
2125 4005 2250 4052 cum
2277 3997 2404 4054 ﬁliis
2432 3998 2550 4056 suis
2575 3998 2944 4058 Karlomanno
2963 4011 3020 4060 et
3049 4003 3251 4062 Karolo
3274 4007 3331 4061 in
3352 4021 3535 4078 regem

1957 4087 2202 4158 ungitur,
2224 4098 2280 4145 et
2301 4105 2397 4160 per
2425 4107 2520 4147 eos
2547 4093 2825 4162 generatio
2858 4110 3046 4150 eorum
3078 4096 3133 4152 in
3182 4097 3536 4155 hereditatem

1959 4180 2160 4251 regalis
2203 4184 2572 4240 successionis
2619 4184 2675 4240 in
2716 4196 3036 4257 perpetuum
3069 4189 3430 4258 benedicitur,
3484 4201 3538 4247 et

1959 4272 2140 4328 omnis
2171 4274 2473 4346 alienigena
2507 4277 2577 4331 ab
2595 4277 2717 4347 ejus
2757 4278 3035 4335 invasione
3070 4282 3372 4352 apostolico
3401 4298 3537 4337 ana-

1960 4363 2197 4420 themate
2221 4365 2566 4424 interdicitur
2602 4367 2772 4439 (174).
2815 4371 3108 4428 Anselmus
3148 4373 3235 4428 vir
3279 4374 3531 4440 illustris,

350 4432 438 4503 (Α.
465 4429 735 4507 Lauriss.)
774 4433 1002 4506 Pipinus
1039 4435 1373 4509 Griphonem
1429 4442 1484 4498 in
1525 4442 1762 4501 Saxonia
1802 4456 1856 4501 et
1887 4455 1932 4508 D
1958 4455 2118 4526 cujus
2138 4472 2297 4513 soror
2319 4467 2590 4517 eratuxor
2605 4429 2852 4516 liaistulfi
2875 4463 3036 4534 regis,
3055 4463 3316 4522 transfert
3335 4429 3538 4536 corpus

273 4523 399 4594 ejus
426 4525 720 4595 complices
743 4526 1110 4598 Tassilonem,
1143 4530 1488 4590 Lantfridum
1517 4545 1571 4591 et
1604 4537 1855 4608 Suidiger

277 4616 422 4672 bello
450 4618 625 4672 victos
656 4620 827 4689 capit;
865 4629 920 4677 et
944 4618 1288 4679 Tassilonem
1330 4626 1546 4696 quidem
1593 4627 1859 4700 Bajoariae

275 4707 475 4765 ducem
505 4709 665 4779 facit;
696 4712 963 4784 Griphoni
987 4732 1116 4773 vero
1151 4717 1208 4773 in
1242 4717 1497 4776 Neustria
1530 4723 1595 4778 12
1629 4727 1857 4782 comita-

278 4810 370 4868 tus
393 4802 660 4858 concedit.
692 4801 848 4870 Quod
884 4806 960 4860 illi
998 4824 1106 4863 non
1146 4809 1362 4877 sufficit,
1402 4814 1494 4868 sed
1535 4815 1602 4870 ad
1651 4817 1858 4872 Waifa-

1928 4535 1930 4537 ’
1963 4547 2137 4602 sancti
2165 4548 2411 4606 Silvestri
2437 4567 2589 4622 papa:
2610 4555 2675 4611 ad
2704 4559 3013 4615 coenobium
3039 4554 3404 4613 Nonantulam
3427 4535 3458 4610 a
3479 4570 3540 4610 se

1967 4631 2252 4692 fundatum
2278 4639 2366 4694 ⁸³⁷.

2277 4729 2398 4785 755.
2478 4733 2561 4787 12.
2677 4735 2728 4788 1.
2839 4736 2892 4790 5.
3005 4736 3060 4791 4.
3135 4734 3225 4790 26.

2036 4817 2213 4873 (Cant.
2251 4819 2436 4890 Fred.)
2487 4821 2713 4891 Pipinus
2777 4839 2869 4880 rex
2924 4823 3132 4880 Italiam
3184 4823 3534 4895 aggreditur;

1559 4981 1642 5036 VA
1655 4982 1788 5036 [lle
1827 4980 2225 5038 LECTIONES.

353 5080 423 5163 ’ξ’
467 5081 619 5135 addit
659 5100 847 5168 manus
887 5084 1143 5168 Sigeberti
1173 5087 1490 5168 simillima;
1518 5091 1633 5168 rell.
1663 5093 1942 5168 prwter_A.
2024 5095 2394 5168 'F‘iinjasurg
2420 5097 2648 5149 duarum
2669 5097 2929 5151 linearum
2957 5098 3037 5154 1δ.
3062 5116 3075 5163 ;
3108 5081 3224 5152 rell.
3252 5081 3444 5168 praeter
3469 5099 3534 5151 Α.

285 5152 350 5183 ⁸³⁷
375 5152 652 5232 infamia
680 5155 909 5208 duarum
951 5152 1216 5232 linearum
1284 5160 1406 5226 1δ.;
1471 5152 1587 5217 rell.
1623 5152 1816 5232 prater
1838 5165 1902 5218 A.

281 5222 535 5278 cantibus
571 5222 830 5280 Romanae
859 5228 1205 5283 auctoritatis
1227 5245 1328 5284 suo
1360 5222 1542 5286 studio
1575 5222 1901 5288 m'elioravit.

1913 5206 1927 5229 ,
2000 5167 2054 5220 ui
2096 5166 2248 5219 habet
2287 5182 2306 5219 :
2343 5164 2567 5235 Pipinus
2612 5181 2707 5220 rex
2749 5175 2893 5223 totas
2931 5168 3227 5224 Galliarum
3252 5164 3537 5223 'zecclesias

1955 5183 2051 5287 ξίν
2091 5235 2290 5287 nobilis
2319 5235 2612 5287 Anselmus
2647 5253 2846 5287 cornus
2883 5239 3053 5287 sancti
3100 5239 3342 5287 Silvestri
3385 5251 3536 5287 nam»

2005 5236 2051 5290 ir
2091 5235 2290 5308 nobilis
2319 5235 2616 5308 Anselrnus
2647 5253 2846 5307 corpus
2883 5239 3054 5295 sancti
3100 5239 3342 5294 Silvestri
3385 5251 3536 5308 papa:

281 5291 591 5349 transferta
621 5293 793 5349 Roma
822 5296 888 5351 ad
910 5295 1274 5354 Nonantulam
1303 5302 1612 5379 cceuobium
1637 5319 1667 5357 a
1704 5319 1762 5359 se
1797 5304 2103 5360 fundatum.
2136 5305 2264 5360 Han:
2289 5308 2453 5376 igitur
2477 5291 2774 5377 Sigebertus
2801 5291 3251 5364 u‘rinioedid'eﬁrut.

1782 5415 2010 5473 NOTE.

351 5496 504 5568 (174)
521 5497 650 5554 Haec
669 5515 770 5555 nec
795 5501 941 5574 ᾼημι.
955 5499 1498 5574 Mettensesilhabent,
1513 5519 1612 5558 nec
1624 5503 1850 5574 Regino.

281 5564 493 5656 Auctor
511 5577 776 5656 tractatus
793 5569 868 5626 De
879 5564 1854 5656 investiturajWaltramumxoe‘ant),

319 5640 376 5693 ui
401 5639 548 5694 hunc
573 5640 759 5721 locum
789 5641 1161 5726 exeripsit,_ea
1203 5639 1274 5698 ita
1301 5644 1523 5726 exhibet
1549 5663 1566 5726 :_
1599 5644 1764 5726 Unxit
1789 5639 1856 5684 έ-

319 5655 376 5693 ut
401 5655 548 5694 nunc
577 5655 759 5694 locum
789 5655 1069 5711 excrlpsu,
1099 5657 1161 5696 ea
1203 5655 1274 5698 tta
1301 5655 1523 5700 emeet
1549 5663 1561 5698 :
1599 5655 1764 5698 Unam
1789 5676 1854 5684 ——

283 5655 504 5777 7ratrem
532 5711 647 5779 ejus
685 5711 1004 5780 conﬁrmans
1042 5712 1256 5781 stirpem
1296 5713 1510 5770 illorum
1549 5717 1603 5768 in
1637 5716 1780 5786 regia
1808 5726 1854 5769 et

1963 5508 2024 5560 in
2063 5509 2404 5592 imperatoria
2434 5509 2730 5592 gignitate.
2763 5507 2996 5592 .Eadem
3185 5506 3364 5592 verbis
3415 5506 3538 5592 aliis
3569 5571 3580 5592 __

1964 5575 2224 5662 concepta
2266 5579 2398 5662 dicit
2434 5575 2730 5662 Folcuinus
2761 5579 2816 5634 in
2847 5578 3179 5637 chartulario
3225 5576 3280 5632 S.
3311 5575 3536 5646 Bertini,
3569 5583 3576 5662 ς

1966 5666 2015 5718 p.
2049 5649 2115 5702 56
2147 5649 2231 5703 ed.
2265 5648 2508 5704 Guerard
