4058 6436
494 338 604 392 «ηδ
1693 328 2054 388 suanm:an
2092 327 2620 390 GEMBLACENSIS
3207 277 3261 331 I'
3666 332 3773 393 tu

489 448 770 505 exercitus
816 445 1067 503 Halstu’lli
1115 462 1145 501 a
1191 444 1418 501 Francis
1469 444 1727 500 vincitur.
1780 441 2086 498 llaistulfus
2114 446 2158 504 Α
2191 449 2307 497 tur:
2336 442 2527 498 Aureae
2548 439 2861 498 Petronium
2883 440 3247 498 dilectissinuc
3271 441 3512 516 ﬁliw.(P.
3535 443 3597 502 D.
3621 459 3772 519 gesta

497 555 686 610 pacem
719 538 898 596 facere
941 555 1069 596 cum
1108 537 1372 594 Romanis
1415 537 1483 592 ad
1519 545 1710 591 nutum
1746 534 2081 590 Francorum
2184 549 2267 604 ep.
2297 532 2478 604 Heu.)
2504 533 2819 604 Walpertus
2849 533 3019 589 abbas
3053 534 3108 588 in
3140 533 3313 604 italia,
3339 529 3771 611 Chrodegangus

496 632 858 704 compellitur.
911 630 1151 705 (Transi.
1189 629 1248 686 S.
1289 629 1384 700 Β.)
1438 628 1843 684 Karlomannus
1888 627 2082 681 mona-
2182 627 2530 684 Mettensium
2569 628 2879 699 episcopus,
2932 616 3114 698 Pipini
3166 629 3318 700 regis
3355 643 3424 684 ex
3473 627 3768 688 Landrada

496 727 634 782 chus
663 741 788 783 ossa
818 726 994 782 sancti
1025 723 1301 782 Benedicti
1327 722 1542 782 abbatis
1576 721 1647 777 ab
1671 721 1916 776 ecclesia
1957 718 2082 774 Flo-
2181 733 2376 776 sorore
2412 734 2604 791 nepos,
2650 719 2861 776 clarent
2908 718 2967 777 in
3003 719 3206 788 Gallia;
3240 719 3335 792 qui
3367 719 3619 778 Gorziam
3652 737 3770 780 ca}-

496 817 754 885 riacensi,
787 817 878 874 ubi
911 816 1040 874 olim
1064 814 1328 872 translata
1360 813 1601 880 fuerant,
1634 811 1826 867 tollere
1861 810 2076 878 nititur,
2180 812 2406 868 nobium
2432 810 2681 868 fundavit
2706 811 2762 866 in
2783 810 3038 869 Mettensi
3060 813 3342 884 parochia.
3365 811 3581 885 (Laur.)
3611 813 3771 870 Wai-

495 919 558 966 ut
583 925 648 970 ea
675 909 742 965 ad
765 917 1006 966 castrum
1027 906 1319 964 Cassinum
1342 903 1590 961 referret.
1609 903 1890 961 Miracuiis
1915 919 1945 958 a
1966 901 2078 958 Deo
2181 903 2350 973 ferus,
2384 903 2532 960 ﬁlius
2557 903 2824 972 Eudonis,
2863 903 2976 960 dux
3016 903 3354 976 Aquitaniae,
3390 921 3478 961 res
3524 903 3769 962 Franco-

495 1002 736 1060 ostensis
753 1010 807 1057 et
830 999 1058 1055 Francis
1081 995 1496 1063 obsistentibus,
1525 995 1595 1050 ab
1631 994 1848 1065 incepto
1889 991 2078 1065 prehi-
2180 1012 2303 1053 rum
2348 997 2550 1069 injuste
2591 996 2868 1065 vexando,
2894 997 3034 1052 iram
3063 996 3277 1068 Pippini
3301 997 3561 1066 incurrit;
3590 1013 3772 1070 eoque

493 1094 674 1150 betur.
697 1090 796 1164 (Η.
822 1090 919 1161 m.)
940 1088 1054 1146 Hoc
1080 1099 1325 1158 tempore
1349 1091 1681 1143 terremotus
1707 1083 2076 1141 terribilisfa-
2177 1088 2529 1161 Aquitaniam
2565 1104 2844 1161 aggresso,
2867 1088 3049 1146 foedus
3071 1090 3210 1146 ﬁctae
3237 1088 3390 1160 pacis
3411 1089 3532 1144 init.

485 1194 636 1252 ctus,
661 1199 772 1255 quo
801 1184 966 1239 urbes
995 1183 1115 1237 aliae
1143 1175 1364 1252 quidem
1395 1195 1463 1236 ex
1494 1187 1633 1246 toto,
1659 1179 1780 1235 aliae
1821 1194 1886 1234 ex
1924 1187 2079 1250 parte
2486 1180 2610 1238 759.
2689 1181 2777 1237 18.
2887 1182 2943 1238 2.
3055 1182 3110 1238 9.
3222 1182 3278 1238 5.
3354 1182 3443 1239 52.

494 1275 768 1330 subversa).
803 1281 952 1341 sunt,
983 1272 1104 1328 alia:
1133 1280 1315 1328 autem
1353 1286 1382 1326 a
1421 1270 1701 1326 montanis
1730 1269 1799 1326 ad
1832 1270 2076 1340 subjecta
2250 1270 2451 1344 (Mett.)
2481 1270 2741 1328 Habdalla
2765 1283 3143 1344 persequente,
3160 1275 3404 1330 aecclesia
3429 1274 3521 1332 Dei
3547 1284 3770 1347 pertur-

492 1365 816 1436 campestria
838 1379 964 1420 cum
990 1365 1164 1420 muris
1185 1372 1240 1419 et
1259 1364 1688 1420 habitationibus
1711 1363 1827 1419 suis
1852 1362 2077 1434 integrae
2177 1365 2356 1423 batur.
2401 1364 2646 1420 Waifero
2671 1380 2702 1420 a
2733 1365 2882 1436 pacis
2918 1365 3123 1422 fmdere
3154 1381 3369 1436 averso,
3414 1367 3642 1439 Pipinus
3666 1384 3770 1424 rex

492 1468 545 1514 et
574 1459 739 1514 salvae
759 1458 882 1528 plus
905 1474 1070 1528 quam
1099 1457 1240 1512 ultra
1269 1471 1365 1512 sex
1389 1457 1624 1511 miliaria
1653 1456 2078 1527 transmigravc-
2175 1459 2533 1516 Arvernicum
2569 1475 2770 1531 pagum
2816 1459 3198 1530 depopulando
3238 1461 3456 1532 premit,
3486 1469 3542 1517 et
3587 1463 3766 1518 multa

490 1558 639 1604 runt.
665 1548 726 1604 In
755 1548 1148 1619 Mesopotamia
1174 1547 1339 1603 etiam
1371 1557 1516 1603 terra
1538 1545 1785 1616 disrupta
1810 1561 1985 1616 usque
2006 1544 2076 1600 ad
2176 1551 2396 1609 castella
2420 1552 2704 1622 ipsamque
2727 1551 2918 1606 urbem
2937 1552 3198 1608 Arvernis
3217 1552 3451 1624 capit,et
3474 1552 3767 1609 Bladinum

492 1641 603 1696 duo
639 1639 895 1706 miliaria,
945 1639 1052 1695 alia
1091 1647 1235 1694 terra
1282 1639 1467 1694 minus
1496 1639 1618 1694 alba
1647 1646 1702 1693 et
1741 1641 1972 1693 arenosa
2007 1635 2074 1693 de
2175 1645 2329 1700 urbis
2351 1645 2608 1700 comitem
2632 1659 2757 1699 cum
2782 1643 2972 1699 multis
2994 1644 3234 1700 abducit.
3263 1644 3498 1700 Sanctus
3520 1645 3767 1712 Gengnl-

491 1732 763 1805 profundo
787 1733 908 1804 ejus
937 1731 1214 1799 ascendit;
1253 1740 1309 1786 et
1341 1747 1408 1787 ex
1457 1745 1520 1786 ea
1565 1730 1769 1786 animal
1803 1731 2071 1785 mulinum
2106 1795 2148 1853 Β
2176 1733 2264 1791 fus
2303 1735 2475 1791 claret
2515 1735 2570 1790 in
2591 1734 2933 1806 Burgundia,
2957 1735 3054 1806 qui
3081 1736 3246 1791 etiam
3290 1737 3536 1809 martyrii
3565 1737 3774 1792 claruit

491 1827 735 1853 --ΛΑ-,126
785 1824 1275 1853 ξυιΑΑιιΟΛννιζκΛΙιιιή
1363 1823 1603 1853 lani-“Ann
1660 1839 1794 1853 Ivnnn
1843 1823 2070 1853 ΙΛη-ιη-ιο
2178 1827 2344 1853 ..ΙΑ-ΞΑ

485 1827 739 1884 ascendit
785 1824 1304 1884 incontaminatum.
1363 1823 1606 1878 humana
1660 1839 1794 1878 voce
1843 1823 2073 1893 loquens
2109 1823 2148 1853 "
2176 1827 2371 1900 gloria.

490 1917 852 1987 pronuntians
882 1915 1253 1972 incursionem
1293 1914 1469 1985 gentis
1510 1915 1581 1970 ab
1618 1915 1842 1970 heremo
1877 1914 2070 1969 adver-
2488 1920 2609 1975 760.
2689 1921 2775 1976 19.
2895 1921 2948 1976 5.
3027 1921 3115 1976 10.
3226 1923 3280 1975 4.
3358 1922 3448 1977 55.

491 2027 586 2067 sus
610 2011 834 2066 Arabes.
1087 2025 1089 2028 ‘
1873 2005 1876 2009 ’
2246 2012 2446 2085 (Μειι.)
2485 2012 2712 2083 Pipinus
2739 2011 3010 2069 Bituricus
3039 2015 3230 2068 urbem
3263 2015 3428 2085 capit,
3454 2021 3508 2070 et
3542 2023 3764 2085 captam

531 2103 655 2158 754.
715 2101 783 2156 Β.
862 2101 950 2156 15.
1003 2099 1078 2167 β.
1153 2099 1206 2154 2.
1286 2099 1345 2153 F.
1422 2100 1476 2154 4.
1554 2098 1616 2152 L.
1694 2099 1748 2154 5.
1824 2098 1885 2153 B.
1943 2098 2031 2152 27.

2012 2101 2031 2152 ἰ
2175 2106 2369 2161 munit.
2403 2105 2500 2176 (Η.
2539 2107 2636 2177 m.)
2678 2105 2906 2162 Telezas
2928 2106 3258 2178 Bulgaribus
3281 2107 3614 2163 dominatur.

558 2195 762 2267 (Μειε.)
793 2195 1196 2250 Karlomannus
1227 2193 1530 2248 monachus
1564 2191 1773 2248 Vienne
1816 2193 2069 2248 moritur.
2475 2198 2598 2253 761.
2706 2197 2797 2252 20.
2901 2199 2955 2254 4.
3061 2200 3146 2254 11.
3251 2200 3307 2255 5.
3405 2200 3456 2254 1.

490 2288 682 2358 (Mam)
716 2287 951 2344 Sanctus
999 2285 1327 2340 Bonefacius
1358 2281 1659 2356 ’Mognntiae
1696 2285 2070 2355 archiepisco-
2173 2289 2350 2359 Caput
2376 2287 2642 2345 Johannis
2663 2288 2914 2361 baptista:
2937 2290 2990 2344 in
3023 2289 3221 2344 Emesa
3250 2290 3469 2344 civitate
3495 2286 3766 2344 transfer-

489 2397 591 2450 pus
615 2396 739 2437 eum
765 2379 931 2436 sociis
959 2378 1080 2434 suis
1107 2378 1161 2431 in
1192 2376 1378 2432 Fresia
1402 2377 1470 2432 ab
1498 2376 1736 2432 inimicis
1769 2376 1895 2432 ﬁdei
1921 2393 2071 2431 mar—
2172 2390 2282 2436 tur.
2310 2379 2632 2453 Chilpingus
2660 2381 3023 2437 Arvernensis
3053 2389 3107 2436 et
3129 2380 3455 2451 Ammingus
3475 2380 3767 2435 Pictaven-

485 2475 782 2546 tyrizatur;
808 2480 864 2528 et
905 2471 960 2526 in
1005 2469 1177 2524 Fulda
1202 2469 1475 2534 ccenobio,
1517 2467 1666 2539 quod
1695 2468 1812 2539 ipse
1855 2467 1910 2524 in
1958 2467 2061 2524 To-
2173 2471 2252 2526 sis
2294 2471 2524 2526 comites
2553 2471 2834 2542 congressi
2862 2471 3128 2527 militibus
3170 2469 3368 2541 Pipini,
3413 2471 3767 2541 perimuntur

487 2566 664 2637 ringia
688 2564 956 2632 fundavit,
982 2560 1281 2618 honoriﬁce
1309 2561 1631 2617 tumulatur.
2172 2577 2298 2618 cum
2325 2562 2616 2618 multis'”.
3587 2638 3590 2640 Π

584 2724 587 2726 _
803 2656 928 2713 755.
1007 2656 1098 2711 14.
1206 2654 1260 2708 5.
1371 2654 1425 2709 5.
1539 2653 1593 2707 6.
1667 2652 1758 2706 28.

2247 2655 2369 2710 762.
2517 2655 2606 2710 21.
2787 2656 2842 2711 5.
3030 2655 3119 2711 12.
3299 2654 3354 2710 6.
3518 2653 3573 2707 2.

559 2748 658 2818 (Η.
697 2750 794 2819 m.)
830 2746 1228 2804 Constantinus
1257 2746 1556 2816 imperator
1595 2744 2067 2814 Constantinopoli
2243 2745 2342 2817 (II.
2374 2745 2472 2817 m.)
2499 2746 2545 2800 A
2567 2745 2932 2801 Constantino
2963 2747 3290 2816 imperatore
3318 2745 3475 2800 multi
3500 2744 3761 2816 martyri-

486 2840 745 2898 sinodum
775 2837 881 2895 550
900 2838 1281 2910 episcoporum
1312 2845 1633 2907 congregat;
1673 2836 1726 2889 in
1759 2851 1865 2905 qua
1891 2836 2068 2890 edicto
2172 2845 2385 2892 zantur.
2421 2837 2692 2894 'l‘hcletzis
2727 2836 3089 2893 Constantino
3130 2836 3442 2906 imperatori
3482 2851 3749 2906 congres-

486 2932 832 3003 promulgato
869 2931 936 2986 de
982 2929 1313 3000 imaginibus
1345 2927 1439 2982 Dei
1491 2935 1546 2982 et
1588 2934 1906 2981 sanctorum
1947 2926 2074 2996 ejus
2171 2945 2289 2996 sus,
2313 2944 2438 2987 cum
2467 2929 2638 2984 multo
2661 2927 2954 2999 Bulgarum
2977 2929 3180 2984 damno
3211 2935 3266 2982 et
3307 2927 3603 2998 opprobrio
3626 2923 3757 2980 vin-

487 3023 844 3095 deponcndis,
897 3020 1200 3077 tecclesiam
1246 3019 1340 3074 Dei
1396 3019 1561 3074 nimis
1612 3017 1968 3084 scandalizat,
2013 3026 2068 3073 et
2170 3020 2333 3086 citur,
2357 3030 2410 3075 et
2447 3020 2517 3075 ob
2549 3020 2654 3075 hoc
2679 3035 2710 3074 a
2732 3018 3058 3090 Bulgaribus
3078 3019 3427 3090 reprobatus,
3448 3034 3572 3073 cum
3598 3017 3758 3088 prin-

486 3124 676 3170 contra
733 3114 1070 3169 orthodoxos
1119 3111 1444 3184 tyrannizat.
1497 3109 1702 3181 (Μαι.)
1759 3108 2066 3166 Haistulfus
2095 3138 2138 3198 ρ
2171 3112 2384 3182 cipibus
2411 3112 2587 3182 gentis
2623 3113 2692 3166 ab
2723 3111 2804 3167 eis
2838 3113 3145 3182 perimitur.
3179 3111 3266 3183 (Α.
3305 3108 3575 3180 Lamias.)
3616 3108 3758 3164 Tas-

482 3222 580 3263 rex
607 3215 772 3276 rupto
793 3206 946 3277 pacis
976 3205 1179 3260 fmderc
1201 3203 1428 3256 Romam
1459 3202 1690 3257 obsidet.
1725 3200 1952 3271 Pipinus
1971 3217 2068 3256 rex
2172 3205 2274 3260 silo
2296 3204 2407 3259 dux
2457 3220 2488 3258 a
2532 3219 2659 3274 rege
2692 3203 2887 3274 Pipino
2929 3205 3154 3260 omnino
3189 3203 3470 3258 avertitur.
3513 3201 3758 3256 Sabinus

483 3299 695 3354 italiam
731 3290 1001 3368 repetens,
1047 3310 1171 3350 eum
1214 3293 1380 3364 Papie
1424 3293 1698 3349 inclusum
1746 3293 1979 3361 obsidet,
2015 3301 2072 3348 et
2171 3297 2496 3368 Bulgaribus
2515 3296 2880 3370 dominatur.]
2909 3295 3006 3369 (Η.
3036 3294 3598 3365 m.)TurciaCaspiis
3624 3309 3758 3364 por-

489 3390 719 3445 invitum
749 3388 817 3444 ad
865 3387 1044 3444 ftedus
1088 3387 1241 3457 pacis
1283 3387 1640 3456 repetendum
1686 3385 1980 3456 compellit,
2017 3393 2071 3441 et
2171 3391 2241 3446 tis
2267 3397 2650 3462 erumpentes,
2694 3389 3017 3445 Armeniam
3069 3387 3349 3443 infestant.
3406 3386 3467 3442 In
3513 3401 3755 3456 quorum

485 3491 678 3537 sancto
704 3480 864 3536 Petro
900 3494 1146 3551 quaequa:
1174 3479 1259 3534 sui
1291 3479 1432 3548 juris
1464 3487 1642 3545 erant,
1677 3478 1888 3533 restitui
1919 3476 2064 3532 fecit.
2169 3483 2344 3552 patria
2371 3498 2495 3536 cum
2525 3482 2750 3552 antiquo
2783 3489 3025 3552 tempore
3049 3480 3361 3550 pestilentia
3385 3487 3502 3532 orta
3529 3477 3753 3542 fuisset,

482 3572 753 3628 Fulradus
778 3571 948 3627 abbas
969 3572 1040 3627 de
1061 3571 1235 3626 sancti
1259 3570 1486 3627 Dienisii
1509 3569 1841 3626 Parisiensis
1867 3585 2067 3640 corpus
2169 3590 2334 3630 suasu
2367 3573 2795 3630 Christianorum
2835 3573 2891 3627 in
2923 3573 3147 3628 modum
3186 3571 3369 3628 crucis
3413 3586 3472 3626 se
3500 3570 3755 3624 totonde-

482 3665 655 3720 sancti
682 3663 790 3719 Viti
817 3663 1072 3736 martyris
1096 3679 1128 3718 a
1159 3662 1332 3719 Roma
1359 3662 1608 3719 Parisius
1628 3663 1929 3718 transtulit.
2167 3671 2320 3731 runt,
2352 3672 2407 3720 et
2435 3664 2564 3733 quia
2593 3679 2690 3733 per
2741 3664 2847 3718 hoc
2898 3663 3114 3734 signum
3145 3663 3295 3719 salus
3322 3661 3511 3733 patriae
3537 3661 3753 3716 reddita

756 3753 915 3809 ’756.
995 3755 1083 3809 15.
1193 3754 1247 3808 4.
1359 3755 1415 3810 6.
1526 3753 1577 3808 7.
1653 3753 1763 3808 29.
2166 3755 2364 3822 fuerat,
2395 3756 2541 3810 hunc
2567 3756 2733 3809 ritum
2780 3755 3042 3810 tondendi
3073 3763 3363 3810 tenuerunt
3399 3753 3515 3825 ‘”.]
3545 3752 3751 3825 (Μειι.)

555 3845 848 3916 (Laurisa.)
887 3844 1104 3900 Tassilo
1132 3845 1244 3900 dux
1278 3846 1552 3900 avunculo
1595 3860 1697 3900 suo
1725 3843 1923 3914 Pipino
1949 3841 2064 3912 regi
2167 3846 2442 3902 Waiferus
2469 3847 2714 3902 dillidens
2742 3847 2860 3902 suis
2891 3847 3077 3914 rebus,
3106 3863 3296 3902 muros
3324 3846 3542 3902 urbium
3569 3845 3716 3915 Aqui

480 3937 886 3994 reconciliatur.
905 3935 1207 3992 Haistulfus
1233 3935 1328 3992 rex
1350 3936 1834 4009 Langobardorum
1856 3934 2064 4006 judicio
2166 3938 2329 3992 tanize
2375 3937 2643 3992 subvertit
2682 3936 2802 3990 solo
2848 3945 3038 4003 tenus;
3083 3951 3225 4007 quos
3257 3945 3575 3992 restaurans
3601 3933 3753 4003 Pipi-

485 4027 580 4082 Dei
611 4027 880 4095 moritur;
913 4025 1003 4083 cui
1038 4025 1354 4084 Desiderius
1383 4026 1754 4095 substituitur,
1790 4034 1845 4082 et
1874 4034 2066 4098 regnat
2163 4046 2292 4098 nus,
2314 4029 2380 4085 ad
2404 4044 2629 4086 suorum
2655 4029 2902 4096 tutelam,
2927 4029 3052 4084 fidis
3074 4028 3351 4083 commisit
3375 4025 3743 4097 principibus.

483 4116 645 4172 annis
675 4115 759 4171 i9.
2236 4120 2358 4175 765.
2504 4120 2594 4175 22.
2777 4120 2830 4174 6.
3016 4121 3102 4174 15.
3288 4118 3339 4172 7.
3512 4118 3564 4171 1.

627 4203 634 4210 “
793 4206 916 4264 757.
993 4205 1082 4261 16.
1193 4208 1248 4263 5.
1361 4207 1412 4262 7.
1526 4207 1578 4262 1.
1657 4206 1746 4262 50.
2234 4211 2332 4283 (Η.
2365 4211 2463 4283 m.)
2495 4211 2631 4268 Gelu
2656 4227 2918 4282 magnum
2939 4227 2970 4265 a
2996 4210 3254 4266 Kalendis
3281 4209 3534 4265 Octobris
3565 4224 3747 4279 usque

551 4296 642 4368 (ϐ.
671 4299 841 4368 pom.)
879 4297 1083 4354 Paulus
1117 4297 1243 4352 88us
1289 4297 1550 4354 Romana:
1581 4298 1842 4354 accelesize
1882 4297 2061 4368 presi-
2162 4306 2228 4362 ad
2259 4304 2618 4361 Februarium
2651 4305 2736 4358 "'°.
2767 4304 2944 4372 (Cant.
2972 4302 3160 4373 Fred.)
3181 4301 3407 4372 Pipinus
3425 4317 3520 4356 rex
3547 4299 3748 4354 Lem0«

479 4387 587 4443 det.
618 4388 910 4460 (Laurisa.)
947 4388 1238 4446 liabdallas
1264 4389 1608 4460 principatur
1639 4388 1931 4444 Saracenis
1961 4405 2060 4443 an-
2162 4397 2401 4453 vicinam
2446 4397 2722 4467 regionem
2750 4395 2903 4450 caede
2955 4401 3009 4451 et
3067 4394 3322 4450 inccndio
3359 4393 3746 4464 depopulatur.

479 4480 568 4536 nis
607 4481 698 4536 21.
751 4481 980 4552 Pipinus
1026 4481 1238 4537 fortiter
1281 4481 1564 4536 Saxonum
1593 4482 1929 4538 munitiones
1981 4482 2057 4535 ir—
2087 4493 2132 4551 ι)
2163 4488 2262 4560 (Η,
2295 4489 2391 4558 m.)
2419 4485 2654 4542 Sabinus
2701 4485 2902 4558 Bulgar
2938 4501 3061 4542 cum
3094 4485 3358 4542 Romanis
3406 4484 3586 4540 fmdus
3618 4483 3748 4550 init,

478 4574 704 4642 νιιιηρὶῑ.
754 4583 810 4629 Bt
858 4583 980 4644 Ροει
1025 4576 1256 4630 nlullan!
1294 4583 1533 4646 stragem
1572 4589 1668 4630 608
1711 4574 1814 4630 sub
1852 4574 2058 4630 tributo
2162 4597 2258 4651 pro
2285 4595 2395 4651 quo
2438 4595 2468 4634 a
2517 4579 2634 4634 suis
2685 4579 3001 4650 repudiatus
3051 4579 3118 4634 ad
3168 4572 3553 4649 imperatorem
3583 4575 3748 4647 fugit,

478 4661 692 4735 redigit.
2160 4686 2404 4742 paganus
2443 4668 2768 4742 Bulgaribus
2795 4669 3129 4724 dominatur.
3173 4667 3306 4740 (1b.)
3332 4667 3514 4722 Stella:
3558 4666 3748 4721 subito

791 4755 914 4813 758.
992 4758 1079 4813 17.
1192 4758 1244 4812 1.
1359 4758 1414 4812 8.
1523 4757 1579 4812 2.
1655 4759 1743 4814 51.
2158 4767 2290 4820 visze
2320 4764 2386 4819 de
2431 4763 2563 4819 caelo
2605 4763 2891 4829 cecidisse,
2929 4763 3000 4816 ita
3033 4777 3224 4818 omnes
3249 4767 3658 4826 exterrucrnnt,
3685 4769 3749 4816 ut

545 4847 759 4916 Corpus
792 4858 994 4906 sanctae
1013 4848 1342 4916 Petronillaa,
1377 4849 1524 4905 Petri
1556 4851 1789 4920 apostoli
1828 4851 1971 4916 filiae,
2023 4867 2044 4906 ε
2157 4866 2412 4928 putarent
2433 4857 2595 4912 finem
2626 4856 2816 4911 mundi
2840 4855 3146 4910 imminere.

475 4936 646 4992 Paulo
673 4955 809 5010 papa
840 4942 1246 5012 transponitur;
1286 4942 1343 4996 in
1385 4942 1543 5012 cujus
1573 4957 1888 4998 marmoreo
1933 4959 2052 5000 sar—
2234 4949 2356 5004 764.
2503 4947 2593 5002 25.
2778 4945 2829 5001 7.
3012 4946 3101 5000 14.
3283 4944 3337 5000 8.
3510 4945 3561 4998 1.

473 5029 666 5102 cofago
696 5032 870 5101 ipsius
896 5033 1131 5104 apostoli
1156 5032 1303 5088 Petri
1331 5049 1498 5089 manu
1525 5035 1800 5105 scalptum
1836 5036 2052 5108 legeba-
2234 5041 2536 5114 (Lauriss.;
2585 5038 2744 5095 Gesta
2773 5055 2887 5109 epp.
2924 5037 3100 5108 Meti.)
3161 5036 3592 5110 Cbrodegangus
3621 5037 3743 5106 epi-

1743 5220 1973 5278 VARUE
2013 5225 2420 5285 LECTlONES.

643 5349 721 5403 ita
753 5346 1416 5429 Siggbf‘rfuslscripserat;
1446 5361 1502 5404 at
1525 5353 1808 5429 manu_sﬂl_?;.
1827 5355 2121 5429 ⁸εἱνηξιιῐηιιι
2150 5360 2332 5412 manui
2356 5357 2439 5414 13.
2463 5376 2524 5413 ea
2555 5357 2765 5425 delevit,
2788 5356 3031 5429 Comites
3053 5358 3163 5413 duo
3186 5356 3589 5429 Chilpingus—
3610 5371 3743 5429 cum

473 5418 662 5500 multis
680 5435 826 5500 guno
1009 5419 1328 5490 adscripsit,
1356 5431 1406 5476 et
1442 5439 1638 5476 annum
1672 5423 1794 5500 761.
1820 5426 1877 5478 in
1905 5443 2098 5500 rasura
2131 5439 2181 5483 et
2211 5431 2268 5482 in
2291 5431 2532 5500 margine
2559 5431 2637 5482 ita
2664 5418 2941 5500 ampliavit
2968 5429 3196 5500 :Caput
3217 5418 3520 5500 -_—;_dita'vit,_
3546 5428 3741 5500 quibus

471 5489 556 5570 ρει.
585 5489 796 5570 addidit
829 5487 1143 5570 :_!dem.re‘x
1172 5487 1526 5570 vocatur;
1548 5510 1680 5570 (ρας
1711 5495 2150 5570 interpolationes
2173 5501 2320 5570 infra
2341 5487 2539 5554 edituri
2569 5487 2763 5554 sumus.
2782 5516 2902 5554 cum
2929 5487 3147 5570 reliquis
3172 5487 3741 5570 additamentis'gem-

469 5552 823 5643 blacensibai.
849 5559 908 5643 Ε⁸
921 5560 1190 5643 codicibus
1219 5560 1340 5643 ξδ’.
1374 5561 1416 5617 F
1422 5565 1470 5618 1.
1497 5552 1892 5643 e2‘.'."i..habent',
1931 5585 2050 5638 qua:
2091 5552 2500 5643 interpolatores
2540 5552 2896 5643 scripserunt,
2919 5552 3111 5643 reliq'ui
3136 5582 3553 5643 onmercagnw
3571 5565 3739 5643 §igej

471 5628 700 5714 heims.“
742 5631 809 5662 ¹³⁹
839 5630 964 5714 add.
996 5632 1112 5706 17.;
1159 5632 1275 5714 rell.
1300 5643 1491 5714 praeter
1604 5635 1755 5714 cf._a.
1784 5628 2100 5714 sequentem.
2154 5628 2422 5714 Αίδδ-λυοιςεΔ
2445 5641 2554 5714 haec
2579 5628 2732 5714 erasa
2760 5628 2903 5695 linea
2928 5628 3046 5714 plus
3066 5655 3245 5714 quam
3295 5628 3542 5714 dimidia.
3571 5628 3740 5714 Tu'rei

471 5715 501 5754 a
521 5700 735 5784 Caspiis
758 5702 934 5770 portis
960 5700 1310 5784 erumpentes
1337 5700 1648 5784 Armeniam
1676 5700 1954 5784 invast'ant
1984 5711 2110 5766 add.
2137 5711 2202 5766 A.
2240 5700 2369 5767 Hcce
2406 5712 2574 5783 igitur
2609 5710 2723 5784 Sig.
2770 5700 2943 5781 prima
2985 5700 3263 5780 habuerat,
3297 5709 3386 5765 sed
3415 5710 3741 5784 insecuntur

471 5769 695 5828 editione
747 5769 883 5828 anno
921 5769 1235 5844 prwred'enti
1284 5769 1574 5846 adscripsit
1628 5777 1908 5846 ampliata.
2427 5769 2450 5783 "
2673 5769 2694 5784 "
2771 5769 2783 5781 "
3249 5769 3262 5780 '
3491 5781 3494 5785 -
