4046 6318
262 301 362 359 ηδ

1675 299 2044 360 CllRONlCA.

3406 328 3522 382 “'6'

261 426 454 483 scopas
472 423 699 479 corpora
723 416 1023 504 martyrum
1059 407 1606 504 CorgoniitNaboris
1633 419 1688 466 et
1714 411 1820 466 Na-
1847 415 1900 472 A
1931 421 2076 476 lianc
2098 433 2298 494 papatu
2323 424 2538 494 invasa,
2570 427 2828 484 aecclesiae
2861 429 2954 486 Dei
2981 448 3181 504 magno
3209 405 3506 494 fuit’scan-o

260 504 386 562 zarii
412 501 583 556 Roma
611 500 678 555 ad
701 499 904 555 Gallias
927 501 1224 568 transtulit,
1251 510 1306 556 et
1336 500 1672 574 Gargonium
1698 505 1820 574 qui—

257 596 370 649 dem
395 593 448 646 in
480 591 698 658 Gorzia,
728 589 1000 646 Naborem
1023 607 1152 647 vero
1177 592 1228 646 in
1252 590 1524 664 llyliriaco
1547 595 1818 662 emnobio,

256 684 538 741 Nazarium
587 691 772 737 autem
817 682 1062 754 reposuit
1096 683 1150 738 in
1195 683 1448 740 cmuobio
1507 683 1818 755 Lorisbam,

254 777 392 852 quod
426 772 718 848 Canthuyr
741 791 926 831 comes
956 774 1184 832 illustris
1211 792 1242 831 a
1263 792 1322 834 se
1344 775 1651 846 fundatum,
1682 776 1816 834 Met-
1856 831 1859 834 .

252 871 383 926 tensi
404 868 665 925 acclesize
696 867 868 940 priori
895 883 1040 923 anno
1076 868 1392 925 tradiderat.

275 962 390 1018 765.
457 959 528 1016 Β.
589 961 680 1016 24.
740 959 798 1015 S.
873 960 927 1016 8.
1003 959 1065 1016 F.
1144 961 1230 1017 15.
1306 961 1368 1017 L.
1446 963 1500 1018 9.
1574 961 1636 1017 B.
1710 963 1765 1020 2.

313 1053 488 1125 (Cant.
520 1052 571 1108 F
574 1052 711 1124 red.)
742 1051 973 1124 Pipinus
1005 1068 1101 1110 rex
1147 1053 1434 1125 Agerinum
1456 1097 1469 1123 ,
1508 1054 1818 1128 Petrogori-

247 1163 332 1205 cas
351 1155 404 1203 et
427 1145 802 1218 Engolismam
836 1147 1000 1203 urbes
1025 1147 1335 1218 Aquitaniae
1361 1148 1640 1217 devastat,
1670 1149 1816 1205 mul-

245 1249 454 1308 tamque
497 1236 808 1307 Aquitaniae
850 1248 1061 1306 partem
1105 1237 1208 1292 sibi
1252 1238 1528 1310 subjugat.
1567 1238 1815 1296 Chrade-

243 1343 440 1399 gangus
489 1325 837 1381 Mettensium
881 1327 1326 1398 archiepiscopus
1356 1328 1489 1384 obit.
1546 1327 1816 1400 Tempore

240 1417 574 1476 Constantini
597 1418 947 1488 imperatoris
971 1427 1027 1475 et
1061 1417 1295 1492 Hyrena:
1333 1419 1523 1476 uxoris
1573 1420 1714 1491 ejus,
1759 1422 1814 1476 in

242 1511 386 1583 Syria
427 1510 653 1566 civitate
680 1511 929 1579 Beritbo,
966 1527 1090 1582 qum
1146 1513 1392 1584 subjacet
1445 1512 1813 1581 Anthiocliiae,

239 1601 396 1658 Judai
422 1603 722 1674 imaginem
765 1601 897 1658 Jesu
935 1604 1229 1659 salvatoris
1258 1603 1431 1660 nostri
1474 1604 1813 1661 invenientes

1923 512 2068 570 dalo.
2119 514 2347 614 [Co/utra
2395 519 2542 575 hunc
2593 518 2877 592 Philippus
2919 538 2952 578 a
3001 525 3328 594 quibusdam
3387 528 3500 588 Ro-

1922 621 2212 662 manorum
2240 625 2378 681 papa
2413 613 2767 670 constituitur
2787 656 2802 683 ,
2822 623 2890 680 et
2919 631 3028 672 non
3060 619 3232 677 multo
3263 631 3387 691 post
3403 623 3502 680 dc-

1922 701 2142 771 ponitur
2169 700 2285 776 ¹⁵⁸.]
2347 763 2349 766 ,

1995 791 2117 848 768.
2260 793 2352 850 27.
2502 797 2588 852 Η.
2642 838 2647 842 -
2738 799 2825 855 18.
2976 801 3064 856 12.
3270 805 3326 862 5.

1993 884 2171 951 (Cant.
2203 884 2394 958 Fred.)
2445 887 2633 963 Longa
2671 881 2952 949 contentio
2998 893 3140 952 inter
3165 894 3422 967 Pipinum
3449 907 3504 953 et

1922 975 2224 1033 Waiferum
2251 978 2460 1048 linitur,
2499 984 2629 1053 quia
2667 983 2945 1042 Waiferus
2992 1002 3024 1043 a
3071 986 3188 1045 suis
3231 988 3512 1046 malorum-

1919 1070 2166 1140 pertasis
2196 1070 2252 1126 in
2279 1073 2510 1144 gratiam
2532 1074 2712 1147 Pipini
2739 1077 3060 1147 perimitur;
3087 1088 3144 1135 et
3183 1095 3298 1136 non
3328 1083 3504 1139 multa

1919 1169 2045 1229 post
2071 1159 2302 1232 Pipinus
2322 1166 2575 1224 moritur.
2609 1167 2862 1236 Karolus,
2889 1171 3034 1227 ﬁlius
3055 1170 3209 1241 ejus,
3236 1187 3338 1244 pro
3355 1171 3503 1243 .feli-

1919 1252 2102 1308 citatis
2136 1256 2516 1326 magnitudine
2549 1261 2941 1331 agnominatus
2964 1262 3218 1335 Magnus,
3248 1279 3501 1336 compar—

1919 1343 2022 1399 tito
2058 1360 2186 1401 cum
2213 1345 2381 1406 fratre
2407 1367 2508 1408 suo
2533 1351 2904 1411 Karlomanno
2934 1370 3104 1427 regno
3124 1395 3140 1422 ,
3167 1364 3360 1428 regnat
3376 1367 3511 1427 post»

1917 1457 2042 1500 eum
2073 1443 2236 1502 annis
2261 1444 2353 1499 Π.
2406 1443 2495 1514 (G.
2525 1446 2698 1517 pont.)
2741 1445 3110 1504 Constantino
3148 1448 3499 1522 pseudopapa

1916 1552 2014 1606 per
2033 1537 2212 1593 zelum
2240 1536 2480 1594 ﬁdelium
2503 1537 2574 1594 ab
2599 1538 2848 1595 meclesia
2880 1537 3170 1597 deturbato
3215 1539 3500 1610 oculisque

1915 1629 2151 1699 privato,
2177 1621 2490 1700 Stephanus
2511 1629 2639 1686 89“!
2666 1629 2931 1687 Romanae
2949 1631 3214 1688 :ecclesiae
3235 1631 3492 1702 presidet.
3521 1673 3524 1676 μ

241 1697 290 1752 in
317 1696 477 1752 domo
521 1697 814 1766 cujusdam
855 1695 1052 1766 Judaei,
1085 1698 1160 1754 ibi
1207 1699 1452 1756 relictam
1499 1716 1530 1756 a
1573 1701 1810 1773 quodam

243 1788 518 1812 -L-L.n:-_.‘
609 1789 695 1812 ..-.2
731 1789 803 1812 IL:
848 1799 1124 1812 _.-_--_-n
1189 1806 1300 1812 ΑΔ...
1335 1791 1594 1812 Βηθημξ---
1648 1793 1770 1812 1----

1916 1695 2018 1776 llic
2043 1695 2158 1782 tam
2190 1736 2222 1775 a
2255 1695 2432 1780 Callia
2461 1736 2630 1791 quam
2653 1721 2724 1776 ab
2753 1721 2905 1778 Italia
2927 1695 3312 1794 episcoporum
3342 1723 3496 1780 sino-

237 1788 522 1844 christiano
545 1830 564 1855 ,
604 1789 700 1858 qui
731 1789 806 1884 ibi
848 1799 1156 1884 manserat,
1184 1806 1306 1846 eam
1335 1791 1601 1884 injuriose
1637 1793 1809 1863 depo-
1841 1788 1888 1812 ”
1913 1813 2046 1868 dum
2092 1811 2282 1868 Rom
2315 1788 2612 1884 conv—csa;
2636 1854 2652 1881 ν
2694 1813 2751 1868 in
2781 1829 2890 1884 qua
2916 1788 3176 1870 cinnia'a
3219 1813 3497 1870 consul...

238 1887 469 1946 suerunt,
515 1889 575 1935 et
627 1880 814 1935 omnia
869 1883 1184 1952 opprobria,
1233 1898 1356 1954 quae
1387 1882 1562 1939 Judaei
1589 1883 1810 1940 Christo

237 1971 348 2027 Jesu
374 1971 700 2040 intulerunt,
739 1973 964 2045 imagini
987 1974 1119 2046 :ejus
1162 1973 1489 2041 inferebant,
1523 1975 1810 2032 illudenles

236 2064 297 2130 ei,
320 2065 370 2118 in
397 2063 601 2120 faciem
625 2073 1014 2135 conspuentes,
1042 2081 1164 2121 eam
1194 2055 1583 2136 percutientes,
1617 2067 1807 2123 crimi-

237 2171 355 2210 nose
379 2156 767 2224 convitiantes,
806 2172 1005 2212 manus
1036 2167 1092 2212 et
1129 2156 1292 2226 pedes
1323 2157 1444 2227 ejus
1478 2158 1646 2214 clavis
1676 2173 1810 2214 con-

236 2247 462 2315 ligentes,
495 2255 719 2302 acetum
756 2255 811 2302 et
849 2245 922 2302 fel
955 2247 1006 2301 ei
1041 2247 1411 2320 porrigentes;
1445 2248 1665 2304 tandem
1692 2250 1811 2304 lan-

235 2353 318 2390 cea
340 2337 503 2394 latere
529 2339 655 2409 cjus
691 2348 901 2409 aperto,
928 2339 1097 2395 exivit
1123 2340 1190 2395 de
1223 2356 1290 2396 eo
1321 2341 1546 2413 sanguis
1566 2350 1620 2397 et
1642 2357 1804 2412 aqua.

236 2426 373 2494 Quod
397 2429 473 2483 illi
503 2430 796 2500 supposita
848 2432 1088 2502 ampulla
1128 2433 1515 2504 suscipientes,
1555 2433 1625 2490 ad
1646 2449 1809 2504 expe-

237 2523 528 2590 rimentum,
571 2535 755 2579 utrum
784 2524 991 2581 fuerint
1011 2541 1141 2582 vera
1164 2527 1450 2595 miracula,
1475 2541 1598 2597 qua:
1619 2524 1808 2582 Iesum

1911 1904 2029 1960 tino
2056 1904 2308 1960 ordinata
2336 1904 2628 1960 exordinat
2652 1914 2832 1975 preter
2861 1906 3198 1976 baptismum
3236 1913 3293 1962 et
3320 1906 3500 1966 chris-

1912 2010 2037 2055 ma:
2075 1995 2404 2052 decernente
2427 1995 2656 2064 sinodo,
2683 2005 2746 2052 ut
2781 1997 3025 2067 episcopi
3070 1997 3140 2052 ab
3180 1997 3271 2052 illo
3301 2010 3497 2054 conse-

1910 2086 2046 2142 crati
2090 2085 2158 2142 ad
2200 2086 2428 2157 gradum
2449 2127 2466 2154 ,
2511 2103 2676 2158 quem
2703 2096 2830 2144 ante
2857 2088 3000 2144 hanc
3021 2087 3494 2146 consecrationem

1910 2177 2215 2244 habebant,
2245 2177 2508 2244 redirent,
2541 2187 2595 2234 et
2616 2179 2664 2235 si
2692 2179 2841 2250 digni
2868 2178 3268 2249 judicarentur,
3293 2178 3492 2234 iterum

1909 2269 2066 2325 electi
2115 2269 2315 2326 iterum
2369 2279 2855 2336 consecrarentur;
2915 2270 3204 2340 presbiteri
3253 2284 3382 2326 vero
3428 2284 3502 2324 ac}

1908 2361 2125 2416 diaconi
2179 2361 2250 2417 ab
2293 2361 2390 2416 illo
2440 2361 2746 2417 consecrati
2805 2361 3057 2419 similiter
3114 2361 3183 2416 ad
3251 2361 3492 2431 priorem

1909 2450 2137 2522 gradum
2180 2451 2454 2517 redirent;
2507 2459 2563 2506 et
2613 2451 2718 2521 ipsi
2757 2451 2806 2506 si
2847 2440 3007 2520 digni
3043 2458 3256 2518 essent,
3293 2450 3500 2507 iterum

1908 2542 2131 2613 quidem
2169 2551 2650 2610 consecrarentur,
2704 2543 2802 2600 sed
2847 2544 2915 2598 ad
2962 2543 3216 2598 altiorem
3261 2543 3494 2614 gradum

238 2611 411 2670 fecisse
443 2614 778 2684 audierunt,
823 2633 1016 2673 omnes
1039 2617 1288 2674 infirmos
1318 2619 1373 2673 in
1397 2633 1671 2691 synagoga
1706 2633 1807 2673 sua

236 2705 467 2761 collectos
486 2707 602 2761 hoc
624 2707 893 2778 sanguine
918 2708 1317 2779 aspergebant;
1356 2716 1412 2763 et
1457 2724 1488 2762 a
1538 2723 1808 2778 quocum-

1906 2636 1991 2691 vel
2025 2635 2274 2692 ordinem
2317 2653 2621 2708 numquam
2658 2636 3052 2702 ascenderem;
3100 2634 3227 2690 laici
3256 2650 3386 2691 vero
3424 2636 3494 2690 ab

1906 2727 2001 2784 illo
2035 2729 2090 2782 in
2118 2728 2380 2786 diaconos
2407 2731 2496 2786 vel
2519 2729 2854 2800 presbiteros
2881 2728 3120 2784 ordinati
3155 2729 3384 2786 omnino
3403 2729 3494 2786 de-

234 2812 332 2894 (ξυεξ
349 2797 1054 2894 ιίξηξυονομάθῑίηθδίιιηυνι
1083 2815 1280 2894 om???
1307 2799 1667 2894 δθξκὼθοῑιξνξ
1691 2797 1807 2894 ΠΨ·
1907 2819 2270 2891 gradarentur
2290 2861 2306 2889 ,
2336 2829 2393 2877 et
2436 2822 2492 2876 in
2520 2797 2782 2894 religioso
2818 2820 3008 2876 habitu
3056 2829 3498 2891 perseverarent.

235 2890 293 2946 de
308 2888 467 2945 Juda-i
491 2891 724 2974 tandem
747 2893 1084 2962 compuncti,
1111 2892 1179 2947 ad
1201 2891 1543 2948 Adeodatum
1567 2892 1805 2948 civitatis
1908 2888 2323 2970 venerationem
2359 2913 2524 2969 etiam
2569 2888 2885 2971 “Imm-um
2936 2888 3238 2982 imaginum
3293 2911 3492 2968 conﬁr-

234 2982 526 3052 episcopum
564 2998 757 3039 omnes
780 2992 1176 3052 θυουτΐθνυοῑν
1212 2984 1373 3055 eique
1418 2998 1480 3074 fe
1522 2993 1801 3049 θηίλπθῑθν
1905 3011 2039 3071 mat,
2082 3017 2384 3074 earumque
2422 3002 2804 3074 profanatares
2836 3003 3284 3060 anathematizat.
3344 3001 3490 3058 Con-

236 3074 502 3178 ίωίξῧίιιθῐξὶ
540 3091 671 3130 cum
712 3075 982 3178 sanguine
1010 3074 1060 3131 εί
1089 3074 1375 3131 dederunt
1400 3073 1612 3178 ἓυίδυξ
1629 3075 1803 3178 Ῑξθβιί·
1825 3113 1875 3178 c
1905 3094 2085 3151 stituit
2106 3073 2302 3163 etiam,
2345 3104 2405 3152 ut
2425 3073 2486 3150 in
2517 3095 2667 3151 omni
2711 3095 2799 3153 die
2827 3093 3107 3152 dominico
3155 3094 3222 3150 ad
3262 3092 3490 3152 missam

235 3165 372 3234 zatis,
401 3167 698 3237 episcopus
731 3165 1056 3238 sanguinem
1099 3182 1198 3238 per
1248 3167 1516 3237 ampullas
1561 3166 1800 3222 divisum
1830 3165 1874 3178 “’
1906 3186 2095 3242 Gloria
2123 3188 2181 3242 ίη
2207 3187 2430 3242 eum“
2456 3186 2563 3242 οεο
2591 3195 2839 3244 canatur.

234 3257 628 3330 longelateque
680 3257 944 3329 dirigens,
996 3257 1315 3330 predicabat
1353 3257 1624 3329 magnalia
1667 3257 1796 3325 Dei;
1976 3278 2097 3334 769.
2246 3278 2338 3334 23_
2491 3278 2579 3334 η,
2763 3279 2816 3334 ι,
2963 3278 3050 3333 ιδ,
3249 3278 3304 3331 6,

234 3351 510 3408 obtestatus
536 3365 758 3418 omnes,
784 3361 843 3406 ut
875 3351 1107 3423 singulis
1137 3349 1298 3406 annis
1328 3349 1382 3405 5.
1415 3347 1543 3406 Idus
1566 3348 1800 3405 Novem-

1973 3369 2148 3440 (Mett.
2177 3369 2429 3441 [Laur.])
2463 3368 2714 3426 Hunaldo
2739 3369 3088 3424 rebellionem
3116 3369 3172 3423 in
3195 3367 3498 3438 Aquitania.

236 3439 332 3531 ljf'is
373 3441 682 3531 (ἓθιεδνθιυτ
726 3440 913 3512 Passio
956 3441 1247 3497 dominica?
1285 3437 1541 3512 imaginis
1578 3438 1684 3512 (δίο
1728 3440 1794 3494 Α·
1901 3437 2216 3526 meditante,
2265 3437 2501 3515 Karolus
2548 3459 2905 3531 Aquitaniam
2961 3460 3140 3529 petit,"
3186 3437 3489 3530 omnesque

235 3526 424 3622 X‘Y‘E)‘
568 3621 581 3622 ,
843 3621 854 3622 ί
1327 3621 1331 3622 ν
1899 3552 2204 3622 Aquitanos
2232 3561 2286 3607 et
2311 3526 2697 3608 Wascones—in
2721 3526 3055 3608 deditionem
3098 3526 3318 3621 accipit.
3365 3526 3484 3606 llu-

479 3711 488 3715 Δ
537 3621 650 3715 35-
807 3621 888 3715 _9-
950 3714 956 3715 γ
1042 3622 1128 3677 16·
1279 3621 1386 3715 ‘0;
1563 3623 1616 3678 δ·
1900 3618 2145 3711 naldum,
2177 3643 2272 3714 qui
2299 3643 2371 3699 ad
2406 3643 2624 3714 Lupum
2658 3642 2997 3700 Wasconum
3027 3618 3492 3715 ducem—fugerat,

294 3708 1244 3807 ("JHCon§lafninu§inlpcmmr
1265 3713 1635 3807 euhbdanas
1660 3715 1798 3770 ami“
1899 3752 1930 3791 a
1982 3708 2140 3807 Lupo
2195 3708 2302 3793 sibi
2356 3708 2510 3792 eum-
2543 3751 2716 3792 uxore
2768 3735 3061 3792 remissum
3114 3708 3377 3802 abducit;
3432 3708 3492 3789 et

235 3815 310 3856 tas
341 3803 450 3873 pari
477 3804 709 3860 vesania
741 3803 796 3858 in
832 3805 1172 3862 orthodoxos
1223 3806 1530 3875 deseviunt,
1567 3807 1798 3862 multos-
1899 3828 1982 3884 δία
2068 3803 2462 3898 Aquitanica“,
2535 3827 2738 3882 bellum
2793 3827 2933 3881 ﬁnit.
3006 3824 3322 3881 ῃεείιιειιίυε
3388 3838 3488 3880 τοι

235 3908 324 3962 quc
349 3910 530 3950 eorum
574 3911 674 3966 pro
704 3895 928 3952 Christo
959 3898 1256 3967 perimunt.
1294 3898 1695 3954 Constantinus
1721 3899 1799 3952 in-
1899 3895 2386 3996 Langobérdomm
2443 3923 2548 3978 sub
2601 3930 2829 3992 optem“
2875 3918 3070 3976 orandi
3115 3917 3347 3974 Romam
3397 3917 3484 3972 in-

236 3999 377 4056 super
400 4002 539 4060 :egre
570 3986 751 4044 ferens
781 3989 1011 4061 gloriam
1039 3998 1358 4046 sanctorum
1397 3991 1681 4047 miraculis
1711 4005 1799 4046 co-

1910 3986 2122 4086 gressus
2147 4056 2164 4082 ,
2225 4015 2440 4086 aliquos
2522 4013 2788 4070 nobilium
2857 4011 3235 4068 Romanorum
3293 4017 3492 4080 captas

243 4079 564 4136 ruscantium
589 4123 604 4148 ,
636 4081 802 4136 etiam
844 4081 1056 4152 lipsana
1078 4097 1267 4138 eorum
1297 4083 1500 4154 ubique
1539 4082 1695 4153 jubet
1718 4081 1800 4137 ef-
1899 4079 2200 4162 ἐκδρομὴ,

247 4165 346 4225 fodi
377 4179 430 4227 et
455 4171 658 4243 jactari
687 4171 741 4226 in
779 4171 1129 4243 profundum.
1190 4171 1248 4228 ln
1286 4165 1574 4244 praesentia
1620 4173 1794 4244 Pipiui
1969 4197 2094 4252 770_
2244 4197 2336 4252 99.
2490 4197 2577 4252 ιδ,
2759 4196 2814 4250 ρ,
2967 4194 3056 4249 η,
3254 4194 3304 4246 7,
3367 4185 3381 4201 ⁶

247 4262 374 4335 regis
408 4262 552 4320 inter
579 4261 784 4320 Grecos
823 4272 877 4321 et
905 4262 1185 4320 Romanos
1234 4265 1539 4322 celebratur
1566 4264 1797 4322 sinodus
1970 4290 2070 4362 (Η.
2103 4291 2201 4362 ΐη.)
2231 4290 2628 4346 Constantinus
2674 4290 2972 4358 imperator
3017 4286 3244 4342 οιηηίηο
3293 4301 3324 4340 a
3374 4283 3490 4339 Deo

238 4360 296 4416 de
315 4371 490 4418 saneta
515 4361 788 4418 Trinitate
815 4369 871 4418 et
891 4370 1208 4418 sanctorum
1233 4363 1585 4436 imaginibus.
1613 4362 1794 4435 (Cant.
1901 4360 2128 4440 aversus
2151 4360 2189 4451 ,⁷
2214 4382 2397 4438 virum
2438 4390 2686 4439 sanctum
2721 4379 3060 4448 Stephanum
3086 4392 3185 4448 per
3210 4374 3282 4432 60
3300 4392 3488 4436 annos

238 4449 403 4525 Fred.)
432 4454 664 4526 Pipinus
694 4470 790 4510 rex
831 4453 1233 4511 Remistanium
1268 4455 1493 4512 fratrem
1531 4455 1792 4524 Eudonis,
1827 4461 1872 4519 D
1900 4449 2198 4539 inclusum,
2261 4473 2427 4530 etiam
2489 4469 2788 4542 gentilibus
2818 4467 3201 4523 'reverendum
3227 4507 3244 4532 ,
3295 4481 3490 4521 amara

236 4561 465 4622 patruum
489 4553 718 4611 tscilicet
745 4551 1007 4621 Waiferi,
1039 4553 1132 4625 qui
1159 4568 1191 4609 a
1217 4551 1461 4608 Waifero
1486 4553 1554 4607 ad
1588 4569 1648 4608 se
1675 4563 1729 4608 et
1762 4571 1794 4609 a
1899 4574 2078 4621 ωσι-ιθ
2130 4563 2523 4636 many-iuvit,
2580 4561 2784 4618 omnes
2831 4559 2936 4615 sibi
2986 4557 3266 4628 subjectos
3293 4556 3486 4626 iurare

237 4646 373 4702 sead
400 4645 707 4703 Waiferum
763 4644 1168 4718 transfugerat,
1215 4653 1438 4716 captum
1489 4661 1523 4700 a
1578 4645 1696 4700 suis
1735 4645 1794 4700 in

1910 4655 2076 4726 :oegit
2113 4669 2279 4724 super
2304 4662 2510 4710 sanctae
2535 4652 2720 4708 crucis
2743 4651 2953 4720 lignum
2977 4689 2992 4714 ,
3027 4663 3096 4703 ne
3117 4648 3358 4718 aliquam
3383 4646 3480 4702 Dei

234 4734 359 4794 bello
384 4738 668 4810 suspendit
692 4738 748 4792 in
776 4737 1038 4808 patibulo.
1073 4735 1207 4808 (ιθ.)
1244 4735 1358 4794 Rex
1392 4734 1792 4793 Saracenorum
1897 4736 2320 4815 sanctorumque
2344 4743 2464 4815 ejus
2494 4742 2786 4814 imaginem
2812 4748 3226 4806 venerarentur.
3255 4738 3364 4795 Eos
3387 4738 3484 4809 qui

238 4828 587 4900 Amymonen
618 4831 688 4886 ab
715 4828 991 4902 Hyspauia
1019 4828 1208 4885 missis
1230 4828 1445 4900 legatis,
1469 4836 1526 4884 et
1549 4828 1794 4884 muneri-
1897 4839 1992 4897 Dei
2017 4821 2335 4910 genitricem
2365 4835 2714 4902 invocabant,
2741 4848 2838 4898 eos
2858 4832 2954 4903 qui
2973 4831 3190 4903 vigilias
3215 4830 3327 4887 Deo
3349 4846 3477 4900 age-

1897 4929 2051 4997 bant,
2077 4944 2176 4987 eos
2211 4927 2309 5000 qui
2331 4926 2599 4984 aecclesiis
2645 4925 2854 4983 assueti
2907 4923 3164 4996 religiose
3189 4923 3492 4988 vivebant“,

1897 5036 1992 5076 eos
2037 5019 2132 5091 qui
2160 5035 2194 5074 a
2219 5017 2555 5089 iuramentis
2587 5025 2642 5072 et
2682 5013 3052 5070 immunditiis
3106 5011 3483 5078 abstinebant,

1896 5127 1992 5173 eos
2030 5110 2128 5182 qui
2178 5109 2442 5181 reliquias
2491 5116 2809 5166 sanctorum
2841 5121 3012 5178 penes
3063 5121 3130 5180 se,
3179 5105 3482 5165 habebant,

1897 5203 2002 5260 hos
2039 5209 2096 5259 et
2139 5198 2456 5272 hujusmodi
2508 5197 2814 5266 damnans,
2844 5195 3193 5270 patrimoniis
3235 5191 3486 5266 privabat

1895 5305 1953 5354 et
1995 5295 2254 5354 omnibus
2314 5291 2494 5350 modis
2552 5291 2876 5360 cruciabat;
2943 5289 3040 5361 qui
3086 5284 3485 5354 reverentior-es
3557 5346 3575 5363 ι

1895 5396 2058 5445 erant
2082 5427 2098 5455 ,
2134 5400 2327 5443 eorum
2356 5383 2544 5440 barbis
2569 5397 2697 5440 cera
2730 5389 2786 5438 et
2811 5381 2932 5454 pice
2953 5379 3126 5448 illitis,
3161 5392 3258 5432 eos
3283 5374 3479 5430 ambu-

239 5463 405 5527 Roma:
442 5471 614 5530 Paulo
661 5489 800 5547 papa
847 5483 1086 5543 mortuo,
1137 5473 1533 5533 Constantinus
1572 5478 1795 5549 quidam
1897 5480 2095 5545 rebat;
2135 5477 2439 5533 monachos
2487 5483 2548 5530 ut
2595 5489 2817 5541 uxores,
2872 5471 3173 5528 monachas
3220 5476 3284 5523 ut
3331 5466 3489 5522 viros

239 5558 402 5619 subito
429 5565 712 5624 ordinatus
737 5566 998 5624 sacerdos
1029 5582 1096 5622 ex
1117 5567 1285 5636 laico,
1313 5568 1596 5640 tyrannica
1622 5572 1796 5629 ambi-
1899 5572 2184 5638 ducerent,
2217 5567 2464 5641 cogebat.
2499 5565 2656 5634 Quod
2682 5563 2839 5622 multi
2864 5565 3121 5630 vitantes,
3145 5557 3478 5631 martyrium.

1489 5683 1717 5746 VARUE
1754 5687 2044 5748 LECTION
2053 5687 2154 5743 ES.

236 4918 324 4976 bus
343 4922 480 4979 datis
505 4932 562 4979 et
581 4922 842 4994 acceptis,
867 4921 1086 4979 allectat
1119 4921 1354 4994 gratiam
1394 4929 1451 4978 et
1493 4920 1793 4979 amicitiam

236 5008 391 5082 Pipiui
418 5014 585 5086 regis.

294 5103 408 5160 767.
549 5105 642 5161 26.
792 5104 882 5162 10.
1031 5104 1120 5162 l7.
1267 5105 1294 5160 1
1310 5105 1356 5162 Ι.
1556 5107 1611 5162 ι.

295 5195 579 5270 (Lamiam)
603 5197 833 5270 Pipinus
866 5198 1062 5255 ultimo
1082 5197 1409 5255 exterminio
1441 5198 1793 5272 Aquitaniam

237 5289 419 5358 atterit,
466 5291 774 5348 Sanctonas
807 5293 974 5364 capit,
1019 5291 1207 5363 ibique
1250 5289 1480 5348 Waiferi
1538 5288 1790 5362 matrem,

238 5391 434 5438 sorores
453 5391 510 5438 et
537 5391 724 5454 neptes
769 5393 961 5455 captas
988 5399 1179 5441 secum
1208 5381 1450 5440 abducit.
1493 5383 1584 5456 (ϐ.
1620 5388 1793 5458 pont.)

299 5743 357 5780 ¹⁴¹
385 5751 532 5807 addit
583 5753 694 5823 ιδ.;
730 5753 844 5810 rell.
876 5752 1154 5826 prwtcrA.
