  <div class='ocr_page' id='page_1' title='image "/cluster/home/n/w/nwhite01/storage/ocr_20150623/160/hvd.32044015473846/079.png"; bbox 0 0 4046 6318; ppageno 0'>
   <div class='ocr_carea' id='block_1_1' title="bbox 485 298 593 355">
    <p class='ocr_par' dir='ltr' id='par_1_1' title="bbox 485 298 593 355">
     <span class='ocr_line' id='line_1_1' title="bbox 485 298 593 355; baseline -0.028 0"><span class='ocrx_word' id='word_1_1' title='bbox 485 298 593 355; x_wconf 65' lang='grc'><strong>147</strong></span> 
     </span>
    </p>
   </div>
   <div class='ocr_carea' id='block_1_2' title="bbox 1658 297 2599 384">
    <p class='ocr_par' dir='ltr' id='par_1_2' title="bbox 1658 297 2599 384">
     <span class='ocr_line' id='line_1_2' title="bbox 1658 297 2599 384; baseline 0.001 -30"><span class='ocrx_word' id='word_1_2' title='bbox 1658 299 2019 356; x_wconf 81' lang='lat' dir='ltr'><strong>SlGEBERTI</strong></span> <span class='ocrx_word' id='word_1_3' title='bbox 2054 297 2599 384; x_wconf 35' lang='lat' dir='ltr'><strong>GEMBLACENSIS&#39;</strong></span> 
     </span>
    </p>
   </div>
   <div class='ocr_carea' id='block_1_3' title="bbox 3636 304 3748 363">
    <p class='ocr_par' dir='ltr' id='par_1_3' title="bbox 3636 304 3748 363">
     <span class='ocr_line' id='line_1_3' title="bbox 3636 304 3748 363; baseline 0.036 -4"><span class='ocrx_word' id='word_1_4' title='bbox 3636 304 3748 363; x_wconf 72' lang='lat' dir='ltr'><strong>HS</strong></span> 
     </span>
    </p>
   </div>
   <div class='ocr_carea' id='block_1_4' title="bbox 486 404 3751 489">
    <p class='ocr_par' dir='ltr' id='par_1_4' title="bbox 486 404 3751 489">
     <span class='ocr_line' id='line_1_4' title="bbox 486 404 3751 489; baseline 0 -14"><span class='ocrx_word' id='word_1_5' title='bbox 486 409 823 475; x_wconf 83' lang='lat' dir='ltr'><strong>meruerunt.</strong></span> <span class='ocrx_word' id='word_1_6' title='bbox 855 416 966 474; x_wconf 89' lang='lat' dir='ltr'><strong>Nec</strong></span> <span class='ocrx_word' id='word_1_7' title='bbox 993 418 1096 475; x_wconf 86' lang='lat' dir='ltr'><strong>sub</strong></span> <span class='ocrx_word' id='word_1_8' title='bbox 1124 404 1358 489; x_wconf 82' lang='lat' dir='ltr'><strong>alicujus</strong></span> <span class='ocrx_word' id='word_1_9' title='bbox 1408 417 1626 489; x_wconf 74' lang='lat' dir='ltr'><strong>gentilis</strong></span> <span class='ocrx_word' id='word_1_10' title='bbox 1679 417 2063 487; x_wconf 82' lang='lat' dir='ltr'><strong>persecutione</strong></span> <span class='ocrx_word' id='word_1_11' title='bbox 2091 419 2138 480; x_wconf 76' lang='grc' dir='ltr'>Α</span> <span class='ocrx_word' id='word_1_12' title='bbox 2166 416 2479 475; x_wconf 88' lang='lat' dir='ltr'><strong>Desiderius</strong></span> <span class='ocrx_word' id='word_1_13' title='bbox 2502 432 2598 474; x_wconf 90' lang='lat' dir='ltr'><strong>rex</strong></span> <span class='ocrx_word' id='word_1_14' title='bbox 2630 431 2757 474; x_wconf 90' lang='lat' dir='ltr'><strong>cum</strong></span> <span class='ocrx_word' id='word_1_15' title='bbox 2783 430 2954 472; x_wconf 81' lang='lat' dir='ltr'><strong>uxore</strong></span> <span class='ocrx_word' id='word_1_16' title='bbox 2982 424 3035 472; x_wconf 90' lang='lat' dir='ltr'><strong>et</strong></span> <span class='ocrx_word' id='word_1_17' title='bbox 3060 414 3169 471; x_wconf 81' lang='lat' dir='ltr'><strong>ﬁlia</strong></span> <span class='ocrx_word' id='word_1_18' title='bbox 3207 423 3263 472; x_wconf 86' lang='lat' dir='ltr'><strong>et</strong></span> <span class='ocrx_word' id='word_1_19' title='bbox 3302 414 3516 473; x_wconf 85' lang='lat' dir='ltr'><strong>cunctis</strong></span> <span class='ocrx_word' id='word_1_20' title='bbox 3539 419 3751 489; x_wconf 82' lang='lat' dir='ltr'><strong>princi-</strong></span> 
     </span>
    </p>
   </div>
   <div class='ocr_carea' id='block_1_5' title="bbox 396 500 2065 583">
    <p class='ocr_par' dir='ltr' id='par_1_5' title="bbox 396 500 2065 583">
     <span class='ocr_line' id='line_1_5' title="bbox 396 500 2065 583; baseline -0.002 -16"><span class='ocrx_word' id='word_1_21' title='bbox 396 560 403 567; x_wconf 82' lang='lat'><strong>.</strong></span> <span class='ocrx_word' id='word_1_22' title='bbox 485 512 691 583; x_wconf 87' lang='lat' dir='ltr'><strong>plures,</strong></span> <span class='ocrx_word' id='word_1_23' title='bbox 719 524 885 582; x_wconf 81' lang='lat' dir='ltr'><strong>quam</strong></span> <span class='ocrx_word' id='word_1_24' title='bbox 910 510 1014 566; x_wconf 95' lang='lat' dir='ltr'><strong>sub</strong></span> <span class='ocrx_word' id='word_1_25' title='bbox 1041 510 1149 566; x_wconf 88' lang='lat' dir='ltr'><strong>hoc</strong></span> <span class='ocrx_word' id='word_1_26' title='bbox 1175 508 1515 581; x_wconf 85' lang='lat' dir='ltr'><strong>martyrizati</strong></span> <span class='ocrx_word' id='word_1_27' title='bbox 1539 517 1686 564; x_wconf 86' lang='lat' dir='ltr'><strong>sunt.</strong></span> <span class='ocrx_word' id='word_1_28' title='bbox 1741 500 2065 580; x_wconf 86' lang='lat' dir='ltr'><strong>Thelerigus</strong></span> 
     </span>
    </p>
   </div>
   <div class='ocr_carea' id='block_1_6' title="bbox 484 602 1194 676">
    <p class='ocr_par' dir='ltr' id='par_1_6' title="bbox 484 602 1194 676">
     <span class='ocr_line' id='line_1_6' title="bbox 484 602 1194 676; baseline -0.003 -17"><span class='ocrx_word' id='word_1_29' title='bbox 484 602 817 676; x_wconf 85' lang='lat' dir='ltr'><strong>Bulgaribus</strong></span> <span class='ocrx_word' id='word_1_30' title='bbox 856 602 1194 667; x_wconf 80' lang='lat' dir='ltr'><strong>dominatur.</strong></span> 
     </span>
    </p>
   </div>
   <div class='ocr_carea' id='block_1_7' title="bbox 559 686 1885 751">
    <p class='ocr_par' dir='ltr' id='par_1_7' title="bbox 559 686 1885 751">
     <span class='ocr_line' id='line_1_7' title="bbox 559 686 1885 751; baseline -0.003 -2"><span class='ocrx_word' id='word_1_31' title='bbox 559 694 683 751; x_wconf 86' lang='grc'><strong>771.</strong></span> <span class='ocrx_word' id='word_1_32' title='bbox 760 686 952 750; x_wconf 63' lang='lat' dir='ltr'><strong>R50.</strong></span> <span class='ocrx_word' id='word_1_33' title='bbox 1029 692 1203 750; x_wconf 70' lang='lat'><strong>$.14.</strong></span> <span class='ocrx_word' id='word_1_34' title='bbox 1277 693 1415 750; x_wconf 61' lang='grc' dir='ltr'><strong>ΕΞ.</strong></span> <span class='ocrx_word' id='word_1_35' title='bbox 1493 691 1669 749; x_wconf 72' lang='lat' dir='ltr'><strong>L.15.</strong></span> <span class='ocrx_word' id='word_1_36' title='bbox 1742 690 1885 746; x_wconf 91' lang='grc' dir='ltr'><strong>Β.1.</strong></span> 
     </span>
    </p>
   </div>
   <div class='ocr_carea' id='block_1_8' title="bbox 558 777 2061 857">
    <p class='ocr_par' dir='ltr' id='par_1_8' title="bbox 558 777 2061 857">
     <span class='ocr_line' id='line_1_8' title="bbox 558 777 2061 857; baseline -0.003 -19"><span class='ocrx_word' id='word_1_37' title='bbox 558 783 648 857; x_wconf 83' lang='grc' dir='ltr'><strong>(Α.</strong></span> <span class='ocrx_word' id='word_1_38' title='bbox 674 783 832 857; x_wconf 89' lang='lat' dir='ltr'><strong>Lob.)</strong></span> <span class='ocrx_word' id='word_1_39' title='bbox 857 780 1264 840; x_wconf 81' lang='lat' dir='ltr'><strong>Karlomannus</strong></span> <span class='ocrx_word' id='word_1_40' title='bbox 1298 798 1416 850; x_wconf 77' lang='lat' dir='ltr'><strong>rex,</strong></span> <span class='ocrx_word' id='word_1_41' title='bbox 1462 780 1609 854; x_wconf 89' lang='lat' dir='ltr'><strong>regis</strong></span> <span class='ocrx_word' id='word_1_42' title='bbox 1646 777 1835 835; x_wconf 82' lang='lat' dir='ltr'><strong>Karoli</strong></span> <span class='ocrx_word' id='word_1_43' title='bbox 1873 777 2061 846; x_wconf 87' lang='lat' dir='ltr'><strong>frater,</strong></span> 
     </span>
    </p>
   </div>
   <div class='ocr_carea' id='block_1_9' title="bbox 374 872 2117 964">
    <p class='ocr_par' dir='ltr' id='par_1_9' title="bbox 374 872 2117 964">
     <span class='ocr_line' id='line_1_9' title="bbox 374 872 2117 964; baseline -0.005 -30"><span class='ocrx_word' id='word_1_44' title='bbox 374 941 398 964; x_wconf 57' lang='lat'><em>.</em></span> <span class='ocrx_word' id='word_1_45' title='bbox 486 877 637 945; x_wconf 89' lang='lat' dir='ltr'><strong>obit;</strong></span> <span class='ocrx_word' id='word_1_46' title='bbox 665 892 797 948; x_wconf 88' lang='lat' dir='ltr'><strong>pars</strong></span> <span class='ocrx_word' id='word_1_47' title='bbox 818 876 974 949; x_wconf 90' lang='lat' dir='ltr'><strong>regni</strong></span> <span class='ocrx_word' id='word_1_48' title='bbox 1002 877 1125 948; x_wconf 87' lang='lat' dir='ltr'><strong>ejus</strong></span> <span class='ocrx_word' id='word_1_49' title='bbox 1145 874 1396 947; x_wconf 90' lang='lat' dir='ltr'><strong>partibus</strong></span> <span class='ocrx_word' id='word_1_50' title='bbox 1417 873 1603 930; x_wconf 81' lang='lat' dir='ltr'><strong>Karoli</strong></span> <span class='ocrx_word' id='word_1_51' title='bbox 1637 888 1698 964; x_wconf 89' lang='lat' dir='ltr'><strong>se</strong></span> <span class='ocrx_word' id='word_1_52' title='bbox 1723 872 1889 964; x_wconf 31' lang='lat' dir='ltr'><strong>*unit;</strong></span> <span class='ocrx_word' id='word_1_53' title='bbox 1924 886 2066 964; x_wconf 80' lang='lat' dir='ltr'><strong>uxor</strong></span> <span class='ocrx_word' id='word_1_54' title='bbox 2106 880 2117 887; x_wconf 82' lang='lat'><strong><em>‘</em></strong></span> 
     </span>
    </p>
   </div>
   <div class='ocr_carea' id='block_1_10' title="bbox 484 961 2067 1039">
    <p class='ocr_par' dir='ltr' id='par_1_10' title="bbox 484 961 2067 1039">
     <span class='ocr_line' id='line_1_10' title="bbox 484 961 2067 1039; baseline -0.005 -14"><span class='ocrx_word' id='word_1_55' title='bbox 484 968 607 1039; x_wconf 89' lang='lat' dir='ltr'><strong>ejus</strong></span> <span class='ocrx_word' id='word_1_56' title='bbox 637 982 765 1024; x_wconf 90' lang='lat' dir='ltr'><strong>cum</strong></span> <span class='ocrx_word' id='word_1_57' title='bbox 790 966 920 1023; x_wconf 84' lang='lat' dir='ltr'><strong>ﬁliis</strong></span> <span class='ocrx_word' id='word_1_58' title='bbox 948 975 1005 1022; x_wconf 93' lang='lat' dir='ltr'><strong>et</strong></span> <span class='ocrx_word' id='word_1_59' title='bbox 1032 965 1300 1022; x_wconf 86' lang='lat' dir='ltr'><strong>Authario</strong></span> <span class='ocrx_word' id='word_1_60' title='bbox 1343 965 1564 1021; x_wconf 89' lang='lat' dir='ltr'><strong>Franco</strong></span> <span class='ocrx_word' id='word_1_61' title='bbox 1603 963 1672 1019; x_wconf 91' lang='lat' dir='ltr'><strong>ad</strong></span> <span class='ocrx_word' id='word_1_62' title='bbox 1722 961 2067 1019; x_wconf 85' lang='lat' dir='ltr'><strong>Desiderium</strong></span> 
     </span>
    </p>
   </div>
   <div class='ocr_carea' id='block_1_11' title="bbox 486 1044 2067 1131">
    <p class='ocr_par' dir='ltr' id='par_1_11' title="bbox 486 1044 2067 1131">
     <span class='ocr_line' id='line_1_11' title="bbox 486 1044 2067 1131; baseline -0.004 -14"><span class='ocrx_word' id='word_1_63' title='bbox 486 1074 671 1131; x_wconf 88' lang='lat' dir='ltr'><strong>regem</strong></span> <span class='ocrx_word' id='word_1_64' title='bbox 704 1059 873 1117; x_wconf 72' lang='lat' dir='ltr'><strong>Italiae</strong></span> <span class='ocrx_word' id='word_1_65' title='bbox 904 1057 1167 1131; x_wconf 87' lang='lat' dir='ltr'><strong>confugit.</strong></span> <span class='ocrx_word' id='word_1_66' title='bbox 1182 1057 1466 1114; x_wconf 82' lang='lat' dir='ltr'><strong>Hunaldus</strong></span> <span class='ocrx_word' id='word_1_67' title='bbox 1492 1044 1933 1127; x_wconf 44' lang='lat' dir='ltr'><strong>dux&#39;Aquitaniae</strong></span> <span class='ocrx_word' id='word_1_68' title='bbox 1955 1054 2067 1110; x_wconf 88' lang='lat' dir='ltr'><strong>Ro-</strong></span> 
     </span>
    </p>
   </div>
   <div class='ocr_carea' id='block_1_12' title="bbox 487 1145 2063 1223">
    <p class='ocr_par' dir='ltr' id='par_1_12' title="bbox 487 1145 2063 1223">
     <span class='ocr_line' id='line_1_12' title="bbox 487 1145 2063 1223; baseline -0.003 -16"><span class='ocrx_word' id='word_1_69' title='bbox 487 1167 657 1220; x_wconf 87' lang='lat' dir='ltr'><strong>mam,</strong></span> <span class='ocrx_word' id='word_1_70' title='bbox 687 1151 845 1223; x_wconf 85' lang='lat' dir='ltr'><strong>quasi</strong></span> <span class='ocrx_word' id='word_1_71' title='bbox 874 1151 950 1207; x_wconf 87' lang='lat' dir='ltr'><strong>ibi</strong></span> <span class='ocrx_word' id='word_1_72' title='bbox 977 1158 1447 1222; x_wconf 87' lang='lat' dir='ltr'><strong>perseveraturus,</strong></span> <span class='ocrx_word' id='word_1_73' title='bbox 1484 1148 1662 1217; x_wconf 89' lang='lat' dir='ltr'><strong>venit;</strong></span> <span class='ocrx_word' id='word_1_74' title='bbox 1694 1147 1790 1219; x_wconf 87' lang='lat' dir='ltr'><strong>qui</strong></span> <span class='ocrx_word' id='word_1_75' title='bbox 1818 1147 1887 1203; x_wconf 91' lang='lat' dir='ltr'><strong>ad</strong></span> <span class='ocrx_word' id='word_1_76' title='bbox 1916 1145 2063 1202; x_wconf 89' lang='lat' dir='ltr'><strong>Lan-</strong></span> 
     </span>
    </p>
   </div>
   <div class='ocr_carea' id='block_1_13' title="bbox 487 1239 2068 1316">
    <p class='ocr_par' dir='ltr' id='par_1_13' title="bbox 487 1239 2068 1316">
     <span class='ocr_line' id='line_1_13' title="bbox 487 1239 2068 1316; baseline -0.004 -17"><span class='ocrx_word' id='word_1_77' title='bbox 487 1243 760 1316; x_wconf 86' lang='lat' dir='ltr'><strong>gobardos</strong></span> <span class='ocrx_word' id='word_1_78' title='bbox 783 1241 1001 1315; x_wconf 87' lang='lat' dir='ltr'><strong>fugiens</strong></span> <span class='ocrx_word' id='word_1_79' title='bbox 1022 1242 1373 1314; x_wconf 82' lang='lat' dir='ltr'><strong>apostatavit,</strong></span> <span class='ocrx_word' id='word_1_80' title='bbox 1397 1240 1581 1311; x_wconf 84' lang='lat' dir='ltr'><strong>ibique</strong></span> <span class='ocrx_word' id='word_1_81' title='bbox 1607 1255 1719 1296; x_wconf 89' lang='lat' dir='ltr'><strong>non</strong></span> <span class='ocrx_word' id='word_1_82' title='bbox 1741 1239 1914 1295; x_wconf 90' lang='lat' dir='ltr'><strong>multo</strong></span> <span class='ocrx_word' id='word_1_83' title='bbox 1943 1246 2068 1309; x_wconf 86' lang='lat' dir='ltr'><strong>post</strong></span> 
     </span>
    </p>
   </div>
   <div class='ocr_carea' id='block_1_14' title="bbox 486 1331 2066 1406">
    <p class='ocr_par' dir='ltr' id='par_1_14' title="bbox 486 1331 2066 1406">
     <span class='ocr_line' id='line_1_14' title="bbox 486 1331 2066 1406; baseline -0.003 -16"><span class='ocrx_word' id='word_1_84' title='bbox 486 1335 762 1406; x_wconf 80' lang='lat' dir='ltr'><strong>lapidibus</strong></span> <span class='ocrx_word' id='word_1_85' title='bbox 783 1334 1016 1391; x_wconf 88' lang='lat' dir='ltr'><strong>obrutus</strong></span> <span class='ocrx_word' id='word_1_86' title='bbox 1037 1334 1180 1390; x_wconf 88' lang='lat' dir='ltr'><strong>male</strong></span> <span class='ocrx_word' id='word_1_87' title='bbox 1204 1334 1388 1405; x_wconf 89' lang='lat' dir='ltr'><strong>periit.</strong></span> <span class='ocrx_word' id='word_1_88' title='bbox 1412 1332 1511 1405; x_wconf 82' lang='grc' dir='ltr'><strong>(Η.</strong></span> <span class='ocrx_word' id='word_1_89' title='bbox 1544 1332 1643 1405; x_wconf 84' lang='lat' dir='ltr'><strong>m.)</strong></span> <span class='ocrx_word' id='word_1_90' title='bbox 1669 1331 2066 1388; x_wconf 80' lang='lat' dir='ltr'><strong>Constantinus</strong></span> 
     </span>
    </p>
   </div>
   <div class='ocr_carea' id='block_1_15' title="bbox 485 1424 2062 1499">
    <p class='ocr_par' dir='ltr' id='par_1_15' title="bbox 485 1424 2062 1499">
     <span class='ocr_line' id='line_1_15' title="bbox 485 1424 2062 1499; baseline -0.002 -18"><span class='ocrx_word' id='word_1_91' title='bbox 485 1426 787 1499; x_wconf 82' lang='lat' dir='ltr'><strong>imperator</strong></span> <span class='ocrx_word' id='word_1_92' title='bbox 806 1435 998 1484; x_wconf 88' lang='lat' dir='ltr'><strong>contra</strong></span> <span class='ocrx_word' id='word_1_93' title='bbox 1022 1425 1285 1498; x_wconf 83' lang='lat' dir='ltr'><strong>Bulgares</strong></span> <span class='ocrx_word' id='word_1_94' title='bbox 1307 1425 1485 1481; x_wconf 84' lang='lat' dir='ltr'><strong>navali</strong></span> <span class='ocrx_word' id='word_1_95' title='bbox 1510 1424 1682 1495; x_wconf 85' lang='lat' dir='ltr'><strong>prelie</strong></span> <span class='ocrx_word' id='word_1_96' title='bbox 1698 1431 2062 1495; x_wconf 79' lang='lat' dir='ltr'><strong>pugnaturus,</strong></span> 
     </span>
    </p>
   </div>
   <div class='ocr_carea' id='block_1_16' title="bbox 484 1514 2069 1587">
    <p class='ocr_par' dir='ltr' id='par_1_16' title="bbox 484 1514 2069 1587">
     <span class='ocr_line' id='line_1_16' title="bbox 484 1514 2069 1587; baseline -0.003 -14"><span class='ocrx_word' id='word_1_97' title='bbox 484 1519 723 1576; x_wconf 86' lang='lat' dir='ltr'><strong>navibus</strong></span> <span class='ocrx_word' id='word_1_98' title='bbox 751 1518 870 1576; x_wconf 90' lang='lat' dir='ltr'><strong>suis</strong></span> <span class='ocrx_word' id='word_1_99' title='bbox 904 1517 1019 1575; x_wconf 84' lang='lat' dir='ltr'><strong>fere</strong></span> <span class='ocrx_word' id='word_1_100' title='bbox 1045 1518 1263 1574; x_wconf 87' lang='lat' dir='ltr'><strong>duabus</strong></span> <span class='ocrx_word' id='word_1_101' title='bbox 1287 1517 1513 1573; x_wconf 85' lang='lat' dir='ltr'><strong>milibus</strong></span> <span class='ocrx_word' id='word_1_102' title='bbox 1538 1517 1748 1587; x_wconf 85' lang='lat' dir='ltr'><strong>impetu</strong></span> <span class='ocrx_word' id='word_1_103' title='bbox 1791 1514 2069 1586; x_wconf 79' lang='lat' dir='ltr'><strong>aquilonis</strong></span> 
     </span>
    </p>
   </div>
   <div class='ocr_carea' id='block_1_17' title="bbox 484 1607 1759 1689">
    <p class='ocr_par' dir='ltr' id='par_1_17' title="bbox 484 1607 1759 1689">
     <span class='ocr_line' id='line_1_17' title="bbox 484 1607 1759 1689; baseline -0.006 -21"><span class='ocrx_word' id='word_1_104' title='bbox 484 1610 760 1679; x_wconf 85' lang='lat' dir='ltr'><strong>contritis,</strong></span> <span class='ocrx_word' id='word_1_105' title='bbox 786 1608 963 1666; x_wconf 88' lang='lat' dir='ltr'><strong>totum</strong></span> <span class='ocrx_word' id='word_1_106' title='bbox 986 1623 1141 1681; x_wconf 68' lang='lat' dir='ltr'><strong>paene</strong></span> <span class='ocrx_word' id='word_1_107' title='bbox 1176 1607 1364 1679; x_wconf 88' lang='lat' dir='ltr'><strong>amisit</strong></span> <span class='ocrx_word' id='word_1_108' title='bbox 1383 1607 1709 1663; x_wconf 82' lang='lat' dir='ltr'><strong>exercitum.</strong></span> <span class='ocrx_word' id='word_1_109' title='bbox 1750 1683 1759 1689; x_wconf 25' lang='grc' dir='ltr'><strong><em>μ</em></strong></span> 
     </span>
    </p>
   </div>
   <div class='ocr_carea' id='block_1_18' title="bbox 555 1702 1908 1760">
    <p class='ocr_par' dir='ltr' id='par_1_18' title="bbox 555 1702 1908 1760">
     <span class='ocr_line' id='line_1_18' title="bbox 555 1702 1908 1760; baseline -0.001 -2"><span class='ocrx_word' id='word_1_110' title='bbox 555 1704 680 1759; x_wconf 70' lang='grc'><strong>779.</strong></span> <span class='ocrx_word' id='word_1_111' title='bbox 863 1704 953 1759; x_wconf 74' lang='grc'><strong>51.</strong></span> <span class='ocrx_word' id='word_1_112' title='bbox 1105 1704 1194 1759; x_wconf 78' lang='grc'><strong>1-5.</strong></span> <span class='ocrx_word' id='word_1_113' title='bbox 1375 1705 1430 1760; x_wconf 68' lang='lat'><strong>4&#39;.</strong></span> <span class='ocrx_word' id='word_1_114' title='bbox 1580 1702 1668 1758; x_wconf 83' lang='grc'><strong>16.</strong></span> <span class='ocrx_word' id='word_1_115' title='bbox 1851 1703 1908 1757; x_wconf 67' lang='lat'><strong>2.</strong></span> 
     </span>
    </p>
   </div>
   <div class='ocr_carea' id='block_1_19' title="bbox 556 1793 2066 1867">
    <p class='ocr_par' dir='ltr' id='par_1_19' title="bbox 556 1793 2066 1867">
     <span class='ocr_line' id='line_1_19' title="bbox 556 1793 2066 1867; baseline -0.001 -16"><span class='ocrx_word' id='word_1_116' title='bbox 556 1794 646 1866; x_wconf 72' lang='grc' dir='ltr'><strong>(ϐ.</strong></span> <span class='ocrx_word' id='word_1_117' title='bbox 675 1795 1143 1867; x_wconf 73' lang='lat' dir='ltr'><strong>pont.)Adrianus</strong></span> <span class='ocrx_word' id='word_1_118' title='bbox 1169 1795 1298 1850; x_wconf 68' lang='lat' dir='ltr'><strong>90M</strong></span> <span class='ocrx_word' id='word_1_119' title='bbox 1330 1793 1593 1851; x_wconf 66' lang='lat' dir='ltr'><strong>Romanae</strong></span> <span class='ocrx_word' id='word_1_120' title='bbox 1640 1794 1901 1851; x_wconf 65' lang='lat' dir='ltr'><strong>aecclesiae</strong></span> <span class='ocrx_word' id='word_1_121' title='bbox 1942 1810 2066 1865; x_wconf 86' lang='lat' dir='ltr'><strong>pre—</strong></span> 
     </span>
    </p>
   </div>
   <div class='ocr_carea' id='block_1_20' title="bbox 486 1887 2064 1959">
    <p class='ocr_par' dir='ltr' id='par_1_20' title="bbox 486 1887 2064 1959">
     <span class='ocr_line' id='line_1_20' title="bbox 486 1887 2064 1959; baseline -0.002 -14"><span class='ocrx_word' id='word_1_122' title='bbox 486 1888 648 1945; x_wconf 84' lang='lat' dir='ltr'><strong>sidet.</strong></span> <span class='ocrx_word' id='word_1_123' title='bbox 710 1887 812 1944; x_wconf 84' lang='lat' dir='ltr'><strong>Hic</strong></span> <span class='ocrx_word' id='word_1_124' title='bbox 867 1889 937 1944; x_wconf 90' lang='lat' dir='ltr'><strong>ad</strong></span> <span class='ocrx_word' id='word_1_125' title='bbox 977 1888 1384 1959; x_wconf 89' lang='lat' dir='ltr'><strong>reprimendam</strong></span> <span class='ocrx_word' id='word_1_126' title='bbox 1435 1887 1642 1944; x_wconf 88' lang='lat' dir='ltr'><strong>rabiem</strong></span> <span class='ocrx_word' id='word_1_127' title='bbox 1699 1887 2064 1943; x_wconf 84' lang='lat' dir='ltr'><strong>hereticorum</strong></span> 
     </span>
    </p>
   </div>
   <div class='ocr_carea' id='block_1_21' title="bbox 484 1977 2069 2051">
    <p class='ocr_par' dir='ltr' id='par_1_21' title="bbox 484 1977 2069 2051">
     <span class='ocr_line' id='line_1_21' title="bbox 484 1977 2069 2051; baseline -0.001 -17"><span class='ocrx_word' id='word_1_128' title='bbox 484 1979 754 2051; x_wconf 73' lang='lat' dir='ltr'><strong>imagines</strong></span> <span class='ocrx_word' id='word_1_129' title='bbox 782 1977 879 2034; x_wconf 89' lang='lat' dir='ltr'><strong>Dei</strong></span> <span class='ocrx_word' id='word_1_130' title='bbox 919 1990 1350 2050; x_wconf 88' lang='lat' dir='ltr'><strong>sanctorumque</strong></span> <span class='ocrx_word' id='word_1_131' title='bbox 1391 1980 1768 2035; x_wconf 79' lang='lat' dir='ltr'><strong>execrantium</strong></span> <span class='ocrx_word' id='word_1_132' title='bbox 1794 1979 1963 2051; x_wconf 89' lang='lat' dir='ltr'><strong>nimis</strong></span> <span class='ocrx_word' id='word_1_133' title='bbox 1986 1979 2069 2034; x_wconf 89' lang='lat' dir='ltr'><strong>la-</strong></span> 
     </span>
    </p>
   </div>
   <div class='ocr_carea' id='block_1_22' title="bbox 479 2069 2066 2139">
    <p class='ocr_par' dir='ltr' id='par_1_22' title="bbox 479 2069 2066 2139">
     <span class='ocr_line' id='line_1_22' title="bbox 479 2069 2066 2139; baseline -0.001 -14"><span class='ocrx_word' id='word_1_134' title='bbox 479 2069 724 2137; x_wconf 85' lang='lat' dir='ltr'><strong>boravit;</strong></span> <span class='ocrx_word' id='word_1_135' title='bbox 755 2077 811 2124; x_wconf 91' lang='lat' dir='ltr'><strong>et</strong></span> <span class='ocrx_word' id='word_1_136' title='bbox 835 2069 977 2125; x_wconf 86' lang='lat' dir='ltr'><strong>libro</strong></span> <span class='ocrx_word' id='word_1_137' title='bbox 1007 2069 1270 2126; x_wconf 84' lang='lat' dir='ltr'><strong>adversus</strong></span> <span class='ocrx_word' id='word_1_138' title='bbox 1291 2083 1388 2126; x_wconf 91' lang='lat' dir='ltr'><strong>eos</strong></span> <span class='ocrx_word' id='word_1_139' title='bbox 1415 2069 1566 2125; x_wconf 91' lang='lat' dir='ltr'><strong>edito</strong></span> <span class='ocrx_word' id='word_1_140' title='bbox 1593 2070 1784 2125; x_wconf 91' lang='lat' dir='ltr'><strong>multis</strong></span> <span class='ocrx_word' id='word_1_141' title='bbox 1826 2069 2066 2139; x_wconf 86' lang='lat' dir='ltr'><strong>scriptu-</strong></span> 
     </span>
    </p>
   </div>
   <div class='ocr_carea' id='block_1_23' title="bbox 482 2159 2070 2228">
    <p class='ocr_par' dir='ltr' id='par_1_23' title="bbox 482 2159 2070 2228">
     <span class='ocr_line' id='line_1_23' title="bbox 482 2159 2070 2228; baseline -0.003 -11"><span class='ocrx_word' id='word_1_142' title='bbox 482 2178 673 2218; x_wconf 86' lang='lat' dir='ltr'><strong>rarum</strong></span> <span class='ocrx_word' id='word_1_143' title='bbox 698 2160 1115 2217; x_wconf 84' lang='lat' dir='ltr'><strong>inductionibus</strong></span> <span class='ocrx_word' id='word_1_144' title='bbox 1144 2162 1426 2228; x_wconf 90' lang='lat' dir='ltr'><strong>roborato,</strong></span> <span class='ocrx_word' id='word_1_145' title='bbox 1449 2175 1668 2217; x_wconf 88' lang='lat' dir='ltr'><strong>errores</strong></span> <span class='ocrx_word' id='word_1_146' title='bbox 1693 2174 1888 2216; x_wconf 89' lang='lat' dir='ltr'><strong>eorum</strong></span> <span class='ocrx_word' id='word_1_147' title='bbox 1913 2159 2070 2214; x_wconf 85' lang='lat' dir='ltr'><strong>inﬁr-</strong></span> 
     </span>
    </p>
   </div>
   <div class='ocr_carea' id='block_1_24' title="bbox 480 2250 2068 2321">
    <p class='ocr_par' dir='ltr' id='par_1_24' title="bbox 480 2250 2068 2321">
     <span class='ocr_line' id='line_1_24' title="bbox 480 2250 2068 2321; baseline -0.002 -14"><span class='ocrx_word' id='word_1_148' title='bbox 480 2252 675 2319; x_wconf 75' lang='lat' dir='ltr'><strong>mavit,</strong></span> <span class='ocrx_word' id='word_1_149' title='bbox 701 2251 981 2321; x_wconf 75' lang='lat' dir='ltr'><strong>fidemque</strong></span> <span class='ocrx_word' id='word_1_150' title='bbox 1004 2260 1210 2309; x_wconf 79' lang='lat' dir='ltr'><strong>rectam</strong></span> <span class='ocrx_word' id='word_1_151' title='bbox 1258 2251 1536 2307; x_wconf 83' lang='lat' dir='ltr'><strong>solidavit.</strong></span> <span class='ocrx_word' id='word_1_152' title='bbox 1565 2250 1743 2307; x_wconf 82' lang='lat' dir='ltr'><strong>Hicin</strong></span> <span class='ocrx_word' id='word_1_153' title='bbox 1771 2250 2068 2307; x_wconf 70' lang='lat' dir='ltr'><strong>offerte’riis</strong></span> 
     </span>
    </p>
   </div>
   <div class='ocr_carea' id='block_1_25' title="bbox 481 2342 2069 2415">
    <p class='ocr_par' dir='ltr' id='par_1_25' title="bbox 481 2342 2069 2415">
     <span class='ocr_line' id='line_1_25' title="bbox 481 2342 2069 2415; baseline -0.001 -16"><span class='ocrx_word' id='word_1_154' title='bbox 481 2352 536 2399; x_wconf 89' lang='lat' dir='ltr'><strong>et</strong></span> <span class='ocrx_word' id='word_1_155' title='bbox 564 2342 969 2399; x_wconf 73' lang='lat' dir='ltr'><strong>otfertoriorum</strong></span> <span class='ocrx_word' id='word_1_156' title='bbox 1002 2343 1275 2411; x_wconf 81' lang='lat' dir='ltr'><strong>versibus,</strong></span> <span class='ocrx_word' id='word_1_157' title='bbox 1305 2343 1452 2413; x_wconf 89' lang='lat' dir='ltr'><strong>quod</strong></span> <span class='ocrx_word' id='word_1_158' title='bbox 1479 2343 1819 2414; x_wconf 82' lang='lat' dir='ltr'><strong>geminatum</strong></span> <span class='ocrx_word' id='word_1_159' title='bbox 1841 2352 1947 2411; x_wconf 89' lang='lat' dir='ltr'><strong>est,</strong></span> <span class='ocrx_word' id='word_1_160' title='bbox 1976 2360 2069 2415; x_wconf 87' lang='lat' dir='ltr'><strong>ge-</strong></span> 
     </span>
    </p>
   </div>
   <div class='ocr_carea' id='block_1_26' title="bbox 481 2433 2067 2507">
    <p class='ocr_par' dir='ltr' id='par_1_26' title="bbox 481 2433 2067 2507">
     <span class='ocr_line' id='line_1_26' title="bbox 481 2433 2067 2507; baseline 0.001 -18"><span class='ocrx_word' id='word_1_161' title='bbox 481 2433 714 2489; x_wconf 84' lang='lat' dir='ltr'><strong>minavit</strong></span> <span class='ocrx_word' id='word_1_162' title='bbox 739 2433 914 2505; x_wconf 52' lang='lat' dir='ltr'><strong>(Meus.</strong></span> <span class='ocrx_word' id='word_1_163' title='bbox 953 2433 1212 2507; x_wconf 84' lang='lat' dir='ltr'><strong>[Laur.])</strong></span> <span class='ocrx_word' id='word_1_164' title='bbox 1241 2433 1477 2491; x_wconf 85' lang='lat' dir='ltr'><strong>Karolus</strong></span> <span class='ocrx_word' id='word_1_165' title='bbox 1506 2450 1599 2490; x_wconf 84' lang='lat' dir='ltr'><strong>rex</strong></span> <span class='ocrx_word' id='word_1_166' title='bbox 1638 2436 1706 2490; x_wconf 89' lang='lat' dir='ltr'><strong>ad</strong></span> <span class='ocrx_word' id='word_1_167' title='bbox 1733 2433 2067 2491; x_wconf 82' lang='lat' dir='ltr'><strong>Saxonicum</strong></span> 
     </span>
    </p>
   </div>
   <div class='ocr_carea' id='block_1_27' title="bbox 481 2523 2072 2592">
    <p class='ocr_par' dir='ltr' id='par_1_27' title="bbox 481 2523 2072 2592">
     <span class='ocr_line' id='line_1_27' title="bbox 481 2523 2072 2592; baseline 0.001 -12"><span class='ocrx_word' id='word_1_168' title='bbox 481 2525 688 2581; x_wconf 87' lang='lat' dir='ltr'><strong>bellum</strong></span> <span class='ocrx_word' id='word_1_169' title='bbox 711 2527 957 2586; x_wconf 83' lang='lat' dir='ltr'><strong>animum</strong></span> <span class='ocrx_word' id='word_1_170' title='bbox 983 2526 1234 2592; x_wconf 82' lang='lat' dir='ltr'><strong>intendit,</strong></span> <span class='ocrx_word' id='word_1_171' title='bbox 1257 2523 1604 2582; x_wconf 79' lang='lat' dir='ltr'><strong>Heresburch</strong></span> <span class='ocrx_word' id='word_1_172' title='bbox 1633 2533 1878 2581; x_wconf 90' lang='lat' dir='ltr'><strong>castrum</strong></span> <span class='ocrx_word' id='word_1_173' title='bbox 1897 2527 2072 2582; x_wconf 77' lang='lat' dir='ltr'><strong>Saxo—</strong></span> 
     </span>
    </p>
   </div>
   <div class='ocr_carea' id='block_1_28' title="bbox 489 2616 2070 2690">
    <p class='ocr_par' dir='ltr' id='par_1_28' title="bbox 489 2616 2070 2690">
     <span class='ocr_line' id='line_1_28' title="bbox 489 2616 2070 2690; baseline 0.001 -17"><span class='ocrx_word' id='word_1_174' title='bbox 489 2635 624 2674; x_wconf 88' lang='lat' dir='ltr'><strong>num</strong></span> <span class='ocrx_word' id='word_1_175' title='bbox 646 2619 814 2690; x_wconf 86' lang='lat' dir='ltr'><strong>capit,</strong></span> <span class='ocrx_word' id='word_1_176' title='bbox 851 2618 1185 2675; x_wconf 78' lang='lat' dir='ltr'><strong>Hormensul</strong></span> <span class='ocrx_word' id='word_1_177' title='bbox 1211 2617 1402 2674; x_wconf 82' lang='lat' dir='ltr'><strong>fanum</strong></span> <span class='ocrx_word' id='word_1_178' title='bbox 1435 2616 1699 2688; x_wconf 86' lang='lat' dir='ltr'><strong>destruit;</strong></span> <span class='ocrx_word' id='word_1_179' title='bbox 1747 2618 1934 2690; x_wconf 88' lang='lat' dir='ltr'><strong>ibique</strong></span> <span class='ocrx_word' id='word_1_180' title='bbox 1976 2619 2070 2675; x_wconf 91' lang='lat' dir='ltr'><strong>siti</strong></span> 
     </span>
    </p>
   </div>
   <div class='ocr_carea' id='block_1_29' title="bbox 485 2710 2070 2782">
    <p class='ocr_par' dir='ltr' id='par_1_29' title="bbox 485 2710 2070 2782">
     <span class='ocr_line' id='line_1_29' title="bbox 485 2710 2070 2782; baseline 0.001 -17"><span class='ocrx_word' id='word_1_181' title='bbox 485 2710 785 2766; x_wconf 81' lang='lat' dir='ltr'><strong>laborante</strong></span> <span class='ocrx_word' id='word_1_182' title='bbox 825 2710 1091 2778; x_wconf 73' lang='lat' dir='ltr'><strong>exercitu,</strong></span> <span class='ocrx_word' id='word_1_183' title='bbox 1121 2711 1307 2767; x_wconf 82' lang='lat' dir='ltr'><strong>subito</strong></span> <span class='ocrx_word' id='word_1_184' title='bbox 1349 2710 1407 2765; x_wconf 89' lang='lat' dir='ltr'><strong>in</strong></span> <span class='ocrx_word' id='word_1_185' title='bbox 1457 2719 1698 2767; x_wconf 87' lang='lat' dir='ltr'><strong>torrente</strong></span> <span class='ocrx_word' id='word_1_186' title='bbox 1744 2711 2070 2782; x_wconf 69' lang='lat' dir='ltr'><strong>largissimae</strong></span> 
     </span>
    </p>
   </div>
   <div class='ocr_carea' id='block_1_30' title="bbox 486 2801 2075 2875">
    <p class='ocr_par' dir='ltr' id='par_1_30' title="bbox 486 2801 2075 2875">
     <span class='ocr_line' id='line_1_30' title="bbox 486 2801 2075 2875; baseline 0.001 -18"><span class='ocrx_word' id='word_1_187' title='bbox 486 2817 647 2874; x_wconf 63' lang='lat' dir='ltr'><strong>aqua;</strong></span> <span class='ocrx_word' id='word_1_188' title='bbox 674 2801 862 2858; x_wconf 67' lang='lat' dir='ltr'><strong>elusa!</strong></span> <span class='ocrx_word' id='word_1_189' title='bbox 882 2810 1019 2859; x_wconf 85' lang='lat' dir='ltr'><strong>sunt</strong></span> <span class='ocrx_word' id='word_1_190' title='bbox 1043 2802 1232 2859; x_wconf 87' lang='lat' dir='ltr'><strong>divino</strong></span> <span class='ocrx_word' id='word_1_191' title='bbox 1257 2811 1426 2871; x_wconf 90' lang='lat' dir='ltr'><strong>nutu;</strong></span> <span class='ocrx_word' id='word_1_192' title='bbox 1460 2803 1683 2875; x_wconf 84' lang='lat' dir='ltr'><strong>votique</strong></span> <span class='ocrx_word' id='word_1_193' title='bbox 1710 2818 1935 2874; x_wconf 90' lang='lat' dir='ltr'><strong>compos</strong></span> <span class='ocrx_word' id='word_1_194' title='bbox 1958 2802 2075 2859; x_wconf 44' lang='lat' dir='ltr'><strong>Kal-</strong></span> 
     </span>
    </p>
   </div>
   <div class='ocr_carea' id='block_1_31' title="bbox 487 2894 1748 2967">
    <p class='ocr_par' dir='ltr' id='par_1_31' title="bbox 487 2894 1748 2967">
     <span class='ocr_line' id='line_1_31' title="bbox 487 2894 1748 2967; baseline 0.002 -18"><span class='ocrx_word' id='word_1_195' title='bbox 487 2895 643 2951; x_wconf 90' lang='lat' dir='ltr'><strong>rolus</strong></span> <span class='ocrx_word' id='word_1_196' title='bbox 675 2894 897 2952; x_wconf 85' lang='lat' dir='ltr'><strong>obsides</strong></span> <span class='ocrx_word' id='word_1_197' title='bbox 925 2894 1079 2966; x_wconf 88' lang='lat' dir='ltr'><strong>pacis</strong></span> <span class='ocrx_word' id='word_1_198' title='bbox 1112 2896 1326 2967; x_wconf 90' lang='lat' dir='ltr'><strong>accepit</strong></span> <span class='ocrx_word' id='word_1_199' title='bbox 1352 2911 1385 2951; x_wconf 87' lang='lat' dir='ltr'><strong>a</strong></span> <span class='ocrx_word' id='word_1_200' title='bbox 1415 2895 1748 2952; x_wconf 81' lang='lat' dir='ltr'><strong>Saxonibus.</strong></span> 
     </span>
    </p>
   </div>
   <div class='ocr_carea' id='block_1_32' title="bbox 559 2984 1926 3043">
    <p class='ocr_par' dir='ltr' id='par_1_32' title="bbox 559 2984 1926 3043">
     <span class='ocr_line' id='line_1_32' title="bbox 559 2984 1926 3043; baseline 0.003 -5"><span class='ocrx_word' id='word_1_201' title='bbox 559 2984 685 3040; x_wconf 77' lang='lat'><strong>773.</strong></span> <span class='ocrx_word' id='word_1_202' title='bbox 869 2984 959 3040; x_wconf 76' lang='grc'><strong>52.</strong></span> <span class='ocrx_word' id='word_1_203' title='bbox 1107 2985 1196 3042; x_wconf 86' lang='grc'><strong>16.</strong></span> <span class='ocrx_word' id='word_1_204' title='bbox 1378 2987 1433 3043; x_wconf 81' lang='lat'><strong>5.</strong></span> <span class='ocrx_word' id='word_1_205' title='bbox 1583 2988 1610 3041; x_wconf 97' lang='grc'><strong>1</strong></span> <span class='ocrx_word' id='word_1_206' title='bbox 1621 2986 1671 3043; x_wconf 90' lang='lat'><strong>7.</strong></span> <span class='ocrx_word' id='word_1_207' title='bbox 1870 2987 1926 3043; x_wconf 81' lang='lat'><strong>5‘.</strong></span> 
     </span>
    </p>
   </div>
   <div class='ocr_carea' id='block_1_33' title="bbox 2164 501 3756 583">
    <p class='ocr_par' dir='ltr' id='par_1_33' title="bbox 2164 501 3756 583">
     <span class='ocr_line' id='line_1_33' title="bbox 2164 501 3756 583; baseline 0.005 -21"><span class='ocrx_word' id='word_1_208' title='bbox 2164 509 2326 581; x_wconf 82' lang='lat' dir='ltr'><strong>pibus</strong></span> <span class='ocrx_word' id='word_1_209' title='bbox 2347 511 2580 581; x_wconf 84' lang='lat' dir='ltr'><strong>capitur,</strong></span> <span class='ocrx_word' id='word_1_210' title='bbox 2606 518 2660 567; x_wconf 91' lang='lat' dir='ltr'><strong>et</strong></span> <span class='ocrx_word' id='word_1_211' title='bbox 2686 518 2947 581; x_wconf 81' lang='lat' dir='ltr'><strong>perpetuo</strong></span> <span class='ocrx_word' id='word_1_212' title='bbox 2968 508 3132 564; x_wconf 88' lang='lat' dir='ltr'><strong>exilio</strong></span> <span class='ocrx_word' id='word_1_213' title='bbox 3157 508 3226 564; x_wconf 91' lang='lat' dir='ltr'><strong>ad</strong></span> <span class='ocrx_word' id='word_1_214' title='bbox 3252 501 3756 583; x_wconf 76' lang='lat' dir='ltr'><strong>GalliasAgilfredo</strong></span> 
     </span>
    </p>
   </div>
   <div class='ocr_carea' id='block_1_34' title="bbox 2167 599 3753 675">
    <p class='ocr_par' dir='ltr' id='par_1_34' title="bbox 2167 599 3753 675">
     <span class='ocr_line' id='line_1_34' title="bbox 2167 599 3753 675; baseline 0.004 -20"><span class='ocrx_word' id='word_1_215' title='bbox 2167 600 2554 664; x_wconf 82' lang='lat' dir='ltr'><strong>Leodiensium</strong></span> <span class='ocrx_word' id='word_1_216' title='bbox 2588 601 2846 672; x_wconf 90' lang='lat' dir='ltr'><strong>episcopo</strong></span> <span class='ocrx_word' id='word_1_217' title='bbox 2868 600 3144 673; x_wconf 83' lang='lat' dir='ltr'><strong>dirigitur.</strong></span> <span class='ocrx_word' id='word_1_218' title='bbox 3158 599 3434 675; x_wconf 83' lang='lat' dir='ltr'><strong>Quidquid</strong></span> <span class='ocrx_word' id='word_1_219' title='bbox 3454 618 3552 673; x_wconf 90' lang='lat' dir='ltr'><strong>per</strong></span> <span class='ocrx_word' id='word_1_220' title='bbox 3572 604 3753 663; x_wconf 82' lang='lat' dir='ltr'><strong>multa</strong></span> 
     </span>
    </p>
   </div>
   <div class='ocr_carea' id='block_1_35' title="bbox 2166 691 3754 764">
    <p class='ocr_par' dir='ltr' id='par_1_35' title="bbox 2166 691 3754 764">
     <span class='ocr_line' id='line_1_35' title="bbox 2166 691 3754 764; baseline 0.003 -16"><span class='ocrx_word' id='word_1_221' title='bbox 2166 699 2408 764; x_wconf 91' lang='lat' dir='ltr'><strong>tempora</strong></span> <span class='ocrx_word' id='word_1_222' title='bbox 2447 691 2791 764; x_wconf 82' lang='lat' dir='ltr'><strong>Langobardi</strong></span> <span class='ocrx_word' id='word_1_223' title='bbox 2818 692 3082 751; x_wconf 85' lang='lat' dir='ltr'><strong>Romanis</strong></span> <span class='ocrx_word' id='word_1_224' title='bbox 3123 694 3481 764; x_wconf 84' lang='lat' dir='ltr'><strong>abstulerant,</strong></span> <span class='ocrx_word' id='word_1_225' title='bbox 3507 694 3754 753; x_wconf 80' lang='lat' dir='ltr'><strong>Karolus</strong></span> 
     </span>
    </p>
   </div>
   <div class='ocr_carea' id='block_1_36' title="bbox 2164 784 3752 863">
    <p class='ocr_par' dir='ltr' id='par_1_36' title="bbox 2164 784 3752 863">
     <span class='ocr_line' id='line_1_36' title="bbox 2164 784 3752 863; baseline 0.001 -22"><span class='ocrx_word' id='word_1_226' title='bbox 2164 785 2248 841; x_wconf 89' lang='lat' dir='ltr'><strong>eis</strong></span> <span class='ocrx_word' id='word_1_227' title='bbox 2276 784 2545 853; x_wconf 82' lang='lat' dir='ltr'><strong>restituit;</strong></span> <span class='ocrx_word' id='word_1_228' title='bbox 2581 800 2753 863; x_wconf 83' lang='lat' dir='ltr'><strong>regno</strong></span> <span class='ocrx_word' id='word_1_229' title='bbox 2777 801 2908 842; x_wconf 86' lang='lat' dir='ltr'><strong>vero</strong></span> <span class='ocrx_word' id='word_1_230' title='bbox 2937 784 3419 859; x_wconf 84' lang='lat' dir='ltr'><strong>Langobardon</strong></span> <span class='ocrx_word' id='word_1_231' title='bbox 3443 788 3752 855; x_wconf 88' lang='lat' dir='ltr'><strong>destructo,</strong></span> 
     </span>
    </p>
   </div>
   <div class='ocr_carea' id='block_1_37' title="bbox 2166 873 3751 950">
    <p class='ocr_par' dir='ltr' id='par_1_37' title="bbox 2166 873 3751 950">
     <span class='ocr_line' id='line_1_37' title="bbox 2166 873 3751 950; baseline 0.002 -20"><span class='ocrx_word' id='word_1_232' title='bbox 2166 882 2337 947; x_wconf 88' lang='lat' dir='ltr'><strong>totam</strong></span> <span class='ocrx_word' id='word_1_233' title='bbox 2381 873 2593 938; x_wconf 82' lang='lat' dir='ltr'><strong>Italiam</strong></span> <span class='ocrx_word' id='word_1_234' title='bbox 2638 875 2743 932; x_wconf 90' lang='lat' dir='ltr'><strong>sub</strong></span> <span class='ocrx_word' id='word_1_235' title='bbox 2784 875 2910 947; x_wconf 91' lang='lat' dir='ltr'><strong>jure</strong></span> <span class='ocrx_word' id='word_1_236' title='bbox 2948 876 3107 948; x_wconf 87' lang='lat' dir='ltr'><strong>regni</strong></span> <span class='ocrx_word' id='word_1_237' title='bbox 3153 875 3492 935; x_wconf 84' lang='lat' dir='ltr'><strong>Francorum</strong></span> <span class='ocrx_word' id='word_1_238' title='bbox 3527 878 3751 950; x_wconf 88' lang='lat' dir='ltr'><strong>redigit.</strong></span> 
     </span>
    </p>
   </div>
   <div class='ocr_carea' id='block_1_38' title="bbox 2167 966 3759 1040">
    <p class='ocr_par' dir='ltr' id='par_1_38' title="bbox 2167 966 3759 1040">
     <span class='ocr_line' id='line_1_38' title="bbox 2167 966 3759 1040; baseline 0.001 -18"><span class='ocrx_word' id='word_1_239' title='bbox 2167 966 2374 1023; x_wconf 88' lang='lat' dir='ltr'><strong>Taliter</strong></span> <span class='ocrx_word' id='word_1_240' title='bbox 2421 966 2767 1038; x_wconf 87' lang='lat' dir='ltr'><strong>Langobardi</strong></span> <span class='ocrx_word' id='word_1_241' title='bbox 2797 967 2928 1024; x_wconf 84' lang='lat' dir='ltr'><strong>victi</strong></span> <span class='ocrx_word' id='word_1_242' title='bbox 2968 982 3200 1040; x_wconf 89' lang='lat' dir='ltr'><strong>regnare</strong></span> <span class='ocrx_word' id='word_1_243' title='bbox 3246 969 3578 1026; x_wconf 87' lang='lat' dir='ltr'><strong>destiterunt</strong></span> <span class='ocrx_word' id='word_1_244' title='bbox 3624 978 3759 1039; x_wconf 88' lang='lat' dir='ltr'><strong>post</strong></span> 
     </span>
    </p>
   </div>
   <div class='ocr_carea' id='block_1_39' title="bbox 2167 1059 3760 1133">
    <p class='ocr_par' dir='ltr' id='par_1_39' title="bbox 2167 1059 3760 1133">
     <span class='ocr_line' id='line_1_39' title="bbox 2167 1059 3760 1133; baseline -0.001 -16"><span class='ocrx_word' id='word_1_245' title='bbox 2167 1076 2344 1118; x_wconf 92' lang='lat' dir='ltr'><strong>annos</strong></span> <span class='ocrx_word' id='word_1_246' title='bbox 2364 1061 2492 1128; x_wconf 70' lang='lat'><strong>204,</strong></span> <span class='ocrx_word' id='word_1_247' title='bbox 2518 1076 2586 1116; x_wconf 89' lang='lat' dir='ltr'><strong>ex</strong></span> <span class='ocrx_word' id='word_1_248' title='bbox 2609 1075 2721 1132; x_wconf 83' lang='lat' dir='ltr'><strong>quo</strong></span> <span class='ocrx_word' id='word_1_249' title='bbox 2750 1060 2807 1116; x_wconf 93' lang='lat' dir='ltr'><strong>in</strong></span> <span class='ocrx_word' id='word_1_250' title='bbox 2828 1059 2984 1117; x_wconf 89' lang='lat' dir='ltr'><strong>Italia</strong></span> <span class='ocrx_word' id='word_1_251' title='bbox 3012 1076 3243 1133; x_wconf 89' lang='lat' dir='ltr'><strong>regnare</strong></span> <span class='ocrx_word' id='word_1_252' title='bbox 3283 1070 3588 1132; x_wconf 64' lang='lat' dir='ltr'><strong>coeperunt.</strong></span> <span class='ocrx_word' id='word_1_253' title='bbox 3643 1059 3760 1116; x_wconf 82' lang='lat' dir='ltr'><strong>Ka—</strong></span> 
     </span>
    </p>
   </div>
   <div class='ocr_carea' id='block_1_40' title="bbox 2166 1151 3759 1224">
    <p class='ocr_par' dir='ltr' id='par_1_40' title="bbox 2166 1151 3759 1224">
     <span class='ocr_line' id='line_1_40' title="bbox 2166 1151 3759 1224; baseline -0.001 -16"><span class='ocrx_word' id='word_1_254' title='bbox 2166 1154 2318 1210; x_wconf 90' lang='lat' dir='ltr'><strong>rolus</strong></span> <span class='ocrx_word' id='word_1_255' title='bbox 2366 1167 2463 1209; x_wconf 87' lang='lat' dir='ltr'><strong>rex</strong></span> <span class='ocrx_word' id='word_1_256' title='bbox 2512 1151 2808 1208; x_wconf 85' lang='lat' dir='ltr'><strong>Saxoniam</strong></span> <span class='ocrx_word' id='word_1_257' title='bbox 2840 1162 3093 1224; x_wconf 90' lang='lat' dir='ltr'><strong>repetens</strong></span> <span class='ocrx_word' id='word_1_258' title='bbox 3117 1194 3133 1221; x_wconf 90' lang='lat'><strong>,</strong></span> <span class='ocrx_word' id='word_1_259' title='bbox 3192 1152 3469 1222; x_wconf 86' lang='lat' dir='ltr'><strong>tripartito</strong></span> <span class='ocrx_word' id='word_1_260' title='bbox 3505 1152 3759 1207; x_wconf 83' lang='lat' dir='ltr'><strong>exercitu</strong></span> 
     </span>
    </p>
   </div>
   <div class='ocr_carea' id='block_1_41' title="bbox 2167 1237 3758 1316">
    <p class='ocr_par' dir='ltr' id='par_1_41' title="bbox 2167 1237 3758 1316">
     <span class='ocr_line' id='line_1_41' title="bbox 2167 1237 3758 1316; baseline -0.003 -14"><span class='ocrx_word' id='word_1_261' title='bbox 2167 1244 2448 1302; x_wconf 88' lang='lat' dir='ltr'><strong>concurrit</strong></span> <span class='ocrx_word' id='word_1_262' title='bbox 2507 1237 2850 1313; x_wconf 78' lang='lat' dir='ltr'><strong>Saxonibus,</strong></span> <span class='ocrx_word' id='word_1_263' title='bbox 2911 1246 3071 1316; x_wconf 86' lang='lat' dir='ltr'><strong>eique</strong></span> <span class='ocrx_word' id='word_1_264' title='bbox 3116 1244 3345 1301; x_wconf 84' lang='lat' dir='ltr'><strong>victoria</strong></span> <span class='ocrx_word' id='word_1_265' title='bbox 3398 1243 3658 1315; x_wconf 88' lang='lat' dir='ltr'><strong>provenit</strong></span> <span class='ocrx_word' id='word_1_266' title='bbox 3696 1243 3758 1298; x_wconf 86' lang='lat' dir='ltr'><strong>in</strong></span> 
     </span>
    </p>
   </div>
   <div class='ocr_carea' id='block_1_42' title="bbox 2167 1336 2449 1399">
    <p class='ocr_par' dir='ltr' id='par_1_42' title="bbox 2167 1336 2449 1399">
     <span class='ocr_line' id='line_1_42' title="bbox 2167 1336 2449 1399; baseline 0 -7"><span class='ocrx_word' id='word_1_267' title='bbox 2167 1336 2449 1399; x_wconf 87' lang='lat' dir='ltr'><strong>omnibus.</strong></span> 
     </span>
    </p>
   </div>
   <div class='ocr_carea' id='block_1_43' title="bbox 2240 1426 3585 1503">
    <p class='ocr_par' dir='ltr' id='par_1_43' title="bbox 2240 1426 3585 1503">
     <span class='ocr_line' id='line_1_43' title="bbox 2240 1426 3585 1503; baseline 0.002 -23"><span class='ocrx_word' id='word_1_268' title='bbox 2240 1427 2364 1484; x_wconf 79' lang='lat'><strong>775.</strong></span> <span class='ocrx_word' id='word_1_269' title='bbox 2550 1428 2640 1483; x_wconf 61' lang='grc' dir='ltr'><strong>δι.</strong></span> <span class='ocrx_word' id='word_1_270' title='bbox 2790 1428 2880 1484; x_wconf 73' lang='lat' dir='ltr'><strong>ts.</strong></span> <span class='ocrx_word' id='word_1_271' title='bbox 2969 1488 2985 1503; x_wconf 62' lang='grc'><em>,</em></span> <span class='ocrx_word' id='word_1_272' title='bbox 3067 1426 3119 1483; x_wconf 73' lang='lat'><strong>7.</strong></span> <span class='ocrx_word' id='word_1_273' title='bbox 3529 1428 3585 1483; x_wconf 82' lang='lat'><strong>5.</strong></span> 
     </span>
    </p>
   </div>
   <div class='ocr_carea' id='block_1_44' title="bbox 2238 1518 3776 1593">
    <p class='ocr_par' dir='ltr' id='par_1_44' title="bbox 2238 1518 3776 1593">
     <span class='ocr_line' id='line_1_44' title="bbox 2238 1518 3776 1593; baseline 0.003 -19"><span class='ocrx_word' id='word_1_274' title='bbox 2238 1518 2338 1593; x_wconf 81' lang='grc' dir='ltr'><strong>(Η.</strong></span> <span class='ocrx_word' id='word_1_275' title='bbox 2371 1519 2474 1593; x_wconf 85' lang='lat' dir='ltr'><strong>m.)</strong></span> <span class='ocrx_word' id='word_1_276' title='bbox 2515 1518 2913 1576; x_wconf 87' lang='lat' dir='ltr'><strong>Constantinus</strong></span> <span class='ocrx_word' id='word_1_277' title='bbox 2939 1519 3238 1590; x_wconf 87' lang='lat' dir='ltr'><strong>imperator</strong></span> <span class='ocrx_word' id='word_1_278' title='bbox 3266 1529 3459 1575; x_wconf 84' lang='lat' dir='ltr'><strong>contra</strong></span> <span class='ocrx_word' id='word_1_279' title='bbox 3488 1519 3776 1591; x_wconf 86' lang='lat' dir='ltr'><strong>Bulgares.</strong></span> 
     </span>
    </p>
   </div>
   <div class='ocr_carea' id='block_1_45' title="bbox 2168 1606 3768 1682">
    <p class='ocr_par' dir='ltr' id='par_1_45' title="bbox 2168 1606 3768 1682">
     <span class='ocr_line' id='line_1_45' title="bbox 2168 1606 3768 1682; baseline 0 -16"><span class='ocrx_word' id='word_1_280' title='bbox 2168 1610 2344 1678; x_wconf 86' lang='lat' dir='ltr'><strong>vadit;</strong></span> <span class='ocrx_word' id='word_1_281' title='bbox 2371 1609 2467 1666; x_wconf 89' lang='lat' dir='ltr'><strong>sed</strong></span> <span class='ocrx_word' id='word_1_282' title='bbox 2508 1625 2616 1682; x_wconf 89' lang='lat' dir='ltr'><strong>pax</strong></span> <span class='ocrx_word' id='word_1_283' title='bbox 2647 1610 2790 1666; x_wconf 89' lang='lat' dir='ltr'><strong>inter</strong></span> <span class='ocrx_word' id='word_1_284' title='bbox 2816 1623 2914 1665; x_wconf 89' lang='lat' dir='ltr'><strong>eos</strong></span> <span class='ocrx_word' id='word_1_285' title='bbox 2958 1608 3232 1664; x_wconf 86' lang='lat' dir='ltr'><strong>convenit.</strong></span> <span class='ocrx_word' id='word_1_286' title='bbox 3264 1606 3386 1664; x_wconf 82' lang='lat' dir='ltr'><strong>Non</strong></span> <span class='ocrx_word' id='word_1_287' title='bbox 3429 1609 3606 1663; x_wconf 85' lang='lat' dir='ltr'><strong>multo</strong></span> <span class='ocrx_word' id='word_1_288' title='bbox 3632 1617 3768 1680; x_wconf 82' lang='lat' dir='ltr'><strong>post</strong></span> 
     </span>
    </p>
   </div>
   <div class='ocr_carea' id='block_1_46' title="bbox 2168 1687 3771 1773">
    <p class='ocr_par' dir='ltr' id='par_1_46' title="bbox 2168 1687 3771 1773">
     <span class='ocr_line' id='line_1_46' title="bbox 2168 1687 3771 1773; baseline -0.001 -16"><span class='ocrx_word' id='word_1_289' title='bbox 2168 1710 2351 1758; x_wconf 89' lang='lat' dir='ltr'><strong>autem</strong></span> <span class='ocrx_word' id='word_1_290' title='bbox 2372 1710 2534 1773; x_wconf 89' lang='lat' dir='ltr'><strong>rupto</strong></span> <span class='ocrx_word' id='word_1_291' title='bbox 2556 1698 2949 1773; x_wconf 84' lang='lat' dir='ltr'><strong>a&#39;Bulgaribus</strong></span> <span class='ocrx_word' id='word_1_292' title='bbox 3004 1708 3192 1771; x_wconf 88' lang='lat' dir='ltr'><strong>pacto,</strong></span> <span class='ocrx_word' id='word_1_293' title='bbox 3235 1687 3535 1771; x_wconf 83' lang='lat' dir='ltr'><strong>imperator</strong></span> <span class='ocrx_word' id='word_1_294' title='bbox 3562 1716 3665 1756; x_wconf 90' lang='lat' dir='ltr'><strong>eos</strong></span> <span class='ocrx_word' id='word_1_295' title='bbox 3690 1716 3771 1757; x_wconf 75' lang='lat' dir='ltr'><strong>ex</strong></span> 
     </span>
    </p>
   </div>
   <div class='ocr_carea' id='block_1_47' title="bbox 2169 1790 3763 1865">
    <p class='ocr_par' dir='ltr' id='par_1_47' title="bbox 2169 1790 3763 1865">
     <span class='ocr_line' id='line_1_47' title="bbox 2169 1790 3763 1865; baseline -0.003 -15"><span class='ocrx_word' id='word_1_296' title='bbox 2169 1795 2470 1865; x_wconf 87' lang='lat' dir='ltr'><strong>improviso</strong></span> <span class='ocrx_word' id='word_1_297' title='bbox 2499 1808 2791 1865; x_wconf 79' lang='lat' dir='ltr'><strong>aggressus</strong></span> <span class='ocrx_word' id='word_1_298' title='bbox 2814 1831 2834 1862; x_wconf 93' lang='lat'><strong>,</strong></span> <span class='ocrx_word' id='word_1_299' title='bbox 2872 1792 3132 1847; x_wconf 85' lang='lat' dir='ltr'><strong>nobiliter</strong></span> <span class='ocrx_word' id='word_1_300' title='bbox 3155 1792 3223 1847; x_wconf 91' lang='lat' dir='ltr'><strong>de</strong></span> <span class='ocrx_word' id='word_1_301' title='bbox 3249 1791 3333 1846; x_wconf 91' lang='lat' dir='ltr'><strong>eis</strong></span> <span class='ocrx_word' id='word_1_302' title='bbox 3368 1790 3763 1863; x_wconf 82' lang='lat' dir='ltr'><strong>triumphavit.</strong></span> 
     </span>
    </p>
   </div>
   <div class='ocr_carea' id='block_1_48' title="bbox 2169 1882 3770 1959">
    <p class='ocr_par' dir='ltr' id='par_1_48' title="bbox 2169 1882 3770 1959">
     <span class='ocr_line' id='line_1_48' title="bbox 2169 1882 3770 1959; baseline -0.001 -19"><span class='ocrx_word' id='word_1_303' title='bbox 2169 1885 2348 1958; x_wconf 75' lang='lat' dir='ltr'><strong>(Heu.</strong></span> <span class='ocrx_word' id='word_1_304' title='bbox 2381 1884 2521 1959; x_wconf 80' lang='lat' dir='ltr'><strong>[L.])</strong></span> <span class='ocrx_word' id='word_1_305' title='bbox 2557 1885 2793 1942; x_wconf 83' lang='lat' dir='ltr'><strong>K‘arolus</strong></span> <span class='ocrx_word' id='word_1_306' title='bbox 2820 1900 2917 1940; x_wconf 86' lang='lat' dir='ltr'><strong>rex</strong></span> <span class='ocrx_word' id='word_1_307' title='bbox 2958 1882 3249 1956; x_wconf 86' lang='lat' dir='ltr'><strong>Sigiburch</strong></span> <span class='ocrx_word' id='word_1_308' title='bbox 3278 1892 3522 1939; x_wconf 81' lang='lat' dir='ltr'><strong>castrum</strong></span> <span class='ocrx_word' id='word_1_309' title='bbox 3579 1882 3770 1939; x_wconf 86' lang='lat' dir='ltr'><strong>Saxo—</strong></span> 
     </span>
    </p>
   </div>
   <div class='ocr_carea' id='block_1_49' title="bbox 2168 1975 3775 2050">
    <p class='ocr_par' dir='ltr' id='par_1_49' title="bbox 2168 1975 3775 2050">
     <span class='ocr_line' id='line_1_49' title="bbox 2168 1975 3775 2050; baseline -0.001 -18"><span class='ocrx_word' id='word_1_310' title='bbox 2168 1994 2301 2033; x_wconf 90' lang='lat' dir='ltr'><strong>num</strong></span> <span class='ocrx_word' id='word_1_311' title='bbox 2342 1979 2489 2050; x_wconf 90' lang='lat' dir='ltr'><strong>capit</strong></span> <span class='ocrx_word' id='word_1_312' title='bbox 2517 1986 2641 2034; x_wconf 90' lang='lat' dir='ltr'><strong>:ter</strong></span> <span class='ocrx_word' id='word_1_313' title='bbox 2666 1993 2795 2037; x_wconf 89' lang='lat' dir='ltr'><strong>cum</strong></span> <span class='ocrx_word' id='word_1_314' title='bbox 2823 1977 2905 2034; x_wconf 89' lang='lat' dir='ltr'><strong>eis</strong></span> <span class='ocrx_word' id='word_1_315' title='bbox 2932 1976 3199 2048; x_wconf 82' lang='lat' dir='ltr'><strong>confligit,</strong></span> <span class='ocrx_word' id='word_1_316' title='bbox 3234 1984 3289 2031; x_wconf 92' lang='lat' dir='ltr'><strong>et</strong></span> <span class='ocrx_word' id='word_1_317' title='bbox 3327 1976 3504 2031; x_wconf 85' lang='lat' dir='ltr'><strong>victor</strong></span> <span class='ocrx_word' id='word_1_318' title='bbox 3536 1975 3775 2039; x_wconf 59' lang='lat' dir='ltr'><strong>obsides,</strong></span> 
     </span>
    </p>
   </div>
   <div class='ocr_carea' id='block_1_50' title="bbox 2168 2070 2797 2141">
    <p class='ocr_par' dir='ltr' id='par_1_50' title="bbox 2168 2070 2797 2141">
     <span class='ocr_line' id='line_1_50' title="bbox 2168 2070 2797 2141; baseline -0.002 -16"><span class='ocrx_word' id='word_1_319' title='bbox 2168 2070 2323 2140; x_wconf 86' lang='lat' dir='ltr'><strong>pacis</strong></span> <span class='ocrx_word' id='word_1_320' title='bbox 2352 2071 2423 2126; x_wconf 90' lang='lat' dir='ltr'><strong>ab</strong></span> <span class='ocrx_word' id='word_1_321' title='bbox 2458 2071 2541 2127; x_wconf 89' lang='lat' dir='ltr'><strong>eis</strong></span> <span class='ocrx_word' id='word_1_322' title='bbox 2567 2070 2797 2141; x_wconf 80' lang='lat' dir='ltr'><strong>accepit.</strong></span> 
     </span>
    </p>
   </div>
   <div class='ocr_carea' id='block_1_51' title="bbox 2246 2158 3599 2219">
    <p class='ocr_par' dir='ltr' id='par_1_51' title="bbox 2246 2158 3599 2219">
     <span class='ocr_line' id='line_1_51' title="bbox 2246 2158 3599 2219; baseline -0.004 -1"><span class='ocrx_word' id='word_1_323' title='bbox 2246 2163 2368 2219; x_wconf 88' lang='lat'><strong>776.</strong></span> <span class='ocrx_word' id='word_1_324' title='bbox 2551 2163 2642 2218; x_wconf 78' lang='grc'><strong>55.</strong></span> <span class='ocrx_word' id='word_1_325' title='bbox 2791 2161 2880 2216; x_wconf 87' lang='grc'><strong>19.</strong></span> <span class='ocrx_word' id='word_1_326' title='bbox 3096 2158 3152 2214; x_wconf 89' lang='grc'><strong>8.</strong></span> <span class='ocrx_word' id='word_1_327' title='bbox 3545 2158 3599 2214; x_wconf 87' lang='lat'><strong>6‘.</strong></span> 
     </span>
    </p>
   </div>
   <div class='ocr_carea' id='block_1_52' title="bbox 2243 2246 3778 2327">
    <p class='ocr_par' dir='ltr' id='par_1_52' title="bbox 2243 2246 3778 2327">
     <span class='ocr_line' id='line_1_52' title="bbox 2243 2246 3778 2327; baseline -0.003 -17"><span class='ocrx_word' id='word_1_328' title='bbox 2243 2254 2341 2327; x_wconf 87' lang='lat' dir='ltr'><strong>(H.</strong></span> <span class='ocrx_word' id='word_1_329' title='bbox 2378 2246 2484 2323; x_wconf 68' lang='grc' dir='ltr'><strong>ῆι.)</strong></span> <span class='ocrx_word' id='word_1_330' title='bbox 2534 2253 2931 2310; x_wconf 88' lang='lat' dir='ltr'><strong>Constantinus</strong></span> <span class='ocrx_word' id='word_1_331' title='bbox 2981 2252 3279 2323; x_wconf 88' lang='lat' dir='ltr'><strong>imperator</strong></span> <span class='ocrx_word' id='word_1_332' title='bbox 3320 2251 3477 2322; x_wconf 84' lang='lat' dir='ltr'><strong>plaga</strong></span> <span class='ocrx_word' id='word_1_333' title='bbox 3528 2250 3778 2321; x_wconf 81' lang='lat' dir='ltr'><strong>pessimi</strong></span> 
     </span>
    </p>
   </div>
   <div class='ocr_carea' id='block_1_53' title="bbox 2172 2341 3755 2414">
    <p class='ocr_par' dir='ltr' id='par_1_53' title="bbox 2172 2341 3755 2414">
     <span class='ocr_line' id='line_1_53' title="bbox 2172 2341 3755 2414; baseline -0.004 -11"><span class='ocrx_word' id='word_1_334' title='bbox 2172 2346 2407 2403; x_wconf 85' lang='lat' dir='ltr'><strong>incendii</strong></span> <span class='ocrx_word' id='word_1_335' title='bbox 2433 2345 2696 2401; x_wconf 91' lang='lat' dir='ltr'><strong>divinitus</strong></span> <span class='ocrx_word' id='word_1_336' title='bbox 2737 2344 3064 2414; x_wconf 87' lang='lat' dir='ltr'><strong>percutitur,</strong></span> <span class='ocrx_word' id='word_1_337' title='bbox 3093 2351 3149 2400; x_wconf 93' lang='lat' dir='ltr'><strong>et</strong></span> <span class='ocrx_word' id='word_1_338' title='bbox 3189 2343 3436 2399; x_wconf 89' lang='lat' dir='ltr'><strong>clamans</strong></span> <span class='ocrx_word' id='word_1_339' title='bbox 3464 2341 3650 2397; x_wconf 85' lang='lat' dir='ltr'><strong>adhuc</strong></span> <span class='ocrx_word' id='word_1_340' title='bbox 3676 2342 3755 2396; x_wconf 84' lang='lat' dir='ltr'><strong>vi-</strong></span> 
     </span>
    </p>
   </div>
   <div class='ocr_carea' id='block_1_54' title="bbox 2170 2433 3778 2509">
    <p class='ocr_par' dir='ltr' id='par_1_54' title="bbox 2170 2433 3778 2509">
     <span class='ocr_line' id='line_1_54' title="bbox 2170 2433 3778 2509; baseline -0.004 -16"><span class='ocrx_word' id='word_1_341' title='bbox 2170 2453 2313 2494; x_wconf 88' lang='lat' dir='ltr'><strong>vus:</strong></span> <span class='ocrx_word' id='word_1_342' title='bbox 2346 2435 2469 2509; x_wconf 86' lang='lat' dir='ltr'><strong>Igm&#39;</strong></span> <span class='ocrx_word' id='word_1_343' title='bbox 2496 2452 2617 2491; x_wconf 79' lang='lat' dir='ltr'><strong>sum</strong></span> <span class='ocrx_word' id='word_1_344' title='bbox 2658 2435 3055 2507; x_wconf 68' lang='lat' dir='ltr'><strong>inextinguibili</strong></span> <span class='ocrx_word' id='word_1_345' title='bbox 3081 2434 3335 2501; x_wconf 80' lang='lat' dir='ltr'><strong>traditus,</strong></span> <span class='ocrx_word' id='word_1_346' title='bbox 3368 2433 3778 2490; x_wconf 87' lang='lat' dir='ltr'><strong>miserabiliter</strong></span> 
     </span>
    </p>
   </div>
   <div class='ocr_carea' id='block_1_55' title="bbox 2171 2524 3766 2607">
    <p class='ocr_par' dir='ltr' id='par_1_55' title="bbox 2171 2524 3766 2607">
     <span class='ocr_line' id='line_1_55' title="bbox 2171 2524 3766 2607; baseline -0.004 -21"><span class='ocrx_word' id='word_1_347' title='bbox 2171 2529 2425 2586; x_wconf 85' lang='lat' dir='ltr'><strong>moritur.</strong></span> <span class='ocrx_word' id='word_1_348' title='bbox 2455 2526 2588 2584; x_wconf 85' lang='lat' dir='ltr'><strong>Post</strong></span> <span class='ocrx_word' id='word_1_349' title='bbox 2616 2543 2783 2607; x_wconf 84' lang='lat' dir='ltr'><strong>quem</strong></span> <span class='ocrx_word' id='word_1_350' title='bbox 2812 2526 2960 2584; x_wconf 82' lang='lat' dir='ltr'><strong>ﬁlius</strong></span> <span class='ocrx_word' id='word_1_351' title='bbox 2979 2526 3100 2597; x_wconf 88' lang='lat' dir='ltr'><strong>ejus</strong></span> <span class='ocrx_word' id='word_1_352' title='bbox 3121 2524 3233 2581; x_wconf 86' lang='lat' dir='ltr'><strong>Leo</strong></span> <span class='ocrx_word' id='word_1_353' title='bbox 3255 2525 3418 2581; x_wconf 89' lang='lat' dir='ltr'><strong>annis</strong></span> <span class='ocrx_word' id='word_1_354' title='bbox 3436 2525 3471 2580; x_wconf 80' lang='lat'><strong>5</strong></span> <span class='ocrx_word' id='word_1_355' title='bbox 3499 2525 3766 2594; x_wconf 87' lang='lat' dir='ltr'><strong>imperat.</strong></span> 
     </span>
    </p>
   </div>
   <div class='ocr_carea' id='block_1_56' title="bbox 2171 2616 3769 2699">
    <p class='ocr_par' dir='ltr' id='par_1_56' title="bbox 2171 2616 3769 2699">
     <span class='ocr_line' id='line_1_56' title="bbox 2171 2616 3769 2699; baseline -0.004 -20"><span class='ocrx_word' id='word_1_356' title='bbox 2171 2622 2467 2681; x_wconf 86' lang='lat' dir='ltr'><strong>Habdallas</strong></span> <span class='ocrx_word' id='word_1_357' title='bbox 2486 2623 2650 2679; x_wconf 91' lang='lat' dir='ltr'><strong>etiam</strong></span> <span class='ocrx_word' id='word_1_358' title='bbox 2679 2623 2884 2681; x_wconf 86' lang='lat' dir='ltr'><strong>amiras</strong></span> <span class='ocrx_word' id='word_1_359' title='bbox 2928 2621 3182 2685; x_wconf 89' lang='lat' dir='ltr'><strong>moritur,</strong></span> <span class='ocrx_word' id='word_1_360' title='bbox 3234 2626 3361 2699; x_wconf 82' lang='lat' dir='ltr'><strong>post</strong></span> <span class='ocrx_word' id='word_1_361' title='bbox 3403 2633 3567 2689; x_wconf 90' lang='lat' dir='ltr'><strong>quem</strong></span> <span class='ocrx_word' id='word_1_362' title='bbox 3598 2616 3769 2688; x_wconf 80' lang='lat' dir='ltr'><strong>Mady</strong></span> 
     </span>
    </p>
   </div>
   <div class='ocr_carea' id='block_1_57' title="bbox 2172 2707 3769 2784">
    <p class='ocr_par' dir='ltr' id='par_1_57' title="bbox 2172 2707 3769 2784">
     <span class='ocr_line' id='line_1_57' title="bbox 2172 2707 3769 2784; baseline -0.005 -12"><span class='ocrx_word' id='word_1_363' title='bbox 2172 2717 2333 2775; x_wconf 84' lang='lat' dir='ltr'><strong>annis</strong></span> <span class='ocrx_word' id='word_1_364' title='bbox 2359 2716 2393 2772; x_wconf 87' lang='lat'><strong>9</strong></span> <span class='ocrx_word' id='word_1_365' title='bbox 2429 2713 2718 2770; x_wconf 82' lang='lat' dir='ltr'><strong>Saracenis</strong></span> <span class='ocrx_word' id='word_1_366' title='bbox 2737 2712 3096 2784; x_wconf 89' lang='lat' dir='ltr'><strong>principatur.</strong></span> <span class='ocrx_word' id='word_1_367' title='bbox 3130 2710 3305 2783; x_wconf 80' lang='lat' dir='ltr'><strong>(Men.</strong></span> <span class='ocrx_word' id='word_1_368' title='bbox 3343 2708 3481 2782; x_wconf 88' lang='lat' dir='ltr'><strong>[L.])</strong></span> <span class='ocrx_word' id='word_1_369' title='bbox 3522 2707 3769 2764; x_wconf 80' lang='lat' dir='ltr'><strong>lnltalia</strong></span> 
     </span>
    </p>
   </div>
   <div class='ocr_carea' id='block_1_58' title="bbox 2172 2801 3768 2880">
    <p class='ocr_par' dir='ltr' id='par_1_58' title="bbox 2172 2801 3768 2880">
     <span class='ocr_line' id='line_1_58' title="bbox 2172 2801 3768 2880; baseline -0.006 -16"><span class='ocrx_word' id='word_1_370' title='bbox 2172 2807 2502 2880; x_wconf 77' lang='lat' dir='ltr'><strong>quibusdam</strong></span> <span class='ocrx_word' id='word_1_371' title='bbox 2529 2806 2883 2863; x_wconf 89' lang='lat' dir='ltr'><strong>rebellionem</strong></span> <span class='ocrx_word' id='word_1_372' title='bbox 2904 2803 3317 2869; x_wconf 88' lang='lat' dir='ltr'><strong>meditantibus,</strong></span> <span class='ocrx_word' id='word_1_373' title='bbox 3353 2801 3565 2865; x_wconf 79' lang='lat' dir='ltr'><strong>italiam</strong></span> <span class='ocrx_word' id='word_1_374' title='bbox 3596 2817 3768 2872; x_wconf 90' lang='lat' dir='ltr'><strong>repe-</strong></span> 
     </span>
    </p>
   </div>
   <div class='ocr_carea' id='block_1_59' title="bbox 2172 2886 3768 2968">
    <p class='ocr_par' dir='ltr' id='par_1_59' title="bbox 2172 2886 3768 2968">
     <span class='ocr_line' id='line_1_59' title="bbox 2172 2886 3768 2968; baseline -0.005 -10"><span class='ocrx_word' id='word_1_375' title='bbox 2172 2886 2239 2958; x_wconf 85' lang='lat' dir='ltr'><strong>tit</strong></span> <span class='ocrx_word' id='word_1_376' title='bbox 2278 2901 2541 2968; x_wconf 81' lang='lat' dir='ltr'><strong>Karolus;</strong></span> <span class='ocrx_word' id='word_1_377' title='bbox 2608 2899 2800 2955; x_wconf 91' lang='lat' dir='ltr'><strong>urbem</strong></span> <span class='ocrx_word' id='word_1_378' title='bbox 2834 2897 3036 2953; x_wconf 84' lang='lat' dir='ltr'><strong>Forum</strong></span> <span class='ocrx_word' id='word_1_379' title='bbox 3086 2895 3217 2952; x_wconf 84' lang='lat' dir='ltr'><strong>Julii</strong></span> <span class='ocrx_word' id='word_1_380' title='bbox 3267 2895 3434 2967; x_wconf 90' lang='lat' dir='ltr'><strong>capit,</strong></span> <span class='ocrx_word' id='word_1_381' title='bbox 3464 2903 3521 2950; x_wconf 91' lang='lat' dir='ltr'><strong>et</strong></span> <span class='ocrx_word' id='word_1_382' title='bbox 3559 2895 3768 2951; x_wconf 88' lang='lat' dir='ltr'><strong>ducem</strong></span> 
     </span>
    </p>
   </div>
   <div class='ocr_carea' id='block_1_60' title="bbox 2172 2975 3769 3067">
    <p class='ocr_par' dir='ltr' id='par_1_60' title="bbox 2172 2975 3769 3067">
     <span class='ocr_line' id='line_1_60' title="bbox 2172 2975 3769 3067; baseline -0.008 -16"><span class='ocrx_word' id='word_1_383' title='bbox 2172 2996 2293 3067; x_wconf 89' lang='lat' dir='ltr'><strong>ejus</strong></span> <span class='ocrx_word' id='word_1_384' title='bbox 2318 2975 2708 3066; x_wconf 82' lang='lat' dir='ltr'><strong>Rothgandum</strong></span> <span class='ocrx_word' id='word_1_385' title='bbox 2746 2989 3057 3053; x_wconf 85' lang='lat' dir='ltr'><strong>rebellionis</strong></span> <span class='ocrx_word' id='word_1_386' title='bbox 3104 2988 3447 3043; x_wconf 90' lang='lat' dir='ltr'><strong>incentorem</strong></span> <span class='ocrx_word' id='word_1_387' title='bbox 3495 2985 3769 3041; x_wconf 87' lang='lat' dir='ltr'><strong>decollari</strong></span> 
     </span>
    </p>
   </div>
   <div class='ocr_carea' id='block_1_61' title="bbox 559 3075 3764 3163">
    <p class='ocr_par' dir='ltr' id='par_1_61' title="bbox 559 3075 3764 3163">
     <span class='ocr_line' id='line_1_61' title="bbox 559 3075 3764 3163; baseline -0.005 -16"><span class='ocrx_word' id='word_1_388' title='bbox 559 3075 961 3149; x_wconf 57' lang='lat' dir='ltr'><strong>(Ib-)‘Adﬁano</strong></span> <span class='ocrx_word' id='word_1_389' title='bbox 982 3092 1122 3149; x_wconf 70' lang='lat' dir='ltr'><strong>Papa</strong></span> <span class='ocrx_word' id='word_1_390' title='bbox 1143 3086 1335 3134; x_wconf 69' lang='grc' dir='ltr'><strong>οοῐηη</strong></span> <span class='ocrx_word' id='word_1_391' title='bbox 1361 3078 1702 3135; x_wconf 72' lang='lat' dir='ltr'><strong>DeSideI‘ium</strong></span> <span class='ocrx_word' id='word_1_392' title='bbox 1724 3094 1907 3152; x_wconf 81' lang='lat' dir='ltr'><strong>regem</strong></span> <span class='ocrx_word' id='word_1_393' title='bbox 1937 3094 2071 3136; x_wconf 89' lang='lat' dir='ltr'><strong>con—</strong></span> <span class='ocrx_word' id='word_1_394' title='bbox 2097 3102 2151 3160; x_wconf 70' lang='lat' dir='ltr'><strong>c.</strong></span> <span class='ocrx_word' id='word_1_395' title='bbox 2171 3086 2446 3158; x_wconf 62' lang='lat' dir='ltr'><strong>praecipit;</strong></span> <span class='ocrx_word' id='word_1_396' title='bbox 2477 3091 2638 3157; x_wconf 82' lang='lat' dir='ltr'><strong>capta</strong></span> <span class='ocrx_word' id='word_1_397' title='bbox 2662 3096 2881 3163; x_wconf 84' lang='lat' dir='ltr'><strong>quoque</strong></span> <span class='ocrx_word' id='word_1_398' title='bbox 2907 3080 3157 3136; x_wconf 83' lang='lat' dir='ltr'><strong>Tarvisio</strong></span> <span class='ocrx_word' id='word_1_399' title='bbox 3202 3079 3360 3145; x_wconf 87' lang='lat' dir='ltr'><strong>urbe,</strong></span> <span class='ocrx_word' id='word_1_400' title='bbox 3388 3077 3606 3134; x_wconf 60' lang='lat' dir='ltr'><strong>caeteris</strong></span> <span class='ocrx_word' id='word_1_401' title='bbox 3630 3092 3764 3131; x_wconf 78' lang='lat' dir='ltr'><strong>ma-</strong></span> 
     </span>
    </p>
   </div>
   <div class='ocr_carea' id='block_1_62' title="bbox 485 3166 2069 3242">
    <p class='ocr_par' dir='ltr' id='par_1_62' title="bbox 485 3166 2069 3242">
     <span class='ocr_line' id='line_1_62' title="bbox 485 3166 2069 3242; baseline 0.003 -20"><span class='ocrx_word' id='word_1_402' title='bbox 485 3174 750 3238; x_wconf 84' lang='lat' dir='ltr'><strong>querentc</strong></span> <span class='ocrx_word' id='word_1_403' title='bbox 786 3166 857 3224; x_wconf 88' lang='lat' dir='ltr'><strong>de</strong></span> <span class='ocrx_word' id='word_1_404' title='bbox 898 3169 1090 3225; x_wconf 88' lang='lat' dir='ltr'><strong>multis</strong></span> <span class='ocrx_word' id='word_1_405' title='bbox 1122 3169 1445 3238; x_wconf 88' lang='lat' dir='ltr'><strong>injustitiis,</strong></span> <span class='ocrx_word' id='word_1_406' title='bbox 1475 3169 1709 3226; x_wconf 82' lang='lat' dir='ltr'><strong>Karolus</strong></span> <span class='ocrx_word' id='word_1_407' title='bbox 1733 3170 1943 3226; x_wconf 88' lang='lat' dir='ltr'><strong>Italiam</strong></span> <span class='ocrx_word' id='word_1_408' title='bbox 1968 3186 2069 3242; x_wconf 86' lang='lat' dir='ltr'><strong>pe-</strong></span> 
     </span>
    </p>
   </div>
   <div class='ocr_carea' id='block_1_63' title="bbox 484 3259 2068 3333">
    <p class='ocr_par' dir='ltr' id='par_1_63' title="bbox 484 3259 2068 3333">
     <span class='ocr_line' id='line_1_63' title="bbox 484 3259 2068 3333; baseline 0.002 -18"><span class='ocrx_word' id='word_1_409' title='bbox 484 3260 593 3327; x_wconf 91' lang='lat' dir='ltr'><strong>tit,</strong></span> <span class='ocrx_word' id='word_1_410' title='bbox 651 3268 715 3316; x_wconf 91' lang='lat' dir='ltr'><strong>et-</strong></span> <span class='ocrx_word' id='word_1_411' title='bbox 748 3259 1086 3317; x_wconf 81' lang='lat' dir='ltr'><strong>Desiderium</strong></span> <span class='ocrx_word' id='word_1_412' title='bbox 1151 3262 1297 3321; x_wconf 75' lang='lat' dir='ltr'><strong>intra</strong></span> <span class='ocrx_word' id='word_1_413' title='bbox 1340 3261 1566 3333; x_wconf 84' lang='lat' dir='ltr'><strong>Papiam</strong></span> <span class='ocrx_word' id='word_1_414' title='bbox 1615 3263 1865 3320; x_wconf 87' lang='lat' dir='ltr'><strong>clausum</strong></span> <span class='ocrx_word' id='word_1_415' title='bbox 1916 3264 2068 3320; x_wconf 85' lang='lat' dir='ltr'><strong>obsi-</strong></span> 
     </span>
    </p>
   </div>
   <div class='ocr_carea' id='block_1_64' title="bbox 487 3351 704 3407">
    <p class='ocr_par' dir='ltr' id='par_1_64' title="bbox 487 3351 704 3407">
     <span class='ocr_line' id='line_1_64' title="bbox 487 3351 704 3407; baseline 0.005 -1"><span class='ocrx_word' id='word_1_416' title='bbox 487 3351 582 3407; x_wconf 80' lang='lat' dir='ltr'><strong>det</strong></span> <span class='ocrx_word' id='word_1_417' title='bbox 614 3351 704 3407; x_wconf 60' lang='grc'><strong>⁸⁸⁸.</strong></span> 
     </span>
    </p>
   </div>
   <div class='ocr_carea' id='block_1_65' title="bbox 561 3442 1911 3505">
    <p class='ocr_par' dir='ltr' id='par_1_65' title="bbox 561 3442 1911 3505">
     <span class='ocr_line' id='line_1_65' title="bbox 561 3442 1911 3505; baseline 0.007 -9"><span class='ocrx_word' id='word_1_418' title='bbox 561 3442 687 3498; x_wconf 64' lang='grc'><strong>774.</strong></span> <span class='ocrx_word' id='word_1_419' title='bbox 869 3446 961 3502; x_wconf 75' lang='lat'><strong>35‘.</strong></span> <span class='ocrx_word' id='word_1_420' title='bbox 1111 3447 1197 3502; x_wconf 84' lang='grc'><strong>17.</strong></span> <span class='ocrx_word' id='word_1_421' title='bbox 1381 3448 1436 3503; x_wconf 71' lang='grc'><strong>6.</strong></span> <span class='ocrx_word' id='word_1_422' title='bbox 1585 3450 1672 3505; x_wconf 86' lang='grc'><strong>18.</strong></span> <span class='ocrx_word' id='word_1_423' title='bbox 1856 3451 1911 3505; x_wconf 64' lang='grc'><strong>1.</strong></span> 
     </span>
    </p>
   </div>
   <div class='ocr_carea' id='block_1_66' title="bbox 567 3533 2081 3612">
    <p class='ocr_par' dir='ltr' id='par_1_66' title="bbox 567 3533 2081 3612">
     <span class='ocr_line' id='line_1_66' title="bbox 567 3533 2081 3612; baseline 0.006 -23"><span class='ocrx_word' id='word_1_424' title='bbox 567 3533 785 3608; x_wconf 69' lang='lat' dir='ltr'><strong>(Latin)</strong></span> <span class='ocrx_word' id='word_1_425' title='bbox 825 3536 1072 3596; x_wconf 87' lang='lat' dir='ltr'><strong>Saxones</strong></span> <span class='ocrx_word' id='word_1_426' title='bbox 1107 3549 1270 3611; x_wconf 89' lang='lat' dir='ltr'><strong>rupto</strong></span> <span class='ocrx_word' id='word_1_427' title='bbox 1291 3542 1445 3612; x_wconf 85' lang='lat' dir='ltr'><strong>pacis</strong></span> <span class='ocrx_word' id='word_1_428' title='bbox 1478 3542 1684 3598; x_wconf 63' lang='lat' dir='ltr'><strong>findere</strong></span> <span class='ocrx_word' id='word_1_429' title='bbox 1726 3542 2081 3598; x_wconf 25' lang='lat' dir='ltr'><strong>Francorum.</strong></span> 
     </span>
    </p>
   </div>
   <div class='ocr_carea' id='block_1_67' title="bbox 490 3627 2074 3703">
    <p class='ocr_par' dir='ltr' id='par_1_67' title="bbox 490 3627 2074 3703">
     <span class='ocr_line' id='line_1_67' title="bbox 490 3627 2074 3703; baseline 0.007 -22"><span class='ocrx_word' id='word_1_430' title='bbox 490 3627 628 3683; x_wconf 87' lang='lat' dir='ltr'><strong>lines</strong></span> <span class='ocrx_word' id='word_1_431' title='bbox 672 3638 928 3699; x_wconf 87' lang='lat' dir='ltr'><strong>premunt</strong></span> <span class='ocrx_word' id='word_1_432' title='bbox 954 3632 1082 3703; x_wconf 87' lang='lat' dir='ltr'><strong>igne</strong></span> <span class='ocrx_word' id='word_1_433' title='bbox 1115 3641 1170 3687; x_wconf 91' lang='lat' dir='ltr'><strong>et</strong></span> <span class='ocrx_word' id='word_1_434' title='bbox 1197 3634 1379 3699; x_wconf 69' lang='lat' dir='ltr'><strong>caede;</strong></span> <span class='ocrx_word' id='word_1_435' title='bbox 1411 3634 1510 3689; x_wconf 87' lang='lat' dir='ltr'><strong>sed</strong></span> <span class='ocrx_word' id='word_1_436' title='bbox 1533 3642 1718 3690; x_wconf 90' lang='lat' dir='ltr'><strong>tamen</strong></span> <span class='ocrx_word' id='word_1_437' title='bbox 1766 3634 2074 3692; x_wconf 67' lang='lat' dir='ltr'><strong>aacolesiam</strong></span> 
     </span>
    </p>
   </div>
   <div class='ocr_carea' id='block_1_68' title="bbox 486 3717 2071 3792">
    <p class='ocr_par' dir='ltr' id='par_1_68' title="bbox 486 3717 2071 3792">
     <span class='ocr_line' id='line_1_68' title="bbox 486 3717 2071 3792; baseline 0.005 -20"><span class='ocrx_word' id='word_1_438' title='bbox 486 3718 546 3772; x_wconf 78' lang='lat' dir='ltr'><strong>in</strong></span> <span class='ocrx_word' id='word_1_439' title='bbox 569 3717 818 3777; x_wconf 84' lang='lat' dir='ltr'><strong>Fritislar</strong></span> <span class='ocrx_word' id='word_1_440' title='bbox 842 3731 1123 3792; x_wconf 85' lang='lat' dir='ltr'><strong>nequeunt</strong></span> <span class='ocrx_word' id='word_1_441' title='bbox 1152 3722 1465 3782; x_wconf 84' lang='lat' dir='ltr'><strong>ineendere.</strong></span> <span class='ocrx_word' id='word_1_442' title='bbox 1497 3739 1664 3792; x_wconf 90' lang='lat' dir='ltr'><strong>quam</strong></span> <span class='ocrx_word' id='word_1_443' title='bbox 1710 3732 1935 3779; x_wconf 89' lang='lat' dir='ltr'><strong>sanctus</strong></span> <span class='ocrx_word' id='word_1_444' title='bbox 1962 3725 2071 3780; x_wconf 91' lang='lat' dir='ltr'><strong>Be-</strong></span> 
     </span>
    </p>
   </div>
   <div class='ocr_carea' id='block_1_69' title="bbox 486 3809 2074 3886">
    <p class='ocr_par' dir='ltr' id='par_1_69' title="bbox 486 3809 2074 3886">
     <span class='ocr_line' id='line_1_69' title="bbox 486 3809 2074 3886; baseline 0.005 -23"><span class='ocrx_word' id='word_1_445' title='bbox 486 3809 736 3866; x_wconf 83' lang='lat' dir='ltr'><strong>nefacius</strong></span> <span class='ocrx_word' id='word_1_446' title='bbox 764 3810 1063 3878; x_wconf 75' lang='lat' dir='ltr'><strong>benedixit,</strong></span> <span class='ocrx_word' id='word_1_447' title='bbox 1095 3826 1641 3883; x_wconf 78' lang='lat' dir='ltr'><strong>eamque-nunquam</strong></span> <span class='ocrx_word' id='word_1_448' title='bbox 1668 3814 1794 3886; x_wconf 88' lang='lat' dir='ltr'><strong>igne</strong></span> <span class='ocrx_word' id='word_1_449' title='bbox 1821 3830 2074 3872; x_wconf 88' lang='lat' dir='ltr'><strong>creman-</strong></span> 
     </span>
    </p>
   </div>
   <div class='ocr_carea' id='block_1_70' title="bbox 484 3902 2074 3978">
    <p class='ocr_par' dir='ltr' id='par_1_70' title="bbox 484 3902 2074 3978">
     <span class='ocr_line' id='line_1_70' title="bbox 484 3902 2074 3978; baseline 0.004 -21"><span class='ocrx_word' id='word_1_450' title='bbox 484 3902 612 3957; x_wconf 84' lang='lat' dir='ltr'><strong>dam</strong></span> <span class='ocrx_word' id='word_1_451' title='bbox 636 3903 906 3972; x_wconf 63' lang='lat' dir='ltr'><strong>praedixit.</strong></span> <span class='ocrx_word' id='word_1_452' title='bbox 945 3902 1087 3974; x_wconf 72' lang='lat' dir='ltr'><strong>(Ion.</strong></span> <span class='ocrx_word' id='word_1_453' title='bbox 1133 3902 1257 3957; x_wconf 73' lang='lat' dir='ltr'><strong>Vita</strong></span> <span class='ocrx_word' id='word_1_454' title='bbox 1284 3903 1502 3975; x_wconf 81' lang='lat' dir='ltr'><strong>Gregor.</strong></span> <span class='ocrx_word' id='word_1_455' title='bbox 1536 3904 1612 3960; x_wconf 74' lang='grc' dir='ltr'><strong>Μ.</strong></span> <span class='ocrx_word' id='word_1_456' title='bbox 1642 3922 1705 3972; x_wconf 73' lang='lat'><strong>11-,</strong></span> <span class='ocrx_word' id='word_1_457' title='bbox 1729 3906 1810 3978; x_wconf 89' lang='lat'><strong>9.)</strong></span> <span class='ocrx_word' id='word_1_458' title='bbox 1836 3906 2074 3964; x_wconf 84' lang='lat' dir='ltr'><strong>Karolus</strong></span> 
     </span>
    </p>
   </div>
   <div class='ocr_carea' id='block_1_71' title="bbox 486 3993 2074 4057">
    <p class='ocr_par' dir='ltr' id='par_1_71' title="bbox 486 3993 2074 4057">
     <span class='ocr_line' id='line_1_71' title="bbox 486 3993 2074 4057; baseline 0.005 -9"><span class='ocrx_word' id='word_1_459' title='bbox 486 4007 584 4048; x_wconf 87' lang='lat' dir='ltr'><strong>rex</strong></span> <span class='ocrx_word' id='word_1_460' title='bbox 614 3993 861 4050; x_wconf 66' lang='lat' dir='ltr'><strong>olensus</strong></span> <span class='ocrx_word' id='word_1_461' title='bbox 890 3994 1233 4050; x_wconf 79' lang='lat' dir='ltr'><strong>dissonantia</strong></span> <span class='ocrx_word' id='word_1_462' title='bbox 1284 3994 1657 4054; x_wconf 57' lang='lat' dir='ltr'><strong>ecclesiastici</strong></span> <span class='ocrx_word' id='word_1_463' title='bbox 1706 4008 1904 4055; x_wconf 79' lang='lat' dir='ltr'><strong>cantus</strong></span> <span class='ocrx_word' id='word_1_464' title='bbox 1932 4000 2074 4057; x_wconf 75' lang='lat' dir='ltr'><strong>inter</strong></span> 
     </span>
    </p>
   </div>
   <div class='ocr_carea' id='block_1_72' title="bbox 490 4081 2079 4161">
    <p class='ocr_par' dir='ltr' id='par_1_72' title="bbox 490 4081 2079 4161">
     <span class='ocr_line' id='line_1_72' title="bbox 490 4081 2079 4161; baseline 0.006 -24"><span class='ocrx_word' id='word_1_465' title='bbox 490 4081 773 4161; x_wconf 79' lang='lat' dir='ltr'><strong>Romanos</strong></span> <span class='ocrx_word' id='word_1_466' title='bbox 795 4092 850 4139; x_wconf 92' lang='lat' dir='ltr'><strong>et</strong></span> <span class='ocrx_word' id='word_1_467' title='bbox 881 4083 1087 4152; x_wconf 84' lang='lat' dir='ltr'><strong>Gallos,</strong></span> <span class='ocrx_word' id='word_1_468' title='bbox 1122 4093 1177 4141; x_wconf 92' lang='lat' dir='ltr'><strong>et</strong></span> <span class='ocrx_word' id='word_1_469' title='bbox 1190 4085 1447 4155; x_wconf 89' lang='lat' dir='ltr'><strong>judicans</strong></span> <span class='ocrx_word' id='word_1_470' title='bbox 1464 4087 1670 4157; x_wconf 89' lang='lat' dir='ltr'><strong>justius</strong></span> <span class='ocrx_word' id='word_1_471' title='bbox 1690 4104 1825 4145; x_wconf 46' lang='lat' dir='ltr'><strong>esse.</strong></span> <span class='ocrx_word' id='word_1_472' title='bbox 1836 4091 1905 4146; x_wconf 90' lang='lat' dir='ltr'><strong>de</strong></span> <span class='ocrx_word' id='word_1_473' title='bbox 1933 4106 2079 4161; x_wconf 87' lang='lat' dir='ltr'><strong>puro</strong></span> 
     </span>
    </p>
   </div>
   <div class='ocr_carea' id='block_1_73' title="bbox 490 4158 2073 4248">
    <p class='ocr_par' dir='ltr' id='par_1_73' title="bbox 490 4158 2073 4248">
     <span class='ocr_line' id='line_1_73' title="bbox 490 4158 2073 4248; baseline 0.006 -20"><span class='ocrx_word' id='word_1_474' title='bbox 490 4158 662 4242; x_wconf 75' lang='lat' dir='ltr'><strong>fonte,</strong></span> <span class='ocrx_word' id='word_1_475' title='bbox 698 4190 864 4247; x_wconf 87' lang='lat' dir='ltr'><strong>quam</strong></span> <span class='ocrx_word' id='word_1_476' title='bbox 890 4176 960 4231; x_wconf 92' lang='lat' dir='ltr'><strong>de</strong></span> <span class='ocrx_word' id='word_1_477' title='bbox 989 4168 1216 4232; x_wconf 83' lang='lat' dir='ltr'><strong>turbato</strong></span> <span class='ocrx_word' id='word_1_478' title='bbox 1236 4178 1357 4234; x_wconf 90' lang='lat' dir='ltr'><strong>rivo</strong></span> <span class='ocrx_word' id='word_1_479' title='bbox 1398 4178 1585 4235; x_wconf 80' lang='lat' dir='ltr'><strong>bibere</strong></span> <span class='ocrx_word' id='word_1_480' title='bbox 1609 4221 1624 4248; x_wconf 95' lang='lat'><strong>,</strong></span> <span class='ocrx_word' id='word_1_481' title='bbox 1666 4180 1816 4236; x_wconf 87' lang='lat' dir='ltr'><strong>duos</strong></span> <span class='ocrx_word' id='word_1_482' title='bbox 1842 4158 2073 4246; x_wconf 73' lang='lat' dir='ltr'><strong>clericos</strong></span> 
     </span>
    </p>
   </div>
   <div class='ocr_carea' id='block_1_74' title="bbox 495 4266 2074 4335">
    <p class='ocr_par' dir='ltr' id='par_1_74' title="bbox 495 4266 2074 4335">
     <span class='ocr_line' id='line_1_74' title="bbox 495 4266 2074 4335; baseline 0.006 -16"><span class='ocrx_word' id='word_1_483' title='bbox 495 4266 725 4321; x_wconf 74' lang='lat' dir='ltr'><strong>Romam</strong></span> <span class='ocrx_word' id='word_1_484' title='bbox 780 4266 954 4335; x_wconf 89' lang='lat' dir='ltr'><strong>misit,</strong></span> <span class='ocrx_word' id='word_1_485' title='bbox 1005 4276 1077 4323; x_wconf 85' lang='lat' dir='ltr'><strong>ut</strong></span> <span class='ocrx_word' id='word_1_486' title='bbox 1111 4268 1448 4326; x_wconf 88' lang='lat' dir='ltr'><strong>autenticum</strong></span> <span class='ocrx_word' id='word_1_487' title='bbox 1487 4281 1711 4327; x_wconf 82' lang='lat' dir='ltr'><strong>cantum</strong></span> <span class='ocrx_word' id='word_1_488' title='bbox 1743 4286 1775 4327; x_wconf 90' lang='lat' dir='ltr'><strong>a</strong></span> <span class='ocrx_word' id='word_1_489' title='bbox 1810 4270 2074 4330; x_wconf 80' lang='lat' dir='ltr'><strong>Romanis</strong></span> 
     </span>
    </p>
   </div>
   <div class='ocr_carea' id='block_1_75' title="bbox 488 4357 2072 4434">
    <p class='ocr_par' dir='ltr' id='par_1_75' title="bbox 488 4357 2072 4434">
     <span class='ocr_line' id='line_1_75' title="bbox 488 4357 2072 4434; baseline 0.005 -20"><span class='ocrx_word' id='word_1_490' title='bbox 488 4359 767 4414; x_wconf 86' lang='lat' dir='ltr'><strong>discerent</strong></span> <span class='ocrx_word' id='word_1_491' title='bbox 795 4367 861 4414; x_wconf 84' lang='lat' dir='ltr'><strong>et-</strong></span> <span class='ocrx_word' id='word_1_492' title='bbox 878 4357 1361 4430; x_wconf 73' lang='lat' dir='ltr'><strong>Gallos&#39;docerent.</strong></span> <span class='ocrx_word' id='word_1_493' title='bbox 1393 4361 1462 4417; x_wconf 80' lang='lat' dir='ltr'><strong>Et</strong></span> <span class='ocrx_word' id='word_1_494' title='bbox 1479 4377 1577 4434; x_wconf 90' lang='lat' dir='ltr'><strong>per</strong></span> <span class='ocrx_word' id='word_1_495' title='bbox 1605 4363 1706 4423; x_wconf 85' lang='lat' dir='ltr'><strong>hos</strong></span> <span class='ocrx_word' id='word_1_496' title='bbox 1728 4364 1908 4434; x_wconf 89' lang='lat' dir='ltr'><strong>primo</strong></span> <span class='ocrx_word' id='word_1_497' title='bbox 1934 4364 2072 4422; x_wconf 77' lang='lat' dir='ltr'><strong>Met-</strong></span> 
     </span>
    </p>
   </div>
   <div class='ocr_carea' id='block_1_76' title="bbox 491 4438 2916 4523">
    <p class='ocr_par' dir='ltr' id='par_1_76' title="bbox 491 4438 2916 4523">
     <span class='ocr_line' id='line_1_76' title="bbox 491 4438 2916 4523; baseline 0.002 -18"><span class='ocrx_word' id='word_1_498' title='bbox 491 4448 664 4506; x_wconf 85' lang='lat' dir='ltr'><strong>tensis</strong></span> <span class='ocrx_word' id='word_1_499' title='bbox 697 4450 966 4518; x_wconf 69' lang='lat' dir='ltr'><strong>mwlesia,</strong></span> <span class='ocrx_word' id='word_1_500' title='bbox 989 4459 1045 4506; x_wconf 92' lang='lat' dir='ltr'><strong>et</strong></span> <span class='ocrx_word' id='word_1_501' title='bbox 1063 4467 1162 4523; x_wconf 89' lang='lat' dir='ltr'><strong>per</strong></span> <span class='ocrx_word' id='word_1_502' title='bbox 1187 4452 1337 4508; x_wconf 87' lang='lat' dir='ltr'><strong>illam</strong></span> <span class='ocrx_word' id='word_1_503' title='bbox 1368 4455 1553 4510; x_wconf 89' lang='lat' dir='ltr'><strong>omnis</strong></span> <span class='ocrx_word' id='word_1_504' title='bbox 1586 4453 1760 4510; x_wconf 83' lang='lat' dir='ltr'><strong>Gallia</strong></span> <span class='ocrx_word' id='word_1_505' title='bbox 1783 4455 1850 4511; x_wconf 89' lang='lat' dir='ltr'><strong>ad</strong></span> <span class='ocrx_word' id='word_1_506' title='bbox 1882 4465 2075 4513; x_wconf 85' lang='lat' dir='ltr'><strong>aucto-</strong></span> <span class='ocrx_word' id='word_1_507' title='bbox 2101 4438 2154 4499; x_wconf 81' lang='lat' dir='ltr'><strong>D</strong></span> <span class='ocrx_word' id='word_1_508' title='bbox 2251 4458 2376 4514; x_wconf 91' lang='lat'><strong>778.</strong></span> <span class='ocrx_word' id='word_1_509' title='bbox 2590 4456 2647 4511; x_wconf 74' lang='lat'><strong>2.</strong></span> <span class='ocrx_word' id='word_1_510' title='bbox 2860 4454 2916 4509; x_wconf 78' lang='lat'><strong>2.</strong></span> 
     </span>
    </p>
   </div>
   <div class='ocr_carea' id='block_1_77' title="bbox 487 4541 2087 4621">
    <p class='ocr_par' dir='ltr' id='par_1_77' title="bbox 487 4541 2087 4621">
     <span class='ocr_line' id='line_1_77' title="bbox 487 4541 2087 4621; baseline 0.006 -25"><span class='ocrx_word' id='word_1_511' title='bbox 487 4541 707 4597; x_wconf 86' lang='lat' dir='ltr'><strong>ritatem</strong></span> <span class='ocrx_word' id='word_1_512' title='bbox 729 4541 962 4599; x_wconf 77' lang='lat' dir='ltr'><strong>Romani</strong></span> <span class='ocrx_word' id='word_1_513' title='bbox 989 4552 1185 4600; x_wconf 86' lang='lat' dir='ltr'><strong>cantus</strong></span> <span class='ocrx_word' id='word_1_514' title='bbox 1205 4554 1460 4601; x_wconf 87' lang='lat' dir='ltr'><strong>revocata</strong></span> <span class='ocrx_word' id='word_1_515' title='bbox 1490 4554 1594 4603; x_wconf 86' lang='lat' dir='ltr'><strong>est.</strong></span> <span class='ocrx_word' id='word_1_516' title='bbox 1627 4546 1805 4618; x_wconf 76' lang='lat' dir='ltr'><strong>(Men.</strong></span> <span class='ocrx_word' id='word_1_517' title='bbox 1834 4547 2087 4621; x_wconf 53' lang='grc' dir='ltr'><strong>ματη-λ)</strong></span> 
     </span>
    </p>
   </div>
   <div class='ocr_carea' id='block_1_78' title="bbox 489 4634 2076 4706">
    <p class='ocr_par' dir='ltr' id='par_1_78' title="bbox 489 4634 2076 4706">
     <span class='ocr_line' id='line_1_78' title="bbox 489 4634 2076 4706; baseline 0.004 -18"><span class='ocrx_word' id='word_1_518' title='bbox 489 4634 637 4689; x_wconf 85' lang='lat' dir='ltr'><strong>Inter</strong></span> <span class='ocrx_word' id='word_1_519' title='bbox 665 4634 1027 4691; x_wconf 86' lang='lat' dir='ltr'><strong>obsidendum</strong></span> <span class='ocrx_word' id='word_1_520' title='bbox 1050 4651 1146 4692; x_wconf 85' lang='lat' dir='ltr'><strong>rex</strong></span> <span class='ocrx_word' id='word_1_521' title='bbox 1167 4635 1403 4695; x_wconf 82' lang='lat' dir='ltr'><strong>Karolus</strong></span> <span class='ocrx_word' id='word_1_522' title='bbox 1434 4638 1614 4695; x_wconf 87' lang='lat' dir='ltr'><strong>diviso</strong></span> <span class='ocrx_word' id='word_1_523' title='bbox 1641 4639 1906 4706; x_wconf 88' lang='lat' dir='ltr'><strong>exercitu,</strong></span> <span class='ocrx_word' id='word_1_524' title='bbox 1930 4642 2076 4695; x_wconf 90' lang='lat' dir='ltr'><strong>mul-</strong></span> 
     </span>
    </p>
   </div>
   <div class='ocr_carea' id='block_1_79' title="bbox 490 4726 2075 4801">
    <p class='ocr_par' dir='ltr' id='par_1_79' title="bbox 490 4726 2075 4801">
     <span class='ocr_line' id='line_1_79' title="bbox 490 4726 2075 4801; baseline 0.005 -21"><span class='ocrx_word' id='word_1_525' title='bbox 490 4734 578 4781; x_wconf 87' lang='lat' dir='ltr'><strong>tas</strong></span> <span class='ocrx_word' id='word_1_526' title='bbox 602 4726 770 4781; x_wconf 89' lang='lat' dir='ltr'><strong>urbes</strong></span> <span class='ocrx_word' id='word_1_527' title='bbox 812 4726 954 4782; x_wconf 84' lang='lat' dir='ltr'><strong>ultra</strong></span> <span class='ocrx_word' id='word_1_528' title='bbox 994 4726 1206 4783; x_wconf 87' lang='lat' dir='ltr'><strong>Padum</strong></span> <span class='ocrx_word' id='word_1_529' title='bbox 1250 4729 1692 4800; x_wconf 88' lang='lat' dir='ltr'><strong>comprehendit;</strong></span> <span class='ocrx_word' id='word_1_530' title='bbox 1750 4730 1893 4786; x_wconf 89' lang='lat' dir='ltr'><strong>inter</strong></span> <span class='ocrx_word' id='word_1_531' title='bbox 1932 4746 2075 4801; x_wconf 89' lang='lat' dir='ltr'><strong>quas</strong></span> 
     </span>
    </p>
   </div>
   <div class='ocr_carea' id='block_1_80' title="bbox 497 4815 2074 4890">
    <p class='ocr_par' dir='ltr' id='par_1_80' title="bbox 497 4815 2074 4890">
     <span class='ocr_line' id='line_1_80' title="bbox 497 4815 2074 4890; baseline 0.006 -20"><span class='ocrx_word' id='word_1_532' title='bbox 497 4815 768 4873; x_wconf 84' lang='lat' dir='ltr'><strong>Veronam</strong></span> <span class='ocrx_word' id='word_1_533' title='bbox 822 4819 968 4889; x_wconf 89' lang='lat' dir='ltr'><strong>eapit</strong></span> <span class='ocrx_word' id='word_1_534' title='bbox 990 4860 1005 4885; x_wconf 90' lang='lat'><strong>,</strong></span> <span class='ocrx_word' id='word_1_535' title='bbox 1058 4820 1117 4874; x_wconf 90' lang='lat' dir='ltr'><strong>in</strong></span> <span class='ocrx_word' id='word_1_536' title='bbox 1156 4834 1267 4890; x_wconf 90' lang='lat' dir='ltr'><strong>qua</strong></span> <span class='ocrx_word' id='word_1_537' title='bbox 1323 4821 1623 4877; x_wconf 81' lang='lat' dir='ltr'><strong>Autkarius</strong></span> <span class='ocrx_word' id='word_1_538' title='bbox 1672 4822 1920 4878; x_wconf 81' lang='lat' dir='ltr'><strong>Francus</strong></span> <span class='ocrx_word' id='word_1_539' title='bbox 1948 4839 2074 4880; x_wconf 90' lang='lat' dir='ltr'><strong>cum</strong></span> 
     </span>
    </p>
   </div>
   <div class='ocr_carea' id='block_1_81' title="bbox 494 4907 2076 4984">
    <p class='ocr_par' dir='ltr' id='par_1_81' title="bbox 494 4907 2076 4984">
     <span class='ocr_line' id='line_1_81' title="bbox 494 4907 2076 4984; baseline 0.006 -22"><span class='ocrx_word' id='word_1_540' title='bbox 494 4922 667 4963; x_wconf 85' lang='lat' dir='ltr'><strong>uxore</strong></span> <span class='ocrx_word' id='word_1_541' title='bbox 691 4907 1045 4965; x_wconf 83' lang='lat' dir='ltr'><strong>Karlomanni</strong></span> <span class='ocrx_word' id='word_1_542' title='bbox 1069 4920 1123 4966; x_wconf 92' lang='lat' dir='ltr'><strong>et</strong></span> <span class='ocrx_word' id='word_1_543' title='bbox 1163 4911 1291 4968; x_wconf 82' lang='lat' dir='ltr'><strong>filiis</strong></span> <span class='ocrx_word' id='word_1_544' title='bbox 1332 4913 1454 4984; x_wconf 89' lang='lat' dir='ltr'><strong>ejus</strong></span> <span class='ocrx_word' id='word_1_545' title='bbox 1483 4913 1689 4980; x_wconf 88' lang='lat' dir='ltr'><strong>latens,</strong></span> <span class='ocrx_word' id='word_1_546' title='bbox 1725 4929 1785 4969; x_wconf 92' lang='lat' dir='ltr'><strong>se</strong></span> <span class='ocrx_word' id='word_1_547' title='bbox 1830 4930 1955 4970; x_wconf 91' lang='lat' dir='ltr'><strong>cum</strong></span> <span class='ocrx_word' id='word_1_548' title='bbox 1994 4916 2076 4971; x_wconf 90' lang='lat' dir='ltr'><strong>eis</strong></span> 
     </span>
    </p>
   </div>
   <div class='ocr_carea' id='block_1_82' title="bbox 495 5002 2075 5079">
    <p class='ocr_par' dir='ltr' id='par_1_82' title="bbox 495 5002 2075 5079">
     <span class='ocr_line' id='line_1_82' title="bbox 495 5002 2075 5079; baseline 0.004 -23"><span class='ocrx_word' id='word_1_549' title='bbox 495 5002 611 5073; x_wconf 90' lang='lat' dir='ltr'><strong>regi</strong></span> <span class='ocrx_word' id='word_1_550' title='bbox 638 5003 821 5072; x_wconf 89' lang='lat' dir='ltr'><strong>dedit;</strong></span> <span class='ocrx_word' id='word_1_551' title='bbox 857 5003 1145 5077; x_wconf 77' lang='lat' dir='ltr'><strong>Adelgisus</strong></span> <span class='ocrx_word' id='word_1_552' title='bbox 1164 5021 1295 5061; x_wconf 93' lang='lat' dir='ltr'><strong>vero</strong></span> <span class='ocrx_word' id='word_1_553' title='bbox 1325 5006 1592 5063; x_wconf 91' lang='lat' dir='ltr'><strong>Desiderii</strong></span> <span class='ocrx_word' id='word_1_554' title='bbox 1619 5008 1763 5079; x_wconf 89' lang='lat' dir='ltr'><strong>regis</strong></span> <span class='ocrx_word' id='word_1_555' title='bbox 1784 5007 1951 5075; x_wconf 84' lang='lat' dir='ltr'><strong>filius,</strong></span> <span class='ocrx_word' id='word_1_556' title='bbox 1979 5009 2075 5079; x_wconf 91' lang='lat' dir='ltr'><strong>qui</strong></span> 
     </span>
    </p>
   </div>
   <div class='ocr_carea' id='block_1_83' title="bbox 497 5094 2072 5171">
    <p class='ocr_par' dir='ltr' id='par_1_83' title="bbox 497 5094 2072 5171">
     <span class='ocr_line' id='line_1_83' title="bbox 497 5094 2072 5171; baseline 0.003 -22"><span class='ocrx_word' id='word_1_557' title='bbox 497 5095 629 5150; x_wconf 83' lang='lat' dir='ltr'><strong>illuc</strong></span> <span class='ocrx_word' id='word_1_558' title='bbox 662 5094 894 5167; x_wconf 79' lang='lat' dir='ltr'><strong>fugerat,</strong></span> <span class='ocrx_word' id='word_1_559' title='bbox 926 5096 1052 5153; x_wconf 90' lang='lat' dir='ltr'><strong>inde</strong></span> <span class='ocrx_word' id='word_1_560' title='bbox 1080 5098 1302 5168; x_wconf 87' lang='lat' dir='ltr'><strong>elapsus</strong></span> <span class='ocrx_word' id='word_1_561' title='bbox 1346 5097 1879 5171; x_wconf 89' lang='lat' dir='ltr'><strong>Constantinopolim</strong></span> <span class='ocrx_word' id='word_1_562' title='bbox 1914 5099 2072 5171; x_wconf 87' lang='lat' dir='ltr'><strong>fugit.</strong></span> 
     </span>
    </p>
   </div>
   <div class='ocr_carea' id='block_1_84' title="bbox 498 5185 2079 5263">
    <p class='ocr_par' dir='ltr' id='par_1_84' title="bbox 498 5185 2079 5263">
     <span class='ocr_line' id='line_1_84' title="bbox 498 5185 2079 5263; baseline 0.004 -23"><span class='ocrx_word' id='word_1_563' title='bbox 498 5185 589 5259; x_wconf 87' lang='grc' dir='ltr'><strong>(Α.</strong></span> <span class='ocrx_word' id='word_1_564' title='bbox 621 5185 810 5260; x_wconf 83' lang='lat' dir='ltr'><strong>Leod.)</strong></span> <span class='ocrx_word' id='word_1_565' title='bbox 841 5186 1567 5261; x_wconf 85' lang='lat' dir='ltr'><strong>ObsidionemPapiensium</strong></span> <span class='ocrx_word' id='word_1_566' title='bbox 1599 5191 1904 5263; x_wconf 89' lang='lat' dir='ltr'><strong>pestilentia</strong></span> <span class='ocrx_word' id='word_1_567' title='bbox 1929 5205 2079 5246; x_wconf 90' lang='lat' dir='ltr'><strong>mor-</strong></span> 
     </span>
    </p>
   </div>
   <div class='ocr_carea' id='block_1_85' title="bbox 496 5278 2076 5356">
    <p class='ocr_par' dir='ltr' id='par_1_85' title="bbox 496 5278 2076 5356">
     <span class='ocr_line' id='line_1_85' title="bbox 496 5278 2076 5356; baseline -0.001 -17"><span class='ocrx_word' id='word_1_568' title='bbox 496 5278 728 5339; x_wconf 73' lang='lat' dir='ltr'><strong>talitatis</strong></span> <span class='ocrx_word' id='word_1_569' title='bbox 768 5289 1097 5353; x_wconf 87' lang='lat' dir='ltr'><strong>aggravante</strong></span> <span class='ocrx_word' id='word_1_570' title='bbox 1121 5323 1138 5350; x_wconf 91' lang='lat'><strong>,</strong></span> <span class='ocrx_word' id='word_1_571' title='bbox 1173 5281 1368 5339; x_wconf 89' lang='lat' dir='ltr'><strong>civitas</strong></span> <span class='ocrx_word' id='word_1_572' title='bbox 1414 5282 1536 5356; x_wconf 82' lang='lat' dir='ltr'><strong>regi</strong></span> <span class='ocrx_word' id='word_1_573' title='bbox 1573 5281 1775 5340; x_wconf 84' lang='lat' dir='ltr'><strong>Karolo</strong></span> <span class='ocrx_word' id='word_1_574' title='bbox 1814 5282 2076 5354; x_wconf 90' lang='lat' dir='ltr'><strong>aperitur.</strong></span> 
     </span>
    </p>
   </div>
   <div class='ocr_carea' id='block_1_86' title="bbox 2167 3166 3769 3249">
    <p class='ocr_par' dir='ltr' id='par_1_86' title="bbox 2167 3166 3769 3249">
     <span class='ocr_line' id='line_1_86' title="bbox 2167 3166 3769 3249; baseline -0.008 -15"><span class='ocrx_word' id='word_1_575' title='bbox 2167 3179 2365 3249; x_wconf 86' lang='lat' dir='ltr'><strong>jestate</strong></span> <span class='ocrx_word' id='word_1_576' title='bbox 2386 3176 2473 3239; x_wconf 82' lang='lat' dir='ltr'><strong>sui</strong></span> <span class='ocrx_word' id='word_1_577' title='bbox 2492 3174 2738 3231; x_wconf 82' lang='lat' dir='ltr'><strong>nominis</strong></span> <span class='ocrx_word' id='word_1_578' title='bbox 2757 3185 3022 3229; x_wconf 90' lang='lat' dir='ltr'><strong>terrorem</strong></span> <span class='ocrx_word' id='word_1_579' title='bbox 3053 3170 3267 3227; x_wconf 91' lang='lat' dir='ltr'><strong>incutit.</strong></span> <span class='ocrx_word' id='word_1_580' title='bbox 3296 3169 3318 3241; x_wconf 88' lang='lat'><strong>(</strong></span> <span class='ocrx_word' id='word_1_581' title='bbox 3331 3169 3484 3224; x_wconf 76' lang='lat' dir='ltr'><strong>Men.</strong></span> <span class='ocrx_word' id='word_1_582' title='bbox 3526 3166 3769 3242; x_wconf 74' lang='lat' dir='ltr'><strong>[&#39;Rsc.])</strong></span> 
     </span>
    </p>
   </div>
   <div class='ocr_carea' id='block_1_87' title="bbox 2174 3252 3771 3329">
    <p class='ocr_par' dir='ltr' id='par_1_87' title="bbox 2174 3252 3771 3329">
     <span class='ocr_line' id='line_1_87' title="bbox 2174 3252 3771 3329; baseline -0.008 -5"><span class='ocrx_word' id='word_1_583' title='bbox 2174 3268 2486 3328; x_wconf 86' lang='lat' dir='ltr'><strong>Saxonibus</strong></span> <span class='ocrx_word' id='word_1_584' title='bbox 2514 3252 2860 3329; x_wconf 59' lang='lat' dir='ltr'><strong>HeresburEh</strong></span> <span class='ocrx_word' id='word_1_585' title='bbox 2907 3271 3150 3319; x_wconf 86' lang='lat' dir='ltr'><strong>castrum</strong></span> <span class='ocrx_word' id='word_1_586' title='bbox 3176 3260 3551 3317; x_wconf 73' lang='lat' dir='ltr'><strong>obsidentibus</strong></span> <span class='ocrx_word' id='word_1_587' title='bbox 3577 3301 3594 3325; x_wconf 93' lang='lat'><strong>,</strong></span> <span class='ocrx_word' id='word_1_588' title='bbox 3645 3258 3771 3329; x_wconf 83' lang='lat' dir='ltr'><strong>glo-</strong></span> 
     </span>
    </p>
   </div>
   <div class='ocr_carea' id='block_1_88' title="bbox 2172 3351 3772 3430">
    <p class='ocr_par' dir='ltr' id='par_1_88' title="bbox 2172 3351 3772 3430">
     <span class='ocr_line' id='line_1_88' title="bbox 2172 3351 3772 3430; baseline -0.007 -14"><span class='ocrx_word' id='word_1_589' title='bbox 2172 3362 2254 3416; x_wconf 91' lang='lat' dir='ltr'><strong>ria</strong></span> <span class='ocrx_word' id='word_1_590' title='bbox 2292 3359 2392 3416; x_wconf 90' lang='lat' dir='ltr'><strong>Dei</strong></span> <span class='ocrx_word' id='word_1_591' title='bbox 2428 3374 2595 3430; x_wconf 89' lang='lat' dir='ltr'><strong>super</strong></span> <span class='ocrx_word' id='word_1_592' title='bbox 2623 3357 2925 3419; x_wconf 54' lang='lat' dir='ltr'><strong>(ecclesiam</strong></span> <span class='ocrx_word' id='word_1_593' title='bbox 2953 3354 3205 3426; x_wconf 85' lang='lat' dir='ltr'><strong>apparuit</strong></span> <span class='ocrx_word' id='word_1_594' title='bbox 3231 3352 3510 3419; x_wconf 89' lang='lat' dir='ltr'><strong>omnibus,</strong></span> <span class='ocrx_word' id='word_1_595' title='bbox 3542 3351 3772 3406; x_wconf 88' lang='lat' dir='ltr'><strong>duobus</strong></span> 
     </span>
    </p>
   </div>
   <div class='ocr_carea' id='block_1_89' title="bbox 2172 3443 3772 3521">
    <p class='ocr_par' dir='ltr' id='par_1_89' title="bbox 2172 3443 3772 3521">
     <span class='ocr_line' id='line_1_89' title="bbox 2172 3443 3772 3521; baseline -0.007 -13"><span class='ocrx_word' id='word_1_596' title='bbox 2172 3453 2383 3509; x_wconf 87' lang='lat' dir='ltr'><strong>scilicet</strong></span> <span class='ocrx_word' id='word_1_597' title='bbox 2407 3450 2582 3507; x_wconf 83' lang='lat' dir='ltr'><strong>scutis</strong></span> <span class='ocrx_word' id='word_1_598' title='bbox 2604 3450 2907 3521; x_wconf 86' lang='lat' dir='ltr'><strong>sanguineo</strong></span> <span class='ocrx_word' id='word_1_599' title='bbox 2938 3445 3122 3503; x_wconf 91' lang='lat' dir='ltr'><strong>colore</strong></span> <span class='ocrx_word' id='word_1_600' title='bbox 3146 3443 3559 3500; x_wconf 86' lang='lat' dir='ltr'><strong>flammantibus</strong></span> <span class='ocrx_word' id='word_1_601' title='bbox 3592 3458 3772 3514; x_wconf 91' lang='lat' dir='ltr'><strong>quos-</strong></span> 
     </span>
    </p>
   </div>
   <div class='ocr_carea' id='block_1_90' title="bbox 2171 3532 3771 3608">
    <p class='ocr_par' dir='ltr' id='par_1_90' title="bbox 2171 3532 3771 3608">
     <span class='ocr_line' id='line_1_90' title="bbox 2171 3532 3771 3608; baseline -0.005 -11"><span class='ocrx_word' id='word_1_602' title='bbox 2171 3542 2299 3597; x_wconf 87' lang='lat' dir='ltr'><strong>dam</strong></span> <span class='ocrx_word' id='word_1_603' title='bbox 2330 3548 2535 3606; x_wconf 75' lang='lat' dir='ltr'><strong>motus,</strong></span> <span class='ocrx_word' id='word_1_604' title='bbox 2567 3548 2628 3594; x_wconf 92' lang='lat' dir='ltr'><strong>ut</strong></span> <span class='ocrx_word' id='word_1_605' title='bbox 2652 3539 2709 3602; x_wconf 84' lang='lat' dir='ltr'><strong>in</strong></span> <span class='ocrx_word' id='word_1_606' title='bbox 2734 3538 2896 3603; x_wconf 85' lang='lat' dir='ltr'><strong>bello,</strong></span> <span class='ocrx_word' id='word_1_607' title='bbox 2927 3552 3025 3608; x_wconf 91' lang='lat' dir='ltr'><strong>per</strong></span> <span class='ocrx_word' id='word_1_608' title='bbox 3047 3551 3178 3591; x_wconf 90' lang='lat' dir='ltr'><strong>aera</strong></span> <span class='ocrx_word' id='word_1_609' title='bbox 3206 3534 3484 3599; x_wconf 83' lang='lat' dir='ltr'><strong>dantibus.</strong></span> <span class='ocrx_word' id='word_1_610' title='bbox 3524 3532 3771 3589; x_wconf 81' lang='lat' dir='ltr'><strong>Karolus</strong></span> 
     </span>
    </p>
   </div>
   <div class='ocr_carea' id='block_1_91' title="bbox 2177 3624 3771 3700">
    <p class='ocr_par' dir='ltr' id='par_1_91' title="bbox 2177 3624 3771 3700">
     <span class='ocr_line' id='line_1_91' title="bbox 2177 3624 3771 3700; baseline -0.004 -13"><span class='ocrx_word' id='word_1_611' title='bbox 2177 3631 2475 3696; x_wconf 75' lang='lat' dir='ltr'><strong>Saxoniam</strong></span> <span class='ocrx_word' id='word_1_612' title='bbox 2511 3630 2663 3690; x_wconf 88' lang='lat' dir='ltr'><strong>velut</strong></span> <span class='ocrx_word' id='word_1_613' title='bbox 2689 3635 2989 3700; x_wconf 86' lang='lat' dir='ltr'><strong>tempestas</strong></span> <span class='ocrx_word' id='word_1_614' title='bbox 3026 3625 3278 3698; x_wconf 83' lang='lat' dir='ltr'><strong>proterit,</strong></span> <span class='ocrx_word' id='word_1_615' title='bbox 3309 3624 3653 3680; x_wconf 89' lang='lat' dir='ltr'><strong>munitiones</strong></span> <span class='ocrx_word' id='word_1_616' title='bbox 3685 3624 3771 3680; x_wconf 88' lang='lat' dir='ltr'><strong>ir-</strong></span> 
     </span>
    </p>
   </div>
   <div class='ocr_carea' id='block_1_92' title="bbox 2174 3717 3768 3800">
    <p class='ocr_par' dir='ltr' id='par_1_92' title="bbox 2174 3717 3768 3800">
     <span class='ocr_line' id='line_1_92' title="bbox 2174 3717 3768 3800; baseline -0.006 -19"><span class='ocrx_word' id='word_1_617' title='bbox 2174 3725 2421 3797; x_wconf 90' lang='lat' dir='ltr'><strong>rumpit,</strong></span> <span class='ocrx_word' id='word_1_618' title='bbox 2467 3732 2524 3780; x_wconf 92' lang='lat' dir='ltr'><strong>et</strong></span> <span class='ocrx_word' id='word_1_619' title='bbox 2568 3722 2638 3783; x_wconf 85' lang='lat' dir='ltr'><strong>ad</strong></span> <span class='ocrx_word' id='word_1_620' title='bbox 2674 3723 2783 3778; x_wconf 90' lang='lat' dir='ltr'><strong>hoc</strong></span> <span class='ocrx_word' id='word_1_621' title='bbox 2811 3737 2907 3778; x_wconf 93' lang='lat' dir='ltr'><strong>eos</strong></span> <span class='ocrx_word' id='word_1_622' title='bbox 2941 3720 3208 3800; x_wconf 85' lang='lat' dir='ltr'><strong>impellit,</strong></span> <span class='ocrx_word' id='word_1_623' title='bbox 3266 3727 3328 3774; x_wconf 91' lang='lat' dir='ltr'><strong>ut</strong></span> <span class='ocrx_word' id='word_1_624' title='bbox 3357 3734 3417 3774; x_wconf 88' lang='lat' dir='ltr'><strong>se</strong></span> <span class='ocrx_word' id='word_1_625' title='bbox 3437 3726 3493 3773; x_wconf 92' lang='lat' dir='ltr'><strong>et</strong></span> <span class='ocrx_word' id='word_1_626' title='bbox 3518 3717 3768 3787; x_wconf 84' lang='lat' dir='ltr'><strong>patriam</strong></span> 
     </span>
    </p>
   </div>
   <div class='ocr_carea' id='block_1_93' title="bbox 2172 3807 3773 3882">
    <p class='ocr_par' dir='ltr' id='par_1_93' title="bbox 2172 3807 3773 3882">
     <span class='ocr_line' id='line_1_93' title="bbox 2172 3807 3773 3882; baseline -0.005 -10"><span class='ocrx_word' id='word_1_627' title='bbox 2172 3816 2224 3871; x_wconf 92' lang='lat' dir='ltr'><strong>ei</strong></span> <span class='ocrx_word' id='word_1_628' title='bbox 2251 3815 2454 3871; x_wconf 89' lang='lat' dir='ltr'><strong>dedant</strong></span> <span class='ocrx_word' id='word_1_629' title='bbox 2471 3856 2488 3882; x_wconf 92' lang='lat'><strong>,</strong></span> <span class='ocrx_word' id='word_1_630' title='bbox 2541 3821 2597 3870; x_wconf 87' lang='lat' dir='ltr'><strong>et</strong></span> <span class='ocrx_word' id='word_1_631' title='bbox 2615 3813 2758 3874; x_wconf 85' lang='lat' dir='ltr'><strong>datis</strong></span> <span class='ocrx_word' id='word_1_632' title='bbox 2784 3811 3070 3868; x_wconf 83' lang='lat' dir='ltr'><strong>obsidibus</strong></span> <span class='ocrx_word' id='word_1_633' title='bbox 3101 3825 3163 3876; x_wconf 89' lang='lat' dir='ltr'><strong>se</strong></span> <span class='ocrx_word' id='word_1_634' title='bbox 3185 3810 3521 3873; x_wconf 81' lang='lat' dir='ltr'><strong>christianos</strong></span> <span class='ocrx_word' id='word_1_635' title='bbox 3545 3807 3773 3865; x_wconf 82' lang='lat' dir='ltr'><strong>futuros</strong></span> 
     </span>
    </p>
   </div>
   <div class='ocr_carea' id='block_1_94' title="bbox 2177 3908 2921 3979">
    <p class='ocr_par' dir='ltr' id='par_1_94' title="bbox 2177 3908 2921 3979">
     <span class='ocr_line' id='line_1_94' title="bbox 2177 3908 2921 3979; baseline 0 -14"><span class='ocrx_word' id='word_1_636' title='bbox 2177 3908 2519 3979; x_wconf 78' lang='lat' dir='ltr'><strong>spondeam-</strong></span> <span class='ocrx_word' id='word_1_637' title='bbox 2910 3942 2921 3947; x_wconf 60' lang='grc' dir='ltr'><strong>ε</strong></span> 
     </span>
    </p>
   </div>
   <div class='ocr_carea' id='block_1_95' title="bbox 2248 3994 3595 4054">
    <p class='ocr_par' dir='ltr' id='par_1_95' title="bbox 2248 3994 3595 4054">
     <span class='ocr_line' id='line_1_95' title="bbox 2248 3994 3595 4054; baseline -0.004 -1"><span class='ocrx_word' id='word_1_638' title='bbox 2248 3998 2372 4054; x_wconf 90' lang='lat'><strong>777.</strong></span> <span class='ocrx_word' id='word_1_639' title='bbox 2588 3999 2637 4052; x_wconf 78' lang='grc'><strong>1.</strong></span> <span class='ocrx_word' id='word_1_640' title='bbox 2854 3998 2907 4052; x_wconf 91' lang='grc'><strong>1.</strong></span> <span class='ocrx_word' id='word_1_641' title='bbox 3087 3996 3143 4052; x_wconf 91' lang='lat'><strong>9.</strong></span> <span class='ocrx_word' id='word_1_642' title='bbox 3542 3994 3595 4049; x_wconf 83' lang='lat'><strong>7.</strong></span> 
     </span>
    </p>
   </div>
   <div class='ocr_carea' id='block_1_96' title="bbox 2247 4084 3769 4164">
    <p class='ocr_par' dir='ltr' id='par_1_96' title="bbox 2247 4084 3769 4164">
     <span class='ocr_line' id='line_1_96' title="bbox 2247 4084 3769 4164; baseline -0.005 -17"><span class='ocrx_word' id='word_1_643' title='bbox 2247 4091 2423 4164; x_wconf 73' lang='lat' dir='ltr'><strong>(Matt.</strong></span> <span class='ocrx_word' id='word_1_644' title='bbox 2481 4088 2622 4163; x_wconf 90' lang='lat' dir='ltr'><strong>[L.])</strong></span> <span class='ocrx_word' id='word_1_645' title='bbox 2680 4088 3130 4144; x_wconf 87' lang='lat' dir='ltr'><strong>Wintbicbindus</strong></span> <span class='ocrx_word' id='word_1_646' title='bbox 3187 4086 3300 4142; x_wconf 90' lang='lat' dir='ltr'><strong>dux</strong></span> <span class='ocrx_word' id='word_1_647' title='bbox 3365 4084 3647 4141; x_wconf 76' lang='lat' dir='ltr'><strong>Saxonum</strong></span> <span class='ocrx_word' id='word_1_648' title='bbox 3712 4087 3769 4141; x_wconf 92' lang='lat' dir='ltr'><strong>in</strong></span> 
     </span>
    </p>
   </div>
   <div class='ocr_carea' id='block_1_97' title="bbox 2172 4178 3769 4253">
    <p class='ocr_par' dir='ltr' id='par_1_97' title="bbox 2172 4178 3769 4253">
     <span class='ocr_line' id='line_1_97' title="bbox 2172 4178 3769 4253; baseline -0.004 -14"><span class='ocrx_word' id='word_1_649' title='bbox 2172 4183 2631 4241; x_wconf 84' lang='lat' dir='ltr'><strong>Nerthmanniam</strong></span> <span class='ocrx_word' id='word_1_650' title='bbox 2664 4180 2824 4253; x_wconf 85' lang='lat' dir='ltr'><strong>fugit.</strong></span> <span class='ocrx_word' id='word_1_651' title='bbox 2867 4179 3113 4237; x_wconf 85' lang='lat' dir='ltr'><strong>Saxones</strong></span> <span class='ocrx_word' id='word_1_652' title='bbox 3156 4178 3417 4250; x_wconf 84' lang='lat' dir='ltr'><strong>baptizati</strong></span> <span class='ocrx_word' id='word_1_653' title='bbox 3467 4178 3769 4248; x_wconf 83' lang='lat' dir='ltr'><strong>paciscun—</strong></span> 
     </span>
    </p>
   </div>
   <div class='ocr_carea' id='block_1_98' title="bbox 2174 4269 3769 4347">
    <p class='ocr_par' dir='ltr' id='par_1_98' title="bbox 2174 4269 3769 4347">
     <span class='ocr_line' id='line_1_98' title="bbox 2174 4269 3769 4347; baseline -0.006 -14"><span class='ocrx_word' id='word_1_654' title='bbox 2174 4285 2288 4345; x_wconf 92' lang='lat' dir='ltr'><strong>tur,</strong></span> <span class='ocrx_word' id='word_1_655' title='bbox 2331 4283 2394 4331; x_wconf 93' lang='lat' dir='ltr'><strong>ut</strong></span> <span class='ocrx_word' id='word_1_656' title='bbox 2433 4274 2825 4347; x_wconf 91' lang='lat' dir='ltr'><strong>ingenuitatem</strong></span> <span class='ocrx_word' id='word_1_657' title='bbox 2851 4287 3010 4329; x_wconf 89' lang='lat' dir='ltr'><strong>suam</strong></span> <span class='ocrx_word' id='word_1_658' title='bbox 3054 4280 3111 4327; x_wconf 90' lang='lat' dir='ltr'><strong>et</strong></span> <span class='ocrx_word' id='word_1_659' title='bbox 3155 4285 3257 4327; x_wconf 89' lang='lat' dir='ltr'><strong>sua</strong></span> <span class='ocrx_word' id='word_1_660' title='bbox 3286 4269 3473 4326; x_wconf 90' lang='lat' dir='ltr'><strong>omnia</strong></span> <span class='ocrx_word' id='word_1_661' title='bbox 3509 4270 3769 4340; x_wconf 86' lang='lat' dir='ltr'><strong>perdant,</strong></span> 
     </span>
    </p>
   </div>
   <div class='ocr_carea' id='block_1_99' title="bbox 2179 4359 3616 4438">
    <p class='ocr_par' dir='ltr' id='par_1_99' title="bbox 2179 4359 3616 4438">
     <span class='ocr_line' id='line_1_99' title="bbox 2179 4359 3616 4438; baseline -0.007 -15"><span class='ocrx_word' id='word_1_662' title='bbox 2179 4368 2233 4424; x_wconf 85' lang='lat' dir='ltr'><strong>si</strong></span> <span class='ocrx_word' id='word_1_663' title='bbox 2247 4381 2488 4438; x_wconf 85' lang='lat' dir='ltr'><strong>unquam</strong></span> <span class='ocrx_word' id='word_1_664' title='bbox 2516 4380 2548 4421; x_wconf 87' lang='lat' dir='ltr'><strong>a</strong></span> <span class='ocrx_word' id='word_1_665' title='bbox 2575 4363 2833 4423; x_wconf 81' lang='lat' dir='ltr'><strong>ﬁdelitate</strong></span> <span class='ocrx_word' id='word_1_666' title='bbox 2855 4361 3061 4418; x_wconf 89' lang='lat' dir='ltr'><strong>Christi</strong></span> <span class='ocrx_word' id='word_1_667' title='bbox 3087 4369 3143 4417; x_wconf 93' lang='lat' dir='ltr'><strong>et</strong></span> <span class='ocrx_word' id='word_1_668' title='bbox 3162 4359 3309 4432; x_wconf 90' lang='lat' dir='ltr'><strong>regis</strong></span> <span class='ocrx_word' id='word_1_669' title='bbox 3328 4359 3616 4421; x_wconf 84' lang='lat' dir='ltr'><strong>desistant.</strong></span> 
     </span>
    </p>
   </div>
   <div class='ocr_carea' id='block_1_100' title="bbox 3065 4451 3596 4507">
    <p class='ocr_par' dir='ltr' id='par_1_100' title="bbox 3065 4451 3596 4507">
     <span class='ocr_line' id='line_1_100' title="bbox 3065 4451 3596 4507; baseline -0.004 0"><span class='ocrx_word' id='word_1_670' title='bbox 3065 4451 3154 4507; x_wconf 88' lang='grc'><strong>10.</strong></span> <span class='ocrx_word' id='word_1_671' title='bbox 3542 4451 3596 4506; x_wconf 86' lang='grc'><strong>8.</strong></span> 
     </span>
    </p>
   </div>
   <div class='ocr_carea' id='block_1_101' title="bbox 2252 4544 3776 4624">
    <p class='ocr_par' dir='ltr' id='par_1_101' title="bbox 2252 4544 3776 4624">
     <span class='ocr_line' id='line_1_101' title="bbox 2252 4544 3776 4624; baseline -0.005 -20"><span class='ocrx_word' id='word_1_672' title='bbox 2252 4549 2390 4624; x_wconf 83' lang='grc' dir='ltr'><strong>(Ιὺ.)</strong></span> <span class='ocrx_word' id='word_1_673' title='bbox 2418 4547 2653 4604; x_wconf 81' lang='lat' dir='ltr'><strong>Karolus</strong></span> <span class='ocrx_word' id='word_1_674' title='bbox 2683 4548 2741 4602; x_wconf 89' lang='lat' dir='ltr'><strong>in</strong></span> <span class='ocrx_word' id='word_1_675' title='bbox 2770 4545 3035 4616; x_wconf 83' lang='lat' dir='ltr'><strong>Hispania</strong></span> <span class='ocrx_word' id='word_1_676' title='bbox 3055 4544 3531 4614; x_wconf 65' lang='lat' dir='ltr'><strong>Caesaraugustam</strong></span> <span class='ocrx_word' id='word_1_677' title='bbox 3546 4550 3776 4598; x_wconf 85' lang='lat' dir='ltr'><strong>vastan-</strong></span> 
     </span>
    </p>
   </div>
   <div class='ocr_carea' id='block_1_102' title="bbox 2180 4635 3771 4709">
    <p class='ocr_par' dir='ltr' id='par_1_102' title="bbox 2180 4635 3771 4709">
     <span class='ocr_line' id='line_1_102' title="bbox 2180 4635 3771 4709; baseline -0.007 -11"><span class='ocrx_word' id='word_1_678' title='bbox 2180 4642 2252 4698; x_wconf 92' lang='lat' dir='ltr'><strong>do</strong></span> <span class='ocrx_word' id='word_1_679' title='bbox 2279 4642 2444 4708; x_wconf 85' lang='lat' dir='ltr'><strong>delet,</strong></span> <span class='ocrx_word' id='word_1_680' title='bbox 2484 4639 2863 4709; x_wconf 90' lang='lat' dir='ltr'><strong>Pampilonam</strong></span> <span class='ocrx_word' id='word_1_681' title='bbox 2892 4636 3135 4702; x_wconf 89' lang='lat' dir='ltr'><strong>obsidet,</strong></span> <span class='ocrx_word' id='word_1_682' title='bbox 3179 4635 3412 4705; x_wconf 86' lang='lat' dir='ltr'><strong>ejusque</strong></span> <span class='ocrx_word' id='word_1_683' title='bbox 3434 4642 3607 4704; x_wconf 71' lang='lat' dir='ltr'><strong>captae</strong></span> <span class='ocrx_word' id='word_1_684' title='bbox 3640 4649 3771 4688; x_wconf 83' lang='lat' dir='ltr'><strong>mu-</strong></span> 
     </span>
    </p>
   </div>
   <div class='ocr_carea' id='block_1_103' title="bbox 2181 4726 3769 4797">
    <p class='ocr_par' dir='ltr' id='par_1_103' title="bbox 2181 4726 3769 4797">
     <span class='ocr_line' id='line_1_103' title="bbox 2181 4726 3769 4797; baseline -0.008 -7"><span class='ocrx_word' id='word_1_685' title='bbox 2181 4735 2260 4791; x_wconf 86' lang='lat' dir='ltr'><strong>ris</strong></span> <span class='ocrx_word' id='word_1_686' title='bbox 2280 4732 2573 4790; x_wconf 90' lang='lat' dir='ltr'><strong>destructis</strong></span> <span class='ocrx_word' id='word_1_687' title='bbox 2604 4729 2908 4785; x_wconf 85' lang='lat' dir='ltr'><strong>Waseones</strong></span> <span class='ocrx_word' id='word_1_688' title='bbox 2950 4729 3202 4797; x_wconf 90' lang='lat' dir='ltr'><strong>duosque</strong></span> <span class='ocrx_word' id='word_1_689' title='bbox 3238 4726 3642 4781; x_wconf 89' lang='lat' dir='ltr'><strong>Saracenorum</strong></span> <span class='ocrx_word' id='word_1_690' title='bbox 3670 4739 3769 4779; x_wconf 84' lang='lat' dir='ltr'><strong>re-</strong></span> 
     </span>
    </p>
   </div>
   <div class='ocr_carea' id='block_1_104' title="bbox 2180 4816 3797 4898">
    <p class='ocr_par' dir='ltr' id='par_1_104' title="bbox 2180 4816 3797 4898">
     <span class='ocr_line' id='line_1_104' title="bbox 2180 4816 3797 4898; baseline -0.007 -17"><span class='ocrx_word' id='word_1_691' title='bbox 2180 4827 2338 4898; x_wconf 92' lang='lat' dir='ltr'><strong>gulos</strong></span> <span class='ocrx_word' id='word_1_692' title='bbox 2382 4822 2738 4894; x_wconf 71' lang='lat' dir='ltr'><strong>sibi&#39;snbigit,</strong></span> <span class='ocrx_word' id='word_1_693' title='bbox 2766 4821 3089 4891; x_wconf 88' lang='lat' dir='ltr'><strong>aliquasque</strong></span> <span class='ocrx_word' id='word_1_694' title='bbox 3130 4818 3298 4874; x_wconf 89' lang='lat' dir='ltr'><strong>urbes</strong></span> <span class='ocrx_word' id='word_1_695' title='bbox 3328 4818 3386 4872; x_wconf 90' lang='lat' dir='ltr'><strong>in</strong></span> <span class='ocrx_word' id='word_1_696' title='bbox 3429 4816 3797 4872; x_wconf 58' lang='lat' dir='ltr'><strong>deditionem»</strong></span> 
     </span>
    </p>
   </div>
   <div class='ocr_carea' id='block_1_105' title="bbox 2181 4907 3774 4986">
    <p class='ocr_par' dir='ltr' id='par_1_105' title="bbox 2181 4907 3774 4986">
     <span class='ocr_line' id='line_1_105' title="bbox 2181 4907 3774 4986; baseline -0.006 -16"><span class='ocrx_word' id='word_1_697' title='bbox 2181 4915 2396 4986; x_wconf 89' lang='lat' dir='ltr'><strong>accipit.</strong></span> <span class='ocrx_word' id='word_1_698' title='bbox 2432 4912 2680 4969; x_wconf 87' lang='lat' dir='ltr'><strong>Saxones</strong></span> <span class='ocrx_word' id='word_1_699' title='bbox 2703 4926 2875 4967; x_wconf 91' lang='lat' dir='ltr'><strong>suasu</strong></span> <span class='ocrx_word' id='word_1_700' title='bbox 2896 4908 3295 4965; x_wconf 85' lang='lat' dir='ltr'><strong>Winthichindi</strong></span> <span class='ocrx_word' id='word_1_701' title='bbox 3321 4907 3611 4964; x_wconf 86' lang='lat' dir='ltr'><strong>Franciam</strong></span> <span class='ocrx_word' id='word_1_702' title='bbox 3634 4914 3774 4961; x_wconf 82' lang='lat' dir='ltr'><strong>atte-</strong></span> 
     </span>
    </p>
   </div>
   <div class='ocr_carea' id='block_1_106' title="bbox 2181 4995 3766 5075">
    <p class='ocr_par' dir='ltr' id='par_1_106' title="bbox 2181 4995 3766 5075">
     <span class='ocr_line' id='line_1_106' title="bbox 2181 4995 3766 5075; baseline -0.007 -13"><span class='ocrx_word' id='word_1_703' title='bbox 2181 5015 2339 5072; x_wconf 88' lang='lat' dir='ltr'><strong>runt;</strong></span> <span class='ocrx_word' id='word_1_704' title='bbox 2374 5005 2469 5061; x_wconf 89' lang='lat' dir='ltr'><strong>sed</strong></span> <span class='ocrx_word' id='word_1_705' title='bbox 2499 5019 2531 5058; x_wconf 89' lang='lat' dir='ltr'><strong>a</strong></span> <span class='ocrx_word' id='word_1_706' title='bbox 2569 5002 2770 5058; x_wconf 85' lang='lat' dir='ltr'><strong>Karolo</strong></span> <span class='ocrx_word' id='word_1_707' title='bbox 2804 5001 2936 5057; x_wconf 88' lang='lat' dir='ltr'><strong>victi</strong></span> <span class='ocrx_word' id='word_1_708' title='bbox 2984 5001 3112 5075; x_wconf 89' lang='lat' dir='ltr'><strong>fuga</strong></span> <span class='ocrx_word' id='word_1_709' title='bbox 3156 5001 3262 5057; x_wconf 89' lang='lat' dir='ltr'><strong>sibi</strong></span> <span class='ocrx_word' id='word_1_710' title='bbox 3301 4999 3617 5056; x_wconf 87' lang='lat' dir='ltr'><strong>consulunt.</strong></span> <span class='ocrx_word' id='word_1_711' title='bbox 3660 4995 3766 5067; x_wconf 86' lang='lat' dir='ltr'><strong>(H.</strong></span> 
     </span>
    </p>
   </div>
   <div class='ocr_carea' id='block_1_107' title="bbox 2181 5091 3769 5168">
    <p class='ocr_par' dir='ltr' id='par_1_107' title="bbox 2181 5091 3769 5168">
     <span class='ocr_line' id='line_1_107' title="bbox 2181 5091 3769 5168; baseline -0.008 -15"><span class='ocrx_word' id='word_1_712' title='bbox 2181 5097 2281 5168; x_wconf 89' lang='lat' dir='ltr'><strong>m.)</strong></span> <span class='ocrx_word' id='word_1_713' title='bbox 2344 5095 2663 5151; x_wconf 89' lang='lat' dir='ltr'><strong>Thelericus</strong></span> <span class='ocrx_word' id='word_1_714' title='bbox 2712 5093 2912 5165; x_wconf 91' lang='lat' dir='ltr'><strong>Bulgar</strong></span> <span class='ocrx_word' id='word_1_715' title='bbox 2947 5094 3015 5148; x_wconf 86' lang='lat' dir='ltr'><strong>ad</strong></span> <span class='ocrx_word' id='word_1_716' title='bbox 3072 5091 3312 5148; x_wconf 86' lang='lat' dir='ltr'><strong>Leonem</strong></span> <span class='ocrx_word' id='word_1_717' title='bbox 3370 5091 3769 5161; x_wconf 81' lang='lat' dir='ltr'><strong>imperan</strong></span> 
     </span>
    </p>
   </div>
   <div class='ocr_carea' id='block_1_108' title="bbox 2181 5178 3765 5262">
    <p class='ocr_par' dir='ltr' id='par_1_108' title="bbox 2181 5178 3765 5262">
     <span class='ocr_line' id='line_1_108' title="bbox 2181 5178 3765 5262; baseline -0.008 -16"><span class='ocrx_word' id='word_1_718' title='bbox 2181 5190 2350 5262; x_wconf 81' lang='lat' dir='ltr'><strong>fugit;</strong></span> <span class='ocrx_word' id='word_1_719' title='bbox 2383 5204 2545 5261; x_wconf 88' lang='lat' dir='ltr'><strong>quem</strong></span> <span class='ocrx_word' id='word_1_720' title='bbox 2568 5186 2905 5258; x_wconf 85' lang='lat' dir='ltr'><strong>baptizatum</strong></span> <span class='ocrx_word' id='word_1_721' title='bbox 2939 5186 3240 5256; x_wconf 90' lang='lat' dir='ltr'><strong>imperator</strong></span> <span class='ocrx_word' id='word_1_722' title='bbox 3280 5182 3564 5254; x_wconf 89' lang='lat' dir='ltr'><strong>patritium</strong></span> <span class='ocrx_word' id='word_1_723' title='bbox 3608 5178 3765 5240; x_wconf 84' lang='lat' dir='ltr'><strong>facit.</strong></span> 
     </span>
    </p>
   </div>
   <div class='ocr_carea' id='block_1_109' title="bbox 2185 5276 3404 5355">
    <p class='ocr_par' dir='ltr' id='par_1_109' title="bbox 2185 5276 3404 5355">
     <span class='ocr_line' id='line_1_109' title="bbox 2185 5276 3404 5355; baseline -0.005 -20"><span class='ocrx_word' id='word_1_724' title='bbox 2185 5280 2323 5355; x_wconf 71' lang='grc' dir='ltr'><strong>(ιθ.)</strong></span> <span class='ocrx_word' id='word_1_725' title='bbox 2344 5280 2693 5337; x_wconf 82' lang='lat' dir='ltr'><strong>Chardamus</strong></span> <span class='ocrx_word' id='word_1_726' title='bbox 2716 5276 3051 5349; x_wconf 86' lang='lat' dir='ltr'><strong>Bulgaribus</strong></span> <span class='ocrx_word' id='word_1_727' title='bbox 3067 5276 3404 5334; x_wconf 88' lang='lat' dir='ltr'><strong>dominatur.</strong></span> 
     </span>
    </p>
   </div>
   <div class='ocr_carea' id='block_1_110' title="bbox 1771 5442 2463 5503">
    <p class='ocr_par' dir='ltr' id='par_1_110' title="bbox 1771 5442 2463 5503">
     <span class='ocr_line' id='line_1_110' title="bbox 1771 5442 2463 5503; baseline -0.01 0"><span class='ocrx_word' id='word_1_728' title='bbox 1771 5445 2005 5503; x_wconf 73' lang='lat' dir='ltr'><strong>VARLE</strong></span> <span class='ocrx_word' id='word_1_729' title='bbox 2065 5442 2463 5502; x_wconf 78' lang='lat' dir='ltr'><strong>LECTIONES.</strong></span> 
     </span>
    </p>
   </div>
   <div class='ocr_carea' id='block_1_111' title="bbox 577 5567 3763 5654">
    <p class='ocr_par' dir='ltr' id='par_1_111' title="bbox 577 5567 3763 5654">
     <span class='ocr_line' id='line_1_111' title="bbox 577 5567 3763 5654; baseline 0 -23"><span class='ocrx_word' id='word_1_730' title='bbox 577 5577 648 5654; x_wconf 63' lang='grc' dir='ltr'><strong>’ξ’</strong></span> <span class='ocrx_word' id='word_1_731' title='bbox 681 5567 1331 5654; x_wconf 68' lang='lat' dir='ltr'><strong>Interpolationent_hujus</strong></span> <span class='ocrx_word' id='word_1_732' title='bbox 1355 5583 1484 5639; x_wconf 80' lang='lat' dir='ltr'><strong>anni</strong></span> <span class='ocrx_word' id='word_1_733' title='bbox 1508 5601 1540 5638; x_wconf 91' lang='lat' dir='ltr'><strong>a</strong></span> <span class='ocrx_word' id='word_1_734' title='bbox 1561 5584 1737 5639; x_wconf 81' lang='lat' dir='ltr'><strong>scriba</strong></span> <span class='ocrx_word' id='word_1_735' title='bbox 1764 5580 2347 5654; x_wconf 69' lang='lat' dir='ltr'><strong>Aquicinensifaclmn</strong></span> <span class='ocrx_word' id='word_1_736' title='bbox 2367 5579 2559 5654; x_wconf 57' lang='lat' dir='ltr'><strong>videtis</strong></span> <span class='ocrx_word' id='word_1_737' title='bbox 2606 5579 2770 5654; x_wconf 10' lang='lat' dir='ltr'><strong>infra;</strong></span> <span class='ocrx_word' id='word_1_738' title='bbox 2792 5581 2847 5654; x_wconf 71' lang='lat' dir='ltr'><strong>in</strong></span> <span class='ocrx_word' id='word_1_739' title='bbox 2894 5576 3273 5654; x_wconf 66' lang='lat' dir='ltr'><strong>additamentis</strong></span> <span class='ocrx_word' id='word_1_740' title='bbox 3297 5575 3763 5654; x_wconf 65' lang='lat' dir='ltr'><strong>Aguicipensibus.</strong></span> 
     </span>
    </p>
   </div>
   <div class='ocr_carea' id='block_1_112' title="bbox 509 5644 3768 5725">
    <p class='ocr_par' dir='ltr' id='par_1_112' title="bbox 509 5644 3768 5725">
     <span class='ocr_line' id='line_1_112' title="bbox 509 5644 3768 5725; baseline -0 -25"><span class='ocrx_word' id='word_1_741' title='bbox 509 5644 629 5725; x_wconf 14' lang='lat' dir='ltr'><strong>inii</strong></span> <span class='ocrx_word' id='word_1_742' title='bbox 648 5688 660 5700; x_wconf 98' lang='lat'><strong>.</strong></span> <span class='ocrx_word' id='word_1_743' title='bbox 685 5644 911 5725; x_wconf 60' lang='lat' dir='ltr'><strong>rasurw,</strong></span> <span class='ocrx_word' id='word_1_744' title='bbox 943 5644 1320 5725; x_wconf 57' lang='lat' dir='ltr'><strong>quainHirs&#39;ch</strong></span> <span class='ocrx_word' id='word_1_745' title='bbox 1340 5671 1393 5725; x_wconf 87' lang='lat' dir='ltr'><strong>p.</strong></span> <span class='ocrx_word' id='word_1_746' title='bbox 1414 5654 1539 5725; x_wconf 68' lang='grc'><strong>471.</strong></span> <span class='ocrx_word' id='word_1_747' title='bbox 1571 5644 1839 5725; x_wconf 64' lang='lat' dir='ltr'><strong>supponit,</strong></span> <span class='ocrx_word' id='word_1_748' title='bbox 1867 5644 2222 5725; x_wconf 64' lang='lat' dir='ltr'><strong>additianisve</strong></span> <span class='ocrx_word' id='word_1_749' title='bbox 2243 5667 2304 5705; x_wconf 82' lang='lat' dir='ltr'><strong>ne</strong></span> <span class='ocrx_word' id='word_1_750' title='bbox 2327 5644 2894 5723; x_wconf 55' lang='lat' dir='ltr'><strong>lctisshnum&#39;quidem</strong></span> <span class='ocrx_word' id='word_1_751' title='bbox 2913 5650 3217 5721; x_wconf 77' lang='lat' dir='ltr'><strong>vestigium;</strong></span> <span class='ocrx_word' id='word_1_752' title='bbox 3246 5644 3382 5701; x_wconf 77' lang='lat' dir='ltr'><strong>unde</strong></span> <span class='ocrx_word' id='word_1_753' title='bbox 3415 5647 3505 5717; x_wconf 84' lang='lat' dir='ltr'><strong>qui</strong></span> <span class='ocrx_word' id='word_1_754' title='bbox 3532 5648 3768 5723; x_wconf 71' lang='lat' dir='ltr'><strong>interpo-</strong></span> 
     </span>
    </p>
   </div>
   <div class='ocr_carea' id='block_1_113' title="bbox 505 5714 2316 5801">
    <p class='ocr_par' dir='ltr' id='par_1_113' title="bbox 505 5714 2316 5801">
     <span class='ocr_line' id='line_1_113' title="bbox 505 5714 2316 5801; baseline -0.001 -23"><span class='ocrx_word' id='word_1_755' title='bbox 505 5714 769 5800; x_wconf 53' lang='lat' dir='ltr'><strong>qug‘gngnt</strong></span> <span class='ocrx_word' id='word_1_756' title='bbox 795 5714 1016 5801; x_wconf 45' lang='lat' dir='ltr'><strong>istqm’a</strong></span> <span class='ocrx_word' id='word_1_757' title='bbox 1058 5714 1685 5796; x_wconf 59' lang='lat' dir='ltr'><strong>Sigeberto&#39;fabricatani</strong></span> <span class='ocrx_word' id='word_1_758' title='bbox 1721 5714 1990 5788; x_wconf 74' lang='lat' dir='ltr'><strong>dixerunt,</strong></span> <span class='ocrx_word' id='word_1_759' title='bbox 2023 5721 2146 5775; x_wconf 79' lang='lat' dir='ltr'><strong>falsi</strong></span> <span class='ocrx_word' id='word_1_760' title='bbox 2178 5736 2316 5778; x_wconf 70' lang='lat' dir='ltr'><strong>sunt.</strong></span> 
     </span>
    </p>
   </div>
  </div>
