4046 6318
252 248 342 303 M9
1662 253 2030 313 CIIRONICA.

311 337 424 396 779.
533 339 638 400 ,R.
711 341 762 396 3.

879 341 935 397 S.
975 344 1027 398 5.
1171 344 1232 400 F.
1277 347 1362 400 11.
1512 345 1569 401 Β.
1647 349 1697 403 1.

309 431 476 503 (.lleu.
519 431 659 505 [L.])
688 433 798 490 Leo
819 434 1116 505 imperator
1143 435 1343 492 Siriam
1377 438 1640 496 incursat.
1692 439 1802 496 Ka-

245 525 382 582 rolus
408 540 499 579 rex
533 524 589 578 in
617 523 853 580 Saxonia
867 526 1161 584 Westfalos
1188 529 1293 584 sibi
1324 530 1600 603 subjugat.
1635 529 1804 587 Hilte-

247 619 434 674 randus
456 620 564 674 dux
599 620 819 690 Spoleti
860 621 1060 679 Karolo
1111 625 1226 696 regi
1262 642 1321 682 se
1352 628 1554 694 subdit,
1578 629 1806 701 ejusque

247 711 458 782 gratiam
488 713 677 768 multis
699 715 1020 772 muneribus
1042 717 1279 773 redimit.

421 802 542 858 780.
757 806 812 860 4.
1032 807 1085 862 4.
1268 808 1354 864 12.
1605 813 1660 868 2.

306 889 432 961 (1b.)
485 891 718 949 Karolus
747 910 844 950 rex
873 895 1083 952 Albiam
1114 897 1338 954 ﬂuvium
1388 901 1804 974 transgreditur,

244 986 410 1054 ibique
439 985 492 1038 in
539 986 660 1056 ejus
695 988 926 1058 gratiam
966 988 1408 1062 Bardogavenses
1437 1002 1492 1049 et
1523 992 1808 1051 Nortliuta

244 1077 592 1146 baptizautur.
632 1077 844 1135 Tassilo
893 1081 1004 1136 dux
1034 1081 1299 1152 Bajoariae
1323 1094 1513 1141 contra
1544 1085 1805 1142 Karolum

243 1182 408 1237 regem
448 1167 697 1235 rebellat,
725 1170 947 1226 hortatu
991 1173 1182 1229 uxoris
1208 1191 1356 1243 suae,
1398 1191 1520 1246 quae
1547 1177 1655 1232 ﬁlia
1689 1187 1809 1234 erat

243 1255 487 1310 Desiderii
516 1257 682 1328 regis,
710 1267 764 1314 et
790 1261 1012 1316 exilium
1045 1263 1220 1333 patris
1269 1266 1352 1321 sui
1397 1282 1495 1337 per
1546 1269 1807 1324 maritum

241 1365 386 1404 suum
412 1349 692 1406 vindicare
721 1354 1041 1426 temptabat.
1077 1355 1248 1427 [Obiit
1273 1367 1496 1414 sanctus
1531 1358 1808 1416 Sturmius

243 1441 430 1511 primus
452 1442 625 1499 abbas
659 1442 948 1504 Fuldensis
975 1447 1060 1502 ¹⁶³.
1088 1447 1180 1520 (cf.
1216 1448 1410 1522 Man.)]

414 1532 535 1588 781.
764 1537 817 1592 5.
1033 1540 1087 1594 5.
1270 1542 1356 1596 15.
1610 1545 1660 1598 5.

301 1623 407 1693 (Η.
457 1626 568 1696 πε.)
602 1625 714 1682 Leo
740 1628 1041 1698 imperator
1066 1646 1193 1686 cum
1220 1633 1485 1689 insaniret
1513 1634 1806 1706 cupiditate

241 1715 372 1770 circa
408 1717 682 1785 pretiosos
719 1718 947 1788 lapides,
994 1720 1272 1778 adamavit
1303 1739 1514 1796 magnae
1540 1727 1806 1785 tecclesize

240 1821 500 1873 coronam,
528 1815 585 1862 et
607 1809 886 1880 accipiens
906 1814 1141 1882 portavit
1159 1829 1312 1883 eam;
1340 1824 1396 1871 et
1410 1817 1664 1874 exierunt
1687 1835 1808 1875 car-

242 1895 444 1950 bunculi
468 1897 524 1952 in
554 1899 737 1969 capite
765 1901 906 1970 ejus,
942 1911 998 1958 et
1024 1914 1223 1974 captus
1275 1921 1308 1962 a
1356 1906 1508 1965 febre
1555 1919 1808 1969 mortuus

241 1995 330 2042 est.
360 1986 487 2043 Post
506 2004 677 2059 quem
707 2008 849 2047 uxor
877 1993 998 2065 ejus
1019 1994 1237 2068 Hyrene
1257 2013 1384 2054 cum
1406 1999 1519 2056 ﬁlio
1541 2017 1642 2058 suo
1664 2002 1809 2060 Con-

242 2076 462 2134 stantino
483 2078 724 2149 imperat
746 2083 908 2140 annis
935 2084 1022 2140 10.
1047 2085 1223 2158 (Men.
1249 2087 1389 2162 [L.])
1418 2090 1578 2164 Mady
1603 2095 1809 2152 amiras

242 2167 424 2223 multos
471 2169 767 2241 utriusque
815 2187 981 2231 sexus
1027 2191 1130 2246 pro
1196 2176 1418 2235 Christo
1467 2185 1805 2256 martyrizat.

243 2257 452 2317 Karolus
474 2277 573 2318 rex
603 2263 880 2320 orationis
919 2281 1086 2324 causa
1121 2269 1274 2325 vadit
1323 2269 1576 2342 Romam,
1623 2275 1810 2348 ibique

243 2349 325 2405 lilii
352 2351 467 2422 ejus
497 2363 788 2425 unguntur
812 2356 869 2411 in
893 2372 1050 2430 reges
1081 2377 1094 2414 :
1124 2358 1355 2432 Pipinus
1387 2379 1554 2434 super
1574 2364 1806 2438 Italiam,

245 2439 550 2500 Lndowicus
593 2459 767 2516 super
811 2447 1183 2523 Aquitaniam.
1228 2450 1374 2529 (1b.)
1441 2454 1656 2514 Tassilo
1697 2459 1810 2516 dux
1856 2490 1867 2499 ι

244 2531 485 2681 ﬁajoarite
547 2541 623 2599 ab
661 2543 904 2600 Adriano
950 2561 1088 2618 papa
1144 2546 1346 2605 Karolo
1401 2551 1516 2624 regi
1559 2551 1806 2611 reconci-

281 2636 411 2681 alar.

281 2636 411 2685 atur.

458 2723 579 2781 782.
755 2728 806 2784 1.
975 2733 1028 2787 6.
1198 2735 1283 2790 14.
1475 2739 1528 2792 4.

300 2815 390 2887 (Η.
413 2817 508 2889 m.)
539 2819 1024 2895 Constantinopoli
1045 2827 1268 2898 quidam
1292 2829 1562 2900 lapideam
1585 2847 1808 2888 auream

245 2906 428 2965 invenit
449 2922 503 2966 et
527 2911 585 2967 in
617 2927 687 2968 ea
705 2913 886 2970 virum
910 2916 1183 2988 jacentem
1211 2936 1337 2977 cum
1364 2922 1469 2979 hac
1497 2923 1768 2995 scriptura
1794 2943 1806 2979 :

246 2997 464 3058 Christus
507 3012 769 3060 nascetur
797 3023 863 3062 ex
888 3009 1090 3080 virgine
1119 3010 1318 3080 Maria,
1343 3020 1394 3068 et
1415 3015 1569 3069 credo
1591 3015 1648 3069 in
1667 3031 1806 3070 eum.
1837 3044 1880 3102 ο

247 3089 338 3146 Sub
373 3092 726 3152 Constantino
750 3107 799 3152 et
825 3097 1037 3170 Hyrene
1077 3102 1506 3172 imperatoribus,
1533 3123 1563 3161 ο
1585 3106 1684 3174 sol,
1707 3107 1810 3161 ite—

246 3198 347 3238 rum
376 3202 453 3241 me
503 3189 732 3245 videbis.
758 3190 934 3263 (Heu.
966 3191 1118 3266 [L.])
1155 3193 1400 3254 Saxones
1429 3197 1721 3264 rebellant,
1758 3206 1813 3254 et

246 3274 472 3334 aKarolo
513 3279 665 3336 bello
696 3283 848 3351 victi,
892 3284 1188 3343 seditiosos
1231 3303 1408 3358 usque
1457 3290 1524 3344 ad
1575 3289 1720 3345 4500
1759 3290 1809 3346 ei

247 3366 461 3437 tradunt,
491 3379 546 3426 et
574 3372 802 3430 obsides
823 3374 874 3430 ei
903 3375 1169 3432 tribuunt.

461 3461 584 3521 783.
773 3465 834 3521 2.
1015 3467 1067 3523 7.
1252 3470 1341 3526 15.
1525 3473 1579 3528 5.

305 3548 427 3625 (1b.)
480 3552 733 3613 Saxones
779 3558 1063 3628 rebellant,
1094 3570 1150 3616 et
1189 3577 1221 3617 a
1265 3561 1467 3618 Karolo
1505 3579 1632 3636 rege
1662 3563 1808 3631 victi,

248 3655 379 3712 paene
398 3662 569 3718 usque
594 3648 670 3706 ad
696 3649 1121 3707 internecionem
1142 3653 1422 3710 delentur.

459 3739 581 3796 784.
762 3742 815 3796 5.
999 3743 1052 3798 8.
1238 3745 1325 3800 16.
1512 3747 1566 3801 6.

306 3825 428 3901 (ιδ.)
467 3831 718 3888 Saxones
753 3842 808 3888 et
843 3834 1110 3892 Fresones
1135 3837 1398 3893 rebellant
1419 3848 1473 3894 et
1492 3839 1805 3895 vincuntur.

251 3915 473 3977 Westl‘ali
497 3939 528 3978 a
552 3923 758 3980 Karolo
784 3923 970 3980 Karoli
996 3927 1140 3999 regis
1166 3927 1278 3982 lilio
1301 3927 1660 3983 debellantur.

457 4012 579 4070 785.
761 4016 816 4071 4.
1001 4017 1056 4072 9.
1241 4018 1329 4073 17.
1515 4019 1566 4073 7.

312 4100 399 4170 (Η.
426 4103 528 4175 Il.)
553 4105 717 4178 Mady
741 4107 946 4163 amiras
971 4109 1237 4177 moritur;
1263 4119 1388 4180 post
1409 4126 1572 4181 quem
1596 4111 1810 4185 Moyses

252 4191 514 4280 Saracenis
553 4198 721 4253 annis
763 4199 979 4256 duobus
1018 4201 1375 4272 principatur.
1429 4204 1603 4275 (Men.
1661 4205 1809 4280 [L.])

252 4279 460 4364 Karolus
493 4285 795 4364 Saxoniam
818 4288 1179 4360 depopulatur
1203 4291 1614 4351 Wintichindus
1635 4306 1690 4352 et
1717 4279 1812 4352 Al-

3381 274 3486 329 I50

1837 355 1881 412 Α
1913 349 2145 408 Karolus
2186 368 2278 408 rex
2325 353 2555 410 Romam
2595 359 2773 423 venit,
2822 370 2875 414 et
2923 370 3112 417 contra
3165 362 3484 437 Heregisum

1907 445 2199 501 Beneventi
2230 434 2426 503 ducem
2453 449 2620 504 vadit.
2645 449 2937 523 lleregisus
2972 456 3291 514 muneribus
3311 434 3366 513 et
3387 461 3487 514 oh-

1906 533 2120 591 sidibus
2173 536 2336 606 datis,
2382 539 2614 609 gratiam
2650 541 2770 611 ejus
2811 543 3049 599 redimit.
3093 546 3300 602 Bellum
3343 549 3489 604 inter

1904 627 2148 686 Francos
2177 638 2231 685 et
2255 630 2462 687 Avares
2487 632 2662 687 oritur
2691 632 2882 704 (Mam)
2906 635 3143 707 Sanguis
3173 640 3240 693 de
3281 641 3414 696 caelo
3433 647 3492 697 et

1903 729 2050 776 terra
2079 721 2356 793 proﬂuxit.

2146 815 2267 870 788.
2454 817 2504 871 7.
2687 819 2737 873 1.
2922 821 3013 875 20.
3155 821 3242 876 10.

1980 905 2154 975 (Men.
2184 906 2334 981 [L.])
2359 907 2572 965 Tassilo
2598 909 2708 964 dux
2730 910 2994 981 Bajoaria:
3016 922 3205 968 contra
3229 912 3490 969 Karolum

1909 1013 2090 1068 regem
2118 1015 2247 1056 reus
2282 1001 2589 1072 majestatis
2630 1001 3005 1073 adjudicatur;
3037 1005 3179 1060 unde
3225 1021 3257 1060 a
3287 1005 3490 1062 Karolo

1909 1099 2183 1159 attonsus,
2238 1107 2365 1148 cum
2413 1092 2527 1149 lilio
2553 1094 2673 1164 ejus
2705 1094 3001 1151 Theodone
3045 1096 3102 1152 in
3157 1099 3492 1154 monasterio

1908 1183 2203 1255 relegatur.
2229 1183 2288 1238 In
2313 1184 2466 1240 Italia
2489 1185 2630 1240 inter
2658 1185 2864 1242 Grecos
2898 1195 2951 1241 et
2973 1186 3252 1245 Romanos
3281 1204 3493 1260 pugna-

1909 1281 2019 1329 tur.
2061 1273 2314 1330 Secundo
2353 1275 2409 1330 in
2444 1274 2599 1331 Italia
2636 1277 2778 1331 inter
2809 1275 3054 1333 Francos
3083 1286 3138 1334 et
3157 1279 3363 1334 Avares
3391 1294 3494 1348 pu-

1910 1375 2129 1442 gnatur.
2171 1365 2356 1422 Tertio
2392 1368 2534 1423 inter
2557 1367 2764 1423 Avares
2803 1378 2857 1423 et
2886 1368 3165 1440 Bajoarios
3195 1379 3497 1442 pugnatur.

1910 1437 2117 1520 Quarto
2165 1456 2310 1512 inter
2363 1457 2569 1514 Avares
2615 1467 2670 1513 et
2710 1437 2973 1515 Francos
2995 1437 3297 1530 pugnatur,
3340 1469 3394 1515 et
3436 1461 3494 1514 iu

1911 1546 2167 1602 omnibus
2222 1545 2458 1605 Karolus
2509 1549 2626 1605 suis
2685 1551 3005 1619 provenisse
3061 1551 3347 1607 victoriam
3395 1552 3491 1607 lae-

1911 1645 2076 1690 tatur.
2114 1636 2210 1708 (H.
2243 1638 2341 1710 τη.)
2370 1637 2635 1695 lnstantia
2676 1638 2929 1696 Tharasii
2971 1641 3297 1711 patriarcha:
3341 1639 3503 1714 Cou-g

1909 1727 2378 1798 stantinopolitani
2431 1737 2486 1785 et
2558 1729 2785 1786 Adriani
2845 1746 2999 1801 papae
3066 1731 3308 1787 secundo
3349 1731 3496 1802 apud

1906 1817 2128 1876 Niceam
2173 1821 2499 1879 universalis
2544 1823 2786 1893 synodus
2812 1823 2916 1878 550
2941 1823 3326 1893 episcoporum
3348 1839 3484 1878 con-
3517 1827 3523 1839 '

1908 1922 2192 1983 gregatur;
2218 1914 2273 1969 in
2294 1931 2402 1985 qua
2426 1915 2558 1971 lides
2579 1916 2845 1971 catholica
2869 1916 2925 1970 in
2957 1916 3233 1986 presentia
3249 1915 3493 1988 Hyrenes

1907 2012 1962 2060 et
2001 2004 2099 2060 lilii
2142 2005 2263 2076 ejus
2301 2007 2668 2074 Constantini,
2719 2016 3043 2063 cunctorum
3091 2006 3496 2076 subscriptione

1907 2097 2218 2166 roboratur,
2263 2106 2318 2153 et
2357 2098 2567 2154 heresis
2597 2099 2974 2154 execrantium
3008 2099 3272 2169 imagines
3293 2097 3384 2151 Dei
3431 2098 3490 2152 in

1907 2197 2228 2260 perpetuum
2273 2190 2576 2246 abdicatur.
2605 2189 2950 2262 .Conjuratio
2983 2191 3158 2246 valida
3213 2190 3355 2246 facta
3404 2199 3489 2245 est

1909 2277 1980 2333 ab
2001 2276 2304 2334 Austrasiis
2332 2288 2524 2335 contra
2566 2279 2826 2335 Karolum
2864 2296 3068 2351 regem,
3094 2289 3316 2335 auctore
3347 2278 3487 2333 I-Iar-

1909 2369 2115 2425 derico.
2157 2368 2276 2437 Qua
2296 2369 2526 2438 detecta,
2552 2371 2710 2426 multi
2739 2381 2834 2427 aut
2859 2371 3121 2428 membris
3143 2379 3497 2435 truncantur,

1913 2466 2008 2514 aut
2027 2458 2337 2515 exiliantur.

2155 2549 2278 2605 789.
2461 2551 2514 2606 8.
2697 2553 2750 2606 2.
2929 2551 3018 2606 21.
3169 2552 3255 2606 11.

1985 2643 2160 2716 (Heu.
2197 2642 2421 2716 [Rss.])
2464 2643 2698 2701 Karolus
2739 2643 2981 2700 Coloniae
3028 2659 3193 2714 super
3237 2641 3490 2698 Rhenum

1914 2738 2061 2811 (175)
2093 2747 2285 2808 pontes
2313 2738 2452 2794 duos
2497 2737 2768 2794 construit
2805 2747 2874 2793 et'
2901 2737 3098 2803 munit,
3134 2745 3190 2792 et
3216 2735 3488 2792 Sclaviam

1913 2832 2217 2902 ingressus,
2243 2845 2364 2886 eam
2393 2829 2496 2886 sibi
2519 2829 2740 2901 subigit.
2762 2829 2780 2900 (
2791 2827 2836 2882 Η
2846 2870 2859 2883 .
2884 2829 2981 2900 m.)
3011 2827 3322 2900 Adelgisus,
3348 2828 3494 2882 filius

1914 2922 2179 2979 Desiderii
2206 2923 2372 2994 regis,
2400 2922 2495 2993 qui
2519 2922 2665 2978 victo
2690 2930 2844 2993 patre
2883 2936 2984 2977 suo
3013 2921 3081 2976 ad
3108 2919 3313 2976 Grecos
3358 2936 3492 2976 con-

1913 3015 2144 3087 fugerat,
2162 3015 2436 3070 an‘imatus
2458 3013 2664 3069 auxilio
2678 3013 2976 3070 Grecorum
2999 3013 3067 3067 ad
3094 3011 3303 3066 Italiam
3323 3012 3490 3076 venit,

1913 3115 2009 3162 aut
2057 3107 2123 3163 ad
2161 3107 2516 3178 repetendum
2548 3121 2800 3178 regnum,
2829 3113 2924 3160 aut
2954 3105 3021 3160 ad
3048 3103 3386 3160 inferendam
3413 3103 3496 3158 ul-

1912 3201 2115 3256 tionem
2141 3217 2154 3266 ;
2186 3199 2282 3270 qui
2324 3199 2458 3254 inito
2499 3198 2642 3254 bello
2665 3213 2791 3254 cum
2821 3196 3069 3263 Francis,
3099 3204 3282 3252 tentus
3312 3197 3380 3251 ab
3414 3195 3497 3251 eis

1913 3304 2100 3344 amara
2127 3297 2302 3344 morte
2323 3296 2636 3358 peremptus
2658 3295 2760 3343 est.

2126 3379 2247 3434 790.
2428 3379 2481 3435 9.
2667 3379 2719 3432 5.
2901 3377 2992 3431 22.
3143 3377 3230 3431 12.

1983 3468 2186 3541 (Eum)
2217 3467 2452 3524 Karolus
2493 3483 2590 3522 rex
2637 3468 2912 3523 honestati
2942 3468 3340 3539 ecclesiastica:
3371 3460 3496 3522 "om-

1915 3559 2044 3613 nino
2072 3557 2338 3624 intentus,
2371 3557 2582 3626 legendi
2613 3563 2667 3610 et
2707 3557 2974 3626 psallendi
2999 3557 3343 3628 disciplinam
3372 3557 3498 3612 dili-

1912 3655 2102 3721 genter
2130 3647 2368 3704 correxit
2392 3646 2558 3720 (1011.,
2593 3645 2656 3702 ν.
2683 3644 2836 3717 Greg.
2873 3645 2975 3713 M.,
3026 3663 3086 3712 II,
3114 3647 3221 3714 10).
3250 3646 3457 3716 Perpen
3478 3678 3492 3685 -

1911 3743 2046 3798 dens
2073 3741 2242 3808 enim,
2275 3740 2474 3796 iterum
2509 3736 2694 3794 Gallos
2731 3755 2763 3794 a
2813 3737 3078 3793 Romanis
3122 3739 3177 3792 in
3222 3739 3494 3793 cantando

1911 3835 2254 3904 discrepare,
2301 3831 2593 3887 Mettenses
2645 3845 2776 3886 vero
2829 3829 2946 3884 sola
3006 3836 3215 3883 natura:
3277 3826 3495 3882 levitate

1911 3925 2195 3996 paululum
2225 3923 2358 3996 quid
2383 3923 2688 3990 dissonare,
2722 3937 2820 3992 per
2845 3929 3096 3976 cantores
3127 3935 3347 3974 rursum
3389 3919 3493 3973 sibi

1912 4017 1982 4071 ab
2001 4015 2243 4071 Adriano
2266 4030 2404 4085 pupa
2431 4030 2461 4068 a
2482 4012 2655 4069 Roma
2685 4011 2923 4067 directos
2945 4010 3342 4067 dissonantiam
3365 4024 3493 4064 can-

1913 4118 2002 4164 tus
2021 4107 2275 4163 correxit.
2303 4104 2506 4178 (Erum)
2530 4104 2688 4160 Circa
2717 4117 2984 4175 pauperes
3009 4103 3171 4158 etiam
3199 4099 3491 4165 sollicitus,

1912 4215 2022 4255 non
2061 4199 2238 4256 solum
2289 4199 2344 4252 in
2381 4213 2551 4269 regno
2579 4211 2702 4263 suo,
2732 4210 2923 4251 verum
2955 4193 3120 4248 etiam
3145 4201 3295 4247 trans
3323 4191 3494 4246 maria

1889 4293 1969 4348 .in
1999 4292 2234 4365 IEgypto
2255 4333 2273 4359 ,
2299 4292 2356 4346 in
2387 4289 2566 4363 Syria,
2592 4291 2646 4344 in
2678 4287 2885 4356 Africa,
2927 4287 3185 4358 precipue
3221 4285 3273 4339 in
3299 4283 3492 4339 Hiero-

250 4369 360 4429 bion
378 4361 542 4433 duces
567 4361 866 4434 Saxonum
911 4379 1113 4436 Karolo
1135 4383 1474 4438 reconciliati
1519 4385 1806 4455 baptizan-
1837 4382 1886 4441 D
1913 4361 2156 4449 solimis,
2177 4361 2504 4436 liberalitate
2532 4379 2958 4435 elemosinarum
3000 4376 3317 4432 christianis
3360 4391 3496 4445 pau-

251 4471 344 4532 tur,
363 4476 411 4522 et
429 4477 614 4526 motus
649 4468 927 4526 Saxonum
952 4473 1340 4543 reprimuntur.

441 4557 562 4614 786.
745 4561 796 4617 5.
983 4564 1034 4618 1..
1213 4565 1300 4620 18.
1480 4573 1533 4622 ό.

311 4643 433 4717 Jb.)
477 4647 712 4706 Karolus
764 4666 858 4706 rex
919 4651 1179 4708 Adullum
1222 4656 1598 4726 synescalcum
1646 4675 1806 4717 suum

251 4745 418 4793 contra
444 4737 722 4797 Brittones
750 4742 817 4774 ιδ’*
841 4744 1026 4811 mittit,
1056 4753 1108 4800 et
1138 4760 1260 4815 per.
1287 4763 1416 4802 eum
1452 4750 1620 4805 multa
1659 4751 1804 4808 Brit-

253 4833 417 4884 tonum
457 4841 640 4888 castra
684 4843 738 4890 et
759 4834 1033 4906 principes
1059 4851 1248 4891 eorum
1293 4839 1456 4908 capit.
1485 4839 1675 4912 (Μυι.)
1719 4842 1806 4897 Si-

255 4931 396 4985 gnum
421 4924 600 4985 crucis
624 4924 680 4979 in
705 4926 944 4993 vestibus
970 4927 1251 4983 hominum
1274 4931 1586 4999 apparebat.

467 5019 589 5074 787.
774 5020 828 5080 6.
1004 5020 1060 5076 2.
1240 5021 1327 5076 19.
1511 5024 1563 5078 9.

315 5105 478 5175 (Heu.
524 5110 674 5184 [L.])
702 5111 914 5183 Moyses
957 5113 1160 5169 amiras
1191 5112 1458 5181 moritur;
1484 5123 1608 5184 post
1644 5131 1808 5186 quem

262 5197 420 5256 Aaron
464 5202 634 5263 frater
659 5204 779 5276 ejus
829 5202 1120 5262 Saracenis
1149 5204 1312 5262 annis
1349 5205 1422 5259 23
1447 5205 1806 5278 principatur.

1915 4473 2138 4544 peribus
2169 4472 2554 4538 solatiabatur;
2580 4470 3074 4525 transmarinorum
3098 4483 3286 4538 regum
3312 4466 3497 4521 amici-

1917 4566 2022 4621 tias
2053 4565 2124 4620 ob
2180 4564 2285 4620 hoc
2327 4563 2564 4617 maxime
2599 4571 2888 4630 expetens,
2928 4568 2988 4614 ut
3027 4558 3341 4613 christianis
3391 4557 3497 4612 sub

1916 4659 1998 4715 eis
2044 4654 2366 4728 degentibus
2405 4661 2550 4710 esset
2599 4652 2877 4707 revelatio.
2939 4648 3396 4722 (1b.)Klehuinus
3429 4649 3498 4702 de

1917 4748 2194 4804 Britannia
2215 4744 2503 4812 oriundus,
2527 4743 2787 4814 magister
2807 4742 3099 4798 deliciosus
3121 4741 3262 4812 regis
3285 4740 3491 4807 Karoli,

1916 4841 2144 4898 scientia
2172 4840 2474 4895 litterarum
2507 4836 2771 4908 prepollet
2808 4837 2863 4890 in
2895 4834 3090 4901 Gallia,
3123 4834 3281 4903 cujus
3313 4833 3493 4902 preci-

1913 4947 2017 5004 pue
2050 4929 2365 5002 magisterio
2397 4929 2513 5000 ipse
2539 4944 2633 4983 rex
2668 4942 2860 4984 omnes
2878 4927 3132 4981 liberales
3161 4933 3307 4979 artes
3335 4923 3480 4978 didi-

1909 5025 2001 5079 cit.
2057 5014 2158 5078 llic
2191 5021 2362 5076 multa
2401 5019 2640 5089 scripsit,
2677 5018 2820 5073 inter
2838 5033 2960 5088 qua:
2992 5018 3232 5072 eminent
3273 5015 3394 5071 libri
3424 5015 3498 5070 de-

1911 5125 2101 5172 sancta
2127 5113 2396 5170 Trinitate
2424 5113 2611 5183 scripti
2649 5112 2716 5168 ad
2741 5112 2919 5182 ipsum
2951 5126 3153 5182 regem.
3186 5109 3308 5182 [llic
3328 5109 3494 5164 etiam-

1909 5208 2070 5279 jussu
2102 5207 2276 5279 ipsius
2305 5207 2450 5284 regis
2476 5205 2715 5261 divinam
2748 5203 3035 5259 historiam
3076 5201 3312 5258 correxit
3338 5196 3456 5271 “'.]

1523 5339 1757 5396 VARUE
1793 5340 2084 5400 LECTION
2091 5341 2192 5398 ES.

322 5441 572 5526 “"addit.
626 5449 705 5506 1δ.
752 5470 764 5505 :
796 5449 910 5504 rell.
942 5458 1134 5520 prwter
1165 5448 1229 5504 A.
1294 5450 1404 5521 (qui
1437 5467 1498 5505 ea
1548 5433 1756 5509 0.829.
1787 5452 1969 5526 habet)
1998 5453 2119 5509 C2‘.

273 5517 336 5562 ter
379 5513 440 5568 A.

2233 5451 2301 5483 Μ
2340 5451 2576 5508 bittones
2606 5451 2717 5524 Sig.
2801 5451 2867 5485 ’δ’
2894 5451 3020 5508 add.
3054 5449 3160 5516 13-;
3199 5447 3312 5505 νεα·
3348 5462 3495 5519 ραν-ι
3539 5505 3543 5510 -

1747 5591 1976 5648 NOTAE.

344 5678 482 5754 (175)
515 5682 660 5740 Albis
681 5685 812 5753 fuit;
840 5685 962 5742 vide
986 5667 1320 5755 Reginonem
1348 5699 1398 5743 et
1449 5687 1587 5743 Ann.
1635 5685 1782 5743 Mett.
1809 5686 1935 5762 ;_.cf.
1972 5687 2114 5744 Mon.
2157 5688 2253 5742 SS.
2288 5685 2347 5755 ll,
2377 5681 2505 5750 223,
2531 5689 2674 5736 nota.
