4058 6482
456 301 554 360 151

461 415 648 472 .791.
727 416 793 471 Β.
841 417 925 472 10.
1001 413 1160 476 (3.4.
1235 418 1298 474 F.
1336 420 1429 476 25.
1513 423 1692 484 Β.15.

525 505 624 580 (H.
653 509 752 580 νη.)
789 508 1190 567 Constantinus
1219 522 1451 569 matrem
1473 531 1634 575 suam
1655 519 1908 595 Hyrenen
1939 522 2043 578 im-

451 601 608 672 perio
637 601 835 671 privat,
872 603 1133 675 solusque
1162 605 1322 662 annis
1348 605 1381 661 6
1412 607 1673 683 imperat.
1701 613 1878 685 (Matt.
1905 614 2044 690 [L.])

453 691 690 748 Karolus
718 709 816 749 rex
864 710 1096 767 regnum
1127 697 1370 758 Avarum
1407 712 1556 760 terra
1588 708 1842 778 marique
1875 708 2048 780 impe-

452 785 540 854 tit,
571 785 764 857 eisque
795 787 850 841 in
890 789 1006 844 sola
1034 787 1165 865 fuga
1203 809 1355 866 spem
1409 798 1674 854 evadendi
1698 800 1940 871 reliquit.

527 899 653 954 792.
839 903 888 956 1.
1075 907 1129 961 5.
1311 909 1404 964 2-1.
1557 912 1644 968 14.
1720 950 1723 952 -

522 990 621 1062 (H.
647 993 744 1065 m.)
775 991 1176 1058 Constantinus
1198 999 1496 1072 imperator
1519 1020 1848 1078 congressus
1869 1005 2047 1064 Char-

450 1083 616 1140 damo
646 1083 891 1160 Bulgari,
921 1092 1157 1161 turpiter
1201 1093 1381 1151 victus
1415 1097 1841 1168 dehonestatur;
1872 1099 2049 1157 Char-

450 1174 652 1235 damus
676 1179 895 1236 sublato
915 1181 1064 1253 regio
1079 1183 1231 1240 omni
1249 1195 1512 1257 apparatu
1545 1189 1770 1246 ditatur.
1797 1189 2046 1263 Pipinus,

452 1267 643 1325 Karoli
675 1271 819 1342 regis
857 1287 924 1328 ex
959 1273 1269 1332 concubina
1304 1276 1475 1346 filius,
1505 1280 1670 1351 gibbo
1697 1280 1980 1349 deformis,
2017 1297 2049 1338 a

453 1360 787 1430 quibusdam
849 1363 1192 1422 Francorum
1276 1368 1614 1440 primoribus
1680 1373 2051 1444 promissione

450 1454 607 1524 regni
650 1454 885 1525 illectus,
909 1468 1097 1537 contra
1138 1469 1350 1532 patrem
1385 1464 1711 1536 conjuravit.
1737 1464 1894 1523 Unde
1919 1481 2052 1523 con-

448 1547 631 1604 victus
677 1557 1015 1619 tonsoratur,
1062 1562 1116 1610 et
1156 1555 1212 1610 in
1260 1554 1486 1612 Prumia
1512 1559 1763 1614 coenobio
1798 1569 2052 1616 retrusus

456 1654 636 1710 usque
662 1641 729 1695 ad
761 1641 925 1697 linem
953 1644 1078 1700 vita:
1108 1645 1220 1725 Deo
1255 1647 1532 1705 militavit.
1577 1649 1888 1721 Complices
1919 1667 2052 1708 vero

451 1733 853 1803 conjurationis
883 1737 974 1793 alii
1000 1738 1319 1810 exiliantur,
1349 1743 1512 1814 pauci
1539 1744 1906 1814 perimuntur.

527 1825 653 1881 795.
833 1829 887 1884 2.
1073 1832 1126 1886 6.
1310 1835 1402 1890 25.
1556 1837 1646 1891 15.

523 1917 699 1990 (Μιιιῑ.
738 1919 884 1994 [L.])
914 1921 1192 1979 Fcliciana
1222 1925 1436 1982 heresis
1470 1928 1872 1984 condemnatur
1900 1938 1954 1985 et
1989 1929 2047 1984 in

451 2011 724 2080 prescntia
769 2012 996 2068 Adriani
1044 2031 1199 2086 papa:
1225 2017 1294 2072 ab
1331 2019 1451 2089 ipso
1480 2019 1660 2094 Felice
1688 2030 1913 2076 auctore
1949 2022 2048 2076 ab-

428 2103 682 2160 dicatur.
722 2103 848 2162 llaec
876 2107 1087 2164 heresis
1117 2109 1423 2180 asserebat,
1448 2111 1620 2168 tilium
1649 2113 1746 2168 Dei
1777 2113 1831 2168 in
1861 2112 2046 2170 divina

449 2204 646 2250 natura
677 2213 868 2252 verum
926 2198 1098 2254 Deum
1141 2216 1286 2268 esse,
1318 2202 1374 2264 in
1411 2202 1652 2259 humana
1677 2219 1808 2260 vero
1849 2215 2046 2261 natura

444 2275 912 2359 nuncupativum;
947 2291 1072 2347 item
1103 2293 1156 2347 in
1183 2293 1372 2349 divina
1399 2304 1597 2366 natura
1611 2311 1752 2352 eum
1793 2311 1918 2352 esse
1944 2313 2042 2352 ve-

449 2396 572 2435 rum
603 2381 776 2437 lilium
807 2383 932 2450 Dei;
963 2384 1016 2438 in
1046 2385 1286 2440 humana
1320 2402 1447 2441 vero
1483 2387 1822 2459 adoptivum,
1850 2404 2042 2457 unam,

445 2487 739 2542 personam
765 2472 858 2528 Dei
885 2483 938 2529 et
962 2475 1204 2531 hominis
1229 2475 1478 2532 dividens
1508 2479 1562 2533 in
1586 2480 1725 2535 duas
1755 2495 2042 2550 personas,

447 2563 656 2620 scilicet
683 2567 797 2620 veri
844 2566 938 2620 lilii
982 2576 1037 2622 et
1071 2568 1333 2638 adoptivi.
1363 2567 1702 2627 Saxonesin
1745 2573 1849 2627 title
1882 2581 1935 2628 et
1983 2575 2050 2627 li-

445 2654 688 2712 .lclitatis
717 2657 862 2728 regis
889 2658 1166 2714 vacillant.

505 2750 629 2806 794.
811 2754 864 2808 5.
1052 2754 1103 2808 7.
1286 2755 1379 2812 26.
1530 2755 1618 2811 16.

517 2843 618 2917 (Η.
646 2845 743 2917 m.)
761 2845 1159 2906 Constantinus
1182 2850 1483 2921 imperator
1504 2850 1708 2906 multos
1735 2850 2042 2921 principum

447 2935 552 2992 sibi
603 2948 890 3009 suspectos
939 2942 1114 2998 oculis
1153 2943 1352 3013 privat.
1380 2942 1688 3014 (Eixn.;—
1717 2943 2042 3014 MARIANUS.)

452 3030 688 3089 Karolus
718 3049 835 3101 rex,
886 3050 994 3089 non
1027 3036 1205 3091 solum
1256 3036 1431 3107 patria
1482 3035 1688 3107 lingua,
1739 3036 1832 3092 sed
1876 3035 2042 3090 etiam

446 3124 750 3195 peregrinis
782 3125 984 3197 linguis
1011 3128 1281 3197 eruditus,
1316 3128 1548 3183 barbara
1576 3136 1631 3183 et
1655 3127 2041 3198 antiquissima
2071 3163 2115 3226 C

444 3215 714 3284 carmina,
765 3218 968 3288 quibus
997 3228 1240 3275 veterum
1277 3236 1465 3290 regum
1496 3221 1636 3276 bella
1680 3230 1734 3276 et
1761 3229 1921 3277 actus
1955 3237 2042 3276 ca-

445 3307 739 3376 nebantur,
779 3311 1000 3381 scripsit
1024 3322 1077 3367 et
1101 3313 1383 3384 memoria:
1423 3312 1722 3369 mandavit.
1756 3312 2044 3370 lnchoavit

446 3399 614 3454 etiam
679 3393 1095 3472 grammaticam
1151 3405 1314 3475 patrii
1382 3406 1686 3472 sermonis;
1758 3407 2041 3462 mensibus

449 3491 579 3544 anni
612 3491 768 3562 juxta
815 3494 1118 3564 propriam,
1151 3495 1204 3549 id
1248 3505 1332 3551 est
1383 3495 1764 3564 Teutonicam,
1797 3497 2041 3568 linguam

446 3578 715 3634 vocabula
746 3579 1036 3651 imposuit;
1063 3595 1253 3640 ventos
1273 3585 1440 3640 etiam
1479 3585 1770 3641 duodecim
1805 3587 2042 3656 prapriis

448 3670 768 3726 nominibus
802 3675 1115 3743 appellavit,
1168 3691 1294 3732 cum
1344 3685 1504 3733 antea
1555 3687 1791 3749 quatuor
1829 3688 2039 3735 tantum

447 3763 754 3822 cardinales
787 3767 936 3821 venti
969 3769 1412 3824 nominarentur.

520 3853 644 3910 795.
825 3858 881 3913 4.
1062 3859 1116 3914 8.
1201 3861 1206 3866 ’
1299 3859 1390 3916 27.
1537 3861 1625 3916 17.

521 3943 697 4011 (Men.
723 3943 870 4018 [L.];
900 3945 1080 4018 Emi.)
1110 3946 1358 4005 Saxones
1382 3949 1582 4006 virtute
1607 3949 1792 4006 Karoli
1823 3959 2042 4006 conter-

444 4034 561 4102 riti,
599 4037 835 4092 reddunt
875 4053 933 4093 se
977 4038 1184 4094 Christi
1227 4048 1283 4096 et
1313 4042 1458 4112 regis
1487 4041 1754 4098 ﬁdelitati.
1805 4041 2040 4096 Karolus

448 4143 547 4181 rex
563 4128 918 4184 christianam
949 4131 1267 4203 religionem
1291 4142 1478 4189 sancte
1500 4149 1564 4189 ac
1590 4135 1678 4204 pie
1697 4134 1902 4199 colens,
1931 4149 2040 4190 asc-

446 4220 644 4275 clesias
670 4219 768 4276 Dei
791 4222 1122 4279 omnimodis
1167 4224 1493 4293 honorabat,
1525 4234 1580 4281 et
1612 4225 1847 4280 ornabat
1867 4225 2041 4280 sacris

444 4311 595 4367 vasis
620 4327 686 4367 ac
709 4314 956 4370 vestibus
971 4357 986 4384 ,
1005 4315 1337 4384 edicens,-ut
1365 4333 1433 4372 ne
1460 4316 1796 4388 janitoribus
1817 4316 2040 4387 quidem

445 4404 635 4461 liceret
666 4407 943 4462 communi
977 4408 1166 4470 habitu
1207 4408 1265 4464 in
1291 4408 1540 4464 azcclesia
1562 4407 1898 4462 ministrare.
1930 4406 2040 4461 Ex—

447 4497 622 4554 truxit
675 4497 840 4570 etiam
901 4499 1237 4572 Aquisgrani
1290 4500 1576 4555 basilicam
1619 4497 1873 4570 plurima:
1912 4498 2039 4569 pul—

447 4590 799 4658 chritudinis,
822 4591 889 4647 ad
912 4593 1072 4663 cujus
1095 4602 1430 4649 structuram
1455 4607 1485 4646 a
1507 4590 1680 4647 Roma
1703 4598 1759 4646 et
1779 4589 2038 4648 Ravenna

445 4680 734 4738 columnas
765 4692 820 4738 et
847 4699 1126 4752 marmora
1152 4684 1348 4740 devehi
1370 4682 1518 4738 fecit.

522 4771 645 4828 796.
827 4775 881 4830 5.
1066 4775 1118 4832 9.
1258 4786 1262 4790 '
1302 4775 1396 4831 28.
1549 4775 1635 4832 18.

517 4864 605 4935 (6.
630 4867 801 4938 ροηι.)
847 4867 959 4925 Leo
995 4870 1167 4924 91m“
1216 4868 1476 4933 Romana:
1502 4868 1748 4925 ecclesia:
1775 4867 2035 4938 presidet.

428 4955 554 5031 Qui
609 4973 739 5014 mox
787 4959 986 5015 clavim
1048 4959 1418 5018 confessionis
1483 4960 1662 5016 sancti
1713 4957 1859 5014 Petri
1911 4973 2041 5015 cum

444 5049 646 5105 vexillo
668 5049 928 5109 Romana:
949 5052 1102 5108 urbis
1126 5051 1326 5108 Karolo
1351 5052 1469 5123 regi
1492 5051 1662 5112 misit.
1691 5050 1872 5122 (Heu.
1899 5049 2039 5123 [L.])

449 5138 700 5198 Witthan
725 5159 822 5201 rex
871 5144 1263 5202 Abrotidorum
1293 5160 1328 5200 a
1375 5143 1686 5200 Saxonibus
1729 5142 2036 5216 perimitur.

519 5232 645 5290 797.
827 5236 881 5292 6.
903 5273 916 5286 .
1063 5235 1151 5291 10.
1333 5236 1426 5292 29.
1574 5236 1662 5292 19.

514 5322 807 5383 Heinricus
848 5327 959 5382 dux
1005 5325 1486 5398 Forojulianorum
1513 5327 1789 5399 expoliata
1819 5328 1874 5382 in
1899 5327 2042 5383 Pan-

445 5415 616 5473 nonia
635 5416 877 5474 Avarum
908 5417 1156 5489 principe
1177 5418 1387 5492 Yringo
1413 5419 1588 5493 (176),
1610 5419 2038 5477 inestimabilem

444 5507 770 5568 thesaurum
820 5509 942 5581 ejus
982 5509 1133 5566 misit
1180 5513 1296 5585 regi
1345 5512 1564 5570 Karolo.
1613 5513 1752 5587 (1b.)
1801 5513 2039 5570 Thudnn

1625 310 1993 374 SIGEBERTI
2032 315 2564 377 GEMBLACENSIS

3625 325 3734 382 153

2077 433 2126 490 Α
2151 433 2404 506 princeps
2449 433 2693 491 Avarum
2735 449 2795 492 se
2827 444 2884 493 et
2925 437 3160 510 patriam
3204 453 3363 495 suam
3393 436 3597 497 Karolo
3625 444 3745 516 regi

2148 525 2318 595 dedit,
2348 535 2404 583 et
2432 529 2664 600 gratiam
2685 530 2944 601 baptismi
2973 532 3224 603 percipit.

2221 621 2346 692 798.
2526 624 2579 681 7.
2765 626 2854 681 11.
3017 625 3108 682 50.
3248 625 3349 682 20.

2169 737 2172 740 ·
2221 715 2320 788 (H.
2344 715 2444 787 m.)
2472 715 2687 790 Hyrene
2715 717 3033 790 imperatrix
3076 735 3240 791 super
3274 727 3464 791 erepto
3493 719 3601 777 sibi
3635 719 3744 774 im-

2153 808 2307 879 perio
2339 808 2602 867 fcemineo
2641 811 2831 868 dolore
2858 813 3058 880 abusa,
3085 811 3509 870 Constantinum
3567 813 3743 868 lilium

2152 917 2316 958 suum
2344 903 2520 960 oculis
2562 912 2618 959 et
2641 903 2872 975 imperio
2899 905 3098 976 privat,
3126 914 3184 962 et
3215 906 3332 963 sola
3367 907 3530 963 annis
3571 907 3607 962 5
3636 907 3742 962 im-

2151 1003 2324 1067 perat.
2381 995 2600 1056 Thatun
2649 994 2941 1069 llyspanus
2996 997 3318 1056 Barcinona:
3355 997 3634 1070 prel'ectus
3682 1014 3744 1054 se

2154 1085 2354 1144 Karolo
2380 1088 2497 1160 regi
2521 1088 2689 1157 dedit,
2712 1097 2768 1144 et
2806 1089 3196 1160 Barcinonam,
3238 1107 3363 1162 quae
3390 1093 3460 1148 ab
3497 1091 3592 1147 illo
3646 1090 3744 1146 de-

2151 1181 2406 1251 sciverat,
2433 1182 2630 1239 reddit.
2683 1181 2860 1254 (Men.
2913 1182 3062 1257 [L.])
3093 1184 3327 1240 Karolus
3371 1201 3468 1240 rex
3495 1184 3750 1240 Saxones

2153 1274 2307 1347 gravi
2343 1275 2532 1346 praelio
2555 1276 2744 1332 vincit.
2779 1276 3064 1348 Adelphon
3091 1294 3188 1333 rex
3209 1277 3461 1334 Calithia:
3495 1277 3611 1348 regi
3633 1275 3749 1331 Ka—

2153 1368 2272 1424 rolo
2295 1368 2467 1423 multa
2493 1384 2725 1425 munera
2758 1368 2941 1425 mittit.
2968 1368 3066 1441 (H.
3098 1369 3202 1444 ll.)
3235 1368 3330 1426 Sol
3351 1368 3750 1428 obtenebratus

2154 1469 2237 1517 est
2267 1477 2365 1532 per
2391 1461 2508 1517 dies
2532 1461 2618 1516 17.

2227 1552 2350 1617 799.
2533 1552 2584 1607 1.
2765 1553 2853 1608 12.
3039 1555 3128 1609 51.
3311 1555 3402 1610 21.

2228 1645 2326 1715 (ΙΙ.
2363 1649 2460 1715 m.)
2489 1643 2886 1703 Constantinus
2925 1647 3223 1718 imperator
3248 1648 3503 1702 moritur.
3533 1645 3592 1700 In
3619 1645 3753 1701 llis-

2156 1737 2318 1808 pania
2354 1737 2660 1794 Barcinona
2683 1737 2974 1795 Saracenis
3009 1739 3242 1806 reddita,
3268 1755 3299 1794 a
3328 1739 3513 1795 Karoli
3544 1740 3749 1794 militi-

2081 1820 2124 1875 Β
2150 1828 2254 1890 bus
2281 1837 2366 1885 est
2389 1829 2636 1885 obsessa.
2655 1830 2891 1886 Leonem
2915 1846 3113 1900 papam
3135 1831 3506 1886 celebritatem
3529 1832 3753 1886 letanire

2150 1922 2379 1992 majoris
2428 1932 2680 1994 agentem
2727 1923 2964 1980 Romani
3013 1923 3256 1993 capiunt,
3289 1934 3344 1979 et
3402 1924 3646 1994 linguam
3691 1923 3747 1976 ci

2149 2015 2451 2086 oculosque
2484 2015 2741 2070 evellunt.
2787 2014 2890 2071 Cui
2916 2030 3053 2072 voce
3100 2023 3155 2071 et
3179 2015 3303 2071 visu
3352 2015 3564 2070 reddito
3591 2015 3741 2071 divi-

2149 2107 2319 2174 nitus,
2355 2108 2553 2163 iterum
2576 2109 2627 2162 ei
2668 2109 2859 2164 oculos
2882 2117 2937 2164 et
2956 2108 3200 2180 linguam
3223 2117 3426 2163 eruunt
3445 2106 3740 2165 radicitus.

2149 2196 2254 2264 Qui
2309 2199 2377 2254 de
2421 2214 2590 2253 manu
2639 2213 2832 2254 eorum
2885 2207 3110 2267 erutus,
3165 2199 3233 2254 ad
3281 2198 3544 2254 Karolum
3595 2198 3746 2272 fugit

2148 2290 2487 2361 quantotius.
2526 2289 2701 2363 (Matt.
2736 2289 2874 2364 [L.])
2902 2289 3194 2348 Heinricus
3221 2290 3752 2361 dux‘Forojuliano—

2148 2399 2270 2436 rum
2299 2398 2331 2439 a
2367 2383 2484 2444 suis
2510 2383 2819 2454 perimitur.

2218 2475 2343 2529 800.
2525 2477 2581 2529 2.
2769 2476 2857 2530 15.
3041 2476 3132 2531 52.
3315 2475 3407 2531 22.

2170 2622 2178 2625 -
2219 2567 2395 2637 (Matt.
2429 2565 2578 2640 [L.])
2605 2564 2665 2622 In
2698 2581 2889 2622 mense
2927 2564 3074 2622 Julio
3119 2573 3313 2622 contra
3357 2573 3610 2620 naturam
3652 2580 3751 2620 as~

2145 2677 2273 2732 pera
2303 2669 2358 2717 et
2386 2662 2509 2732 gelu
2543 2668 2800 2718 concreta
2825 2659 2913 2715 bis
2956 2658 3062 2714 fuit
3088 2660 3308 2729 pruina,
3338 2658 3433 2714 sed
3459 2658 3596 2712 nihil
3618 2656 3748 2711 fru-

2147 2757 2326 2811 ctibus
2368 2754 2573 2810 nocuit.
2608 2752 2845 2810 Kar‘olus
2886 2767 2982 2808 rex
3011 2751 3250 2807 Leonem
3299 2767 3498 2822 papam
3523 2750 3579 2804 in
3610 2751 3752 2806 sede

2146 2849 2394 2905 Romana
2445 2847 2688 2913 relocat;
2737 2847 2856 2916 ipse
2895 2860 3115 2916 quoque
3177 2843 3410 2898 Romam
3450 2851 3741 2913 properat,

2145 2957 2344 2997 causas
2370 2938 2668 3003 examinat,
2692 2951 2817 2992 reos
2839 2935 3084 3006 legaliter
3112 2934 3358 3001 damnat,
3397 2932 3585 3003 sicque
3619 2948 3745 2986 om-

2147 3046 2244 3086 nes
2282 3028 2657 3083 Romanorum
2709 3033 2894 3081 motus
2936 3024 3109 3080 sedat.
3141 3022 3277 3094 (1b.)
3318 3021 3465 3079 Gens
3492 3023 3740 3078 Avarum

2146 3139 2177 3178 a
2205 3122 2308 3177 lide
2349 3119 2549 3177 deﬁcit.
2581 3117 2836 3174 Baleares
2867 3116 3063 3174 insula
3095 3115 3303 3173 auxilio
3342 3115 3680 3170 Francorum
3705 3131 3739 3170 a

2149 3215 2437 3271 Saracenis
2455 3213 2831 3271 defensantur.
2862 3212 2968 3268 Per
2990 3212 3281 3268 Widonem
3313 3209 3499 3266 Karoli
3539 3209 3741 3266 ducem

2147 3309 2421 3364 Brittones
2460 3308 2766 3367 vincuntur
2811 3314 2870 3362 et
2902 3305 2960 3361 in
2997 3305 3329 3362 deditionem
3371 3304 3736 3375 recipiuntur.

2145 3403 2414 3459 Geroldus
2455 3402 2564 3457 dux
2599 3400 2868 3472 Bajoarize
2903 3400 2961 3455 in
2981 3399 3266 3456 Pannonia
3295 3397 3567 3453 Avaribus
3603 3413 3747 3451 con--

2147 3510 2369 3565 gressus
2399 3493 2724 3563 perimitur;
2754 3492 2822 3546 de
2838 3505 2952 3561 quo
2974 3489 3032 3544 in
3055 3489 3271 3546 visione
3282 3487 3486 3544 Wetini
3513 3489 3736 3558 legitur,

2144 3586 2290 3657 quod
2321 3586 2460 3640 inter
2484 3593 2753 3655 martyres
2777 3591 3175 3640 aunumeratus
3194 3582 3288 3636 sit.

2215 3677 2338 3731 801.
2520 3675 2575 3731 5.
2759 3674 2848 3729 14.
3033 3673 3124 3728 55.
3305 3672 3398 3728 25.

2216 3767 2470 3835 Romani,
2515 3765 2610 3837 qui
2636 3766 2706 3822 ab
2751 3766 3081 3836 imperatore
3127 3763 3739 3833 Constantinopolitano

2140 3860 2353 3931 jamdiu
2377 3859 2563 3914 animo
2597 3858 2960 3923 desciverant,
2999 3871 3148 3914 nunc
3170 3866 3393 3927 accepta
3426 3857 3740 3933 occasiqnis

2122 3952 2580 4028 'opportunitate,
2630 3951 2760 4021 quia
2833 3949 3031 4005 mulier
3095 3956 3356 4005 excecato
3403 3939 3759 4018 imperatore

2143 4042 2506 4099 Constantino
2552 4042 2664 4097 filio
2701 4057 2803 4096 suo
2832 4040 2914 4096 eis
2967 4041 3294 4110 imperabat,
3335 4055 3448 4095 uno
3479 4039 3735 4093 omnium

2144 4149 2418 4190 consensu
2438 4132 2639 4188 Karolo
2656 4131 2770 4204 regi
2787 4133 3168 4202 imperatorias
3190 4131 3382 4187 laudes
3402 4132 3732 4198 acclamant,

2142 4243 2379 4299 eumque
2408 4243 2504 4297 per
2524 4242 2748 4282 manum
2771 4225 2969 4281 Leonis
2984 4241 3136 4296 papae
3156 4233 3452 4291 coronant,
3474 4241 3738 4282 caesarem

2143 4329 2199 4375 et
2247 4328 2546 4390 augustum
2581 4317 2892 4387 appellant;
2919 4316 3176 4388 Pipinum
3205 4332 3358 4383 vero,
3395 4316 3570 4371 ﬁlium
3611 4317 3738 4385 ejus

2143 4427 2327 4484 regem
2379 4411 2546 4466 Italiae
2581 4410 2896 4466 ordinatum
2953 4410 3286 4465 collaudant.
3349 4408 3540 4482 (Matt.
3572 4407 3739 4481 [L.])

2073 4511 2118 4566 D
2143 4505 2500 4577 Amymurlyn
2545 4518 2636 4558 rex
2681 4502 2979 4558 Persarum
3023 4501 3224 4556 Karolo
3254 4500 3571 4571 imperatori
3617 4499 3737 4554 cle-

2144 4596 2412 4666 phantnm
2426 4604 2482 4648 et
2501 4608 2730 4649 munera
2744 4593 2918 4649 multa
2943 4592 3128 4648 mittit.
3157 4592 3464 4647 Barcinona
3498 4591 3735 4662 capitur.

2144 4686 2204 4742 in
2239 4686 2394 4743 Italia
2426 4701 2647 4757 quoque
2693 4685 2898 4742 Theate
2937 4685 3133 4741 civitas
3161 4701 3194 4740 a
3239 4684 3467 4740 Francis
3495 4685 3732 4754 capitur.

2145 4779 2382 4834 Sanctus
2408 4776 2627 4833 Salvius
2667 4777 2958 4849 episcopus
2981 4779 3207 4833 veniens
3237 4778 3306 4832 ab
3335 4778 3629 4847 Aquitania
3666 4779 3737 4832 ad

2141 4871 2338 4928 ﬁscum
2377 4869 2748 4937 Valentianas,
2775 4885 2809 4926 a
2829 4869 3170 4942 Winigardo,
3198 4870 3311 4924 lilio
3353 4868 3578 4924 Gerardi
3608 4884 3740 4940 pro-

2141 4962 2414 5020 curatoris
2458 4961 2633 5033 ipsius
2677 4961 2795 5018 llsci
2836 4961 3244 5035 martyrizatur.
3293 4958 3363 5016 Et
3411 4976 3576 5031 super
3613 4960 3741 5030 ejus

2142 5070 2376 5126 corpore
2415 5053 2746 5124 requirendo
2772 5052 3009 5109 Karolus
3045 5052 3275 5124 Magnus
3320 5051 3619 5122 imperator
3644 5051 3734 5106 di-

2143 5146 2350 5202 vinitus
2381 5146 2542 5202 tertio
2582 5145 2941 5212 ammonitus,
2967 5159 3172 5216 corpus
3199 5143 3420 5214 quidem
3446 5144 3736 5199 inventum

2144 5237 2447 5294 honoriﬁce
2479 5236 2748 5307 sepelivit,
2795 5234 3177 5292 interfectores
3218 5242 3406 5291 autem
3427 5233 3550 5304 ejus
3578 5233 3737 5307 gravi

2144 5343 2308 5400 ptena
2341 5327 2623 5394 multavit;
2653 5341 2757 5382 nec
2792 5335 2976 5382 tamen
3001 5341 3101 5397 per
3124 5326 3232 5382 hoc
3260 5324 3317 5380 in
3339 5338 3440 5381 eos
3467 5323 3608 5378 ultio
3634 5321 3736 5379 Dei

2143 5419 2400 5477 cessavit.
2458 5418 2750 5475 lmmutato
2777 5418 2968 5475 ordine
2999 5433 3318 5490 regnorum,
3353 5413 3764 5472 immntandus'

2145 5521 2231 5570 est
2291 5509 2458 5568 etiam
2502 5511 2638 5568 ordo
2695 5510 3020 5581 titulorum;
3043 5511 3175 5582 quia
3227 5508 3428 5566 abhinc
3462 5501 3568 5564 sub
3619 5520 3737 5562 uno

1955 5605 2190 5666 ΝΟΤᾸΕ.

518 5689 666 5769 (170)
841 5705 1125 5758 nunquam
1176 5694 1415 5769 exstitit;
1465 5694 1605 5769 fecit_
1637 5711 1761 5769 eum
1793 5695 2030 5769 Regino,

452 5772 561 5822 non
633 5759 940 5832 intelligens
996 5777 1184 5817 vocem
1236 5759 1518 5821 annalium
1586 5759 2032 5825 Laurisscnsium

2145 5699 2302 5768 bring
2327 5695 2364 5750 i.-
2494 5693 2753 5768 circulus.
2787 5690 2868 5748 Ex
2893 5707 2962 5750 eo
2985 5691 3207 5752 transiit
3235 5690 3292 5749 in
3320 5686 3564 5746 Annales
3598 5685 3737 5744 Met-

2143 5763 2346 5835 tensés,
2383 5763 2649 5835 Sigeberti
2675 5763 2901 5820 fontem.
