4046 6318
188 291 275 347 155

1614 262 1989 325 GHRONICA.

3340 267 3446 324 154

184 387 735 470 comprehendendum
760 393 845 444 est
863 401 1092 458 regnum
1114 382 1454 440 Francorum
1476 390 1531 440 et
1558 380 1761 437 Roma-
1785 383 1837 441 Α
1866 376 2146 433 ratoribus
2211 373 2835 470 Constantinppolitanis
2910 385 3132 450 propter
3184 378 3446 441 invidiam

186 506 379 554 norum,
398 494 453 541 et
475 478 1155 550 Constantinopolitanum
1172 492 1400 551 regnum
1420 476 1757 548 distinguen-

184 584 295 638 dum
319 585 395 633 est
424 591 456 630 a
504 588 686 645 regno
731 570 1133 626 Romanorum.
1167 568 1249 624 Ex
1282 583 1395 641 quo
1431 560 1756 640 Byzantium

184 673 366 731 'l'racim
392 670 589 727 civitas
628 683 663 723 a
686 667 861 737 primo
887 663 1252 721 Constantino
1295 663 1352 719 in
1394 678 1594 719 novam
1636 679 1757 718 am-

182 767 325 837 pliata
349 771 403 818 et
437 762 495 817 in
525 760 743 833 regiam
774 760 967 815 urbem
1001 766 1089 815 est
1115 758 1385 825 exaltata,
1413 764 1469 812 et
1489 757 1755 812 translata

182 860 227 914 in
253 856 389 912 illam
420 852 576 911 omni
622 852 887 909 Romanae
929 851 1214 925 dignitatis
1239 850 1433 923 gloria,
1478 849 1535 904 in
1571 849 1753 904 sedem

182 950 383 1008 Romani
420 947 645 1020 imperii
669 947 918 1004 dedicata
959 953 1015 1002 et
1040 960 1182 1001 nova
1227 945 1400 1000 Roma
1443 952 1530 999 est
1570 942 1756 1013 appel-

181 1044 301 1110 lata;
323 1039 553 1098 evolutis
576 1039 741 1097 annis
768 1038 985 1095 cirCiter
1007 1036 1136 1106 468,
1158 1036 1336 1093 diviso
1370 1051 1401 1091 a
1432 1034 1752 1091 Constanti-

181 1133 335 1205 nopoli
362 1131 617 1187 Romano
642 1130 895 1202 imperio,
914 1119 1146 1185 Karolns
1164 1129 1377 1206 primus
1398 1126 1743 1183 Francorum

183 1226 438 1300 imperavit
482 1223 758 1281 Romanis
786 1223 948 1281 annis
976 1223 1065 1279 14.
1091 1278 1095 1282 .

234 1316 346 1373 802.
420 1315 487 1371 R.
531 1316 587 1372 1.
665 1314 729 1371 F.
769 1315 861 1372 ⁸54.
945 1312 1009 1370 C.
1050 1315 1104 1370 4.
1179 1311 1239 1369 S.
1280 1313 1368 1370 15.
1444 1312 1505 1367 Β.
1547 1312 1638 1368 24.

243 1405 401 1478 (lett.
435 1404 595 1479 [L.])
625 1403 689 1461 In
716 1404 871 1461 Italia
907 1404 1158 1460 civitates
1186 1402 1392 1459 Ostona
1428 1411 1483 1458 et
1522 1401 1751 1457 Luceria

184 1508 345 1555 contra
384 1498 654 1554 Karolum
679 1499 998 1566 sentientes,
1024 1498 1080 1553 in
1109 1497 1441 1553 deditionem
1470 1496 1751 1566 accipiun-

182 1599 274 1645 tur.
311 1586 537 1644 Karolus
582 1586 887 1660 imperator
916 1605 1014 1662 per
1043 1604 1208 1644 omne
1251 1587 1541 1658 imperium
1585 1602 1746 1643 suum

187 1683 356 1752 legatos
375 1682 441 1737 ad
462 1678 786 1738 faciendum
821 1681 1094 1753 judicium
1143 1690 1198 1737 et
1219 1681 1491 1752 justitiam
1532 1681 1747 1737 cunctis

185 1773 355 1845 dirigit,
383 1781 438 1829 et
474 1774 615 1844 legis
668 1774 908 1844 capitula
954 1774 1028 1830 2'5
1065 1774 1307 1829 instituit
1351 1772 1522 1845 (177).
1555 1772 1746 1847 Legati

188 1868 493 1938 imperatoris
514 1865 708 1922 Karoli
733 1868 806 1947 ab
834 1865 1022 1923 Aaron
1065 1862 1254 1941 amyra
1276 1867 1581 1935 venientes,
1606 1866 1748 1922 inter

188 1968 336 2015 cetera
376 1975 608 2017 munera
645 1959 814 2017 etiam
859 1975 986 2017 ossa
1020 1959 1278 2033 Cypriani
1314 1950 1747 2033 Kartaginiensis

188 2052 406 2123 martyris
432 2059 486 2113 et
529 2050 752 2122 Sperati
775 2052 940 2123 primi
969 2050 1381 2108 Scillitanorum
1417 2059 1744 2123 martyrum,

188 2150 229 2197 et
251 2140 770 2212 caputPantaleonis
798 2142 1058 2215 martyris
1085 2141 1142 2197 in
1172 2140 1458 2197 Frantiam
1488 2139 1741 2197 afferunt.

191 2232 274 2303 (Η.
323 2233 425 2304 m.)
476 2232 830 2305 Nicephorus
887 2233 1126 2291 Hirenen
1180 2235 1413 2305 imperio
1439 2234 1744 2306 depositam

188 2325 321 2381 exilio
344 2325 559 2397 relegat,
604 2334 664 2383 et
694 2324 1329 2399 Constantinopolitanis
1375 2327 1538 2383 annis
1576 2327 1610 2382 8
1640 2327 1746 2383 im-

190 2424 329 2486 perat.

240 2506 343 2564 803.
514 2509 572 2565 2.
763 2510 855 2568 55.
1039 2511 1065 2565 1
1077 2552 1092 2567 .
1277 2510 1365 2567 16.
1547 2511 1639 2567 25.

244 2598 327 2672 (Η.
361 2603 454 2675 τη.)
510 2599 739 2675 Hyrene
790 2602 1114 2674 imperatrix
1170 2602 1227 2659 in
1276 2602 1444 2659 exilio
1485 2603 1739 2659 moritur.

192 2688 485 2763 Nicephorus
503 2693 811 2766 imperator
827 2695 1121 2753 Saracenis
1140 2710 1492 2768 congressus,
1506 2697 1744 2767 pessime
1760 2752 1763 2757 .

192 2783 386 2840 vincitur
406 2785 488 2843 Μ.
526 2788 546 2861 (
562 2786 720 2843 Men.
752 2786 908 2861 [L.])
946 2787 1183 2845 Karolus
1212 2790 1514 2861 imperator
1544 2806 1740 2848 omnes

194 2873 394 2936 Saxones
420 2888 570 2939 trans
597 2880 819 2938 Albiam
849 2884 1131 2940 morantes
1162 2882 1219 2938 in
1240 2881 1530 2940 Franciam
1556 2893 1742 2941 trans-

193 2970 305 3038 tulit,
346 2960 611 3045 pagosque
669 2990 872 3032 eorum
930 2974 1212 3032 Abroditis
1264 2976 1433 3033 dedit.
1484 2976 1583 3050 (Η.
1640 2977 1740 3050 m.)

1860 469 2200 542 imperatorii
2216 469 2459 527 nominis
2478 486 2510 525 a
2538 468 2803 528 Romanis
2832 470 2941 527 sibi
2962 471 3225 544 impositi,
3248 487 3447 548 magna
3477 514 3485 525 .

1858 562 2124 634 patientia
2150 569 2205 618 et
2227 560 2682 634 magnanimitate
2708 575 2803 619 eos
2825 563 2985 632 tulit;
3015 571 3070 620 et
3092 566 3224 636 quia
3249 583 3445 639 suspe-
3478 606 3481 609 -

1857 662 2004 710 ctam
2041 653 2320 711 habebant
2344 669 2517 711 suam
2542 655 2863 726 potentiam,
2897 656 3107 713 crebris
3128 657 3198 692 “7
3220 657 3449 730 legatio"

1856 745 2022 806 nibus
2100 747 2209 802 sibi
2263 763 2362 805 eos
2424 748 2745 805 ﬁrmissimo
2823 741 3027 805 findere
3094 750 3444 809 conciliabat.

1856 839 2033 912 (Heu.
2063 839 2209 914 [L.])
2238 841 2444 899 Avares
2465 859 2576 898 non
2602 841 2841 899 ferentes
2862 841 3268 900 infestationem
3291 842 3446 902 Seia-

1854 947 2074 1000 vorum,
2101 950 2133 989 a
2176 932 2377 990 Karolo
2400 934 2731 1009 imperatore
2756 935 2900 992 inter
2928 934 3219 1015 Sabariam,
3239 946 3299 1001 et
3335 937 3446 997 Ka-
3476 980 3481 991 .

1854 1033 2152 1081 rantanum
2194 1026 2630 1097 impetraverunt
2670 1027 2957 1097 habitandi
2987 1029 3200 1098 locum,
3258 1031 3447 1103 ibique

1854 1122 1974 1179 sine
1994 1124 2150 1195 regni
2208 1124 2433 1181 nomine
2471 1124 2928 1203 resederunt‘snb
2963 1125 3444 1184 ditione'Franeo-

1852 1230 1998 1272 rum.
2036 1215 2172 1288 (Ιὸ.)
2210 1215 2467 1283 Kaiolus,
2493 1217 2641 1273 ﬁlius
2671 1217 3020 1289 imperatoris
3043 1218 3246 1287 Karoli,
3272 1220 3445 1276 Belic-

1852 1323 2050 1365 manos
2095 1309 2425 1367 rebellantes
2487 1310 2717 1379 devicit,
2788 1318 2845 1367 et
2896 1309 3197 1369 Lethonem
3249 1328 3468 1370 eorum

1849 1401 2045 1456 ducem
2070 1401 2321 1472 peremit.
2871 1386 2893 1403 ’

1920 1492 2025 1548 806
2208 1494 2263 1550 5.
2445 1492 2517 1550 58
2695 1494 2753 1550 4.

2937 1496 3007 1555 19
3210 1497 3303 1555 28.

1921 1586 2055 1660 (1b.)
2105 1586 2342 1645 Karolus
2381 1588 2524 1645 inter
2553 1580 2694 1645 ﬁlios
2737 1596 2870 1646 sues
2898 1590 3247 1661 partitionem
3291 1597 3443 1665 regni

1851 1679 2003 1749 facit,
2042 1689 2099 1737 et
2130 1681 2256 1738 inde
2297 1690 2689 1738 testamentum
2732 1681 2960 1748 factum,
2993 1698 3095 1739 sua
3143 1693 3199 1739 et
3241 1683 3444 1744 Leonis

1848 1785 2001 1842 papa:
2044 1772 2366 1828 auctoritate
2406 1772 2706 1829 roboravit.
2749 1772 2884 1845 (1b.)
2911 1772 3207 1830 Behemani
3232 1774 3443 1832 Selavis

1848 1864 2245 1943 anniliantibus
2275 1864 2480 1936 ubique
2524 1867 2997 1937 grassantur,-sed
3028 1881 3061 1921 a
3102 1866 3307 1924 Karolo
3331 1867 3439 1922 im-

1846 1952 2117 2028 peratoris
2145 1954 2259 2012 lilio
2277 1945 2496 2013 fortiter
2515 1950 2881 2014 debellantur.
3174 1974 3177 1975 '

1890 2046 2041 2104 7807.
2154 2052 2160 2057 ⁷
2224 2049 2281 2105 6.
2457 2050 2548 2105 50.
2725 2050 2781 2106 5.
2959 2051 3033 2106 20
3104 2078 3105 2081 η
3233 2047 3325 2107 29.

1917 2138 2015 2212 (ΙΙ.
2040 2138 2139 2210 m.)
2168 2138 2451 2212 Cliumeyd
2504 2155 2763 2213 amyreus
2810 2141 3018 2197 missus
3064 2142 3135 2196 ab
3163 2143 3345 2198 Aaron
3370 2143 3442 2197 ad

1844 2234 2243 2290 excindendam
2284 2232 2534 2306 Lyciam,
2561 2249 2688 2289 cum
2714 2235 2956 2291 venisset
2992 2235 3257 2308 Myream,
3285 2237 3442 2294 nisus

1845 2330 2022 2386 sancti
2063 2328 2276 2386 Nicolai
2325 2338 2615 2386 conterere
2658 2331 2907 2399 arebam,
2955 2345 3056 2400 pro
3077 2346 3145 2387 ea
3183 2330 3442 2387 contrivit

1845 2423 2042 2489 aliam,
2079 2431 2136 2478 et
2174 2438 2275 2494 pro
2320 2423 2639 2480 temeritate
2664 2423 2956 2480 incurrens
2993 2422 3089 2479 Dei
3119 2423 3437 2488 vindictam,

1845 2515 2221 2586 subsequente
2265 2515 2567 2572 inevitabili
2598 2516 3208 2587 tempéstate,"olassim
3256 2515 3443 2571 amisit

1844 2612 2037 2663 totam.
2064 2606 2298 2665 Karolus
2318 2608 2621 2679 imperator
2641 2624 2744 2679 per
2782 2624 3010 2665 manum
3030 2607 3184 2663 Pauli
3212 2607 3438 2663 diaconi

1843 2704 1929 2759 sui
1963 2703 2261 2774 decerpens
2283 2702 2488 2774 optima
2516 2718 2750 2775 quequaa
2773 2704 2842 2760 de
2881 2703 3108 2773 scriptis
3135 2701 3440 2759 catholico—

1843 2811 1969 2851 rum
2012 2805 2254 2867 patrum,
2296 2796 2568 2853 lectiones
2597 2797 2900 2868 unicuique
2928 2794 3210 2852 festivitati
3239 2810 3441 2851 conve-

1843 2888 2089 2956 nientes,
2145 2904 2243 2960 per
2276 2888 2546 2945 circulum
2605 2887 2735 2943 anni
2798 2888 2856 2943 in
2895 2887 3148 2943 ecclesia
3180 2885 3453 2957 legendas-

1843 2981 2129 3053 Cnmpilari
2171 2981 2299 3038 fecit
2322 2982 2412 3037 ⁸⁸⁸.
2441 2981 2593 3036 Men.
2620 2980 2762 3054 [L.])
2793 2979 2909 3043 Rex
2938 2979 3233 3053 Persarum
3262 2978 3438 3037 Κπο-

194 3061 336 3118 Aaron
369 3066 564 3123 amiras
617 3084 753 3125 cum
805 3069 1064 3124 trecentis
1094 3068 1319 3125 milibus
1350 3079 1541 3125 contra
1579 3069 1740 3126 Nice-
1770 3084 1814 3145 (ζ
1845 3074 1958 3128 lum
1996 3073 2383 3145 imperatorem
2430 3071 3054 3143 pretiosis.muneribus
3096 3080 3195 3141 per
3224 3070 3444 3143 legatos

196 3154 384 3221 phorum
426 3146 829 3230 imperatorem.
866 3161 1147 3230 ascendit;
1195 3177 1360 3232 quem
1401 3178 1511 3218 non
1552 3161 1736 3218 ferens

195 3242 498 3317 Nicephorus,
525 3259 687 3323 turpe
714 3251 897 3309 ibedus
928 3253 1051 3321 init,
1084 3261 1278 3325 pactus
1308 3269 1369 3312 sc
1397 3254 1449 3309 ei
1472 3255 1734 3310 daturum

198 3339 428 3395 annuatim
455 3343 667 3399 tricena
716 3344 871 3399 milia
918 3346 1350 3415 nomismatum,
1379 3354 1435 3401 et
1480 3346 1584 3401 tria
1635 3362 1736 3401 no-

198 3429 404 3487 mismata
429 3433 481 3489 in
505 3435 773 3493 tributum
806 3437 1002 3508 capitis
1026 3438 1397 3508 imperatoris,
1425 3446 1481 3493 et
1503 3437 1605 3491 tria
1634 3452 1735 3508 pro

200 3521 336 3589 capite
360 3523 448 3579 ﬁlii
473 3528 578 3583 sui.
609 3526 850 3591 Karolns
871 3546 970 3600 per
989 3545 1153 3586 omne
1175 3530 1467 3602 imperium
1485 3529 1736 3604 justitias

200 3611 314 3682 iacit,
335 3625 382 3674 et
411 3619 539 3694 legis
564 3622 810 3695 capitula
838 3622 910 3679 29
941 3622 1182 3678 instituit
1207 3621 1379 3696 (178).
1509 3676 1513 3680 .

251 3708 355 3771 8οι1.
516 3718 568 3774 5.
756 3718 848 3776 56.
1029 3720 1089 3777 2.
1271 3720 1298 3774 1
1309 3719 1360 3776 7.
1542 3719 1636 3775 26.

253 3802 401 3877 (lett.
443 3807 578 3884 [L.])
621 3811 739 3869 Leo
761 3827 903 3884 papa
936 3812 1006 3868 ad
1035 3812 1299 3868 Karolum
1345 3813 1731 3883 imperatorem

203 3891 242 3945 in
278 3894 532 3969 Franciam
572 3904 746 3959 venit.
780 3903 880 3975 (Η.
919 3904 1019 3977 m.)
1048 3903 1390 3975 Nicephorus
1437 3904 1736 3974 imperator

204 3982 363 4044 ﬁndere
404 4007 522 4049 eum
570 3993 868 4052 Saracenis
917 3997 1117 4064 soluto,
1166 3996 1339 4052 multa
1385 3996 1737 4057 incommoda

204 4080 388 4136 contulit
434 4083 662 4156 imperio
736 4102 862 4143 suo.
916 4086 1247 4144 Godel‘ridus
1294 4104 1391 4144 rex
1452 4087 1737 4147 Danorum

205 4167 337 4225 multa
356 4182 531 4230 contra
566 4178 784 4235 vicinas
811 4185 1001 4250 gentes
1026 4179 1262 4236 abutens
1295 4180 1612 4248 insolentia,
1635 4196 1733 4251 pa-

204 4271 295 4350 tient
334 4263 394 4320 ab
432 4265 758 4345 imperatore
779 4269 984 4328 Karolo
1012 4272 1236 4343 expetit.
1274 4272 1503 4339 Avares,
1530 4272 1628 4350 qui
1677 4280 1733 4328 et

207 4345 334 4422 Huni,
358 4355 504 4431 longo
545 4371 741 4419 contra
785 4360 1028 4421 Francos
1059 4364 1204 4420 bello
1241 4345 1573 4435 perdomiti,
1593 4363 1731 4421 adeo

205 4421 512 4509 aiortitudine
530 4470 630 4512 sua
659 4464 716 4512 et
744 4456 988 4528 potentia
1034 4465 1169 4514 sunt
1208 4421 1495 4524 diminuti,
1517 4474 1523 4479 λ
1542 4421 1609 4512 ut
1633 4457 1729 4528 qui
1756 4421 1810 4485 υ

206 4534 313 4593 alios
348 4542 476 4602 ultro
506 4548 757 4605 solebant
788 4549 1078 4615 lacessere,
1100 4549 1218 4620 jam
1253 4564 1356 4605 nec
1390 4564 1452 4606 se
1496 4549 1565 4604 ab
1605 4548 1729 4607 aliis

205 4626 374 4687 Valeant
392 4637 552 4707 tueri;
581 4640 715 4711 quia
738 4640 795 4695 in
822 4640 931 4697 hoc
956 4641 1102 4697 bello
1126 4639 1308 4697 omnis
1327 4656 1522 4699 eorum
1550 4642 1728 4713 gloria

207 4726 246 4772 et
262 4725 481 4795 nobilitas
504 4734 684 4803 periit,
715 4743 770 4790 et
808 4732 1078 4806 quidquid
1123 4734 1372 4806 pecunia:
1396 4743 1454 4791 et
1476 4734 1726 4793 thesauri

206 4820 277 4878 να
292 4822 360 4872 tot
380 4824 564 4881 saecula
583 4827 770 4883 orbem
786 4834 1059 4887 terrarum
1069 4828 1344 4885 vincendo
1364 4828 1469 4885 sibi
1496 4845 1727 4902 conges-

208 4915 367 4977 δθηυίι
392 4920 555 4973 totum
581 4919 748 4975 modo
788 4918 1034 4976 victoria:
1069 4918 1413 4977 Francorum
1437 4921 1625 4990 cessit,
1672 4930 1730 4978 et

208 4992 339 5087 nullo
354 5014 576 5074 unquam
617 5008 903 5076 bellotam
924 5010 1101 5067 multa
1149 5011 1455 5085 spoliorum
1498 5013 1727 5087 (luam-if

209 5086 291 5139 late
307 5084 509 5151 Francia
538 5096 715 5158 ditata
734 5095 859 5157 fuit.
1180 5084 1183 5085 ⁷
1515 5084 1535 5087 “
1570 5148 1579 5156 .
1714 5086 1721 5091 ’

259 5172 363 5235 805.
523 5187 593 5246 4..
750 5190 844 5249 a7.
953 5192 1084 5250 .3.
1264 5192 1357 5253 l8.
1527 5194 1622 5254 27.
1716 5178 1719 5181 ’

1839 3165 2093 3222 honorat.
2136 3166 2395 3222 Saraceni
2444 3165 2759 3221 Sardiniam
2793 3165 3223 3235 depopulantur,
3271 3163 3364 3218 sed
3405 3179 3438 3218 a

1836 3255 2035 3327 Pipino
2088 3271 2216 3329 rege
2261 3255 2432 3313 Italiae
2465 3264 2818 3328 superantur.
2849 3253 2948 3327 (Η.
2982 3254 3085 3326 ιιι.)
3119 3253 3439 3311 Cbr’umnus

1836 3347 2165 3419 Bnlgaribus
2191 3348 2527 3404 dominatur.
3153 3363 3159 3368 ‘

1905 3439 2031 3496 808.
2215 3440 2265 3495 7.
2403 3440 2493 3495 40.
2642 3440 2697 3495 6.
2847 3439 2938 3493 2|.
3022 3432 3033 3442 ’
3071 3439 3124 3499 1.

1908 3532 2086 3605 (Meti.
2115 3531 2349 3607 [L.]),ln
2376 3531 2656 3587 Britannia
2690 3530 2922 3584 Eardulf
2955 3545 3051 3585 rex
3094 3528 3438 3601 Nordanym—

1833 3626 2063 3683 brorum
2113 3627 2309 3697 patria~
2339 3634 2395 3681 et
2441 3639 2612 3696 regno
2642 3623 2895 3696 pellitur;
2934 3622 3028 3678 sed
3074 3622 3141 3676 ad
3174 3620 3439 3705 Kal-olunt

1834 3717 2224 3789 imperatorem
2245 3719 2493 3788 veniens,
2517 3734 2616 3791 per
2640 3734 2766 3774 eum
2798 3734 2966 3790 regno
2986 3726 3042 3772 et
3063 3717 3256 3788 patria:
3275 3716 3437 3773 restis

1835 3808 2028 3863 tuitur.
2057 3807 2155 3878 (II.
2188 3809 2286 3882 m.)
2330 3808 2514 3865 Aaron
2551 3808 2760 3865 amiras
2794 3808 3059 3876 moritur;
3100 3815 3228 3879 post
3271 3821 3436 3880 quem

1834 3898 2130 3977 Muhamad
2154 3901 2317 3958 annis
2344 3902 2378 3958 5
2415 3900 2780 3974 principatur.
3070 3955 3077 3960 ,
3344 3962 3351 3967 ο

1909 3993 2034 4049 809.
2217 3993 2331 4055 8..
2455 3995 2545 4049 41.
2664 3984 2783 4048 ’7.
2967 3991 3020 4048 1.
3200 3991 3257 4047 2.

1906 4086 1995 4158 (Α.
2040 4085 2229 4157 Leod.)
2251 4086 2625 4147 Walchaudus
2645 4087 3019 4159 episcopatum
3048 4084 3435 4141 Leodicensem

1832 4180 2087 4252 suscipit,
2113 4181 2210 4253 qui
2238 4181 2294 4236 in
2325 4181 2582 4236 Ardenna
2608 4178 2916 4252 Andagium
2948 4178 3263 4255 coenobium
3301 4193 3438 4234 con-

1831 4271 2051 4328 struxit.
2087 4270 2266 4344 (Mea.
2315 4270 2456 4346 [L.])
2494 4270 2749 4344 -Pipinus
2798 4263 3436 4327 rexltaliae'venetiam

1830 4364 1975 4438 bello
2014 4364 2131 4435 sibi
2159 4365 2384 4438 subigit,
2416 4352 2472 4421 et
2496 4380 2607 4421 non
2631 4365 2805 4420 multo
2827 4374 2950 4436 post
2974 4362 3263 4419 Mediolani
3285 4361 3433 4430 obit;

1835 4464 1892 4512 et
1920 4454 2155 4513 Karolus
2194 4457 2496 4528 imperator
2540 4455 2826 4513 Venetiam
2877 4455 3189 4526 Nicephoro
3234 4453 3432 4511 reddit.

1835 4548 2177 4621 Nicepliorus
2199 4550 2497 4622 imperator
2515 4550 2674 4606 novis
2693 4558 2747 4605 et
2768 4549 2990 4620 injustis
3015 4549 3226 4619 legibus
3242 4563 3436 4604 omnes

1836 4642 1969 4697 suos
1996 4640 2308 4710 exacerbat,
2344 4646 2400 4697 et
2424 4639 2521 4696 Dei
2563 4641 2619 4696 in
2648 4655 2711 4698 se
2748 4639 2890 4695 iram
2940 4645 3255 4711 exaggerat.
3294 4631 3434 4710 (ἰὰ.)

1835 4731 2130 4790 Godefrido
2197 4727 2483 4789 Danorum
2559 4718 2688 4805 rege
2761 4722 2980 4789 mortuo
3009 4773 3029 4801 ,
3084 4726 3389 4803 Hemingus
3413 4771 3432 4799 ,

1832 4826 1980 4884 ﬁlius
2007 4825 2149 4898 ejus,
2175 4840 2366 4897 pacem
2391 4825 2597 4897 expetit
2628 4824 2699 4881 ab
2724 4824 3057 4896 imperatore
3080 4821 3308 4879 Karolo.
3410 4844 3417 4849 ·

1903 4919 2030 4975 810.
2107 4928 2110 4932 ’
2213 4919 2271 4976 9.
2450 4917 2542 4974 42.
2722 4916 2777 4973 8.
2954 4915 3049 4972 2.·
3194 4915 3249 4971 5.

1907 5010 2086 5083 (Heu.
2113 5009 2256 5085 [L.])
2293 5008 2532 5067 Karolus
2572 5008 2630 5066 in
2658 5017 2771 5068 tres
2796 5017 2982 5081 partes
3025 5007 3178 5081 regni
3200 5007 3291 5065 sui
3319 5018 3437 5066 tres

1832 5102 2108 5163 exercitus
2141 5101 2527 5173 misit,'unum
2554 5111 2709 5159 trans
2731 5101 2970 5171 Albiam,
3012 5100 3111 5173 qui
3146 5099 3439 5156 Hilinones
3466 5121 3468 5124 ν

1831 5193 2165 5266 debellavit,
2224 5210 2403 5267 unum
2467 5194 2527 5251 in
2587 5183 2953 5263 Pannoniam,
3014 5192 3112 5265 qui
3168 5190 3440 5264 reliquias

260 5260 458 5337 κυνιιιδ
482 5278 796 5356 imperator,
814 5284 1233 5361 indignantibus
1253 5297 1447 5346 contra
1472 5304 1537 5346 se
1554 5289 1730 5363 impe-
1828 5285 2122 5344 Hunorum
2145 5260 2208 5346 et
2230 5260 2459 5346 Sclavos
2479 5286 2827 5360 compressit,
2858 5260 3254 5343 unum—contra
3281 5260 3434 5340 brit-

263 5483 428 5523 mn:
489 5498 523 5523 ο
601 5519 619 5523 ,
870 5508 887 5523 .
1028 5510 1161 5523 -..Α
1209 5509 1251 5523 ..
1350 5417 2118 5523 ..-νλιξξμεςῖιρηεεο
2254 5446 2356 5523 ;'_
2418 5447 2440 5523 ς

330 5486 447 5551 ΝΛ.
489 5498 546 5558 8.
593 5519 643 5562 c.
706 5548 721 5564 .
758 5523 815 5564 ν.
847 5508 1277 5570 dammam
1348 5512 1418 5553 *δ’
1453 5512 1639 5572 crebis
1662 5513 1717 5572 1.

330 5558 412 5620 ἀι.
431 5522 786 5637 88.11.82?»
1140 5630 1149 5637 .
1700 5632 1703 5635 <

1851 5516 1871 5553 ⁵
1899 5514 2222 5575 Karolus—
2246 5515 2388 5577 fecit
2411 5518 2475 5575 in
2504 5517 2744 5590 margins
2764 5510 2895 5573 add.
2929 5513 3045 5588 Sig.
3070 5531 3188 5575 cur.
3229 5514 3427 5576 tertiis.

289 5556 412 5620 Πολ.
431 5556 641 5646 δδλὶς

273 5710 392 5791 tm)
409 5721 740 5804 Aquisgrani.
777 5735 922 5797 MOn.
956 5737 1100 5811 Leg..
1120 5737 1171 5815 ι,
1192 5735 1287 5800 9o.

1622 5722 1625 5727 .
1682 5632 1914 5718 Nom.

1901 5747 2050 5814 (178)
2079 5745 2225 5805 Mon.
2256 5744 2385 5818 Leg.
2410 5745 2452 5815 Ι,
2481 5745 2605 5802 lli.
2630 5745 2702 5802 cl‘.
2739 5740 2840 5802 SS.
2867 5742 2931 5814 ll,
2967 5743 3093 5802 223.
