4046 6318
564 291 716 370 155’

561 445 738 502 tones,
768 434 865 504 qui
887 447 1076 488 eorum
1101 431 1378 502 perfidiam
1409 426 1657 484 contudit
1681 445 1696 495 ;
1731 435 1787 480 et
1813 423 2016 492 ubique
2042 418 2146 475 sibi
2175 419 2228 479 Α

557 526 786 582 victoria
808 525 1076 595 provenit.
1106 523 1308 595 (Erum)
1338 522 1570 577 Karolus
1593 536 1710 586 rex,
1743 517 1889 572 ﬁlius
1914 516 2153 583 impera-

1732 301 2091 363 SIGEBERTI
2133 299 2660 358 GEMBLACENSIS

3729 303 3838 359 156

2321 417 2446 471 su.
2601 417 2686 469 15.
2869 414 2956 469 te.
3147 415 3194 467 ι.
3371 416 3419 500 t_.
3607 418 3660 475 7.

2331 508 2506 580 (Matt.
2541 507 2678 580 [L.])
2716 505 2950 562 Karolus
2997 507 3292 576 imperator
3332 507 3625 578 gloriosus,
3672 518 3850 583 regno

556 618 696 674 toris
717 618 894 689 major
921 627 1071 683 natu,
1103 617 1236 671 obit.
1265 615 1585 687 (MARIANUS)
1610 611 1840 666 Karolus
1862 610 2158 677 imperator

2272 605 2314 653 at
2367 599 2595 668 imperio
2643 613 2745 653 suo
2795 598 3055 668 ampliato
3100 607 3154 653 et
3201 608 3416 669 pacato,
3450 609 3593 657 statu
3623 618 3850 674 quoque

557 726 744 766 rerum
772 726 1007 767 suarum
1040 709 1293 764 heredem
1323 707 1601 762 Christum
1628 710 1958 760 testamento
2002 699 2152 769 facit,

557 813 613 860 et
656 803 914 876 quicquid
956 803 1010 856 in
1057 818 1117 857 re
1165 800 1402 870 mancipi
1434 799 1686 864 habebat,
1734 798 1790 851 in
1833 804 1944 850 tres
1969 801 2154 865 partes

558 897 756 962 diviso,
798 896 1014 951 tertiam
1057 910 1246 948 eorum
1293 891 1625 963 pauperibus
1653 900 1707 946 et
1757 887 2152 944 famulantihus

558 988 760 1058 palatio
804 987 1088 1057 delegavit,
1122 986 1259 1041 duas
1287 1000 1419 1039 vero
1458 992 1640 1054 partes
1668 981 1721 1035 in
1747 988 1931 1050 partes
1962 977 2152 1048 viginti

557 1089 611 1135 et
641 1095 806 1134 unam
843 1077 1152 1144 subdivisit,
1183 1086 1237 1132 et
1263 1074 1698 1146 metropolitanis
1731 1071 2024 1142 episcopis,
2057 1069 2151 1139 qui

558 1170 782 1224 totidem
818 1168 922 1224 sibi
953 1168 1232 1232 suberant,
1270 1166 1569 1231 distribuit,
1611 1173 1672 1218 ut
1698 1160 2017 1230 metropolis
2047 1174 2152 1214 aec-

559 1261 724 1316 clesia
767 1261 979 1315 tertiam
1006 1260 1299 1329 assignatas
1334 1256 1437 1312 sibi
1465 1256 1635 1326 partis
1670 1254 1912 1318 haberet,
1937 1259 1991 1306 et
2013 1251 2148 1306 duas

559 1352 699 1406 inter
757 1351 1130 1421 suﬂ‘ragaueos
1206 1350 1494 1420 episcopos
1561 1346 1844 1402 divideret.
1917 1341 2150 1396 Nomina

558 1441 1104 1512 archiepiscopalium
1133 1429 1436 1506 civitatum,
1460 1454 1582 1510 quae
1602 1445 1758 1493 erant
1787 1435 1890 1492 sub
1913 1433 2147 1489 Karolo:

560 1530 755 1597 Roma,
799 1531 1078 1598 Ravenna,
1111 1531 1494 1597 Mediolanum,
1527 1529 1730 1584 Forum
1773 1526 1901 1582 Julii
1939 1541 2062 1596 quae
2096 1534 2150 1581 et

559 1623 830 1692 Aquileia,
861 1624 1094 1689 Gradus,
1119 1622 1367 1688 Colonia,
1405 1620 1704 1692 Moguntia,
1735 1618 2001 1673 Juvavum
2029 1632 2150 1688 qua:

559 1723 616 1769 et
651 1713 970 1780 Salzburch,
1019 1714 1290 1782 Treveris,
1326 1713 1584 1780 Senonis,
1615 1711 1899 1778 Vesontio,
1925 1709 2150 1781 Lugdu-

2257 691 2516 747 tecclesiae
2561 700 2750 747 sancte
2791 699 2847 746 et
2895 691 3148 763 religiose
3190 692 3464 760 ordinato,
3501 696 3758 762 moritur,
3793 703 3851 751 et

2255 785 2516 854 sepelitur
2575 785 2770 855 Aquis,
2819 799 2964 838 anno
3016 784 3193 840 aetatis
3241 801 3354 841 suae
3413 785 3535 854 72°;
3593 789 3690 858 qui
3745 805 3852 860 pro

2254 877 2628 948 magnitudine
2651 891 2876 946 operum
2905 877 3290 947 agnominatus
3311 886 3394 933 est
3412 877 3662 949 Magnus,
3686 880 3852 950 cujus

2251 970 2419 1023 vitam
2465 968 2734 1023 Einardus
2761 967 3068 1038 descripsit.
3120 968 3252 1026 Post
3301 985 3465 1041 quem
3491 969 3851 1040 Ludowicus,

2251 1063 2396 1117 ﬁlius
2429 1062 2570 1133 ejus,
2596 1061 2881 1132 imperavit
2909 1062 3068 1116 annis
3100 1061 3189 1116 26.

2321 1154 2446 1210 815.
2906 1153 2958 1209 1.
3139 1154 3194 1208 2.
3364 1155 3420 1211 2.
3606 1155 3661 1210 8.

2323 1244 2497 1316 (Mett.
2547 1245 2686 1319 [L.])
2727 1245 2872 1301 inter
2913 1245 3268 1302 Ludowicum
3300 1255 3356 1302 et
3386 1246 3626 1302 Leonem
3677 1246 3857 1316 impe-

2251 1345 2464 1392 ratores
2485 1353 2589 1408 pax
2615 1338 2884 1392 firmatur.
2909 1335 3204 1393 Harioldus
3227 1353 3322 1392 rex
3343 1337 3646 1404 Danorum,
3670 1337 3855 1407 patria

2250 1438 2304 1485 et
2323 1444 2493 1500 regno
2530 1430 2720 1499 pulsus
2769 1446 2799 1484 a
2846 1429 2972 1484 ﬁliis
3001 1428 3300 1496 Godefridi,
3352 1429 3418 1490 ad
3461 1429 3854 1499 imperatorem

2249 1519 2604 1575 Ludowicum
2662 1521 2890 1576 veniens
2947 1521 3206 1591 implorat
3257 1536 3414 1590 opem
3463 1520 3852 1590 recuperandi.

2227 1611 2567 1676 Chrumnus
2616 1627 2876 1668 successu
2925 1613 3161 1679 laetatus,
3208 1611 3860 1682 ConstantinOpolitanos

2254 1704 2499 1761 incursat
2537 1705 2883 1772 insolentius,
2905 1714 2961 1760 et
2987 1721 3162 1778 usque
3191 1705 3258 1760 ad
3287 1713 3476 1776 portas
3502 1704 3658 1760 urbis
3683 1720 3856 1776 vaga-

561 1822 686 1873 nus,
707 1805 935 1874 Vienna,
961 1807 1317 1878 Rotomagus,
1343 1807 1550 1873 Remis,
1573 1806 1785 1869 Arelas,
1809 1802 2152 1870 Darantasia,
2187 1770 2230 1826 B
2257 1801 2347 1849 ιιιῐ·
2383 1794 2591 1851 crebris
2626 1795 2964 1850 incursibus.

560 1897 931 1966 Ebredunum,
962 1899 1282 1970 Burdegala,
1313 1899 1572 1964 Turonis,
1608 1897 1900 1952 Bituricas.
1927 1895 2025 1967 (Η.
2055 1895 2153 1968 m.)

558 1988 897 2061 Nicephorus
920 1992 1216 2062 imperator
1240 1991 1552 2061 Bulgariam
1574 1990 1878 2061 ingreditur
1902 2008 1917 2057 ;
1949 1996 2003 2045 et
2025 1989 2156 2060 quia

558 2080 802 2136 victoriae
831 2089 1133 2151 temperare
1156 2082 1402 2147 nescivit,
1429 2097 1458 2136 a
1487 2080 1809 2152 Bulgaribus
1836 2095 1962 2136 cum
1984 2079 2156 2135 multo

562 2171 824 2226 senatorii
845 2171 1056 2228 ordinis
1086 2186 1317 2227 numero
1339 2170 1644 2242 perimitur.
1671 2169 1982 2227 Stauratius
2011 2168 2156 2224 ﬁlius

563 2261 686 2332 ejus
716 2270 842 2333 post
869 2277 996 2318 eum
1026 2277 1173 2318 anno
1202 2277 1313 2318 uno
1341 2263 1592 2333 imperat.

632 2377 758 2433 811.
835 2377 902 2432 R.
939 2377 1024 2432 10.
1101 2377 1164 2432 F.
1205 2378 1294 2432 45.
1358 2377 1421 2432 C.
1464 2378 1514 2431 1.
1594 2375 1651 2430 S.
1693 2377 1746 2431 5.
1820 2375 1882 2430 Β.
1922 2375 1974 2430 4.

634 2469 732 2543 (H.
764 2470 861 2542 νη.)
897 2471 1176 2526 Stauratio
1212 2471 1481 2540 deposito,
1513 2468 1741 2524 Michael
1776 2468 2006 2538 imperat
2033 2475 2157 2538 post

562 2578 690 2617 eum
726 2561 886 2616 annis
911 2563 964 2616 5.
1007 2560 1183 2633 (Matt.
1215 2559 1356 2632 [L.])
1394 2558 1695 2630 Hemingus
1737 2574 1831 2614 rex
1877 2558 2154 2612 Danorum

564 2653 818 2708 moritur.
854 2650 988 2706 Post
1014 2667 1180 2723 quem
1220 2652 1330 2706 duo
1362 2651 1504 2706 inter
1549 2666 1608 2706 se
1648 2650 1715 2705 de
1740 2665 1909 2720 regno
1932 2657 2157 2704 conten-

563 2747 756 2800 dentes
804 2743 948 2799 bello
1001 2743 1366 2811 colliduntur,
1439 2743 1494 2797 in
1551 2757 1662 2812 quo
1709 2757 1862 2812 paene
1902 2743 1958 2796 11
2006 2741 2156 2798 milia

565 2836 847 2892 Danorum
873 2836 1236 2907 perimuntur.
1277 2834 1482 2907 (Erum)
1513 2835 1808 2906 Moguntiaa
1830 2850 1968 2905 pons
1995 2835 2157 2905 quin—

566 2937 850 2999 gentorum
872 2943 1137 2999 passuum
1153 2927 1510 3000 longitudinis
1530 2935 1681 2983 trans
1697 2925 1968 2994 Rhenum,
1992 2943 2156 3002 quem

568 3019 803 3077 Kal-olus
847 3021 1144 3092 imperator
1169 3036 1268 3092 per
1297 3021 1484 3076 decem
1531 3035 1705 3075 annos
1735 3019 1940 3090 ingenti
1971 3020 2157 3074 labore

566 3120 621 3166 et
650 3112 887 3167 mirabili
917 3127 1083 3184 opere
1107 3114 1175 3169 de
1198 3112 1364 3184 lignis
1393 3121 1797 3179 construxerat,
1844 3112 1918 3166 ita
1943 3120 2004 3166 ut
2033 3127 2156 3182 per-

567 3212 732 3274 petuo
753 3203 952 3260 durare
982 3219 1146 3275 posse
1175 3204 1472 3272 videretur,
1512 3204 1589 3260 ita
1622 3204 1797 3260 tribus
1827 3203 1979 3260 horis
2025 3219 2158 3258 con-

567 3294 835 3366 ﬂagravit,
884 3302 946 3351 ut
988 3311 1058 3351 ne
1100 3311 1211 3350 una
1250 3295 1472 3366 quidam
1529 3295 1706 3351 astula
1750 3311 1915 3366 super
1957 3309 2158 3366 aquam

569 3397 894 3444 remaneret.

641 3526 766 3582 812.
916 3527 1001 3582 11.
1182 3528 1272 3582 44.
1458 3528 1508 3582 1.
1687 3526 1740 3581 4.
1924 3527 1976 3580 5.

643 3618 819 3690 (Mett.
849 3618 986 3692 [L.])
1027 3617 1261 3675 Karolus
1284 3619 1580 3689 imperator
1601 3617 1896 3672 Ludowico
1923 3617 2036 3672 ﬁlio
2058 3632 2159 3672 suo

571 3724 832 3764 coronam
866 3710 1203 3780 imperialem
1244 3709 1495 3780 imponit,
1523 3717 1578 3763 et
1604 3708 1965 3775 Bernardum,
1987 3707 2158 3762 ﬁlium

569 3799 747 3872 Pipini
793 3801 960 3872 regis,
1016 3817 1202 3872 regem
1244 3799 1414 3854 Italia}
1468 3794 1614 3854 facit.
1674 3797 1845 3868 (Elev.
1898 3797 2045 3869 Am.)
2100 3797 2159 3851 In

570 3889 803 3948 Francia
834 3892 977 3962 apud
1008 3891 1320 3947 ccenohium
1346 3889 1657 3946 Elnonense
1697 3899 1920 3946 sanctus
1964 3891 2162 3945 Aman-

571 3982 676 4037 dus
721 3998 752 4036 a
804 3981 1066 4037 Lothario
1093 3981 1357 4050 elevatur,
1400 3998 1432 4036 a
1479 3981 1818 4052 depositione
1859 3982 1978 4053 ejus
2018 3996 2162 4037 anno

573 4073 785 4127 circiter
832 4073 1133 4128 centesimo
1174 4073 1632 4144 quinquagesimo
1675 4073 1938 4129 secundo.
1991 4071 2163 4144 Cujus

574 4179 802 4234 corpore
831 4165 1010 4220 adhuc
1047 4165 1257 4236 integro
1290 4165 1530 4232 invento,
1573 4180 1698 4220 cum
1742 4165 1862 4236 ejus
1891 4166 2070 4236 capilli
2109 4174 2166 4221 et

576 4268 810 4324 ungues,
859 4254 952 4324 qui
988 4255 1297 4310 excrevisse
1335 4255 1680 4320 videbantur,
1730 4255 2161 4322 succiderentur,

575 4353 632 4398 ct
654 4345 721 4399 de
741 4343 863 4414 ejus
889 4361 983 4401 ore
1007 4347 1199 4402 dentes
1227 4346 1470 4402 adhibita
1493 4345 1701 4417 forcipe
1726 4347 2162 4418 extraherentur,

2325 1885 2450 1940 816.
2911 1886 2966 1940 2.
3147 1885 3201 1940 5.
3373 1885 3426 1940 5.
3614 1884 3671 1939 9.

2329 1975 2416 2047 (G.
2458 1976 2630 2049 pom.)
2671 1974 2982 2047 Stephanus
3004 1975 3130 2031 92“s
3165 1975 3426 2030 Romanae
3448 1974 3698 2030 ecclesiae
3725 1991 3823 2044 pre
3842 2003 3857 2015 -

2257 2067 2415 2124 sidet.
2443 2067 2544 2124 Hic
2563 2084 2692 2124 mox
2718 2068 2774 2122 itt
2796 2068 3090 2125 Franciam
3118 2067 3286 2134 venit,
3317 2076 3372 2122 et
3399 2066 3766 2122 Ludovvicum
3802 2067 3858 2121 in

2257 2160 2642 2232 imperatorem
2664 2161 2963 2218 coronavit.
2998 2160 3170 2233 (Mett.
3206 2158 3350 2232 [L.])
3392 2158 3732 2214 Ludowicus
3763 2159 3862 2212 im—

2255 2262 2474 2323 perator
2501 2253 2801 2309 exercitum
2829 2262 3016 2309 contra
3059 2251 3244 2308 Danos
3277 2251 3464 2319 mittit,
3503 2258 3559 2306 et
3601 2266 3705 2321 per
3728 2265 3860 2304 eum

2258 2346 2476 2402 obsides
2511 2345 2729 2416 accipit.

2328 2433 2455 2492 817.
2908 2433 2963 2488 5.
3145 2433 3198 2487 4.
3377 2432 3430 2487 4.
3582 2434 3674 2490 10.

2329 2523 2417 2596 (G.
2445 2524 2618 2595 pom.)
2657 2523 2903 2580 Pascalis
2933 2525 3060 2580 950-
3112 2523 3374 2579 Romanae
3426 2525 3692 2582 aecclesia:
3734 2544 3861 2598 pre—

2259 2614 2416 2669 sidet.
2444 2614 2617 2686 (Mett.
2637 2615 2776 2688 [L.])
2791 2615 3094 2674 Wascones
3115 2617 3183 2672 ab
3199 2617 3527 2688 imperatore
3548 2617 3861 2676 Ludowico

2257 2707 2591 2776 desciscunt,
2642 2708 2738 2764 sed
2785 2709 2855 2765 ab
2891 2709 3011 2782 ejus
3041 2711 3282 2770 exercitu
3313 2711 3540 2771 edomiti
3567 2714 3681 2771 cito
3718 2714 3860 2772 resi-

2258 2799 2496 2870 piscunt.

2370 2890 2456 2945 18.
2913 2891 2970 2948 4.
3151 2893 3206 2949 5.
3375 2894 3429 2950 5.
3580 2896 3670 2952 11.

2370 2890 2456 2945 18.
2955 2932 2970 2948 .
3191 2933 3206 2948 .
3415 2935 3429 2948 .
3655 2937 3670 2952 .

2329 2890 2464 3053 ῗιὸ.)
2501 2980 2784 3054 Scloamyr
2833 2891 2951 3038 re:
2974 2893 3468 3040 Abrotifdarumsab
3520 2896 3863 3059 iniﬁeratore

2183 3108 2229 3172 c
2260 3071 2554 3128 Ludowico
2577 3073 2758 3128 deﬁcit
2789 3082 2843 3129 et
2869 3073 2938 3129 ad
2965 3073 3149 3131 Danos
3173 3076 3390 3130 transit.

2330 3164 2454 3221 819.
2912 3166 2965 3222 5.
3149 3166 3201 3222 6.
3371 3166 3424 3222 6.
3576 3169 3666 3225 12.

2331 3253 2466 3327 (1b.)
2504 3254 2832 3311 Ludowicus
2869 3255 3165 3327 imperator
3189 3255 3464 3313 Brittones
3489 3257 3592 3313 sibi
3627 3259 3858 3333 subigit.

2260 3345 2579 3404 Murmanus
2600 3349 2710 3402 dux
2735 3363 2949 3416 eorum,
2999 3347 3096 3419 qui
3121 3363 3320 3404 nomen
3357 3350 3503 3421 regis
3555 3351 3660 3406 sibi
3690 3368 3859 3420 usur-

2260 3449 2501 3509 paverat,
2524 3440 2594 3494 ab
2619 3441 2699 3496 cis
2720 3439 3025 3511 perimitur.
3066 3439 3200 3513 (1b.)
3225 3441 3538 3498 Bernardus
3567 3459 3666 3499 rex
3689 3443 3863 3501 Italiae

2260 3532 2680 3602 conspirationis
2709 3542 2899 3589 contra
2935 3533 3322 3604 imperatorem
3351 3532 3510 3591 facta:
3539 3548 3860 3606 accusatur,

2260 3633 2314 3678 et
2341 3639 2468 3679 reus
2489 3623 2790 3695 majestatis
2817 3623 3181 3695 adjudicatus,
3197 3625 3376 3694 primo
3390 3640 3561 3697 regno
3581 3637 3636 3683 et
3658 3629 3858 3696 oculis,

2261 3713 2458 3770 dehinc
2491 3715 2602 3770 vita
2640 3715 2919 3786 privatur.
2978 3715 3113 3789 (10.)
3169 3715 3462 3774 Harioldus
3516 3719 3572 3774 in
3622 3735 3860 3793 regnum

2203 3865 2214 3872 ,-
2263 3805 2541 3862 Danorum
2571 3823 2602 3862 a
2626 3806 2920 3865 Ludowico
2949 3809 3265 3865 remittitur.
3679 3833 3690 3842 ο

2333 3899 2457 3954 820.
2911 3901 2963 3956 6.
3149 3901 3200 3956 7.
3385 3901 3435 3956 7.
3586 3904 3674 3958 15.

2334 3991 2468 4063 (1b.)
2511 3991 2793 4066 Scloamyr
2847 4009 2943 4050 rex
2991 3993 3380 4050 Abrotidarum
3429 4003 3482 4050 et
3527 3994 3717 4065 Lupus
3747 3996 3861 4050 dux

2264 4083 2598 4140 Wasconum
2650 4085 2892 4140 damnati
2943 4085 3136 4156 capitis
3189 4085 3259 4141 ab
3293 4085 3620 4156 imperatore
3670 4085 3861 4142 Ludo-

2264 4175 2403 4230 wico
2425 4175 2734 4232 exiliantur.
2777 4174 2929 4246 (Cap.
2974 4176 3217 4247 Aquisg.)
3256 4175 3587 4246 Aquisgrani
3612 4177 3862 4247 generali

2267 4276 2534 4324 conventu
2557 4269 2763 4336 habito,
2782 4283 2880 4338 per
2894 4268 3306 4338 dispositionem
3324 4269 3670 4337 imperatoris
3687 4267 3865 4323 Ludo-

2267 4361 2390 4416 wici
2410 4361 2901 4431 episcoporumque
2929 4368 2984 4415 et
3009 4360 3267 4415 abbatum
3298 4359 3482 4430 aliqua
3509 4359 3752 4431 capitula
3796 4361 3863 4415 ad

577 4435 801 4506 sanguis
823 4435 946 4492 inde
964 4436 1239 4506 Ρνοίῖυκίιν
1269 4437 1361 4510 (ιυί
1388 4438 1455 4494 ad
1483 4438 1801 4494 memoriam
1825 4447 2164 4509 posterorum
2194 4448 2245 4509 D
2271 4470 2405 4510 usus
2426 4453 2753 4525 regnlarium
2781 4453 3175 4508 monachorum
3206 4451 3387 4507 addita
3413 4459 3580 4520 sunt;
3607 4461 3660 4507 et
3691 4453 3861 4507 multa

579 4527 758 4584 adhuc
785 4537 1050 4586 servatur.

650 4665 775 4720 815.
923 4667 1011 4722 12.
1185 4669 1275 4725 45.
1461 4670 1515 4726 2.
1694 4669 1747 4725 5.
1931 4668 1986 4724 6.

575 4813 580 4820 ,
651 4757 828 4829 (Mett.
862 4758 1001 4832 [L.])
1040 4759 1274 4816 Karolus
1309 4761 1606 4832 imperator
1651 4776 1748 4832 per
1789 4768 1933 4817 totas
1963 4759 2166 4816 Gallias

580 4847 812 4906 concilia
847 4864 1010 4919 super
1035 4858 1179 4906 statu
1207 4850 1577 4906 zecclesiarum
1608 4851 1677 4904 ab
1710 4849 1979 4920 episcopis
2021 4851 2165 4906 cele-

581 4940 731 4996 brari
761 4941 960 5008 edicit;
1004 4958 1175 4996 unum
1208 4941 1311 4998 fuit
1337 4941 1651 5014 Moguntize,
1684 4941 1916 4996 alterum
1958 4940 2164 5022 Remis,

583 5031 806 5088 tertium
864 5031 1121 5098 Turonis,
1184 5043 1439 5103 quartum
1504 5032 1846 5100 Caballonis,
1913 5032 2166 5104 quintum

582 5123 809 5180 Arelati.
857 5123 954 5196 (Η.
992 5123 1090 5195 m.)
1136 5123 1427 5180 Muhamad
1466 5125 1668 5182 amiras
1701 5123 1856 5180 fratri
1889 5109 1991 5204 suo
2023 5123 2170 5180 Hab-

582 5215 743 5271 dalla-
774 5215 1164 5287 congreditur;
1215 5230 1244 5270 a
1275 5230 1386 5286 quo
1416 5226 1723 5290 superatus,
1747 5233 1874 5275 eum
1900 5218 2007 5273 sibi
2038 5232 2169 5274 con—

584 5322 816 5380 regnare
853 5308 1057 5364 invitus
1081 5307 1322 5378 patitur;
1354 5317 1410 5364 et
1446 5309 1550 5366 hoc
1574 5309 1716 5366 bello
1744 5327 1970 5384 regnum
2001 5309 2169 5366 Sara-

586 5414 849 5454 cenarum
881 5414 978 5469 per
1007 5398 1214 5469 aliquot
1254 5414 1428 5455 annos
1451 5385 1796 5456 discinditur.
1825 5401 1998 5470 (Mett.
2031 5397 2168 5472 [L.])

586 5484 815 5542 Michael
844 5486 1135 5558 imperator
1157 5487 1440 5544 Chrumno
1464 5488 1683 5561 Bulgari
1709 5505 2054 5562 congressus,
2103 5487 2171 5544 de

587 5579 732 5634 bello
754 5579 933 5634 victus
954 5577 1110 5649 fugit,
1157 5588 1211 5634 et
1249 5595 1315 5636 ex
1344 5581 1722 5652 desperatione
1754 5597 1936 5636 rerum
1974 5595 2168 5635 mona—

587 5667 728 5722 chus
744 5665 942 5735 factus,
969 5668 1252 5727 imperium
1276 5671 1514 5741 deponit.
1543 5671 1671 5729 Post
1693 5687 1854 5743 quem
1883 5665 1991 5727 Leo
2014 5671 2171 5726 annis

588 5756 624 5812 8
655 5757 955 5830 imperavit.

2271 4553 2584 4602 sanctarum
2610 4544 3006 4615 scripturarum
3028 4543 3412 4612 compilatione
3443 4542 3606 4609 facta,
3634 4543 3863 4598 clerico-

2268 4653 2392 4692 rum
2420 4646 2475 4693 et
2513 4637 2848 4692 clericalium
2877 4634 3376 4691 sanctimonialium
3425 4634 3626 4704 regulae
3652 4635 3863 4690 consti-

2268 4738 2398 4785 tutae
2443 4738 2590 4786 sunt.
2636 4729 2926 4784 Deﬁciente
2963 4727 3319 4782 historiarum
3348 4726 3638 4794 relatione,
3681 4730 3864 4783 cessat

2268 4822 2432 4877 etiam
2456 4821 2650 4877 relatio
2677 4822 2744 4877 de
2765 4835 2935 4892 regno
2962 4818 3260 4890 Bulgarum
3284 4829 3338 4874 et
3364 4816 3788 4874 Saracenorum.

2339 4935 2462 4991 821.
2913 4933 2964 4988 7.
3147 4933 3200 4989 8.

2273 5102 2278 5107 _
2343 5026 2428 5100 (G.
2461 5026 2632 5098 pont.)
2671 5025 2950 5081 Paschalis
2993 5039 3132 5095 papa
3176 5039 3377 5094 corpus
3411 5032 3616 5081 sanctae
3644 5023 3861 5081 Ceciliae

2270 5119 2499 5191 virginis
2523 5119 2642 5188 ipsa
2663 5117 2935 5172 revelante
2956 5116 3184 5184 invenit,
3217 5117 3400 5172 aureis
3426 5117 3664 5171 velatum
3701 5117 3859 5173 indu~

2271 5211 2471 5268 mentis
2517 5209 2783 5280 sanguine
2825 5208 3000 5278 ipsius
3020 5209 3200 5264 adhuc
3227 5207 3468 5274 infusis;
3499 5216 3556 5263 et
3591 5207 3769 5277 ipsam
3807 5217 3860 5263 et

2271 5311 2497 5367 corpora
2527 5301 2838 5350 sanctorum
2867 5290 3141 5347 Valeriani
3158 5291 3363 5362 '_sponsi
3388 5290 3509 5361 ejus
3535 5300 3590 5348 et
3611 5291 3857 5363 Tybnrtii

2270 5381 2326 5446 et
2364 5386 2605 5454 Maximi,
2638 5383 2846 5441 Urbani
2884 5398 3104 5455 quoque
3126 5398 3299 5454 papae,
3329 5382 3385 5438 in
3420 5384 3726 5440 aacclesiam
3751 5400 3782 5440 a
3803 5401 3860 5440 se

2260 5479 2354 5536 eis
2397 5479 2702 5536 ediﬁcatam
2735 5474 3092 5546 transposuit.
3129 5473 3304 5542 (Mett.
3359 5472 3498 5546 [L.])
3528 5473 3858 5531 Ludowicus

2273 5573 2568 5640 imperator
2591 5567 2940 5638 partitionem
2975 5563 3128 5636 regni
3155 5563 3298 5618 inter
3323 5563 3467 5620 ﬁlios
3502 5577 3636 5620 suos
3658 5563 3858 5620 factam

2277 5662 2565 5720 conﬁrmat
2617 5657 2978 5715 sacramentis
3031 5655 3357 5726 Optimatum
3419 5669 3666 5710 suorum.
3727 5654 3857 5728 (ιι.)

2276 5755 2388 5812 Leo
2423 5753 2717 5822 imperator
2765 5747 3061 5810 Grecorum
3103 5743 3389 5817 perimitur
3434 5745 3486 5800 in
3537 5746 3738 5818 palatio
3761 5762 3856 5802 suo
