4046 6318
133 366 218 425 157

1549 334 1916 393 CHRONICA.

132 475 502 551 conspiratione
541 465 859 539 Optimatnm
907 471 1132 551 suorum
1155 497 1169 522 ,
1208 463 1260 510 et
1285 453 1542 525 precipue
1581 452 1680 506 Mi-
1710 459 1755 514 Α
1785 451 1923 507 berti
1954 446 2212 505 transfert
2241 463 2271 502 a
2300 445 2502 502 Leodio
2523 447 2588 501 ad
2611 444 2915 516 Andagium
2945 441 3360 497 monasterium.

133 542 341 633 chahelis
389 559 815 619 domesticorum
871 549 1128 615 comitis,
1187 554 1243 604 et
1290 547 1406 617 ipse
1451 542 1682 600 Michael

133 659 380 735 imperavit
409 655 573 711 anuis
611 652 662 706 9.

185 755 292 812 822.
507 746 570 800 F.
608 744 659 798 8.

185 846 234 905 In
267 839 521 910 Turiugia
555 849 741 905 cespes
781 826 1124 900 longitudine
1156 823 1356 894 pedum
1406 821 1684 891 quinqua-

131 952 318 1012 genum,
346 908 636 987 latitudine
665 920 1128 996 quatuordenum,
1159 912 1444 971 altitudine
1470 908 1685 980 sesqui-

132 1017 296 1103 pedali,
340 1025 458 1082 sine
490 1019 748 1076 manibus
770 1014 838 1069 de
865 1022 1008 1068 terra
1049 1009 1298 1080 precisus
1344 1014 1399 1060 et
1440 1002 1688 1059 sublatus

133 1091 213 1186 est,
247 1091 297 1174 et
334 1114 473 1170 ultra
522 1109 688 1182 pedes
731 1106 803 1160 25
839 1103 1137 1160 translatus
1181 1107 1283 1154 est.
1337 1094 1398 1150 In
1451 1091 1688 1148 Saxouia

135 1183 264 1270 tellus
312 1207 362 1261 in
413 1201 647 1259 modum,
705 1211 920 1275 aggeris
969 1193 1142 1248 limite
1192 1190 1356 1244 unius
1395 1187 1567 1256 leuga:
1605 1183 1690 1236 in-

135 1299 319 1357 ωωώι

187 1391 294 1446 8‘25.
332 1389 396 1442 R.
422 1396 478 1444 et
504 1386 576 1444 F.
601 1385 655 1440 9.
1525 1377 1580 1425 σε.

190 1487 264 1557 (Α.
311 1479 499 1551 Leod.)
543 1477 786 1532 Elevatio
835 1472 1010 1531 sancti
1058 1467 1308 1526 Ursmari
1362 1463 1693 1522 confessoris

137 1556 384 1633 Lobiensis
411 1571 720 1627 celebratur
755 1568 842 1622 ‘5'.
890 1564 1065 1637 (Men.
1108 1560 1247 1636 [L.])
1287 1559 1488 1630 Drogo,
1528 1556 1696 1611 frater

138 1665 375 1724 Ludowici
427 1661 810 1733 imperatoris,
862 1658 922 1712 ﬁt
975 1653 1323 1712 Mettensium
1379 1649 1690 1720 episc0pus.

138 1759 243 1828 (1b.)
277 1754 588 1822 Lotharius,
622 1752 767 1806 ﬁlius
795 1746 1164 1820 imperatoris,
1185 1761 1216 1800 a
1237 1752 1389 1815 patre
1412 1742 1465 1795 in
1486 1739 1692 1794 Italiam

137 1851 376 1922 dirigitur;
399 1847 492 1917 qui
522 1862 556 1900 a
587 1843 847 1899 Paschale
871 1857 1008 1912 papa
1034 1845 1405 1903 consecratus,
1429 1849 1690 1891 coronam

139 1940 260 2010 regni
281 1948 333 1993 et
368 1935 720 2007 imperatoris
757 1942 923 2005 atque
967 1931 1184 2003 augusti
1230 1943 1430 1984 nomen
1460 1926 1688 1996 accepit.

139 2029 451 2100 (11).)Ριοωεε
491 2025 724 2096 quidam
769 2024 1037 2080 nobilium
1071 2022 1435 2093 perimuntur,
1481 2034 1581 2090 pro
1627 2032 1694 2092 eo

139 2121 256 2191 quod
291 2119 580 2189 proniores
601 2117 754 2188 justo
777 2131 901 2172 esse
929 2090 1245 2171 viderentur
1275 2112 1344 2168 ad
1381 2090 1694 2167 ﬁdelitatem

141 2210 346 2265 Lotharii
385 2209 759 2279 imperatoris.
797 2207 954 2274 Quod
1003 2206 1212 2263 crimen
1262 2220 1388 2260 cum
1434 2203 1600 2258 etiam
1640 2201 1696 2255 in

142 2302 286 2373 ipsum
338 2315 537 2371 papam
591 2298 913 2358 Paschalem
967 2297 1402 2366 intorqueretur,
1450 2310 1589 2364 papa
1641 2308 1700 2347 se

142 2396 256 2466 apud
282 2395 637 2465 imperatores
661 2403 910 2460 excusat,
941 2399 996 2446 et
1025 2391 1092 2446 de
1117 2389 1223 2445 hoc
1255 2389 1486 2445 crimine
1515 2393 1700 2442 coram

145 2488 308 2558 populo
345 2496 397 2542 et
439 2487 642 2559 legatis
695 2485 1043 2556 imperatoris
1094 2482 1282 2538 Romae
1329 2498 1455 2538 cum
1503 2495 1703 2552 magno

145 2579 482 2649 episcoporum
508 2593 748 2634 numero
768 2593 828 2633 se
847 2575 1212 2648 jurejurando
1241 2581 1527 2645 expurgat.
1569 2571 1703 2644 (1b.)

148 2666 470 2726 Terraemotus
497 2668 685 2725 factus
724 2675 846 2735 est;
883 2667 1067 2727 multa:
1107 2665 1250 2720 villas
1279 2673 1335 2720 et
1367 2665 1566 2720 domus
1598 2680 1704 2719 ete-

148 2758 243 2812 lesti
295 2759 413 2830 igne
467 2767 832 2826 cremantur;
889 2757 1141 2812 homines
1190 2762 1245 2810 et
1301 2753 1559 2809 animalia
1594 2753 1706 2806 ictu

149 2847 395 2906 fulminum
424 2851 850 2916 examinantur;
877 2847 1062 2918 fruges
1087 2846 1352 2918 grandine
1385 2852 1707 2909 vastantur;

151 2968 251 3014 cum
295 2948 410 3017 ipsa
449 2945 725 3020 grandine
762 2941 880 2998 veri
909 2941 1121 3012 lapides
1154 2939 1409 2996 immensi
1455 2937 1713 3009 ponderis

153 3043 316 3098 cadunt
339 3059 353 3108 ;
395 3050 455 3096 et
475 3039 604 3094 haec
631 3036 880 3111 prodigia
910 3033 1134 3110 grandis
1156 3034 1442 3088 hominum
1474 3031 1718 3086 mortali-

154 3144 220 3189 tas
244 3130 608 3202 subsequitur.
651 3125 710 3181 In
738 3125 1016 3182 territorio
1047 3123 1303 3178 Tullense
1339 3123 1464 3176 villa
1491 3120 1720 3177 Comer-

155 3223 267 3285 tiaco
295 3221 466 3294 puella
488 3216 828 3283 duodennis,
868 3223 996 3285 post
1037 3229 1248 3274 sacram
1273 3211 1718 3267 communionem

156 3313 200 3368 in
223 3312 400 3384 pascha
419 3327 450 3367 a
471 3309 762 3368 sacerdote
786 3312 1118 3376 susceptam,
1144 3304 1383 3374 primum
1417 3318 1512 3372 per
1532 3301 1720 3356 decem

157 3421 336 3462 menses
372 3419 536 3475 pane,
586 3399 781 3457 deinde
823 3397 974 3453 omni
1020 3396 1145 3451 cibo
1179 3404 1233 3449 et
1260 3404 1389 3465 potu
1420 3410 1517 3465 per
1551 3392 1722 3447 trien-

159 3500 280 3553 nium
320 3496 606 3564 abstinuit,
651 3503 705 3550 et
741 3501 931 3563 postea
955 3489 1028 3545 ad
1044 3483 1393 3546 communem
1435 3485 1728 3541 hominum

161 3589 298 3644 vitam
329 3588 504 3645 rediit.
880 3631 885 3636 ,

217 3686 324 3742 824.
590 3683 678 3739 10.
1559 3677 1620 3731 5.

219 3778 293 3849 (G.
320 3778 483 3851 pont.)
522 3775 807 3850 Eugenius
830 3773 1092 3830 Romanae
1113 3773 1374 3830 aecclesi‘m
1395 3771 1726 3828 centesimus

167 3871 220 3902 '“
243 3873 478 3941 presidet.
527 3869 709 3941 (Heu.
741 3865 882 3939 [L.])
920 3865 1167 3936 Corpora
1191 3873 1506 3920 sanctorum
1539 3860 1725 3918 Severi

167 3961 530 4020 Ravennatium
578 3958 821 4031 episcopi
855 3966 912 4013 et
955 3957 1146 4012 uxoris
1187 3955 1307 4026 ejus
1355 3952 1650 4010 Vincentius
1674 3961 1730 4007 et

167 4055 266 4111 ﬁlia:
280 4054 603 4112 lnnocentiaa
626 4054 696 4108 ah
716 4051 938 4124 Otgario
960 4048 1372 4118 archiepiscopo
1394 4046 1729 4118 Moguntiam

169 4148 391 4206 translata
420 4155 576 4204 sunt.
612 4144 804 4217 (Μιιιι.)
831 4143 889 4198 In
912 4141 1085 4198 Gallia
1109 4149 1236 4196 ante
1261 4139 1556 4194 solstitium
1582 4137 1731 4193 aesti-

169 4239 282 4303 rale,
305 4255 421 4295 aere
451 4239 509 4293 in
549 4242 933 4308 tempestatem
960 4239 1181 4304 repente
1208 4244 1504 4296 converso,
1536 4227 1730 4300 ingens

170 4330 497 4403 fragmentum
556 4329 746 4402 glaciei
792 4343 918 4385 cum
972 4323 1237 4398 grandine
1284 4321 1521 4388 cecidit;
1573 4321 1732 4391 cujus

171 4423 417 4495 longitudo
453 4419 985 4496 pedesuquindecim,
1009 4415 1256 4472 latitudo.
1277 4427 1402 4476 sex,
1420 4410 1732 4482 grossitudo

173 4511 288 4567 duos
325 4515 483 4584 pedes
528 4511 781 4566 habebat.
817 4507 992 4581 (Men.
1033 4505 1172 4580 [L.])
1225 4502 1412 4576 Legati
1455 4500 1735 4562 Michaelis
1764 4516 1813 4575 ι)
1909 4499 2034 4555 828.

174 4603 651 4674 imperatorisinter
665 4611 844 4662 cetera
861 4612 1088 4654 munera
1104 4595 1419 4652 detulerunt
1436 4591 1732 4650 Ludowico

175 4695 456 4766 imperatori
514 4697 685 4758 libros
727 4691 958 4755 Dionisii
999 4674 1461 4760 Are0pagitae,ab
1486 4701 1552 4741 eo
1593 4701 1732 4741 con-

176 4788 378 4858 scriptos
428 4790 497 4845 de
547 4785 880 4852 hierarchia,
930 4782 985 4838 id
1042 4790 1126 4837 est
1182 4795 1342 4836 sacro
1401 4778 1729 4856 principatu,

177 4887 357 4945 petente
377 4880 498 4951 ipso
525 4877 821 4936 Ludowico
842 4875 909 4929 de
952 4873 1124 4928 Greco
1165 4873 1220 4926 in
1269 4873 1523 4927 Latinum
1555 4879 1735 4930 trans-

178 4967 314 5027 latos.
366 4973 472 5040 Qui
513 4971 640 5027 libri
686 4969 931 5024 Parisius
958 4968 1034 5024 .in
1082 4966 1203 5036 ipso
1253 4967 1426 5022 sancti
1478 4964 1734 5038 martyris

181 5060 297 5118 festo
339 5066 514 5132 missi,
558 5079 684 5118 cum
713 5061 912 5133 gaudio
957 5059 1194 5128 suscepti
1243 5066 1403 5124 sunt;
1435 5059 1579 5128 quod
1604 5073 1738 5130 gau-

180 5153 308 5210 dium
329 5158 500 5214 virtus
523 5155 701 5212 sancti
731 5152 985 5225 martyris
1013 5150 1183 5217 auxit,
1210 5149 1398 5205 decem
1441 5157 1497 5204 et
1543 5166 1735 5212 novem

182 5250 356 5314 egrotis
401 5249 459 5305 in
504 5248 623 5319 ipsa
651 5254 810 5303 nocte
857 5244 932 5300 ibi
973 5242 1199 5299 sanatis.
1239 5241 1326 5310 (Α.
1358 5241 1547 5313 Leod.)
1583 5241 1736 5298 Wal-

184 5340 366 5398 candus
393 5340 743 5399 Leodicensis
781 5336 1072 5425 episcOpus
1123 5349 1324 5411 corpus
1371 5335 1548 5391 sancti
1595 5333 1742 5390 Huc-

1786 545 1873 615 (Α.
1914 541 2104 613 Fuld.)
2144 540 2404 597 Rabanus
2435 539 2677 611 sophista
2703 545 2757 592 et
2790 535 2874 592 sui
2897 533 3157 604 temporis
3181 541 3366 602 poeta-

1784 652 1907 691 rum
1931 635 2064 690 nulli
2087 633 2381 700 secundus,
2422 631 2480 686 ﬁt
2505 631 2673 687 abbas
2698 627 2988 684 V'uldensis
3013 644 3027 693 ;
3079 626 3173 695 qui
3201 625 3370 678 multa

1784 728 1852 783 de
1887 727 2090 783 sanctis
2118 725 2405 796 scripturis
2434 724 2711 789 disseruit,
2738 721 2832 793 qui
2855 719 3017 775 etiam
3055 717 3254 772 librum
3303 717 3373 770 de

1785 818 1945 874 laude
1973 825 2175 874 sanctae
2197 818 2400 885 crucis,
2427 817 2724 888 ﬁgurarum
2753 812 3012 867 varietate
3032 808 3372 871 distinctum,

1787 911 1986 967 difﬁcili
2035 918 2090 966 et
2136 910 2387 965 mirando
2429 915 2680 979 poemate
2726 901 3053 975 composuit,
3095 910 3149 956 et
3183 898 3377 970 Sergio

1788 1020 1940 1076 papae
1969 1011 2161 1059 sancto
2180 1002 2344 1058 Petro
2366 999 2700 1056 oﬂcreudmn
2723 997 2894 1052 misit.

1860 1099 1987 1153 825.
2248 1097 2334 1150 Η.
3214 1083 3268 1137 4.

1865 1189 2041 1262 (Men.
2077 1186 2215 1261 [L.])
2254 1185 2545 1242 Herioldus
2587 1197 2682 1238 rex
2729 1181 3005 1235 Danorum
3056 1191 3179 1232 cum
3209 1187 3387 1228 uxore-

1791 1295 1845 1341 et
1866 1285 1992 1340 filiis
2018 1292 2072 1338 et
2096 1298 2195 1338 sua
2230 1277 2692 1352 parte‘Danorum
2724 1272 3016 1344 Moguntia:
3043 1267 3380 1337 baptizatur;

1793 1387 1847 1432 et
1903 1377 1972 1431 ab
2015 1377 2344 1445 imperatore
2391 1368 2715 1426 muneribus
2772 1374 2825 1421 et
2877 1372 3031 1436 parte
3073 1359 3277 1415 Fresite
3325 1357 3382 1410 in

1793 1469 2119 1526 beneﬁcium
2175 1466 2279 1522 sibi
2326 1464 2454 1520 data
2502 1463 2826 1516 honoratur.
2888 1455 3022 1528 (Ιὸ.)
3070 1451 3381 1512 Hilduinus,

1796 1563 1965 1618 abbas
2008 1561 2076 1616 de
2123 1558 2311 1614 Sancti
2359 1554 2588 1611 Dionisii
2620 1551 2871 1620 sacrique
2901 1546 3086 1618 palatii
3134 1542 3384 1598 archica-

1795 1657 2064 1729 pellanus,
2109 1653 2341 1708 Romam
2398 1649 2620 1703 mittens
2659 1661 2694 1700 a
2736 1658 2877 1714 papa
2924 1637 3171 1710 Eugenio
3211 1634 3385 1691 sancti

1803 1725 2112 1807 Sebastiani
2162 1743 2416 1816 martyris
2463 1755 2661 1809 corpus
2707 1735 2934 1804 accepit,
2973 1741 3026 1786 et
3075 1725 3392 1785 Suessionis

1802 1843 1857 1897 in
1887 1839 2110 1895 basilica
2131 1834 2305 1891 sancti
2337 1828 2577 1887 Medardi
2603 1824 2905 1882 collocavit.
2930 1820 3034 1876 Ubi
3056 1821 3184 1874 dum
3212 1817 3390 1871 adhuc

1796 1935 2144 1989 inhumatum
2170 1928 2224 1982 in
2255 1925 2458 1988 loculo,
2483 1922 2536 1975 in
2559 1935 2669 1991 quo
2691 1918 2916 1972 allatum
2941 1911 3140 1973 fuerat,
3163 1909 3388 1980 jacerct,

1799 2035 1946 2082 tanta
1967 2024 2250 2093 signorum
2271 2027 2325 2073 et
2343 2000 2605 2071 virtutum
2627 2010 2798 2082 gratia
2823 2007 2877 2061 in
2900 2004 3121 2060 nomine
3146 1999 3392 2071 ejusdem

1798 2115 2057 2188 martyris
2085 2111 2300 2175 enituit,
2341 2116 2401 2162 ut
2443 2121 2475 2161 a
2519 2103 2673 2158 nullo
2703 2097 3017 2154 mortalium
3048 2092 3134 2147 vel
3162 2101 3388 2145 enume-

1799 2211 1910 2266 rari
1957 2208 2040 2263 vel
2086 2202 2334 2262 enarrari
2367 2197 2599 2269 possint.
2655 2192 2899 2259 Quorum
2955 2185 3202 2257 quasdam
3257 2179 3399 2236 tanti

1801 2300 2043 2373 stuporis
2065 2313 2188 2354 esse
2228 2295 2486 2350 dicuntur
2515 2297 2576 2343 ut
2598 2289 2897 2341 humanam
2920 2279 3080 2334 ﬁdem
3110 2273 3394 2336 excedant,

1803 2372 1913 2450 nisi
1938 2400 2149 2448 certum
2179 2393 2346 2452 esset,
2373 2383 2567 2445 Deum,
2599 2392 2700 2450 pro
2726 2389 2838 2446 quo
2867 2372 3011 2428 idem
3043 2375 3251 2437 martyr
3272 2379 3399 2434 pas—

1806 2503 1902 2543 sus
1928 2492 2032 2551 est,
2062 2480 2244 2539 omnia
2267 2477 2450 2534 facere
2487 2475 2670 2545 posse.

1876 2548 2027 2633 826.
2260 2569 2351 2625 η.
2913 2611 2922 2615 _
3233 2548 3286 2602 5.

1796 2687 1802 2696 ’
2055 2605 2640 2734 Comoraahlarcellini
2689 2658 2744 2706 et
2787 2611 2936 2702 Petri
2981 2649 3283 2712 martyrum
3335 2605 3410 2689 de

1810 2727 2247 2824 Βδωθέυὶιιείῐά
2268 2753 2325 2808 in
2351 2748 2642 2805 Franciam
2683 2739 2970 2802 translata,
3013 2732 3202 2790 multis
3230 2727 3405 2798 signis

1811 2852 2107 2911 clariﬁcata
2134 2822 2290 2904 sunt.
2322 2843 2536 2911 Corpus
2572 2837 2735 2892 etiam
2762 2829 2937 2888 sancti
2965 2822 3212 2896 Gregorii
3253 2832 3408 2890 papae

1815 2947 1885 3004 ad
1912 2945 2106 3001 urbem
2137 2935 2452 2994 Suessionis
2474 2921 2803 2987 translatum
2831 2935 2954 2979 esse
2973 2917 3192 2976 dicitur.

1887 3037 2011 3094 827.
2269 3029 2357 3084 15.
2421 3071 2429 3079 .
3241 3007 3296 3062 6.

1892 3129 1980 3203 (G.
2012 3123 2184 3199 pont.)
2242 3119 2567 3176 Valentinus
2616 3113 2882 3168 Romana:
2934 3101 3194 3162 aecclesiaa
3245 3096 3408 3152 lOlM

1820 3188 2080 3296 presidet.
2159 3188 2281 3284 Quo
2341 3219 2465 3284 post
2532 3203 2895 3278 quadraginta
2964 3190 3229 3268 pontiﬁcii
3294 3188 3412 3244 dies

1821 3281 2100 3377 defuncto,
2145 3281 2376 3378 quartus
2418 3301 2587 3370 hujus
2633 3294 2875 3352 nominis
2922 3303 3061 3359 papa
3115 3281 3412 3353 Gregorius

1822 3405 2085 3460 Romanae
2104 3397 2367 3455 aacclesiae
2394 3392 2555 3447 102‘“
2589 3385 2847 3460 presidet,
2873 3379 3157 3452 quietiam
3181 3380 3417 3444 quartus

1821 3496 1933 3551 Leo
1979 3493 2158 3547 dictus
2193 3495 2296 3543 est.
2351 3483 2613 3538 Rabanus
2649 3477 2816 3532 abbas
2865 3478 3133 3528 tractatus
3163 3467 3220 3521 in
3274 3463 3415 3517 libro

1823 3583 2104 3657 sapientiae
2131 3589 2187 3636 ct
2225 3579 2282 3633 in
2326 3568 2736 3630 Ecclesiastico
2767 3565 2833 3618 ad
2879 3559 3173 3632 Oggarium
3202 3552 3416 3609 archie-

1823 3643 2107 3750 piscopum
2136 3671 2268 3728 edit.
2322 3663 2639 3722 Amularius
2686 3659 2888 3714 librum
2918 3652 2986 3708 de
3014 3648 3206 3706 ofﬁciis
3227 3643 3418 3700 recole-

1824 3733 2063 3824 siasticis
2087 3764 2154 3820 ad
2178 3764 2563 3832 imperatorem
2591 3746 2945 3806 Ludowicum
2978 3739 3186 3797 scribit.
3220 3733 3412 3808 (Praef.

1823 3857 1982 3928 Ana.)
2037 3853 2370 3926 Angelomus
2423 3845 2587 3901 etiam
2632 3841 2699 3897 ad
2745 3835 2978 3894 eundem
3031 3832 3416 3900 imperatorem

1826 3915 2094 4004 tractatus
2126 3915 2198 3996 in
2252 3941 2391 3995 libro
2442 3948 2674 4006 regnum
2728 3928 2858 3984 edit.
2909 3921 3200 3993 Ansigisus
3250 3915 3426 3970 abbas

1827 4039 2116 4122 Labiensis
2150 4034 2328 4091 edicta
2353 4005 2700 4100 imperatoris
2726 4018 2909 4075 Karoli
2935 4013 3114 4085 Magni
3144 4019 3199 4066 et
3241 4005 3424 4062 Ludo-

1829 4110 1951 4189 vvici
1980 4108 2077 4187 ﬁlii
2111 4129 2231 4200 ejus
2257 4126 2324 4182 ad
2349 4097 2791 4180 aacclesiasticam
2814 4113 2987 4182 legem
3012 4099 3337 4178 pertinentia
3366 4097 3422 4151 in

1829 4226 2044 4283 duobus
2067 4191 2265 4278 libiallis
2305 4213 2550 4289 digessit.
2598 4209 2746 4264 idem
2791 4204 2971 4260 edicta
3009 4195 3326 4256 eorumdem
3353 4191 3423 4245 ad

1832 4317 2168 4375 mundanam
2240 4313 2415 4382 legem
2473 4299 2804 4376 pertinentia
2872 4296 2930 4350 in
2993 4290 3211 4348 duobus
3285 4299 3427 4354 eque

1833 4409 2028 4464 libellis
2059 4403 2286 4479 digessit
2308 4401 2395 4454 ¹⁵¹.

2287 4493 2374 4549 14.
3265 4470 3318 4523 7.

1913 4593 2093 4664 (Men.
2129 4587 2269 4662 [L.])
2306 4585 2531 4641 Italicus
2574 4574 2858 4635 Ludovici
2893 4566 3242 4641 imperatoris
3271 4576 3431 4618 exer-

1840 4689 1982 4745 citus
2013 4685 2189 4741 classe
2213 4684 2271 4737 in
2293 4678 2534 4734 Africam
2567 4675 2933 4733 transvectus,
2979 4667 3233 4720 conserto
3259 4655 3433 4727 prelio

1839 4794 2097 4853 magnam
2127 4775 2386 4830 Afrorum
2419 4779 2656 4840 stragem
2687 4763 2833 4818 fecit.
2867 4758 3002 4830 (ιθ.)
3033 4754 3090 4808 In
3134 4747 3432 4806 Wa’sconia

1841 4842 2058 4930 annona
2093 4868 2162 4925 de
2191 4866 2323 4923 caelo
2344 4861 2502 4935 pluit,
2551 4857 2826 4913 frumento
2871 4847 3089 4913 similis,
3128 4842 3225 4900 sed
3264 4853 3434 4912 grana

1841 4967 2094 5024 breviora
2139 4970 2194 5017 et
2237 4932 2558 5014 rotundiora
2598 4948 2827 5006 habens.
2861 4936 3144 5013 (Μλιιωι.)
3189 4932 3434 5002 Corpora

1840 5047 2160 5116 sanctorum
2188 5046 2460 5108 Valentini
2486 5054 2541 5103 et
2568 5039 2787 5101 Genesii
2816 5038 2872 5092 in
2894 5032 3125 5105 Augiam
3156 5030 3434 5082 monaste-

1839 5150 1983 5208 rium
2010 5145 2276 5204 translata
2297 5147 2444 5199 sunt.

2025 5280 2039 5294 .
2293 5233 2383 5290 15.
2525 5265 2531 5268 -
3271 5208 3324 5261 8-

2025 5280 2039 5294 .
2369 5274 2383 5288 .
2525 5265 2531 5268 -
3271 5233 3324 5261 o.

1911 5241 2119 5404 3121:.)
2139 5233 2713 5386 Cont:a5Ludowicuni
2739 5317 3119 5386 imperatorem
3142 5267 3440 5361 commotio

1437 5491 1670 5550 VARIAE
1709 5489 2113 5551 LECTIONES.

250 5633 309 5665 ιι,
344 5633 382 5665 ιτ
437 5649 462 5665 ο
511 5632 557 5665 Π
604 5648 634 5665 η
683 5631 726 5665 Ϊ.
779 5645 809 5665 n
861 5629 1048 5665 Αοιυηι
1081 5626 1121 5665 n
1199 5626 1291 5665 In]!
1315 5645 1458 5665 nnsan
1481 5629 1794 5665 nrmrnllanh'
1817 5627 2022 5665 ΔαιΙιῖΙιοι
2049 5626 2151 5665 {11‘

192 5633 405 5758 8;."012.
437 5649 484 5757 ἓ.
511 5632 579 5724 U:
604 5648 654 5688 c.
683 5631 747 5685 L.
779 5645 829 5685 c.
861 5629 1048 5683 desunt
1080 5624 1168 5692 D.,
1196 5626 1291 5682 sub
1314 5645 1458 5710 anno
1480 5629 1794 5699 prmedenti
1815 5627 2022 5683 exhibet
2049 5623 2172 5682 Cd‘.
2253 5623 2320 5656 ¹⁸⁰
2355 5623 2432 5697 ita
2462 5623 2574 5690 Sig.
2609 5623 2821 5686 (iterum

283 5743 296 5756 -
399 5744 412 5756 ο
480 5744 493 5756 ο
517 5705 549 5758 4
579 5744 590 5756 ο
623 5698 808 5772 XCVI.
843 5715 981 5772 corr.
1010 5695 1295 5772 XCVIILet
1329 5715 1409 5752 sic
1440 5717 1597 5770 porro
1641 5703 1901 5772 corrigens
1945 5697 2006 5752 D.
2041 5715 2052 5761 ;
2103 5693 2291 5750 XCIV.
2343 5701 2391 5748 et
2417 5693 2670 5762 sicporro
2707 5684 2822 5738 83'.

193 5770 295 5824 (12‘.
371 5775 434 5805 ¹⁵¹
471 5773 613 5829 Idem
644 5803 698 5812 -
738 5769 962 5841 digessit
993 5768 1177 5821 desunt
1203 5765 1261 5819 D.

2253 5622 2320 5656 tuo
2355 5623 2432 5675 ίεα
2462 5619 2574 5690 Sig.
2609 5617 2821 5690 (ileﬂlj'
2847 5618 3073 5690 €75,035;
3107 5599 3256 5690 5'22“:

2853 5699 2868 5750 ;
2906 5672 3067 5730 XCV.
3100 5680 3150 5726 ct
3179 5672 3255 5724 sic
3283 5683 3457 5736 porro

3259 324 3369 380 138
3475 388 3477 390 η
