4046 6318
617 309 737 372 159⁴

1745 285 2112 346 SIGEBERTI
2151 282 2292 342 GEM
2301 279 2682 338 BLAGENSIS

3763 277 3850 335 160

608 431 660 477 et
689 420 941 478 simultas
961 417 1198 472 ﬁliorum
1226 413 1345 485 ejus
1373 418 1428 467 et
1447 409 1770 479 optimatum
1797 405 2060 462 exoritur.
2087 401 2202 457 Hoc
2232 403 2278 463 Α
2306 415 2426 455 eam
2447 395 2764 454 solemniter
2783 391 3071 459 dedicavit,
3094 400 3325 462 eamque
3344 389 3535 446 urbem
3558 388 3851 450 Leonianam

607 529 770 580 anno,
801 511 898 583 qui
944 519 1030 566 est
1075 521 1254 563 annus
1295 505 1364 560 ab
1398 502 1554 557 initio
1597 499 1788 556 mundi
1821 497 1984 566 4888,
2017 496 2205 551 ﬁnitur

609 621 786 661 nonus
842 619 1021 659 annus
1073 615 1306 671 magnus
1361 596 1432 651 ab
1479 594 1639 650 initio
1695 592 1927 660 mundi,
1981 589 2078 662 qui
2123 596 2207 644 est.

607 713 880 754 annorum
913 695 1018 751 552
1057 694 1146 746 ¹⁸².

681 788 805 844 850.
885 786 950 841 R.
986 793 1040 842 et
1073 784 1133 839 F.
1158 783 1245 838 16.

682 880 838 950 Apud
866 873 1399 946 Constantinopolim
1431 870 1770 942 Theophilus
1792 867 2022 939 imperat
2048 865 2207 920 annis

613 975 699 1029 15.
740 971 1036 1043 Gregorius
1068 986 1227 1041 papa,
1279 969 1492 1034 dolens,
1544 963 1754 1020 crebris
1809 961 2206 1026 Saracenorum

611 1065 1019 1121 incursionibus
1080 1061 1265 1117 vexari
1336 1058 1659 1116 suburbium
1730 1053 1994 1130 Romana:
2055 1051 2209 1106 urbis

613 1159 755 1212 circa
787 1155 1090 1212 mcelesiam
1120 1154 1494 1224 apostolorum
1521 1148 1784 1221 principis
1815 1147 1981 1213 Petri,
2032 1145 2210 1201 inten-

614 1251 695 1305 dit
741 1250 852 1304 illic
894 1249 1083 1304 urbem
1111 1261 1310 1303 novam
1349 1245 1660 1311 aediﬁcare;
1693 1243 1760 1298 ad
1795 1241 1942 1312 quod
1977 1237 2209 1294 consilio

614 1350 669 1396 et
709 1341 914 1395 auxilio
959 1341 1351 1413 imperatorum
1407 1337 1682 1392 animatus
1714 1349 1910 1389 novam
1942 1332 2208 1388 fabricam

619 1432 803 1501 coepit.

690 1523 816 1577 851.
1214 1520 1303 1575 17.
2027 1513 2101 1567 1.

691 1613 928 1686 (Transi.
970 1613 1028 1668 S.
1083 1613 1176 1683 Β.)
1219 1610 1474 1668 Saraceni
1536 1609 1782 1666 Siciliam
1839 1608 2208 1672 incursantes,

617 1708 781 1762 etiam
844 1706 1126 1777 Lipparim
1191 1706 1426 1760 insulam
1482 1704 1791 1768 devastant,
1859 1700 1953 1756 ubi
2011 1715 2212 1768 corpus

620 1799 986 1856 Bartholomei
1012 1799 1243 1869 apostoli
1271 1797 1625 1868 quiescebat;
1679 1794 1827 1865 quod
1868 1793 1998 1848 olim
2035 1792 2213 1848 loculo

621 1892 878 1962 plumbeo
922 1891 1185 1962 injectum
1215 1899 1269 1946 et
1299 1890 1354 1944 in
1386 1904 1538 1944 mare
1575 1889 1884 1944 demersum
1907 1901 1937 1939 a
1966 1885 2212 1955 paganis,

620 2000 726 2038 non
760 1984 1062 2040 ferentibus
1103 1983 1235 2041 illud
1263 1990 1486 2052 prepter
1513 1980 1738 2035 nimiam
1771 1979 2054 2050 signorum
2104 1978 2216 2032 cla-

618 2078 939 2140 ritatem_,ah
975 2076 1232 2131 omnibus
1282 2073 1554 2138 venerari,
1608 2072 1679 2126 ab
1720 2070 1874 2125 India
1920 2085 2095 2140 usque
2147 2069 2216 2124 ad

623 2170 762 2222 hanc
786 2169 1024 2224 insulam
1048 2169 1193 2223 ultro
1221 2166 1459 2222 delatum
1488 2163 1685 2219 fuerat.
1709 2163 1882 2233 Cujus
1907 2178 2033 2218 ossa
2054 2163 2217 2218 modo

621 2278 651 2314 a
690 2259 979 2316 Saracenis
1029 2261 1139 2316 huc
1177 2260 1416 2328 illucque
1459 2257 1729 2326 dispersa,
1791 2264 1846 2310 et
1897 2271 1928 2311 a
1977 2256 2214 2326 quodam

620 2353 891 2408 monacho
924 2353 1043 2422 ipso
1071 2353 1342 2409 revelante
1364 2350 1609 2416 collecta,
1634 2348 2005 2405 Beneventum
2035 2357 2217 2406 trans-

620 2443 891 2498 feruntur.
945 2442 1161 2515 (Fuld.)
1189 2442 1518 2497 Ludowicus
1541 2441 1836 2511 imperator
1865 2441 2218 2496 adversantes

621 2537 725 2592 sibi
770 2536 908 2592 alios
938 2536 1329 2602 exauctoravit,
1380 2535 1518 2590 alios
1559 2533 1826 2598 exiliavit,
1871 2532 2011 2588 alios
2058 2532 2220 2588 bonis

620 2627 855 2695 privavit
881 2645 896 2694 ;
937 2640 1003 2681 ac
1027 2642 1124 2697 per
1157 2627 1262 2682 hoc
1287 2626 1428 2682 ﬁlios
1451 2631 1507 2680 et
1534 2623 1827 2695 Optimates
1873 2639 2006 2680 suos
2047 2608 2220 2696 magis

622 2726 813 2775 contra
843 2734 904 2777 se
932 2719 1295 2776 exacerbavit.

1079 2810 1169 2867 18.
1960 2841 1962 2843 -
2055 2809 2110 2864 2.

1937 773 2000 830 C.
2041 772 2096 830 9.

695 2811 823 2866 852.
849 2859 851 2861 .

696 2900 914 2975 (Γαῖα.)
947 2901 1247 2975 Gregorius
1278 2916 1420 2972 papa
1449 2901 1504 2956 in
1531 2900 1764 2958 Galliam
1791 2899 2040 2967 veniens,
2084 2915 2220 2954 con-

625 3003 705 3048 tra
732 2995 1116 3064 imperatorem
1137 3010 1263 3049 cum
1281 2993 1407 3048 ﬁliis
1427 2993 1640 3064 agebat.
1658 2991 1961 3062 Imperator
1989 3007 2221 3046 uxorem

625 3084 1024 3154 su‘am-Judith,
1057 3085 1217 3156 quasi
1237 3099 1462 3142 causam
1498 3084 1792 3150 malorum,
1820 3083 2111 3138 abdicavit.

697 3178 824 3233 855.
1079 3178 1166 3232 19.
2057 3178 2110 3226 5.

697 3178 824 3233 855.
1153 3218 1166 3231 .
2097 3211 2110 3225 .

697 3265 916 3337 (Fuld.)
951 3177 1280 3322 Luddz'icus
1314 3262 1626 3334 imperator
1665 3278 1696 3318 a
1728 3263 1846 3320 suis
1870 3171 2121 3319 desertis
2158 3276 2224 3317 ac

567 3425 570 3428 ξ
624 3360 872 3429 proditus
901 3368 955 3414 et
979 3360 1033 3413 in
1058 3367 1377 3429 potestatem
1414 3357 1651 3411 ﬁliorum
1697 3356 1971 3422 redactus,
2006 3353 2222 3424 cpisco-

625 3464 820 3518 porum
841 3448 1048 3519 judicio
1089 3465 1239 3503 arma
1266 3447 1542 3518 deposuit,
1573 3454 1630 3501 ct
1658 3445 1726 3500 ad
1749 3445 2015 3516 agendam
2046 3443 2224 3514 paeni—

630 3541 854 3596 tentiam
909 3541 1154 3598 inclusus
1207 3550 1308 3597 est.
1371 3539 1466 3596 Sol
1519 3548 1575 3596 et
1628 3540 1759 3594 luna
1813 3554 1910 3610 per
1959 3537 2222 3610 eclypsim

625 3633 905 3688 deﬁciunt.

695 3725 821 3782 854.
920 3729 926 3734 ’
1073 3725 1164 3782 20.
1282 3753 1286 3758 ι
2060 3721 2166 3779 4.,

695 3817 911 3890 (Fuld.)
969 3818 1297 3873 Ludowicus
1345 3817 1642 3889 imperator
1687 3814 1989 3882 relaxatus,
2044 3829 2222 3882 arma,

625 3911 914 3980 imperium
943 3920 998 3966 et
1026 3925 1255 3964 uxorem
1281 3908 1496 3979 recipit,
1521 3923 1587 3964 ac
1607 3907 1783 3962 ﬁlium
1816 3905 2135 3962 Lotharium
2169 3905 2224 3960 in

624 4003 836 4057 ltaliam
863 4001 1041 4059 redire
1066 4002 1228 4072 COgit.
1415 3987 1418 3990 ‘

697 4093 823 4147 855.
1075 4093 1165 4147 21.
2059 4088 2112 4142 5.

700 4181 954 4238 Moncnte
1010 4180 1277 4253 Gregorio
1335 4195 1477 4251 papa
1523 4187 1578 4235 et
1635 4178 1895 4235 omnibus
1952 4177 2224 4248 episcopis

629 4273 1078 4340 assentientibus,
1134 4271 1464 4328 Ludowicus
1503 4271 1799 4342 imperator
1826 4269 2017 4325 statuit
2065 4277 2124 4323 ut
2167 4269 2223 4323 in

625 4367 799 4422 Gallia
827 4373 883 4422 et
911 4365 1202 4422 Germania
1233 4365 1500 4422 festivitas
1527 4364 1775 4419 omnium
1807 4361 2134 4418 Sanctorum
2166 4361 2222 4416 in

536 4483 539 4488 ί
629 4457 890 4514 Kalendis
916 4456 1240 4514 Novembris
1288 4457 1676 4523 celebraretur,
1705 4470 1872 4527 quam
1895 4453 2129 4510 Romani
2153 4469 2218 4508 ex
2248 4475 2298 4536 ο

626 4553 880 4610 instituto
897 4550 1170 4607 Bonefacii
1191 4565 1346 4623 papa:
1355 4550 1720 4608 celebrabant.
1736 4547 1931 4618 (Wm.)
1951 4545 2064 4603 Hoc
2080 4555 2218 4602 ternm

623 4659 760 4717 pore
788 4644 1035 4716 reliquia:
1079 4641 1184 4698 Viti
1226 4643 1482 4715 martyris
1508 4659 1540 4698 a
1569 4642 1812 4697 Parisios
1842 4642 1910 4697 ad
1932 4639 2219 4701 Corheiam

627 4737 882 4794 Saxonis:
929 4735 1378 4804 transferuntur;
1435 4736 1580 4792 unde
1632 4735 1736 4806 ipsi
1783 4733 1981 4788 Franci
2038 4731 2223 4788 testati

626 4839 778 4898 sunt,
809 4830 956 4902 quod
991 4830 1062 4884 ab
1111 4829 1205 4886 illo
1246 4837 1492 4899 tempore
1544 4827 1719 4899 gloria
1758 4826 2096 4881 Francorum
2152 4824 2221 4879 ad

627 4923 875 4980 Saxones
910 4923 1174 4980 translata
1232 4922 1325 4980 sit.
1383 4919 1658 4993 (Βεθιιιιο.)
1717 4918 1870 4974 Ebbo
1925 4917 2223 4994 Remorum

625 5017 1074 5089 archiepiscopus
1093 5016 1410 5088 deponitur;
1446 5015 1649 5087 aliique
1686 5011 1866 5081 multi,
1894 5009 2135 5083 quicum
2157 5025 2224 5066 eo

627 5110 685 5166 in
728 5108 1087 5179 dejectionem
1134 5106 1415 5162 Ludowici
1469 5103 1817 5177 imperatoris
1863 5101 2218 5174 conspirave-

626 5209 774 5270 rant,
801 5201 1132 5258 damnantur
1151 5208 1207 5258 et
1228 5199 1542 5257 exiliantur.

697 5294 992 5459 ἕὲοῗῗιίε
1015 5400 1155 5457 papa
1199 5391 1639 5442 consummatam
1668 5394 1824 5437 novat
1863 5376 2016 5435 urbis
2043 5284 2217 5432 fabri-

2306 489 2616 562 appellavit,
2648 488 2734 544 vel
2777 503 2808 542 a
2849 485 3033 541 Leone
3081 484 3241 539 tertio
3273 483 3436 554 hujus
3465 483 3696 539 nominis
3721 500 3852 556 papa,

2306 584 2400 654 qui
2431 583 2596 654 hujus
2635 580 2816 652 operis
2844 578 3199 634 fundamenta
3228 577 3358 631 olim
3397 575 3627 646 iecerat.
3653 577 3730 632 vel
3755 593 3781 633 a
3809 596 3855 635 se

2308 677 2447 747 ipso,
2480 675 2606 746 quia
2629 681 2685 730 et
2712 673 2828 744 ipse
2859 669 2971 726 Leo
3002 679 3236 742 quartus
3255 669 3435 726 dictus
3461 675 3565 725 est.

2380 768 2503 823 857.
2826 765 2918 819 25.
3723 761 3769 820 7.

2382 858 2596 932 (Fuld.)
2625 856 2987 914 Northmanni
3010 855 3214 911 Gallias
3235 855 3470 927 graviter
3492 852 3756 922 infestant,
3775 854 3860 913 Do-

2309 960 2576 1012 restatum
2597 959 2848 1018 vastant;
2886 949 3271 1020 Andoverpum
3301 948 3562 1019 oppidum
3589 956 3642 1002 et
3668 946 3859 1004 Witlant

2309 1045 2616 1117 emporium
2669 1043 2834 1100 situm
2876 1042 3032 1114 juxta
3061 1039 3475 1097 ostium‘Mosae
3523 1038 3860 1107 incendunt,t

2311 1138 2646 1194 Fresonibus
2671 1137 2936 1192 tributum
2969 1133 3261 1204 accipiunt.
3291 1132 3377 1204 (G.
3408 1131 3583 1202 pont.)
3611 1129 3861 1202 Gregorius

2311 1247 2449 1303 papa
2478 1231 2663 1301 plures
2683 1227 2850 1283 Italia:
2883 1227 3049 1283 urbes
3071 1233 3166 1281 aut
3188 1231 3461 1280 vetustate
3491 1231 3586 1278 aut
3607 1221 3878 1278 hostilitate
3970 1213 3971 1264 ξ

2311 1325 2522 1381 dirutas
2548 1323 2712 1378 novis
2730 1319 2952 1376 fabricis
2982 1329 3077 1374 aut
3113 1319 3288 1373 muris
3309 1325 3583 1371 restaurat
3622 1314 3703 1367 ¹⁸³.
3733 1314 3862 1368 Sara-
3970 1315 3971 1376 3

2313 1416 2463 1472 cenis
2492 1416 2560 1470 ad
2582 1413 3199 1485 depredandumusque
3239 1408 3304 1463 ad
3335 1415 3554 1478 portum
3596 1405 3861 1459 Romanum

2311 1508 2678 1574 venientibus,
2711 1503 2948 1560 Romani
2992 1501 3252 1558 instantia
3297 1498 3500 1553 Leonis
3543 1511 3707 1566 papze,
3736 1496 3860 1550 auxi-

2312 1599 2575 1654 liantibus
2597 1597 2702 1653 sibi
2723 1595 2888 1651 etiam
2910 1589 3304 1662 Neapolitanis,
3323 1602 3421 1643 eos
3441 1586 3585 1641 bello
3609 1584 3861 1655 excipiunt,

2313 1700 2368 1748 et
2391 1697 2718 1760 cooperante
2748 1685 2853 1743 sibi
2881 1684 3144 1740 divinitus
3173 1680 3324 1754 gravi
3354 1678 3573 1734 turbine
3598 1684 3862 1741 ventorum,

2249 1755 2593 1856 Busque-ad
2617 1778 3040 1837 internetionem
3065 1775 3134 1808 ¹⁸ι
3163 1789 3316 1846 pmne
3343 1772 3522 1826 victos
3539 1769 3728 1825 delent.

2911 1911 2925 1925 .
3738 1859 3782 1913 8.
3970 1903 3971 1906 η

2911 1911 2925 1925 .
3738 1871 3782 1913 δ.
3970 1903 3971 1906 η

2655 1871 2907 2020 Comet:
2948 1961 3002 2016 in
3034 1959 3189 2031 signo
3216 1955 3396 2012 Libra:
3437 1962 3674 2025 apparet.
3701 1949 3864 2042 North-
3970 1929 3971 1954 ᾗ

2318 2040 2505 2116 manui
2534 2057 2845 2113 Walacram
2875 2053 3124 2124 insulam.
3145 2056 3382 2115 vastant,
3409 2055 3465 2101 et
3489 2046 3740 2100 tributum
3776 2040 3866 2096 exi-

2317 2163 2471 2225 gunL
2985 2195 2988 2198 λ

2389 2246 2514 2302 859.
2841 2240 2933 2296 25.
3739 2230 3784 2284 9.

2392 2339 2568 2410 (Mett.
2595 2332 2836 2410 [Fuld.])
2869 2328 3196 2387 Ludowicus
3225 2328 3525 2398 imperator
3554 2323 3660 2378 ﬁlio
3679 2336 3768 2376 suo
3790 2319 3868 2372 Lo-

2320 2431 2499 2486 thario
2550 2429 2654 2484 sub
2682 2428 2787 2482 ﬁde
2817 2426 2883 2481 ad
2935 2440 2993 2479 se
3038 2419 3276 2478 venienti
3320 2412 3869 2480 reconciliatur,eiquc

2319 2523 2639 2595 dignitatem
2663 2517 2876 2589 imperii
2900 2526 2953 2571 et
2974 2515 3127 2587 regni
3146 2527 3407 2569 coronam
3430 2509 3638 2564 tribuit.
3661 2506 3868 2562 Cometes
3970 2515 3971 2518 ‘

2322 2594 2571 2687 inisigno
2607 2612 2812 2667 Arietis
2838 2616 3081 2679 apparet,
3114 2615 3168 2661 et
3196 2621 3294 2676 per
3321 2603 3535 2674 aliquot
3557 2601 3670 2656 dies
3688 2594 3866 2687 plurimi

2323 2686 2498 2763 instar
2539 2705 2819 2760 stellarum
2862 2697 3087 2771 igniculi
3119 2713 3216 2768 per
3257 2695 3454 2751 cazlum
3484 2693 3774 2749 discurrere
3803 2686 3867 2739 ri-

2321 2799 2542 2854 dentur.

2392 2890 2517 2946 810.
2759 2947 2763 2951 ,
2841 2883 2929 2940 26.
3710 2871 3769 2927 10

2395 2983 2570 3057 (Mett.
2601 2977 2747 3052 [F.])
2772 2976 3100 3033 Ludowicus
3126 2973 3428 3042 imperator
3457 2965 3759 3057 moritur,et

2325 3053 2540 3131 tharius
2567 3074 2718 3129 solus
2742 3070 3030 3142 imperium
3053 3079 3350 3136 usurpans,
3375 3061 3612 3132 imperat
3637 3056 3778 3113 annis
3801 3053 3864 3106 l5.

2396 3169 2522 3224 8M.
2886 3163 2938 3216 1.
3713 3148 3786 3228 n.

2398 3259 2575 3330 (Mett.
2607 3255 2817 3330 [Rsc.])
2850 3252 3086 3308 Karolus
3107 3258 3163 3305 ct
3188 3247 3541 3314 Ludowicus,
3567 3243 3656 3300 ﬁlii
3679 3243 3868 3330 impera:

2328 3327 2483 3418 toris,
2514 3327 2761 3405 dolentes
2783 3361 2844 3402 se
2873 3361 2902 3399 a
2936 3343 3102 3398 fratre
3130 3357 3232 3397 suo
3254 3339 3522 3394 Lothario
3557 3335 3725 3392 debita
3749 3327 3867 3402 regni

2326 3451 2481 3513 parte
2503 3438 2726 3511 privari,
2759 3444 2953 3494 contra
2990 3449 3116 3489 eum
3147 3433 3435 3504 insurgere
3463 3436 3672 3502 parant.

2397 3579 2524 3634 812.
2884 3573 2939 3628 2.
3710 3562 3784 3617 12.

2404 3670 2582 3744 (Mett.
2618 3667 2714 3742 [ιν.
2748 3665 2865 3739 Β.])
2896 3664 3150 3721 Cometes
3191 3662 3245 3716 in
3281 3661 3441 3732 signo
3471 3657 3688 3730 Aquarii
3733 3667 3865 3744 appa-

2326 3741 2455 3817 ruit.
2494 3741 2694 3815 Tribus
2724 3756 2987 3812 fratribus
3009 3755 3077 3808 de
3101 3751 3251 3822 regni
3281 3750 3575 3820 partitione
3593 3741 3866 3801 discordan—

2326 3854 2493 3918 tibus,
2546 3849 2855 3906 conseritur
2884 3847 3026 3900 inter
3050 3859 3144 3899 eos
3181 3856 3363 3912 pugna
3399 3839 3466 3894 in
3492 3853 3629 3909 pago
3659 3827 3869 3888 Alciodo—

2325 3960 2506 4010 rense,
2552 3941 2696 4012 apud
2739 3939 2925 3994 villam
2974 3933 3392 3999 Fontiniacum;
3449 3937 3507 3986 et
3559 3936 3699 3983 tanta
3742 3918 3868 3978 cedes

2327 4036 2602 4105 utrimque
2646 4031 2789 4086 facta
2818 4037 2922 4096 est,
2942 4036 3003 4083 ut
3032 4025 3179 4081 nulla
3209 4032 3341 4079 astas
3368 4017 3675 4076 meminerit
3689 4020 3866 4105 tantam

2325 4103 2563 4198 stragem
2607 4121 2893 4178 hominum
2940 4117 3142 4174 factam
3190 4113 3360 4169 fuisse
3404 4111 3462 4166 in
3491 4116 3645 4182 gente
3667 4103 3867 4198 Franco-

2326 4192 2470 4286 rum,
2501 4226 2556 4273 et
2585 4216 2657 4272 ita
2689 4228 2880 4270 eorum
2908 4211 3053 4266 vires
3083 4208 3159 4264 ibi
3202 4213 3500 4262 attenuatae
3525 4208 3666 4266 sunt,
3707 4204 3759 4251 ut
3778 4192 3868 4286 iatn

2326 4327 2426 4368 nec
2448 4307 2866 4368 suos‘terminos
2886 4304 2956 4359 ab
2982 4300 3226 4358 externis
3249 4297 3390 4354 tueri
3418 4295 3648 4367 possint.
3668 4281 3868 4344 Victoria

2326 4413 2510 4460 tamen
2535 4400 2735 4456 Karolo
2761 4407 2816 4454 et
2836 4395 3132 4452 Ludowico
3158 4389 3428 4463 provenit.

3703 4511 3782 4568 15.

3703 4530 3782 4568 sa.

2603 4621 2748 4698 [F.])
2769 4530 3056 4676 Frafrihus
3085 4615 3326 4673 nondum
3358 4628 3390 4669 a
3421 4589 3567 4667 bello
3600 4594 3868 4700 desistenti:

2327 4693 2450 4788 bus,
2481 4693 2734 4774 consilio-7
2754 4714 3079 4785 optimatum
3120 4707 3339 4765 tandem
3373 4705 3441 4760 de
3468 4715 3604 4776 pace
3631 4696 3804 4768 agitur,
3827 4693 3870 4786 et

2325 4813 2391 4868 dc
2422 4809 2668 4882 partibus
2697 4805 3039 4876 singulorum
3068 4798 3139 4855 Διῦ
3175 4797 3446 4868 primores
3476 4793 3755 4882 eliguntur,

2325 4904 2379 4958 in
2407 4875 2577 4958 unum
2597 4875 2983 4956 convenientes
3004 4905 3233 4963 regnum
3273 4883 3556 4959 aequaliter
3575 4875 3866 4970 dividerent;

2323 5007 2378 5053 et
2399 4997 2473 5053 ita
2500 5010 2606 5066 pax
2630 4992 2687 5047 in
2720 5004 2927 5046 annum
2955 4991 3272 5057 sequentem
3302 4977 3627 5036 induciatnr.
3654 4966 3867 5066 Ludo?-

2325 5107 2423 5147 cus
2453 5087 2670 5146 interim
2703 5097 2935 5157 pergens
2957 5080 3014 5134 in
3045 5076 3365 5141 Saxoniam,
3411 5066 3783 5127 validissimam
3811 5054 3863 5107 li-

2323 5183 2605 5241 bertorum
2632 5153 3098 5247 conspirationem
3136 5168 3392 5227 dominos
3429 5179 3561 5222 suos
3603 5153 3867 5248 opprimere

2321 5272 2623 5332 volentium
2652 5244 2867 5326 fortiter
2910 5261 3268 5335 compescuit,
3299 5256 3614 5327 auctoribus
3650 5244 3866 5306 factionis
3945 5307 3952 5318 .

2321 5363 2542 5436 capitali
2568 5358 2839 5420 sententia
2869 5353 3164 5414 damnatis.
3232 5384 3240 5390 -

1905 5531 2141 5590 VARle
2185 5519 2590 5585 LECTIONES.

704 5677 770 5708 ¹⁵¹
805 5684 921 5745 Post
945 5677 1054 5732 haec
1088 5677 1143 5730 in
1175 5677 1224 5731 1.
1255 5687 1508 5731 erasum:
1558 5671 1709 5729 Obiit
1735 5649 1961 5728 sanctus
2009 5664 2219 5745 Sturmi
2259 5658 2473 5745 primus
2515 5615 3428 5745 51119011818.-gPRilflnI-‘lietghaddtl
3473 5651 3611 5736 ~unus
3632 5632 3716 5698 Αο,
3747 5621 3860 5678 ἀείτί

632 5713 1054 5824 νιῖἱφιεᾛί.
1255 5713 2288 5817 iii°5¥é§o£iﬁé"i“;€§a{.rimas"?
2298 5713 2466 5788 807717",
2519 5725 2586 5759 ηδ
2621 5739 2679 5780 u.
2718 5721 3149 5778 adtcrnetionem
3185 5713 3299 5786 Sig.
3473 5733 3476 5736 ’
