  <div class='ocr_page' id='page_1' title='image "/cluster/home/n/w/nwhite01/storage/ocr_20150623/160/hvd.32044015473846/086.png"; bbox 0 0 4046 6318; ppageno 0'>
   <div class='ocr_carea' id='block_1_1' title="bbox 196 345 274 403">
    <p class='ocr_par' dir='ltr' id='par_1_1' title="bbox 196 345 274 403">
     <span class='ocr_line' id='line_1_1' title="bbox 196 345 274 403; baseline -0.026 0"><span class='ocrx_word' id='word_1_1' title='bbox 196 345 274 403; x_wconf 78' lang='grc'><strong>161</strong></span> 
     </span>
    </p>
   </div>
   <div class='ocr_carea' id='block_1_2' title="bbox 249 451 1616 514">
    <p class='ocr_par' dir='ltr' id='par_1_2' title="bbox 249 451 1616 514">
     <span class='ocr_line' id='line_1_2' title="bbox 249 451 1616 514; baseline -0.004 0"><span class='ocrx_word' id='word_1_2' title='bbox 249 458 358 514; x_wconf 68' lang='grc'><strong>844.</strong></span> <span class='ocrx_word' id='word_1_3' title='bbox 495 453 559 508; x_wconf 86' lang='lat' dir='ltr'><strong>R.</strong></span> <span class='ocrx_word' id='word_1_4' title='bbox 595 463 646 510; x_wconf 88' lang='lat' dir='ltr'><strong>et</strong></span> <span class='ocrx_word' id='word_1_5' title='bbox 854 452 915 509; x_wconf 88' lang='lat' dir='ltr'><strong>F.</strong></span> <span class='ocrx_word' id='word_1_6' title='bbox 952 455 1004 510; x_wconf 69' lang='grc'><strong>4.</strong></span> <span class='ocrx_word' id='word_1_7' title='bbox 1426 451 1489 507; x_wconf 86' lang='lat' dir='ltr'><strong>C.</strong></span> <span class='ocrx_word' id='word_1_8' title='bbox 1531 453 1616 508; x_wconf 79' lang='lat' dir='ltr'><strong>M.</strong></span> 
     </span>
    </p>
   </div>
   <div class='ocr_carea' id='block_1_3' title="bbox 249 542 1725 623">
    <p class='ocr_par' dir='ltr' id='par_1_3' title="bbox 249 542 1725 623">
     <span class='ocr_line' id='line_1_3' title="bbox 249 542 1725 623; baseline -0.004 -17"><span class='ocrx_word' id='word_1_9' title='bbox 249 549 324 623; x_wconf 85' lang='lat' dir='ltr'><strong>(G.</strong></span> <span class='ocrx_word' id='word_1_10' title='bbox 359 545 522 620; x_wconf 76' lang='lat' dir='ltr'><strong>pom.)</strong></span> <span class='ocrx_word' id='word_1_11' title='bbox 557 543 774 618; x_wconf 77' lang='lat' dir='ltr'><strong>Sergius</strong></span> <span class='ocrx_word' id='word_1_12' title='bbox 809 544 1072 602; x_wconf 80' lang='lat' dir='ltr'><strong>Romana:</strong></span> <span class='ocrx_word' id='word_1_13' title='bbox 1107 542 1367 602; x_wconf 72' lang='lat' dir='ltr'><strong>tecclesia:</strong></span> <span class='ocrx_word' id='word_1_14' title='bbox 1397 545 1559 600; x_wconf 72' lang='grc'>105⁸⁸</span> <span class='ocrx_word' id='word_1_15' title='bbox 1598 560 1725 616; x_wconf 86' lang='lat' dir='ltr'><strong>pre-</strong></span> 
     </span>
    </p>
   </div>
   <div class='ocr_carea' id='block_1_4' title="bbox 195 635 1727 711">
    <p class='ocr_par' dir='ltr' id='par_1_4' title="bbox 195 635 1727 711">
     <span class='ocr_line' id='line_1_4' title="bbox 195 635 1727 711; baseline -0.006 -10"><span class='ocrx_word' id='word_1_16' title='bbox 195 645 322 701; x_wconf 87' lang='lat' dir='ltr'><strong>sidet.</strong></span> <span class='ocrx_word' id='word_1_17' title='bbox 360 641 436 697; x_wconf 85' lang='lat' dir='ltr'><strong>Ad</strong></span> <span class='ocrx_word' id='word_1_18' title='bbox 462 639 622 711; x_wconf 90' lang='lat' dir='ltr'><strong>hujus</strong></span> <span class='ocrx_word' id='word_1_19' title='bbox 657 639 978 695; x_wconf 79' lang='lat' dir='ltr'><strong>electionem</strong></span> <span class='ocrx_word' id='word_1_20' title='bbox 1012 637 1443 694; x_wconf 79' lang='lat' dir='ltr'><strong>conﬁrmandam</strong></span> <span class='ocrx_word' id='word_1_21' title='bbox 1472 635 1727 693; x_wconf 78' lang='lat' dir='ltr'><strong>Ludowi—</strong></span> 
     </span>
    </p>
   </div>
   <div class='ocr_carea' id='block_1_5' title="bbox 193 727 1730 802">
    <p class='ocr_par' dir='ltr' id='par_1_5' title="bbox 193 727 1730 802">
     <span class='ocr_line' id='line_1_5' title="bbox 193 727 1730 802; baseline -0.006 -10"><span class='ocrx_word' id='word_1_22' title='bbox 193 753 271 792; x_wconf 87' lang='lat' dir='ltr'><strong>cus</strong></span> <span class='ocrx_word' id='word_1_23' title='bbox 309 734 440 790; x_wconf 86' lang='lat' dir='ltr'><strong>lilius</strong></span> <span class='ocrx_word' id='word_1_24' title='bbox 489 730 830 802; x_wconf 80' lang='lat' dir='ltr'><strong>imperatoris</strong></span> <span class='ocrx_word' id='word_1_25' title='bbox 859 729 1102 784; x_wconf 89' lang='lat' dir='ltr'><strong>Lotharii</strong></span> <span class='ocrx_word' id='word_1_26' title='bbox 1131 745 1162 784; x_wconf 93' lang='lat' dir='ltr'><strong>a</strong></span> <span class='ocrx_word' id='word_1_27' title='bbox 1208 738 1360 800; x_wconf 81' lang='lat' dir='ltr'><strong>patre</strong></span> <span class='ocrx_word' id='word_1_28' title='bbox 1389 729 1611 795; x_wconf 90' lang='lat' dir='ltr'><strong>missus,</strong></span> <span class='ocrx_word' id='word_1_29' title='bbox 1660 727 1730 784; x_wconf 91' lang='lat' dir='ltr'><strong>ab</strong></span> 
     </span>
    </p>
   </div>
   <div class='ocr_carea' id='block_1_6' title="bbox 192 821 1727 895">
    <p class='ocr_par' dir='ltr' id='par_1_6' title="bbox 192 821 1727 895">
     <span class='ocr_line' id='line_1_6' title="bbox 192 821 1727 895; baseline -0.004 -13"><span class='ocrx_word' id='word_1_30' title='bbox 192 826 348 883; x_wconf 88' lang='lat' dir='ltr'><strong>eodem</strong></span> <span class='ocrx_word' id='word_1_31' title='bbox 389 840 523 895; x_wconf 87' lang='lat' dir='ltr'><strong>papa</strong></span> <span class='ocrx_word' id='word_1_32' title='bbox 554 823 606 878; x_wconf 91' lang='lat' dir='ltr'><strong>in</strong></span> <span class='ocrx_word' id='word_1_33' title='bbox 652 837 832 894; x_wconf 80' lang='lat' dir='ltr'><strong>regem</strong></span> <span class='ocrx_word' id='word_1_34' title='bbox 863 821 1348 894; x_wconf 78' lang='lat' dir='ltr'><strong>Langobardorum</strong></span> <span class='ocrx_word' id='word_1_35' title='bbox 1380 831 1581 877; x_wconf 89' lang='lat' dir='ltr'><strong>unctus</strong></span> <span class='ocrx_word' id='word_1_36' title='bbox 1623 830 1727 877; x_wconf 90' lang='lat' dir='ltr'><strong>est.</strong></span> 
     </span>
    </p>
   </div>
   <div class='ocr_carea' id='block_1_7' title="bbox 194 907 1728 995">
    <p class='ocr_par' dir='ltr' id='par_1_7' title="bbox 194 907 1728 995">
     <span class='ocr_line' id='line_1_7' title="bbox 194 907 1728 995; baseline -0.005 -17"><span class='ocrx_word' id='word_1_37' title='bbox 194 923 336 995; x_wconf 75' lang='lat' dir='ltr'><strong>(Heu.</strong></span> <span class='ocrx_word' id='word_1_38' title='bbox 376 915 514 992; x_wconf 87' lang='lat' dir='ltr'><strong>[F.])</strong></span> <span class='ocrx_word' id='word_1_39' title='bbox 545 915 718 971; x_wconf 87' lang='lat' dir='ltr'><strong>Mauri</strong></span> <span class='ocrx_word' id='word_1_40' title='bbox 767 914 1134 970; x_wconf 85' lang='lat' dir='ltr'><strong>Beneventum</strong></span> <span class='ocrx_word' id='word_1_41' title='bbox 1169 907 1442 985; x_wconf 87' lang='lat' dir='ltr'><strong>occupant</strong></span> <span class='ocrx_word' id='word_1_42' title='bbox 1487 913 1577 969; x_wconf 70' lang='grc' dir='ltr'><strong>ιη.</strong></span> <span class='ocrx_word' id='word_1_43' title='bbox 1623 913 1728 970; x_wconf 90' lang='lat' dir='ltr'><strong>De-</strong></span> 
     </span>
    </p>
   </div>
   <div class='ocr_carea' id='block_1_8' title="bbox 191 1005 1732 1084">
    <p class='ocr_par' dir='ltr' id='par_1_8' title="bbox 191 1005 1732 1084">
     <span class='ocr_line' id='line_1_8' title="bbox 191 1005 1732 1084; baseline -0.006 -15"><span class='ocrx_word' id='word_1_44' title='bbox 191 1012 360 1084; x_wconf 85' lang='lat' dir='ltr'><strong>scripto</strong></span> <span class='ocrx_word' id='word_1_45' title='bbox 384 1012 436 1065; x_wconf 92' lang='lat' dir='ltr'><strong>in</strong></span> <span class='ocrx_word' id='word_1_46' title='bbox 458 1018 566 1064; x_wconf 90' lang='lat' dir='ltr'><strong>tres</strong></span> <span class='ocrx_word' id='word_1_47' title='bbox 585 1017 769 1080; x_wconf 89' lang='lat' dir='ltr'><strong>partes</strong></span> <span class='ocrx_word' id='word_1_48' title='bbox 793 1023 981 1079; x_wconf 90' lang='lat' dir='ltr'><strong>regno,</strong></span> <span class='ocrx_word' id='word_1_49' title='bbox 1011 1005 1209 1062; x_wconf 83' lang='lat' dir='ltr'><strong>fratres</strong></span> <span class='ocrx_word' id='word_1_50' title='bbox 1239 1006 1307 1061; x_wconf 91' lang='lat' dir='ltr'><strong>ad</strong></span> <span class='ocrx_word' id='word_1_51' title='bbox 1331 1005 1521 1061; x_wconf 87' lang='lat' dir='ltr'><strong>urbem</strong></span> <span class='ocrx_word' id='word_1_52' title='bbox 1545 1005 1732 1061; x_wconf 85' lang='lat' dir='ltr'><strong>Gallia:</strong></span> 
     </span>
    </p>
   </div>
   <div class='ocr_carea' id='block_1_9' title="bbox 192 1097 1732 1169">
    <p class='ocr_par' dir='ltr' id='par_1_9' title="bbox 192 1097 1732 1169">
     <span class='ocr_line' id='line_1_9' title="bbox 192 1097 1732 1169; baseline -0.006 -8"><span class='ocrx_word' id='word_1_53' title='bbox 192 1103 473 1160; x_wconf 73' lang='lat' dir='ltr'><strong>Viridunum</strong></span> <span class='ocrx_word' id='word_1_54' title='bbox 515 1097 864 1168; x_wconf 88' lang='lat' dir='ltr'><strong>conveniunt,</strong></span> <span class='ocrx_word' id='word_1_55' title='bbox 905 1106 960 1154; x_wconf 91' lang='lat' dir='ltr'><strong>et</strong></span> <span class='ocrx_word' id='word_1_56' title='bbox 986 1099 1130 1155; x_wconf 92' lang='lat' dir='ltr'><strong>inter</strong></span> <span class='ocrx_word' id='word_1_57' title='bbox 1159 1114 1219 1155; x_wconf 90' lang='lat' dir='ltr'><strong>se</strong></span> <span class='ocrx_word' id='word_1_58' title='bbox 1259 1097 1646 1169; x_wconf 80' lang='lat' dir='ltr'><strong>pacificantur;</strong></span> <span class='ocrx_word' id='word_1_59' title='bbox 1677 1106 1732 1155; x_wconf 89' lang='lat' dir='ltr'><strong>et</strong></span> 
     </span>
    </p>
   </div>
   <div class='ocr_carea' id='block_1_10' title="bbox 190 1191 1730 1263">
    <p class='ocr_par' dir='ltr' id='par_1_10' title="bbox 190 1191 1730 1263">
     <span class='ocr_line' id='line_1_10' title="bbox 190 1191 1730 1263; baseline -0.005 -10"><span class='ocrx_word' id='word_1_60' title='bbox 190 1198 305 1253; x_wconf 85' lang='lat' dir='ltr'><strong>datis</strong></span> <span class='ocrx_word' id='word_1_61' title='bbox 335 1203 386 1251; x_wconf 90' lang='lat' dir='ltr'><strong>et</strong></span> <span class='ocrx_word' id='word_1_62' title='bbox 420 1191 652 1263; x_wconf 85' lang='lat' dir='ltr'><strong>acceptis</strong></span> <span class='ocrx_word' id='word_1_63' title='bbox 696 1191 935 1247; x_wconf 82' lang='lat' dir='ltr'><strong>invicem</strong></span> <span class='ocrx_word' id='word_1_64' title='bbox 977 1191 1358 1259; x_wconf 86' lang='lat' dir='ltr'><strong>sacramentis,</strong></span> <span class='ocrx_word' id='word_1_65' title='bbox 1399 1191 1634 1262; x_wconf 91' lang='lat' dir='ltr'><strong>quisque</strong></span> <span class='ocrx_word' id='word_1_66' title='bbox 1661 1191 1730 1246; x_wconf 91' lang='lat' dir='ltr'><strong>ad</strong></span> 
     </span>
    </p>
   </div>
   <div class='ocr_carea' id='block_1_11' title="bbox 190 1283 1726 1357">
    <p class='ocr_par' dir='ltr' id='par_1_11' title="bbox 190 1283 1726 1357">
     <span class='ocr_line' id='line_1_11' title="bbox 190 1283 1726 1357; baseline -0.005 -11"><span class='ocrx_word' id='word_1_67' title='bbox 190 1287 448 1357; x_wconf 87' lang='lat' dir='ltr'><strong>descriptas</strong></span> <span class='ocrx_word' id='word_1_68' title='bbox 493 1284 599 1340; x_wconf 89' lang='lat' dir='ltr'><strong>sibi</strong></span> <span class='ocrx_word' id='word_1_69' title='bbox 648 1292 833 1354; x_wconf 88' lang='lat' dir='ltr'><strong>partes</strong></span> <span class='ocrx_word' id='word_1_70' title='bbox 881 1283 1032 1355; x_wconf 84' lang='lat' dir='ltr'><strong>regni</strong></span> <span class='ocrx_word' id='word_1_71' title='bbox 1079 1284 1309 1340; x_wconf 90' lang='lat' dir='ltr'><strong>tuendas</strong></span> <span class='ocrx_word' id='word_1_72' title='bbox 1359 1291 1726 1339; x_wconf 88' lang='lat' dir='ltr'><strong>revertuntur.</strong></span> 
     </span>
    </p>
   </div>
   <div class='ocr_carea' id='block_1_12' title="bbox 191 1373 1726 1450">
    <p class='ocr_par' dir='ltr' id='par_1_12' title="bbox 191 1373 1726 1450">
     <span class='ocr_line' id='line_1_12' title="bbox 191 1373 1726 1450; baseline 0 -18"><span class='ocrx_word' id='word_1_73' title='bbox 191 1379 334 1450; x_wconf 74' lang='lat' dir='ltr'><strong>(Mm.</strong></span> <span class='ocrx_word' id='word_1_74' title='bbox 378 1374 515 1449; x_wconf 85' lang='lat' dir='ltr'><strong>[R.])</strong></span> <span class='ocrx_word' id='word_1_75' title='bbox 555 1373 790 1431; x_wconf 83' lang='lat' dir='ltr'><strong>Karolus</strong></span> <span class='ocrx_word' id='word_1_76' title='bbox 838 1375 1048 1446; x_wconf 82' lang='lat' dir='ltr'><strong>accepit</strong></span> <span class='ocrx_word' id='word_1_77' title='bbox 1087 1375 1445 1431; x_wconf 83' lang='lat' dir='ltr'><strong>occidentalia</strong></span> <span class='ocrx_word' id='word_1_78' title='bbox 1487 1391 1653 1446; x_wconf 89' lang='lat' dir='ltr'><strong>regna</strong></span> <span class='ocrx_word' id='word_1_79' title='bbox 1698 1392 1726 1432; x_wconf 94' lang='lat' dir='ltr'><strong>a</strong></span> 
     </span>
    </p>
   </div>
   <div class='ocr_carea' id='block_1_13' title="bbox 191 1464 1728 1536">
    <p class='ocr_par' dir='ltr' id='par_1_13' title="bbox 191 1464 1728 1536">
     <span class='ocr_line' id='line_1_13' title="bbox 191 1464 1728 1536; baseline 0.001 -16"><span class='ocrx_word' id='word_1_80' title='bbox 191 1466 460 1521; x_wconf 85' lang='lat' dir='ltr'><strong>Britannico</strong></span> <span class='ocrx_word' id='word_1_81' title='bbox 503 1479 744 1521; x_wconf 84' lang='lat' dir='ltr'><strong>oeeeano</strong></span> <span class='ocrx_word' id='word_1_82' title='bbox 792 1479 968 1536; x_wconf 87' lang='lat' dir='ltr'><strong>usque</strong></span> <span class='ocrx_word' id='word_1_83' title='bbox 991 1464 1059 1519; x_wconf 91' lang='lat' dir='ltr'><strong>ad</strong></span> <span class='ocrx_word' id='word_1_84' title='bbox 1115 1465 1325 1521; x_wconf 90' lang='lat' dir='ltr'><strong>Mosam</strong></span> <span class='ocrx_word' id='word_1_85' title='bbox 1378 1465 1635 1535; x_wconf 82' lang='lat' dir='ltr'><strong>ﬂuvium;</strong></span> <span class='ocrx_word' id='word_1_86' title='bbox 1675 1467 1728 1522; x_wconf 91' lang='lat' dir='ltr'><strong>in</strong></span> 
     </span>
    </p>
   </div>
   <div class='ocr_carea' id='block_1_14' title="bbox 189 1555 1725 1628">
    <p class='ocr_par' dir='ltr' id='par_1_14' title="bbox 189 1555 1725 1628">
     <span class='ocr_line' id='line_1_14' title="bbox 189 1555 1725 1628; baseline 0 -15"><span class='ocrx_word' id='word_1_87' title='bbox 189 1574 272 1628; x_wconf 86' lang='lat' dir='ltr'><strong>qua</strong></span> <span class='ocrx_word' id='word_1_88' title='bbox 295 1565 432 1628; x_wconf 90' lang='lat' dir='ltr'><strong>parte</strong></span> <span class='ocrx_word' id='word_1_89' title='bbox 457 1565 659 1612; x_wconf 79' lang='lat' dir='ltr'><strong>extunc</strong></span> <span class='ocrx_word' id='word_1_90' title='bbox 677 1564 732 1612; x_wconf 90' lang='lat' dir='ltr'><strong>et</strong></span> <span class='ocrx_word' id='word_1_91' title='bbox 752 1557 916 1612; x_wconf 93' lang='lat' dir='ltr'><strong>modo</strong></span> <span class='ocrx_word' id='word_1_92' title='bbox 940 1572 1140 1612; x_wconf 88' lang='lat' dir='ltr'><strong>nomen</strong></span> <span class='ocrx_word' id='word_1_93' title='bbox 1171 1555 1416 1613; x_wconf 71' lang='lat' dir='ltr'><strong>Francia;</strong></span> <span class='ocrx_word' id='word_1_94' title='bbox 1443 1559 1725 1614; x_wconf 88' lang='lat' dir='ltr'><strong>remansit.</strong></span> 
     </span>
    </p>
   </div>
   <div class='ocr_carea' id='block_1_15' title="bbox 191 1647 1732 1719">
    <p class='ocr_par' dir='ltr' id='par_1_15' title="bbox 191 1647 1732 1719">
     <span class='ocr_line' id='line_1_15' title="bbox 191 1647 1732 1719; baseline 0.002 -16"><span class='ocrx_word' id='word_1_95' title='bbox 191 1648 437 1704; x_wconf 81' lang='lat' dir='ltr'><strong>Ludowico</strong></span> <span class='ocrx_word' id='word_1_96' title='bbox 464 1647 752 1703; x_wconf 86' lang='lat' dir='ltr'><strong>orientalia</strong></span> <span class='ocrx_word' id='word_1_97' title='bbox 785 1663 953 1719; x_wconf 86' lang='lat' dir='ltr'><strong>regna</strong></span> <span class='ocrx_word' id='word_1_98' title='bbox 983 1655 1290 1716; x_wconf 89' lang='lat' dir='ltr'><strong>cesserunt,</strong></span> <span class='ocrx_word' id='word_1_99' title='bbox 1319 1649 1499 1707; x_wconf 88' lang='lat' dir='ltr'><strong>omnis</strong></span> <span class='ocrx_word' id='word_1_100' title='bbox 1522 1650 1732 1706; x_wconf 89' lang='lat' dir='ltr'><strong>scilicet</strong></span> 
     </span>
    </p>
   </div>
   <div class='ocr_carea' id='block_1_16' title="bbox 189 1739 1728 1814">
    <p class='ocr_par' dir='ltr' id='par_1_16' title="bbox 189 1739 1728 1814">
     <span class='ocr_line' id='line_1_16' title="bbox 189 1739 1728 1814; baseline 0.001 -18"><span class='ocrx_word' id='word_1_101' title='bbox 189 1739 433 1796; x_wconf 86' lang='lat' dir='ltr'><strong>Germania</strong></span> <span class='ocrx_word' id='word_1_102' title='bbox 483 1755 659 1810; x_wconf 90' lang='lat' dir='ltr'><strong>usque</strong></span> <span class='ocrx_word' id='word_1_103' title='bbox 688 1740 756 1795; x_wconf 91' lang='lat' dir='ltr'><strong>ad</strong></span> <span class='ocrx_word' id='word_1_104' title='bbox 787 1739 966 1796; x_wconf 85' lang='lat' dir='ltr'><strong>Rheni</strong></span> <span class='ocrx_word' id='word_1_105' title='bbox 993 1740 1218 1808; x_wconf 88' lang='lat' dir='ltr'><strong>ﬂuenta,</strong></span> <span class='ocrx_word' id='word_1_106' title='bbox 1261 1750 1317 1796; x_wconf 90' lang='lat' dir='ltr'><strong>et</strong></span> <span class='ocrx_word' id='word_1_107' title='bbox 1342 1742 1538 1814; x_wconf 84' lang='lat' dir='ltr'><strong>aliqua:</strong></span> <span class='ocrx_word' id='word_1_108' title='bbox 1576 1751 1728 1798; x_wconf 88' lang='lat' dir='ltr'><strong>trans</strong></span> 
     </span>
    </p>
   </div>
   <div class='ocr_carea' id='block_1_17' title="bbox 191 1831 1730 1906">
    <p class='ocr_par' dir='ltr' id='par_1_17' title="bbox 191 1831 1730 1906">
     <span class='ocr_line' id='line_1_17' title="bbox 191 1831 1730 1906; baseline 0.001 -19"><span class='ocrx_word' id='word_1_109' title='bbox 191 1831 399 1887; x_wconf 81' lang='lat' dir='ltr'><strong>Rhenum</strong></span> <span class='ocrx_word' id='word_1_110' title='bbox 442 1831 691 1887; x_wconf 79' lang='lat' dir='ltr'><strong>civitates</strong></span> <span class='ocrx_word' id='word_1_111' title='bbox 718 1847 843 1888; x_wconf 91' lang='lat' dir='ltr'><strong>eum</strong></span> <span class='ocrx_word' id='word_1_112' title='bbox 881 1833 1257 1903; x_wconf 88' lang='lat' dir='ltr'><strong>adjacentibus</strong></span> <span class='ocrx_word' id='word_1_113' title='bbox 1305 1833 1480 1906; x_wconf 89' lang='lat' dir='ltr'><strong>pagis,</strong></span> <span class='ocrx_word' id='word_1_114' title='bbox 1509 1842 1730 1906; x_wconf 78' lang='lat' dir='ltr'><strong>propter</strong></span> 
     </span>
    </p>
   </div>
   <div class='ocr_carea' id='block_1_18' title="bbox 189 1921 1732 1996">
    <p class='ocr_par' dir='ltr' id='par_1_18' title="bbox 189 1921 1732 1996">
     <span class='ocr_line' id='line_1_18' title="bbox 189 1921 1732 1996; baseline 0.002 -19"><span class='ocrx_word' id='word_1_115' title='bbox 189 1924 276 1979; x_wconf 82' lang='lat' dir='ltr'><strong>vini</strong></span> <span class='ocrx_word' id='word_1_116' title='bbox 297 1924 516 1994; x_wconf 88' lang='lat' dir='ltr'><strong>copiam.</strong></span> <span class='ocrx_word' id='word_1_117' title='bbox 543 1921 864 1991; x_wconf 88' lang='lat' dir='ltr'><strong>Lotharius,</strong></span> <span class='ocrx_word' id='word_1_118' title='bbox 887 1924 982 1994; x_wconf 90' lang='lat' dir='ltr'><strong>qui</strong></span> <span class='ocrx_word' id='word_1_119' title='bbox 1001 1925 1178 1995; x_wconf 80' lang='lat' dir='ltr'><strong>major</strong></span> <span class='ocrx_word' id='word_1_120' title='bbox 1197 1934 1328 1982; x_wconf 90' lang='lat' dir='ltr'><strong>natu</strong></span> <span class='ocrx_word' id='word_1_121' title='bbox 1350 1933 1544 1982; x_wconf 88' lang='lat' dir='ltr'><strong>eratet</strong></span> <span class='ocrx_word' id='word_1_122' title='bbox 1568 1927 1732 1996; x_wconf 87' lang='lat' dir='ltr'><strong>impe-</strong></span> 
     </span>
    </p>
   </div>
   <div class='ocr_carea' id='block_1_19' title="bbox 189 2015 1729 2090">
    <p class='ocr_par' dir='ltr' id='par_1_19' title="bbox 189 2015 1729 2090">
     <span class='ocr_line' id='line_1_19' title="bbox 189 2015 1729 2090; baseline 0.005 -23"><span class='ocrx_word' id='word_1_123' title='bbox 189 2024 306 2068; x_wconf 83' lang='lat' dir='ltr'><strong>rator</strong></span> <span class='ocrx_word' id='word_1_124' title='bbox 349 2015 738 2084; x_wconf 84' lang='lat' dir='ltr'><strong>appellabatur,</strong></span> <span class='ocrx_word' id='word_1_125' title='bbox 774 2017 962 2071; x_wconf 89' lang='lat' dir='ltr'><strong>omnia</strong></span> <span class='ocrx_word' id='word_1_126' title='bbox 993 2016 1160 2073; x_wconf 89' lang='lat' dir='ltr'><strong>Italia:</strong></span> <span class='ocrx_word' id='word_1_127' title='bbox 1190 2035 1355 2090; x_wconf 85' lang='lat' dir='ltr'><strong>regna</strong></span> <span class='ocrx_word' id='word_1_128' title='bbox 1403 2020 1576 2074; x_wconf 86' lang='lat' dir='ltr'><strong>tenuit</strong></span> <span class='ocrx_word' id='word_1_129' title='bbox 1603 2035 1729 2075; x_wconf 93' lang='lat' dir='ltr'><strong>eum</strong></span> 
     </span>
    </p>
   </div>
   <div class='ocr_carea' id='block_1_20' title="bbox 190 2103 1728 2184">
    <p class='ocr_par' dir='ltr' id='par_1_20' title="bbox 190 2103 1728 2184">
     <span class='ocr_line' id='line_1_20' title="bbox 190 2103 1728 2184; baseline 0.005 -27"><span class='ocrx_word' id='word_1_130' title='bbox 190 2106 278 2174; x_wconf 89' lang='lat' dir='ltr'><strong>ipsa</strong></span> <span class='ocrx_word' id='word_1_131' title='bbox 299 2103 474 2171; x_wconf 83' lang='lat' dir='ltr'><strong>Roma,</strong></span> <span class='ocrx_word' id='word_1_132' title='bbox 511 2121 616 2161; x_wconf 88' lang='lat' dir='ltr'><strong>nec</strong></span> <span class='ocrx_word' id='word_1_133' title='bbox 641 2119 753 2161; x_wconf 88' lang='lat' dir='ltr'><strong>non</strong></span> <span class='ocrx_word' id='word_1_134' title='bbox 781 2115 836 2162; x_wconf 90' lang='lat' dir='ltr'><strong>et</strong></span> <span class='ocrx_word' id='word_1_135' title='bbox 864 2105 1220 2174; x_wconf 89' lang='lat' dir='ltr'><strong>Provintiam,</strong></span> <span class='ocrx_word' id='word_1_136' title='bbox 1251 2118 1306 2163; x_wconf 89' lang='lat' dir='ltr'><strong>et</strong></span> <span class='ocrx_word' id='word_1_137' title='bbox 1333 2109 1566 2165; x_wconf 87' lang='lat' dir='ltr'><strong>mediam</strong></span> <span class='ocrx_word' id='word_1_138' title='bbox 1601 2126 1728 2184; x_wconf 86' lang='lat' dir='ltr'><strong>par-</strong></span> 
     </span>
    </p>
   </div>
   <div class='ocr_carea' id='block_1_21' title="bbox 188 2195 1729 2270">
    <p class='ocr_par' dir='ltr' id='par_1_21' title="bbox 188 2195 1729 2270">
     <span class='ocr_line' id='line_1_21' title="bbox 188 2195 1729 2270; baseline 0.005 -21"><span class='ocrx_word' id='word_1_139' title='bbox 188 2206 273 2250; x_wconf 85' lang='lat' dir='ltr'><strong>tem</strong></span> <span class='ocrx_word' id='word_1_140' title='bbox 294 2195 518 2252; x_wconf 88' lang='lat' dir='ltr'><strong>Francia:</strong></span> <span class='ocrx_word' id='word_1_141' title='bbox 543 2199 688 2252; x_wconf 91' lang='lat' dir='ltr'><strong>inter</strong></span> <span class='ocrx_word' id='word_1_142' title='bbox 723 2197 962 2254; x_wconf 89' lang='lat' dir='ltr'><strong>Sealdim</strong></span> <span class='ocrx_word' id='word_1_143' title='bbox 991 2209 1044 2254; x_wconf 91' lang='lat' dir='ltr'><strong>et</strong></span> <span class='ocrx_word' id='word_1_144' title='bbox 1066 2199 1341 2267; x_wconf 84' lang='lat' dir='ltr'><strong>Rhenum,</strong></span> <span class='ocrx_word' id='word_1_145' title='bbox 1368 2217 1489 2270; x_wconf 85' lang='lat' dir='ltr'><strong>qua:</strong></span> <span class='ocrx_word' id='word_1_146' title='bbox 1518 2211 1729 2257; x_wconf 88' lang='lat' dir='ltr'><strong>mutato</strong></span> 
     </span>
    </p>
   </div>
   <div class='ocr_carea' id='block_1_22' title="bbox 188 2288 1729 2364">
    <p class='ocr_par' dir='ltr' id='par_1_22' title="bbox 188 2288 1729 2364">
     <span class='ocr_line' id='line_1_22' title="bbox 188 2288 1729 2364; baseline 0.005 -23"><span class='ocrx_word' id='word_1_147' title='bbox 188 2288 366 2343; x_wconf 88' lang='lat' dir='ltr'><strong>nomine</strong></span> <span class='ocrx_word' id='word_1_148' title='bbox 385 2289 449 2344; x_wconf 89' lang='lat' dir='ltr'><strong>ab</strong></span> <span class='ocrx_word' id='word_1_149' title='bbox 475 2305 540 2343; x_wconf 91' lang='lat' dir='ltr'><strong>eo</strong></span> <span class='ocrx_word' id='word_1_150' title='bbox 568 2289 960 2346; x_wconf 85' lang='lat' dir='ltr'><strong>denominatur</strong></span> <span class='ocrx_word' id='word_1_151' title='bbox 983 2291 1358 2364; x_wconf 87' lang='lat' dir='ltr'><strong>Lotharingia.</strong></span> <span class='ocrx_word' id='word_1_152' title='bbox 1380 2292 1509 2348; x_wconf 81' lang='lat' dir='ltr'><strong>Post</strong></span> <span class='ocrx_word' id='word_1_153' title='bbox 1529 2293 1729 2348; x_wconf 90' lang='lat' dir='ltr'><strong>factam</strong></span> 
     </span>
    </p>
   </div>
   <div class='ocr_carea' id='block_1_23' title="bbox 188 2380 1726 2455">
    <p class='ocr_par' dir='ltr' id='par_1_23' title="bbox 188 2380 1726 2455">
     <span class='ocr_line' id='line_1_23' title="bbox 188 2380 1726 2455; baseline 0.007 -24"><span class='ocrx_word' id='word_1_154' title='bbox 188 2395 287 2448; x_wconf 86' lang='lat' dir='ltr'><strong>ergo</strong></span> <span class='ocrx_word' id='word_1_155' title='bbox 303 2380 608 2435; x_wconf 82' lang='lat' dir='ltr'><strong>divisionem</strong></span> <span class='ocrx_word' id='word_1_156' title='bbox 638 2381 874 2438; x_wconf 84' lang='lat' dir='ltr'><strong>Karolus</strong></span> <span class='ocrx_word' id='word_1_157' title='bbox 903 2393 1094 2455; x_wconf 82' lang='lat' dir='ltr'><strong>regnat</strong></span> <span class='ocrx_word' id='word_1_158' title='bbox 1122 2385 1177 2438; x_wconf 92' lang='lat' dir='ltr'><strong>in</strong></span> <span class='ocrx_word' id='word_1_159' title='bbox 1197 2383 1427 2438; x_wconf 84' lang='lat' dir='ltr'><strong>Francia</strong></span> <span class='ocrx_word' id='word_1_160' title='bbox 1452 2385 1612 2440; x_wconf 89' lang='lat' dir='ltr'><strong>annis</strong></span> <span class='ocrx_word' id='word_1_161' title='bbox 1636 2386 1726 2454; x_wconf 81' lang='grc'><strong>⁸54,</strong></span> 
     </span>
    </p>
   </div>
   <div class='ocr_carea' id='block_1_24' title="bbox 191 2466 1339 2542">
    <p class='ocr_par' dir='ltr' id='par_1_24' title="bbox 191 2466 1339 2542">
     <span class='ocr_line' id='line_1_24' title="bbox 191 2466 1339 2542; baseline 0.009 -23"><span class='ocrx_word' id='word_1_162' title='bbox 191 2466 466 2526; x_wconf 87' lang='lat' dir='ltr'><strong>Ludowicus</strong></span> <span class='ocrx_word' id='word_1_163' title='bbox 495 2469 668 2526; x_wconf 88' lang='lat' dir='ltr'><strong>frater</strong></span> <span class='ocrx_word' id='word_1_164' title='bbox 693 2473 812 2542; x_wconf 87' lang='lat' dir='ltr'><strong>ejus</strong></span> <span class='ocrx_word' id='word_1_165' title='bbox 839 2474 893 2527; x_wconf 92' lang='lat' dir='ltr'><strong>in</strong></span> <span class='ocrx_word' id='word_1_166' title='bbox 925 2474 1214 2529; x_wconf 86' lang='lat' dir='ltr'><strong>Germania</strong></span> <span class='ocrx_word' id='word_1_167' title='bbox 1251 2475 1339 2530; x_wconf 77' lang='grc'><strong>55.</strong></span> 
     </span>
    </p>
   </div>
   <div class='ocr_carea' id='block_1_25' title="bbox 241 2556 1238 2622">
    <p class='ocr_par' dir='ltr' id='par_1_25' title="bbox 241 2556 1238 2622">
     <span class='ocr_line' id='line_1_25' title="bbox 241 2556 1238 2622; baseline 0.01 -12"><span class='ocrx_word' id='word_1_168' title='bbox 241 2556 342 2611; x_wconf 75' lang='grc'>815.</span> <span class='ocrx_word' id='word_1_169' title='bbox 592 2560 664 2616; x_wconf 80' lang='lat' dir='ltr'><strong>R.</strong></span> <span class='ocrx_word' id='word_1_170' title='bbox 703 2562 756 2616; x_wconf 87' lang='lat'><strong>5.</strong></span> <span class='ocrx_word' id='word_1_171' title='bbox 1046 2563 1108 2618; x_wconf 89' lang='lat' dir='ltr'><strong>F.</strong></span> <span class='ocrx_word' id='word_1_172' title='bbox 1144 2565 1195 2619; x_wconf 90' lang='grc'><strong>1.</strong></span> <span class='ocrx_word' id='word_1_173' title='bbox 1230 2619 1238 2622; x_wconf 72' lang='lat'>,</span> 
     </span>
    </p>
   </div>
   <div class='ocr_carea' id='block_1_26' title="bbox 1757 455 1805 512">
    <p class='ocr_par' dir='ltr' id='par_1_26' title="bbox 1757 455 1805 512">
     <span class='ocr_line' id='line_1_26' title="bbox 1757 455 1805 512; baseline 0 0"><span class='ocrx_word' id='word_1_174' title='bbox 1757 455 1805 512; x_wconf 74' lang='grc' dir='ltr'>Α</span> 
     </span>
    </p>
   </div>
   <div class='ocr_carea' id='block_1_27' title="bbox 1764 1805 1804 1861">
    <p class='ocr_par' dir='ltr' id='par_1_27' title="bbox 1764 1805 1804 1861">
     <span class='ocr_line' id='line_1_27' title="bbox 1764 1805 1804 1861; baseline 0 0"><span class='ocrx_word' id='word_1_175' title='bbox 1764 1805 1804 1861; x_wconf 84' lang='grc' dir='ltr'><strong><em>Β</em></strong></span> 
     </span>
    </p>
   </div>
   <div class='ocr_carea' id='block_1_28' title="bbox 1431 2563 1612 2621">
    <p class='ocr_par' dir='ltr' id='par_1_28' title="bbox 1431 2563 1612 2621">
     <span class='ocr_line' id='line_1_28' title="bbox 1431 2563 1612 2621; baseline -0.006 0"><span class='ocrx_word' id='word_1_176' title='bbox 1431 2563 1493 2621; x_wconf 90' lang='lat' dir='ltr'><strong>C.</strong></span> <span class='ocrx_word' id='word_1_177' title='bbox 1525 2567 1612 2621; x_wconf 80' lang='grc'><strong>15.</strong></span> 
     </span>
    </p>
   </div>
   <div class='ocr_carea' id='block_1_29' title="bbox 254 2647 1730 2724">
    <p class='ocr_par' dir='ltr' id='par_1_29' title="bbox 254 2647 1730 2724">
     <span class='ocr_line' id='line_1_29' title="bbox 254 2647 1730 2724; baseline 0.009 -23"><span class='ocrx_word' id='word_1_178' title='bbox 254 2647 402 2717; x_wconf 72' lang='lat' dir='ltr'><strong>(Heu.</strong></span> <span class='ocrx_word' id='word_1_179' title='bbox 432 2649 573 2724; x_wconf 86' lang='lat' dir='ltr'><strong>[F.])</strong></span> <span class='ocrx_word' id='word_1_180' title='bbox 603 2651 932 2709; x_wconf 89' lang='lat' dir='ltr'><strong>Ludowicus</strong></span> <span class='ocrx_word' id='word_1_181' title='bbox 961 2669 1058 2709; x_wconf 79' lang='lat' dir='ltr'><strong>rex</strong></span> <span class='ocrx_word' id='word_1_182' title='bbox 1088 2654 1394 2712; x_wconf 85' lang='lat' dir='ltr'><strong>Germania:</strong></span> <span class='ocrx_word' id='word_1_183' title='bbox 1439 2657 1730 2716; x_wconf 82' lang='lat' dir='ltr'><strong>Abrotidos</strong></span> 
     </span>
    </p>
   </div>
   <div class='ocr_carea' id='block_1_30' title="bbox 197 2740 1730 2821">
    <p class='ocr_par' dir='ltr' id='par_1_30' title="bbox 197 2740 1730 2821">
     <span class='ocr_line' id='line_1_30' title="bbox 197 2740 1730 2821; baseline 0.01 -30"><span class='ocrx_word' id='word_1_184' title='bbox 197 2753 221 2791; x_wconf 80' lang='lat' dir='ltr'><strong>a</strong></span> <span class='ocrx_word' id='word_1_185' title='bbox 240 2753 286 2793; x_wconf 87' lang='lat' dir='ltr'><strong>se</strong></span> <span class='ocrx_word' id='word_1_186' title='bbox 308 2740 516 2796; x_wconf 81' lang='lat' dir='ltr'><strong>deiicere</strong></span> <span class='ocrx_word' id='word_1_187' title='bbox 543 2743 857 2810; x_wconf 87' lang='lat' dir='ltr'><strong>molientes,</strong></span> <span class='ocrx_word' id='word_1_188' title='bbox 885 2745 1026 2799; x_wconf 91' lang='lat' dir='ltr'><strong>bello</strong></span> <span class='ocrx_word' id='word_1_189' title='bbox 1045 2746 1372 2815; x_wconf 89' lang='lat' dir='ltr'><strong>perdomuit,</strong></span> <span class='ocrx_word' id='word_1_190' title='bbox 1400 2749 1584 2804; x_wconf 91' lang='lat' dir='ltr'><strong>occiso</strong></span> <span class='ocrx_word' id='word_1_191' title='bbox 1603 2766 1730 2821; x_wconf 88' lang='lat' dir='ltr'><strong>rege</strong></span> 
     </span>
    </p>
   </div>
   <div class='ocr_carea' id='block_1_31' title="bbox 189 2839 1730 2908">
    <p class='ocr_par' dir='ltr' id='par_1_31' title="bbox 189 2839 1730 2908">
     <span class='ocr_line' id='line_1_31' title="bbox 189 2839 1730 2908; baseline 0.008 -24"><span class='ocrx_word' id='word_1_192' title='bbox 189 2845 358 2902; x_wconf 87' lang='lat' dir='ltr'><strong>eorum,</strong></span> <span class='ocrx_word' id='word_1_193' title='bbox 381 2849 682 2906; x_wconf 89' lang='lat' dir='ltr'><strong>eorumque</strong></span> <span class='ocrx_word' id='word_1_194' title='bbox 711 2844 911 2891; x_wconf 90' lang='lat' dir='ltr'><strong>terram</strong></span> <span class='ocrx_word' id='word_1_195' title='bbox 951 2844 1007 2892; x_wconf 90' lang='lat' dir='ltr'><strong>et</strong></span> <span class='ocrx_word' id='word_1_196' title='bbox 1045 2839 1306 2908; x_wconf 87' lang='lat' dir='ltr'><strong>populum</strong></span> <span class='ocrx_word' id='word_1_197' title='bbox 1335 2839 1438 2895; x_wconf 89' lang='lat' dir='ltr'><strong>sibi</strong></span> <span class='ocrx_word' id='word_1_198' title='bbox 1467 2841 1730 2897; x_wconf 88' lang='lat' dir='ltr'><strong>divinitus</strong></span> 
     </span>
    </p>
   </div>
   <div class='ocr_carea' id='block_1_32' title="bbox 190 2922 1731 3000">
    <p class='ocr_par' dir='ltr' id='par_1_32' title="bbox 190 2922 1731 3000">
     <span class='ocr_line' id='line_1_32' title="bbox 190 2922 1731 3000; baseline 0.009 -26"><span class='ocrx_word' id='word_1_199' title='bbox 190 2922 480 2994; x_wconf 71' lang='lat' dir='ltr'><strong>subiugatum</strong></span> <span class='ocrx_word' id='word_1_200' title='bbox 502 2943 602 2998; x_wconf 89' lang='lat' dir='ltr'><strong>per</strong></span> <span class='ocrx_word' id='word_1_201' title='bbox 626 2927 798 2984; x_wconf 87' lang='lat' dir='ltr'><strong>duces</strong></span> <span class='ocrx_word' id='word_1_202' title='bbox 829 2929 1120 2985; x_wconf 81' lang='lat' dir='ltr'><strong>ordinavit.</strong></span> <span class='ocrx_word' id='word_1_203' title='bbox 1153 2929 1308 3000; x_wconf 76' lang='lat' dir='ltr'><strong>Apud</strong></span> <span class='ocrx_word' id='word_1_204' title='bbox 1341 2931 1731 2987; x_wconf 79' lang='lat' dir='ltr'><strong>Constantino-</strong></span> 
     </span>
    </p>
   </div>
   <div class='ocr_carea' id='block_1_33' title="bbox 189 3014 1725 3091">
    <p class='ocr_par' dir='ltr' id='par_1_33' title="bbox 189 3014 1725 3091">
     <span class='ocr_line' id='line_1_33' title="bbox 189 3014 1725 3091; baseline 0.008 -24"><span class='ocrx_word' id='word_1_205' title='bbox 189 3014 318 3081; x_wconf 85' lang='lat' dir='ltr'><strong>polim</strong></span> <span class='ocrx_word' id='word_1_206' title='bbox 356 3015 574 3074; x_wconf 79' lang='lat' dir='ltr'><strong>Michael</strong></span> <span class='ocrx_word' id='word_1_207' title='bbox 611 3027 670 3074; x_wconf 89' lang='lat' dir='ltr'><strong>et</strong></span> <span class='ocrx_word' id='word_1_208' title='bbox 699 3019 989 3076; x_wconf 87' lang='lat' dir='ltr'><strong>Theodora</strong></span> <span class='ocrx_word' id='word_1_209' title='bbox 1024 3018 1498 3091; x_wconf 80' lang='lat' dir='ltr'><strong>imperant&#39;annis</strong></span> <span class='ocrx_word' id='word_1_210' title='bbox 1535 3024 1595 3077; x_wconf 92' lang='grc'><strong>11</strong></span> <span class='ocrx_word' id='word_1_211' title='bbox 1638 3025 1725 3079; x_wconf 78' lang='grc'><strong>¹⁵⁶.</strong></span> 
     </span>
    </p>
   </div>
   <div class='ocr_carea' id='block_1_34' title="bbox 241 3105 1614 3168">
    <p class='ocr_par' dir='ltr' id='par_1_34' title="bbox 241 3105 1614 3168">
     <span class='ocr_line' id='line_1_34' title="bbox 241 3105 1614 3168; baseline 0.007 -10"><span class='ocrx_word' id='word_1_212' title='bbox 241 3105 340 3161; x_wconf 78' lang='grc'><strong>816.</strong></span> <span class='ocrx_word' id='word_1_213' title='bbox 690 3109 746 3167; x_wconf 82' lang='grc'><strong>6.</strong></span> <span class='ocrx_word' id='word_1_214' title='bbox 1136 3111 1194 3168; x_wconf 73' lang='grc'><strong>2.</strong></span> <span class='ocrx_word' id='word_1_215' title='bbox 1563 3114 1588 3168; x_wconf 88' lang='grc'><strong>1</strong></span> <span class='ocrx_word' id='word_1_216' title='bbox 1601 3154 1614 3168; x_wconf 97' lang='grc'><strong>.</strong></span> 
     </span>
    </p>
   </div>
   <div class='ocr_carea' id='block_1_35' title="bbox 241 3195 1724 3274">
    <p class='ocr_par' dir='ltr' id='par_1_35' title="bbox 241 3195 1724 3274">
     <span class='ocr_line' id='line_1_35' title="bbox 241 3195 1724 3274; baseline 0.007 -26"><span class='ocrx_word' id='word_1_217' title='bbox 241 3195 386 3264; x_wconf 69' lang='lat' dir='ltr'><strong>(Men.</strong></span> <span class='ocrx_word' id='word_1_218' title='bbox 417 3197 554 3272; x_wconf 82' lang='lat' dir='ltr'><strong>[F.])</strong></span> <span class='ocrx_word' id='word_1_219' title='bbox 586 3199 956 3256; x_wconf 88' lang='lat' dir='ltr'><strong>Northmanni</strong></span> <span class='ocrx_word' id='word_1_220' title='bbox 1001 3217 1229 3274; x_wconf 85' lang='lat' dir='ltr'><strong>regnum</strong></span> <span class='ocrx_word' id='word_1_221' title='bbox 1262 3201 1446 3257; x_wconf 85' lang='lat' dir='ltr'><strong>Karoli</strong></span> <span class='ocrx_word' id='word_1_222' title='bbox 1486 3204 1724 3274; x_wconf 86' lang='lat' dir='ltr'><strong>graviter</strong></span> 
     </span>
    </p>
   </div>
   <div class='ocr_carea' id='block_1_36' title="bbox 189 3286 1723 3366">
    <p class='ocr_par' dir='ltr' id='par_1_36' title="bbox 189 3286 1723 3366">
     <span class='ocr_line' id='line_1_36' title="bbox 189 3286 1723 3366; baseline 0.008 -27"><span class='ocrx_word' id='word_1_223' title='bbox 189 3286 416 3356; x_wconf 87' lang='lat' dir='ltr'><strong>infestant,</strong></span> <span class='ocrx_word' id='word_1_224' title='bbox 449 3301 502 3346; x_wconf 89' lang='lat' dir='ltr'><strong>et</strong></span> <span class='ocrx_word' id='word_1_225' title='bbox 537 3309 720 3364; x_wconf 88' lang='lat' dir='ltr'><strong>usque</strong></span> <span class='ocrx_word' id='word_1_226' title='bbox 760 3291 1009 3350; x_wconf 79' lang='lat' dir='ltr'><strong>Parisios</strong></span> <span class='ocrx_word' id='word_1_227' title='bbox 1048 3295 1265 3366; x_wconf 88' lang='lat' dir='ltr'><strong>navigio</strong></span> <span class='ocrx_word' id='word_1_228' title='bbox 1310 3295 1564 3362; x_wconf 89' lang='lat' dir='ltr'><strong>veniunt;</strong></span> <span class='ocrx_word' id='word_1_229' title='bbox 1597 3312 1723 3351; x_wconf 82' lang='lat' dir='ltr'><strong>eum</strong></span> 
     </span>
    </p>
   </div>
   <div class='ocr_carea' id='block_1_37' title="bbox 191 3375 1721 3455">
    <p class='ocr_par' dir='ltr' id='par_1_37' title="bbox 191 3375 1721 3455">
     <span class='ocr_line' id='line_1_37' title="bbox 191 3375 1721 3455; baseline 0.007 -27"><span class='ocrx_word' id='word_1_230' title='bbox 191 3375 465 3437; x_wconf 84' lang='lat' dir='ltr'><strong>Fresonibus</strong></span> <span class='ocrx_word' id='word_1_231' title='bbox 495 3383 678 3437; x_wconf 91' lang='lat' dir='ltr'><strong>tribus</strong></span> <span class='ocrx_word' id='word_1_232' title='bbox 706 3383 894 3452; x_wconf 84' lang='lat' dir='ltr'><strong>preliis</strong></span> <span class='ocrx_word' id='word_1_233' title='bbox 928 3383 1248 3455; x_wconf 88' lang='lat' dir='ltr'><strong>conﬂigunt,</strong></span> <span class='ocrx_word' id='word_1_234' title='bbox 1285 3383 1340 3438; x_wconf 91' lang='lat' dir='ltr'><strong>in</strong></span> <span class='ocrx_word' id='word_1_235' title='bbox 1358 3385 1547 3454; x_wconf 82' lang='lat' dir='ltr'><strong>primo</strong></span> <span class='ocrx_word' id='word_1_236' title='bbox 1572 3386 1721 3453; x_wconf 84' lang='lat' dir='ltr'><strong>victi,</strong></span> 
     </span>
    </p>
   </div>
   <div class='ocr_carea' id='block_1_38' title="bbox 190 3469 1726 3533">
    <p class='ocr_par' dir='ltr' id='par_1_38' title="bbox 190 3469 1726 3533">
     <span class='ocr_line' id='line_1_38' title="bbox 190 3469 1726 3533; baseline 0.008 -12"><span class='ocrx_word' id='word_1_237' title='bbox 190 3469 231 3522; x_wconf 90' lang='lat' dir='ltr'><strong>in</strong></span> <span class='ocrx_word' id='word_1_238' title='bbox 253 3470 435 3529; x_wconf 91' lang='lat' dir='ltr'><strong>duobus</strong></span> <span class='ocrx_word' id='word_1_239' title='bbox 455 3476 695 3531; x_wconf 83' lang='lat' dir='ltr'><strong>victores</strong></span> <span class='ocrx_word' id='word_1_240' title='bbox 725 3477 986 3532; x_wconf 73' lang='lat' dir='ltr'><strong>existunt.</strong></span> <span class='ocrx_word' id='word_1_241' title='bbox 1028 3475 1263 3533; x_wconf 86' lang='lat' dir='ltr'><strong>Karolus</strong></span> <span class='ocrx_word' id='word_1_242' title='bbox 1303 3493 1429 3532; x_wconf 88' lang='lat' dir='ltr'><strong>eum</strong></span> <span class='ocrx_word' id='word_1_243' title='bbox 1464 3477 1726 3533; x_wconf 90' lang='lat' dir='ltr'><strong>Brittoni-</strong></span> 
     </span>
    </p>
   </div>
   <div class='ocr_carea' id='block_1_39' title="bbox 189 3560 1722 3640">
    <p class='ocr_par' dir='ltr' id='par_1_39' title="bbox 189 3560 1722 3640">
     <span class='ocr_line' id='line_1_39' title="bbox 189 3560 1722 3640; baseline 0.008 -26"><span class='ocrx_word' id='word_1_244' title='bbox 189 3560 264 3617; x_wconf 88' lang='lat' dir='ltr'><strong>bus</strong></span> <span class='ocrx_word' id='word_1_245' title='bbox 293 3565 553 3623; x_wconf 81' lang='lat' dir='ltr'><strong>infeliciter</strong></span> <span class='ocrx_word' id='word_1_246' title='bbox 583 3578 812 3640; x_wconf 83' lang='lat' dir='ltr'><strong>pugnat.</strong></span> <span class='ocrx_word' id='word_1_247' title='bbox 839 3569 1170 3625; x_wconf 85' lang='lat' dir='ltr'><strong>Ludowieus</strong></span> <span class='ocrx_word' id='word_1_248' title='bbox 1192 3587 1287 3625; x_wconf 78' lang='lat' dir='ltr'><strong>rex</strong></span> <span class='ocrx_word' id='word_1_249' title='bbox 1309 3571 1722 3640; x_wconf 89' lang='lat' dir='ltr'><strong>quatuordecim</strong></span> 
     </span>
    </p>
   </div>
   <div class='ocr_carea' id='block_1_40' title="bbox 188 3655 1484 3736">
    <p class='ocr_par' dir='ltr' id='par_1_40' title="bbox 188 3655 1484 3736">
     <span class='ocr_line' id='line_1_40' title="bbox 188 3655 1484 3736; baseline 0.009 -28"><span class='ocrx_word' id='word_1_250' title='bbox 188 3655 316 3714; x_wconf 86' lang='lat' dir='ltr'><strong>duces</strong></span> <span class='ocrx_word' id='word_1_251' title='bbox 336 3659 725 3718; x_wconf 85' lang='lat' dir='ltr'><strong>Boemanorum</strong></span> <span class='ocrx_word' id='word_1_252' title='bbox 755 3680 880 3720; x_wconf 91' lang='lat' dir='ltr'><strong>cum</strong></span> <span class='ocrx_word' id='word_1_253' title='bbox 910 3663 1025 3721; x_wconf 90' lang='lat' dir='ltr'><strong>suis</strong></span> <span class='ocrx_word' id='word_1_254' title='bbox 1046 3665 1313 3736; x_wconf 85' lang='lat' dir='ltr'><strong>baptizari</strong></span> <span class='ocrx_word' id='word_1_255' title='bbox 1338 3665 1484 3721; x_wconf 85' lang='lat' dir='ltr'><strong>fecit.</strong></span> 
     </span>
    </p>
   </div>
   <div class='ocr_carea' id='block_1_41' title="bbox 239 3747 1615 3810">
    <p class='ocr_par' dir='ltr' id='par_1_41' title="bbox 239 3747 1615 3810">
     <span class='ocr_line' id='line_1_41' title="bbox 239 3747 1615 3810; baseline 0.007 -10"><span class='ocrx_word' id='word_1_256' title='bbox 239 3747 341 3804; x_wconf 70' lang='grc'>817.</span> <span class='ocrx_word' id='word_1_257' title='bbox 599 3751 606 3755; x_wconf 75' lang='grc'><strong>’</strong></span> <span class='ocrx_word' id='word_1_258' title='bbox 692 3753 741 3808; x_wconf 93' lang='grc'><strong>7.</strong></span> <span class='ocrx_word' id='word_1_259' title='bbox 1139 3755 1192 3809; x_wconf 80' lang='grc'><strong>5.</strong></span> <span class='ocrx_word' id='word_1_260' title='bbox 1559 3756 1615 3810; x_wconf 74' lang='grc'><strong>2.</strong></span> 
     </span>
    </p>
   </div>
   <div class='ocr_carea' id='block_1_42' title="bbox 241 3838 1724 3918">
    <p class='ocr_par' dir='ltr' id='par_1_42' title="bbox 241 3838 1724 3918">
     <span class='ocr_line' id='line_1_42' title="bbox 241 3838 1724 3918; baseline 0.007 -26"><span class='ocrx_word' id='word_1_261' title='bbox 241 3838 311 3907; x_wconf 82' lang='lat' dir='ltr'><strong>(G.</strong></span> <span class='ocrx_word' id='word_1_262' title='bbox 335 3844 491 3915; x_wconf 78' lang='lat' dir='ltr'><strong>pom.)</strong></span> <span class='ocrx_word' id='word_1_263' title='bbox 531 3845 650 3901; x_wconf 91' lang='lat' dir='ltr'><strong>Leo</strong></span> <span class='ocrx_word' id='word_1_264' title='bbox 684 3846 910 3916; x_wconf 88' lang='lat' dir='ltr'><strong>quintus</strong></span> <span class='ocrx_word' id='word_1_265' title='bbox 940 3845 1106 3917; x_wconf 88' lang='lat' dir='ltr'><strong>hujus</strong></span> <span class='ocrx_word' id='word_1_266' title='bbox 1136 3845 1377 3902; x_wconf 88' lang='lat' dir='ltr'><strong>nominis</strong></span> <span class='ocrx_word' id='word_1_267' title='bbox 1408 3862 1571 3918; x_wconf 89' lang='lat' dir='ltr'><strong>papa,</strong></span> <span class='ocrx_word' id='word_1_268' title='bbox 1610 3847 1724 3902; x_wconf 83' lang='lat' dir='ltr'><strong>Ro-</strong></span> 
     </span>
    </p>
   </div>
   <div class='ocr_carea' id='block_1_43' title="bbox 191 3936 1723 4008">
    <p class='ocr_par' dir='ltr' id='par_1_43' title="bbox 191 3936 1723 4008">
     <span class='ocr_line' id='line_1_43' title="bbox 191 3936 1723 4008; baseline 0.01 -28"><span class='ocrx_word' id='word_1_269' title='bbox 191 3944 324 3986; x_wconf 78' lang='lat' dir='ltr'><strong>mana:</strong></span> <span class='ocrx_word' id='word_1_270' title='bbox 341 3936 585 3993; x_wconf 68' lang='lat' dir='ltr'><strong>accelesia:</strong></span> <span class='ocrx_word' id='word_1_271' title='bbox 611 3937 774 3992; x_wconf 71' lang='grc' dir='ltr'><strong>104υ³</strong></span> <span class='ocrx_word' id='word_1_272' title='bbox 807 3938 1067 4008; x_wconf 87' lang='lat' dir='ltr'><strong>presidet.</strong></span> <span class='ocrx_word' id='word_1_273' title='bbox 1095 3937 1194 3994; x_wconf 82' lang='lat' dir='ltr'><strong>llic</strong></span> <span class='ocrx_word' id='word_1_274' title='bbox 1215 3939 1474 4008; x_wconf 86' lang='lat' dir='ltr'><strong>decrevit,</strong></span> <span class='ocrx_word' id='word_1_275' title='bbox 1506 3948 1566 3994; x_wconf 93' lang='lat' dir='ltr'><strong>ut</strong></span> <span class='ocrx_word' id='word_1_276' title='bbox 1592 3939 1723 3995; x_wconf 88' lang='lat' dir='ltr'><strong>dum</strong></span> 
     </span>
    </p>
   </div>
   <div class='ocr_carea' id='block_1_44' title="bbox 190 4021 1725 4100">
    <p class='ocr_par' dir='ltr' id='par_1_44' title="bbox 190 4021 1725 4100">
     <span class='ocr_line' id='line_1_44' title="bbox 190 4021 1725 4100; baseline 0.01 -28"><span class='ocrx_word' id='word_1_277' title='bbox 190 4021 431 4081; x_wconf 88' lang='lat' dir='ltr'><strong>missarum</strong></span> <span class='ocrx_word' id='word_1_278' title='bbox 483 4045 647 4085; x_wconf 89' lang='lat' dir='ltr'><strong>saera</strong></span> <span class='ocrx_word' id='word_1_279' title='bbox 711 4031 980 4086; x_wconf 88' lang='lat' dir='ltr'><strong>solemnia</strong></span> <span class='ocrx_word' id='word_1_280' title='bbox 1029 4032 1396 4100; x_wconf 80' lang='lat' dir='ltr'><strong>Celebrantur,</strong></span> <span class='ocrx_word' id='word_1_281' title='bbox 1444 4033 1628 4089; x_wconf 92' lang='lat' dir='ltr'><strong>nullus</strong></span> <span class='ocrx_word' id='word_1_282' title='bbox 1657 4023 1725 4088; x_wconf 78' lang='lat' dir='ltr'><strong>ex</strong></span> 
     </span>
    </p>
   </div>
   <div class='ocr_carea' id='block_1_45' title="bbox 190 4111 1725 4197">
    <p class='ocr_par' dir='ltr' id='par_1_45' title="bbox 190 4111 1725 4197">
     <span class='ocr_line' id='line_1_45' title="bbox 190 4111 1725 4197; baseline 0.014 -35"><span class='ocrx_word' id='word_1_283' title='bbox 190 4111 306 4170; x_wconf 84' lang='lat' dir='ltr'><strong>laicis</strong></span> <span class='ocrx_word' id='word_1_284' title='bbox 327 4117 373 4171; x_wconf 92' lang='lat' dir='ltr'><strong>in</strong></span> <span class='ocrx_word' id='word_1_285' title='bbox 401 4121 722 4190; x_wconf 89' lang='lat' dir='ltr'><strong>presbiterio</strong></span> <span class='ocrx_word' id='word_1_286' title='bbox 753 4130 898 4178; x_wconf 89' lang='lat' dir='ltr'><strong>stare</strong></span> <span class='ocrx_word' id='word_1_287' title='bbox 919 4124 1006 4178; x_wconf 90' lang='lat' dir='ltr'><strong>vel</strong></span> <span class='ocrx_word' id='word_1_288' title='bbox 1035 4125 1224 4180; x_wconf 89' lang='lat' dir='ltr'><strong>sedere</strong></span> <span class='ocrx_word' id='word_1_289' title='bbox 1247 4125 1331 4180; x_wconf 91' lang='lat' dir='ltr'><strong>vel</strong></span> <span class='ocrx_word' id='word_1_290' title='bbox 1354 4125 1564 4196; x_wconf 86' lang='lat' dir='ltr'><strong>ingredi</strong></span> <span class='ocrx_word' id='word_1_291' title='bbox 1596 4143 1725 4197; x_wconf 88' lang='lat' dir='ltr'><strong>prc-</strong></span> 
     </span>
    </p>
   </div>
   <div class='ocr_carea' id='block_1_46' title="bbox 190 4212 1726 4288">
    <p class='ocr_par' dir='ltr' id='par_1_46' title="bbox 190 4212 1726 4288">
     <span class='ocr_line' id='line_1_46' title="bbox 190 4212 1726 4288; baseline 0.011 -31"><span class='ocrx_word' id='word_1_292' title='bbox 190 4219 346 4276; x_wconf 85' lang='lat' dir='ltr'><strong>sumat,</strong></span> <span class='ocrx_word' id='word_1_293' title='bbox 372 4212 471 4268; x_wconf 90' lang='lat' dir='ltr'><strong>nisi</strong></span> <span class='ocrx_word' id='word_1_294' title='bbox 499 4223 713 4269; x_wconf 88' lang='lat' dir='ltr'><strong>tantum</strong></span> <span class='ocrx_word' id='word_1_295' title='bbox 741 4231 898 4271; x_wconf 90' lang='lat' dir='ltr'><strong>saera</strong></span> <span class='ocrx_word' id='word_1_296' title='bbox 929 4216 1101 4286; x_wconf 89' lang='lat' dir='ltr'><strong>plebs,</strong></span> <span class='ocrx_word' id='word_1_297' title='bbox 1131 4233 1254 4288; x_wconf 87' lang='lat' dir='ltr'><strong>qua:</strong></span> <span class='ocrx_word' id='word_1_298' title='bbox 1274 4217 1342 4273; x_wconf 92' lang='lat' dir='ltr'><strong>ad</strong></span> <span class='ocrx_word' id='word_1_299' title='bbox 1365 4218 1726 4274; x_wconf 87' lang='lat' dir='ltr'><strong>ministratio-</strong></span> 
     </span>
    </p>
   </div>
   <div class='ocr_carea' id='block_1_47' title="bbox 190 4306 1725 4380">
    <p class='ocr_par' dir='ltr' id='par_1_47' title="bbox 190 4306 1725 4380">
     <span class='ocr_line' id='line_1_47' title="bbox 190 4306 1725 4380; baseline 0.012 -31"><span class='ocrx_word' id='word_1_300' title='bbox 190 4312 281 4354; x_wconf 85' lang='lat' dir='ltr'><strong>nem</strong></span> <span class='ocrx_word' id='word_1_301' title='bbox 313 4306 440 4359; x_wconf 87' lang='lat' dir='ltr'><strong>sacri</strong></span> <span class='ocrx_word' id='word_1_302' title='bbox 476 4307 640 4364; x_wconf 80' lang='lat' dir='ltr'><strong>oﬂicii</strong></span> <span class='ocrx_word' id='word_1_303' title='bbox 680 4309 979 4364; x_wconf 89' lang='lat' dir='ltr'><strong>constituta</strong></span> <span class='ocrx_word' id='word_1_304' title='bbox 1011 4320 1115 4367; x_wconf 90' lang='lat' dir='ltr'><strong>est.</strong></span> <span class='ocrx_word' id='word_1_305' title='bbox 1156 4311 1405 4368; x_wconf 88' lang='lat' dir='ltr'><strong>Decrevit</strong></span> <span class='ocrx_word' id='word_1_306' title='bbox 1442 4314 1629 4380; x_wconf 87' lang='lat' dir='ltr'><strong>etiam,</strong></span> <span class='ocrx_word' id='word_1_307' title='bbox 1665 4326 1725 4368; x_wconf 87' lang='lat' dir='ltr'><strong>ut</strong></span> 
     </span>
    </p>
   </div>
   <div class='ocr_carea' id='block_1_48' title="bbox 190 4401 1725 4472">
    <p class='ocr_par' dir='ltr' id='par_1_48' title="bbox 190 4401 1725 4472">
     <span class='ocr_line' id='line_1_48' title="bbox 190 4401 1725 4472; baseline 0.01 -27"><span class='ocrx_word' id='word_1_308' title='bbox 190 4403 350 4452; x_wconf 75' lang='lat' dir='ltr'><strong>octava:</strong></span> <span class='ocrx_word' id='word_1_309' title='bbox 366 4401 754 4472; x_wconf 89' lang='lat' dir='ltr'><strong>assumptionis</strong></span> <span class='ocrx_word' id='word_1_310' title='bbox 779 4411 982 4458; x_wconf 80' lang='lat' dir='ltr'><strong>sanctae</strong></span> <span class='ocrx_word' id='word_1_311' title='bbox 1011 4403 1197 4459; x_wconf 86' lang='lat' dir='ltr'><strong>Maria:</strong></span> <span class='ocrx_word' id='word_1_312' title='bbox 1242 4405 1296 4458; x_wconf 92' lang='lat' dir='ltr'><strong>in</strong></span> <span class='ocrx_word' id='word_1_313' title='bbox 1338 4405 1586 4461; x_wconf 79' lang='lat' dir='ltr'><strong>:ecclesia</strong></span> <span class='ocrx_word' id='word_1_314' title='bbox 1613 4405 1725 4461; x_wconf 83' lang='lat' dir='ltr'><strong>Ro-</strong></span> 
     </span>
    </p>
   </div>
   <div class='ocr_carea' id='block_1_49' title="bbox 190 4491 1350 4563">
    <p class='ocr_par' dir='ltr' id='par_1_49' title="bbox 190 4491 1350 4563">
     <span class='ocr_line' id='line_1_49' title="bbox 190 4491 1350 4563; baseline 0.012 -26"><span class='ocrx_word' id='word_1_315' title='bbox 190 4499 312 4542; x_wconf 86' lang='lat' dir='ltr'><strong>mana</strong></span> <span class='ocrx_word' id='word_1_316' title='bbox 336 4491 686 4561; x_wconf 88' lang='lat' dir='ltr'><strong>celebrentur,</strong></span> <span class='ocrx_word' id='word_1_317' title='bbox 710 4494 858 4563; x_wconf 90' lang='lat' dir='ltr'><strong>quod</strong></span> <span class='ocrx_word' id='word_1_318' title='bbox 883 4503 1009 4551; x_wconf 89' lang='lat' dir='ltr'><strong>ante</strong></span> <span class='ocrx_word' id='word_1_319' title='bbox 1036 4511 1146 4549; x_wconf 92' lang='lat' dir='ltr'><strong>non</strong></span> <span class='ocrx_word' id='word_1_320' title='bbox 1170 4494 1350 4551; x_wconf 85' lang='lat' dir='ltr'><strong>fiebat.</strong></span> 
     </span>
    </p>
   </div>
   <div class='ocr_carea' id='block_1_50' title="bbox 239 4577 1612 4641">
    <p class='ocr_par' dir='ltr' id='par_1_50' title="bbox 239 4577 1612 4641">
     <span class='ocr_line' id='line_1_50' title="bbox 239 4577 1612 4641; baseline 0.005 -7"><span class='ocrx_word' id='word_1_321' title='bbox 239 4577 340 4634; x_wconf 75' lang='grc'><strong>818.</strong></span> <span class='ocrx_word' id='word_1_322' title='bbox 687 4586 742 4641; x_wconf 88' lang='grc'><strong>8.</strong></span> <span class='ocrx_word' id='word_1_323' title='bbox 1134 4587 1188 4641; x_wconf 74' lang='grc'><strong>4.</strong></span> <span class='ocrx_word' id='word_1_324' title='bbox 1557 4587 1612 4641; x_wconf 77' lang='grc'><strong>5.</strong></span> 
     </span>
    </p>
   </div>
   <div class='ocr_carea' id='block_1_51' title="bbox 241 4667 1726 4750">
    <p class='ocr_par' dir='ltr' id='par_1_51' title="bbox 241 4667 1726 4750">
     <span class='ocr_line' id='line_1_51' title="bbox 241 4667 1726 4750; baseline 0.008 -27"><span class='ocrx_word' id='word_1_325' title='bbox 241 4667 464 4731; x_wconf 79' lang='lat' dir='ltr'><strong>Rabanus</strong></span> <span class='ocrx_word' id='word_1_326' title='bbox 508 4677 683 4733; x_wconf 88' lang='lat' dir='ltr'><strong>abbas</strong></span> <span class='ocrx_word' id='word_1_327' title='bbox 733 4677 1042 4746; x_wconf 89' lang='lat' dir='ltr'><strong>Fuldensis,</strong></span> <span class='ocrx_word' id='word_1_328' title='bbox 1096 4679 1382 4735; x_wconf 89' lang='lat' dir='ltr'><strong>ordinatus</strong></span> <span class='ocrx_word' id='word_1_329' title='bbox 1435 4679 1726 4750; x_wconf 84' lang='lat' dir='ltr'><strong>Moguntia:</strong></span> 
     </span>
    </p>
   </div>
   <div class='ocr_carea' id='block_1_52' title="bbox 190 4759 1724 4842">
    <p class='ocr_par' dir='ltr' id='par_1_52' title="bbox 190 4759 1724 4842">
     <span class='ocr_line' id='line_1_52' title="bbox 190 4759 1724 4842; baseline 0.011 -33"><span class='ocrx_word' id='word_1_330' title='bbox 190 4759 592 4838; x_wconf 83' lang='lat' dir='ltr'><strong>archiepiscopus,</strong></span> <span class='ocrx_word' id='word_1_331' title='bbox 646 4770 917 4824; x_wconf 88' lang='lat' dir='ltr'><strong>celebrata</strong></span> <span class='ocrx_word' id='word_1_332' title='bbox 977 4769 1184 4842; x_wconf 86' lang='lat' dir='ltr'><strong>synodo</strong></span> <span class='ocrx_word' id='word_1_333' title='bbox 1229 4769 1520 4842; x_wconf 82' lang='lat' dir='ltr'><strong>Moguntiae</strong></span> <span class='ocrx_word' id='word_1_334' title='bbox 1562 4771 1724 4842; x_wconf 77' lang='lat' dir='ltr'><strong>jussu</strong></span> 
     </span>
    </p>
   </div>
   <div class='ocr_carea' id='block_1_53' title="bbox 191 4844 1719 4931">
    <p class='ocr_par' dir='ltr' id='par_1_53' title="bbox 191 4844 1719 4931">
     <span class='ocr_line' id='line_1_53' title="bbox 191 4844 1719 4931; baseline 0.01 -30"><span class='ocrx_word' id='word_1_335' title='bbox 191 4844 418 4912; x_wconf 87' lang='lat' dir='ltr'><strong>Ludowici</strong></span> <span class='ocrx_word' id='word_1_336' title='bbox 473 4861 652 4931; x_wconf 88' lang='lat' dir='ltr'><strong>regis,</strong></span> <span class='ocrx_word' id='word_1_337' title='bbox 705 4861 877 4915; x_wconf 90' lang='lat' dir='ltr'><strong>multa</strong></span> <span class='ocrx_word' id='word_1_338' title='bbox 926 4860 1187 4917; x_wconf 82' lang='lat' dir='ltr'><strong>aecclesia:</strong></span> <span class='ocrx_word' id='word_1_339' title='bbox 1245 4861 1400 4916; x_wconf 89' lang='lat' dir='ltr'><strong>utilia</strong></span> <span class='ocrx_word' id='word_1_340' title='bbox 1461 4862 1719 4917; x_wconf 89' lang='lat' dir='ltr'><strong>decrevit.</strong></span> 
     </span>
    </p>
   </div>
   <div class='ocr_carea' id='block_1_54' title="bbox 191 4938 1725 5023">
    <p class='ocr_par' dir='ltr' id='par_1_54' title="bbox 191 4938 1725 5023">
     <span class='ocr_line' id='line_1_54' title="bbox 191 4938 1725 5023; baseline 0.004 -21"><span class='ocrx_word' id='word_1_341' title='bbox 191 4939 204 5002; x_wconf 73' lang='grc' dir='ltr'><strong>ί</strong></span> <span class='ocrx_word' id='word_1_342' title='bbox 211 4938 460 5022; x_wconf 69' lang='grc' dir='ltr'><strong>Μειι.[1ε’.])</strong></span> <span class='ocrx_word' id='word_1_343' title='bbox 476 4949 734 5018; x_wconf 59' lang='lat' dir='ltr'><strong>Quadam</strong></span> <span class='ocrx_word' id='word_1_344' title='bbox 750 4952 1301 5023; x_wconf 87' lang='lat' dir='ltr'><strong>pseudoprophetissa</strong></span> <span class='ocrx_word' id='word_1_345' title='bbox 1314 4953 1503 5010; x_wconf 89' lang='lat' dir='ltr'><strong>dicens</strong></span> <span class='ocrx_word' id='word_1_346' title='bbox 1520 4954 1725 5010; x_wconf 89' lang='lat' dir='ltr'><strong>instare</strong></span> 
     </span>
    </p>
   </div>
   <div class='ocr_carea' id='block_1_55' title="bbox 189 5030 1723 5116">
    <p class='ocr_par' dir='ltr' id='par_1_55' title="bbox 189 5030 1723 5116">
     <span class='ocr_line' id='line_1_55' title="bbox 189 5030 1723 5116; baseline 0.012 -34"><span class='ocrx_word' id='word_1_347' title='bbox 189 5030 298 5090; x_wconf 86' lang='lat' dir='ltr'><strong>diem</strong></span> <span class='ocrx_word' id='word_1_348' title='bbox 323 5039 523 5112; x_wconf 86' lang='lat' dir='ltr'><strong>judicii,</strong></span> <span class='ocrx_word' id='word_1_349' title='bbox 563 5030 901 5116; x_wconf 88' lang='lat' dir='ltr'><strong>Moguntiam</strong></span> <span class='ocrx_word' id='word_1_350' title='bbox 941 5045 1289 5110; x_wconf 84' lang='lat' dir='ltr'><strong>sollicitabat,</strong></span> <span class='ocrx_word' id='word_1_351' title='bbox 1334 5047 1419 5102; x_wconf 90' lang='lat' dir='ltr'><strong>ita-</strong></span> <span class='ocrx_word' id='word_1_352' title='bbox 1456 5054 1516 5101; x_wconf 89' lang='lat' dir='ltr'><strong>ut</strong></span> <span class='ocrx_word' id='word_1_353' title='bbox 1556 5047 1723 5102; x_wconf 90' lang='lat' dir='ltr'><strong>etiam</strong></span> 
     </span>
    </p>
   </div>
   <div class='ocr_carea' id='block_1_56' title="bbox 1751 3166 1795 3227">
    <p class='ocr_par' dir='ltr' id='par_1_56' title="bbox 1751 3166 1795 3227">
     <span class='ocr_line' id='line_1_56' title="bbox 1751 3166 1795 3227; baseline 0 0"><span class='ocrx_word' id='word_1_354' title='bbox 1751 3166 1795 3227; x_wconf 89' lang='lat' dir='ltr'><strong><em>C</em></strong></span> 
     </span>
    </p>
   </div>
   <div class='ocr_carea' id='block_1_57' title="bbox 1751 4515 1800 4575">
    <p class='ocr_par' dir='ltr' id='par_1_57' title="bbox 1751 4515 1800 4575">
     <span class='ocr_line' id='line_1_57' title="bbox 1751 4515 1800 4575; baseline 0 0"><span class='ocrx_word' id='word_1_355' title='bbox 1751 4515 1800 4575; x_wconf 90' lang='lat' dir='ltr'><strong>D</strong></span> 
     </span>
    </p>
   </div>
   <div class='ocr_carea' id='block_1_58' title="bbox 1602 333 1969 393">
    <p class='ocr_par' dir='ltr' id='par_1_58' title="bbox 1602 333 1969 393">
     <span class='ocr_line' id='line_1_58' title="bbox 1602 333 1969 393; baseline -0.003 0"><span class='ocrx_word' id='word_1_356' title='bbox 1602 333 1969 393; x_wconf 73' lang='lat' dir='ltr'><strong>CllRONlCA.</strong></span> 
     </span>
    </p>
   </div>
   <div class='ocr_carea' id='block_1_59' title="bbox 1830 449 3418 529">
    <p class='ocr_par' dir='ltr' id='par_1_59' title="bbox 1830 449 3418 529">
     <span class='ocr_line' id='line_1_59' title="bbox 1830 449 3418 529; baseline 0.006 -20"><span class='ocrx_word' id='word_1_357' title='bbox 1830 453 2048 524; x_wconf 90' lang='lat' dir='ltr'><strong>aliquos</strong></span> <span class='ocrx_word' id='word_1_358' title='bbox 2069 452 2211 509; x_wconf 90' lang='lat' dir='ltr'><strong>sacri</strong></span> <span class='ocrx_word' id='word_1_359' title='bbox 2241 452 2453 509; x_wconf 87' lang='lat' dir='ltr'><strong>ordinis</strong></span> <span class='ocrx_word' id='word_1_360' title='bbox 2477 453 2545 510; x_wconf 88' lang='lat' dir='ltr'><strong>ad</strong></span> <span class='ocrx_word' id='word_1_361' title='bbox 2577 469 2636 512; x_wconf 90' lang='lat' dir='ltr'><strong>se</strong></span> <span class='ocrx_word' id='word_1_362' title='bbox 2661 453 2947 513; x_wconf 88' lang='lat' dir='ltr'><strong>inclinaret</strong></span> <span class='ocrx_word' id='word_1_363' title='bbox 2960 454 3122 529; x_wconf 61' lang='lat' dir='ltr'><strong>{quae</strong></span> <span class='ocrx_word' id='word_1_364' title='bbox 3146 449 3216 516; x_wconf 86' lang='lat' dir='ltr'><strong>ab</strong></span> <span class='ocrx_word' id='word_1_365' title='bbox 3236 459 3418 519; x_wconf 72' lang='lat' dir='ltr'><strong>ambi-</strong></span> 
     </span>
    </p>
   </div>
   <div class='ocr_carea' id='block_1_60' title="bbox 1829 546 3416 624">
    <p class='ocr_par' dir='ltr' id='par_1_60' title="bbox 1829 546 3416 624">
     <span class='ocr_line' id='line_1_60' title="bbox 1829 546 3416 624; baseline 0.007 -22"><span class='ocrx_word' id='word_1_366' title='bbox 1829 547 2090 618; x_wconf 86' lang='lat' dir='ltr'><strong>episcopo</strong></span> <span class='ocrx_word' id='word_1_367' title='bbox 2113 555 2382 618; x_wconf 88' lang='lat' dir='ltr'><strong>correpta,</strong></span> <span class='ocrx_word' id='word_1_368' title='bbox 2406 546 2660 604; x_wconf 89' lang='lat' dir='ltr'><strong>confessa</strong></span> <span class='ocrx_word' id='word_1_369' title='bbox 2680 555 2786 616; x_wconf 86' lang='lat' dir='ltr'><strong>est,</strong></span> <span class='ocrx_word' id='word_1_370' title='bbox 2807 563 2866 604; x_wconf 90' lang='lat' dir='ltr'><strong>se</strong></span> <span class='ocrx_word' id='word_1_371' title='bbox 2892 565 2990 621; x_wconf 90' lang='lat' dir='ltr'><strong>per</strong></span> <span class='ocrx_word' id='word_1_372' title='bbox 3016 553 3416 624; x_wconf 84' lang='lat' dir='ltr'><strong>suggestionem</strong></span> 
     </span>
    </p>
   </div>
   <div class='ocr_carea' id='block_1_61' title="bbox 1830 637 3272 712">
    <p class='ocr_par' dir='ltr' id='par_1_61' title="bbox 1830 637 3272 712">
     <span class='ocr_line' id='line_1_61' title="bbox 1830 637 3272 712; baseline 0.003 -18"><span class='ocrx_word' id='word_1_373' title='bbox 1830 637 2119 712; x_wconf 87' lang='lat' dir='ltr'><strong>cujusdam</strong></span> <span class='ocrx_word' id='word_1_374' title='bbox 2144 637 2432 710; x_wconf 88' lang='lat' dir='ltr'><strong>presbiteri</strong></span> <span class='ocrx_word' id='word_1_375' title='bbox 2455 645 2701 710; x_wconf 71' lang='lat' dir='ltr'><strong>quaestus</strong></span> <span class='ocrx_word' id='word_1_376' title='bbox 2733 653 2898 695; x_wconf 85' lang='lat' dir='ltr'><strong>causa</strong></span> <span class='ocrx_word' id='word_1_377' title='bbox 2924 640 3028 696; x_wconf 94' lang='lat' dir='ltr'><strong>hoe</strong></span> <span class='ocrx_word' id='word_1_378' title='bbox 3057 639 3272 699; x_wconf 83' lang='lat' dir='ltr'><strong>fecisse.</strong></span> 
     </span>
    </p>
   </div>
   <div class='ocr_carea' id='block_1_62' title="bbox 1901 730 3311 794">
    <p class='ocr_par' dir='ltr' id='par_1_62' title="bbox 1901 730 3311 794">
     <span class='ocr_line' id='line_1_62' title="bbox 1901 730 3311 794; baseline 0.005 -8"><span class='ocrx_word' id='word_1_379' title='bbox 1901 730 2026 787; x_wconf 72' lang='lat'><strong>849.</strong></span> <span class='ocrx_word' id='word_1_380' title='bbox 2385 732 2438 788; x_wconf 88' lang='lat'><strong>9.</strong></span> <span class='ocrx_word' id='word_1_381' title='bbox 2830 733 2884 789; x_wconf 83' lang='lat'><strong>5.</strong></span> <span class='ocrx_word' id='word_1_382' title='bbox 3253 737 3311 794; x_wconf 72' lang='grc'><strong>4.</strong></span> 
     </span>
    </p>
   </div>
   <div class='ocr_carea' id='block_1_63' title="bbox 1903 821 3422 899">
    <p class='ocr_par' dir='ltr' id='par_1_63' title="bbox 1903 821 3422 899">
     <span class='ocr_line' id='line_1_63' title="bbox 1903 821 3422 899; baseline 0.005 -23"><span class='ocrx_word' id='word_1_383' title='bbox 1903 821 2038 895; x_wconf 78' lang='lat' dir='ltr'><strong>(1b.)</strong></span> <span class='ocrx_word' id='word_1_384' title='bbox 2057 821 2752 880; x_wconf 79' lang='lat' dir='ltr'><strong>Godesealeusliereticusa</strong></span> <span class='ocrx_word' id='word_1_385' title='bbox 2772 821 3422 899; x_wconf 84' lang='lat' dir='ltr'><strong>Rabanoarchiepiseopo</strong></span> 
     </span>
    </p>
   </div>
   <div class='ocr_carea' id='block_1_64' title="bbox 1829 913 3422 983">
    <p class='ocr_par' dir='ltr' id='par_1_64' title="bbox 1829 913 3422 983">
     <span class='ocr_line' id='line_1_64' title="bbox 1829 913 3422 983; baseline 0.001 -14"><span class='ocrx_word' id='word_1_386' title='bbox 1829 913 2249 981; x_wconf 85' lang='lat' dir='ltr'><strong>rationabiliter,</strong></span> <span class='ocrx_word' id='word_1_387' title='bbox 2282 921 2344 970; x_wconf 91' lang='lat' dir='ltr'><strong>ut</strong></span> <span class='ocrx_word' id='word_1_388' title='bbox 2366 915 2553 970; x_wconf 89' lang='lat' dir='ltr'><strong>multis</strong></span> <span class='ocrx_word' id='word_1_389' title='bbox 2573 914 2753 970; x_wconf 89' lang='lat' dir='ltr'><strong>visum</strong></span> <span class='ocrx_word' id='word_1_390' title='bbox 2789 923 2894 982; x_wconf 91' lang='lat' dir='ltr'><strong>est,</strong></span> <span class='ocrx_word' id='word_1_391' title='bbox 2925 914 3294 983; x_wconf 86' lang='lat' dir='ltr'><strong>convincitur;</strong></span> <span class='ocrx_word' id='word_1_392' title='bbox 3325 917 3422 971; x_wconf 83' lang='lat' dir='ltr'><strong>sed</strong></span> 
     </span>
    </p>
   </div>
   <div class='ocr_carea' id='block_1_65' title="bbox 1832 999 3420 1076">
    <p class='ocr_par' dir='ltr' id='par_1_65' title="bbox 1832 999 3420 1076">
     <span class='ocr_line' id='line_1_65' title="bbox 1832 999 3420 1076; baseline 0.001 -18"><span class='ocrx_word' id='word_1_393' title='bbox 1832 1015 2014 1058; x_wconf 85' lang='lat' dir='ltr'><strong>tamen</strong></span> <span class='ocrx_word' id='word_1_394' title='bbox 2064 1004 2121 1058; x_wconf 92' lang='lat' dir='ltr'><strong>in</strong></span> <span class='ocrx_word' id='word_1_395' title='bbox 2149 1018 2254 1059; x_wconf 91' lang='lat' dir='ltr'><strong>suo</strong></span> <span class='ocrx_word' id='word_1_396' title='bbox 2293 1003 2664 1075; x_wconf 87' lang='lat' dir='ltr'><strong>perseveravit</strong></span> <span class='ocrx_word' id='word_1_397' title='bbox 2693 1019 2897 1059; x_wconf 91' lang='lat' dir='ltr'><strong>errore.</strong></span> <span class='ocrx_word' id='word_1_398' title='bbox 2935 1003 3174 1076; x_wconf 75' lang='lat' dir='ltr'><strong>(Transl.</strong></span> <span class='ocrx_word' id='word_1_399' title='bbox 3219 1003 3278 1060; x_wconf 88' lang='lat' dir='ltr'><strong>S.</strong></span> <span class='ocrx_word' id='word_1_400' title='bbox 3320 999 3420 1076; x_wconf 87' lang='grc' dir='ltr'><strong>Η.)</strong></span> 
     </span>
    </p>
   </div>
   <div class='ocr_carea' id='block_1_66' title="bbox 1833 1091 3423 1165">
    <p class='ocr_par' dir='ltr' id='par_1_66' title="bbox 1833 1091 3423 1165">
     <span class='ocr_line' id='line_1_66' title="bbox 1833 1091 3423 1165; baseline 0.001 -17"><span class='ocrx_word' id='word_1_401' title='bbox 1833 1092 2032 1150; x_wconf 92' lang='lat' dir='ltr'><strong>Sancta</strong></span> <span class='ocrx_word' id='word_1_402' title='bbox 2067 1091 2271 1148; x_wconf 81' lang='lat' dir='ltr'><strong>Helena</strong></span> <span class='ocrx_word' id='word_1_403' title='bbox 2320 1093 2661 1165; x_wconf 84' lang='lat' dir='ltr'><strong>imperatrix,</strong></span> <span class='ocrx_word' id='word_1_404' title='bbox 2710 1109 2740 1148; x_wconf 93' lang='lat' dir='ltr'><strong>a</strong></span> <span class='ocrx_word' id='word_1_405' title='bbox 2771 1094 2884 1149; x_wconf 82' lang='lat' dir='ltr'><strong>filio</strong></span> <span class='ocrx_word' id='word_1_406' title='bbox 2920 1109 3022 1149; x_wconf 90' lang='lat' dir='ltr'><strong>suo</strong></span> <span class='ocrx_word' id='word_1_407' title='bbox 3060 1093 3423 1150; x_wconf 88' lang='lat' dir='ltr'><strong>Constantino</strong></span> 
     </span>
    </p>
   </div>
   <div class='ocr_carea' id='block_1_67' title="bbox 1830 1185 3420 1260">
    <p class='ocr_par' dir='ltr' id='par_1_67' title="bbox 1830 1185 3420 1260">
     <span class='ocr_line' id='line_1_67' title="bbox 1830 1185 3420 1260; baseline 0 -18"><span class='ocrx_word' id='word_1_408' title='bbox 1830 1187 2026 1260; x_wconf 83' lang='lat' dir='ltr'><strong>Magno</strong></span> <span class='ocrx_word' id='word_1_409' title='bbox 2049 1188 2228 1259; x_wconf 90' lang='lat' dir='ltr'><strong>primo</strong></span> <span class='ocrx_word' id='word_1_410' title='bbox 2245 1187 2410 1258; x_wconf 89' lang='lat' dir='ltr'><strong>hujus</strong></span> <span class='ocrx_word' id='word_1_411' title='bbox 2437 1189 2678 1244; x_wconf 91' lang='lat' dir='ltr'><strong>nominis</strong></span> <span class='ocrx_word' id='word_1_412' title='bbox 2702 1187 3030 1257; x_wconf 87' lang='lat' dir='ltr'><strong>imperatore</strong></span> <span class='ocrx_word' id='word_1_413' title='bbox 3056 1185 3225 1242; x_wconf 79' lang='lat' dir='ltr'><strong>Rome</strong></span> <span class='ocrx_word' id='word_1_414' title='bbox 3246 1186 3300 1241; x_wconf 87' lang='lat' dir='ltr'><strong>in</strong></span> <span class='ocrx_word' id='word_1_415' title='bbox 3325 1201 3420 1242; x_wconf 90' lang='lat' dir='ltr'><strong>ec-</strong></span> 
     </span>
    </p>
   </div>
   <div class='ocr_carea' id='block_1_68' title="bbox 1829 1279 3419 1352">
    <p class='ocr_par' dir='ltr' id='par_1_68' title="bbox 1829 1279 3419 1352">
     <span class='ocr_line' id='line_1_68' title="bbox 1829 1279 3419 1352; baseline -0.002 -14"><span class='ocrx_word' id='word_1_416' title='bbox 1829 1281 1996 1338; x_wconf 88' lang='lat' dir='ltr'><strong>clesia</strong></span> <span class='ocrx_word' id='word_1_417' title='bbox 2049 1292 2365 1338; x_wconf 89' lang='lat' dir='ltr'><strong>sanctorum</strong></span> <span class='ocrx_word' id='word_1_418' title='bbox 2397 1279 2695 1341; x_wconf 81' lang='lat' dir='ltr'><strong>Marcellini</strong></span> <span class='ocrx_word' id='word_1_419' title='bbox 2737 1290 2791 1336; x_wconf 88' lang='lat' dir='ltr'><strong>et</strong></span> <span class='ocrx_word' id='word_1_420' title='bbox 2834 1279 2978 1335; x_wconf 85' lang='lat' dir='ltr'><strong>Petri</strong></span> <span class='ocrx_word' id='word_1_421' title='bbox 3013 1288 3316 1352; x_wconf 85' lang='lat' dir='ltr'><strong>martyrum</strong></span> <span class='ocrx_word' id='word_1_422' title='bbox 3361 1279 3419 1335; x_wconf 84' lang='lat' dir='ltr'><strong>in</strong></span> 
     </span>
    </p>
   </div>
   <div class='ocr_carea' id='block_1_69' title="bbox 1829 1371 3422 1445">
    <p class='ocr_par' dir='ltr' id='par_1_69' title="bbox 1829 1371 3422 1445">
     <span class='ocr_line' id='line_1_69' title="bbox 1829 1371 3422 1445; baseline -0.001 -17"><span class='ocrx_word' id='word_1_423' title='bbox 1829 1372 2112 1428; x_wconf 85' lang='lat' dir='ltr'><strong>mausoleo</strong></span> <span class='ocrx_word' id='word_1_424' title='bbox 2132 1387 2408 1444; x_wconf 87' lang='lat' dir='ltr'><strong>purpureo</strong></span> <span class='ocrx_word' id='word_1_425' title='bbox 2429 1373 2659 1444; x_wconf 90' lang='lat' dir='ltr'><strong>sepulta,</strong></span> <span class='ocrx_word' id='word_1_426' title='bbox 2685 1373 2752 1427; x_wconf 91' lang='lat' dir='ltr'><strong>ad</strong></span> <span class='ocrx_word' id='word_1_427' title='bbox 2778 1371 3065 1427; x_wconf 78' lang='lat' dir='ltr'><strong>Franciam</strong></span> <span class='ocrx_word' id='word_1_428' title='bbox 3094 1389 3125 1428; x_wconf 89' lang='lat' dir='ltr'><strong>a</strong></span> <span class='ocrx_word' id='word_1_429' title='bbox 3148 1371 3422 1445; x_wconf 87' lang='lat' dir='ltr'><strong>Theogiso</strong></span> 
     </span>
    </p>
   </div>
   <div class='ocr_carea' id='block_1_70' title="bbox 1828 1462 3420 1536">
    <p class='ocr_par' dir='ltr' id='par_1_70' title="bbox 1828 1462 3420 1536">
     <span class='ocr_line' id='line_1_70' title="bbox 1828 1462 3420 1536; baseline 0 -18"><span class='ocrx_word' id='word_1_430' title='bbox 1828 1464 2100 1519; x_wconf 90' lang='lat' dir='ltr'><strong>monacho</strong></span> <span class='ocrx_word' id='word_1_431' title='bbox 2130 1463 2479 1530; x_wconf 75' lang='lat' dir='ltr'><strong>transfertur,</strong></span> <span class='ocrx_word' id='word_1_432' title='bbox 2510 1473 2565 1518; x_wconf 87' lang='lat' dir='ltr'><strong>et</strong></span> <span class='ocrx_word' id='word_1_433' title='bbox 2596 1463 2651 1518; x_wconf 92' lang='lat' dir='ltr'><strong>in</strong></span> <span class='ocrx_word' id='word_1_434' title='bbox 2682 1462 2885 1518; x_wconf 87' lang='lat' dir='ltr'><strong>diocesi</strong></span> <span class='ocrx_word' id='word_1_435' title='bbox 2923 1462 3180 1518; x_wconf 82' lang='lat' dir='ltr'><strong>Remensi</strong></span> <span class='ocrx_word' id='word_1_436' title='bbox 3217 1477 3420 1536; x_wconf 89' lang='lat' dir='ltr'><strong>magna</strong></span> 
     </span>
    </p>
   </div>
   <div class='ocr_carea' id='block_1_71' title="bbox 1828 1554 2962 1612">
    <p class='ocr_par' dir='ltr' id='par_1_71' title="bbox 1828 1554 2962 1612">
     <span class='ocr_line' id='line_1_71' title="bbox 1828 1554 2962 1612; baseline -0.001 -2"><span class='ocrx_word' id='word_1_437' title='bbox 1828 1555 2166 1612; x_wconf 83' lang='lat' dir='ltr'><strong>Francorum</strong></span> <span class='ocrx_word' id='word_1_438' title='bbox 2191 1556 2544 1611; x_wconf 85' lang='lat' dir='ltr'><strong>veneratione</strong></span> <span class='ocrx_word' id='word_1_439' title='bbox 2572 1555 2839 1611; x_wconf 76' lang='lat' dir='ltr'><strong>excolitur</strong></span> <span class='ocrx_word' id='word_1_440' title='bbox 2869 1554 2962 1609; x_wconf 68' lang='lat'><strong>“&#39;7.</strong></span> 
     </span>
    </p>
   </div>
   <div class='ocr_carea' id='block_1_72' title="bbox 1901 1647 3312 1704">
    <p class='ocr_par' dir='ltr' id='par_1_72' title="bbox 1901 1647 3312 1704">
     <span class='ocr_line' id='line_1_72' title="bbox 1901 1647 3312 1704; baseline 0 -1"><span class='ocrx_word' id='word_1_441' title='bbox 1901 1647 2026 1703; x_wconf 83' lang='lat'><strong>850.</strong></span> <span class='ocrx_word' id='word_1_442' title='bbox 2321 1647 2407 1702; x_wconf 87' lang='grc'><strong>10.</strong></span> <span class='ocrx_word' id='word_1_443' title='bbox 2797 1648 2852 1704; x_wconf 87' lang='lat'><strong>6.</strong></span> <span class='ocrx_word' id='word_1_444' title='bbox 3258 1647 3312 1703; x_wconf 82' lang='lat'><strong>5.</strong></span> 
     </span>
    </p>
   </div>
   <div class='ocr_carea' id='block_1_73' title="bbox 1903 1737 3422 1813">
    <p class='ocr_par' dir='ltr' id='par_1_73' title="bbox 1903 1737 3422 1813">
     <span class='ocr_line' id='line_1_73' title="bbox 1903 1737 3422 1813; baseline -0.001 -21"><span class='ocrx_word' id='word_1_445' title='bbox 1903 1739 2079 1813; x_wconf 73' lang='lat' dir='ltr'><strong>(Matt.</strong></span> <span class='ocrx_word' id='word_1_446' title='bbox 2104 1737 2179 1812; x_wconf 86' lang='lat' dir='ltr'><strong>[F</strong></span> <span class='ocrx_word' id='word_1_447' title='bbox 2184 1739 2248 1811; x_wconf 66' lang='lat'><strong>.1)</strong></span> <span class='ocrx_word' id='word_1_448' title='bbox 2271 1738 2467 1796; x_wconf 90' lang='lat' dir='ltr'><strong>Franci</strong></span> <span class='ocrx_word' id='word_1_449' title='bbox 2495 1755 2524 1794; x_wconf 92' lang='lat' dir='ltr'><strong>a</strong></span> <span class='ocrx_word' id='word_1_450' title='bbox 2538 1737 2827 1794; x_wconf 85' lang='lat' dir='ltr'><strong>Boemanis</strong></span> <span class='ocrx_word' id='word_1_451' title='bbox 2847 1738 3021 1810; x_wconf 89' lang='lat' dir='ltr'><strong>prelio</strong></span> <span class='ocrx_word' id='word_1_452' title='bbox 3048 1738 3282 1808; x_wconf 84' lang='lat' dir='ltr'><strong>graviter</strong></span> <span class='ocrx_word' id='word_1_453' title='bbox 3301 1738 3422 1792; x_wconf 89' lang='lat' dir='ltr'><strong>vin-</strong></span> 
     </span>
    </p>
   </div>
   <div class='ocr_carea' id='block_1_74' title="bbox 1830 1826 3423 1900">
    <p class='ocr_par' dir='ltr' id='par_1_74' title="bbox 1830 1826 3423 1900">
     <span class='ocr_line' id='line_1_74' title="bbox 1830 1826 3423 1900; baseline -0.006 -12"><span class='ocrx_word' id='word_1_454' title='bbox 1830 1842 2048 1888; x_wconf 90' lang='lat' dir='ltr'><strong>cuntur.</strong></span> <span class='ocrx_word' id='word_1_455' title='bbox 2073 1829 2174 1886; x_wconf 87' lang='lat' dir='ltr'><strong>Cui</strong></span> <span class='ocrx_word' id='word_1_456' title='bbox 2197 1831 2337 1886; x_wconf 90' lang='lat' dir='ltr'><strong>bello</strong></span> <span class='ocrx_word' id='word_1_457' title='bbox 2365 1830 2592 1900; x_wconf 90' lang='lat' dir='ltr'><strong>spiritus</strong></span> <span class='ocrx_word' id='word_1_458' title='bbox 2614 1831 2887 1900; x_wconf 88' lang='lat' dir='ltr'><strong>malignus</strong></span> <span class='ocrx_word' id='word_1_459' title='bbox 2917 1844 2976 1884; x_wconf 92' lang='lat' dir='ltr'><strong>se</strong></span> <span class='ocrx_word' id='word_1_460' title='bbox 3005 1826 3291 1897; x_wconf 84' lang='lat' dir='ltr'><strong>prefuisse,</strong></span> <span class='ocrx_word' id='word_1_461' title='bbox 3326 1842 3423 1896; x_wconf 90' lang='lat' dir='ltr'><strong>per</strong></span> 
     </span>
    </p>
   </div>
   <div class='ocr_carea' id='block_1_75' title="bbox 1829 1907 3422 1991">
    <p class='ocr_par' dir='ltr' id='par_1_75' title="bbox 1829 1907 3422 1991">
     <span class='ocr_line' id='line_1_75' title="bbox 1829 1907 3422 1991; baseline -0.006 -13"><span class='ocrx_word' id='word_1_462' title='bbox 1829 1939 1892 1978; x_wconf 92' lang='lat' dir='ltr'><strong>os</strong></span> <span class='ocrx_word' id='word_1_463' title='bbox 1920 1921 2193 1991; x_wconf 87' lang='lat' dir='ltr'><strong>abreptitii</strong></span> <span class='ocrx_word' id='word_1_464' title='bbox 2217 1907 2435 1991; x_wconf 84' lang='lat' dir='ltr'><strong>publice</strong></span> <span class='ocrx_word' id='word_1_465' title='bbox 2469 1929 2801 1991; x_wconf 88' lang='lat' dir='ltr'><strong>protestatus</strong></span> <span class='ocrx_word' id='word_1_466' title='bbox 2831 1929 2937 1985; x_wconf 84' lang='lat' dir='ltr'><strong>est,</strong></span> <span class='ocrx_word' id='word_1_467' title='bbox 2962 1928 3018 1972; x_wconf 90' lang='lat' dir='ltr'><strong>et</strong></span> <span class='ocrx_word' id='word_1_468' title='bbox 3043 1935 3140 1988; x_wconf 90' lang='lat' dir='ltr'><strong>per</strong></span> <span class='ocrx_word' id='word_1_469' title='bbox 3162 1935 3220 1973; x_wconf 92' lang='lat' dir='ltr'><strong>se</strong></span> <span class='ocrx_word' id='word_1_470' title='bbox 3246 1925 3300 1971; x_wconf 86' lang='lat' dir='ltr'><strong>et</strong></span> <span class='ocrx_word' id='word_1_471' title='bbox 3325 1932 3422 1986; x_wconf 88' lang='lat' dir='ltr'><strong>per</strong></span> 
     </span>
    </p>
   </div>
   <div class='ocr_carea' id='block_1_76' title="bbox 1828 1998 3416 2083">
    <p class='ocr_par' dir='ltr' id='par_1_76' title="bbox 1828 1998 3416 2083">
     <span class='ocr_line' id='line_1_76' title="bbox 1828 1998 3416 2083; baseline -0.005 -15"><span class='ocrx_word' id='word_1_472' title='bbox 1828 2028 1961 2069; x_wconf 92' lang='lat' dir='ltr'><strong>suos</strong></span> <span class='ocrx_word' id='word_1_473' title='bbox 1983 2013 2186 2079; x_wconf 87' lang='lat' dir='ltr'><strong>socios,</strong></span> <span class='ocrx_word' id='word_1_474' title='bbox 2226 2012 2454 2083; x_wconf 90' lang='lat' dir='ltr'><strong>spiritus</strong></span> <span class='ocrx_word' id='word_1_475' title='bbox 2489 2011 2700 2070; x_wconf 85' lang='lat' dir='ltr'><strong>scilicet</strong></span> <span class='ocrx_word' id='word_1_476' title='bbox 2727 1998 2997 2081; x_wconf 80' lang='lat' dir='ltr'><strong>superbiae</strong></span> <span class='ocrx_word' id='word_1_477' title='bbox 3027 2018 3082 2066; x_wconf 87' lang='lat' dir='ltr'><strong>et</strong></span> <span class='ocrx_word' id='word_1_478' title='bbox 3109 2009 3416 2082; x_wconf 66' lang='lat' dir='ltr'><strong>discordim,</strong></span> 
     </span>
    </p>
   </div>
   <div class='ocr_carea' id='block_1_77' title="bbox 1827 2101 3400 2179">
    <p class='ocr_par' dir='ltr' id='par_1_77' title="bbox 1827 2101 3400 2179">
     <span class='ocr_line' id='line_1_77' title="bbox 1827 2101 3400 2179; baseline -0.001 -21"><span class='ocrx_word' id='word_1_479' title='bbox 1827 2105 2027 2175; x_wconf 87' lang='lat' dir='ltr'><strong>egisse,</strong></span> <span class='ocrx_word' id='word_1_480' title='bbox 2051 2111 2113 2157; x_wconf 91' lang='lat' dir='ltr'><strong>ut</strong></span> <span class='ocrx_word' id='word_1_481' title='bbox 2140 2101 2337 2179; x_wconf 85' lang='lat' dir='ltr'><strong>Franci</strong></span> <span class='ocrx_word' id='word_1_482' title='bbox 2363 2111 2512 2174; x_wconf 84' lang='lat' dir='ltr'><strong>terga</strong></span> <span class='ocrx_word' id='word_1_483' title='bbox 2540 2111 2831 2157; x_wconf 84' lang='lat' dir='ltr'><strong>verterent.</strong></span> <span class='ocrx_word' id='word_1_484' title='bbox 3395 2152 3400 2157; x_wconf 88' lang='lat'><strong>.</strong></span> 
     </span>
    </p>
   </div>
   <div class='ocr_carea' id='block_1_78' title="bbox 1899 2192 3310 2253">
    <p class='ocr_par' dir='ltr' id='par_1_78' title="bbox 1899 2192 3310 2253">
     <span class='ocr_line' id='line_1_78' title="bbox 1899 2192 3310 2253; baseline -0.002 -2"><span class='ocrx_word' id='word_1_485' title='bbox 1899 2197 2026 2253; x_wconf 81' lang='grc'><strong>851.</strong></span> <span class='ocrx_word' id='word_1_486' title='bbox 2350 2197 2438 2252; x_wconf 86' lang='grc'><strong>11.</strong></span> <span class='ocrx_word' id='word_1_487' title='bbox 2833 2194 2884 2250; x_wconf 90' lang='grc'><strong>7.</strong></span> <span class='ocrx_word' id='word_1_488' title='bbox 3255 2192 3310 2249; x_wconf 86' lang='grc'><strong>6.</strong></span> 
     </span>
    </p>
   </div>
   <div class='ocr_carea' id='block_1_79' title="bbox 1899 2282 3417 2360">
    <p class='ocr_par' dir='ltr' id='par_1_79' title="bbox 1899 2282 3417 2360">
     <span class='ocr_line' id='line_1_79' title="bbox 1899 2282 3417 2360; baseline -0.006 -15"><span class='ocrx_word' id='word_1_489' title='bbox 1899 2289 2166 2360; x_wconf 73' lang='lat' dir='ltr'><strong>Reliquiae</strong></span> <span class='ocrx_word' id='word_1_490' title='bbox 2192 2289 2367 2345; x_wconf 88' lang='lat' dir='ltr'><strong>sancti</strong></span> <span class='ocrx_word' id='word_1_491' title='bbox 2397 2287 2671 2344; x_wconf 88' lang='lat' dir='ltr'><strong>Hermetis</strong></span> <span class='ocrx_word' id='word_1_492' title='bbox 2691 2286 2948 2358; x_wconf 87' lang='lat' dir='ltr'><strong>martyris</strong></span> <span class='ocrx_word' id='word_1_493' title='bbox 2971 2301 3068 2356; x_wconf 89' lang='lat' dir='ltr'><strong>per</strong></span> <span class='ocrx_word' id='word_1_494' title='bbox 3095 2282 3417 2339; x_wconf 88' lang='lat' dir='ltr'><strong>Lotharium</strong></span> 
     </span>
    </p>
   </div>
   <div class='ocr_carea' id='block_1_80' title="bbox 1829 2373 3415 2453">
    <p class='ocr_par' dir='ltr' id='par_1_80' title="bbox 1829 2373 3415 2453">
     <span class='ocr_line' id='line_1_80' title="bbox 1829 2373 3415 2453; baseline -0.008 -15"><span class='ocrx_word' id='word_1_495' title='bbox 1829 2383 2215 2453; x_wconf 88' lang='lat' dir='ltr'><strong>imperatorem</strong></span> <span class='ocrx_word' id='word_1_496' title='bbox 2251 2381 2306 2436; x_wconf 86' lang='lat' dir='ltr'><strong>i‘n</strong></span> <span class='ocrx_word' id='word_1_497' title='bbox 2348 2379 2554 2438; x_wconf 87' lang='lat' dir='ltr'><strong>Gallias</strong></span> <span class='ocrx_word' id='word_1_498' title='bbox 2601 2380 2910 2444; x_wconf 88' lang='lat' dir='ltr'><strong>mittuntur,</strong></span> <span class='ocrx_word' id='word_1_499' title='bbox 2943 2385 2997 2431; x_wconf 90' lang='lat' dir='ltr'><strong>et</strong></span> <span class='ocrx_word' id='word_1_500' title='bbox 3044 2375 3187 2447; x_wconf 87' lang='lat' dir='ltr'><strong>apud</strong></span> <span class='ocrx_word' id='word_1_501' title='bbox 3229 2373 3415 2429; x_wconf 91' lang='lat' dir='ltr'><strong>lndam</strong></span> 
     </span>
    </p>
   </div>
   <div class='ocr_carea' id='block_1_81' title="bbox 1828 2467 3419 2539">
    <p class='ocr_par' dir='ltr' id='par_1_81' title="bbox 1828 2467 3419 2539">
     <span class='ocr_line' id='line_1_81' title="bbox 1828 2467 3419 2539; baseline -0.008 -8"><span class='ocrx_word' id='word_1_502' title='bbox 1828 2476 2228 2532; x_wconf 88' lang='lat' dir='ltr'><strong>monasterium</strong></span> <span class='ocrx_word' id='word_1_503' title='bbox 2251 2473 2551 2529; x_wconf 81' lang='lat' dir='ltr'><strong>honorifice</strong></span> <span class='ocrx_word' id='word_1_504' title='bbox 2581 2471 2912 2531; x_wconf 91' lang='lat' dir='ltr'><strong>conduntur.</strong></span> <span class='ocrx_word' id='word_1_505' title='bbox 2941 2467 3074 2539; x_wconf 81' lang='grc' dir='ltr'><strong>(Ιὸ.)</strong></span> <span class='ocrx_word' id='word_1_506' title='bbox 3098 2467 3294 2522; x_wconf 87' lang='lat' dir='ltr'><strong>Fames</strong></span> <span class='ocrx_word' id='word_1_507' title='bbox 3326 2481 3419 2519; x_wconf 84' lang='lat' dir='ltr'><strong>va-</strong></span> 
     </span>
    </p>
   </div>
   <div class='ocr_carea' id='block_1_82' title="bbox 1828 2561 3416 2634">
    <p class='ocr_par' dir='ltr' id='par_1_82' title="bbox 1828 2561 3416 2634">
     <span class='ocr_line' id='line_1_82' title="bbox 1828 2561 3416 2634; baseline -0.007 -10"><span class='ocrx_word' id='word_1_508' title='bbox 1828 2570 1938 2625; x_wconf 88' lang='lat' dir='ltr'><strong>lida</strong></span> <span class='ocrx_word' id='word_1_509' title='bbox 1975 2568 2325 2624; x_wconf 88' lang='lat' dir='ltr'><strong>Germaniam</strong></span> <span class='ocrx_word' id='word_1_510' title='bbox 2349 2566 2575 2634; x_wconf 87' lang='lat' dir='ltr'><strong>attrivit,</strong></span> <span class='ocrx_word' id='word_1_511' title='bbox 2601 2575 2660 2620; x_wconf 89' lang='lat' dir='ltr'><strong>ut</strong></span> <span class='ocrx_word' id='word_1_512' title='bbox 2687 2565 2848 2620; x_wconf 89' lang='lat' dir='ltr'><strong>etiam</strong></span> <span class='ocrx_word' id='word_1_513' title='bbox 2873 2571 3026 2633; x_wconf 90' lang='lat' dir='ltr'><strong>pater</strong></span> <span class='ocrx_word' id='word_1_514' title='bbox 3054 2561 3224 2623; x_wconf 82' lang='lat' dir='ltr'><strong>ﬁlium</strong></span> <span class='ocrx_word' id='word_1_515' title='bbox 3255 2573 3416 2615; x_wconf 87' lang='lat' dir='ltr'><strong>suum</strong></span> 
     </span>
    </p>
   </div>
   <div class='ocr_carea' id='block_1_83' title="bbox 1829 2651 3420 2728">
    <p class='ocr_par' dir='ltr' id='par_1_83' title="bbox 1829 2651 3420 2728">
     <span class='ocr_line' id='line_1_83' title="bbox 1829 2651 3420 2728; baseline -0.008 -12"><span class='ocrx_word' id='word_1_516' title='bbox 1829 2661 2092 2716; x_wconf 88' lang='lat' dir='ltr'><strong>devorare</strong></span> <span class='ocrx_word' id='word_1_517' title='bbox 2125 2659 2389 2725; x_wconf 90' lang='lat' dir='ltr'><strong>voluerit;</strong></span> <span class='ocrx_word' id='word_1_518' title='bbox 2422 2674 2533 2728; x_wconf 88' lang='lat' dir='ltr'><strong>quo</strong></span> <span class='ocrx_word' id='word_1_519' title='bbox 2575 2666 2818 2726; x_wconf 89' lang='lat' dir='ltr'><strong>tempore</strong></span> <span class='ocrx_word' id='word_1_520' title='bbox 2852 2655 3112 2710; x_wconf 83' lang='lat' dir='ltr'><strong>Rabanus</strong></span> <span class='ocrx_word' id='word_1_521' title='bbox 3148 2651 3420 2721; x_wconf 84' lang='lat' dir='ltr'><strong>archiepi-</strong></span> 
     </span>
    </p>
   </div>
   <div class='ocr_carea' id='block_1_84' title="bbox 1829 2741 3415 2820">
    <p class='ocr_par' dir='ltr' id='par_1_84' title="bbox 1829 2741 3415 2820">
     <span class='ocr_line' id='line_1_84' title="bbox 1829 2741 3415 2820; baseline -0.006 -15"><span class='ocrx_word' id='word_1_522' title='bbox 1829 2766 2030 2820; x_wconf 91' lang='lat' dir='ltr'><strong>scopus</strong></span> <span class='ocrx_word' id='word_1_523' title='bbox 2060 2749 2290 2804; x_wconf 89' lang='lat' dir='ltr'><strong>multam</strong></span> <span class='ocrx_word' id='word_1_524' title='bbox 2319 2748 2652 2819; x_wconf 88' lang='lat' dir='ltr'><strong>pauperibus</strong></span> <span class='ocrx_word' id='word_1_525' title='bbox 2681 2745 3102 2801; x_wconf 89' lang='lat' dir='ltr'><strong>benivolentiam</strong></span> <span class='ocrx_word' id='word_1_526' title='bbox 3147 2741 3415 2798; x_wconf 82' lang='lat' dir='ltr'><strong>exhibuit.</strong></span> 
     </span>
    </p>
   </div>
   <div class='ocr_carea' id='block_1_85' title="bbox 1900 2823 3306 2898">
    <p class='ocr_par' dir='ltr' id='par_1_85' title="bbox 1900 2823 3306 2898">
     <span class='ocr_line' id='line_1_85' title="bbox 1900 2823 3306 2898; baseline -0.007 0"><span class='ocrx_word' id='word_1_527' title='bbox 1900 2842 2028 2898; x_wconf 76' lang='lat'><strong>852.</strong></span> <span class='ocrx_word' id='word_1_528' title='bbox 2349 2841 2437 2895; x_wconf 70' lang='lat'><strong>12.</strong></span> <span class='ocrx_word' id='word_1_529' title='bbox 2718 2823 2735 2836; x_wconf 80' lang='lat'><strong>‘</strong></span> <span class='ocrx_word' id='word_1_530' title='bbox 2829 2837 2881 2894; x_wconf 88' lang='lat'><strong>8.</strong></span> <span class='ocrx_word' id='word_1_531' title='bbox 3255 2833 3306 2888; x_wconf 85' lang='lat'><strong>7.</strong></span> 
     </span>
    </p>
   </div>
   <div class='ocr_carea' id='block_1_86' title="bbox 1901 2924 3420 3005">
    <p class='ocr_par' dir='ltr' id='par_1_86' title="bbox 1901 2924 3420 3005">
     <span class='ocr_line' id='line_1_86' title="bbox 1901 2924 3420 3005; baseline -0.005 -18"><span class='ocrx_word' id='word_1_532' title='bbox 1901 2933 2035 3005; x_wconf 83' lang='grc' dir='ltr'><strong>(Ιὸ.)</strong></span> <span class='ocrx_word' id='word_1_533' title='bbox 2068 2932 2300 2989; x_wconf 85' lang='lat' dir='ltr'><strong>Karolus</strong></span> <span class='ocrx_word' id='word_1_534' title='bbox 2321 2949 2419 2988; x_wconf 77' lang='lat' dir='ltr'><strong>rex</strong></span> <span class='ocrx_word' id='word_1_535' title='bbox 2447 2931 2786 2986; x_wconf 88' lang='lat' dir='ltr'><strong>Francorum</strong></span> <span class='ocrx_word' id='word_1_536' title='bbox 2825 2929 2969 2986; x_wconf 85' lang='lat' dir='ltr'><strong>ﬁlios</strong></span> <span class='ocrx_word' id='word_1_537' title='bbox 3008 2927 3192 2984; x_wconf 82' lang='lat' dir='ltr'><strong>fratris</strong></span> <span class='ocrx_word' id='word_1_538' title='bbox 3220 2927 3304 2984; x_wconf 90' lang='lat' dir='ltr'><strong>sui</strong></span> <span class='ocrx_word' id='word_1_539' title='bbox 3328 2924 3420 2980; x_wconf 92' lang='lat' dir='ltr'><strong>Pi-</strong></span> 
     </span>
    </p>
   </div>
   <div class='ocr_carea' id='block_1_87' title="bbox 1829 3020 3419 3096">
    <p class='ocr_par' dir='ltr' id='par_1_87' title="bbox 1829 3020 3419 3096">
     <span class='ocr_line' id='line_1_87' title="bbox 1829 3020 3419 3096; baseline -0.003 -17"><span class='ocrx_word' id='word_1_540' title='bbox 1829 3025 1946 3095; x_wconf 91' lang='lat' dir='ltr'><strong>pini</strong></span> <span class='ocrx_word' id='word_1_541' title='bbox 1983 3022 2148 3096; x_wconf 77' lang='lat' dir='ltr'><strong>regis,</strong></span> <span class='ocrx_word' id='word_1_542' title='bbox 2175 3024 2430 3096; x_wconf 85' lang='lat' dir='ltr'><strong>Pipinum</strong></span> <span class='ocrx_word' id='word_1_543' title='bbox 2459 3034 2512 3079; x_wconf 94' lang='lat' dir='ltr'><strong>et</strong></span> <span class='ocrx_word' id='word_1_544' title='bbox 2537 3023 2816 3088; x_wconf 85' lang='lat' dir='ltr'><strong>Karolum,</strong></span> <span class='ocrx_word' id='word_1_545' title='bbox 2851 3037 3079 3093; x_wconf 86' lang='lat' dir='ltr'><strong>regnum</strong></span> <span class='ocrx_word' id='word_1_546' title='bbox 3110 3020 3419 3091; x_wconf 79' lang='lat' dir='ltr'><strong>inquietan-</strong></span> 
     </span>
    </p>
   </div>
   <div class='ocr_carea' id='block_1_88' title="bbox 1830 3112 3417 3188">
    <p class='ocr_par' dir='ltr' id='par_1_88' title="bbox 1830 3112 3417 3188">
     <span class='ocr_line' id='line_1_88' title="bbox 1830 3112 3417 3188; baseline -0.003 -16"><span class='ocrx_word' id='word_1_547' title='bbox 1830 3127 1912 3173; x_wconf 90' lang='lat' dir='ltr'><strong>tes</strong></span> <span class='ocrx_word' id='word_1_548' title='bbox 1935 3117 2099 3188; x_wconf 89' lang='lat' dir='ltr'><strong>capit,</strong></span> <span class='ocrx_word' id='word_1_549' title='bbox 2126 3125 2181 3172; x_wconf 90' lang='lat' dir='ltr'><strong>et</strong></span> <span class='ocrx_word' id='word_1_550' title='bbox 2220 3117 2276 3171; x_wconf 91' lang='lat' dir='ltr'><strong>in</strong></span> <span class='ocrx_word' id='word_1_551' title='bbox 2298 3117 2630 3172; x_wconf 89' lang='lat' dir='ltr'><strong>monachum</strong></span> <span class='ocrx_word' id='word_1_552' title='bbox 2656 3124 2904 3183; x_wconf 84' lang='lat' dir='ltr'><strong>attonsos</strong></span> <span class='ocrx_word' id='word_1_553' title='bbox 2939 3115 2993 3168; x_wconf 90' lang='lat' dir='ltr'><strong>in</strong></span> <span class='ocrx_word' id='word_1_554' title='bbox 3024 3112 3417 3169; x_wconf 83' lang='lat' dir='ltr'><strong>monasterium</strong></span> 
     </span>
    </p>
   </div>
   <div class='ocr_carea' id='block_1_89' title="bbox 1828 3210 2018 3264">
    <p class='ocr_par' dir='ltr' id='par_1_89' title="bbox 1828 3210 2018 3264">
     <span class='ocr_line' id='line_1_89' title="bbox 1828 3210 2018 3264; baseline 0 0"><span class='ocrx_word' id='word_1_555' title='bbox 1828 3210 2018 3264; x_wconf 90' lang='lat' dir='ltr'><strong>trudit.</strong></span> 
     </span>
    </p>
   </div>
   <div class='ocr_carea' id='block_1_90' title="bbox 1895 3297 3306 3356">
    <p class='ocr_par' dir='ltr' id='par_1_90' title="bbox 1895 3297 3306 3356">
     <span class='ocr_line' id='line_1_90' title="bbox 1895 3297 3306 3356; baseline -0.002 -2"><span class='ocrx_word' id='word_1_556' title='bbox 1895 3302 2021 3356; x_wconf 75' lang='grc'><strong>855.</strong></span> <span class='ocrx_word' id='word_1_557' title='bbox 2348 3301 2434 3356; x_wconf 78' lang='grc'><strong>15.</strong></span> <span class='ocrx_word' id='word_1_558' title='bbox 2828 3301 2881 3355; x_wconf 88' lang='grc'><strong>9.</strong></span> <span class='ocrx_word' id='word_1_559' title='bbox 3251 3297 3306 3352; x_wconf 88' lang='grc'>8.</span> 
     </span>
    </p>
   </div>
   <div class='ocr_carea' id='block_1_91' title="bbox 1899 3390 3418 3465">
    <p class='ocr_par' dir='ltr' id='par_1_91' title="bbox 1899 3390 3418 3465">
     <span class='ocr_line' id='line_1_91' title="bbox 1899 3390 3418 3465; baseline -0.001 -20"><span class='ocrx_word' id='word_1_560' title='bbox 1899 3390 2076 3464; x_wconf 72' lang='lat' dir='ltr'><strong>(Matt.</strong></span> <span class='ocrx_word' id='word_1_561' title='bbox 2127 3391 2247 3465; x_wconf 58' lang='grc' dir='ltr'><strong>μὶ]</strong></span> <span class='ocrx_word' id='word_1_562' title='bbox 2295 3391 2657 3448; x_wconf 85' lang='lat' dir='ltr'><strong>Northmanm</strong></span> <span class='ocrx_word' id='word_1_563' title='bbox 2701 3408 2797 3463; x_wconf 92' lang='lat' dir='ltr'><strong>per</strong></span> <span class='ocrx_word' id='word_1_564' title='bbox 2837 3407 2988 3447; x_wconf 88' lang='lat' dir='ltr'><strong>mare</strong></span> <span class='ocrx_word' id='word_1_565' title='bbox 3018 3391 3418 3452; x_wconf 83' lang='lat' dir='ltr'><strong>Brittannieum</strong></span> 
     </span>
    </p>
   </div>
   <div class='ocr_carea' id='block_1_92' title="bbox 1825 3481 3416 3556">
    <p class='ocr_par' dir='ltr' id='par_1_92' title="bbox 1825 3481 3416 3556">
     <span class='ocr_line' id='line_1_92' title="bbox 1825 3481 3416 3556; baseline -0.003 -16"><span class='ocrx_word' id='word_1_566' title='bbox 1825 3484 1966 3540; x_wconf 90' lang='lat' dir='ltr'><strong>ostia</strong></span> <span class='ocrx_word' id='word_1_567' title='bbox 2010 3481 2221 3556; x_wconf 87' lang='lat' dir='ltr'><strong>Ligeris</strong></span> <span class='ocrx_word' id='word_1_568' title='bbox 2252 3484 2508 3554; x_wconf 90' lang='lat' dir='ltr'><strong>ingressi,</strong></span> <span class='ocrx_word' id='word_1_569' title='bbox 2555 3483 2746 3538; x_wconf 88' lang='lat' dir='ltr'><strong>urbem</strong></span> <span class='ocrx_word' id='word_1_570' title='bbox 2777 3481 3099 3538; x_wconf 85' lang='lat' dir='ltr'><strong>Namnetem</strong></span> <span class='ocrx_word' id='word_1_571' title='bbox 3131 3483 3416 3549; x_wconf 90' lang='lat' dir='ltr'><strong>invadunt,</strong></span> 
     </span>
    </p>
   </div>
   <div class='ocr_carea' id='block_1_93' title="bbox 1825 3574 3420 3646">
    <p class='ocr_par' dir='ltr' id='par_1_93' title="bbox 1825 3574 3420 3646">
     <span class='ocr_line' id='line_1_93' title="bbox 1825 3574 3420 3646; baseline -0.001 -16"><span class='ocrx_word' id='word_1_572' title='bbox 1825 3576 2145 3646; x_wconf 90' lang='lat' dir='ltr'><strong>episcopum</strong></span> <span class='ocrx_word' id='word_1_573' title='bbox 2194 3575 2461 3630; x_wconf 88' lang='lat' dir='ltr'><strong>sabbatho</strong></span> <span class='ocrx_word' id='word_1_574' title='bbox 2493 3585 2683 3628; x_wconf 89' lang='lat' dir='ltr'><strong>saneto</strong></span> <span class='ocrx_word' id='word_1_575' title='bbox 2710 3574 2930 3645; x_wconf 86' lang='lat' dir='ltr'><strong>pascha:</strong></span> <span class='ocrx_word' id='word_1_576' title='bbox 2958 3574 3291 3642; x_wconf 87' lang='lat' dir='ltr'><strong>baptismum</strong></span> <span class='ocrx_word' id='word_1_577' title='bbox 3328 3588 3420 3628; x_wconf 91' lang='lat' dir='ltr'><strong>ee-</strong></span> 
     </span>
    </p>
   </div>
   <div class='ocr_carea' id='block_1_94' title="bbox 1825 3657 3415 3736">
    <p class='ocr_par' dir='ltr' id='par_1_94' title="bbox 1825 3657 3415 3736">
     <span class='ocr_line' id='line_1_94' title="bbox 1825 3657 3415 3736; baseline -0.003 -11"><span class='ocrx_word' id='word_1_578' title='bbox 1825 3657 2461 3734; x_wconf 60' lang='lat' dir='ltr'><strong>lebrantem&#39;trueidant,</strong></span> <span class='ocrx_word' id='word_1_579' title='bbox 2493 3667 2701 3722; x_wconf 88' lang='lat' dir='ltr'><strong>clerum</strong></span> <span class='ocrx_word' id='word_1_580' title='bbox 2741 3675 2794 3721; x_wconf 89' lang='lat' dir='ltr'><strong>et</strong></span> <span class='ocrx_word' id='word_1_581' title='bbox 2819 3665 3079 3736; x_wconf 91' lang='lat' dir='ltr'><strong>populum</strong></span> <span class='ocrx_word' id='word_1_582' title='bbox 3119 3664 3415 3735; x_wconf 87' lang='lat' dir='ltr'><strong>perimunt.</strong></span> 
     </span>
    </p>
   </div>
   <div class='ocr_carea' id='block_1_95' title="bbox 1825 3759 3420 3834">
    <p class='ocr_par' dir='ltr' id='par_1_95' title="bbox 1825 3759 3420 3834">
     <span class='ocr_line' id='line_1_95' title="bbox 1825 3759 3420 3834; baseline -0.004 -17"><span class='ocrx_word' id='word_1_583' title='bbox 1825 3762 1956 3817; x_wconf 85' lang='lat' dir='ltr'><strong>lude</strong></span> <span class='ocrx_word' id='word_1_584' title='bbox 1978 3761 2308 3834; x_wconf 87' lang='lat' dir='ltr'><strong>Andegavis,</strong></span> <span class='ocrx_word' id='word_1_585' title='bbox 2333 3761 2529 3817; x_wconf 89' lang='lat' dir='ltr'><strong>deinde</strong></span> <span class='ocrx_word' id='word_1_586' title='bbox 2555 3759 2792 3815; x_wconf 90' lang='lat' dir='ltr'><strong>Turonis</strong></span> <span class='ocrx_word' id='word_1_587' title='bbox 2809 3767 3099 3828; x_wconf 87' lang='lat' dir='ltr'><strong>occupant,</strong></span> <span class='ocrx_word' id='word_1_588' title='bbox 3123 3767 3178 3814; x_wconf 89' lang='lat' dir='ltr'><strong>et</strong></span> <span class='ocrx_word' id='word_1_589' title='bbox 3202 3766 3262 3814; x_wconf 90' lang='lat' dir='ltr'><strong>ut</strong></span> <span class='ocrx_word' id='word_1_590' title='bbox 3283 3766 3420 3812; x_wconf 92' lang='lat' dir='ltr'><strong>tem-</strong></span> 
     </span>
    </p>
   </div>
   <div class='ocr_carea' id='block_1_96' title="bbox 1825 3847 3420 3926">
    <p class='ocr_par' dir='ltr' id='par_1_96' title="bbox 1825 3847 3420 3926">
     <span class='ocr_line' id='line_1_96' title="bbox 1825 3847 3420 3926; baseline -0.005 -16"><span class='ocrx_word' id='word_1_591' title='bbox 1825 3863 2008 3926; x_wconf 86' lang='lat' dir='ltr'><strong>pestas</strong></span> <span class='ocrx_word' id='word_1_592' title='bbox 2026 3855 2211 3910; x_wconf 89' lang='lat' dir='ltr'><strong>omnia</strong></span> <span class='ocrx_word' id='word_1_593' title='bbox 2226 3854 2477 3911; x_wconf 73' lang='lat' dir='ltr'><strong>diruunt-</strong></span> <span class='ocrx_word' id='word_1_594' title='bbox 2507 3853 2768 3924; x_wconf 89' lang='lat' dir='ltr'><strong>templum</strong></span> <span class='ocrx_word' id='word_1_595' title='bbox 2789 3850 2955 3907; x_wconf 88' lang='lat' dir='ltr'><strong>etiam</strong></span> <span class='ocrx_word' id='word_1_596' title='bbox 2996 3849 3172 3906; x_wconf 91' lang='lat' dir='ltr'><strong>sancti</strong></span> <span class='ocrx_word' id='word_1_597' title='bbox 3201 3847 3420 3904; x_wconf 80' lang='lat' dir='ltr'><strong>Martini</strong></span> 
     </span>
    </p>
   </div>
   <div class='ocr_carea' id='block_1_97' title="bbox 1826 3945 2141 4000">
    <p class='ocr_par' dir='ltr' id='par_1_97' title="bbox 1826 3945 2141 4000">
     <span class='ocr_line' id='line_1_97' title="bbox 1826 3945 2141 4000; baseline 0.003 -1"><span class='ocrx_word' id='word_1_598' title='bbox 1826 3945 2141 4000; x_wconf 89' lang='lat' dir='ltr'><strong>incendunt.</strong></span> 
     </span>
    </p>
   </div>
   <div class='ocr_carea' id='block_1_98' title="bbox 1897 4037 2021 4093">
    <p class='ocr_par' dir='ltr' id='par_1_98' title="bbox 1897 4037 2021 4093">
     <span class='ocr_line' id='line_1_98' title="bbox 1897 4037 2021 4093; baseline -0.008 -1"><span class='ocrx_word' id='word_1_599' title='bbox 1897 4037 2021 4093; x_wconf 76' lang='grc'><strong>851.</strong></span> 
     </span>
    </p>
   </div>
   <div class='ocr_carea' id='block_1_99' title="bbox 1900 4123 3419 4201">
    <p class='ocr_par' dir='ltr' id='par_1_99' title="bbox 1900 4123 3419 4201">
     <span class='ocr_line' id='line_1_99' title="bbox 1900 4123 3419 4201; baseline -0.005 -17"><span class='ocrx_word' id='word_1_600' title='bbox 1900 4127 1987 4201; x_wconf 87' lang='lat' dir='ltr'><strong>(G.</strong></span> <span class='ocrx_word' id='word_1_601' title='bbox 2013 4129 2186 4200; x_wconf 82' lang='lat' dir='ltr'><strong>pom.)</strong></span> <span class='ocrx_word' id='word_1_602' title='bbox 2210 4125 2540 4183; x_wconf 84' lang='lat' dir='ltr'><strong>Hincmarus</strong></span> <span class='ocrx_word' id='word_1_603' title='bbox 2565 4125 2861 4182; x_wconf 75' lang='lat' dir='ltr'><strong>Remorum</strong></span> <span class='ocrx_word' id='word_1_604' title='bbox 2888 4123 3334 4194; x_wconf 88' lang='lat' dir='ltr'><strong>archiepisc0pus</strong></span> <span class='ocrx_word' id='word_1_605' title='bbox 3361 4123 3419 4177; x_wconf 90' lang='lat' dir='ltr'><strong>in</strong></span> 
     </span>
    </p>
   </div>
   <div class='ocr_carea' id='block_1_100' title="bbox 1825 4212 3415 4288">
    <p class='ocr_par' dir='ltr' id='par_1_100' title="bbox 1825 4212 3415 4288">
     <span class='ocr_line' id='line_1_100' title="bbox 1825 4212 3415 4288; baseline -0.006 -12"><span class='ocrx_word' id='word_1_606' title='bbox 1825 4219 2060 4276; x_wconf 91' lang='lat' dir='ltr'><strong>Francia</strong></span> <span class='ocrx_word' id='word_1_607' title='bbox 2094 4219 2284 4284; x_wconf 90' lang='lat' dir='ltr'><strong>claret,</strong></span> <span class='ocrx_word' id='word_1_608' title='bbox 2315 4218 2410 4288; x_wconf 92' lang='lat' dir='ltr'><strong>qui</strong></span> <span class='ocrx_word' id='word_1_609' title='bbox 2457 4217 2625 4272; x_wconf 88' lang='lat' dir='ltr'><strong>vitam</strong></span> <span class='ocrx_word' id='word_1_610' title='bbox 2677 4215 2852 4272; x_wconf 91' lang='lat' dir='ltr'><strong>sancti</strong></span> <span class='ocrx_word' id='word_1_611' title='bbox 2899 4213 3130 4285; x_wconf 84' lang='lat' dir='ltr'><strong>Remigii</strong></span> <span class='ocrx_word' id='word_1_612' title='bbox 3176 4212 3415 4283; x_wconf 89' lang='lat' dir='ltr'><strong>scripsit.</strong></span> 
     </span>
    </p>
   </div>
   <div class='ocr_carea' id='block_1_101' title="bbox 1825 4299 3420 4376">
    <p class='ocr_par' dir='ltr' id='par_1_101' title="bbox 1825 4299 3420 4376">
     <span class='ocr_line' id='line_1_101' title="bbox 1825 4299 3420 4376; baseline -0.006 -9"><span class='ocrx_word' id='word_1_613' title='bbox 1825 4311 2150 4367; x_wconf 86' lang='lat' dir='ltr'><strong>Benedictus</strong></span> <span class='ocrx_word' id='word_1_614' title='bbox 2190 4310 2351 4366; x_wconf 70' lang='lat'><strong>105“</strong></span> <span class='ocrx_word' id='word_1_615' title='bbox 2397 4299 2656 4364; x_wconf 80' lang='lat' dir='ltr'><strong>Romanae</strong></span> <span class='ocrx_word' id='word_1_616' title='bbox 2701 4307 2962 4363; x_wconf 69' lang='lat' dir='ltr'><strong>aaeelesia:</strong></span> <span class='ocrx_word' id='word_1_617' title='bbox 2999 4304 3257 4376; x_wconf 86' lang='lat' dir='ltr'><strong>presidet.</strong></span> <span class='ocrx_word' id='word_1_618' title='bbox 3305 4303 3420 4358; x_wconf 82' lang='lat' dir='ltr'><strong>Hoc</strong></span> 
     </span>
    </p>
   </div>
   <div class='ocr_carea' id='block_1_102' title="bbox 1827 4397 3416 4476">
    <p class='ocr_par' dir='ltr' id='par_1_102' title="bbox 1827 4397 3416 4476">
     <span class='ocr_line' id='line_1_102' title="bbox 1827 4397 3416 4476; baseline -0.007 -15"><span class='ocrx_word' id='word_1_619' title='bbox 1827 4404 2229 4476; x_wconf 90' lang='lat' dir='ltr'><strong>conspiratione</strong></span> <span class='ocrx_word' id='word_1_620' title='bbox 2287 4402 2652 4475; x_wconf 88' lang='lat' dir='ltr'><strong>quorumdam</strong></span> <span class='ocrx_word' id='word_1_621' title='bbox 2707 4401 3072 4471; x_wconf 88' lang='lat' dir='ltr'><strong>malignorum</strong></span> <span class='ocrx_word' id='word_1_622' title='bbox 3127 4397 3374 4468; x_wconf 86' lang='lat' dir='ltr'><strong>deposito</strong></span> <span class='ocrx_word' id='word_1_623' title='bbox 3399 4438 3416 4463; x_wconf 91' lang='lat'><strong>,</strong></span> 
     </span>
    </p>
   </div>
   <div class='ocr_carea' id='block_1_103' title="bbox 1825 4487 3419 4572">
    <p class='ocr_par' dir='ltr' id='par_1_103' title="bbox 1825 4487 3419 4572">
     <span class='ocr_line' id='line_1_103' title="bbox 1825 4487 3419 4572; baseline -0.005 -23"><span class='ocrx_word' id='word_1_624' title='bbox 1825 4495 2150 4552; x_wconf 83' lang='lat' dir='ltr'><strong>Anastasius</strong></span> <span class='ocrx_word' id='word_1_625' title='bbox 2171 4495 2506 4564; x_wconf 88' lang='lat' dir='ltr'><strong>presulatum</strong></span> <span class='ocrx_word' id='word_1_626' title='bbox 2529 4492 2755 4548; x_wconf 89' lang='lat' dir='ltr'><strong>invadit.</strong></span> <span class='ocrx_word' id='word_1_627' title='bbox 2782 4491 2889 4546; x_wconf 88' lang='lat' dir='ltr'><strong>Sed</strong></span> <span class='ocrx_word' id='word_1_628' title='bbox 2912 4491 3087 4563; x_wconf 78' lang='lat' dir='ltr'><strong>(Mett.</strong></span> <span class='ocrx_word' id='word_1_629' title='bbox 3115 4487 3419 4572; x_wconf 40' lang='lat' dir='ltr'><strong>[F.]).Ana—</strong></span> 
     </span>
    </p>
   </div>
   <div class='ocr_carea' id='block_1_104' title="bbox 1829 4578 3417 4658">
    <p class='ocr_par' dir='ltr' id='par_1_104' title="bbox 1829 4578 3417 4658">
     <span class='ocr_line' id='line_1_104' title="bbox 1829 4578 3417 4658; baseline -0.006 -15"><span class='ocrx_word' id='word_1_630' title='bbox 1829 4588 2000 4644; x_wconf 88' lang='lat' dir='ltr'><strong>stasio</strong></span> <span class='ocrx_word' id='word_1_631' title='bbox 2047 4603 2079 4642; x_wconf 91' lang='lat' dir='ltr'><strong>a</strong></span> <span class='ocrx_word' id='word_1_632' title='bbox 2109 4587 2302 4658; x_wconf 90' lang='lat' dir='ltr'><strong>legatis</strong></span> <span class='ocrx_word' id='word_1_633' title='bbox 2331 4586 2680 4656; x_wconf 87' lang='lat' dir='ltr'><strong>imperatoris</strong></span> <span class='ocrx_word' id='word_1_634' title='bbox 2720 4583 2967 4639; x_wconf 91' lang='lat' dir='ltr'><strong>Lotharii</strong></span> <span class='ocrx_word' id='word_1_635' title='bbox 3014 4578 3318 4652; x_wconf 75' lang='lat' dir='ltr'><strong>dejecto&#39;et</strong></span> <span class='ocrx_word' id='word_1_636' title='bbox 3361 4580 3417 4635; x_wconf 91' lang='lat' dir='ltr'><strong>in</strong></span> 
     </span>
    </p>
   </div>
   <div class='ocr_carea' id='block_1_105' title="bbox 1825 4673 3415 4746">
    <p class='ocr_par' dir='ltr' id='par_1_105' title="bbox 1825 4673 3415 4746">
     <span class='ocr_line' id='line_1_105' title="bbox 1825 4673 3415 4746; baseline -0.006 -10"><span class='ocrx_word' id='word_1_637' title='bbox 1825 4695 2045 4736; x_wconf 89' lang='lat' dir='ltr'><strong>carcere</strong></span> <span class='ocrx_word' id='word_1_638' title='bbox 2105 4688 2297 4746; x_wconf 82' lang='lat' dir='ltr'><strong>truso,</strong></span> <span class='ocrx_word' id='word_1_639' title='bbox 2357 4677 2681 4734; x_wconf 89' lang='lat' dir='ltr'><strong>Benedictus</strong></span> <span class='ocrx_word' id='word_1_640' title='bbox 2747 4675 3052 4732; x_wconf 80' lang='lat' dir='ltr'><strong>honoriﬁce</strong></span> <span class='ocrx_word' id='word_1_641' title='bbox 3119 4673 3415 4730; x_wconf 82' lang='lat' dir='ltr'><strong>relocatur.</strong></span> 
     </span>
    </p>
   </div>
   <div class='ocr_carea' id='block_1_106' title="bbox 1823 4766 3419 4844">
    <p class='ocr_par' dir='ltr' id='par_1_106' title="bbox 1823 4766 3419 4844">
     <span class='ocr_line' id='line_1_106' title="bbox 1823 4766 3419 4844; baseline -0.004 -16"><span class='ocrx_word' id='word_1_642' title='bbox 1823 4773 2186 4829; x_wconf 87' lang='lat' dir='ltr'><strong>Northmanni</strong></span> <span class='ocrx_word' id='word_1_643' title='bbox 2209 4773 2302 4844; x_wconf 93' lang='lat' dir='ltr'><strong>qui</strong></span> <span class='ocrx_word' id='word_1_644' title='bbox 2332 4789 2427 4843; x_wconf 89' lang='lat' dir='ltr'><strong>per</strong></span> <span class='ocrx_word' id='word_1_645' title='bbox 2454 4771 2525 4826; x_wconf 73' lang='lat'><strong>20</strong></span> <span class='ocrx_word' id='word_1_646' title='bbox 2549 4787 2724 4828; x_wconf 91' lang='lat' dir='ltr'><strong>annos</strong></span> <span class='ocrx_word' id='word_1_647' title='bbox 2748 4770 3040 4826; x_wconf 90' lang='lat' dir='ltr'><strong>Franciam</strong></span> <span class='ocrx_word' id='word_1_648' title='bbox 3075 4766 3241 4826; x_wconf 88' lang='lat' dir='ltr'><strong>nimis</strong></span> <span class='ocrx_word' id='word_1_649' title='bbox 3262 4769 3419 4824; x_wconf 88' lang='lat' dir='ltr'><strong>attri—</strong></span> 
     </span>
    </p>
   </div>
   <div class='ocr_carea' id='block_1_107' title="bbox 1824 4859 3418 4932">
    <p class='ocr_par' dir='ltr' id='par_1_107' title="bbox 1824 4859 3418 4932">
     <span class='ocr_line' id='line_1_107' title="bbox 1824 4859 3418 4932; baseline -0.002 -16"><span class='ocrx_word' id='word_1_650' title='bbox 1824 4871 2034 4931; x_wconf 89' lang='lat' dir='ltr'><strong>verant,</strong></span> <span class='ocrx_word' id='word_1_651' title='bbox 2068 4863 2123 4917; x_wconf 94' lang='lat' dir='ltr'><strong>in</strong></span> <span class='ocrx_word' id='word_1_652' title='bbox 2155 4863 2388 4932; x_wconf 89' lang='lat' dir='ltr'><strong>patriam</strong></span> <span class='ocrx_word' id='word_1_653' title='bbox 2422 4877 2581 4918; x_wconf 90' lang='lat' dir='ltr'><strong>suam</strong></span> <span class='ocrx_word' id='word_1_654' title='bbox 2625 4861 2852 4929; x_wconf 89' lang='lat' dir='ltr'><strong>reversi,</strong></span> <span class='ocrx_word' id='word_1_655' title='bbox 2885 4859 3147 4916; x_wconf 88' lang='lat' dir='ltr'><strong>intestino</strong></span> <span class='ocrx_word' id='word_1_656' title='bbox 3186 4859 3327 4914; x_wconf 92' lang='lat' dir='ltr'><strong>inter</strong></span> <span class='ocrx_word' id='word_1_657' title='bbox 3357 4873 3418 4914; x_wconf 92' lang='lat' dir='ltr'><strong>se</strong></span> 
     </span>
    </p>
   </div>
   <div class='ocr_carea' id='block_1_108' title="bbox 2345 4031 3304 4092">
    <p class='ocr_par' dir='ltr' id='par_1_108' title="bbox 2345 4031 3304 4092">
     <span class='ocr_line' id='line_1_108' title="bbox 2345 4031 3304 4092; baseline -0.004 -2"><span class='ocrx_word' id='word_1_658' title='bbox 2345 4037 2434 4092; x_wconf 74' lang='lat' dir='ltr'><strong>M.</strong></span> <span class='ocrx_word' id='word_1_659' title='bbox 2794 4032 2882 4088; x_wconf 87' lang='grc'><strong>10.</strong></span> <span class='ocrx_word' id='word_1_660' title='bbox 3253 4031 3304 4086; x_wconf 83' lang='grc'><strong>9.</strong></span> 
     </span>
    </p>
   </div>
   <div class='ocr_carea' id='block_1_109' title="bbox 1776 4950 3414 5026">
    <p class='ocr_par' dir='ltr' id='par_1_109' title="bbox 1776 4950 3414 5026">
     <span class='ocr_line' id='line_1_109' title="bbox 1776 4950 3414 5026; baseline -0.003 -17"><span class='ocrx_word' id='word_1_661' title='bbox 1776 5005 1781 5009; x_wconf 81' lang='lat'><strong>.</strong></span> <span class='ocrx_word' id='word_1_662' title='bbox 1825 4955 1966 5011; x_wconf 88' lang='lat' dir='ltr'><strong>bello</strong></span> <span class='ocrx_word' id='word_1_663' title='bbox 2001 4971 2178 5026; x_wconf 89' lang='lat' dir='ltr'><strong>usque</strong></span> <span class='ocrx_word' id='word_1_664' title='bbox 2209 4955 2279 5010; x_wconf 89' lang='lat' dir='ltr'><strong>ad</strong></span> <span class='ocrx_word' id='word_1_665' title='bbox 2305 4954 2731 5020; x_wconf 84' lang='lat' dir='ltr'><strong>internecionem</strong></span> <span class='ocrx_word' id='word_1_666' title='bbox 2757 4954 3030 5020; x_wconf 89' lang='lat' dir='ltr'><strong>delentur,</strong></span> <span class='ocrx_word' id='word_1_667' title='bbox 3059 4960 3120 5006; x_wconf 88' lang='lat' dir='ltr'><strong>ut</strong></span> <span class='ocrx_word' id='word_1_668' title='bbox 3157 4951 3224 5007; x_wconf 88' lang='lat' dir='ltr'><strong>de</strong></span> <span class='ocrx_word' id='word_1_669' title='bbox 3265 4950 3414 5022; x_wconf 86' lang='lat' dir='ltr'><strong>regia</strong></span> 
     </span>
    </p>
   </div>
   <div class='ocr_carea' id='block_1_110' title="bbox 1825 5041 3411 5119">
    <p class='ocr_par' dir='ltr' id='par_1_110' title="bbox 1825 5041 3411 5119">
     <span class='ocr_line' id='line_1_110' title="bbox 1825 5041 3411 5119; baseline -0.004 -17"><span class='ocrx_word' id='word_1_670' title='bbox 1825 5062 2016 5102; x_wconf 86' lang='lat' dir='ltr'><strong>eorum</strong></span> <span class='ocrx_word' id='word_1_671' title='bbox 2042 5047 2210 5117; x_wconf 89' lang='lat' dir='ltr'><strong>stirpe</strong></span> <span class='ocrx_word' id='word_1_672' title='bbox 2233 5047 2416 5103; x_wconf 91' lang='lat' dir='ltr'><strong>nullus</strong></span> <span class='ocrx_word' id='word_1_673' title='bbox 2442 5047 2549 5103; x_wconf 92' lang='lat' dir='ltr'><strong>nisi</strong></span> <span class='ocrx_word' id='word_1_674' title='bbox 2570 5064 2712 5103; x_wconf 90' lang='lat' dir='ltr'><strong>unus</strong></span> <span class='ocrx_word' id='word_1_675' title='bbox 2740 5063 2876 5119; x_wconf 81' lang='lat' dir='ltr'><strong>puer</strong></span> <span class='ocrx_word' id='word_1_676' title='bbox 2906 5053 3212 5102; x_wconf 87' lang='lat' dir='ltr'><strong>remaneret</strong></span> <span class='ocrx_word' id='word_1_677' title='bbox 3240 5041 3411 5115; x_wconf 79' lang='grc'><strong>(179).</strong></span> 
     </span>
    </p>
   </div>
   <div class='ocr_carea' id='block_1_111' title="bbox 1408 5161 2090 5219">
    <p class='ocr_par' dir='ltr' id='par_1_111' title="bbox 1408 5161 2090 5219">
     <span class='ocr_line' id='line_1_111' title="bbox 1408 5161 2090 5219; baseline 0.006 -4"><span class='ocrx_word' id='word_1_678' title='bbox 1408 5161 1644 5216; x_wconf 78' lang='lat' dir='ltr'><strong>VARUE</strong></span> <span class='ocrx_word' id='word_1_679' title='bbox 1687 5161 2090 5219; x_wconf 78' lang='lat' dir='ltr'><strong>LECTIONES.</strong></span> 
     </span>
    </p>
   </div>
   <div class='ocr_carea' id='block_1_112' title="bbox 236 5243 858 5306">
    <p class='ocr_par' dir='ltr' id='par_1_112' title="bbox 236 5243 858 5306">
     <span class='ocr_line' id='line_1_112' title="bbox 236 5243 858 5306; baseline 0.01 -6"><span class='ocrx_word' id='word_1_680' title='bbox 236 5243 371 5302; x_wconf 84' lang='lat' dir='ltr'><strong>&quot;&#39;M.</strong></span> <span class='ocrx_word' id='word_1_681' title='bbox 394 5247 450 5303; x_wconf 88' lang='grc' dir='ltr'><strong>Β.</strong></span> <span class='ocrx_word' id='word_1_682' title='bbox 487 5266 538 5306; x_wconf 91' lang='lat' dir='ltr'><strong>o.</strong></span> <span class='ocrx_word' id='word_1_683' title='bbox 576 5250 764 5305; x_wconf 77' lang='lat' dir='ltr'><strong>desunt</strong></span> <span class='ocrx_word' id='word_1_684' title='bbox 794 5249 858 5306; x_wconf 87' lang='grc' dir='ltr'><strong>Ι).</strong></span> 
     </span>
    </p>
   </div>
   <div class='ocr_carea' id='block_1_113' title="bbox 1655 5490 1886 5549">
    <p class='ocr_par' dir='ltr' id='par_1_113' title="bbox 1655 5490 1886 5549">
     <span class='ocr_line' id='line_1_113' title="bbox 1655 5490 1886 5549; baseline 0.009 -3"><span class='ocrx_word' id='word_1_685' title='bbox 1655 5490 1886 5549; x_wconf 64' lang='lat' dir='ltr'><strong>NOTAE.</strong></span> 
     </span>
    </p>
   </div>
   <div class='ocr_carea' id='block_1_114' title="bbox 243 5546 1714 5632">
    <p class='ocr_par' dir='ltr' id='par_1_114' title="bbox 243 5546 1714 5632">
     <span class='ocr_line' id='line_1_114' title="bbox 243 5546 1714 5632; baseline 0.012 -32"><span class='ocrx_word' id='word_1_686' title='bbox 243 5546 378 5632; x_wconf 59' lang='lat' dir='ltr'><strong>(H9)</strong></span> <span class='ocrx_word' id='word_1_687' title='bbox 399 5551 456 5632; x_wconf 81' lang='lat' dir='ltr'><strong>In</strong></span> <span class='ocrx_word' id='word_1_688' title='bbox 490 5559 640 5632; x_wconf 85' lang='lat' dir='ltr'><strong>nullo</strong></span> <span class='ocrx_word' id='word_1_689' title='bbox 672 5575 836 5630; x_wconf 87' lang='lat' dir='ltr'><strong>quem</strong></span> <span class='ocrx_word' id='word_1_690' title='bbox 865 5561 1182 5632; x_wconf 87' lang='lat' dir='ltr'><strong>noverimus</strong></span> <span class='ocrx_word' id='word_1_691' title='bbox 1218 5559 1486 5632; x_wconf 88' lang='lat' dir='ltr'><strong>Sigeberti</strong></span> <span class='ocrx_word' id='word_1_692' title='bbox 1526 5563 1714 5618; x_wconf 91' lang='lat' dir='ltr'><strong>codice</strong></span> 
     </span>
    </p>
   </div>
   <div class='ocr_carea' id='block_1_115' title="bbox 192 5626 1778 5715">
    <p class='ocr_par' dir='ltr' id='par_1_115' title="bbox 192 5626 1778 5715">
     <span class='ocr_line' id='line_1_115' title="bbox 192 5626 1778 5715; baseline 0.005 -35"><span class='ocrx_word' id='word_1_693' title='bbox 192 5626 389 5715; x_wconf 47' lang='lat' dir='ltr'><strong>mugit</strong></span> <span class='ocrx_word' id='word_1_694' title='bbox 424 5626 583 5715; x_wconf 66' lang='lat' dir='ltr'><strong>locus</strong></span> <span class='ocrx_word' id='word_1_695' title='bbox 609 5626 854 5711; x_wconf 73' lang='lat' dir='ltr'><strong>famosus</strong></span> <span class='ocrx_word' id='word_1_696' title='bbox 885 5626 1501 5715; x_wconf 41' lang='lat' dir='ltr'><strong>de_.!phanna.p&#39;apiss‘a,</strong></span> <span class='ocrx_word' id='word_1_697' title='bbox 1547 5649 1712 5715; x_wconf 71' lang='lat' dir='ltr'><strong>quem</strong></span> <span class='ocrx_word' id='word_1_698' title='bbox 1773 5659 1778 5668; x_wconf 88' lang='grc'><strong>·</strong></span> 
     </span>
    </p>
   </div>
   <div class='ocr_carea' id='block_1_116' title="bbox 193 5680 1712 5771">
    <p class='ocr_par' dir='ltr' id='par_1_116' title="bbox 193 5680 1712 5771">
     <span class='ocr_line' id='line_1_116' title="bbox 193 5680 1712 5771; baseline 0.013 -30"><span class='ocrx_word' id='word_1_699' title='bbox 193 5680 271 5771; x_wconf 63' lang='lat' dir='ltr'><strong>lioc</strong></span> <span class='ocrx_word' id='word_1_700' title='bbox 292 5689 394 5771; x_wconf 83' lang='lat' dir='ltr'><strong>loco</strong></span> <span class='ocrx_word' id='word_1_701' title='bbox 417 5680 579 5753; x_wconf 61' lang='lat' dir='ltr'><strong>edas</strong></span> <span class='ocrx_word' id='word_1_702' title='bbox 599 5680 851 5771; x_wconf 46' lang='lat' dir='ltr'><strong>mea;</strong></span> <span class='ocrx_word' id='word_1_703' title='bbox 877 5680 1712 5770; x_wconf 57' lang='grc' dir='ltr'><strong>ἑὶιιῖἰιέἷρῖιῶῗέἰὶῖιῖἐἅίῖὄῖἶὲ</strong></span> 
     </span>
    </p>
   </div>
   <div class='ocr_carea' id='block_1_117' title="bbox 193 5766 1712 5844">
    <p class='ocr_par' dir='ltr' id='par_1_117' title="bbox 193 5766 1712 5844">
     <span class='ocr_line' id='line_1_117' title="bbox 193 5766 1712 5844; baseline 0.014 -36"><span class='ocrx_word' id='word_1_704' title='bbox 193 5766 386 5820; x_wconf 81' lang='lat' dir='ltr'><strong>lnsertus</strong></span> <span class='ocrx_word' id='word_1_705' title='bbox 426 5778 525 5838; x_wconf 89' lang='lat' dir='ltr'><strong>est,</strong></span> <span class='ocrx_word' id='word_1_706' title='bbox 575 5766 719 5844; x_wconf 80' lang='lat' dir='ltr'><strong>quod</strong></span> <span class='ocrx_word' id='word_1_707' title='bbox 766 5766 1045 5843; x_wconf 74' lang='lat' dir='ltr'><strong>addubito,</strong></span> <span class='ocrx_word' id='word_1_708' title='bbox 1083 5789 1115 5830; x_wconf 91' lang='lat' dir='ltr'><strong>a</strong></span> <span class='ocrx_word' id='word_1_709' title='bbox 1159 5766 1436 5831; x_wconf 76' lang='lat' dir='ltr'><strong>monacho</strong></span> <span class='ocrx_word' id='word_1_710' title='bbox 1489 5772 1712 5832; x_wconf 83' lang='lat' dir='ltr'><strong>Votensi</strong></span> 
     </span>
    </p>
   </div>
   <div class='ocr_carea' id='block_1_118' title="bbox 193 5248 3405 5340">
    <p class='ocr_par' dir='ltr' id='par_1_118' title="bbox 193 5248 3405 5340">
     <span class='ocr_line' id='line_1_118' title="bbox 193 5248 3405 5340; baseline 0.001 -39"><span class='ocrx_word' id='word_1_711' title='bbox 193 5248 764 5340; x_wconf 28' lang='lat' dir='ltr'><strong>(&quot;‘t&#39;AMLBLoLdesunt</strong></span> <span class='ocrx_word' id='word_1_712' title='bbox 1035 5249 1313 5340; x_wconf 11' lang='grc' dir='ltr'><strong>νξνξῃιιρρίη</strong></span> <span class='ocrx_word' id='word_1_713' title='bbox 1359 5250 1800 5340; x_wconf 48' lang='grc' dir='ltr'><strong>1.]ιιξςξ111δεα</strong></span> <span class='ocrx_word' id='word_1_714' title='bbox 1820 5251 1964 5340; x_wconf 51' lang='grc' dir='ltr'><strong>ξιιιι</strong></span> <span class='ocrx_word' id='word_1_715' title='bbox 1983 5270 2006 5340; x_wconf 56' lang='grc' dir='ltr'><strong>ἰ</strong></span> <span class='ocrx_word' id='word_1_716' title='bbox 2026 5252 2117 5307; x_wconf 86' lang='lat' dir='ltr'><strong>sed</strong></span> <span class='ocrx_word' id='word_1_717' title='bbox 2129 5251 2250 5340; x_wconf 51' lang='lat' dir='ltr'><strong>join</strong></span> <span class='ocrx_word' id='word_1_718' title='bbox 2285 5252 2697 5340; x_wconf 48' lang='lat' dir='ltr'><strong>radendot&#39;ndil</strong></span> <span class='ocrx_word' id='word_1_719' title='bbox 2723 5263 2990 5340; x_wconf 45' lang='lat' dir='ltr'><strong>mutatu&quot;:</strong></span> <span class='ocrx_word' id='word_1_720' title='bbox 3015 5248 3405 5340; x_wconf 36' lang='lat' dir='ltr'><strong>efLAXIHLA};</strong></span> 
     </span>
    </p>
   </div>
   <div class='ocr_carea' id='block_1_119' title="bbox 132 5321 2231 5394">
    <p class='ocr_par' dir='ltr' id='par_1_119' title="bbox 132 5321 2231 5394">
     <span class='ocr_line' id='line_1_119' title="bbox 132 5321 2231 5394; baseline 0.005 -28"><span class='ocrx_word' id='word_1_721' title='bbox 132 5331 134 5339; x_wconf 59' lang='grc' dir='ltr'><strong>ν</strong></span> <span class='ocrx_word' id='word_1_722' title='bbox 194 5321 401 5394; x_wconf 36' lang='lat' dir='ltr'><strong>(fictura</strong></span> <span class='ocrx_word' id='word_1_723' title='bbox 424 5337 620 5394; x_wconf 67' lang='lat' dir='ltr'><strong>annum</strong></span> <span class='ocrx_word' id='word_1_724' title='bbox 648 5322 709 5394; x_wconf 7' lang='lat' dir='ltr'><strong>(in</strong></span> <span class='ocrx_word' id='word_1_725' title='bbox 739 5337 932 5394; x_wconf 63' lang='lat' dir='ltr'><strong>rasura</strong></span> <span class='ocrx_word' id='word_1_726' title='bbox 956 5321 1305 5394; x_wconf 12' lang='lat' dir='ltr'><strong>scripsitrSig.</strong></span> <span class='ocrx_word' id='word_1_727' title='bbox 1349 5321 1461 5394; x_wconf 69' lang='lat' dir='ltr'><strong>cur.</strong></span> <span class='ocrx_word' id='word_1_728' title='bbox 1497 5323 1704 5394; x_wconf 80' lang='lat' dir='ltr'><strong>tertiis;</strong></span> <span class='ocrx_word' id='word_1_729' title='bbox 1755 5322 1945 5394; x_wconf 80' lang='lat' dir='ltr'><strong>quibus</strong></span> <span class='ocrx_word' id='word_1_730' title='bbox 1983 5324 2046 5384; x_wconf 85' lang='grc' dir='ltr'><strong>1η</strong></span> <span class='ocrx_word' id='word_1_731' title='bbox 2079 5321 2231 5377; x_wconf 83' lang='lat' dir='ltr'><strong>addit</strong></span> 
     </span>
    </p>
   </div>
   <div class='ocr_carea' id='block_1_120' title="bbox 190 5379 1814 5463">
    <p class='ocr_par' dir='ltr' id='par_1_120' title="bbox 190 5379 1814 5463">
     <span class='ocr_line' id='line_1_120' title="bbox 190 5379 1814 5463; baseline 0.007 -24"><span class='ocrx_word' id='word_1_732' title='bbox 190 5379 334 5460; x_wconf 69' lang='lat' dir='ltr'><strong>Altum</strong></span> <span class='ocrx_word' id='word_1_733' title='bbox 351 5387 535 5462; x_wconf 79' lang='lat' dir='ltr'><strong>Vyleyr</strong></span> <span class='ocrx_word' id='word_1_734' title='bbox 554 5391 762 5447; x_wconf 87' lang='lat' dir='ltr'><strong>diciter.</strong></span> <span class='ocrx_word' id='word_1_735' title='bbox 789 5390 998 5446; x_wconf 86' lang='lat' dir='ltr'><strong>Horum</strong></span> <span class='ocrx_word' id='word_1_736' title='bbox 1023 5379 1137 5448; x_wconf 72' lang='lat' dir='ltr'><strong>loco</strong></span> <span class='ocrx_word' id='word_1_737' title='bbox 1158 5393 1224 5447; x_wconf 88' lang='lat' dir='ltr'><strong>A.</strong></span> <span class='ocrx_word' id='word_1_738' title='bbox 1253 5379 1368 5463; x_wconf 58' lang='lat' dir='ltr'><strong>post</strong></span> <span class='ocrx_word' id='word_1_739' title='bbox 1391 5392 1595 5450; x_wconf 86' lang='lat' dir='ltr'><strong>diocesi</strong></span> <span class='ocrx_word' id='word_1_740' title='bbox 1619 5379 1814 5450; x_wconf 43' lang='lat' dir='ltr'><strong>ad&#39;dit&#39;:</strong></span> 
     </span>
    </p>
   </div>
   <div class='ocr_carea' id='block_1_121' title="bbox 2252 5318 3412 5391">
    <p class='ocr_par' dir='ltr' id='par_1_121' title="bbox 2252 5318 3412 5391">
     <span class='ocr_line' id='line_1_121' title="bbox 2252 5318 3412 5391; baseline -0.005 -12"><span class='ocrx_word' id='word_1_741' title='bbox 2252 5340 2271 5379; x_wconf 92' lang='lat'><strong><em>:</em></strong></span> <span class='ocrx_word' id='word_1_742' title='bbox 2303 5325 2584 5382; x_wconf 90' lang='lat' dir='ltr'><strong>recondita</strong></span> <span class='ocrx_word' id='word_1_743' title='bbox 2609 5325 2664 5380; x_wconf 92' lang='lat' dir='ltr'><strong>in</strong></span> <span class='ocrx_word' id='word_1_744' title='bbox 2691 5326 2922 5382; x_wconf 90' lang='lat' dir='ltr'><strong>eenobio</strong></span> <span class='ocrx_word' id='word_1_745' title='bbox 2959 5323 3015 5379; x_wconf 93' lang='lat' dir='ltr'><strong>S.</strong></span> <span class='ocrx_word' id='word_1_746' title='bbox 3049 5323 3218 5390; x_wconf 84' lang='lat' dir='ltr'><strong>Petri,</strong></span> <span class='ocrx_word' id='word_1_747' title='bbox 3263 5318 3412 5391; x_wconf 90' lang='lat' dir='ltr'><strong>quod</strong></span> 
     </span>
    </p>
   </div>
   <div class='ocr_carea' id='block_1_122' title="bbox 1841 5393 2694 5453">
    <p class='ocr_par' dir='ltr' id='par_1_122' title="bbox 1841 5393 2694 5453">
     <span class='ocr_line' id='line_1_122' title="bbox 1841 5393 2694 5453; baseline 0.008 -5"><span class='ocrx_word' id='word_1_748' title='bbox 1841 5395 1897 5449; x_wconf 92' lang='lat' dir='ltr'><strong>in</strong></span> <span class='ocrx_word' id='word_1_749' title='bbox 1942 5393 2230 5453; x_wconf 76' lang='lat' dir='ltr'><strong>Altuillari.</strong></span> <span class='ocrx_word' id='word_1_750' title='bbox 2687 5413 2694 5420; x_wconf 88' lang='lat'>&#39;</span> 
     </span>
    </p>
   </div>
   <div class='ocr_carea' id='block_1_123' title="bbox 1822 5561 3410 5649">
    <p class='ocr_par' dir='ltr' id='par_1_123' title="bbox 1822 5561 3410 5649">
     <span class='ocr_line' id='line_1_123' title="bbox 1822 5561 3410 5649; baseline -0.002 -30"><span class='ocrx_word' id='word_1_751' title='bbox 1822 5563 2347 5649; x_wconf 12' lang='lat' dir='ltr'><strong>originemltraxisse</strong></span> <span class='ocrx_word' id='word_1_752' title='bbox 2367 5573 2612 5649; x_wconf 64' lang='lat' dir='ltr'><strong>oportet;</strong></span> <span class='ocrx_word' id='word_1_753' title='bbox 2640 5574 2695 5621; x_wconf 92' lang='lat' dir='ltr'><strong>at</strong></span> <span class='ocrx_word' id='word_1_754' title='bbox 2711 5565 2898 5649; x_wconf 74' lang='lat' dir='ltr'><strong>codice</strong></span> <span class='ocrx_word' id='word_1_755' title='bbox 2919 5563 3064 5649; x_wconf 56' lang='grc' dir='ltr'><strong>Ε81ιζ</strong></span> <span class='ocrx_word' id='word_1_756' title='bbox 3071 5563 3188 5649; x_wconf 63' lang='lat' dir='ltr'><strong>jam</strong></span> <span class='ocrx_word' id='word_1_757' title='bbox 3209 5561 3410 5649; x_wconf 52' lang='grc' dir='ltr'><strong>ρερςῇ</strong></span> 
     </span>
    </p>
   </div>
   <div class='ocr_carea' id='block_1_124' title="bbox 1823 5634 3410 5704">
    <p class='ocr_par' dir='ltr' id='par_1_124' title="bbox 1823 5634 3410 5704">
     <span class='ocr_line' id='line_1_124' title="bbox 1823 5634 3410 5704; baseline 0.001 -16"><span class='ocrx_word' id='word_1_758' title='bbox 1823 5634 1958 5702; x_wconf 80' lang='lat' dir='ltr'><strong>dite,</strong></span> <span class='ocrx_word' id='word_1_759' title='bbox 1996 5636 2130 5691; x_wconf 90' lang='lat' dir='ltr'><strong>certi</strong></span> <span class='ocrx_word' id='word_1_760' title='bbox 2159 5653 2223 5693; x_wconf 90' lang='lat' dir='ltr'><strong>ea</strong></span> <span class='ocrx_word' id='word_1_761' title='bbox 2262 5638 2330 5693; x_wconf 92' lang='lat' dir='ltr'><strong>de</strong></span> <span class='ocrx_word' id='word_1_762' title='bbox 2355 5634 2421 5692; x_wconf 78' lang='lat' dir='ltr'><strong>re</strong></span> <span class='ocrx_word' id='word_1_763' title='bbox 2461 5637 2535 5690; x_wconf 91' lang='lat' dir='ltr'><strong>nil</strong></span> <span class='ocrx_word' id='word_1_764' title='bbox 2561 5636 2676 5704; x_wconf 89' lang='lat' dir='ltr'><strong>jam</strong></span> <span class='ocrx_word' id='word_1_765' title='bbox 2724 5635 3009 5691; x_wconf 89' lang='lat' dir='ltr'><strong>habemus.</strong></span> <span class='ocrx_word' id='word_1_766' title='bbox 3042 5634 3254 5689; x_wconf 83' lang='lat' dir='ltr'><strong>Videsis</strong></span> <span class='ocrx_word' id='word_1_767' title='bbox 3282 5647 3410 5703; x_wconf 60' lang='lat' dir='ltr'><strong>qua</strong></span> 
     </span>
    </p>
   </div>
   <div class='ocr_carea' id='block_1_125' title="bbox 1819 5705 3331 5775">
    <p class='ocr_par' dir='ltr' id='par_1_125' title="bbox 1819 5705 3331 5775">
     <span class='ocr_line' id='line_1_125' title="bbox 1819 5705 3331 5775; baseline -0.001 -13"><span class='ocrx_word' id='word_1_768' title='bbox 1819 5705 1962 5763; x_wconf 81' lang='lat' dir='ltr'><strong>infra</strong></span> <span class='ocrx_word' id='word_1_769' title='bbox 1993 5706 2058 5763; x_wconf 90' lang='lat' dir='ltr'><strong>ad</strong></span> <span class='ocrx_word' id='word_1_770' title='bbox 2087 5706 2404 5763; x_wconf 87' lang='lat' dir='ltr'><strong>Auctarium</strong></span> <span class='ocrx_word' id='word_1_771' title='bbox 2432 5705 2873 5775; x_wconf 87' lang='lat' dir='ltr'><strong>Ursicampinum</strong></span> <span class='ocrx_word' id='word_1_772' title='bbox 2899 5705 3098 5761; x_wconf 87' lang='lat' dir='ltr'><strong>dicturi</strong></span> <span class='ocrx_word' id='word_1_773' title='bbox 3119 5719 3331 5762; x_wconf 89' lang='lat' dir='ltr'><strong>sumus.</strong></span> 
     </span>
    </p>
   </div>
  </div>
