3914 6314
557 301 666 358 165

629 415 756 472 855.
907 410 972 465 R.
1016 410 1103 464 15.
1355 407 1536 461 F.1l.
1849 402 1912 457 C.
1957 399 2042 455 10.

622 527 758 598 (1b.)
782 524 1172 588 'l‘errzemotus,
1203 521 1344 577 acris
1375 520 1594 575 insolita
1641 517 1956 582 commotio,
1979 514 2154 570 turbi-

553 634 676 683 nes,
712 623 1084 685 tempestates,
1115 614 1428 684 grandines,
1461 611 1712 678 fulmina,
1745 610 1916 665 multa
1964 608 2154 663 multis

554 709 735 764 modis
787 706 1134 762 incommoda
1200 703 1516 760 hominibus
1581 701 1845 757 inferunt.
1911 699 2150 767 Quidam

552 803 719 861 etiam
739 802 904 854 homo
929 799 1054 870 igne
1079 797 1280 853 caelesti
1308 804 1669 866 consumptus
1693 803 1796 860 est,
1819 803 1972 850 veste
1999 793 2152 848 illesa

555 899 831 946 manente.
865 887 1000 959 (1b.)
1024 887 1318 944 Lotharius
1351 887 1648 957 imperator
1676 885 1876 957 partito
1915 885 2046 940 inter
2089 887 2152 938 1i-

555 984 663 1038 lios
693 996 860 1051 regno
888 980 1238 1035 abrenuntiat
1270 979 1491 1045 saeculo,
1521 987 1576 1034 et
1605 978 1662 1032 in
1698 977 1919 1032 Prumia
1957 991 2151 1032 mona-

554 1073 723 1128 sterio
745 1072 934 1126 habitu
955 1071 1211 1125 monachi
1234 1078 1509 1139 suscepto,
1536 1085 1646 1125 non
1671 1069 1844 1123 multo
1868 1076 1994 1138 post
2021 1066 2152 1122 dor-

555 1163 713 1219 mivit
735 1164 789 1216 in
813 1162 1067 1217 Domino.
1098 1160 1449 1228 Ludowicus,
1472 1160 1618 1215 [ilius
1642 1159 1784 1229 ejus,
1811 1159 1940 1219 olim
1965 1172 1996 1211 a
2026 1156 2154 1211 Ser-

553 1255 644 1324 gio
675 1268 814 1323 papa
861 1251 916 1305 in
964 1267 1145 1321 regem
1189 1258 1411 1316 unctus,
1445 1250 1680 1319 imperat
1723 1247 1884 1302 annis
1921 1246 2007 1300 15.
2047 1243 2153 1299 Lo-

557 1345 773 1400 tharius
795 1359 926 1399 vero
952 1342 1122 1398 frater
1155 1343 1276 1413 ejus
1299 1341 1712 1412 Lotharingiam
1741 1347 1887 1394 tenet
1910 1339 1998 1392 "‘3.

628 1438 754 1493 856.
1123 1438 1175 1492 1.
1538 1435 1626 1489 12.
1955 1432 2041 1487 11.

630 1528 766 1600 (Ιὸ.)
797 1528 1058 1583 Rabanus
1085 1528 1320 1600 egregiae
1355 1527 1481 1582 vitae
1515 1535 1570 1582 et
1615 1523 1858 1580 scientiae
1885 1522 2153 1591 archiepi-

560 1635 760 1690 scopus
822 1619 976 1674 obiit.
1044 1619 1396 1690 Maginradus
1465 1618 1690 1672 eremita
1756 1615 2147 1670 martirizatur.

1730 283 2092 345 SlCEBEBTl
2127 278 2652 339 GEMBLACENSIS

2180 399 2229 456 A
2255 395 2494 451 studium
2523 391 2898 464 Moguntinam
2922 385 3224 444 :ecclesiam
3251 384 3560 442 illustravit.
3583 385 3817 442 Ludowi-

3726 262 3814 328 161

2254 505 2353 545 cus
2394 503 2488 543 rex
2539 483 2846 541 Germaniae
2896 480 3131 552 plurima
3165 477 3333 548 prelia
3370 486 3560 532 contra
3617 477 3817 533 Sclavos

2253 593 2474 639 strenue
2503 577 2697 651 gessit;
2725 584 2781 630 et
2805 583 2965 645 capto
2991 573 3236 644 principe
3265 586 3458 624 eorum
3487 565 3707 624 Rastrix
3734 585 3817 624 no-

2254 677 2422 743 mine,
2455 681 2678 745 propter
2723 665 2983 725 violatam
3015 665 3176 723 ﬁdem
3212 666 3402 722 oculos
3429 669 3627 720 eruere
3655 657 3816 735 jussit.

2255 760 2390 840 (1b.)
2418 765 2770 835 Principibus
2811 760 2997 816 Karoli
3036 759 3180 831 regis
3221 751 3362 813 inter
3386 773 3446 814 se
3481 756 3821 813 discordanti-

2251 858 2376 924 bus,
2400 855 2674 911 Brittones
2703 854 3019 910 destitutam
3044 851 3247 906 auxilio
3271 858 3472 905 terram
3503 849 3820 914 invadentes,

2253 966 2426 1022 usque
2443 949 2682 1006 Pictavis
2703 947 2886 1004 omnia
2900 945 3164 1001 vastando
3180 944 3423 999 veniunt.
3441 941 3597 1010 Quos
3614 941 3822 996 redeun-

2251 1053 2336 1099 tes
2364 1058 2460 1098 rex
2503 1040 2742 1096 Karolus
2788 1040 3132 1111 proSccutus,
3173 1035 3512 1090 Britanniam
3560 1034 3745 1099 intrat,
3779 1041 3822 1087 et

2251 1152 2430 1207 pugna
2457 1144 2708 1192 conserta
2736 1132 2934 1188 Franci
2958 1131 3274 1197 vincuntur,
3302 1127 3585 1184 Brittones
3615 1125 3671 1183 in
3697 1123 3821 1182 caede

2251 1245 2443 1285 eorum
2475 1235 2799 1299 grassantur
2825 1224 2994 1296 (180).

2321 1342 2447 1398 860.
2807 1339 2860 1394 5.

2321 1451 2456 1524 (1b.)
2480 1449 2795 1506 Numeneus
2838 1463 2936 1504 rex
2970 1447 3280 1502 Brittonum
3309 1445 3441 1499 dum
3483 1444 3718 1498 instaret
3755 1457 3821 1495 re-

2251 1559 2419 1616 gnum
2453 1543 2794 1598 Francorum
2835 1539 3174 1611 depopulari,
3209 1538 3390 1592 visum
3419 1545 3506 1591 est
3529 1536 3585 1591 ei
3624 1535 3822 1589 asistere

2250 1638 2356 1692 sibi
2388 1644 2638 1693 sanctum
2666 1633 3067 1698 Maurilionem,
3101 1628 3516 1700 Andegavensis
3538 1628 3692 1684 urbis
3715 1627 3823 1681 olim

3215 1335 3302 1391 16.
3684 1333 3734 1388 4.

559 1708 752 1779 (Man)
783 1708 960 1804 _Apud-
973 1707 1510 1804 Constantinopolim
1541 1707 1772 1763 Michael
1799 1708 1950 1763 solus
1982 1708 2151 1777 impc—
2183 1750 2226 1804 Β
2248 1729 2599 1799 episcopum;
2628 1743 2660 1782 a
2689 1740 2800 1796 quo
2844 1725 2898 1778 in
2933 1724 3109 1794 capite
3130 1722 3329 1777 baculo
3358 1735 3683 1790 percussus,
3708 1720 3822 1774 inm

560 1808 647 1855 rat
670 1800 828 1855 annis
856 1799 920 1853 12
949 1800 1016 1832 ¹⁶⁹

632 1890 758 1946 857.
1114 1889 1170 1945 2.
1529 1892 1616 1946 15.
1954 1889 2040 1946 12.

631 2001 719 2071 (G.
750 2001 923 2074 pom.)
947 2001 1242 2060 Nicholaus
1267 2003 1429 2060 106us
1463 2004 1724 2060 Romanae
1749 2004 2009 2061 aecclesiae
2029 2019 2152 2075 pre-

561 2094 733 2161 sidet;
767 2095 926 2165 cujus
954 2095 1355 2152 ordinationem
1383 2096 1711 2153 Ludowicus
1734 2099 2029 2168 imperator
2053 2111 2152 2153 sua

560 2186 835 2254 presentia
869 2186 1167 2242 roboravit.
1195 2187 1372 2258 (Men.
1419 2186 1564 2261 [F.])
1595 2188 1838 2244 Colonia:
1864 2197 1986 2244 orta
2010 2197 2151 2244 tem-

560 2284 790 2345 pestate,
814 2279 1087 2349 populoin
1111 2280 1396 2336 basilicam
1425 2282 1600 2337 sancti
1620 2280 1769 2336 Petri
1784 2280 2152 2352 confugiente,

563 2367 771 2425 fulmen
803 2371 986 2426 subito
1020 2372 1195 2428 instar
1222 2371 1367 2443 ignei
1396 2373 1653 2430 draconis
1683 2374 1963 2429 basilicam
1992 2374 2157 2431 scidit

562 2477 626 2516 ac
646 2463 968 2532 penetravit,
999 2472 1052 2519 et
1073 2472 1186 2521 tres
1214 2465 1467 2522 homines
1490 2466 1723 2523 diversis
1743 2466 1964 2536 quidem
1991 2467 2154 2532 locis,

561 2553 659 2607 sed
688 2568 799 2606 uno
835 2553 944 2608 ictu
970 2554 1025 2607 in
1062 2563 1292 2610 mortem
1315 2556 1527 2625 dejecit.
1566 2556 1718 2612 Alios
1745 2558 1911 2612 etiam
1933 2572 2028 2612 sex
2061 2571 2158 2613 eo-

562 2643 687 2700 dem
717 2645 921 2715 impetu
939 2647 1234 2702 semivivos
1257 2649 1498 2717 reliquit.

638 2754 764 2810 858.
1122 2757 1157 2812 5
1233 2817 1238 2820 _
1543 2760 1626 2814 14.
1989 2761 2044 2815 2.
2120 2784 2122 2786 ·

639 2844 774 2917 (1b.)
798 2845 994 2902 Franci
1011 2863 1174 2932 super
1190 2849 1508 2905 credulitate
1531 2849 1714 2905 Karoli
1738 2852 1881 2923 regis
1904 2852 1990 2908 sui
2011 2854 2155 2922 apud

568 2933 920 2993 Ludowicum
963 2935 1188 2992 fratrem
1233 2939 1353 3009 ejus
1393 2941 1759 3010 expostulant,
1814 2950 2044 3017 et.eum
2087 2945 2156 2999 ad

569 3026 910 3098 regnandum
931 3045 1092 3099 super
1122 3046 1181 3086 se
1204 3039 1398 3087 contra
1429 3031 1690 3095 Karolum
1717 3033 1965 3089 invitant.
1997 3033 2154 3102 Quod

567 3118 658 3173 ille
689 3118 1003 3175 inconsultu
1027 3137 1341 3194 aggressus,
1366 3124 1595 3195 turpiter
1615 3125 1810 3181 alienis
1830 3126 2065 3182 excessit
2093 3127 2156 3181 ﬁ-

568 3211 750 3266 nibus.
783 3211 920 3284 (Ib.)
950 3211 1009 3266 In
1039 3215 1299 3284 parochia
1335 3216 1650 3289 Moguntina
1687 3218 1960 3291 malignus
1995 3219 2158 3289 spiri-

567 3309 657 3355 tus
678 3301 899 3357 evidens
921 3304 1179 3374 nequitia:
1201 3322 1314 3362 suae
1339 3307 1598 3364 indicium
1619 3309 1786 3366 dedit.
1814 3309 1951 3365 Nam
1977 3311 2156 3381 primo

568 3392 776 3462 lapides
800 3394 1075 3465 jaciendo,
1106 3407 1161 3454 et
1186 3398 1422 3468 parietes
1448 3400 1737 3456 domorum
1760 3403 1919 3474 quasi
1947 3401 2159 3458 malleis

571 3485 860 3555 pulsando,
884 3488 1011 3545 inde
1032 3490 1319 3548 manifeste
1341 3493 1634 3564 loquendo,
1663 3494 1808 3551 furta
1833 3497 1998 3552 etiam
2025 3512 2158 3567 pro-

567 3576 765 3646 dendo,
796 3579 1098 3638 discordias
1123 3583 1266 3638 inter
1296 3584 1505 3641 vicinos
1532 3586 1874 3656 seminando,
1907 3589 2160 3646 homines

567 3667 923 3741 inquietabat.
958 3672 1204 3744 Denique
1232 3675 1448 3732 animos
1479 3677 1728 3731 omnium
1766 3689 1959 3734 contra
1987 3697 2158 3737 unum

569 3761 846 3819 hominem
878 3766 1197 3832 commovit,
1225 3767 1385 3836 quasi
1407 3783 1508 3837 pro
1544 3769 1662 3839 ejus
1695 3773 1934 3840 peccatis
1979 3775 2158 3830 caiteri

554 3855 696 3909 talia
727 3865 1061 3925 paterentur.
1091 3857 1265 3928 Cujus
1288 3857 1472 3932 fruges
1496 3861 1551 3916 in
1595 3879 1766 3918 unum
1810 3878 2161 3924 coacervatas

568 3944 842 4014 incendit;
867 3948 963 4017 qui
993 3948 1303 4020 ubicunque
1323 3952 1602 4023 intrasset,
1633 3957 1818 4012 statim
1845 3959 2046 4016 domus
2070 3961 2160 4016 illa

569 4038 922 4106 exurebatur,
951 4049 1011 4095 ut
1051 4041 1167 4112 jam
1202 4042 1252 4098 ei
1301 4045 1408 4101 nisi
1451 4047 1509 4102 in
1534 4049 1682 4120 agris
1706 4050 1859 4106 locus
1902 4051 2160 4107 manendi

569 4126 755 4183 nullus
778 4138 943 4185 esset.
981 4129 1208 4200 Propter
1248 4136 1353 4192 hoc
1391 4139 1708 4207 prcsbiteris
1734 4141 1966 4199 letanias
1995 4159 2161 4215 agen-

570 4220 717 4276 tibus
747 4230 800 4277 et
831 4223 1173 4281 benedictam
1221 4244 1422 4300 aquam
1463 4232 1868 4303 spargentibus,
1902 4235 2160 4291 inimicus

571 4310 758 4366 multis
785 4311 992 4382 lapides
1013 4314 1266 4386 jaciendo
1305 4321 1624 4387 cruentatis,
1659 4323 1874 4378 tandem
1907 4325 2158 4395 aliquan-

570 4401 662 4456 diu
713 4404 938 4475 quievit.
976 4405 1302 4468 Presbiteris
1336 4414 1739 4482 recedentibus,
1782 4416 2038 4473 inimicus
2065 4418 2160 4475 lle-

571 4491 753 4573 bilitcr
782 4494 1023 4566 ululans,
1055 4500 1272 4558 tandem
1307 4505 1670 4574 presbiterum
1691 4508 1964 4578 quendam
1991 4512 2162 4566 nomi-

572 4586 741 4640 natim
773 4589 1105 4660 exprimens,
1135 4608 1213 4661 se,
1242 4597 1463 4665 quando
1508 4612 1650 4669 aqua
1694 4599 1980 4658 benedicta
2006 4619 2161 4674 spar-

570 4679 817 4750 gebatur,
842 4683 945 4737 sub
967 4701 1137 4756 cappa
1160 4687 1305 4744 illius
1328 4690 1488 4760 quasi
1518 4688 1803 4750 familiaris
1829 4695 1915 4750 sui
1936 4695 2162 4752 latuisse

571 4768 854 4838 professus
882 4783 992 4841 est;
1026 4792 1292 4834 accusans
1331 4797 1456 4835 eum
1484 4798 1609 4837 cum
1643 4784 1752 4838 ﬁlia
1784 4788 2159 4854 procuratoris

571 4864 956 4920 concubuisse.
992 4866 1082 4922 Sic
1117 4885 1212 4939 per
1252 4871 1548 4929 triennium
1580 4875 1799 4943 institit,
1845 4877 2020 4936 donec
2056 4881 2162 4937 ibi-

570 4953 694 5006 dem
720 4963 914 5011 cuncta
941 4959 1169 5015 aedificia
1196 4961 1448 5019 incendio
1475 4977 1842 5023 consumeret.

645 5043 767 5099 859.
1127 5051 1180 5105 εί.
1483 5102 1487 5106 .
1545 5055 1631 5110 15.
1997 5059 2050 5113 5.

645 5055 767 5099 859.
1127 5055 1180 5105 ει.
1483 5102 1487 5106 .
1545 5055 1569 5108 1
1618 5095 1631 5110 .
2036 5099 2050 5113 .

643 5134 778 5206 (1b.)
807 5135 1021 5197 Probus
1066 5144 1334 5213 presbiter
1364 5146 1521 5215 obiit,
1550 5055 1710 5219 cijus
1736 5059 2079 5207 conversafio
2105 5162 2161 5209 et

2253 1822 2348 1877 Dei
2374 1830 2551 1876 morte
2571 1819 2843 1891 persensit
2863 1817 3034 1888 (181).
3061 1815 3301 1888 (Wmun.
3328 1829 3367 1879 ι,
3410 1813 3528 1882 16.)
3563 1810 3676 1867 Hoc
3711 1821 3824 1866 tem-

2251 1930 2386 1987 pore
2408 1911 2697 1970 Leutulfus
2726 1913 2837 1967 dux
2885 1910 3189 1974 Saxonum,
3216 1916 3370 1979 pater
3409 1903 3636 1961 Ottonis
3673 1903 3822 1968 ducis,

2250 2022 2390 2062 avus
2417 2015 2598 2061 autem
2630 2003 2869 2059 Heinrici
2903 2002 3068 2073 regis,
3104 2014 3306 2069 corpus
3335 1997 3515 2067 sancti
3553 1995 3824 2051 Innocentii

2254 2115 2408 2170 papa:
2435 2114 2466 2153 a
2496 2097 2670 2152 Roma
2691 2097 2746 2151 in
2778 2095 3075 2150 Saxoniam
3112 2091 3398 2147 transtulit
3421 2088 3604 2161 (182).

2328 2211 2451 2266 861.
2815 2207 2869 2262 6.
3230 2202 3318 2257 17.
3691 2197 3739 2253 5.

2327 2321 2653 2398 (Mett.[R.])
2683 2321 3005 2392 Herispous,
3030 2317 3174 2374 filius
3197 2314 3489 2383 Numenei,
3517 2329 3619 2369 rex
3654 2312 3825 2367 Britto-

2257 2435 2413 2486 num,
2439 2417 2642 2472 Karolo
2666 2415 2782 2487 regi
2807 2412 3211 2479 confederatur,
3233 2418 3286 2464 et
3310 2415 3641 2463 muneratus
3661 2405 3768 2476 ejus
3781 2417 3827 2458 se

2256 2509 2620 2568 dominationi
2642 2500 2853 2564 subdit.

2326 2627 2452 2683 862.
2809 2623 2864 2679 7.

2330 2736 2546 2809 (Fuld.)
2594 2734 2892 2809 Lotharius
2944 2746 3042 2788 rex
3079 2727 3452 2799 Lotharingiae
3501 2726 3826 2782 Waldradam

2257 2829 2508 2901 pellicem
2554 2825 2927 2896 superducens
2957 2820 3177 2891 conjugi
3216 2834 3332 2874 sua:
3369 2816 3693 2888 Tietberga,
3719 2830 3828 2870 con-

2259 2918 2622 2975 sentientibus
2681 2915 2786 2971 sibi
2849 2909 3276 2982 archiepiscopis
3333 2907 3649 2964 Gunthario
3694 2905 3828 2961 Colo-

2258 3009 2434 3065 niensi
2457 3017 2512 3064 et
2539 3006 2837 3078 Tietgaudo
2857 3002 3186 3069 Trevircnsi,
3212 3013 3470 3072 magnam
3497 2999 3608 3055 sibi
3629 2997 3826 3054 calami-

3223 2617 3310 2675 18.
3691 2613 3742 2671 6.

2183 3090 2231 3150 C
2261 3111 2423 3157 tatem
2452 3100 2683 3171 paravit.

2331 3196 2437 3251 865
2817 3192 2873 3247 8.
3231 3188 3320 3243 19.
3691 3184 3739 3237 7.

2332 3309 2509 3383 (Meti.
2542 3307 2683 3382 [R.])
2707 3305 3018 3378 Hugbcrtus
3044 3303 3214 3359 abbas
3253 3311 3310 3357 et
3329 3302 3465 3367 dux,
3505 3298 3676 3355 frater
3703 3297 3827 3352 Tiet-

2258 3404 2438 3476 berga:
2473 3402 2691 3473 reginae,
2723 3416 2823 3472 pro
2863 3398 3090 3470 repudio
3116 3396 3324 3453 sororis
3348 3408 3465 3450 sua:
3504 3402 3695 3448 contra
3735 3388 3826 3443 Lo-

2262 3493 2502 3548 tharium
2542 3491 2794 3561 insurgit.
2836 3486 3174 3544 Guntharius
3224 3493 3279 3540 et
3308 3481 3644 3554 Tietgaudus
3671 3479 3828 3534 archi-

2261 3587 2501 3657 episcopi
2540 3585 2730 3641 Romaz
2775 3599 2802 3638 a
2848 3596 2988 3652 papa
3017 3577 3279 3635 Nicholao
3314 3593 3415 3648 pro
3460 3574 3726 3630 adulterio
3748 3570 3829 3624 Lo-

2260 3680 2428 3736 tharli
2470 3680 2613 3751 regis
2641 3677 2958 3743 examinati,
2986 3689 3111 3730 cum
3140 3681 3196 3728 et
3234 3672 3350 3729 suis
3379 3671 3828 3745 synodalibusge-

2261 3772 2386 3838 stis,
2409 3787 2532 3842 quae
2557 3768 2924 3840 proferebant,
2945 3775 3000 3823 et
3023 3782 3124 3822 suo
3147 3765 3314 3820 etiam
3337 3779 3432 3819 ore
3455 3762 3693 3817 convicti
3715 3758 3828 3814 luis-

2261 3872 2404 3930 sent,
2430 3862 2751 3934 episcopatu
2781 3869 2835 3916 et
2877 3860 3050 3916 sacris
3074 3858 3334 3931 gradibus
3377 3855 3686 3912 exordinati
3716 3866 3828 3907 ana-

2260 3952 2600 4012 thematizati
2631 3962 2778 4022 sunt,
2810 3953 3000 4023 eisque
3039 3961 3252 4008 tantum
3295 3949 3506 4006 laicalis
3533 3942 3828 4004 communio

2262 4063 2524 4104 concessa
2553 4056 2655 4103 est.

2333 4137 2458 4192 864.
2765 4135 2818 4191 9.
3130 4131 3221 4187 20.
3539 4131 3595 4188 8.

2336 4229 2470 4302 (1b.)
2513 4228 3002 4285 Excommunicata
3045 4226 3218 4298 pelice
3252 4225 3542 4280 Waldrada
3601 4241 3632 4280 a
3673 4225 3828 4293 legato

2264 4322 2590 4394 apostolico,
2620 4321 2810 4376 videns
2851 4319 3148 4375 Lotharius
3175 4333 3269 4372 rex
3296 4317 3460 4373 etiam
3495 4317 3601 4372 sibi
3631 4330 3827 4372 excom-

2265 4414 2693 4470 municationem
2724 4411 3001 4480 intentari,
3051 4409 3397 4482 Tietbergam
3427 4424 3655 4464 uxorem
3697 4422 3828 4462 rece-

2264 4509 2363 4578 pit.
2396 4506 2504 4562 Sed
2534 4507 2590 4561 id
2611 4521 2722 4560 non
2745 4505 2980 4560 multum
3002 4501 3230 4574 profuit,
3256 4503 3388 4572 quia
3409 4518 3517 4558 non
3535 4502 3705 4558 multo
3723 4506 3829 4570 post

2263 4615 2328 4655 ea
2381 4597 2667 4669 repudiata
2710 4597 2942 4667 pelicem
2991 4595 3218 4665 recepit,
3260 4609 3364 4649 nec
3394 4593 3537 4649 ultra
3568 4594 3676 4648 ullo
3721 4605 3827 4646 cor-

2263 4689 2534 4760 reptionis
2557 4687 2723 4744 modo
2753 4689 2822 4743 ab
2852 4704 2916 4743 ea
2938 4687 3185 4758 separari
3213 4686 3409 4757 potuit.

2334 4783 2461 4839 865.
2753 4780 2838 4836 10.
3129 4779 3218 4834 2-1.
3549 4778 3604 4834 9.

2338 4875 2558 4947 (Anon.,
2590 4874 2904 4945 Martyrol.)
2935 4873 3180 4944 Corpora
3204 4881 3522 4943 sanctorum
3547 4881 3825 4941 martyrum

2269 4968 2491 5024 Eusebii
2521 4978 2576 5024 et
2607 4966 2860 5023 Pontiani
2895 4968 3042 5022 dono
3090 4965 3340 5022 Nichclai
3367 4981 3523 5036 papa:
3549 4964 3616 5019 ad
3644 4962 3826 5019 Gallias

2263 5061 2557 5128 translata,
2582 5061 2637 5116 in
2670 5059 3021 5115 monasteriis
3051 5067 3181 5114 voto
3227 5057 3613 5128 religiosorum
3658 5059 3826 5109 sancto

2263 5153 2428 5210 Petro
2441 5153 2656 5210 collatis
2669 5152 2971 5209 honorifice
2988 5151 3347 5207 tumulantur.
3371 5151 3388 5219 (
3398 5149 3550 5204 Mm.
3567 5145 3700 5220 [8.1)
3726 5143 3824 5197 Rex

2193 4461 2237 4516 D

1892 5285 1982 5339 VA
1993 5286 2126 5344 lile
2162 5287 2565 5345 LECTIONES.

843 5388 926 5442 hic
956 5390 1159 5446 exhibet
1180 5393 1334 5449 verba
1367 5394 1523 5453 :Hoc
1550 5405 1591 5454 t.
1625 5413 1674 5454 c.
1723 5397 2003 5473 Remigius
2032 5402 2069 5456 i.
2121 5418 2195 5458 m.
2242 5417 2290 5458 e.
2335 5419 2381 5456 s.
2437 5419 2490 5456 n.
2548 5417 2610 5455 ea:
2655 5420 2707 5456 a.
2763 5403 2890 5471 895,
2944 5404 3036 5458 ubi
3077 5420 3139 5458 ea
3175 5401 3393 5455 omittit.

572 5457 624 5510 3.
650 5459 724 5512 4‘.
755 5457 819 5513 D.

3483 5399 3551 5432 '”
3573 5393 3682 5452 xm
3712 5390 3822 5450 σε’.

2069 5579 2296 5638 NOTAE.

645 5653 901 5738 (180)};
928 5658 1053 5738 819.
1095 5661 1453 5738 hoc‘narrant
1487 5665 1628 5720 Ann.
1664 5663 1893 5738 Bertin.,
1924 5685 1974 5724 ει.
2023 5671 2146 5727 860.

575 5723 706 5796 Reg.
740 5723 920 5784 a'818.
959 5728 1162 5786 Chron.
1191 5731 1434 5790 Britann.

2331 5669 2479 5740 (181)
2519 5668 2582 5723 Α.
2611 5668 2735 5724 851.
2764 5671 2905 5725 Ann.
2934 5669 3078 5725 Berl.

2330 5739 2478 5811 (182)
2511 5740 2558 5794 Α
2607 5740 2732 5795 811.
2867 5781 2872 5788 .
