3914 6314
515 321 618 383 1θῖ
1651 316 2017 378 SlGEBEBTl
2051 315 2584 376 GEHBBACENSIS
3675 319 3776 382 168

508 436 794 497 Ludowici
827 434 1228 494 Germanorum
1259 434 1411 510 regis
1450 435 1598 494 illius
1625 451 1660 492 a
1685 434 1960 492 daemonio
1980 448 2103 507 gra-

2208 440 2265 488 et
2287 408 2760 507 nimia‘aquarum
2802 426 3090 488 inundatio
3108 428 3263 488 facta
3300 438 3390 488 est
3406 429 3466 488 in
3490 428 3680 522 Iunio,
3718 434 3789 493 tu

507 530 649 586 viter
670 531 731 587 in
758 529 1048 602 praesentia
1078 529 1252 601 patris
1275 536 1330 586 et
1354 529 1681 600 optimatum
1700 529 1823 601 ejus
1845 535 2097 595 vexatur,
2201 532 2264 580 ut
2292 524 2350 581 in
2381 524 2623 582 Saxouia
2660 524 2790 581 villa
2832 525 3085 596 quaedam
3138 524 3302 597 longe
3327 538 3357 579 a
3385 525 3791 585 tor-rentith

507 629 567 679 et
594 621 652 677 in
678 620 799 693 ipsa
824 620 1115 679 vexatione
1140 622 1461 688 conﬁtetur,
1505 620 1616 678 hoc
1637 620 1746 677 sibi
1773 619 1897 677 ideo
1918 618 2100 677 couti-

504 713 678 787 gisse,
726 699 858 785 quia
906 720 1100 771 contra
1150 722 1364 785 patrem
1410 727 1579 772 suum
1624 711 2099 786 conspirationem

506 802 692 861 facere
719 803 1071 878 moliebatur.

581 895 708 951 874.
889 893 957 949 Β.
990 894 1076 949 19.
1188 892 1250 950 F.
1313 893 1402 950 30.
1692 892 1758 951 C.
1798 894 1852 951 5.

585 986 723 1067 (1b.)
757 984 995 1042 lnltalia
1030 983 1210 1042 Brixae
1257 987 1432 1042 tribus
1479 985 1678 1042 diebus
1727 1000 1794 1043 ac
1844 984 2102 1042 noctibus

510 1074 739 1146 sanguis
759 1074 827 1130 de
848 1074 982 1133 caelo
1008 1074 1219 1145 pluisse
1247 1084 1526 1133 narratur.
1544 1072 1913 1130 Northmanni
1934 1073 2103 1130 etiam

512 1185 546 1224 a
568 1182 737 1240 regno
756 1166 1038 1224 Ludowici
1069 1167 1472 1225 Germanorum
1521 1168 1670 1239 regis
1699 1169 1966 1224 tributum
1986 1168 2104 1223 exi-

510 1270 723 1331 gentes,
768 1261 838 1317 ab
879 1261 1123 1316 exercitu
1165 1259 1315 1316 illius
1366 1261 1608 1331 graviter
1651 1261 1761 1317 cesi
1785 1261 2100 1318 vincuntur.

513 1350 694 1423 (Heu.
727 1350 873 1424 )R.])
923 1350 1179 1408 Locusta:
1230 1349 1466 1407 Galliam
1510 1351 1913 1424 depopulantur
1941 1352 2104 1407 innu-

512 1449 830 1519 merabiles,
880 1450 1096 1505 caeteris
1139 1450 1370 1506 locustis
1410 1450 1668 1521 majores,
1721 1466 1855 1509 sena
1889 1452 2103 1509 alarum

515 1542 766 1614 remigia,
792 1555 889 1600 se:
943 1543 1131 1614 pedes,
1190 1543 1331 1600 duos
1381 1543 1574 1601 dentes
1622 1545 1803 1616 lapide
1853 1545 2105 1603 duriores

513 1635 803 1704 habentes,
840 1645 902 1692 ut
945 1647 1255 1694 castrorum
1309 1638 1458 1697 acies
1505 1640 1789 1695 turmatim
1835 1640 2102 1709 volantes,

513 1733 681 1787 duces
703 1748 830 1789 cum
857 1733 1052 1804 paucis
1076 1734 1469 1791 itincre‘unius
1497 1735 1607 1791 diei
1633 1735 2008 1806 promittentes
2032 1734 2100 1792 ad

513 1824 771 1879 metanda
819 1825 942 1881 loca
996 1835 1245 1881 ventura:
1295 1826 1656 1894 multitudini,
1710 1827 1855 1883 circa
1911 1828 2103 1883 horam

512 1929 712 1970 nonam
742 1914 813 1970 ad
860 1916 1044 1972 locum
1084 1918 1365 1988 previsum
1397 1918 1699 1987 venientes,
1738 1920 1924 1991 ibique
1971 1921 2105 1976 solis

511 2013 690 2061 ortum
739 2015 1110 2077 expectantes,
1138 2010 1506 2080 perspacium
1558 2011 1725 2067 unius
1772 2011 1879 2069 diei
1918 2027 2103 2069 aerem

505 2096 789 2165 velabant,
816 2099 999 2168 ipsum
1030 2100 1166 2156 solis
1186 2100 1537 2171 splendorem
1563 2101 1982 2172 obnubilantcs;
2007 2118 2104 2160 ore

508 2193 642 2256 lato,
674 2197 905 2245 extenso
936 2191 1220 2260 intestino,
1270 2194 1458 2249 omnia
1499 2193 1697 2250 viridia
1745 2194 1802 2250 in
1835 2195 2021 2252 herbis
2051 2205 2104 2252 et

507 2279 805 2336 arboribus
853 2282 1166 2350 vastabant,
1217 2285 1459 2355 spatium
1507 2285 1689 2341 diurni
1720 2285 1933 2342 itineris
1960 2303 2102 2358 qua-

507 2381 636 2428 tuor
660 2380 755 2427 aut
777 2372 1023 2444 quinque
1049 2374 1274 2431 milibus
1302 2377 1681 2433 extendentes.
1725 2376 1843 2433 Hoc
1867 2364 2101 2434 misera-

513 2464 608 2519 bili
628 2466 944 2535 spectaculo
967 2482 1148 2538 usque
1171 2466 1242 2523 ad
1277 2484 1432 2524 mare
1476 2468 1883 2526 Brittannicum
1913 2484 2105 2541 pervc-

512 2552 743 2623 nientes,
770 2556 991 2612 tandem
1015 2556 1148 2613 ﬂatu
1169 2567 1457 2615 ventorum
1486 2560 1543 2614 in
1571 2559 1907 2630 profundum
1932 2563 2103 2620 maris

502 2650 776 2705 demersae
803 2656 968 2716 sunt;
1016 2649 1114 2704 sed
1143 2658 1266 2707 estu
1297 2652 1525 2707 occeani
1566 2653 1636 2708 ad
1678 2654 1809 2709 litus
1862 2653 2100 2725 rejecta,

511 2751 580 2795 ex
600 2741 888 2809 putredine
912 2756 1013 2797 sua
1035 2755 1163 2798 aere
1190 2753 1472 2815 corrupto,
1505 2745 1710 2802 multos
1751 2747 1932 2818 perire
1959 2746 2105 2804 fece-

511 2844 659 2890 runt.
702 2835 930 2909 .(Fuld.)
983 2837 1183 2896 Secuta
1231 2839 1406 2897 fames
1463 2841 1647 2897 valida
1705 2844 1910 2901 multos
1963 2860 2098 2902 con-

509 2929 964 3001 sumpsitinedia,
1004 2940 1063 2988 ut
1092 2946 1247 3004 pzenc
1269 2934 1427 2990 tertia
1455 2949 1585 3006 pars
1622 2936 1913 2993 hominum
1965 2954 2102 2995 con-

506 3030 727 3091 sumpta
754 3023 844 3078 sit.
2094 3040 2097 3043 ⁷

581 3112 708 3170 875.
994 3116 1086 3172 20.
1375 3119 1436 3175 51
1450 3140 1464 3174 .
1796 3122 1849 3177 6.

580 3202 716 3276 (1b.)
754 3203 941 3264 Hiems
969 3208 1133 3264 solito
1186 3208 1437 3282 asperior
1482 3219 1539 3267 et
1587 3206 1885 3283 prolixior;
1925 3213 2017 3269 nix
2047 3222 2102 3269 et

519 3297 649 3369 gelu
675 3314 707 3354 a
735 3297 997 3357 Kalendis
1039 3300 1363 3359 Novembris
1387 3319 1563 3377 usque
1593 3306 1660 3360 ad
1681 3307 1903 3362 vernale
1932 3308 2103 3379 sequia

513 3391 776 3447 noctium.
817 3392 951 3465 (1b.)
982 3391 1281 3453 Ludowico
1311 3398 1422 3470 regi
1471 3397 1878 3455 Germanorum
1929 3416 2101 3471 appa-

512 3483 624 3538 ruit
642 3483 699 3538 in
727 3486 937 3541 somnis
966 3488 1184 3558 genitor
1226 3504 1363 3545 suus
1395 3488 1727 3547 Ludowicus
1757 3491 1889 3547 olim
1929 3493 2103 3563 impe-

512 3581 680 3643 rator,
706 3578 970 3647 adjurans
996 3594 1124 3635 eum
1166 3595 1265 3651 per
1296 3596 1505 3637 nomen
1551 3591 1757 3640 sanctae
1795 3582 2102 3653 Trinitatis,

511 3677 567 3723 ut
592 3684 717 3725 eum
742 3669 981 3743 eriperet
1003 3688 1037 3728 a
1066 3674 1385 3741 tormentis,
1410 3674 1468 3729 in
1511 3675 1717 3746 quibus
1738 3676 2102 3746 detinebatur,

511 3768 571 3816 ut
599 3763 818 3818 tandem
847 3773 1111 3820 aeternam
1141 3765 1391 3835 requiem
1432 3774 1740 3821 mereretur
1765 3766 1989 3823 habere.
2022 3766 2123 3823 0b~

492 3853 614 3909 ‘hoc
659 3853 727 3908 ad
756 3854 974 3909 diversa
1024 3854 1361 3910 monasteria
1420 3855 1739 3914 elemosinis
1793 3857 2129 3927 destinatis,-

509 3943 711 3999 obnixe
737 3943 883 4000 illius
907 3945 1274 4001 succurrebat
1304 3947 1470 4017 patri.
1503 3944 1659 4003 Unde
1688 3949 1923 4006 dabatur
1947 3951 2107 4007 intel-

509 4036 640 4105 legi,
671 4036 802 4106 quia
834 4036 964 4092 licet
992 4035 1143 4092 idem
1180 4038 1482 4108 imperator
1509 4040 1682 4096 multa
1709 4039 1821 4098 Deo
1845 4050 1901 4098 et
1926 4043 2108 4098 homi-

511 4126 675 4182 nibus
703 4126 904 4197 placita
950 4127 1193 4197 fecisset,
1237 4132 1398 4201 plura
1451 4140 1637 4188 tamen
1685 4131 1799 4190 Deo
1828 4135 2107 4193 contraria

511 4218 570 4274 in
624 4233 792 4291 regno
831 4236 934 4277 suo
973 4221 1092 4278 ﬁeri
1134 4225 1437 4281 consensit.
1484 4223 1543 4280 In
1605 4226 1805 4297 quibus
1853 4227 2108 4299 graviora

511 4310 858 4379 videbantur,
885 4314 1032 4384 quod
1064 4315 1244 4385 heresi
1280 4313 1719 4377 Nicholaitarum
1748 4334 1860 4375 non
1884 4321 2103 4391 restitit,

511 4411 568 4460 et
596 4404 807 4460 monita
840 4404 1115 4464 Gabrielis
1158 4408 1500 4481 archangeli,
1537 4410 1828 4470 duodecim
1853 4414 2106 4485 capitulis

2198 613 2520 676 ﬂuminibus
2550 626 2783 687 rerum,
2806 617 2864 689 in
2883 624 3165 674 momento
3210 630 3340 674 cum
3382 616 3707 676 hominibus
3726 627 3780 676 et

2200 708 2411 778 bestiis,
2447 724 2575 767 cum
2595 709 2889 767 arboribus
2910 716 2967 767 et
2992 707 3262 778 aediﬁciis,
3290 723 3419 765 cum
3466 708 3717 766 ecclesia
3736 718 3789 766 et

2200 801 2362 856 altari
2403 801 2621 873 penitus
2666 801 2891 859 absorta
2938 801 3030 870 sit,
3087 810 3145 858 et
3177 801 3390 858 nullum
3439 800 3790 859 habitationis

2200 894 2528 951 remanserit
2546 894 2859 967 vestigium.
2886 893 3063 968 (Heu.
3090 892 3237 967 [R.])
3271 893 3610 951 Ludowicus
3628 894 3791 966 impe-

2203 992 2360 1039 rator
2387 984 2445 1043 iu
2474 984 2628 1041 Italia
2649 987 2907 1056 moritur,
2936 994 2991 1042 et
3014 995 3247 1057 patruus
3281 1001 3418 1042 suus
3439 983 3681 1041 Karolus
3701 1000 3791 1043 rex

2201 1072 2544 1135 Francorum
2578 1076 2813 1134 Romam
2849 1076 3047 1156 pergit,
3077 1084 3135 1134 et
3159 1075 3415 1133 Johanne
3436 1092 3583 1149 papa
3603 1085 3662 1133 et
3694 1076 3792 1132 llo-

2201 1168 2383 1224 manis
2411 1184 2510 1240 per
2535 1185 2766 1226 munera
2815 1170 2922 1228 sibi
2961 1170 3294 1239 conciliatis,
3318 1171 3628 1243 imperator
3652 1187 3793 1228 crea-

2201 1266 2316 1328 tur,
2342 1269 2397 1316 et
2422 1261 2658 1333 imperat
2709 1262 2875 1321 annis
2922 1262 3121 1320 tribus.
3169 1260 3279 1319 Sed
3321 1263 3374 1318 ei
3415 1263 3608 1320 statim
3636 1262 3791 1318 aLu-

2201 1351 2417 1409 dovsico
2461 1353 2632 1417 fratre
2671 1368 2776 1411 suo
2818 1354 3022 1412 bellum
3038 1362 3295 1427 paratur,
3331 1355 3485 1427 quod
3506 1370 3570 1411 se
3607 1355 3792 1411 incon-

2203 1445 2349 1501 sulto
2395 1446 2547 1502 solus
2586 1447 2880 1519 imperium
2931 1446 3212 1504 fratruelis
3249 1447 3625 1519 usurpaverit.
3670 1444 3790 1519 Ub.)

2203 1536 2454 1593 Britones
2475 1553 2602 1609 rege
2622 1554 2725 1594 suo
2749 1538 3045 1595 Salomone
3067 1547 3309 1608 mortuo,
3324 1554 3426 1610 pro
3448 1541 3791 1596 contentione

2204 1628 2756 1699 regnandiintestino
2776 1626 2920 1685 inter
2947 1644 3008 1687 se
3036 1628 3183 1685 bello
3221 1629 3587 1697 colliduntur;
3617 1628 3794 1700 sicque

2206 1719 2362 1776 inviti
2389 1729 2611 1778 cessant
2635 1737 2667 1777 a
2700 1720 2892 1777 Galliae
2932 1721 3284 1778 exterminio.
3319 1719 3544 1794 (Ιιίιιά.)
3565 1719 3794 1777 Karolus

2108 1790 2179 1887 ,Β
2206 1810 2505 1881 imperator
2545 1823 2672 1884 post
2705 1814 2964 1884 adeptum
3002 1814 3292 1885 imperium
3328 1790 3482 1869 ultra
3514 1790 3577 1870 se
3606 1813 3792 1880 elatus,

2203 1904 2635 1960 consuetudines
2676 1903 3021 1960 Francorum
3051 1904 3414 1976 vilipendens,
3456 1902 3670 1960 Grecas
3688 1903 3793 1976 glo-

2202 1995 2317 2051 rias
2341 2005 2397 2051 et
2417 1995 2668 2053 insolitos
2692 1996 2915 2053 habitus
2933 1996 3243 2064 allectabat,
3260 2008 3315 2053 et
3330 1997 3493 2052 talari
3509 1996 3793 2052 dalmatica

2202 2084 2432 2141 indutus
2459 2094 2515 2141 et
2539 2086 2774 2157 desuper
2803 2084 2988 2141 balteo
3018 2086 3301 2142 accinctus
3322 2084 3598 2157 pendente
3635 2100 3794 2156 usque

2203 2173 2275 2230 ad
2322 2175 2509 2245 pedes,
2552 2175 2732 2246 capite
2760 2190 2892 2232 vero
2930 2175 3177 2232 involuto
3221 2175 3496 2231 velamine
3520 2175 3723 2242 serico,
3744 2183 3793 2229 et

2203 2265 2514 2324 diademate
2543 2266 2995 2338 superimposito,
3019 2266 3368 2337 prccedebat.
3401 2265 3470 2322 Et
3491 2281 3626 2322 cum
3654 2274 3790 2322 esset

2202 2356 2387 2429 lepore
2414 2357 2677 2426 timidior,
2707 2370 2762 2413 et
2784 2358 2970 2414 hostes
3001 2356 3190 2430 fugere
3214 2372 3382 2429 quam
3408 2356 3609 2430 fugare
3651 2372 3792 2428 para-

2203 2450 2330 2517 tior,
2354 2450 2582 2507 fratrem
2613 2466 2777 2507 suum
2800 2449 3154 2506 Ludowicum
3185 2439 3516 2519 lacessebat,
3565 2448 3794 2505 minatus

2205 2551 2387 2599 tantas
2409 2542 2597 2613 copias
2640 2558 2707 2599 se
2747 2542 3173 2611 conducturum,
3199 2550 3262 2599 ut
3289 2543 3359 2598 ab
3384 2543 3549 2613 equis
3577 2542 3791 2597 flumine

2202 2637 2496 2706 exhausto,
2520 2637 2639 2708 ipse
2658 2651 2756 2708 per
2769 2636 2986 2692 aridum
3003 2635 3221 2693 alveum
3243 2634 3556 2692 Germania:
3571 2648 3788 2708 regnum

2204 2730 2453 2786 intraret.

2275 2842 2404 2899 877.
2731 2843 2784 2898 1.
3075 2842 3165 2899 55.
3492 2842 3551 2899 8.

2274 2933 2528 2990 lleiricus
2543 2935 2850 2991 monachus
2870 2934 3041 2990 vitam
3067 2934 3245 2991 sancti
3271 2932 3534 2990 Germani
3556 2933 3786 2991 Antisio-

2204 3025 2478 3095 dorensis,
2500 3052 2507 3055 ν
2532 3025 2758 3082 heroico
2783 3034 2962 3083 metro
3008 3028 3066 3081 in
3115 3041 3211 3082 sex
3253 3026 3455 3084 libellis
3500 3027 3790 3083 luculenter

2126 3135 2176 3202 ο
2205 3127 2509 3187 exaratam,
2553 3117 2756 3174 Karolo
2809 3118 3128 3189 imperatori
3178 3118 3397 3174 obtulit.
3448 3116 3789 3192 (Mett.[ll.1)

2202 3205 2535 3263 Ludowicus
2576 3222 2674 3262 rex
2725 3206 3131 3263 Germanorum
3174 3209 3432 3275 moritur,
3490 3209 3789 3279 relinquens

2206 3305 2318 3354 tres
2359 3298 2504 3356 ﬁlios
2549 3314 2685 3357 suos
2725 3300 2978 3370 heredes,
3029 3298 3391 3358 Ludowicum
3425 3302 3704 3373 iuniorem
3744 3311 3790 3358 et

2204 3388 2487 3458 Karolum,
2521 3392 2616 3463 qui
2660 3407 2773 3448 non
2802 3393 2977 3449 multo
3006 3401 3132 3464 post
3179 3394 3495 3465 imperavit,
3519 3406 3580 3452 et
3617 3396 3789 3452 Karlo-

2162 3480 2167 3486 ’
2204 3497 2470 3538 manuum
2501 3494 2713 3554 patrem
2736 3484 2950 3540 Arnum
2973 3484 3341 3556 imperatoris.
3363 3486 3606 3545 Karolus
3625 3487 3778 3559 impe—

2204 3584 2356 3630 rator
2376 3575 2444 3631 de
2467 3586 2645 3632 morte
2665 3576 2852 3634 fratris
2875 3578 2964 3634 sui
2986 3578 3233 3650 gavisus,
3262 3579 3620 3651 injustitiam,
3640 3595 3786 3653 quam

2204 3676 2395 3724 contra
2425 3666 2659 3725 fratrem
2682 3679 3031 3742 conceperat,
3064 3680 3254 3728 contra
3282 3674 3427 3731 lilios
3454 3673 3646 3730 fratris
3666 3690 3777 3745 per-

2205 3758 2368 3815 ﬁcere
2423 3768 2670 3830 paratus,
2722 3776 2849 3817 cum
2908 3763 3310 3837 quinquaginta
3348 3775 3404 3822 et
3451 3781 3520 3822 eo
3567 3766 3787 3837 amplius

2206 3849 2493 3905 hominum
2519 3852 2742 3909 milibus
2775 3868 3006 3925 regnum
3035 3869 3230 3910 eorum
3282 3871 3605 3928 aggressus,
3637 3855 3785 3912 Colo-

2205 3942 2356 3997 niam
2386 3958 2563 4014 usque
2589 3944 2759 4011 venit,
2794 3945 2925 4002 ﬁliis
2968 3945 3253 4003 Ludowici
3302 3948 3441 4005 alias
3496 3946 3782 4019 occupatis.

2207 4031 2541 4091 Ludowicus
2560 4034 2751 4106 junior
2769 4035 3041 4109 legatione
3080 4038 3151 4095 ad
3173 4048 3433 4111 patruum
3453 4038 3625 4097 missa
3643 4054 3786 4111 roga-

2206 4124 2301 4180 bat
2336 4141 2424 4194 ea,
2447 4142 2573 4198 qua:
2592 4128 2745 4198 pacis
2767 4136 2916 4185 sunt.
2967 4128 3135 4197 Quod
3182 4146 3311 4187 cum
3355 4131 3651 4203 impetrare
3687 4146 3784 4186 non

2207 4208 2417 4289 posset,
2445 4219 2682 4276 viriliter
2703 4235 2832 4276 cum
2871 4221 3016 4278 bello
3063 4225 3300 4294 excepit,
3331 4240 3571 4296 eumque
3594 4225 3783 4280 victum

2207 4322 2335 4365 cum
2382 4310 2555 4366 nimio
2609 4313 2886 4369 exercitus
2934 4315 3137 4373 damno
3184 4325 3240 4372 et
3300 4316 3499 4384 multo
3532 4315 3783 4373 dedecore

2209 4402 2400 4475 fugere
2453 4405 2737 4475 compulit.
2784 4405 3002 4480 (Fuld.)
3058 4406 3354 4480 Ingruente
3408 4410 3465 4465 in
3508 4407 3780 4465 Germania

512 4497 930 4568 comprehensa,
957 4517 1079 4572 qua)
1105 4500 1468 4569 Emarcus,m
1506 4505 1557 4561 ei
1581 4507 1811 4580 legenda
1830 4514 1888 4563 et
1915 4507 2103 4565 obser-

2206 4512 2468 4569 pecorum
2513 4498 2844 4569 pestilentia,
2898 4500 3031 4557 dum
3088 4517 3257 4558 canes
3304 4501 3548 4574 undique
3589 4500 3779 4559 collecti

512 4589 691 4646 vanda
707 4592 920 4663 optulit,
942 4610 1162 4652 servare
1182 4611 1297 4652 non
1325 4597 1553 4654 studuit.
1583 4599 1759 4669 (Men.
1785 4598 1927 4675 [R.])
1943 4600 2104 4658 Nort-

518 4683 709 4738 manni
739 4685 931 4742 urbem
985 4688 1320 4761 Andegavis,
1363 4691 1525 4762 quasi
1577 4692 1635 4748 in
1684 4709 1750 4750 ea
1778 4694 2099 4765 babitaturi,

515 4790 640 4830 cum
671 4778 787 4833 suis
814 4780 1072 4838 omnibus
1102 4793 1395 4855 occupant.
1447 4785 1531 4842 Ad
1569 4803 1737 4858 quam
1777 4804 2103 4862 oppugnan-
2162 4774 2173 4779 ’

515 4864 643 4923 dam
664 4866 899 4928 Karolus
930 4889 1045 4941 rex,
1072 4876 1248 4933 ascito
1298 4874 1594 4934 Salomone
1620 4879 1908 4937 Britonum
1952 4899 2101 4955 rege,

517 4959 706 5016 multis
736 4961 931 5020 diebus
958 4980 1081 5021 eam
1106 4967 1337 5024 obsedit.
1370 4967 1479 5025 Sed
1501 4986 1626 5026 cum
1648 4969 2011 5039 Northmanni
2034 4975 2103 5032 ad

516 5052 958 5124 desperationem
1008 5058 1230 5116 adducti
1285 5060 1542 5131 fuissent,
1590 5079 1688 5119 rex
1733 5062 1905 5122 invito
1947 5083 2105 5124 exer-

515 5143 650 5212 citu,
684 5148 916 5216 pecunia
944 5150 1013 5205 ab
1047 5144 1128 5207 eis
1173 5162 1418 5225 accepta,
1453 5169 1736 5226 egressum
1763 5155 1847 5213 eis
1888 5156 2104 5226 annuit,

515 5235 709 5307 eisque
736 5238 842 5295 hoc
866 5250 1028 5311 pacto
1055 5244 1244 5316 pejora
1276 5244 1514 5301 faciendi
1541 5245 1723 5303 locum
1756 5247 1907 5303 dedit
1930 5248 2101 5323 (184).

591 5325 717 5383 876'.
1006 5332 1070 5388 21
1084 5374 1098 5389 .
1203 5380 1211 5389 .
1385 5337 1477 5393 '52.
1804 5339 1854 5396 7.
1938 5344 1944 5351 ”

573 5418 809 5515 .(Fuld.)
827 5421 1083 5483 Cometes
1102 5426 1267 5521 solito
1290 5429 1608 5486 rutilantior
1628 5432 1897 5504 apparuit.
1917 5433 2107 5494 Subita

2207 4589 2571 4646 cadaveribus
2619 4590 3022 4659 incumberent,
3052 4592 3129 4649 ita
3166 4593 3583 4667 disparuerunt,
3619 4603 3674 4650 ut
3694 4605 3780 4648 nec

2206 4680 2315 4735 vivi
2338 4697 2438 4737 nec
2464 4682 2668 4736 mortui
2699 4682 3091 4753 reperirentur.

2279 4799 2413 4856 878.
2733 4803 2791 4861 2.
3077 4804 3167 4863 54.
3492 4807 3544 4864 9.

2280 4890 2455 4965 (Men.
2481 4891 2627 4967 [R.‘|)
2654 4892 2907 4961 Karolus
2941 4895 3241 4968 imperator
3289 4897 3524 4955 Romam
3560 4896 3779 4956 secundo

2210 4979 2508 5054 profectus,
2566 4983 2792 5053 Bosoni,
2843 5001 3107 5057 germano
3148 4987 3338 5043 uxoris
3392 5004 3529 5058 suae,
3585 4995 3775 5059 neptem

2212 5087 2392 5139 suam,
2424 5071 2593 5128 tiliam
2645 5072 2930 5135 Ludovvici
2977 5075 3350 5148 imperatoris,
3377 5095 3609 5137 uxorem
3628 5076 3775 5140 dedit.

2208 5172 2263 5219 et
2289 5163 2416 5220 data
2440 5164 2493 5221 ei
2520 5164 2830 5236 Provincia,
2889 5166 2944 5224 in
2991 5184 3180 5243 regem
3221 5186 3349 5227 cum
3399 5172 3692 5237 coronavit,
3723 5175 3777 5221 ιη

2209 5256 2376 5312 etiam
2402 5256 2627 5329 regibus
2660 5258 2932 5330 imperare
2961 5260 3259 5327 videretur.
3294 5262 3401 5331 Qui
3439 5264 3662 5321 audiens
3680 5259 3776 5316 fra-

2210 5348 2415 5405 trucles
2459 5364 2592 5406 suos
2638 5348 3072 5408 Karlomannum
3109 5363 3165 5410 et
3215 5353 3481 5412 Karolum
3529 5364 3774 5414 contrase

2212 5441 2515 5499 exercitum
2537 5444 2830 5516 adducere,
2859 5461 3063 5518 pavore
3107 5449 3325 5507 solutus
3358 5448 3591 5509 reditum
3617 5452 3769 5520 parat.

1823 5523 2057 5582 VARIA'Z
2096 5528 2503 5591 LECTIONES.

594 5602 661 5634 161

694 5605 772 5659 ita
801 5603 916 5678 Sig.
949 5611 1185 5681 corrupit
1211 5614 1680 5685 nomenlinardi,
1709 5616 1851 5687 quod
1874 5617 1931 5673 in
1959 5618 2100 5677 Ann.
2136 5621 2305 5689 Fuld.
2349 5624 2573 5699 legebat.

2038 5713 2269 5773 ΝΟΤιΕ.

598 5785 748 5865 (ist)
772 5788 837 5846 Α.
870 5792 995 5852 s73.
1021 5793 1154 5870 Reg.
