3914 6314
129 290 229 397 is?

1568 315 1942 371 CIIRONICA.

3264 315 3381 381 1ῖο

123 468 171 513 et
189 458 319 510 iam
340 446 675 505 redeundum
708 460 739 503 ε
761 441 1001 514 quodam
1030 437 1299 495 Sedeclria
1337 434 1526 490 Iudaeo
1555 432 1693 486 male
1721 443 1767 497 Α
1797 439 2073 503 vagantes,
2106 428 2412 496 Ambianis,
2444 426 2738 495 Atrebatls,
2773 425 3084 493 Corbeiam,
3119 427 3382 498 Camera-

122 550 444 624 potionatus,
469 542 709 597 Mantuae
732 538 988 595 moritur.
1015 532 1188 589 Filius
1213 532 1335 602 ejus
1365 527 1694 584 Ludowicus

121 656 469 719 cognomento
485 639 709 705 Balbus,
726 634 1003 693 secundus
1017 639 1142 703 post
1158 628 1481 719 divisionem
1504 631 1697 719 regnat

122 741 172 795 in
185 715 415 791 Francia
445 731 614 787 annis
640 727 876 784 duobus.
903 722 1098 780 Iunior
1129 737 1257 776 vero
1292 718 1526 773 Karolus
1550 715 1694 769 lilius

122 827 381 886 Ludowici
404 825 809 881 Germanorum
832 816 998 891 regis,
1026 813 1318 886 imperium
1344 810 1572 880 adeptus
1590 816 1692 874 est,

123 916 480 977 annitentibus
499 914 608 971 sibi
632 911 968 985 quibusdam
987 907 1252 963 nobilium
1282 902 1693 965 Romanorum;

121 1014 349 1067 Iohanne
384 1016 575 1063 autem
598 1020 735 1076 papa
760 1008 1041 1074 satagcnte
1080 995 1371 1067 imperium
1399 990 1699 1048 transferre

119 1104 180 1158 ad
232 1099 593 1156 Ludowicum
652 1095 904 1162 Balbum,
971 1093 1143 1147 lilium
1208 1102 1399 1144 recens
1455 1082 1696 1141 defuncti

123 1194 286 1252 liamli
312 1190 688 1263 imperatoris.

183 1285 298 1339 879.
526 1281 592 1337 Β.
640 1281 688 1334 1.
906 1275 969 1330 F.
1013 1274 1064 1329 1.
1279 1270 1344 1326 C.
1389 1270 1476 1325 10.

185 1375 389 1448 (Fnld.)
419 1373 706 1429 Iohannes
736 1384 874 1441 papa
898 1383 926 1424 a
959 1366 1223 1423 Romanis
1274 1363 1590 1434 iujuriatus,
1623 1361 1697 1415 ita

124 1478 177 1525 ut
198 1468 351 1523 etiam
372 1467 432 1522 in
465 1465 720 1522 custodia
750 1470 1048 1527 teneretur,
1082 1474 1181 1530 pro
1223 1472 1289 1513 eo
1312 1457 1459 1528 quod
1492 1453 1696 1509 Karolo

128 1575 222 1614 non
250 1556 485 1623 favebat,
520 1556 577 1609 in
633 1552 927 1608 Franciam
948 1549 1176 1606 veniens
1206 1562 1330 1603 cum
1365 1560 1491 1616 rege
1513 1541 1698 1599 Ludo-

126 1652 247 1705 wieo
272 1647 439 1704 Balbo
475 1661 632 1718 paene
670 1658 876 1700 annum
926 1648 1174 1697 moratus
1214 1646 1317 1694 est.
1366 1635 1701 1692 Northman-

132 1756 306 1795 norum
332 1738 457 1809 plus
488 1751 660 1807 quam
685 1735 934 1805 quinque
955 1731 1106 1787 milia
1131 1748 1163 1786 a
1186 1728 1416 1784 Francis
1446 1727 1502 1783 in
1523 1725 1697 1782 Gallia

1796 538 1945 589 cum,
1983 522 2326 577 Tam/cunam
2348 563 2364 587 ,
2410 520 2546 576 lines
2585 517 2943 586 Morinorum,
2982 517 3381 590 Menapiorum,

1796 602 2271 681 Bracbatcnsium,
2310 626 2640 682 omnemque
2679 610 2825 667 circa
2863 609 3119 676 Scaldem
3152 611 3383 679 ﬂuvium

1798 715 2016 773 terram,
2050 705 2380 761 monasteria
2411 710 2727 760 sanctorum
2755 701 3012 767 Walarici
3036 710 3090 757 et
3122 692 3381 769 Ricbarii,

1798 795 1945 851 ferro
1971 805 2027 852 ct
2048 797 2156 869 igni
2197 797 2503 853 devaStant.
2550 794 2734 866 (Heu.
2764 792 2915 868 [R.])
2958 792 3089 850 lude
3124 793 3248 851 Wal
3277 794 3383 849 llu-

1797 886 1948 942 vium
1977 886 2226 959 ingressi,
2256 894 2428 942 totam
2457 884 2706 951 Batuam,
2743 886 3003 956 palatium
3031 885 3195 942 etiam
3240 884 3383 942 Neo-

1798 979 1945 1051 magi
1975 978 2289 1035 incendunt.
2321 977 2527 1034 Eodem
2554 992 2702 1033 anno
2726 976 3052 1037 Godcfridus
3080 987 3135 1033 et
3165 976 3385 1049 Sigil‘ri-

1799 1071 1901 1127 dus
1928 1086 2082 1143 rcges
2101 1070 2605 1127 Northmannorum
2637 1085 2762 1126 cum
2794 1070 3159 1127 inaestimabili
3195 1070 3384 1127 multi-

1799 1165 1988 1220 tudine
2003 1165 2159 1235 juxta
2175 1163 2379 1220 Mosam
2401 1165 2455 1218 in
2482 1165 2603 1219 loco
2620 1161 2823 1219 Haslou
2843 1161 2992 1236 (186)
3011 1162 3383 1228 considentcs,

1800 1256 2083 1323 Leodium,
2113 1256 2443 1329 Trajectum,
2463 1255 2721 1328 Tungris,
2742 1255 3024 1311 Coloniam
3044 1256 3383 1328 Agripinam.

1799 1348 2131 1403 Bunnam‘“
2171 1365 2296 1405 cum
2331 1349 2706 1420 adjacentibus
2737 1349 2974 1406 castellis
3010 1349 3339 1405 comburunt
3356 1329 3382 1415 ’ς

1800 1438 1970 1512 Aquis
2005 1442 2058 1496 in
2088 1443 2289 1513 palatio
2318 1455 2492 1513 equos
2520 1442 2883 1510 stabulantes,
2911 1442 3172 1512 oppidum
3196 1450 3251 1497 et
3285 1458 3383 1513 pa-

1800 1532 1992 1589 latium
2019 1534 2344 1600 incenduut;
2390 1544 2636 1606 preterea
2682 1536 3018 1590 monasteria
3066 1533 3383 1601 Stabulaus,

1799 1624 2276 1694 Malmundarium,
2306 1626 2515 1695 ludam,
2541 1627 2842 1684 Prumiam.
2885 1626 3074 1700 (Fuld.
3111 1626 3237 1699 881)
3282 1627 3387 1683 Sa-

1801 1720 1880 1774 cri
1924 1719 2135 1775 ordinis
2171 1719 2229 1774 in
2259 1726 2495 1790 utroque
2541 1735 2673 1775 sexu
2720 1719 2978 1787 ministri,
3009 1720 3102 1774 ubi
3134 1729 3390 1790 poterant

124 1847 249 1886 casa
274 1838 419 1885 sunt.
448 1827 571 1884 Hoc
601 1837 849 1897 tempore
890 1823 1039 1899 (185)
1078 1821 1316 1879 clarebat
1355 1818 1480 1875 Milo
1505 1832 1697 1873 mona-
1729 1814 1774 1874 Β
1801 1810 2147 1882 oportunius,
2192 1810 2450 1877 latebant,
2489 1818 2545 1865 et
2585 1819 2900 1866 sanctorum
2935 1824 3168 1880 corpora
3213 1818 3268 1865 et
3301 1809 3387 1880 pi-

131 1925 250 1980 chus
281 1924 346 1980 de
396 1922 580 1981 sancti
612 1919 870 1983 Amandi,
908 1917 1003 1988 qui
1033 1917 1198 1972 vitam
1240 1912 1419 1970 sancti
1462 1910 1699 1966 Amandi

132 2013 330 2068 metrice
352 2011 549 2078 edidit,
574 2018 628 2066 et
654 2010 857 2064 librum
894 2008 962 2063 de
989 2006 1290 2073 sobrietate
1330 2003 1399 2059 ad
1436 2000 1697 2058 Karolum

132 2104 332 2159 Calvum
366 2104 616 2174 scripsit.
650 2100 766 2157 Sub
794 2101 900 2156 hoc
924 2098 1124 2154 Milone
1151 2095 1497 2152 adolescebat
1535 2094 1699 2150 etiam

130 2213 279 2267 nepos
292 2197 410 2267 ejus
426 2195 737 2262 llubaldus,
752 2195 847 2265 qui
868 2195 921 2248 in
945 2201 1150 2262 septem
1173 2189 1481 2245 liberalium
1498 2187 1698 2267 artium

132 2266 304 2360 peritia
322 2266 538 2355 θεῖαι-ηε,
570 2289 786 2360 egregie
825 2295 1005 2356 preter
1031 2292 1227 2346 caetera
1269 2280 1324 2335 in
1351 2280 1563 2334 musica
1588 2266 1705 2333 ela«

131 2383 408 2448 rni:,etde
448 2381 645 2437 multis
689 2380 893 2435 sanctis
935 2388 1129 2433 cautus
1168 2373 1315 2432 dulci
1365 2380 1421 2429 et
1465 2372 1700 2445 regulari

135 2474 478 2530 modulatione
502 2471 839 2544 composuit.
866 2480 870 2484 ‘

190 2605 302 2661 880.
626 2604 683 2660 2.
1012 2601 1069 2657 2.
1349 2600 1437 2655 11.

191 2698 392 2771 rma.)
420 2698 521 2755 Sol
554 2699 691 2753 hora
721 2697 830 2761 dici
856 2711 1001 2752 nona
1029 2695 1103 2751 ita
1129 2695 1471 2768 .obscuratus
1493 2701 1599 2760 est,
1635 2701 1696 2746 ut

138 2792 285 2847 sullae
323 2792 379 2847 in
427 2792 570 2848 calo
618 2797 964 2862 apparerent.
1000 2787 1177 2859 (lett.
1208 2785 1351 2859 [11.1)
1383 2784 1501 2842 Rex
1529 2784 1703 2840 Fran-

139 2897 302 2939 corum
347 2882 683 2940 Ludenicus
730 2881 935 2937 Balbus
980 2880 1235 2946 moritur,
1276 2893 1503 2933 uxorem
1548 2892 1705 2933 suam

136 2990 194 3029 ex
215 2990 268 3030 se
290 2976 577 3051 gravidam
620 2974 959 3045 relinquens.
1010 2971 1085 3029 De
1115 2986 1286 3043 regno
1319 2970 1438 3043 ejus
1462 2964 1707 3025 Francis

142 3066 274 3123 varie
300 3068 689 3135 sentientibus,
728 3067 853 3123 aliis
882 3066 1017 3123 illud
1061 3064 1189 3121 ﬁliis
1228 3064 1508 3120 Ludowici
1556 3061 1704 3118 Balbi

143 3173 199 3259 ea
222 3161 729 3260 concubinadeber‘i
751 3160 1150 3260 iudicantibus,
1190 3158 1314 3260 aliis
1335 3156 1535 3260 Bosoni
1563 3155 1701 3211 Pro-
1733 3176 1778 3239 ε
1810 3206 1847 3260 p

144 3247 303 3308 \iatia
332 3254 520 3324 regulo
568 3252 638 3309 ad
666 3251 801 3308 illud
851 3251 1056 3323 injuste
1112 3249 1465 3307 invalcndum
1513 3263 1706 3304 assem

145 3340 392 3411 ticutibus,
421 3345 554 3402 aliis
584 3358 714 3400 vero
734 3343 873 3399 illud
912 3357 1084 3414 regno
1110 3340 1417 3398 Germaniae
1438 3339 1708 3395 resociare

83 3441 86 3445 ’
146 3435 443 3503 volentibus,
474 3437 734 3494 nascitur
761 3435 984 3492 interim
1026 3449 1095 3489 ex
1124 3432 1366 3504 legitima
1407 3445 1579 3487 uxore
1599 3429 1709 3486 Lu-

147 3525 314 3584 dowici
358 3528 508 3584 Balbi
566 3528 736 3593 ﬁlius,
789 3526 885 3599 qui
944 3541 1011 3581 ex
1054 3524 1279 3580 nomine
1332 3521 1423 3579 avi
1474 3521 1708 3578 Karolus

148 3619 428 3676 nominatus
453 3628 566 3677 est.
598 3618 724 3674 Filii
766 3627 956 3674 tamen
1001 3614 1284 3672 Ludowici
1306 3613 1459 3669 Balbi
1479 3628 1548 3669 ex
1576 3629 1709 3669 con-

150 3710 337 3777 cubina,
381 3711 716 3767 Ludowicus
763 3719 818 3765 et
874 3708 1281 3764 Karlomannus
1309 3707 1463 3774 dicti,
1489 3706 1707 3762 interim

148 3815 346 3873 regnum
399 3790 741 3859 Francorum
796 3801 940 3857 inter
998 3815 1058 3856 se
1110 3799 1436 3867 dividentes,
1474 3805 1709 3871 regnant

151 3895 288 3949 anuis
340 3905 578 3967 quatuor
644 3894 744 3963 ⁸⁸³,
805 3904 859 3952 et
926 3892 1195 3949 Bosouem
1252 3906 1467 3962 semper
1517 3906 1707 3962 perse-

153 3983 244 4036 cuti
282 3993 420 4040 sunt.
471 3978 613 4057 (10.)
664 3982 723 4039 lu
757 3984 895 4040 silva
940 3982 1188 4039 Francia:
1215 3980 1553 4038 Carbonaria
1586 3981 1708 4052 plus

154 4087 293 4141 quam
324 4091 516 4132 novem
565 4075 713 4132 milia
738 4073 1247 4132 Nortbmannorum
1282 4088 1315 4129 a
1343 4072 1569 4129 Francis
1603 4088 1708 4128 cte—

155 4161 343 4220 duntur.

208 4297 322 4357 881.
646 4304 699 4359 1.
1024 4304 1072 4357 1.
1360 4301 1447 4356 12.

217 4388 428 4451 Karolus
468 4395 792 4467 imperator,
837 4394 1011 4450 fratre
1053 4410 1158 4450 suo
1203 4392 1575 4448 Karlomauno
1613 4393 1709 4448 de-

159 4474 335 4549 functo,
362 4496 416 4541 et
440 4502 556 4543 non
601 4487 775 4544 multo
819 4496 945 4557 post
983 4485 1281 4542 Ludowico
1322 4485 1496 4541 altero
1542 4484 1708 4543 fratre

157 4584 244 4625 tuo
267 4573 549 4634 immatura
594 4586 771 4632 morte
816 4586 1091 4649 prerepto,
1151 4585 1275 4648 post
1298 4577 1478 4632 claras
1505 4577 1572 4632 de
1605 4577 1711 4632 iui-

161 4662 292 4719 micis
313 4667 568 4724 victorias
598 4684 828 4740 regnum
850 4667 1157 4723 Germaniae
1185 4667 1423 4738 optinuit
1448 4665 1553 4738 (Cf.
1581 4666 1705 4737 ib.).

218 4791 327 4850 882.
607 4796 660 4852 2.
982 4796 1037 4851 2.
1332 4794 1418 4850 15.

218 4794 327 4850 882.
647 4838 660 4852 .
1024 4837 1037 4851 .
1332 4795 1355 4848 1
1404 4834 1418 4849 .

218 4884 372 4954 (Heu.
412 4888 573 4964 1R.])
607 4796 847 4945 ἰαί-01118
890 4796 1077 4945 Rufrae
1116 4905 1147 4943 a
1190 4904 1332 4959 papa
1365 4794 1622 4943 {Iohanne
1656 4886 1713 4942 iu

162 4972 507 5046 imperatorem
537 4982 895 5040 benedicitur.
931 4982 1020 5054 (Α.
1062 4980 1298 5051 Vedast.)
1327 4974 1713 5044 Northmanni,

160 5067 401 5136 adiunctis
422 5074 527 5131 sibi
553 5073 742 5142 Danis,
759 5073 1044 5131 Frauciam
1071 5082 1126 5129 et
1152 5070 1560 5143 Lotharingiam
1586 5086 1714 5141 per-

1799 1919 1964 1975 guera
1993 1903 2131 1959 locis
2158 1902 2449 1959 tutioribus
2484 1902 2903 1957 absconderant.
2939 1899 3027 1971 (Α.
3075 1900 3226 1966 Fert,
3256 1900 3387 1970 879)

1798 1996 1881 2053 Ad
1915 1998 2030 2052 lucc
2059 1997 2199 2051 mala
2225 1995 2363 2067 Hug,
2392 1994 2537 2051 ﬁlius
2565 1993 2811 2049 Lotharii
2841 1993 2987 2065 regis
3005 2008 3072 2048 ex
3095 1992 3387 2049 Waldrada

1799 2088 1987 2158 pelice,
2017 2089 2070 2143 in
2100 2086 2473 2159 Lotharingia,
2497 2094 2551 2142 et
2573 2085 2717 2143 Boso
2744 2086 3151 2158 suprascriptus
3176 2085 3231 2139 iu
3257 2083 3391 2139 Bur-

1800 2178 1999 2251 gundia
2032 2181 2463 2252 tyrannizabaut.

1871 2312 1997 2369 885.
2286 2315 2342 2371 5.
2666 2316 2724 2371 5.
3016 2316 3104 2370 ﬂ.

1876 2407 2054 2481 (Men.
2086 2407 2226 2483 [R.])
2266 2406 2628 2464 Northmanni
2674 2409 2864 2464 urbem
2891 2406 3171 2463 Treverim
3202 2407 3390 2462 inccn-

1803 2503 1962 2570 dunt,
1996 2512 2052 2558 et
2077 2501 2279 2557 Mettim
2316 2517 2493 2572 usque
2535 2484 2883 2572 portendunt,
2924 2499 3107 2572 ibique
3139 2508 3393 2555 conserto

1803 2596 1977 2667 prelio
2011 2594 2339 2650 christianos
2368 2595 2614 2650 Vincunt.
2643 2593 2702 2648 In
2733 2592 2839 2649 hoc
2867 2592 3039 2664 prelio
3066 2591 3227 2647 Walo
3256 2590 3392 2645 Mtt-

1803 2688 2042 2745 tensium
2070 2687 2361 2758 episcopus
2386 2701 2561 2742 caesus
2594 2695 2695 2742 est.

1879 2822 2003 2878 881.
2311 2823 2364 2876 4.
2674 2822 2728 2875 4.
2998 2821 3107 2875 15.

1880 2916 2015 2986 (1b.)
2055 2913 2288 2970 Karolus
2320 2914 2617 2984 imperator
2654 2928 2691 2968 a
2721 2912 2891 2969 Gallis
2915 2921 2969 2968 et
2993 2911 3285 2969 Germanis
3327 2910 3399 2967 ad

1807 3003 2185 3063 auxiliandum
2218 3019 2387 3076 regno
2411 3011 2705 3069 evocatus,
2749 2999 3138 3058 Norhmaunos
3162 3000 3393 3056 oLsidet.

1810 3100 1946 3153 Cum
1972 3113 2084 3169 quo
2113 3096 2440 3153 Godel‘ridus
2462 3112 2557 3152 rex
2584 3097 2728 3153 facto
2750 3096 2974 3162 fmdere,
2998 3106 3061 3152 ut
3078 3096 3183 3153 sibi
3209 3096 3397 3152 Fresia

1848 3189 2078 3257 rovintja
2105 3196 2160 3244 et
2183 3186 2334 3244 Gisia
2378 3187 2486 3242 lilia
2525 3187 2768 3244 Lotharii
2809 3189 2955 3261 regis
2983 3204 3123 3245 uxor
3149 3188 3394 3254 daretur,

1806 3280 2118 3351 baptizatus
2144 3288 2249 3344 est,
2281 3287 2337 3335 et
2365 3279 2435 3334 ab
2470 3280 2799 3350 imperatore
2825 3279 2895 3336 de
2927 3296 3087 3337 sacro
3123 3279 3270 3337 fonte
3299 3270 3403 3335 sué

1811 3380 2029 3441 Sceplus
2058 3381 2159 3426 est.
2194 3370 2457 3442 Sigil‘rido
2487 3386 2708 3443 quoque
2736 3387 2863 3444 rege
2890 3372 3055 3428 nimis
3079 3381 3394 3438 munerato,

1803 3478 1903 3518 eos
1929 3477 1962 3518 a
1988 3478 2159 3534 regno
2187 3478 2288 3518 suo
2316 3463 2570 3518 recedere
2606 3461 2750 3518 fecit.
2789 3462 2896 3530 Qui
2936 3479 3065 3519 mox
3112 3463 3399 3520 Francianr

1810 3562 2134 3625 repetentes,
2181 3562 2306 3626 post
2346 3554 2552 3609 multas
2587 3554 2935 3611 incursiones
2964 3569 2997 3610 a
3027 3554 3400 3613 Karlomanno

1810 3662 1936 3718 rege
1962 3646 2301 3704 Francorum
2325 3645 2612 3702 duodecim
2643 3645 2792 3701 milia
2817 3646 3026 3718 argenti
3055 3647 3270 3716 probati
3300 3663 3401 3718 pro

1809 3738 2014 3795 tributo
2041 3740 2285 3810 exigunt,
2330 3747 2387 3795 et
2427 3739 2511 3794 sic
2553 3738 2612 3794 in
2651 3738 2939 3795 duodecim
2986 3748 3164 3795 annos
3208 3755 3398 3810 pacem

1809 3829 2208 3901 promittentes,
2247 3845 2399 3885 mare
2435 3824 2966 3911 repetunt._(Ft.oo.)
3012 3828 3128 3886 lloc
3153 3838 3401 3901 tempore

1813 3920 2080 3981 nodulqu
2105 3923 2330 3994 quidam
2352 3938 2556 3994 corpus
2577 3923 2752 3980 aucti
2778 3921 2966 3980 Calisti
2994 3938 3147 3997 papa:
3173 3932 3226 3978 et
3251 3939 3400 3978 mar-

1807 4015 1943 4087 tyris
1987 4030 2019 4071 a
2068 4015 2320 4071 Romana
2361 4016 2497 4072 urbe
2535 4016 2588 4071 in
2629 4014 2920 4072 Franciam
2959 4013 3259 4083 transfert;
3304 4016 3401 4086 qui

1804 4106 2049 4164 Calistus
2071 4107 2344 4182 jejunium
2370 4116 2611 4180 quatuor
2630 4117 2940 4181 temporum
2963 4088 3227 4165 celebrari
3255 4108 3403 4165 iusti.

1807 4198 1915 4255 luit
1934 4198 2020 4254 ⁸⁸⁸.

1880 4332 2007 4387 885.
2316 4332 2371 4387 5.
2660 4332 2713 4386 5.
3035 4332 3119 4386 16.

1884 4424 2061 4496 (Men.
2094 4423 2235 4496 [n.j)
2276 4421 2652 4480 Karlomanno
2704 4422 3045 4481 Francorum
3098 4437 3226 4494 rege
3255 4438 3405 4478 mor—

1744 4523 1787 4577 D
1813 4527 1926 4595 tuo,
1950 4518 2109 4588 cujus
2124 4517 2293 4572 frater
2312 4517 2644 4574 Ludovicus
2662 4516 2777 4588 jam
2803 4516 2973 4587 priori
3000 4530 3147 4573 anno
3173 4515 3406 4582 obierat,

1815 4609 2178 4665 Northmanni
2225 4608 2517 4666 Franciam
2558 4616 2843 4680 repetunt,
2890 4608 3136 4664 dicentes
3175 4623 3236 4664 se
3281 4623 3406 4663 cum

1800 4717 1939 4774 rege
1964 4701 2302 4758 Francorum
2334 4682 2571 4769 tantum,
2597 4715 2709 4757 non
2738 4716 2864 4757 cum
2891 4700 3119 4757 Francis
3144 4702 3298 4772 pacis
3320 4716 3400 4773 pe

1812 4793 2016 4865 pigisse
2045 4802 2283 4863 pactum.
2317 4791 2456 4848 Hinc
2484 4793 2755 4864 compulsi
2786 4792 2982 4848 Franci
3014 4791 3275 4849 Karolum
3302 4793 3407 4848 im-

1812 4892 2119 4957 peratorem
2149 4883 2217 4938 ad
2247 4883 2625 4949 auxiliandum
2652 4882 2757 4938 sibi
2781 4883 3093 4951 imitantes,
3120 4882 3406 4940 Frauciam

1808 4976 1862 5032 ei
1896 4974 2194 5030 subiciunt.
2237 4972 2343 5042 Qui
2381 4983 2574 5030 contra
2610 4971 3020 5031 Nortlimannos
3054 4975 3198 5045 apud
3237 4974 3406 5029 Lora-

1812 5068 1967 5123 nium
1997 5075 2179 5123 castra
2208 5076 2442 5124 metatos
2472 5068 2642 5123 semel
2684 5076 2738 5122 et
2777 5067 2863 5123 bis
2903 5067 3207 5125 exercitum
3238 5067 3405 5133 misit,

1412 5224 1641 5282 VARUE
1680 5221 2084 5280 LECTIONES.

195 5332 282 5412 η¹⁶³
306 5337 535 5412 quinque
558 5338 681 5396 35‘.
710 5338 811 5395 Cl.
843 5338 895 5393 5.
937 5340 1013 5393 «1⁸.
1055 5336 1117 5391 D.

171 5406 273 5465 liis;
306 5406 412 5462 rell.

1202 5354 1205 5357 ‘
1255 5338 1322 5369 ‘“
1362 5338 1606 5392 bunnam
1637 5334 1735 5391 C5.
1768 5338 1842 5391 ιιι.
1878 5334 1939 5390 Ι).

2063 5335 2130 5367 ³⁸⁸
2165 5333 2279 5391 Hoc
2300 5367 2370 5375 —-
2395 5335 2632 5391 instituit
2663 5333 2803 5407 Sig.,
2841 5345 2897 5391 ut
2927 5336 3032 5390 vid.
3055 5378 3070 5402 ,
3124 5351 3235 5388 cur.
3296 5344 3405 5388 ter-

1630 5475 1858 5533 NOTAE.

225 5560 360 5635 (185)
394 5568 627 5650 Multum
676 5580 827 5628 errat
858 5571 1176 5693 Sigebcrtus
1210 5571 1273 5625 in
1306 5578 1595 5640 .tcmpore.
1648 5567 1704 5623 In

168 5635 445 5693 moloan
463 5642 609 5693 enim
642 5642 699 5693 S.
728 5644 904 5693 Aman
946 5641 1316 5693 iElnonensis
1356 5657 1405 5693 s.
1457 5639 1525 5693 Χ.
1562 5654 1704 5693 nunc

172 5641 445 5710 δρα-οιοεῑθ
463 5642 609 5698 enim
642 5642 699 5697 S.
728 5641 962 5698 Amaodi
987 5641 1316 5699 Elnonensis
1356 5657 1405 5695 s.
1457 5641 1525 5704 X,
1562 5654 1709 5694 nunc

172 5695 282 5757 btbl.
319 5704 740 5792 Valentianensis
766 5714 826 5768 Β.
859 5715 916 5780 5,
961 5713 1051 5777 66,
1105 5711 1306 5794 legitur
1364 5730 1376 5765 :
1433 5711 1520 5765 10.
1576 5708 1706 5763 Kal.

179 5766 276 5827 OCl.
320 5779 478 5827 obltus
532 5783 745 5827 Milania
792 5800 929 5827 anno
979 5783 1188 5827 "nimim
1229 5781 1353 5827 879-
1401 5790 1566 5827 sumre
1610 5780 1705 5827 :8-

217 5782 276 5826 ct.
320 5779 478 5836 obitus
526 5783 745 5838 Milonis
792 5779 929 5839 anno
978 5779 1188 5843 Domini
1229 5781 1354 5838 872.
1401 5790 1566 5852 atque
1604 5799 1623 5835 ι
1653 5780 1705 5834 8.

497 5900 771 5962 PATROL.
808 5900 988 5963 CLX.

1816 5567 1949 5651 Κ(ιίζ
2119 5570 2388 5626 ordinatio
2416 5569 2463 5623 11
2471 5570 2682 5625 ncbnlrli
2710 5572 2765 5624 in
2790 5570 3112 5624 sacerdotem
3138 5586 3277 5626 antro
3301 5570 3405 5626 Do-

1820 5656 1949 5694 mum
2100 5681 2113 5694 .

1820 5656 1949 5694 mIlIl
1989 5656 2113 5694 δδυ.

1886 5710 2033 5782 (186)
2073 5709 2156 5765 Cf.
2206 5711 2350 5766 Mon.
2549 5729 2584 5777 I,
2629 5711 2753 5765 596.
