3914 6314
1630 295 1991 357 SlGEBERT-l
2029 279 2559 349 GEMBLACENSIS

458 434 555 492 sed
586 429 722 487 nihil
749 427 975 501 dignum
1003 417 1149 481 fecit.
1184 416 1449 494 Regnavit
1475 430 1605 488 ergo
1627 413 1860 470 Karolus
1885 410 2050 467 etiam
2083 413 2128 471 Α
2156 407 2497 462 Francorum
2534 403 2732 460 misere
2758 398 3104 473 discerpitur.
3151 396 3212 452 ln
3243 394 3396 452 Italia
3420 408 3624 467 nempe
3647 380 3747 448 Be-

362 556 367 567 ·
459 527 515 580 in
543 522 775 579 Francia
809 518 971 577 annis
998 515 1135 574 μοι.
1174 512 1506 570 llitmmarus
1541 507 1841 564 Remorum
1864 504 2053 560 archi-

459 618 756 689 episcopus
781 612 941 669 obiit.

531 707 658 762 886.
881 702 951 757 R.
993 698 1047 755 6.
1275 695 1339 752 F.
1384 696 1434 751 1.
1638 690 1702 747 G.
1748 689 1833 744 17.

531 792 723 864 (illam)
762 790 1007 846 Marinus
1035 787 1294 842 Romanae
1315 783 1578 840 aacclesite
1604 777 1936 835 centesimus
1961 789 2059 829 no—

462 904 567 942 nus
596 884 853 956 presidet.
900 880 1057 951 Apud
1092 872 1620 945 Constantinopolim
1652 868 1854 925 Basilio
1883 867 2054 937 impe—

456 986 641 1033 ratore
672 982 908 1038 mortuo,
937 970 1050 1026 Leo
1078 969 1222 1024 lilius
1250 966 1370 1038 ejus
1409 965 1640 1035 imperat
1677 959 1837 1015 annis
1872 958 1940 1013 l8
1965 958 2053 1012 ⁸⁵⁷.

463 1067 636 1141 (Μαι.
668 1064 811 1138 μη)
842 1062 983 1134 Hug,
1022 1060 1169 1117 ﬁlius
1204 1057 1450 1113 Lotharii
1480 1054 1625 1127 regis
1658 1069 1723 1108 ex
1759 1050 2054 1105 Wallrada

458 1158 658 1227 pelice,
710 1164 1001 1226 paternum
1049 1149 1419 1220 Lotbaringite
1466 1160 1695 1217 regnum
1744 1143 2055 1199 rebellando

438 1220 679 1319 lassequi
712 1220 982 1317 —sperans,
1029 1241 1324 1299 Godefrido
1365 1238 1873 1296 Northmannorum
1918 1234 2053 1314 regi,

457 1341 547 1394 cui
588 1354 746 1395 soror
785 1353 885 1393 sua
932 1335 1101 1392 Gisila
1148 1341 1451 1405 nupserat,
1493 1330 1784 1386 medietate
1822 1321 2055 1383 allectatI

458 1430 611 1503 regni
651 1428 923 1500 promissa
964 1426 1281 1498 persuadet,
1327 1432 1389 1478 nt
1421 1423 1493 1478 ab
1528 1422 1856 1492 imperatore
1884 1417 2058 1488 impe-

460 1523 625 1578 riales
686 1524 849 1577 liseos
910 1521 979 1575 ad
1033 1519 1251 1574 libitum
1298 1531 1459 1572 suum
1510 1514 1612 1570 sibi
1666 1512 1790 1568 addi
1825 1517 2054 1582 peteret,

459 1632 556 1687 per
602 1616 709 1670 hoc
757 1613 1041 1684 utrinque
1072 1612 1456 1681 imperatorem
1522 1603 1906 1662 circumveniri
1950 1618 2057 1673 pu-

2155 499 2441 571 xcngarius
2490 506 2544 552 et
2594 495 2756 552 Wido
2805 494 2874 550 de
2919 507 3090 566 regno
3143 488 3498 547 contendunt.
3553 483 3752 539 Franci

2154 608 2304 661 vero,
2343 591 2588 664 neglecto
2633 586 2834 643 Karolo
2877 585 2989 641 lilio
3032 581 3312 639 Ludowiei
3354 578 3531 646 Balbi,
3582 593 3757 648 puezo

2154 686 2244 741 vis
2282 683 2533 750 decenni,
2572 695 2757 754 regem
2797 679 2901 735 sibi
2942 674 3234 750 prellciunt
3259 672 3530 738 Odonem,
3580 670 3753 725 lilium

2155 777 2399 833 Rotberti
2431 775 2609 842 ducis,
2639 789 2803 847 quem
2832 788 2862 828 a
2893 757 3287 827 Nortlimannis
3312 765 3556 822 occisum
3589 777 3754 834 supra

2154 866 2415 922 diximus.
2460 856 2729 920 Rodnlfus
2771 871 2953 918 autem
2997 874 3205 916 corona
3235 856 3339 913 sibi
3368 854 3629 928 imposita
3664 868 3757 907 rex

2156 957 2605 1031 Burgundionum
2634 954 2917 1022 statuitur,
2961 946 3111 1025 quod
3142 958 3367 1023 regnum
3414 947 3592 1003 multo
3618 955 3756 1000 tem-'

2155 1068 2286 1124 pore
2315 1049 2553 1107 duravit.
2775 1118 2779 1125 .

2227 1144 2354 1199 891.
2683 1142 2734 1196 1.
3069 1138 3120 1193 Ι.
3413 1124 3467 1190 5.

2227 1235 2420 1308 (Μλιι.)
2453 1234 2537 1290 Ab
2563 1234 2668 1289 hoc
2695 1243 2941 1303 tempore
2961 1226 3336 1300 Liutprandus
3361 1226 3636 1282 diaconus
3663 1220 3753 1277 Τῖ-

2156 1327 2395 1384 cinensis
2422 1325 2705 1393 aecclesite,
2735 1322 3041 1396 hystoriam
3073 1336 3230 1377 suam
3256 1317 3491 1373 orditur.
3523 1314 3760 1370 Basilius

2158 1419 2420 1475 Romanae
2446 1417 2706 1475 arcelesiae
2745 1414 2907 1469 1‘12"”
2945 1411 3206 1484 presidet.
3247 1407 3347 1463 Hic
3380 1408 3438 1462 in
3478 1404 3760 1476 aliquibus

2156 1507 2312 1567 libris
2338 1525 2447 1565 non
2474 1507 2773 1567 invenitur.
2805 1504 2980 1577 (Men.
3005 1502 3148 1577 [11.1)
3178 1499 3481 1556 Normanni
3510 1498 3761 1554 Parisius

2155 1618 2469 1675 expugnare
2493 1617 2609 1657 non
2634 1600 2880 1655 valentes
2924 1594 3297 1668 Burgundiam
3342 1591 3759 1665 aggrediuntur,

460 1685 586 1763 tans
612 1725 627 1760 :
656 1707 701 1762 si
750 1705 941 1771 daret,
981 1700 1346 1757 Northmanni
1386 1700 1574 1753 hostes
1602 1696 1754 1767 regni
1799 1695 1854 1748 in
1884 1694 2059 1750 visce-
2086 1761 2129 1771 __
2157 1705 2210 1750 et
2245 1693 2479 1750 Senonis
2515 1691 2707 1748 urbem
2743 1694 3101 1763 oppugnant,
3134 1685 3229 1741 sed
3271 1699 3384 1738 non
3416 1689 3755 1753 expugnant.

465 1797 621 1853 ribus
648 1795 801 1866 regni
825 1761 1279 1857 immittet-eatur;
1312 1789 1359 1844 si
1382 1795 1629 1859 negaret,
1648 1761 1854 1856 justam
1882 1783 2059 1840 rcbel-
2086 1761 2131 1820 Β
2159 1787 2395 1860 (Linum)
2423 1785 2482 1841 lu
2506 1784 2664 1840 «Italia
2686 1761 2951 1838 Saraceni
2977 1787 3220 1835 castrum
3250 1775 3531 1847 quoddam
3561 1772 3759 1828 Fraxi-

461 1887 608 1963 laudi
637 1901 858 1942 causam
893 1884 1095 1938 habere
1131 1880 1428 1935 videretur.
1456 1878 1538 1932 Ad
1567 1877 1671 1932 hoc
1712 1875 2058 1931 tractandum

457 1978 618 2048 jussu
666 1975 1017 2048 imperatoris
1067 1972 1325 2037 Heinrico
1375 1970 1515 2026 duce
1556 1978 1610 2025 et
1656 1967 1950 2024 Godefrido
2000 1967 2057 2025 in

460 2067 691 2122 Batuam
725 2082 792 2121 ex
824 2065 1077 2121 condicto
1107 2061 1586 2125 convenientibus,
1620 2059 1763 2113 inter
1786 2057 2057 2129 agendum

462 2156 790 2213 Godefridus
839 2170 966 2211 cum
1013 2154 1130 2209 suis
1182 2151 1489 2223 perimitur.
1541 2147 1653 2203 Nec
1706 2148 1879 2202 multo
1933 2155 2061 2218 post

461 2249 626 2302 etiam
663 2244 783 2317 llug
814 2246 883 2300 ab
910 2242 1164 2299 Heinrico
1195 2250 1387 2311 captus
1418 2247 1729 2305 excecatur,
1772 2247 1827 2292 et
1869 2236 2056 2292 novis-

466 2342 604 2400 sime
635 2340 688 2394 in
716 2322 1049 2393 monachum
1086 2334 1323 2389 Prumiae
1352 2332 1682 2388 attondctur.

535 2431 660 2486 887.
957 2426 1009 2484 7.
1323 2422 1377 2479 2.
1724 2421 1773 2476 1.

534 2522 668 2595 (Ιὸ.)
708 2519 1013 2577 Normanni
1040 2535 1071 2574 a
1097 2517 1343 2573 Lovanio
1373 2524 1658 2580 exeuntes,
1691 2511 1937 2568 Parisius
1963 2509 2061 2565 ob-

464 2612 665 2670 sident.
715 2612 918 2669 Contra
965 2627 1105 2684 quos
1146 2610 1436 2665 Heinricus
1472 2608 1581 2663 dux
1616 2606 1917 2663 exercitum
1953 2604 2060 2659 du-

463 2719 614 2770 cens,
650 2703 782 2759 dum
813 2701 1031 2757 incaute
1059 2701 1289 2771 equitat,
1316 2700 1372 2754 in
1401 2697 1611 2755 foveam
1651 2713 1815 2768 quam
1854 2694 2059 2751 North-

462 2796 652 2852 manui
682 2794 880 2859 factam
918 2794 1235 2866 quisquiliis
1283 2800 1631 2864 operuerant,
1667 2792 1855 2860 lapsus
1886 2788 2058 2845 truci-

463 2889 646 2945 datur.
684 2887 820 2960 (Ib.)
859 2885 980 2959 llug
1026 2886 1137 2942 dux
1174 2895 1226 2941 et
1268 2886 1439 2941 abbas
1483 2886 1637 2939 mira:
1680 2882 1973 2955 potestatis
2007 2891 2062 2936 et

468 2980 772 3052 prudentia:
805 2978 1060 3036 moritur.

537 3069 663 3132 888.
961 3067 1016 3127 8.
1306 3068 1360 3122 Ξ.
1717 3065 1771 3119 2.

534 3161 727 3242 (Mam)
752 3160 1021 3235 Agapitus
1043 3159 1303 3215 Romanae
1324 3158 1585 3214 aacclesiae
1611 3157 1771 3211 “0‘13
1801 3155 2060 3228 presidet.

464 3254 568 3313 Hic
591 3257 649 3311 in
673 3255 950 3326 aliquibus
973 3252 1128 3309 libris
1148 3267 1255 3307 non
1276 3258 1690 3307 annumeratur.
1715 3248 1892 3322 (Men.
1920 3247 2061 3322 [R.])

466 3346 701 3403 Kal-olus
730 3346 1028 3415 imperator
1064 3358 1192 3398 cum
1225 3341 1636 3396 Northmannos
1678 3338 1931 3411 nequiret
1963 3353 2061 3394 ex-

467 3439 688 3509 pellere,
720 3438 941 3493 tandem
972 3435 1115 3492 facto
1146 3434 1351 3492 foedere
1378 3434 1654 3491 concessit
1678 3433 1760 3490 eis
1788 3433 2062 3505 regiones,

468 3547 593 3604 qua:
627 3540 785 3587 erant
821 3530 963 3587 ultra
996 3529 1330 3601 Sequanam,
1368 3544 1605 3600 quarum
1643 3527 1837 3585 incola:
1871 3535 2065 3582 contra

468 3640 530 3681 se
579 3624 934 3681 rebellabant.
993 3621 1111 3690 Que
1157 3637 1288 3695 pars
1331 3620 1580 3678 Franciae
1625 3636 1657 3676 a
1708 3618 2067 3677 Nortmaunis

468 3713 826 3771 Nortmannia
848 3712 1202 3775 denominata
1229 3719 1315 3767 est
1334 3711 1421 3766 ⁸⁸⁸.

431 3885 434 3893 ι
542 3849 668 3905 889.
863 3849 916 3903 9.
1101 3847 1155 3900 4.
1370 3843 1428 3899 ‘5.

544 3945 752 4017 (um)
791 3944 1066 3998 Adrianus
1098 3941 1359 3997 Romanae
1386 3939 1651 3997 aeeclesiae
1686 3940 1847 3994 ill“!
1888 3941 2065 4011 presi-

472 4035 581 4090 det.
629 4034 803 4106 (Men.
837 4032 979 4107 [R.])
1010 4032 1247 4087 Karolus
1276 4032 1572 4102 imperator
1606 4031 1813 4088 zelatus
1841 4047 2065 4087 uxorem

474 4142 630 4182 suam
657 4167 670 4190 ,
714 4142 814 4196 pro
864 4140 930 4180 eo
973 4124 1118 4196 quod
1160 4123 1284 4193 plus
1320 4122 1479 4193 justo
1519 4121 1846 4177 familiarius
1888 4132 2070 4193 ageret

473 4234 601 4276 cum
627 4217 942 4274 Liutwardo
974 4215 1303 4273 Vercellensi
1337 4214 1617 4285 episcopo,
1650 4222 1983 4285 protestatur
2012 4214 2065 4267 in

472 4311 846 4379 contentione,
883 4326 943 4367 se
976 4321 1258 4379 nunquam
1286 4323 1411 4363 cum
1457 4323 1521 4363 ea
1557 4307 1765 4373 coisse;
1806 4307 1896 4360 illa
1940 4322 2070 4362 vero

473 4416 534 4457 se
570 4401 839 4473 virginem
878 4416 1001 4457 esse
1038 4399 1292 4471 gloriata,
1339 4408 1562 4470 accepto
1606 4399 1836 4470 repudio
1873 4415 2067 4454 mona-

475 4495 704 4550 sterium
738 4494 912 4565 petiit.

548 4628 673 4684 890.
964 4626 1050 4682 10.
1367 4626 1419 4683 5.
1731 4624 1785 4684 4.

549 4721 684 4793 (1b.)
723 4721 960 4778 Karolus
1003 4722 1301 4793 imperator
1338 4737 1569 4792 corpore
1611 4730 1665 4777 et
1708 4722 1894 4777 animo
1937 4719 2073 4776 dell--

481 4815 652 4880 ciens,
686 4815 755 4869 ab
784 4814 1145 4885 optimatibus
1185 4814 1336 4885 regni
1369 4813 1708 4884 repudiatur,
1737 4823 1791 4869 et
1812 4812 2075 4869 Arnull‘us

482 4904 628 4959 [ilius
656 4903 1009 4959 Karlomanni
1051 4905 1214 4976 regis,
1241 4903 1526 4959 fratruelis
1560 4905 1710 4973 ejus,
1748 4905 1803 4959 in
1844 4920 2071 4975 regnum

483 4997 833 5064 sublimatur,
871 5005 924 5052 et
961 4996 1208 5068 regnavit
1236 4996 1396 5052 anuis
1431 4997 1517 5050 l2.
1550 4995 1650 5051 Hic
1686 4995 1946 5052 Arnulfus
1972 5013 2073 5066 pa-

481 5097 611 5146 truo
657 5106 758 5146 suo
800 5089 1021 5158 Karolo,
1069 5104 1137 5145 ex
1177 5088 1509 5159 imperatore
1554 5089 1717 5144 etiam
1752 5090 2078 5146 necessariis

486 5182 686 5254 egenti,
720 5180 885 5238 ﬁscos
913 5182 969 5236 in
1012 5181 1335 5236 Alemannia
1372 5180 1671 5252 delegavit;
1704 5182 1797 5251 qui
1827 5182 2077 5252 sequenti

488 5289 635 5329 anno
682 5273 834 5328 obiit.
880 5270 1014 5345 (1b.)
1060 5270 1368 5327 Romanum
1415 5272 1706 5342 imperium
1742 5282 1796 5329 et
1846 5289 2078 5345 regnum

2158 1886 2344 1934 netum
2377 1881 2710 1949 occupantes
2728 1914 2747 1942 ,
2778 1885 2980 1947 magno
3015 1868 3185 1926 exiti’o
3216 1864 3384 1923 Italiae
3411 1880 3538 1923 esse
3577 1880 3761 1937 crepe-

2156 1981 2308 2029 runL

2229 2065 2354 2121 892.
2686 2060 2741 2114 2.
3030 2050 3095 2122 ,2.
3421 2048 3478 2107 6.

2232 2157 2409 2228 (Men.
2445 2152 2595 2229 [R.])
2630 2147 2998 2207 Northmanni
3035 2163 3067 2203 a
3106 2136 3344 2202 Senonis
3375 2131 3636 2200 ll’arisius
3676 2157 3762 2199 re-

2160 2252 2373 2319 petunt,
2401 2254 2456 2302 et
2481 2244 2607 2301 inde
2633 2241 2860 2314 repulsi,
2896 2256 2998 2312 per
3032 2237 3336 2294 Matronam
3366 2236 3597 2292 ﬂuvium
3630 2233 3761 2291 Tre-

2161 2357 2256 2403 cas
2279 2339 2475 2396 urbem
2494 2336 2816 2402 incendunt,
2841 2342 2895 2389 et
2914 2346 3090 2404 usque
3117 2320 3428 2385 Virdunum
3451 2330 3508 2384 et
3535 2322 3754 2383 Tullum

2162 2432 2326 2487 urbes
2351 2438 2549 2487 cuncta
2591 2416 3010 2496 depopulantur.
3055 2420 3294 2494 (Lmae)
3342 2409 3510 2476 Wido
3557 2418 3756 2475 Beren-

2161 2525 2375 2598 garium
2402 2523 2490 2579 bis
2513 2522 2718 2578 vietum
2746 2534 2815 2575 ex
2842 2516 3015 2589 prelio
3036 2506 3214 2587 fugat.
3251 2513 3340 2585 (Α.
3382 2510 3604 2568 Vedast.
3637 2510 3758 2580 888)

2162 2617 2279 2673 Odo
2307 2631 2403 2672 rex
2431 2614 2618 2669 Danos
2654 2625 2822 2682 super
2858 2609 3109 2663 Axonam
3143 2605 3371 2662 ﬂuvium
3396 2605 3544 2661 bello
3574 2604 3758 2660 vincit.

2234 2709 2363 2765 895.
2691 2702 2746 2759 5.
3077 2700 3132 2755 5.
3425 2696 3477 2753 7.

2235 2799 2473 2876 (LIUDP.)
2503 2796 2769 2854 Amulius
2795 2810 2889 2851 rex
2916 2791 3302 2850 Zueudcbaldo
3326 2789 3762 2848 ducihlaraben-

2162 2897 2309 2953 sium
2344 2895 2606 2951 ducatum
2638 2889 3039 2946 Boemanomm
3085 2886 3328 2954 addens,
3370 2893 3427 2941 et
3460 2884 3760 2939 Boemanos

2160 3000 2259 3061 per
2297 2987 2403 3043 hoc
2446 2985 2552 3043 sibi
2580 2981 2808 3038 infestos
2848 2978 2999 3047 fecit,
3033 2985 3090 3034 et
3122 2975 3510 3033 Zuendebaldo
3555 2990 3651 3046 per
3670 2974 3762 3030 ad-

2090 3116 2139 3180 Ω
2163 3079 2457 3151 jectionem
2497 3074 2757 3148 potentia:
2795 3070 3085 3127 materiam
3130 3077 3323 3124 contra
3365 3081 3429 3123 se
3466 3064 3761 3122 rebellandi

2171 3172 2338 3230 dedit.
2385 3166 2467 3223 Ad
2510 3179 2673 3238 quem
2708 3161 3090 3220 debellandum
3145 3174 3274 3215 cum
3319 3173 3430 3214 non
3474 3158 3758 3224 sulllceret,

2166 3264 2370 3338 apertis
2394 3259 2565 3316 clusis
2593 3263 2807 3330 gentem
2845 3253 3189 3326 Ungarorum
3222 3250 3335 3307 Deo
3367 3249 3651 3307 inimicam
3677 3266 3759 3307 re-

2166 3373 2274 3432 gno
2309 3353 2562 3418 immisit,
2602 3363 2906 3420 eorumque
2949 3345 3155 3402 auxilio
3194 3342 3644 3400 Zuendebaldum
3668 3343 3753 3398 ἀοι

2165 3449 2297 3505 vicit
2322 3454 2377 3502 et
2403 3441 2755 3500 tributarium
2783 3439 2931 3497 fecit.
2960 3436 3232 3511 [Sanctus
3257 3433 3556 3492 Uldaricus
3584 3436 3642 3491 in
3667 3433 3758 3489 Bai

2162 3540 2340 3615 joaria
2371 3537 2620 3594 nascitur
2644 3532 2766 3606 “9.1

2238 3680 2367 3735 894.
2706 3672 2764 3727 4.
3084 3668 3140 3722 4.
3466 3658 3520 3722 8.

2241 3771 2418 3843 (Meti.
2451 3764 2594 3840 UH)
2627 3761 2953 3819 Nortmanni
2981 3759 3182 3823 iterum
3202 3775 3237 3815 a
3262 3747 3511 3815 Parisios
3538 3758 3756 3843 repulsi,

2169 3837 2307 3920 fines
2333 3837 2642 3916 Brittouum
2667 3856 2970 3920 incessunt,
3002 3861 3058 3907 et
3081 3851 3261 3923 primo
3290 3852 3552 3918 victores,
3584 3837 3759 3922 postea

2169 3974 2200 4012 a
2228 3954 2546 4010 Britonibus
2574 3950 2896 4015 vincuntur,
2931 3945 2986 3999 in
3021 3944 3238 4000 duobus
3268 3944 3455 4014 preliis
3482 3942 3755 4000 duodecim

2170 4049 2394 4104 milibus
2443 4058 2669 4100 suorum
2710 4038 3029 4111 peremptis.
3087 4034 3224 4107 (1b.)
3270 4033 3461 4091 Odone
3506 4050 3634 4107 rege
3671 4049 3759 4105 per

2171 4140 2463 4194 consilium
2528 4134 2866 4190 Francorum
2929 4130 2984 4184 in
3042 4127 3339 4198 Aquitania
3404 4127 3751 4191 demorante,

2171 4232 2367 4288 Franci
2392 4229 2651 4284 liarolum
2680 4238 2911 4296 puerum
2933 4220 3280 4301 duodennem
3310 4218 3592 4275 Ludovvici
3614 4217 3754 4272 Balbi

2172 4324 2343 4379 liiium
2387 4323 2441 4375 in
2487 4333 2716 4390 regnum
2766 4324 3054 4385 paternum
3099 4320 3392 4378 revocant,
3423 4319 3480 4366 et
3516 4310 3692 4365 Remis
3723 4323 3754 4362 a

2168 4399 2407 4470 Folcoue
2447 4408 2862 4479 archiepiscopo
2906 4403 2963 4459 in
3012 4417 3192 4473 regem
3236 4401 3486 4457 benedici
3532 4400 3750 4463 faciunt;

2042 4576 2051 4585 .
2103 4482 2148 4536 ι)
2177 4516 2231 4561 et
2257 4504 2431 4560 exitur
2460 4502 2624 4571 longa
2659 4492 2994 4553 concertatio
3024 4491 3169 4548 inter
3192 4506 3320 4547 eum
3352 4499 3407 4547 et
3437 4490 3689 4546 Odonem.

2254 4639 2380 4693 895.
2706 4634 2759 4689 5.
3104 4630 3161 4686 5.
3454 4627 3514 4684 9.

2253 4726 2462 4799 (Mam)
2503 4725 2814 4796 Stephanus
2855 4726 3115 4781 Romanae
3153 4721 3416 4778 :ecclesia:
3455 4720 3615 4774 HS“
3652 4730 3758 4788 pre-

2178 4820 2337 4876 sidet.
2386 4818 2562 4891 (Men.
2609 4815 2751 4890 [R.])
2797 4816 3122 4873 Nortmanni
3165 4811 3577 4882 Lotbarlngiam
3622 4823 3758 4874 reps-

2176 4918 2382 4977 tentes,
2422 4909 2568 4966 circa
2604 4907 2869 4965 Leodium
2907 4924 3034 4965 eum
3073 4904 3393 4963 Christianis
3434 4909 3678 4974 pugnant
3713 4906 3760 4949 et

2179 5003 2423 5058 vincunt.
2473 5000 2849 5057 Sunderoldus
2908 4999 3200 5072 Moguntiae
3247 4996 3689 5066 archiepiscopus
3732 5008 3759 5045 a

2177 5090 2573 5148 Northmannis
2600 5090 2920 5147 Wormatiae
2947 5090 3355 5163 martyrizatur.
3388 5085 3651 5141 Arnull‘us
3679 5098 3760 5138 rex

2179 5185 2368 5243 audita
2402 5184 2549 5239 cmde
2580 5199 2828 5251 suorum,
2853 5200 2883 5239 a
2907 5183 3156 5255 Bajoaria
3190 5190 3380 5238 contra
3410 5178 3763 5235 Nortmannos

2184 5286 2527 5349 pugnaturus
2555 5285 2813 5348 properat
2841 5291 2965 5332 eum
2988 5275 3170 5330 valido
3198 5272 3477 5340 exercitu;
3512 5286 3652 5343 quos
3680 5284 3761 5325 su-

1789 5449 2017 5508 ΥΑῐῖΙᾸΞ
2058 5450 2463 5511 LECTIONES.

510 5607 514 5610 ~
566 5562 911 5647 “fustuinque
950 5560 1139 5647 (ἔθεε).
1175 5559 1369 5647 ιντυκ
1436 5563 1502 5598 ³⁸⁷
1541 5561 1737 5647 ᾷιᾟΑ.
1787 5562 1886 5647 Δισε
1923 5562 2080 5647 9.1).
2117 5562 2331 5647 F._n_rt.
2370 5564 2435 5620 N.
2464 5565 2606 5621 d.e.
2637 5563 2755 5647 sig.
2799 5565 3425 5647 cur._tertiis.addidit;.
3456 5562 3548 5617 scd
3585 5573 3762 5647 manus

494 5631 772 5715 amtilliina
801 5631 984 5685 manui
1026 5631 1108 5713 id.
1150 5646 1304 5685 eraso
1337 5632 1687 5689 denominata
1721 5643 1803 5689 est
1831 5635 1937 5687 seri
1975 5631 2045 5687 sit
2068 5650 2085 5688 :
2111 5644 2195 5690 est
2226 5636 2393 5703 dicta,
2470 5637 2684 5692 uamvis
2705 5631 2870 5693 esset
2901 5638 3024 5707 ejus
3057 5636 3208 5707 regio
3240 5635 3496 5705 propria;
3543 5634 3637 5689 sed
3662 5646 3758 5686 non

496 5713 571 5757 ita
613 5712 674 5757 ut
715 5718 863 5757 nunc
896 5711 980 5757 est
1026 5703 1269 5757 dilatata.
1305 5701 1456 5757 Idem
1505 5705 1695 5758 habent
1727 5704 1845 5758 BS“.
1888 5651 1981 5758 Fr.
2029 5705 2083 5759 2.
2122 5705 2186 5761 5:
2221 5652 2761 5761 reliam'giaebermm
2806 5719 3118 5761 sequuntur.
3203 5707 3269 5739 “’
3306 5708 3362 5760 in
3384 5722 3576 5760 rasura
3617 5701 3755 5757 addit

496 5677 982 5757 ἷῐὲΓὶιῖἽιῖιιῖἱῖἑξί
1026 5677 1695 5758 ὀῖίςιιᾌιῖιῖᾙὲἱὶἷ’ὶὲἑὶὸὲἷῆ
1722 5677 2083 5759 ἓέίῗῖηπῖῗὲζ
2112 5677 2195 5760 Ξῖ
2221 5677 2410 5760 ῗὲᾔὶἱὶἷί

499 5723 571 5757 ita
614 5723 674 5757 ut
716 5723 863 5757 nunc
896 5723 980 5757 εει
1026 5723 1269 5757 tutatuta.
1305 5723 1456 5757 mem
1505 5723 1695 5758 navem
1728 5723 1845 5758 ny.
1888 5723 1981 5758 ιιι.
2029 5723 2083 5759 z.
2122 5723 2186 5772 o;
2221 5723 2316 5760 ren
2356 5723 2377 5760 14

499 5773 562 5831 με
620 5772 736 5826 rell.
786 5782 978 5829 praeter
1013 5774 1075 5827 A.
1132 5772 1239 5827 Sub
1263 5790 1398 5829 anno
1429 5777 1661 5846 sequenti
1685 5776 1837 5829 habet
1867 5775 2012 5839 Cit.
2041 5777 2130 5846 qui
2159 5792 2279 5829 cum

2474 5707 2761 5780 igelgertum
2806 5701 3144 5780 sequuntur:
3203 5701 3269 5739 ⁸⁸⁵
3306 5701 3362 5760 in
3384 5722 3576 5760 rasura
3617 5701 3755 5757 addit

2412 5776 2541 5848 legit
2569 5776 2882 5833 Valdricus.
