4012 6456
273 352 391 433 ηδ·
1706 373 2077 430 ωιιιοχιω.
3421 389 3541 447 ιη

267 509 358 564 pra
387 491 627 557 ﬂuvium,
653 490 747 560 qui
775 489 951 545 Tbilia
978 490 1127 561 (187)
1154 490 1374 557 dicitur,
1407 491 1639 562 pedestri
1671 489 1842 561 prelo
1872 492 1916 549 A
1941 490 2062 560 ejus
2105 490 2319 563 fugiens
2351 496 2728 569 episcopatum
2772 498 3132 558 Portuensem
3178 504 3425 576 reliquit;
3470 522 3529 563 et

263 586 500 650 adortus,
536 592 737 637 tantam
766 597 834 638 ex
863 583 947 638 eis
988 591 1223 653 stragem
1272 584 1420 650 fecit,
1480 592 1541 639 ut
1573 599 1640 638 ex
1672 582 1836 636 inmt-
1938 583 2067 651 quia
2121 596 2408 644 revocatus
2463 605 2497 644 a
2528 606 2664 662 papa
2716 592 2897 649 redire
2940 593 3135 661 noluit,
3166 596 3529 653 anathematiu

263 676 500 732 merabili
534 674 878 730 multitudine
905 675 994 729 vix
1024 683 1356 745 superesset,
1383 676 1478 746 qui
1509 676 1575 729 ad
1602 676 1836 730 classem
1938 683 2093 730 zatus
2130 684 2253 743 est;
2302 686 2360 733 et
2402 679 2622 736 tandem
2662 682 2731 738 ad
2770 682 3221 740 satisfaciendum
3269 702 3423 756 papa:
3466 686 3527 742 in

258 767 543 824 adversum
584 767 837 822 nuntium
872 766 1054 823 ferret.
1102 765 1604 824 Nortlnnanuorum
1630 769 1835 824 residui
1937 763 2167 821 Galliam
2201 768 2443 837 veniens,
2481 787 2656 842 usque
2688 773 2755 828 ad
2782 773 3030 829 laicalem
3061 774 3306 830 habitum
3333 777 3527 848 degra-

257 861 599 916 transvadata
620 858 772 915 Mosa
792 858 1110 915 Ribuariam
1127 870 1182 915 ct
1203 861 1550 916 Arduennam
1571 862 1835 917 vastando
1935 855 2097 913 datus
2123 867 2209 914 est
2239 858 2411 932 (189),
2449 862 2645 933 iurans
2672 880 2732 921 se
2760 881 2868 922 non
2896 850 3134 938 amplius
3171 855 3403 924 Romam
3435 869 3527 924 in-

256 962 600 1024 pervagantes
623 994 639 1018 ,
686 960 840 1009 trans
889 968 1041 1009 mare
1093 952 1372 1009 recedunt.
1427 951 1539 1009 lloc
1593 962 1835 1024 tempore
1933 954 2228 1018 traturum,
2259 966 2361 1007 nec
2387 952 2764 1026 episcopatum
2796 972 2910 1012 suae
2938 942 3092 1015 urbis
3123 958 3520 1029 nepetiturum;

253 1045 441 1099 claruit
468 1044 527 1099 in
563 1042 877 1115 Burgundia
924 1043 1121 1109 Berno,
1174 1059 1240 1097 ex
1271 1044 1471 1099 comite
1519 1044 1690 1098 abbas
1739 1042 1835 1098 Gi-
1932 1038 2268 1097 confirmans
2304 1042 2471 1100 etiam
2510 1047 2745 1117 propriae
2787 1064 2982 1105 manus
3009 1046 3339 1121 subscripta,
3370 1066 3430 1108 se
3464 1052 3525 1108 in

253 1134 553 1207 guiacensis
584 1134 819 1192 coenobii
862 1150 895 1190 a
920 1149 979 1191 se
1012 1133 1244 1201 fundati,
1279 1136 1372 1206 qui
1402 1135 1567 1191 etiam
1591 1152 1658 1191 ex
1686 1130 1832 1191 dono
1931 1128 2111 1187 hicali
2135 1136 2521 1193 communione
2547 1149 3045 1208 perseveraturum.
3090 1129 3221 1198 Post
3247 1159 3278 1197 a
3308 1141 3525 1201 Marino

251 1231 367 1283 Arae
394 1222 693 1285 comitissa:
727 1226 1035 1284 construxit
1069 1226 1396 1283 Cluniacum
1425 1228 1736 1284 emnobium
1775 1229 1829 1284 in
1932 1237 2252 1282 successum
2286 1225 2556 1285 Johannis
2613 1230 2669 1285 in
2720 1231 3039 1304 episcopatu
3092 1242 3285 1289 contra
3330 1235 3519 1291 datum

251 1319 427 1375 cellam
451 1318 893 1392 Giguiacensem.
922 1319 1133 1376 Claruit
1154 1322 1261 1376 hoc
1283 1330 1524 1392 tempore
1552 1320 1830 1393 Remigius
1930 1328 2333 1376 sacramentum
2368 1323 2673 1392 restitutus,
2721 1341 2829 1380 non
2863 1326 3041 1381 solum
3086 1313 3317 1383 Romam
3351 1328 3521 1384 intra-

248 1412 723 1480 Autisiodorensis,
756 1413 810 1467 in
841 1414 1178 1484 exponendis
1214 1414 1503 1484 scripturis
1529 1414 1732 1470 divinis
1775 1423 1830 1469 ct
1929 1410 2027 1474 vit.
2055 1413 2149 1468 sed
2177 1414 2344 1468 etiam
2384 1415 2644 1472 Romanae
2676 1418 2937 1475 arcelesite
2963 1429 3224 1490 papatum
3250 1422 3513 1491 suscepit.

250 1504 492 1562 humanis
519 1505 910 1562 studiosus‘".
948 1503 1065 1578 (Cf.
1095 1504 1209 1579 Sig.
1238 1506 1313 1562 De
1350 1505 1459 1561 Vir.
1480 1506 1593 1577 iit.)
1928 1501 2154 1574 Propter
2176 1507 2323 1576 quod
2351 1524 2476 1562 cum
2512 1508 2683 1564 multo
2708 1511 2970 1567 seandalo
2995 1513 3166 1568 multa
3194 1528 3290 1584 per
3315 1506 3520 1571 multos

306 1599 427 1654 896,
655 1599 721 1655 ιι,
763 1598 817 1654 6,
1062 1598 1125 1655 F,
1166 1598 1221 1654 6,
1432 1598 1497 1656 C,
1538 1601 1622 1655 ιθ,
1926 1607 2104 1649 annos
2132 1596 2353 1665 questio
2387 1606 2443 1652 et
2468 1600 2842 1656 controversia
2873 1601 3074 1672 agitata
3109 1609 3195 1657 est
3229 1601 3284 1657 in
3323 1598 3516 1658 accie-

304 1690 483 1763 (Heu.
514 1689 675 1764 [R.])
715 1690 982 1749 Arnulfus
1025 1707 1123 1748 rex
1167 1691 1610 1748 Zucndebaldum
1653 1694 1823 1750 lilium
1926 1686 2039 1753 sia;
2069 1687 2194 1743 aliis
2220 1688 2342 1759 ejus
2368 1698 2426 1745 et
2448 1691 2518 1746 ab
2545 1706 2612 1747 eo
2634 1692 3015 1748 ordinatorum
3041 1694 3516 1751 consecrationem

242 1800 392 1839 suum
438 1800 508 1839 ex
572 1784 879 1840 concubina
937 1783 1068 1842 facit
1122 1800 1302 1858 regem
1355 1784 1819 1841 Lotbariensium.

1929 1777 2139 1834 irritam
2177 1795 2302 1837 esse
2342 1781 2542 1838 debere
2568 1783 3058 1855 prejudicantibus,
3088 1777 3213 1842 aliis
3240 1801 3271 1841 e
3296 1790 3513 1851 contra.

242 1875 389 1945 (Ann.
430 1858 590 1944 νεά.)
622 1839 856 1930 liarolus
872 1839 981 1929 rex
1004 1839 1161 1945 opem
1181 1839 1403 1928 Ἄτηυιιι
1439 1839 1822 1945 regis
1855 1839 1898 1897 Β
1922 1870 2321 1944 qualiscunque
2350 1872 2516 1930 fuerit
2543 1839 2864 1945 Rormosus,
3092 1839 3516 1949 proptervsacer-V-

240 1962 468 2018 Odouem
496 1964 788 2035 implorat;
835 1963 904 2021 ad
933 1965 1092 2035 cujus
1118 1964 1382 2019 auxilium
1418 1964 1686 2021 Arnull‘us
1728 1982 1822 2022 rex
1920 1961 2118 2019 dotalis
2139 1963 2299 2020 olllcii
2327 1965 2646 2038 dignitatem
2669 1976 2724 2023 et
2747 1969 2906 2025 fidem
2940 1986 3129 2027 eorum
3155 1972 3249 2042 qui
3274 1971 3518 2031 ordinati

239 2054 524 2109 exercitum
554 2054 728 2122 misit,
764 2055 857 2110 sed
888 2070 1081 2125 parum
1107 2053 1379 2111 commodi
1402 2055 1651 2111 contulit.
1684 2055 1820 2128 (1b.)
1922 2051 2159 2122 fuerant,
2192 2071 2385 2113 omnes
2419 2059 2864 2116 consecrationes
2892 2060 3015 2131 ejus
3059 2071 3208 2117 ratas
3247 2077 3371 2118 esse
3415 2063 3515 2120 deo

241 2143 454 2201 Karolus
499 2160 599 2200 rex
646 2142 933 2200 Hundeum
973 2161 1154 2217 regem
1190 2144 1693 2201 Northmannorum
1724 2147 1823 2203 ba-
1920 2142 2048 2199 bere
2089 2145 2294 2202 saniori
2336 2146 2569 2202 consilio
2603 2147 3011 2218 judicantibus;
3056 2150 3343 2220 presertim
3381 2157 3512 2209 cum

238 2236 413 2305 μὴπί
442 2235 599 2306 fecit,
631 2240 870 2308 cumque
888 2236 957 2293 de
985 2249 1147 2292 sacro
1172 2235 1322 2292 fonte
1344 2238 1604 2310 suscepit.
1728 2294 1735 2301 _
1920 2232 2035 2305 ipse
2078 2222 2379 2293 Formosus
2420 2253 2452 2292 a
2497 2236 2711 2293 Marino
2754 2256 2893 2310 papa
2940 2240 3226 2297 absolutus
3271 2240 3435 2298 fuerit
3477 2258 3513 2300 ι

297 2327 413 2383 897.
744 2328 796 2382 7.
1104 2327 1155 2382 7.
1444 2328 1532 2384 11.
1919 2327 2247 2383 sacramenti
2277 2327 2542 2399 perjurio.
2572 2330 2657 2384 Ab
2687 2331 2792 2386 hoc
2818 2329 3088 2387 Fermoso
3116 2332 3381 2389 Arnulfus
3412 2350 3511 2390 rex

297 2421 529 2493 (Lmen)
573 2420 837 2478 Arnull‘us
880 2428 975 2477 rex
1003 2437 1034 2476 a
1070 2420 1400 2489 Berengario
1431 2419 1617 2478 Italico
1644 2421 1816 2478 inter-
1918 2415 2181 2474 invitatus
2211 2417 2442 2475 Romam
2477 2421 2647 2488 venit,
2678 2421 2773 2476 sed
2803 2437 2911 2476 non
2948 2418 3244 2489 admissus,
3277 2422 3511 2480 Romam

238 2515 449 2586 pellatus
478 2515 552 2569 ad
584 2514 849 2569 auxilium
882 2514 970 2569 sui
998 2523 1191 2569 contra
1226 2512 1535 2582 Widonem,
1569 2513 1817 2572 tuende-
1919 2508 2256 2566 Leonianam
2285 2512 2516 2568 obsedit.
2554 2512 2860 2584 Lepusculo
2899 2513 3040 2570 forte
3079 2530 3271 2572 versus
3314 2517 3510 2572 urbem

237 2608 437 2664 lia‘ldum
468 2607 649 2662 lilium
676 2621 837 2661 suum
868 2620 993 2661 cum
1022 2604 1263 2661 exercitu
1288 2607 1450 2662 mittit
1487 2607 1540 2662 in
1572 2607 1812 2675 Italiam;
1918 2590 2177 2673 fugiente,
2216 2611 2272 2657 et
2307 2603 2553 2659 exercitu
2596 2620 2722 2658 cum
2753 2605 2995 2661 clamore
3022 2606 3194 2661 nimio
3226 2617 3509 2679 sequente,

237 2699 317 2754 sed
337 2697 511 2754 Guido
538 2697 773 2753 viriliter
792 2713 960 2768 agens
985 2707 1038 2753 ct
1065 2713 1332 2767 prnnorcs
1359 2708 1634 2756 exercitus
1655 2700 1816 2756 donis
1918 2694 2151 2751 Romani
2177 2697 2432 2753 timentes
2463 2712 2522 2752 se
2552 2697 2621 2752 de
2647 2713 2806 2752 muro
2841 2698 3135 2768 proiciunt,
3170 2708 3225 2754 et
3254 2699 3509 2755 hostibus

236 2800 600 2861 corrumpens,
629 2804 726 2846 eos
753 2789 1053 2846 iuclllcaces
1085 2790 1264 2846 redire
1291 2789 1437 2847 fecit.
1918 2804 2013 2859 per
2033 2787 2207 2844 factos
2229 2804 2458 2845 acervos
2484 2804 2702 2843 murum
2728 2789 3057 2845 ascendendi
3076 2790 3257 2845 locum
3274 2784 3501 2846 faciunt.

296 2876 412 2938 898.
709 2875 763 2937 8.
1089 2884 1142 2937 8.
1435 2883 1522 2939 19.
1918 2877 2009 2934 Sic
2038 2878 2213 2934 Roma
2247 2887 2425 2950 capta,
2463 2878 2586 2934 illos
2613 2878 2707 2951 qui
2740 2884 2934 2949 papam
2967 2878 3381 2949 injuriavcrant,
3412 2880 3500 2934 de-

297 2973 436 3043 (1b.)
475 2968 748 3029 Arnulfns
794 2980 886 3028 rex
941 2972 1376 3044 Langobardiam
1430 2984 1681 3045 potenter
1724 2975 1807 3029 in-
1916 2960 2105 3028 collari
2150 2969 2310 3037 fecit,
2353 2979 2407 3026 et
2442 2987 2474 3025 a
2518 2986 2657 3041 papa
2702 2970 2753 3025 in
2798 2971 3184 3041 imperatorem
3228 2970 3505 3026 benedici-

237 3080 459 3135 gressus,
495 3065 829 3137 Pergamum
874 3066 1065 3122 urbem
1101 3068 1271 3120 armis
1314 3066 1490 3136 cepit,
1527 3066 1687 3137 cujus
1719 3082 1811 3123 eo—
1917 3074 2005 3119 tur
2032 3061 2200 3135 (l90).
2234 3060 2409 3134 (Heu.
2442 3061 2583 3135 (Μ)
2614 3060 2780 3117 Fulco
2810 3060 3107 3116 Remorum
3136 3061 3505 3132 archiepisco-

241 3157 403 3212 mitem
419 3157 778 3214 Ambrosium
802 3164 929 3213 ante
951 3167 1162 3229 portam
1190 3158 1339 3213 urbis
1364 3158 1559 3229 laqueo
1581 3175 1811 3231 snspcn-
1837 3186 1880 3244 ε
1916 3173 2021 3229 pus
2044 3150 2331 3228 perimitur
2364 3172 2397 3244 a
2422 3152 2752 3211 chemaro
2793 3153 3027 3210 satellite
3059 3152 3307 3209 Balduini
3341 3152 3504 3208 Flan-

238 3251 373 3317 deus,
412 3251 631 3306 ueteris
660 3250 890 3305 urbibus
922 3258 1131 3306 terrore
1165 3254 1408 3317 incusso,
1436 3251 1502 3306 ad
1540 3252 1811 3323 obseque»
1847 3238 1878 3244 ᾗ
1912 3249 2194 3305 drcnsium
2242 3238 2495 3317 comitis,
2548 3262 2647 3317 pro
2690 3261 2757 3302 eo
2803 3246 2950 3316 quod
2997 3245 3273 3300 abbatiam
3324 3245 3502 3300 sancti

241 3346 332 3397 lam
367 3357 520 3406 suam
561 3359 758 3399 omnes
791 3343 1036 3400 adduxit.
1083 3340 1201 3398 Odo
1235 3343 1481 3398 musicus
1512 3360 1574 3399 es
1613 3344 1812 3400 clerico
1918 3341 2130 3397 Vedasli
2164 3341 2437 3398 Atrebatis
2465 3356 2497 3396 a
2528 3339 2728 3395 Karolo
2759 3338 2813 3393 in
2846 3337 3168 3395 beneficium
3195 3347 3499 3410 acceperat,

240 3434 523 3492 Turonensi
568 3437 901 3492 monachum
941 3436 1225 3506 profitetur
1269 3434 1373 3491 sub
1415 3434 1663 3491 Bernonc
1711 3436 1811 3491 ab-
1912 3448 2077 3502 quam
2124 3430 2422 3487 Balduinus
2460 3430 2574 3501 jam
2621 3446 2718 3501 per
2757 3430 2965 3503 aliquot
3007 3444 3204 3498 annos,
3248 3431 3503 3503 quamvis

239 3527 348 3582 bate
373 3528 454 3582 '".

1913 3524 2064 3579 nullo
2104 3523 2464 3587 cencedente,
2496 3523 2788 3579 invaserat.

298 3618 414 3675 899.
713 3620 767 3676 9.
1088 3619 1143 3674 9.
1435 3621 1520 3675 15.

1982 3612 2106 3669 901.
2394 3612 2481 3666 11.
2769 3611 2824 3666 2.
3114 3613 3200 3668 15.

299 3711 447 3778 (Ann.
497 3711 656 3780 νεά..
693 3710 853 3782 898.)
887 3710 1006 3769 Odo
1051 3728 1141 3768 rex
1172 3711 1506 3768 Francorum
1545 3712 1808 3780 moritur,
1982 3704 2218 3778 ([ιιυυιι.)
2256 3696 2419 3760 Wido
2449 3720 2541 3759 rex
2570 3701 2861 3759 Amulium
2894 3703 3278 3777 imperatorem
3306 3720 3367 3762 se
3398 3721 3494 3762 us-

236 3809 520 3872 optestatus
554 3805 844 3875 primates,
891 3813 952 3859 ut
1001 3803 1260 3860 liarolum
1303 3803 1356 3859 in
1398 3820 1565 3876 regum
1603 3808 1810 3876 rccipc-
1908 3811 2235 3868 quequaque
2254 3804 2669 3865 persequentem
2690 3808 2801 3850 non
2827 3793 3027 3862 ferens,
3053 3794 3256 3866 quippe
3284 3794 3371 3850 cui
3396 3809 3499 3850 nec

239 3904 362 3951 rem.
398 3895 636 3952 lim-olus
675 3910 845 3968 regno
878 3895 1214 3952 Francorum
1265 3906 1380 3951 ιοιο
1429 3906 1666 3966 recepto,
1717 3912 1805 3952 re-
1911 3888 2579 3944 urbcsncccastranatura
2594 3885 3497 3956 munitaresisterepoterant,dun°.

240 3987 405 4055 navit
428 3988 596 4043 annis
622 3987 714 4043 $6.
744 3987 937 4058 (Men.
977 3986 1133 4060 (11.1)
1166 3988 1324 4058 Apud
1351 3987 1636 4043 'l‘riburias
1663 3988 1806 4045 celc-
1909 3996 1967 4038 se
1994 3977 2253 4051 fugiendo
2292 3986 2620 4045 tutarentur,
2656 3978 2954 4050 imperamr
2990 3991 3215 4032 uxorem
3244 3978 3365 4047 ejus
3394 3977 3496 4032 ob-

242 4076 376 4132 brata
408 4077 624 4150 synodo
666 4086 856 4135 contra
897 4077 1094 4145 laicus,
1126 4077 1222 4150 qui
1267 4077 1649 4135 auctoritatem
1693 4078 1809 4149 cpi-
1908 4071 2048 4127 sedit
2073 4070 2255 4142 (l9l);
2287 4087 2409 4142 qua:
2434 4069 2549 4140 jam
2578 4070 2745 4125 rebus
2772 4070 2891 4125 suis
2912 4068 3179 4134 diﬁidens,
3204 4084 3301 4140 per
3323 4085 3495 4124 unum

240 4170 488 4239 scopaiem
516 4170 848 4226 imminuere
877 4169 1235 4240 teniptabunt,
1267 4169 1419 4239 plura
1450 4184 1615 4241 super
1660 4178 1806 4226 statu
1909 4161 2254 4233 imperatoris
2281 4159 2630 4228 familiarem,
2671 4161 2841 4216 multa
2876 4160 3110 4232 pecunia
3155 4170 3495 4231 corruptum,

240 4262 709 4318 sammcclesia‘.
731 4262 949 4319 decreta
976 4272 1107 4318 sunt
1133 4261 1306 4334 (l88).
1906 4247 1958 4309 ci
1994 4254 2251 4325 poculum
2285 4251 2629 4309 mortiferum
2659 4251 2842 4321 dedit;
2892 4269 3005 4324 quo
3038 4253 3238 4308 hausto
3272 4270 3369 4325 per
3396 4255 3497 4309 tri-

300 4354 413 4408 900,
708 4354 797 4410 ω,
1089 4354 1142 4411 1,
1432 4353 1520 4408 14,
1906 4344 2076 4399 duum
2109 4344 2335 4400 excitari
2365 4360 2475 4399 non
2504 4343 2701 4415 potuit,
2730 4344 2933 4414 apertis
2961 4345 3139 4401 oculis
3180 4345 3257 4400 nil
3288 4346 3495 4401 sentire

305 4445 524 4514 (Ιηςιιν.)
564 4445 860 4502 Formosus
890 4444 1208 4502 Portuensis
1231 4445 1520 4516 cpiscopus
1548 4438 1806 4500 Romana:
1906 4445 2002 4491 aut
2049 4436 2198 4507 loqui
2246 4436 2451 4492 valens.
2508 4435 2643 4503 Quae
2687 4452 2776 4492 res
2820 4450 2947 4491 eum
2992 4437 3254 4509 repedare
3296 4437 3494 4509 coegit.

242 4537 477 4593 :rerlcsia:
511 4538 671 4592 IN“
710 4538 943 4609 prcsidct
976 4546 1169 4594 contra
1200 4537 1535 4593 voluntatem
1569 4553 1810 4607 quorun-
1832 4545 1886 4608 ι)
1910 4527 2085 4595 Quem
2113 4528 2450 4583 recedentem
2475 4526 2652 4584 (illith
2681 4536 3022 4598 persecuws.
3053 4544 3084 4583 ει
3112 4527 3347 4585 Domino
3374 4546 3499 4600 per-

242 4629 349 4683 dam
382 4630 773 4694 Rotuanorum,
804 4629 900 4701 qui
932 4629 1185 4702 Sergium
1223 4629 1514 4685 diacomnn
1543 4627 1804 4683 Romana:
1909 4635 2107 4674 (russus
2150 4618 2303 4673 obiit.
2351 4617 2544 4691 (Μλιι.)
2579 4617 2903 4675 Bonefacius
2937 4617 3198 4675 Romanae
3237 4621 3499 4678 tecclesia:

243 4722 477 4778 ecclesia:
504 4738 703 4793 papam
727 4720 904 4778 facere
927 4723 1231 4789 voluerant,
1263 4720 1357 4777 sed
1388 4736 1495 4776 non
1522 4719 1803 4790 preraluc—
1865 4725 1869 4729 '
1912 4712 2071 4766 “5'”
2101 4710 2355 4782 presidct.

245 4823 365 4868 rant.
406 4813 507 4871 llic
547 4813 845 4871 Formosus
890 4829 1015 4870 cum
1064 4813 1362 4885 aliquando
1416 4813 1468 4866 in
1520 4811 1801 4868 sinistram
1978 4807 2102 4883 903.
2392 4806 2479 4861 l2.
2769 4800 2821 4862 3.
3116 4806 3203 4860 l6.

244 4902 589 4972 suspicionem
616 4903 851 4959 venisset
879 4913 1073 4959 octavo
1110 4902 1348 4959 Johanni
1394 4916 1565 4972 papae,
1611 4900 1805 4955 timore
1914 4972 1919 4978 .
1984 4900 2222 4973 (Lucum)
2262 4898 2525 4955 Arnulfus
2547 4898 3019 4970 imperatorlouga
3047 4897 3354 4972 egritudine
3379 4898 3465 4952 dis
3487 4923 3499 4938 ι

1515 5103 1751 5163 VARI!!!
1796 5103 2199 5165 LECTIONES.

251 5206 509 5311 .32.!“
538 5212 1998 5311 ‘:...:..S‘L'SF0i'fs.§9-_I‘i-°fi’:.ﬁ‘f’f°_.€f"§f;.i¥‘-.
2025 5221 2489 5311 vastae-1.9“
2527 5234 2591 5307 ες
2775 5240 2828 5311 α;
2870 5222 3102 5311 155.523!
3141 5221 3268 5277 865-
3313 5216 3488 5271 καθα·

337 5279 748 5343 Odo—abbate
783 5285 896 5358 Sig.
927 5296 988 5341 ut
1019 5279 1140 5342 rid:
1161 5287 1304 5342 curis
1336 5289 1539 5354 tertiis;
1572 5287 1690 5341 rell.
1729 5279 1923 5358 praeter
1965 5279 2036 5343 Α.
2072 5289 2137 5343 In
2168 5279 2430 5358 sequentis
2460 5295 2587 5348 anni
2618 5279 2774 5349 initio
2802 5292 2957 5348 habet
2991 5292 3113 5348 ον.

310 5529 443 5604 (ﬂ?)
482 5530 691 5604 Dyleiin
722 5530 1032 5604 Rmbantia.
1910 5533 1996 5604 nis
2026 5529 2163 5604 Vlll,
2199 5530 2341 5604 apud
2368 5528 2617 5604 Pagium,
2646 5530 2721 5604 ad
2748 5525 3334 5604 Raronii_1tnnales,_a.
3360 5520 3491 5604 826,

311 5594 443 5672 (188)
477 5594 545 5672 ΑῘ
573 5602 698 5667 395a
730 5600 959 5672 Βεείηοο
1048 5670 1056 5672 μ
1345 5669 1354 5672 _
1523 5668 1550 5672 _
1909 5603 2035 5669 885,
2067 5594 2191 5657 891.
2221 5594 2491 5672 Caeterum
2520 5594 2611 5657 cf.»
2646 5599 2831 5669 Kopke
2866 5596 2934 5654 de
2981 5595 3318 5668 Liutprando
3362 5594 3491 5670 (Be—

312 5667 445 5752 αξξ»)
479 5667 601 5752 llzec
647 5687 723 5752 ex;
758 5667 1169 5752 continuatione
1214 5669 1463 5752 quadarn
1511 5668 1799 5752 Gestoqnnn
1909 5667 2203 5752 rol._l§§9_,
2231 5671 2393 5752 811p.
2428 5672 2537 5737 78.’

254 5737 534 5812 pontificum
554 5743 747 5797 hausta
773 5756 914 5806 esse,
942 5742 1177 5812 probare
1193 5737 1383 5795 nititur
1404 5737 1619 5812 Hirscb,
1642 5755 1696 5812 p.
1712 5740 1796 5794 76.
1983 5741 2130 5811 (190)
2165 5742 2230 5796 Δ.
2261 5737 2385 5812 896.

257 5800 423 5879 'Aliqua
457 5814 613 5868 etiam
657 5800 961 5883 sumpsisse
1006 5820 1185 5881 potest
1243 5827 1310 5867 ex
1354 5809 1582 5880 epistola
1607 5800 1802 5865 'Joan-
1983 5800 2132 5883 (191)
2172 5812 2233 5870 Α.
2266 5811 2393 5869 896.
