3914 6314
429 358 565 418 ’179

1636 341 1995 403 SIGEBERTI
2035 341 2561 400 GEMBLACENSIS

3611 357 3703 416 i80

454 502 631 544 mana:
658 486 915 544 accelesiae
953 479 1208 554 presidet.
1247 472 1443 547 (th.)
1472 473 1757 529 Conradus
1784 484 1878 524 rex
1911 482 2033 522 mo-
2065 465 2106 522 Α
2134 463 2248 536 regi
2292 479 2523 537 regnum
2570 464 2958 541 Lotliaringiae.
3006 462 3282 535 episc0pts
3332 473 3388 525 et
3419 466 3703 554 comitibus

453 579 604 635 riens
638 594 823 645 coram
852 574 1194 648 principibus
1223 567 1378 642 regni
1409 581 1592 639 regem
1614 564 1862 635 designat
1889 560 2036 615 Hen-

452 673 647 737 ricum,
700 671 873 738 ﬁlium
918 666 1146 738 octonis
1197 663 1478 743 Saxonum
1527 659 1703 731 ducis.
1758 655 1858 731 llic
1908 670 2038 726 ergo

454 774 646 838 regnat
665 763 827 820 annis
850 762 936 835 l7.

522 855 650 911 920.
867 850 934 925 Β.
972 851 1025 921 t,
1212 844 1276 917 ιτ.
1306 845 1400 903 at.
1597 841 1659 900 c.
1701 841 1787 896 is.

524 941 766 1015 (Linon)
796 940 1067 999 Henricus
1110 953 1207 993 rex
1235 945 1426 992 contra
1460 931 1761 987 Arnoldnm
1811 928 1881 983 ab
1926 926 2040 992 Un-

452 1036 602 1108 garis
635 1047 946 1105 regressum
973 1045 1100 1100 cum
1124 1028 1366 1097 exercitu
1406 1027 1461 1081 in
1499 1022 1805 1095 Bajoariam
1854 1020 2038 1092 profe-

450 1138 595 1195 ctus,
621 1143 747 1185 eum
784 1126 985 1193 virtute
1009 1132 1063 1179 et
1091 1121 1355 1193 sapientia
1387 1133 1487 1175 sua
1516 1117 1584 1172 ad
1623 1112 1854 1187 gratiam
1883 1126 2040 1177 suam

451 1206 681 1286 inflexit,
706 1219 911 1275 addens
950 1217 1001 1274 ei
1026 1214 1425 1272 ordinationem
1465 1209 1846 1283 episcoporum
1871 1206 2040 1269 totius

450 1310 740 1382 Bajoarite.
780 1306 976 1381 (th.)
1016 1305 1398 1371 Burchardum
1458 1302 1623 1357 etiam
1670 1301 1866 1358 ducem
1911 1299 2038 1354 Alc-

451 1402 693 1457 manniae
719 1400 865 1467 bello
908 1398 1232 1456 deterritum
1261 1397 1331 1453 ad
1380 1411 1443 1452 se
1476 1394 1705 1449 inﬂexit.
1753 1392 1841 1466 (Α.
1884 1388 2040 1463 Lob.)

454 1494 750 1569 Rotbertus
770 1493 902 1561 dux,
924 1492 1093 1566 frater
1112 1489 1318 1565 Odonis
1345 1487 1511 1562 regis,
1533 1496 1791 1576 appetens
1813 1496 2040 1576 regnum

452 1582 795 1656 Francorum
824 1590 1017 1641 contra
1038 1581 1323 1653 Karolnm,
1357 1574 1697 1650 inquietabat
1729 1574 2039 1647 Frauciam,

457 1673 684 1746 ejusque
732 1673 996 1739 instinctu
1050 1684 1243 1727 omnes
1286 1683 1439 1741 paene
1482 1666 1756 1739 primores
1796 1661 2043 1719 Francia:

460 1758 888 1827 adversabantur
915 1764 1138 1821 Karolo.

527 1860 655 1917 921.
1010 1858 1069 1933 2.,
1336 1855 1431 1911 22.
1709 1843 1812 1907 is.

522 1950 659 2024 (Μ.)
693 1951 970 2023 Stephano
1012 1947 1428 2005 Lcodicensium
1476 1945 1735 2015 episcopo
1759 1939 2038 2005 defuncto,

453 2045 747 2101 Ricbarins
779 2046 865 2101 vir
894 2042 1199 2106 catholicus
1226 2057 1257 2097 a
1293 2039 1496 2116 Karolo
1531 2052 1628 2111 per
1656 2036 2039 2093 auctoritatem

453 2153 607 2215 papae
648 2136 885 2213 Romani
924 2135 1210 2205 ordinatur
1235 2132 1549 2217 episcopus,
1594 2129 1879 2201 repudiato
1921 2125 2039 2181 Hil—

453 2232 653 2314 duino,
694 2232 789 2303 qui
821 2230 1053 2307 pecunia
1083 2230 1209 2307 data
1238 2228 1365 2284 duci
1399 2226 1725 2314 Gisieberto,
1755 2224 2042 2314 (ambiebat

453 2321 525 2377 ab
552 2336 619 2376 eo
648 2313 752 2376 Sibi
775 2318 896 2373 dari
923 2318 1317 2389 episcopatum.
1363 2314 1519 2387 (Vita
1545 2313 1728 2383 Guib.)
1754 2313 1871 2369 Hoc
1903 2322 2041 2368 tem-

451 2428 585 2484 pore
637 2412 876 2469 clarebat
929 2411 1071 2466 inter
1126 2410 1337 2466 nobiles
1388 2408 1758 2480 Lotbaringize
1818 2414 2042 2463 sanctus

450 2513 607 2577 pater
653 2513 839 2573 noster
884 2502 1232 2569 Guicbertus,
1269 2502 1366 2573 qui
1405 2510 1675 2568 nostrum,
1730 2499 2041 2556 Gemmela-

450 2613 615 2653 cense
638 2596 846 2655 scilicet
877 2596 945 2627 ⁸⁷⁸
993 2594 1307 2651 cmnobinm
1353 2593 1640 2660 fundavit;
1681 2592 1775 2664 qui
1814 2591 2040 2659 divitiis,

450 2689 736 2766 nobilitate
780 2697 833 2744 et
883 2687 1123 2763 potentia
1164 2687 1371 2755 clarus;
1421 2670 1721 2761 cingulum
1752 2685 2044 2740 mundana“:

456 2780 670 2854 militiae
730 2780 1035 2858 deponens,
1090 2780 1310 2852 cingulo
1365 2787 1568 2835 sancta:
1635 2776 1915 2849 religionis
1984 2777 2043 2832 in

450 2873 780 2930 monachico
828 2873 1020 2928 habitu
1067 2887 1127 2943 se
1172 2872 1430 2929 accinxit.
1471 2870 1565 2944 (Υ.
1620 2864 1832 2941 Wertc.)
1874 2869 2043 2941 Zipti-

454 2980 595 3038 netis
620 2963 731 3038 dux
750 2961 995 3043 Boemiie
1021 2963 1090 3019 ad
1121 2963 1283 3029 ﬁdem
1312 2963 1518 3019 Christi
1553 2977 1874 3036 conversus,
1897 2961 2044 3035 iuste

452 3063 510 3110 et
536 3055 794 3128 religiose
834 3055 893 3133 in
926 3056 1149 3133 Boemia
1184 3055 1617 3128 principabatur,
1664 3064 1719 3110 et
1748 3062 1874 3125 post
1915 3042 2041 3110 eum

1212 844 1276 903 F.
1306 845 1400 903 2i.

2138 557 2396 628 utrinque
2422 556 2660 627 jurando
2695 572 2810 612 rem
2846 554 3319 611 confirmantibus.
3358 553 3549 627 (Mam)
3576 556 3701 614 San-

2139 650 2262 721 guis
2311 649 2523 717 Domini
2573 648 2820 707 crucifixi
2866 647 3017 704 venit
3059 648 3117 703 in
3154 646 3420 717 Augiam;
3465 648 3599 705 forte
3628 652 3703 707 ille

2140 743 2388 816 sanguis,
2410 743 2505 826 qui
2526 743 2595 798 de
2622 743 2861 825 imagine
2885 741 3102 797 Domini
3130 739 3307 817 ﬂuxit,
3330 760 3459 799 eum
3485 745 3705 803 secundo

2141 835 2408 892 Dominus
2443 835 2499 891 in
2537 836 2774 908 imagine
2813 852 2912 892 sua
2946 852 2976 893 a
3002 834 3207 891 Iudaeis
3231 835 3415 909 priora
3453 846 3704 906 pateretur

2143 928 2232 985 η’.
2258 928 2497 1002 (Lwnr.)
2520 928 2785 995 Africani,
2811 929 2906 1000 qui
2935 944 3032 1000 per
3059 929 3421 993 munitionem
3454 914 3705 993 Careliani

2140 1022 2345 1078 montis
2366 1029 2534 1077 totam
2561 1020 2774 1077 Italiam
2800 1007 3103 1089 laniabant,
3124 1036 3224 1092 per
3247 1021 3499 1077 militiam
3524 1021 3696 1085 Johau

2141 1115 2229 1171 nis
2269 1130 2424 1186 papae
2446 1123 2500 1170 et
2526 1130 2624 1186 per
2658 1114 2924 1170 auxilium
2956 1113 3191 1170 Romani
3221 1113 3523 1172 Grecorum
3557 1117 3702 1189 impe-

2142 1207 2342 1263 ratoris
2387 1215 2640 1262 conserta
2680 1221 2806 1261 cum
2848 1204 2930 1261 eis
2962 1220 3145 1277 pugna
3187 1204 3262 1261 ita
3292 1215 3620 1272 atteruntur,
3658 1216 3712 1263 ut

2142 1315 2212 1356 ne
2251 1316 2394 1355 unus
2427 1299 2648 1371 quidem
2680 1296 3039 1369 superfuerit,
3078 1299 3176 1369 qui
3217 1314 3329 1353 non
3366 1307 3463 1354 aut
3493 1299 3710 1356 trucida-

2142 1400 2294 1449 retur
2337 1401 2432 1448 aut
2465 1400 2789 1463 caperetur;
2828 1391 3018 1449 multis
3052 1393 3409 1459 testantibus,
3455 1395 3711 1463 apostolos

2144 1482 2239 1540 Dei
2266 1483 2489 1539 Petrum
2531 1492 2587 1539 et
2618 1482 2853 1561 Paulum
2884 1483 2940 1538 in
2968 1483 3065 1555 illo
3096 1480 3242 1539 bello
3273 1483 3427 1545 visos
3465 1483 3629 1541 fuisse
3652 1486 3710 1557 ad

2142 1576 2413 1633 auxilium
2435 1575 2887 1633 Christianorum.

2214 1668 2339 1724 924.
2694 1670 2759 1727 5.
3038 1662 3130 1726 23.
3389 1672 3476 1727 i9.

2217 1760 2414 1833 (th.)
2471 1760 2587 1817 Rex
2636 1760 2909 1819 Henricus
2964 1777 3154 1833 pacem
3198 1778 3331 1819 eum
3386 1763 3616 1837 Ungaris
3663 1762 3711 1819 in

2069 1817 2117 1877 Β
2145 1817 2338 1911 novem
2368 1817 2545 1914 annos
2582 1817 2783 1910 firmat.
2828 1854 2916 1926 (Α.
2954 1817 3112 1925 iob.)

2142 1960 2331 2001 eorum
2384 1960 2419 2001 a
2468 1946 2671 2002 comite
2713 1945 3003 2003 Heriherto
3050 1956 3269 2019 captus,
3321 1948 3378 2003 in
3426 1949 3711 2004 custodiam

2141 2038 2399 2096 Perrona
2429 2040 2690 2107 truditur,
2732 2040 2805 2096 ob
2832 2056 3022 2096 necem
3063 2039 3312 2111 Rotberti
3361 2042 3520 2097 ducis
3554 2041 3621 2096 ab
3656 2056 3714 2097 eo

2142 2134 2429 2206 perempti.
2459 2133 2698 2205 (Lmen)
2738 2132 3010 2190 Rodulfus
3045 2149 3141 2189 rex
3178 2133 3627 2205 Burgundionum
3653 2134 3715 2190 ab

2143 2224 2495 2280 ltaliensibus
2523 2223 2597 2279 ad.
2627 2223 2967 2295 regnandum
2998 2232 3192 2280 contra
3220 2223 3609 2295 Berengarium
3642 2223 3713 2277 in-

2141 2318 2374 2384 vitatus,
2422 2323 2675 2373 conserta
2723 2332 2849 2372 cum
2904 2315 3234 2388 Bereagario
3288 2332 3508 2390 pugna,
3560 2331 3717 2389 eoque

2142 2410 2321 2466 victor
2339 2410 2590 2481 expulso,
2621 2424 2851 2480 regnum
2882 2406 3051 2465 Italiae
3072 2409 3107 2464 5
3129 2410 3296 2465 annis
3326 2408 3529 2464 tenuit.

2213 2503 2341 2560 925.
2656 2500 2711 2557 6.
3006 2501 3100 2557 26.
3372 2500 3467 2556 20.

2216 2593 2330 2650 Rex
2356 2592 2625 2649 Henricus
2648 2593 2841 2649 urbem
2870 2591 3193 2649 Sclavorum
3227 2588 3613 2646 Brennaburch
3631 2604 3712 2644 ca—

2143 2687 2243 2758 pit,
2265 2694 2322 2742 et
2342 2686 2505 2742 victis
2538 2684 2749 2741 Sclavis
2778 2685 3043 2741 tributum
3090 2683 3343 2755 imponit.
3383 2682 3577 2754 (ννιυ.)
3613 2681 3711 2737 Rex

2146 2777 2416 2835 Henricus
2456 2777 2707 2850 agrarios
2747 2776 2953 2832 milites
2989 2789 3300 2841 recensens,
3324 2773 3501 2829 edixit
3524 2780 3580 2828 ut
3602 2779 3714 2828 octo

2144 2888 2337 2930 eorum
2377 2872 2432 2927 in
2468 2871 2636 2944 agris,
2682 2885 2863 2925 nonus
2887 2884 3018 2925 vero
3052 2868 3108 2923 in
3134 2867 3270 2922 urbe
3300 2873 3631 2931 moraretur;
3664 2872 3714 2917 ut

2145 2976 2271 3035 octo
2294 2974 2350 3023 et
2380 2964 2487 3022 sibi
2510 2974 2566 3026 et.
2585 2980 2736 3021 nono
2758 2964 2815 3019 in
2849 2963 2998 3036 agris
3031 2963 3376 3030 laborarent,
3404 2976 3581 3017 nonus
3603 2972 3716 3013 vero

2146 3060 2203 3116 in
2227 3060 2364 3116 urbe
2391 3060 2610 3117 tertiam
2644 3067 2858 3130 partem
2889 3057 3138 3119 omnium
3163 3056 3387 3129 frugum
3411 3056 3622 3111 illorum
3642 3069 3714 3108 re-

450 3127 757 3208 Watitlaus
793 3127 937 3204 titius
962 3127 1123 3219 eius;
1167 3127 1294 3219 post
1327 3146 1658 3221 Watizlaum
1686 3146 2044 3201 Wencezlaus
2071 3166 2115 3224 ε
2147 3160 2392 3209 servaret
2416 3153 2479 3213 in
2493 3127 2689 3207 edibus
2712 3167 2745 3206 a
2769 3166 2830 3207 se
2852 3150 2922 3206 ad
2946 3150 3051 3205 hoc
3079 3127 3385 3216 extructis;
3430 3158 3489 3202 ut
3518 3147 3570 3202 in
3591 3144 3714 3200 bello

451 3239 599 3296 titius
617 3240 759 3311 ejus,
786 3239 1002 3312 iustitia
1032 3248 1087 3297 et
1111 3241 1402 3296 sanctitate
1431 3240 1733 3311 preclarus,
1760 3239 1849 3295 cui
1874 3237 2043 3294 frater

453 3345 589 3386 suus
618 3329 891 3409 Bolizlaus
921 3330 1088 3386 nimis
1113 3330 1528 3387 adversabatur.

519 3422 648 3479 922.
1006 3422 1061 3478 5.
1354 3423 1445 3478 25.
1738 3422 1759 3477 Ι
1773 3421 1824 3477 7.

526 3511 691 3586 (Han.
732 3512 950 3594 Liuor.)
983 3512 1218 3592 Ungaris
1242 3514 1553 3581 Franciam,
1594 3514 1882 3580 Alsatiam,
1911 3514 2039 3570 Ale-

451 3605 763 3687 nianniam,
799 3604 1205 3685 Saxoniamque
1233 3607 1717 3683 depopulantibus,
1750 3605 2041 3679 Heinricus

450 3710 548 3750 rex
589 3694 745 3773 juxta
783 3696 977 3773 urbem
1018 3696 1376 3765 Meresburhc
1427 3710 1787 3769 congressus,
1835 3709 2042 3751 vovens

452 3786 586 3856 Deo,
617 3805 718 3867 pro
754 3789 1110 3862 adipiscenda
1136 3789 1368 3845 victoria
1399 3804 1460 3844 se
1491 3788 1730 3843 heresim
1764 3789 2040 3860 symonia-

448 3896 569 3949 eam
593 3882 661 3938 de
688 3897 865 3953 regno
897 3897 1001 3937 suo
1040 3881 1469 3947 eradicatur-um,
1510 3881 1860 3936 inestimabili
1895 3880 2040 3936 caede

446 3987 545 4064 eos
586 3988 764 4064 usque
811 3973 880 4028 ad
922 3973 1341 4047 internetionem
1388 3987 1542 4042 paene
1590 3972 1811 4039 delevit.
1841 3971 2039 4045 (Ἣω.)

438 4062 565 4129 Rex
588 4062 876 4125 Heinricus
904 4080 1268 4137 quoscunque
1289 4064 1461 4132 fures,
1495 4064 1738 4140 latrones
1767 4073 1864 4121 aut
1892 4065 2037 4121 sica-

446 4153 563 4229 rius
590 4171 759 4212 manu
782 4154 954 4233 fortes
971 4163 1027 4212 et
1055 4156 1212 4217 bellis
1232 4166 1391 4233 aptos
1411 4142 1535 4214 esse
1564 4157 1801 4226 videbat,
1829 4157 2038 4223 indulta

443 4242 532 4299 eis
559 4245 721 4315 venia
756 4230 922 4325 agros
960 4254 1017 4302 et
1037 4262 1190 4323 arma
1228 4230 1414 4315 dabat,
1446 4256 1501 4303 et
1537 4248 1807 4319 legionem
1850 4264 1920 4304 ex
1957 4249 2040 4305 eis

443 4330 657 4409 faciens
678 4335 747 4392 ad
775 4337 1130 4417 debellandos
1155 4338 1424 4409 barbaros
1451 4340 1781 4411 exponebat,
1813 4340 2038 4399 edicens

442 4427 698 4496 omnino,
725 4437 786 4485 ut
805 4429 1015 4505 civibus
1038 4432 1419 4499 tantummodo
1437 4439 1741 4507 parcerent.
1762 4433 1853 4506 (Α.
1882 4432 2037 4504 ιοι.)

2143 3247 2281 3302 nihil
2325 3247 2490 3303 alicui
2529 3260 2721 3303 eorum
2764 3244 2999 3310 deesset,
3033 3242 3314 3313 urbesque
3339 3237 3713 3298 rebusetviris

2140 3340 2316 3411 9'9"“?
2335 3348 2539 3405 θεεθηι·
2583 3337 2822 3410 (ιωονο)
2858 3335 3224 3408 Berengarius
3244 3350 3341 3390 rex
3371 3334 3443 3390 ab
3464 3330 3711 3388 ltalieas't-

2141 3433 2245 3489 bus
2266 3433 2431 3504 impie
2456 3431 2762 3503 perimitur.
2816 3428 3024 3501 Ungari
3075 3427 3305 3485 Salardo
3352 3427 3493 3483 duce
3525 3424 3711 3489 Italiam

2141 3533 2518 3597 pervagantes,
2542 3522 2768 3595 Papiam
2793 3521 3047 3578 obsident
3067 3529 3130 3597 ct.
3143 3519 3463 3582 incendunt.

2211 3659 2338 3717 926.
2662 3657 2714 3711 7.
3004 3654 3095 3711 27.
3389 3651 3455 3707 2|
3466 3693 3481 3706 .

2212 3750 2302 3823 (A.
2334 3748 2492 3821 Lob.)
2537 3748 2774 3814 Karolus
2816 3764 2910 3803 rex
2956 3746 3298 3802 Francorum
3346 3745 3453 3801 sub
3486 3740 3709 3799 custodia

2140 3843 2412 3900 lleriberti
2432 3843 2557 3901 exul
2580 3851 2636 3898 et
2654 3849 2861 3913 martyr
2885 3839 3138 3896 moritur.
3167 3837 3441 3894 Rodulfus
3467 3843 3644 3908 regnat
3663 3834 3709 3893 il

2141 3935 2372 3992 Francia
2394 3934 2618 3990 annis2.
2643 3932 2881 4004 (Ιιιυον.)
2896 3931 3134 4004 Symeon
3159 3930 3383 4003 Bulgar,
3406 3930 3499 4001 qui
3520 3945 3582 3985 ex
3605 3925 3709 3998 phi-

2140 4028 2370 4098 losopho
2408 4026 2735 4093 monachus,
2771 4040 2842 4082 ex
2876 4025 3152 4081 monacho
3173 4024 3332 4083 miles
3356 4023 3536 4080 factus
3552 4018 3709 4077 domi-

2140 4120 2374 4175 nabatur
2395 4117 2745 4189 Bulgaribus,
2769 4117 2974 4175 Grecos
2995 4116 3235 4189 graviter
3252 4116 3475 4182 atterit;
3511 4113 3600 4170 sed
3620 4109 3706 4166 Bo-

2140 4225 2338 4272 manus
2380 4208 2682 4266 Grecorum
2739 4208 3039 4280 imperator
3075 4208 3205 4279 ejus.
3257 4205 3533 4274 insaniam
3581 4203 3707 4266 facit!

2140 4302 2347 4369 foedere
2367 4301 2655 4374 mitigavit,

2209 4439 2336 4496 927.
2662 4437 2700 4492 8
3042 4437 3094 4491 i.
3385 4434 3460 4491 22

441 4516 683 4577 Karolus
714 4537 812 4579 rex
839 4502 1183 4580 Francorum
1209 4540 1336 4580 eum
1363 4476 1569 4582 auxilio
1591 4476 2035 4585 Lotba‘riensiuni
2067 4509 2119 4570 Ῑ)
2215 4532 2412 4605 (Wm.)
2446 4532 2580 4588 Post
2621 4539 2855 4586 mortem
2898 4526 3084 4611 Haroli
3117 4527 3262 4602 regis
3286 4502 3593 4584 nolentibus
3612 4523 3705 4578 Lo-

436 4614 609 4758 gnta
627 4614 821 4688 urbem
852 4615 1168 4683 Suessionis
1205 4633 1457 4691 pugnans
1488 4626 1679 4685 contra
1712 4618 2033 4695 Hotbertum

495 4711 670 4758 atrem
701 4704 911 4758 Odonis
938 4710 1102 4758 renis-
1133 4711 1227 4758 alii
1266 4720 1457 4758 νηπίη
1496 4726 1556 4758 se.
1585 4727 1814 4758 regnum
1857 4711 2033 4758 Fran—

495 4711 670 4760 atrem
701 4704 911 4764 Odonis
938 4710 1102 4781 regis,
1133 4711 1229 4781 qui
1266 4720 1458 4781 contra
1496 4726 1556 4767 se
1585 4727 1815 4787 regnum
1856 4711 2033 4769 Fran-

441 4810 637 4853 corum
670 4798 980 4868 invadebat,
1015 4790 1211 4875 (With)
1240 4818 1368 4858 eum
1390 4819 1519 4875 eum
1553 4796 1743 4860 multis
1778 4806 2032 4875 peremit,

439 4896 498 4945 et
519 4903 581 4961 se
604 4899 661 4946 et
691 4889 980 4969 Franciam
1010 4893 1245 4950 Henrico
1291 4897 1406 4967 regi
1446 4895 1740 4963 submittit,
1788 4896 1950 4969 eique
1972 4897 2028 4952 in

437 4981 642 5057 pignus
680 4985 929 5055 perpetui
974 4985 1200 5044 foederis
1247 4996 1303 5043 et
1344 4987 1550 5043 amoris
1596 4988 1764 5043 mittit
1805 5005 2027 5045 manum

434 5075 677 5148 μαίοιί
723 5078 985 5149 martyris
1029 5078 1258 5136 Dionisii
1296 5079 1647 5149 Parisiensis,
1686 5097 1825 5137 auro
1872 5098 2028 5157 gem-

437 5166 659 5240 misque
690 5168 982 5243 inclusam.

430 5306 443 5322 ..
514 5258 641 5329 925.
1000 5263 1059 5335 ι.
1341 5265 1441 5337 si,
1693 5265 1784 5341 is.

512 5352 603 5421 (Α.
637 5352 799 5427 Lob.)
829 5353 1004 5427 Reges
1041 5353 1311 5411 Henricus
1345 5363 1403 5411 et
1428 5355 1665 5413 Karolus
1695 5358 1840 5429 apud
1882 5358 2029 5414 Butt-

2142 4624 2410 4696 tharingis
2432 4623 2673 4681 Henrico
2698 4622 2814 4694 regi
2839 4623 3087 4689 subesse,
3115 4621 3337 4693 quidam
3363 4619 3706 4689 Lotbaringus

2142 4715 2364 4771 nomine
2387 4716 2698 4772 Cristianus
2728 4714 2983 4770 simulata
3016 4714 3333 4769 inﬁrmitate
3364 4712 3704 4769 Gislebcrtum

2139 4808 2334 4863 ducem
2366 4806 2434 4862 ad
2464 4821 2525 4863 se
2559 4805 2685 4861 dolo
2706 4812 2992 4860 evocatum
3029 4803 3173 4873 cepit
3209 4803 3438 4875 regique
3468 4801 3630 4865 misit,
3655 4805 3706 4857 ut

2138 4914 2240 4971 per
2260 4914 2387 4954 eum
2414 4884 2829 4969 Lotharingiam
2874 4895 2977 4951 sibi
3005 4894 3297 4951 subiceret.
3333 4894 3405 4948 At
3424 4908 3519 4948 rex
3545 4892 3705 4959 inspec

2137 4997 2227 5052 cta
2250 4989 2520 5046 industria
2541 4996 2597 5045 et
2614 4987 2857 5059 potentia
2878 4974 3187 5051 Gisleberti,
3211 4985 3378 5040 filiam
3406 5000 3560 5042 suam
3581 4982 3701 5039 Ger-

2134 5081 2357 5154 bergam
2399 5083 2452 5139 ei
2493 5082 2818 5153 despondet,
2857 5090 2911 5137 et
2949 5096 3076 5136 eum
3118 5082 3318 5137 iterum
3360 5077 3703 5150 Lotliaringize

2134 5172 2367 5244 preﬁeit.
2411 5171 2500 5243 (Α.
2526 5170 2683 5242 Lob.)
2732 5170 3099 5237 Ludowicus,
3143 5170 3291 5225 filius
3330 5168 3514 5225 Κποιὶ
3553 5166 3697 5237 regis,

2132 5262 2456 5331 insidiantes
2496 5262 2602 5318 sibi
2641 5259 2880 5334 fugiens,
2920 5277 3018 5335 per
3058 5276 3211 5320 mare
3259 5262 3453 5319 transit
3492 5258 3568 5332 [in
3603 5256 3698 5310 An-

2130 5356 2317 5428 gliam.
2371 5354 2545 5413 Mater
2591 5353 2741 5409 enim
2782 5353 2905 5424 ejus
2948 5353 3129 5409 fuerat
3171 5353 3282 5408 filia
3326 5352 3475 5424 regis
3515 5348 3697 5420 Angli»

436 5456 577 5531 nam
611 5445 680 5478 "'
709 5445 1189 5522 confoederantur;
1233 5455 1290 5504 et
1314 5445 1548 5523 Karolus
1585 5448 1763 5506 reddit
1788 5447 2026 5506 Henrico
2129 5466 2255 5525 rum
2276 5448 2393 5522 “'.]
2417 5448 2656 5526 (Linum)
2689 5447 2960 5504 Rodulfus
2979 5462 3075 5503 rex
3098 5449 3169 5525 ab
3190 5445 3536 5503 ltaliensibus
3553 5456 3697 5513 repu-

810 5548 815 5551 “
1734 5537 1965 5594 VARIAE
2005 5536 2409 5598 LECTIONES.

507 5607 579 5679 "ﬂ
600 5616 754 5679 pater
774 5616 963 5665 noster
980 5616 1032 5664 et
1054 5617 1306 5679 nostrum
1335 5616 1386 5663 et
1407 5608 1616 5665 scilicet
1643 5608 1729 5663 hic
1752 5617 1803 5664 et
1823 5610 1994 5666 ubivis
2026 5612 2081 5666 in
2111 5610 2308 5679 talibus
2332 5609 2585 5663 omittunt
2611 5608 2676 5663 A.
2715 5606 2813 5665 Cl.
2851 5609 2929 5664 4⁸.
2955 5607 3019 5664 D.

3140 5606 3211 5639 ‘7‘
3237 5605 3482 5660 ltunnam
3509 5602 3601 5657 Cl.
3646 5598 3690 5652 5.

437 5677 515 5732 4ο.
549 5671 618 5731 DZ
644 5678 790 5745 deest
823 5679 944 5745 83',
1023 5681 1091 5713 ³⁷⁷
1115 5678 1174 5749 d)
1198 5680 1436 5752 Sanguis
1457 5711 1529 5721 —
1549 5688 1832 5763 pateretur
1852 5681 2000 5737 deest
2030 5680 2094 5737 D.
2174 5678 2385 5762 "{Sig.
2404 5680 2581 5760 primo
2613 5679 2853 5733 ediderat
2884 5694 2903 5733 :
2934 5678 3148 5804 fugiens
3177 5693 3328 5732 mare
3358 5674 3567 5731 transit.
3601 5671 3692 5724 itu-

437 5736 627 5803 δεδιὼς
652 5758 752 5802 σω.
791 5750 861 5802 At
889 5758 1070 5804 postea
1094 5750 1177 5804 Ιδ.
1211 5760 1337 5804 ante
1363 5766 1516 5804 mare
1544 5761 1861 5804 interposuit
1883 5768 1999 5804 ner.
2037 5762 2088 5804 et
2111 5767 2281 5804 erasis
2303 5749 2512 5802 vocibus
2535 5748 2804 5804 Rodulfus
2832 5780 2903 5789 —
2923 5766 2988 5804 su
3029 5757 3271 5804 rogatur.
3307 5761 3506 5801 rasam:
3525 5755 3690 5804 super“

434 5736 630 5823 dulqu
652 5758 752 5823 etc.
774 5736 1070 5823 :At'gostea
1094 5736 1177 5807 ιδ’.
1204 5736 1343 5823 iant;
1363 5736 1861 5823 marefnterposuit
1883 5736 2000 5823 per,
2037 5736 2089 5807 et
2111 5752 2281 5807 erasis
2303 5736 2512 5823 poribus
2535 5748 2804 5805 Rodulfus
2832 5780 2903 5789 ——
2923 5766 2988 5807 su

3029 5757 3271 5819 rogatur,
3307 5761 3506 5801 rasum:
3525 5755 3690 5819 8813⁸⁸

435 5818 653 5901 «first!
677 5819 732 5886 in
760 5820 1008 5903 Angliam
1039 5854 1110 5863 —-
1132 5822 1480 5894 subrogatur.
1512 5820 1601 5876 Ita
1624 5817 1789 5891 igitur
1820 5817 1928 5895 Sig}.
1976 5817 2148 5878 locum
2179 5818 2572 5890 αηηνιέαυεηιι·λ
2605 5837 2763 5891 quum
2814 5817 3416 5875 secundam'editionem
3473 5817 3686 5886 pararet.
