3914 6314
192 373 286 433 {Si

1616 356 1989 416 CHBONICA.

3330 348 3433 423 ira

186 487 369 546 amur,
394 490 447 536 et
470 477 619 550 [iugo
644 492 826 532 omnes
852 473 1251 529 Arelatensium
1279 473 1332 527 in
1361 487 1585 543 regnum
1611 471 1745 525 subg-
1775 470 1819 531 Λ
1848 469 1976 538 quia
2004 468 2269 539 Bajoariis
2291 468 2517 538 faverat,
2544 472 2721 543 Papiae
2742 475 3016 542 exiliatur,
3042 475 3134 531 ubi
3154 487 3208 533 et
3234 478 3432 536 librum

187 587 410 648 rogatur.

244 667 363 722 928.
583 662 647 717 ἢ.
684 662 740 717 9.
958 660 1020 715 F.
1052 659 1107 714 2.
1317 656 1382 713 C.
1414 656 1505 711 25.

246 758 329 827 (Α.
377 754 539 825 Lob.)
571 752 903 808 Ludowicus
944 750 1000 805 in
1037 750 1326 806 Franciam
1373 764 1658 815 reversus,
1698 752 1753 803 et

185 827 294 906 licet
331 861 641 911 erumnose,
686 853 870 900 tamen
915 844 971 899 in
1011 859 1182 916 regno
1225 843 1530 909 restitutus,
1561 850 1754 914 regnat

184 940 328 995 annis
351 938 440 994 27.
471 936 707 1008 (Linum)
755 936 868 993 [lex
910 935 1066 1009 Hugo
1107 936 1374 1007 quosdam
1417 934 1752 991 Italiensium

183 1037 452 1101 suspectos
477 1029 581 1086 sibi
620 1028 856 1085 consilio
900 1037 954 1085 et
996 1029 1200 1086 virtute
1226 1028 1513 1085 Samsonis
1535 1029 1756 1086 comitis

184 1124 567 1179 circumventos
588 1121 693 1179 sibi
721 1122 1038 1179 substravit.
1075 1120 1269 1194 (Ibid.)
1315 1119 1611 1178 Ratherius
1651 1120 1755 1177 Lo-

183 1213 372 1269 biensis
392 1212 718 1282 monachus,
744 1213 832 1269 vir
853 1212 1038 1270 nimia:
1058 1213 1444 1285 simplicitatis,
1470 1214 1565 1270 sed
1588 1227 1754 1285 expe-

184 1305 360 1363 rientia
380 1306 689 1362 liberalium
725 1306 929 1363 artium
956 1304 1295 1374 nominatus,
1323 1322 1448 1363 cum
1472 1304 1752 1374 Hilduino,

184 1400 267 1470 qui
277 1399 328 1454 in
346 1398 698 1470 Lotharingia
710 1400 1083 1471 episcopatum
1097 1398 1488 1456 Leodicensem
1503 1399 1633 1454 olim
1645 1413 1758 1454 am-

182 1490 358 1558 bierat,
373 1491 425 1546 in
440 1491 646 1547 Italiam
658 1491 726 1547 ad
737 1489 820 1548 Hu
826 1507 1018 1565 genam
1030 1506 1213 1565 regem
1224 1489 1758 1562 profectusﬂeronm

180 1586 453 1659 episcopus
486 1584 562 1640 ab
595 1582 826 1657 Hugoue
853 1584 1231 1652 constituitur,
1264 1582 1525 1639 Hilduino
1557 1584 1757 1642 Medio-

182 1674 282 1729 lani
313 1673 729 1746 archiepiscopo
767 1677 1039 1734 ordinato.
1085 1676 1282 1748 (Wm)
1331 1676 1445 1732 Rex
1488 1674 1755 1735 Henricus

1850 561 1918 615 de
1957 560 2074 616 suis
2119 562 2366 618 erumnis
2404 563 2708 620 luculenter
2746 566 2932 621 edidit.
2977 566 3211 640 Scripsit
3240 580 3293 626 et
3329 572 3433 628 alia
3540 554 3545 558 ἢ

1851 652 2024 707 multa
2043 654 2347 725 legentibus
2370 656 2543 710 utilia.

1920 741 2047 798 955.
2336 744 2422 800 14.
2748 744 2799 801 5.
3090 749 3183 804 28.

1923 832 2115 907 (Mam)
2156 833 2468 906 Stephanus
2515 834 2776 892 Romana:
2815 836 3075 894 tecclesiae
3125 840 3284 895 128'"
3316 858 3437 912 pre-

1853 929 2011 986 sidet.
2059 927 2294 1003 (LIIJDP.)
2340 928 2707 986 Beneventani
2755 940 2945 987 contra
2989 931 3193 989 Grecos
3234 935 3436 991 bellum

1852 1029 2095 1094 agentes,
2123 1030 2394 1093 quotquot
2420 1021 2720 1080 Grecorum
2749 1024 3070 1094 capiebant,
3104 1027 3438 1084 eunuchiza-

1856 1114 2009 1170 bant.

1923 1205 2050 1262 954.
2336 1209 2420 1263 15.
2753 1210 2807 1263 6;
3095 1210 3186 1266 29.

1927 1297 2119 1370 (Wm.,
2148 1297 2317 1370 Man.)
2358 1298 2561 1372 ngari
2588 1300 2852 1356 tributum
2877 1318 2907 1357 a
2937 1299 3247 1359 Saxonibus
3281 1320 3438 1374 repe~

1854 1400 2051 1459 tentes,
2087 1392 2158 1449 ab
2189 1393 2429 1449 exercitu
2462 1393 2681 1450 Henrici
2709 1396 2855 1466 regis
2883 1397 3208 1452 occiduntur
3229 1407 3329 1453 aut
3349 1415 3443 1455 ca-

1854 1483 2108 1553 piuntur;
2145 1485 2339 1554 eisque
2367 1485 2437 1540 ad
2467 1485 2893 1541 internecionem
2934 1487 3147 1555 deletis,
3172 1487 3439 1544 tributum

1855 1577 2001 1647 quod
2025 1577 2390 1647 repetebatur,
2425 1576 2538 1633 Deo
2560 1594 2659 1649 pro
2685 1579 2986 1651 gratiarum
3013 1580 3228 1636 actione
3259 1580 3311 1635 in
3335 1585 3443 1637 me;

1855 1669 2036 1725 etesiis
2055 1678 2109 1724 et
2129 1670 2459 1739 pauperibus
2477 1671 2796 1727 exsolvitur.
2820 1670 2946 1728 Otto
2968 1672 3112 1728 lilius
3126 1673 3270 1744 regis
3292 1671 3440 1728 lien-

182 1765 485 1823 summm
511 1768 707 1823 urbem
737 1767 1097 1825 θειηηηηιιίω
1130 1770 1299 1841 capit,
1327 1781 1382 1826 οι
1410 1769 1755 1830 garamancis
1788 1832 1825 1844 ﬁ
1859 1761 1957 1815 rici
2002 1776 2229 1817 uxorem
2260 1763 2413 1818 ducit
2454 1763 2622 1818 tiliam
2672 1763 3001 1821 Eathmundi
3044 1765 3190 1844 regis
3234 1764 3440 1837 Anglo-

185 1858 430 1915 tribntum
466 1859 721 1934 imponit.

243 1950 361 2008 929.
656 1951 745 2007 I0.
1072 1954 1124 2011 ἃ.
1409 1953 1501 2011 24.

245 2041 472 2117 (Lmen)
512 2042 790 2101 Lanceam
832 2043 1067 2102 mirandi
1114 2045 1297 2118 operis
1328 2054 1385 2103 et
1421 2047 1593 2103 clavis
1625 2045 1755 2102 Iesu

182 2133 372 2190 Christi
408 2134 661 2191 cruciﬁxi
703 2135 1123 2205 sanctiﬁcatam,
1147 2152 1273 2208 qua:
1294 2137 1497 2194 dicitur
1508 2136 1678 2210 primi
1702 2147 1759 2194 et

184 2225 351 2294 magni
376 2223 735 2281 Constantini
766 2226 1114 2298 imperatoris
1138 2226 1330 2297 fuisse,
1355 2227 1613 2283 donatam
1648 2227 1755 2283 Ro-

184 2314 322 2373 dulfo
360 2321 472 2389 regi
518 2317 970 2390 Burgundionum
1012 2328 1068 2376 et
1104 2318 1323 2376 Italiaaa
1362 2320 1630 2378 Samsone
1663 2336 1758 2376 co-

186 2406 302 2463 mite
323 2450 339 2477 ,
381 2424 481 2465 rex
532 2408 802 2468 Henricus
844 2411 1128 2483 precibus,
1174 2412 1371 2481 minis,
1413 2414 1755 2482 muneribus,

189 2499 348 2557 addita
382 2500 553 2557 etiam
591 2512 745 2574 parte
773 2503 1061 2575 provintiae
1083 2502 1412 2573 Suevorum,
1443 2522 1475 2562 a
1519 2506 1757 2564 Rodulfo

182 2592 369 2648 comite
383 2602 708 2664 extorquet;
737 2602 793 2650 et
815 2595 961 2652 hanc
983 2594 1053 2652 ad
1075 2594 1292 2669 insigne
1308 2605 1364 2653 et
1382 2603 1631 2654 tutamen
1653 2596 1759 2653 im-

190 2685 307 2755 perii
330 2687 568 2755 posteris
586 2687 829 2759 reliquit.
1426 2704 1430 2708 ‘

249 2775 366 2831 950.
480 2804 483 2809 ·
659 2778 791 2833 11.-
850 2770 853 2773 ¹
1070 2779 1127 2835 2.
1416 2782 1510 2837 25.

252 2864 433 2940 (Ιύίά.)
465 2867 753 2928 Johannes
779 2884 922 2943 papa
944 2885 978 2927 a
1007 2868 1277 2929 militibus
1308 2871 1577 2930 Guidonis
1610 2889 1761 2930 mar-

187 2958 385 3016 ehionis
415 2969 623 3034 captus
643 2971 700 3019 et
719 2963 777 3019 in
805 2964 1114 3021 custodiam
1143 2972 1350 3034 trusus,
1375 2966 1632 3023 cervicali
1666 2982 1762 3024 su-

191 3064 276 3119 per
294 3066 354 3108 os
372 3052 494 3124 ejus
519 3055 704 3125 posito
726 3055 964 3126 pessime
982 3055 1361 3129 strangulatus
1380 3065 1486 3113 est.
1513 3056 1573 3112 In
1599 3058 1759 3130 cujus

1787 1832 1828 1890 Β
1859 1866 1999 1906 rum.

1927 1944 2052 1998 955.
2352 1944 2429 2000 16'.
2759 1947 2807 2001 7.
3094 1948 3186 2003 50.

1927 2034 2119 2107 (ιὺὶά.)
2153 2035 2432 2095 Johannes
2450 2036 2710 2094 Romana:
2724 2037 2980 2094 aecclcsiae
3002 2039 3162 2095 129us
3184 2041 3444 2109 presidct'.

1859 2126 2095 2199 (L1unr.)
2137 2127 2197 2182 In
2222 2128 2498 2186 Genuensi
2526 2130 2659 2186 urbe
2681 2129 2803 2186 fons
2828 2131 3112 2202 sanguinis
3133 2131 3445 2201 largissime

1857 2220 2093 2287 eiIluxit,
2134 2222 2469 2292 portendens
2504 2220 2645 2278 forte
2671 2223 2824 2279 urbis
2854 2224 3028 2294 ipsius
3065 2225 3445 2281 imminentem

1858 2312 2096 2381 ruinam,
2123 2329 2247 2384 qua:
2269 2315 2461 2369 eodem
2502 2330 2649 2370 anno
2679 2314 2748 2370 ab
2774 2315 3068 2384 Africanis,
3100 2333 3223 2372 cum
3268 2318 3448 2374 classe

1857 2404 1989 2462 illuc
2031 2405 2398 2475 venientibus,
2437 2415 2593 2477 capta
2620 2450 2634 2473 ,
2677 2407 2893 2463 cunctis
2937 2407 3151 2463 civibus
3199 2402 3447 2479 exceptis

1856 2498 2101 2570 parvulis
2121 2505 2177 2554 et
2203 2498 2528 2556 mulieribus
2547 2499 2723 2571 captis
2744 2508 2840 2555 aut
2862 2499 3083 2567 occisis,
3114 2500 3281 2555 etiam
3320 2499 3444 2555 the-

1858 2592 2040 2649 sauris
2075 2591 2194 2650 suis
2223 2601 2310 2648 est
2337 2601 2620 2648 evacuata.
2647 2591 2843 2665 (th.)
2882 2591 2999 2647 Rex
3028 2590 3295 2648 Henricus
3333 2590 3442 2647 Da:-

1858 2700 1983 2753 nos,
2004 2685 2101 2756 qui
2134 2700 2232 2755 per
2261 2683 2557 2755 piraticam
2575 2683 2844 2740 Fresones
2871 2683 3249 2751 incursabant,
3276 2682 3449 2737 vincit

1860 2787 1915 2835 et
1937 2777 2258 2834 tributarios
2286 2776 2434 2844 facit,
2465 2784 2521 2832 et
2550 2775 2822 2847 Chiupam
2847 2792 3030 2848 regem
3055 2791 3247 2832 eorum
3270 2776 3448 2846 baptia

1862 2870 1975 2926 zari
2004 2868 2154 2926 facit.
3426 2868 3435 2873 ”

1933 2962 2058 3018 950.
2349 2960 2436 3015 17.
2756 2958 2811 3014 8.
3102 2958 3190 3013 5f.

1932 3052 2123 3125 (ΜΑιι.)
2178 3050 2289 3109 Εθο
2337 3049 2600 3106 Romanae
2657 3049 2918 3106 tecclesiae
2973 3049 3134 3104 150“!
3185 3049 3444 3120 presidet:

191 3142 301 3237 meo
333 3148 467 3204 alter
505 3147 789 3206 Iohannes
818 3151 1152 3223 subrogatus
1172 3157 1279 3219 est,
1302 3150 1473 3207 frater
1492 3151 1755 3220 Alberici,
1784 3174 1830 3237 ϐ
1863 3144 2100 3217 (Lmen)
2140 3142 2409 3200 nodulqu
2445 3158 2542 3199 rex
2584 3141 2921 3215 Burgundias
2949 3142 3203 3237 moritur.
3252 3141 3454 3213 (Ibid.)’

196 3234 401 3296 Romam
443 3241 680 3313 expulso
719 3241 948 3314 Hugone
975 3242 1233 3314 regentis.
1266 3242 1412 3298 Alibi
1432 3242 1633 3314 legitur
1652 3244 1758 3300 hoc

192 3330 242 3386 in
279 3334 391 3390 Ioco
429 3333 547 3391 Leo
584 3350 726 3406 papa
765 3336 1091 3406 presedisse.
1140 3336 1161 3408 (
1182 3334 1351 3404 Mam,
1374 3332 1571 3407 Win.)
1613 3334 1758 3392 Ven-

193 3425 386 3482 eezlaus
412 3427 674 3498 princeps
702 3427 958 3497 Boemise,
988 3443 1021 3483 a
1049 3442 1175 3500 rege
1211 3425 1448 3484 Henrico
1491 3427 1547 3482 in
1580 3426 1758 3500 Praga

192 3518 313 3573 urbe
328 3519 612 3588 olisessus,
641 3536 702 3576 se
723 3527 779 3578 et
803 3521 998 3577 urbem
1032 3520 1157 3594 regi
1174 3520 1344 3588 dedit,
1366 3528 1422 3577 et
1442 3520 1757 3593 impositam

196 3605 405 3668 Bmmia:
424 3613 658 3668 multam
682 3612 871 3669 tributi
900 3612 1083 3670 solvit.
1156 3666 1160 3670 .

255 3706 368 3761 951.
697 3708 752 3764 2'.
1073 3708 1126 3765 5.
1418 3709 1508 3765 26.

256 3796 431 3873 (Mm)
486 3797 761 3857 Henricus
804 3817 901 3857 rex
953 3815 1112 3873 reges
1156 3798 1663 3859 Nortbmannorum
1706 3813 1761 3860 et

203 3889 570 3950 Abrotidorum
594 3892 925 3951 christianos
946 3891 1095 3950 facit.
1134 3893 1223 3968 (Α.
1246 3892 1445 3968 Laub.)
1476 3894 1761 3955 Hubaldus

199 3985 476 4042 monachus
509 3994 567 4042 et
599 3985 960 4057 philosophus
1001 3984 1070 4043 de
1108 3984 1295 4044 Sancti
1328 3987 1563 4045 Amandi
1591 3988 1758 4046 Elno-

199 4076 362 4132 nensis
389 4078 528 4133 obiit
551 4078 618 4111 ¹⁸⁰
645 4076 816 4150 (198).
858 4076 1056 4150 (With)
1092 4076 1313 4135 Redarii
1346 4096 1524 4152 usque
1551 4082 1620 4137 ad
1653 4081 1761 4137 200

197 4165 327 4221 milia
348 4168 630 4224 hominum
654 4168 1030 4240 conspirantes
1051 4182 1239 4226 contra
1262 4170 1557 4229 ilenricum
1579 4189 1759 4245 regem

200 4258 457 4327 rebellant,
484 4267 544 4317 ct
578 4275 808 4333 regnum
843 4261 964 4333 ejus
995 4261 1233 4335 graviter
1254 4261 1535 4329 infestant,
1561 4272 1615 4318 et
1636 4262 1762 4319 viei-

199 4364 286 4406 nas
320 4361 504 4423 gentes
529 4352 595 4408 ad
618 4353 994 4410 rebellandum
1022 4355 1289 4410 animant.
1335 4352 1440 4410 Sed
1475 4370 1505 4409 a
1529 4355 1760 4412 ducibus

202 4442 325 4512 regis
351 4442 626 4499 Bernardo
651 4452 706 4500 et
730 4444 1007 4503 Tietmaro
1039 4446 1190 4519 gravi
1220 4444 1364 4502 bello
1384 4445 1534 4514 victi,
1571 4463 1762 4505 omnes

1859 3238 2017 3309 Inger
2035 3252 2130 3293 rex
2153 3237 2481 3306 Russorum,
2504 3236 2688 3295 sciens
2702 3236 2981 3292 exercitus
3003 3234 3301 3291 Grecorum
3325 3248 3447 3290 esse

1859 3330 2053 3387 ductos
2080 3338 2273 3385 contra
2303 3328 2610 3384 Saracenos
2637 3327 2783 3384 et‘ad
2824 3328 3135 3383 insularum
3165 3326 3448 3383 custodias

1860 3423 2160 3495 dispersos,
2196 3421 2266 3477 ad
2288 3420 2709 3491 expugnandam
2749 3418 3285 3490 Constantinopolim
3320 3433 3447 3475 cum

1860 3515 2009 3572 mille
2035 3521 2091 3571 et
2114 3526 2185 3569 eo
2213 3510 2454 3581 amplius
2487 3508 2718 3563 navibus
2741 3508 2909 3575 venit,
2934 3508 3069 3563 adeo
3114 3508 3186 3564 de
3217 3509 3450 3564 victoria

1852 3611 1970 3682 jam
1999 3620 2252 3674 securus,
2282 3612 2345 3663 ut
2371 3603 2576 3661 Grecos
2599 3614 2711 3657 non
2744 3600 2940 3666 occidi,
2980 3601 3079 3656 sed
3118 3602 3239 3671 capi
3273 3602 3451 3671 preci-

1860 3708 2031 3771 peret.
2059 3696 2273 3765 Quibus
2295 3695 2597 3766 imperator
2619 3691 2903 3748 Romanus
2935 3705 3060 3746 cum
3086 3689 3297 3760 paucis
3320 3689 3452 3745 viri-

1861 3792 1985 3848 liter
2010 3803 2331 3854 occurrens,
2358 3784 2719 3842 circumcirca
2744 3782 2919 3839 Greco
2952 3780 3063 3852 igni
3087 3779 3288 3850 injecto
3312 3795 3453 3848 pene

1861 3899 2055 3941 omnes
2094 3896 2220 3937 cum
2262 3879 2496 3935 navibus
2537 3877 2788 3943 exussit,
2841 3875 3032 3946 paucis
3071 3871 3451 3938 evadentibus,

1860 3992 2167 4049 omnesque
2195 3975 2438 4048 captivos
2461 3970 2718 4028 decollari
2740 3968 2924 4039 jussit.

1931 4080 2057 4137 957.
2349 4075 2438 4132 18.
2760 4070 2815 4126 9.
3108 4067 3197 4121 δελ.

1936 4169 2133 4243 (Wm.)
2168 4167 2287 4224 iIoc
2316 4181 2463 4223 anno
2487 4161 2738 4236 prodigia
2759 4172 3080 4232 apparuere.
3126 4156 3222 4212 Sol
3256 4169 3465 4211 sereno.

1864 4265 1998 4321 caelo
2027 4265 2391 4329 obscuratur;
2438 4274 2536 4331 per
2579 4256 2850 4312 fenestras
2885 4268 3018 4309 vero
3047 4251 3335 4307 domorum
3374 4263 3457 4303 ra-

1854 4356 1986 4414 dios
2014 4355 2174 4429 quasi
2214 4352 2551 4424 sanguineos
2595 4346 2895 4404 emittebat.
2921 4343 3100 4411 Mons,
3131 4341 3226 4397 ubi
3267 4348 3455 4411 postea

1866 4466 1963 4506 rex
1988 4447 2255 4503 Henricus
2279 4444 2537 4515 sepultus
2559 4450 2663 4507 est,
2708 4440 2965 4494 flammas
3000 4433 3187 4491 multis
3224 4434 3279 4488 in
3317 4432 3458 4488 locis

202 4548 334 4602 pane
356 4537 722 4607 perimuntur,
763 4546 861 4595 aut
903 4517 1174 4613 fugientes
1216 4539 1271 4594 in
1309 4539 1448 4595 mari
1474 4540 1657 4596 vicino
1675 4541 1765 4597 de-
1793 4517 1842 4578 ι)
1866 4543 2172 4602 evomebat.
2205 4539 2455 4596 Hominis
2486 4536 2773 4607 cujusdam
2816 4532 3039 4588 sinistra
3070 4545 3269 4584 manus
3310 4526 3458 4581 ferro

201 4637 535 4698 merguntur;
579 4639 637 4686 et
677 4631 784 4687 hoc
824 4631 970 4688 facto
994 4631 1188 4689 vicinae
1210 4640 1397 4704 gentes
1418 4648 1447 4687 a
1471 4632 1766 4690 rebellione

200 4717 538 4779 deterrentur.
612 4758 615 4759 ν

262 4811 374 4868 932.
666 4817 755 4872 I5.
1082 4820 1136 4875 4.
1424 4819 1514 4875 27.

263 4901 487 4979 (Lmen)
523 4908 880 4965 Aruoldusm
908 4911 1017 4965 dux
1055 4910 1432 4982 Bajoariorum
1472 4910 1526 4967 in
1556 4909 1764 4966 Italiam

202 5002 372 5050 contra
415 4995 699 5070 IIugonem
756 5015 939 5071 regem
984 5002 1211 5059 veniens
1265 5019 1297 5057 a
1360 5001 1771 5058 Veronensibus

204 5087 497 5158 susripitur,
525 5103 724 5147 etcum
770 5091 997 5164 IIugone
1026 5094 1324 5167 conﬂigens
1358 5096 1610 5151 vincitur.
1655 5094 1767 5149 Ra-

207 5174 396 5236 therius
421 5183 710 5254 episcopus
735 5200 766 5239 a
796 5200 923 5256 rege
950 5184 1179 5257 Hugone
1201 5187 1518 5258 episcopatu
1552 5188 1775 5258 pulsus,

1870 4640 2171 4705 amputata,
2198 4638 2321 4701 post
2351 4643 2555 4683 annum
2580 4624 2738 4696 paene
2768 4624 3042 4692 integrum
3083 4620 3138 4676 ci
3164 4615 3462 4705 dormienti

1871 4704 2122 4783 restituta
2162 4731 2283 4790 est;
2332 4720 2427 4791 qui
2469 4734 2569 4789 pro
2617 4716 2775 4787 signo
2819 4710 3072 4768 miraculi
3116 4709 3260 4764 linea
3300 4704 3467 4777 quasi

1871 4818 2174 4891 sanguinea
2222 4816 2345 4871 loco
2390 4809 2799 4881 coniunctionis
2841 4806 3154 4862 notabatur.
3191 4800 3463 4856 Henricus

1873 4927 1966 4966 rex
1992 4908 2248 4973 moritur,
2275 4902 2595 4977 qui-Iicetin
2616 4898 2898 4955 vincendis
2926 4892 3162 4952 inimicis
3190 4892 3466 4963 gloriosus

1875 5001 2058 5068 fuerit,
2088 5001 2219 5072 quia
2264 5008 2445 5054 tamen
2489 4994 2751 5067 paciﬁcus
2799 5000 2917 5048 erat
2942 5031 2957 5058 ,
3006 4988 3213 5044 nullam
3239 4984 3470 5055 operam

1877 5094 2046 5160 dedit,
2073 5091 2403 5161 utell‘ugatis
2433 5089 2503 5144 ab
2541 5087 2696 5141 Italia
2722 5083 2991 5157 tyrannis,
3018 5080 3113 5151 qui
3141 5077 3300 5149 quasi
3334 5091 3469 5130 con-

1872 5186 2077 5242 ductivi
2126 5180 2486 5239 mercennarii
2532 5180 2668 5234 alter
2712 5176 2866 5232 alteri
2910 5172 3262 5231 succedentes
3298 5169 3470 5237 impe-

1509 5360 1739 5416 VAIlIxE
1778 5357 2179 5427 LECTIONES.

213 5455 339 5547 Inde.
364 5467 725 5547 idem/tabent
774 5474 963 5547 reliqui
998 5491 1190 5539 omnes
1215 5484 1406 5545 prater
1450 5478 1540 5546 A.,
1585 5478 1674 5547 qui
1715 5474 2246 5547 prinmntSigcberti
2265 5462 3471 5547 editionemsequitur._Rodquusfiuiu'Oga-

213 5535 292 5600 tur
307 5535 482 5592 desunt
508 5541 621 5598 ΒΓ.
650 5545 745 5600 4⁹⁸.

214 5599 303 5658 dus
340 5604 447 5677 Sig.

281 5791 419 5859 (I98)
458 5799 513 5849 Α.
542 5798 666 5862 950,
694 5797 997 5852 secundum
1022 5797 1257 5853 Annales
1292 5795 1643 5867 Laubienses.

825 5546 890 5578 ¹⁷⁹
912 5544 1063 5601 Cana
1088 5547 1138 5600 1.
1164 5544 1253 5602 sed
1278 5544 1572 5601 correctum
1592 5544 1611 5611 ξ
1634 5544 1731 5603 (II.
1760 5549 1812 5603 5.
1843 5548 1918 5603 4‘.
1946 5546 2007 5604 D.

2095 5545 2163 5577 ²⁸⁰
2204 5543 2485 5601 Ilubaldus
2523 5575 2596 5586 -—
2635 5534 2779 5600 "obiit
2808 5542 2998 5599 datum
3025 5536 3087 5590 ι).
3178 5534 3240 5566 ιε’
3264 5534 3471 5591 Arnor-v

1736 5703 1962 5764 NOTAE.
1982 5772 1987 5775 _
