4012 6422
196 363 317 419 183.
1384 418 1389 427 .

192 474 385 531 levitate
414 468 673 534 coerceri,
702 467 984 540 dispositis
1011 466 1064 521 in
1099 466 1301 538 palatio
1330 466 1566 541 insidiis,
1590 468 1745 540 igno-
1778 475 1817 533 Α

191 576 325 623 r’ante
350 564 519 636 altero
563 548 917 633 Constantino
968 556 1165 618 Leonis
1210 561 1556 633 imperatoris
1602 560 1735 628 ﬁlio,

189 665 373 728 patrem
421 654 487 707 de
531 652 716 723 palatii
763 652 901 707 solio
948 651 1269 722 deponunt,
1311 666 1365 708 et
1408 659 1567 708 tonso
1596 653 1645 708 ei
1680 660 1740 707 ut

188 746 334 803 moris
357 753 439 801 est
457 745 653 815 capite,
681 744 750 800 ad
776 744 1011 801 vicinam
1041 744 1299 812 insulam,
1328 745 1384 800 in
1414 761 1525 815 qua
1551 762 1741 803 emno-

189 840 295 893 hine
334 832 896 907 philosophabamur,
947 835 1341 893 transmittunt.
1405 836 1511 892 Sed
1558 837 1739 893 borri-

188 930 328 985 bilem
363 928 710 1000 eclypsim‘”
748 944 944 998 passus
975 937 1062 984 est
1086 927 1218 984 feria
1249 926 1303 992 6,
1332 928 1467 987 liora
1498 930 1604 986 diei
1632 939 1740 987 ter-

186 1021 264 1073 tia.
289 1017 403 1085 Quo
426 1020 515 1074 die
542 1018 599 1074 in
626 1017 885 1090 Hispania
914 1018 1187 1077 Addaram
1216 1034 1309 1075 rex
1341 1018 1739 1081 Saracenorum

184 1127 212 1167 a
248 1108 535 1166 Radamiro
577 1098 1033 1168 cbristianissimo
1079 1129 1205 1185 rege
1233 1112 1464 1181 ,Galitize
1514 1113 1570 1168 in
1599 1112 1742 1169 bello

185 1211 451 1272 superatus
499 1211 604 1259 est.
657 1200 715 1258 In
749 1200 900 1269 Italia
927 1213 1139 1265 cometa
1165 1205 1320 1260 mira:
1349 1204 1743 1278 magnitudinis

186 1292 430 1364 apparuit,
454 1295 787 1363 portendens
811 1294 1031 1363 famem,
1056 1313 1179 1367 qua:
1204 1306 1391 1353 secuta
1414 1307 1517 1353 cst.
1549 1295 1741 1367 (Wtu.)

186 1387 281 1442 Rex
308 1385 431 1443 Otto
462 1402 670 1458 corpus
704 1387 1002 1445 Innocentii
1046 1390 1302 1463 martyris
1327 1390 1382 1444 in
1410 1390 1601 1445 urbem
1631 1389 1746 1445 Ma-

184 1478 501 1550 gatbaburcli
531 1479 813 1539 transfert.
1146 1464 1153 1472 ⁸

241 1616 381 1672 ωε.
581 1615 647 1670 κ.
687 1614 742 1671 8.
924 1609 984 1672 F.
1029 1617 1115 1673 17.
1332 1614 1395 1671 C.
1438 1613 1489 1670 i.

241 1708 427 1782 (1η.)
456 1708 591 1766 Otto
635 1712 933 1781 imperator
975 1721 1146 1768 totam
1194 1712 1604 1787 Lotliaringiam
1643 1710 1748 1769 sibi

183 1802 490 1873 subjugavit,
524 1803 819 1858 resistente
844 1803 948 1859 sibi
974 1796 1093 1859 solo
1118 1802 1462 1860 Mettensium
1491 1807 1748 1878 episcopo
1784 1825 1822 1881 ις

183 1895 521 1960 Adalberone,
577 1895 747 1951 fratre
790 1896 947 1951 ducis
991 1894 1280 1953 Frederlci.
1337 1896 1591 1970 (Lmen)
1640 1898 1756 1954 Sto-

184 1987 375 2056 pbanus
395 1993 455 2041 et
481 1986 888 2042 Constantinus
913 2029 929 2054 ,
983 1988 1253 2055 videntea,
1300 1998 1427 2059 post
1473 1989 1643 2059 patris
1666 1989 1752 2045 sui

184 2078 539 2149 depulsione“
561 2122 578 2143 ,
620 2078 1043 2135 Constantinum
1084 2079 1259 2135 ﬁlium
1288 2078 1491 2136 Leonis
1524 2080 1755 2151 impera-

188 2171 302 2226 toris
322 2171 389 2225 ab
409 2172 678 2226 erunibus
707 2172 811 2226 sibi
846 2170 1093 2242 proferri,
1118 2180 1175 2227 et
1211 2187 1273 2228 se
1300 2171 1415 2242 jam
1456 2170 1543 2225 vix
1578 2169 1633 2223 in
1674 2183 1785 2223 se-.

185 2262 358 2318 cludis
374 2261 576 2317 haberi
599 2282 614 2329 ;
653 2279 777 2318 cum
799 2263 1186 2329 deliberarent,
1212 2263 1321 2319 hoc
1343 2264 1490 2334 quod
1512 2263 1580 2318 de
1598 2268 1755 2333 patre

185 2353 443 2421 fecerant,
494 2355 668 2410 etiam
715 2355 785 2411 de
818 2355 1179 2412 Constantino
1223 2354 1432 2420 facere,
1476 2354 1755 2425 publicato

186 2460 352 2503 eorum
382 2442 627 2503 consitio
666 2464 764 2518 per
788 2435 1151 2504 'Biabolinnm
1205 2449 1542 2505 incentorem
1586 2449 1753 2520 hujus

187 2541 400 2607 consilii,
417 2554 551 2597 eum
580 2542 645 2597 ad
666 2540 975 2597 convivium
996 2558 1063 2598 ex
1086 2542 1339 2598 condicto
1354 2542 1754 2607 consedissent,
1778 2562 1784 2568 ·

187 2645 231 2690 et
256 2634 321 2690 de
346 2634 600 2705 pﬁorutu
631 2635 853 2690 sedendi
876 2636 1020 2690 inter
1040 2651 1101 2691 se
1122 2635 1373 2691 consulto
1393 2636 1753 2700 decertment,

189 2724 297 2779 dato
330 2725 491 2796 signo
531 2740 567 2781 a
608 2725 741 2781 viris
778 2726 1143 2794 Constantini,
1177 2728 1341 2782 ambo
1384 2725 1580 2782 fratres
1617 2726 1756 2782 solio

189 2817 550 2883 deturbantur,
595 2826 650 2872 ct
690 2820 866 2874 tonsis
896 2820 1168 2889 capitibus
1209 2818 1276 2873 ad
1308 2819 1449 2873 idem
1486 2827 1759 2874 monaste-

190 2912 333 2976 rium,
356 2911 423 2966 ad
452 2913 609 2982 quod
638 2920 851 2982 patrem
881 2913 1301 2968 transmiserant
1327 2921 1375 2966 et
1412 2913 1513 2983 ipsi
1546 2911 1613 2967 ad
1642 2913 1759 2983 plil-

190 3004 571 3074 losopliandum
614 3018 739 3061 cum
805 3006 1090 3062 monachis
1144 3007 1611 3062 transmittuntur.
1678 3006 1757 3062 lta

192 3106 425 3153 evacuate
453 3099 667 3168 palatio
696 3099 938 3155 abusivis
983 3098 1405 3170 imperatoribus
1423 3142 1437 3165 ,
1481 3099 1594 3171 ipse
1619 3097 1760 3154 Con-

193 3190 440 3246 stantinus
462 3198 522 3245 et
548 3189 833 3249 Romanus
861 3191 1006 3248 filius
1031 3192 1151 3263 ejus
1172 3208 1237 3248 ex
1263 3193 1293 3247 ii

193 3282 434 3351 peratoris
476 3283 762 3353 imperant
806 3284 965 3339 annis
1014 3283 1185 3339 17⁸⁸⁸.
1236 3282 1431 3354 (Wm)
1485 3282 1756 3339 Barbaros

195 3375 457 3430 oeeasione
481 3376 733 3431 intestini
770 3376 893 3432 belli
917 3376 1159 3447 undique
1181 3376 1475 3441 irruentes,
1504 3376 1647 3433 Gero
1671 3392 1759 3431 co-

196 3481 295 3522 mes
315 3467 529 3523 fortiter
552 3485 618 3524 ac
643 3468 956 3539 frequenter
977 3464 1228 3529 debellat.
1260 3467 1472 3540 (B.\Ll).)
1496 3467 1610 3524 Rex
1634 3464 1759 3524 Otto

196 3555 548 3629 hrgandiam
582 3559 690 3615 sibi
718 3560 992 3631 subjugat.
1021 3559 1215 3631 (Wiu.)
1254 3559 1387 3631 Regi
1420 3558 1758 3615 Francorum

199 3645 467 3705 Lndowieo
491 3646 654 3721 [Iugo
676 3656 861 3705 cotnes
884 3649 1210 3706 Parisiensis
1230 3644 1398 3705 nimis
1419 3650 1759 3705 adversatur.

200 3737 305 3811 illic
329 3740 480 3812 ﬁngo
507 3742 657 3796 ﬁlius
683 3740 788 3795 fuit
811 3740 1057 3795 Rotbertl
1084 3741 1323 3812 tyranni,
1346 3741 1401 3795 in
1437 3740 1578 3796 bello
1603 3739 1765 3796 Sucs

200 3837 367 3891 sonico
386 3836 660 3906 perempti
690 3852 722 3889 a
754 3833 953 3890 Karolo
975 3833 1180 3905 regem
1206 3832 1299 3904 (cf.
1334 3828 1551 3904 Μαάθ]

717 3929 769 3983 9.
1094 3927 1181 3983 l8.
1527 3924 1583 3980 2.

261 4021 437 4091 (llam)
474 4023 745 4094 Agapitus
790 4021 1047 4076 Romana:
1087 4022 1351 4086 :ecclesirc
1397 4021 1558 4075 152⁸³³
1588 4019 1766 4090 presi-

202 4113 295 4177 det,
319 4124 371 4168 et
392 4114 725 4170 Benedictus
748 4114 908 4168 135‘"
943 4114 1029 4168 η’.
1066 4112 1261 4185 (Wio.)
1288 4110 1575 4180 Henricus,
1601 4111 1768 4167 frater

204 4208 551 4276 imperatoris,
584 4207 641 4261 in
671 4208 806 4263 urbe
830 4206 1179 4263 Meresburelt
1207 4222 1237 4262 a
1290 4206 1459 4263 fratre
1483 4206 1765 4272 obsessus,

204 4298 433 4366 pmjectis
456 4296 633 4353 armis
660 4298 728 4353 ad
753 4299 919 4368 pedes
962 4298 1082 4369 ejus
1105 4299 1399 4370 procidens
1449 4306 1503 4353 et
1552 4298 1769 4353 miseri-

206 4391 421 4447 cardiam
436 4393 767 4463 implorans,
786 4392 839 4446 in
870 4374 1174 4448 custodiam
1196 4391 1511 4447 includitur.
1531 4390 1767 4465 (LIUDP.)

207 4480 494 4541 Fridcricus
519 4485 686 4540 etiam
729 4484 1172 4557 archiepiscopus
1202 4485 1525 4558 Moguntina
1558 4485 1770 4542 civibus
1806 4513 1847 4567 ι)

206 4577 510 4633 excluditur.
569 4576 682 4632 Rex
744 4576 871 4632 Otto
913 4579 1112 4633 multos
1150 4585 1342 4632 contra
1394 4593 1454 4631 se
1506 4576 1768 4631 rebellare

209 4670 473 4727 molientes
495 4670 644 4740 capit
673 4677 768 4724 aut
799 4669 1015 4725 occidit.
1044 4667 1238 4740 (th.)
1266 4668 1480 4725 Mortuo
1516 4668 1769 4723 Berlaldo

208 4760 347 4825 duce,
374 4781 464 4820 rex
498 4762 627 4819 Otto
659 4763 815 4819 fratri
857 4781 959 4819 suo
991 4762 1224 4818 Henrico
1247 4763 1339 4817 dat
1380 4763 1637 4817 ducatum
1672 4761 1772 4817 lla-

206 4848 395 4920 joariae,
427 4862 484 4909 et
504 4854 586 4909 sic
605 4869 731 4908 cum
760 4854 1007 4925 reprimit
1030 4870 1064 4908 a
1085 4853 1397 4908 rebellione.

282 4989 399 5045 M7.
544 4996 553 5005 ’
726 4989 811 5044 10.
1132 4987 1218 5044 19.
1539 4987 1593 5042 5.

273 5081 503 5153 (Linon)
532 5082 922 5153 Berengarium
968 5098 999 5136 a
1037 5080 1235 5137 Sucvia
1267 5082 1323 5136 in
1350 5082 1561 5138 italiam
1592 5100 1777 5140 rever-

213 5188 319 5228 sum
345 5176 539 5231 videns
563 5192 658 5230 rex
688 5173 840 5245 llugo
861 5175 929 5228 ab
957 5172 1303 5229 ltalieusibns
1332 5190 1392 5229 se
1419 5175 1638 5231 deserto
1690 5192 1779 5231 re-

214 5264 327 5336 cipi,
354 5264 674 5321 Lotharium
702 5266 873 5321 filium
915 5282 1099 5334 suam,
1128 5276 1188 5321 ut
1226 5268 1417 5321 saltem
1451 5267 1781 5339 Bcrengario

1610 354 1978 411 (ιιιιωΝίρΛ.

1300 3146 1756 3247 instant“.
1783 3171 1829 3227 ο
1860 3148 2113 3253 Mill?“
2148 3148 2205 3203 ⁵³³
2233 3146 2531 3253 Sami?”
2554 3149 2889 3253 '°“““°§2'

3322 361 3459 419 1861

1848 481 2165 543 eonregnct,
2196 471 2537 530 ltalicnsinm
2561 474 2685 542 fidei
2708 474 3086 544 commendat;
3110 474 3423 547 ipseArelao

1839 569 1979 633 tum,
2011 564 2159 623 unde
2178 575 2427 632 venerat,
2454 566 2671 637 repetit.
2958 578 2967 587 '

1922 657 2049 712 9&8.
2367 658 2454 714 Η.
2778 657 2870 714 20.
3092 706 3097 711 .
3187 659 3245 717 4.

1907 750 2199 824 (1b.)llege
2213 750 2441 824 Hugone
2455 760 2694 818 mortuo,
2722 751 3020 808 Lotharius
3051 751 3198 808 tilias
3232 753 3353 822 ejus
3376 754 3433 808 in

1840 843 1992 900 italia
2010 844 2128 899 solo
2144 845 2367 901 nomine
2378 854 2591 917 regnat;
2602 843 2984 916 Berengarius,
2994 855 3120 901 actu
3132 853 3191 900 et
3199 854 3414 916 potesta

1843 944 1899 993 te
1919 952 2036 1004 rex,
2066 944 2123 992 et
2148 936 2361 994 cunctis
2400 947 2680 1008 acceptus,
2720 952 2819 1008 per
2860 934 3071 992 italiam
3102 936 3430 1008 tyrannizat.

1843 1027 2039 1102 (Ἣω.)
2052 1028 2436 1099 Duxanoarite
2446 1028 2713 1087 Henricus
2723 1027 3027 1099 Aquileiam
3037 1026 3091 1082 in
3104 1025 3430 1097 ltaliacapit,

1843 1119 2097 1193 Ungaros
2126 1120 2212 1177 bis
2240 1128 2484 1191 superat,
2514 1119 2768 1177 Ticinum
2805 1119 3024 1186 transit,
3047 1127 3104 1176 et
3127 1134 3252 1175 cum
3280 1118 3430 1173 mul-

1843 1215 1917 1271 tis
1940 1213 2219 1270 manubiis
2244 1213 2401 1270 redit.
2430 1212 2527 1284 (γ.
2559 1212 2745 1284 Guib.)
2766 1211 3090 1268 lmmnnitas
3114 1219 3317 1267 nostrai
3341 1211 3438 1275 ⁸⁸⁸..

1844 1307 2308 1365 Gemmelaoensis
2332 1306 2564 1374 scilicet,
2591 1306 2855 1363 ecclesia:
2877 1306 2985 1362 hoc
3003 1319 3148 1360 anno
3167 1302 3434 1375 imperiali

1845 1399 2203 1457 conﬁrmatur
2224 1398 2427 1466 edicto,
2448 1406 2505 1454 et
2539 1399 2690 1454 anuli
2728 1398 3088 1468 impressione
3109 1396 3436 1452 corrobora-

1848 1501 1956 1548 tur.
1994 1490 2277 1553 Erluiuus,
2303 1491 2520 1562 primus
2541 1490 2664 1562 ejus
2696 1490 2804 1546 loci
2834 1489 3005 1549 abbas
3044 1504 3078 1544 a
3123 1499 3315 1545 sancto
3339 1503 3435 1559 pa-

1848 1594 1930 1643 tre
1948 1594 2140 1642 nostro
2164 1583 2463 1640 Guicberto
2479 1584 2708 1651 electus,
2740 1583 2797 1638 in
2817 1582 3107 1643 sanctitate
3136 1591 3192 1637 et
3216 1581 3435 1653 religio-

1848 1677 1936 1735 nis
1964 1676 2177 1734 fervore
2196 1677 2386 1734 claret.
2419 1676 2617 1749 (Wa)
2634 1675 2965 1731 Ludovicus
2978 1688 3075 1729 rex
3098 1672 3435 1729 Francorum

1850 1784 1881 1824 a
1902 1768 2137 1827 ducibus
2157 1769 2274 1827 suis
2303 1768 2730 1835 circumventus,
2755 1783 2791 1823 a
2812 1765 3150 1823 Nomannis
3190 1765 3406 1835 capiatr
3420 1808 3435 1831 ,

1851 1869 1909 1917 et
1928 1860 2164 1916 consilio
2193 1858 2441 1931 Hugouis
2474 1859 2802 1931 Lugdunum
2828 1859 3057 1924 missus,
3080 1858 3312 1927 publica:
3340 1873 3440 1912 cu-

1853 1951 2045 2008 stadia:
2094 1951 2349 2007 traditur.
2402 1950 2809 2008 Kariommmus
2871 1965 3023 2016 vero,
3060 1950 3241 2019 major
3294 1949 3468 2004 Illius

1852 2042 1995 2113 ejus,
2021 2057 2053 2097 a
2078 2040 2414 2103 Normannis
2431 2042 2729 2109 abductus,
2754 2041 3045 2113 Rotomagi
3068 2042 3337 2099 exoritur.
3456 2080 3460 2085 ς

1935 2134 2061 2191 969.
2384 2134 2473 2189 12.
2795 2134 2859 2189 21
2872 2170 2888 2188 .
3208 2134 3263 2188 5.
3456 2152 3461 2159 ’

1928 2226 2163 2303 (Linum)
2190 2224 2361 2283 Taxis
2388 2242 2483 2283 rex
2495 2224 2841 2298 Ungarorttm
2878 2224 2934 2281 in
2962 2224 3442 2293 Italiam-veniens,

1853 2319 2041 2376 decem
2071 2319 2288 2379 modios
2307 2333 2658 2377 nummorum
2684 2332 2717 2374 a
2764 2318 3093 2391 Bereugario
3130 2335 3230 2389 pro
3262 2318 3443 2373 redit-1

1776 2420 1783 2427 ‘
1856 2408 2072 2479 accipit.
2105 2407 2305 2479 (\Vm.)
2337 2409 2453 2465 “ex
2480 2406 2607 2465 Otto
2624 2424 2753 2467 cum
2784 2407 3007 2480 triginta
3036 2407 3254 2464 duabus
3279 2408 3448 2478 legio.

1856 2500 2321 2559 nibusFranciam
2368 2502 2437 2557 ad
2470 2501 2816 2559 liberandum
2846 2501 3202 2558 Ludowicum
3243 2499 3470 2574 πετὲ-ι·

1855 2592 2024 2649 ditur.
2062 2591 2396 2649 Ludowicus
2428 2592 2552 2663 ejus
2580 2603 2729 2649 metu
2787 2609 2819 2648 a
2850 2594 3102 2649 custodia
3145 2595 3442 2649 relaxatur.

1857 2685 1974 2747 Rex
1992 2685 2122 2743 Otto
2143 2685 2473 2757 Lugdunum
2502 2689 2669 2759 capit,
2719 2687 3004 2759 Hugonem
3038 2690 3179 2745 intra
3202 2689 3449 2746 Parisius

1857 2780 2159 2846 concludit,
2191 2778 2401 2835 Remim
2434 2780 2612 2850 capit;
2646 2780 2893 2851 ngonis
2933 2791 3148 2851 nepote,
3189 2782 3287 2852 qui
3322 2782 3443 2853 epi-

1858 2881 2145 2943 scopatum
2174 2881 2554 2942 usurparent,
2588 2874 2841 2942 expulso,
2878 2871 3183 2943 legitimum
3229 2875 3463 2944 cpisco--

1857 2979 1988 3033 pum
2012 2963 2282 3026 restituit;
2321 2978 2499 3034 usque
2551 2964 2953 3035 liotliomagum
2988 2974 3240 3035 potenter
3283 2980 3448 3020 acceu

1858 3056 1959 3121 dit,
1977 3063 2035 3110 et
2061 3055 2301 3111 castellis
2324 3071 2390 3111 ac
2412 3056 2662 3123 urbibus,
2684 3072 2828 3127 quas
2848 3066 3104 3127 caeperat,
3154 3056 3451 3113 Ludowico

1942 3241 2069 3299 950.
2397 3241 2484 3296 15.
2670 3272 2671 3275 η
2802 3240 2894 3296 32.
3238 3241 3292 3295 6.

1933 3330 2124 3403 (Μλι.)
2174 3332 2278 3388 Per
2324 3334 2447 3388 loca
2471 3332 2660 3388 Gallia:
2688 3341 2747 3388 et
2768 3331 3078 3390 Germaniae
3120 3334 3343 3404 plurimi
3397 3341 3454 3387 et

1861 3426 2044 3497 magni
2076 3433 2419 3481 ternnmotus
2449 3424 2575 3481 facti
2615 3435 2744 3481 sunt
2789 3426 2877 3481 ηδ.
2912 3425 3110 3497 (\th.)
3156 3426 3269 3482 [lex
3326 3424 3467 3481 Otto.

1862 3517 1917 3573 in
1943 3516 2221 3573 Boemiam
2255 3525 2446 3572 contra
2476 3516 2778 3572 Bolizlanm
2828 3519 3224 3587 proﬁciscitur;
3276 3516 3458 3573 Boiis-

1861 3611 1987 3670 laus
2016 3625 2147 3666 vero
2177 3609 2294 3681 regi
2329 3609 2736 3675 reconciliatur,
2763 3609 2924 3679 eique
2959 3610 3179 3664 tandem
3217 3609 3455 3668 ﬁdeliter

1863 3702 2172 3773 subjicitur.
2206 3701 2352 3774 Rege
2375 3700 2575 3758 Ottone
2599 3702 2897 3758 secundam
2949 3700 3351 3772 expeditionem
3399 3702 3469 3757 in;

1863 3795 2153 3851 Franciam
2176 3798 2423 3865 parante,
2466 3793 2624 3867 Hugo
2666 3795 2922 3849 virtutem
2954 3793 3076 3864 ejus
3105 3808 3215 3848 non
3252 3793 3453 3856 ferens,

1864 3888 1916 3953 ei
1942 3887 2100 3958 juxta
2126 3887 2351 3942 ﬂuvium
2394 3883 2638 3941 Cbarum
2686 3886 2951 3951 occurrit,
2995 3892 3052 3941 et
3098 3896 3259 3955 pacto
3303 3884 3457 3953 pacis

1867 3980 2170 4036 secundum
2234 3989 2429 4035 nutum
2498 3978 2645 4048 regis
2714 3977 2902 4045 facto,
2960 3991 3160 4034 manus
3237 3975 3287 4031 ei
3358 3976 3456 4030 dc-

1866 4071 1949 4125 dit
1969 4069 2142 4141 (200).

1955 4163 2081 4219 951.
2414 4163 2502 4217 M.
2745 4178 2755 4183 '
2829 4161 2921 4216 23.
3227 4159 3277 4213 7.

1943 4254 2135 4327 (31η.)
2171 4254 2449 4327 Moguntia
2503 4256 2573 4309 ab
2614 4253 2813 4309 Ottone
2862 4254 3192 4323 imperatore
3233 4252 3460 4306 obsessa

1870 4347 2149 4420 cst(20i).
2177 4345 2377 4418 (“'m.)
2408 4345 2720 4403 Fridericus
2775 4346 3220 4416 archiepiscopus
3266 4354 3463 4414 captus

1870 4449 1925 4496 et
1957 4441 2011 4496 in
2034 4440 2340 4496 custodiam
2372 4448 2583 4505 trusus,
2614 4454 2722 4493 non
2754 4438 2926 4493 multo
2976 4445 3102 4507 post
3135 4450 3235 4505 per
3289 4434 3465 4489 indul-

1873 4532 2109 4603 gentiam
2133 4533 2279 4603 regis
2301 4532 2578 4587 relaxatus
2606 4538 2710 4584 est.
2765 4528 2878 4584 Rex
2921 4527 3050 4583 Otto
3095 4526 3267 4582 lilium
3297 4540 3466 4580 suum

1877 4623 2216 4690 Liudulfum,
2250 4608 2532 4679 natuch
2574 4622 2683 4676 ﬁlia
2726 4622 2870 4693 regis
2920 4618 3243 4691 Anglorum,
3294 4625 3465 4673 testa-

1878 4726 2065 4772 mento
2093 4730 2276 4789 regem
2306 4725 2430 4787 post
2459 4731 2518 4771 se
2536 4715 2804 4785 designat.

1959 4809 2086 4865 952.
2409 4808 2496 4862 15.
2818 4804 2911 4859 24.
3164 4822 3167 4825 η
3229 4802 3283 4855 8.

1953 4899 2149 4973 (th.)
2180 4899 2482 4966 Liedulfus,
2511 4898 2657 4954 ﬁlius
2705 4895 2924 4952 Ottonis
2957 4893 3324 4966 imperatoris,
3376 4890 3471 4946 in-

1883 4995 2085 5048 stiuctu
2104 4993 2344 5049 Conradi
2375 4991 2534 5047 ducis
2562 5005 2687 5046 cum
2725 5004 2794 5045 eo
2826 4996 3019 5043 contra
3064 4994 3272 5057 patrem
3301 4997 3472 5039 suum

1885 5087 2165 5141 rebellavit
2190 5104 2205 5151 ;
2238 5084 2614 5141 Reinesbnrch
2637 5084 2801 5155 capit,
2829 5091 2885 5137 et
2903 5082 3105 5136 multas
3138 5079 3275 5135 alias
3302 5076 3471 5132 urbes

1883 5189 1937 5235 et
1964 5180 2287 5252 principesa
2319 5190 2472 5252 patre
2494 5178 2561 5235 ad
2588 5179 2884 5235 seavertit.
2943 5175 3057 5231 Rex
3108 5176 3260 5231 illum
3322 5172 3472 5233 intra
3574 5186 3578 5191 ’

1884 5271 2216 5342 Moguntiam
2251 5272 2574 5329 conclusum
2599 5270 2835 5327 obsidet.

1499 5361 1730 5416 VARle
1778 5362 2162 5420 LECTIONES

282 5452 344 5483 "’
365 5453 567 5524 cclysin
596 5453 709 5523 Sig.

222 5518 278 5594 ξ’
303 5518 560 5594 μάάδὶδ.
600 5518 716 5578 rell.
743 5534 937 5594 printer
963 5526 1026 5579 A.

870 5454 937 5486 ¹⁹⁹
989 5454 1067 5508 ita
1119 5454 1231 5524 Sig.
1269 5455 1347 5523 (at
1401 5462 1582 5524 postea
1630 5464 1926 5509 correctum
1972 5466 2053 5509 est
2089 5455 2280 5523 χιιι),
2315 5457 2416 5512 Cl.
2475 5456 2529 5511 5.
2555 5453 2620 5511 D.
2661 5454 2768 5525 (hic
2793 5470 2933 5525 corr.
2951 5450 3138 5525 _XVL)

1173 5526 1239 5557 ιω
1260 5535 1316 5581 ει
1336 5526 1393 5579 Β,
1423 5527 1583 5579 ίὸὖιικ
1611 5526 1800 5578 desunt
1828 5525 1889 5580 D.

1974 5529 2042 5563 ενι
2069 5516 2278 5582 nostrai
2300 5536 2350 5581 et
2384 5527 2597 5583 scilicet
2619 5516 2809 5582 desunt
2843 5524 2909 5578 A.
2951 5521 3047 5576 B-l.
3078 5516 3153 5575 5‘.
3177 5519 3230 5574 5.
3254 5518 3352 5585 CL

223 5589 268 5643 5.
302 5590 709 5653 lmmunitas—
739 5589 911 5655 claret
931 5596 1117 5651 desunt
1138 5596 1261 5652 ον.
1296 5595 1361 5652 Ι).
1438 5596 1507 5629 ‘9‘
1533 5594 1635 5651 Per
1662 5626 1733 5636 -—-
1754 5605 1882 5650 sunt
1909 5598 2099 5652 desunt
2130 5598 2189 5653 D.

1698 5686 1928 5744 NOTAE.

456 5758 516 5810 A.
551 5758 678 5817 916.

288 5754 434 5898 una;
456 5758 516 5810 A.
551 5758 677 5817 9m.

292 5826 409 5895 βου
459 5827 521 5883 Α.
547 5829 677 5885 947.

292 5826 409 5895 i300

1878 5734 2107 5823 Ῠίιλοι)
2138 5764 2201 5816 Α.
2228 5762 2355 5817 955.
2425 5734 2428 5738 ’
