4012 6410
450 355 556 414 (87
572 386 577 397 ι

525 468 652 526 953.
860 465 925 521 Β.
973 465 1058 521 16.
1259 463 1320 520 ιτ.
1361 465 1452 521 26.
1688 462 1751 519 C.
1793 463 1847 518 9.

519 559 655 632 (ιθ.)
683 557 890 613 Bellum
915 557 1017 613 fuit
1040 573 1207 628 super
1226 555 1434 612 Mosam
1476 557 1616 613 inter
1639 554 1952 611 Conradum
1976 562 2032 611 ct

450 652 785 725 Baginerum
810 647 1237 720 Haginoensium
1279 649 1348 680 ’³⁸
1371 649 1647 725 comitem.
1701 646 1795 719 (γ.
1833 646 2030 715 Bnm.)

448 742 665 799 Mortuo
726 739 996 798 Wicfrido
1033 739 1447 796 Coloniensium
1502 738 2031 809 archiepiscopatum

450 836 693 906 suscepit
739 835 826 890 vir
853 834 1130 905 gloriosus
1165 831 1371 899 Bruno,
1404 831 1574 888 frater
1604 830 1820 887 Ottonis
1870 831 2039 902 impe-

452 926 685 993 ratoris;
714 925 809 997 qui
837 933 1078 996 quantus
1098 923 1346 994 qualisve
1395 923 1562 979 fuerit
1609 923 1752 994 apud
1788 920 1955 979 Deum
1981 931 2036 979 et

450 1016 724 1082 homines,
754 1016 925 1072 lector
952 1015 1163 1072 ediscat
1208 1015 1265 1069 in
1291 1014 1405 1069 vita
1451 1013 1644 1086 ipsius,
1671 1028 1837 1085 quam
1860 1012 2035 1085 Roge—

451 1124 549 1161 rus
596 1107 902 1164 luculenter
942 1106 1253 1177 descripsit.
1315 1104 1492 1177 Hujus
1546 1105 1729 1161 studio
1772 1106 2037 1163 translata

451 1206 582 1254 sunt
605 1216 637 1255 a
683 1198 858 1255 Roma
896 1198 1183 1254 Coloniam
1229 1212 1458 1269 corpora
1516 1206 1835 1254 sanctorum
1865 1197 2035 1265 Elifli,

451 1289 690 1347 Patrocli
719 1332 739 1359 ,
782 1291 988 1347 Privati
1019 1330 1038 1359 ,
1096 1289 1346 1363 Gregorii
1383 1330 1401 1356 ,
1442 1306 1568 1347 eum
1618 1290 1818 1347 baculo
1864 1291 2037 1346 sancti

453 1380 602 1437 Petri
638 1384 725 1438 η’.

535 1474 662 1530 954.
987 1474 1074 1532 l7.
1389 1471 1489 1531 26.
1775 1472 1861 1528 l0.

528 1565 837 1637 (Fuscum)
890 1565 1186 1625 Batherius
1234 1567 1321 1626 bis
1364 1568 1684 1639 episcOpatu
1736 1564 2043 1622 Veronensi

456 1656 741 1726 depulsus,
768 1656 1186 1714 Leodicensium
1208 1658 1502 1730 episcopus
1525 1673 1621 1729 per
1631 1656 1941 1713 Brunonem
1957 1672 2044 1711 ar-

458 1749 868 1821 chiepiscopum
896 1751 1183 1808 ordinatur
1207 1761 1332 1824 post
1351 1753 1728 1809 Farabertum.
1746 1752 1765 1824 (
1780 1750 1840 1806 V.
1855 1750 2055 1823 Gaio.)

1611 335 1971 413 SIGEBERTI
2004 344 2535 407 GEMBLACENSIS,

3602 349 3705 404 188

2054 463 2097 519 Α
2119 468 2177 515 et
2204 459 2488 527 attenuati,
2529 467 2591 514 ut
2619 458 2764 514 ultra
2779 457 2895 529 jam
2918 473 3021 515 nec
3040 458 3268 516 muttire
3297 461 3416 524 ausi
3479 436 3706 517 fuerint.

2132 550 2191 607 ln
2219 559 2429 607 tantum
2459 549 2660 622 quippe
2689 549 2910 607 contriti
2956 557 3105 620 sunt,
3137 559 3198 607 ut
3225 554 3409 608 nullus
3429 565 3524 608 aut
3552 570 3713 609 ratus

2130 658 2322 700 eorum
2349 644 2618 700 evaderet.
2640 642 2927 701 Conradus
2959 652 3143 699 tamen
3177 645 3477 702 secundum
3519 658 3723 709 votum,

2134 752 2293 792 suum
2324 737 2399 792 ibi
2426 733 2701 793 occubuit.
2728 734 2864 792 Tres
2899 737 3074 810 reguli
3096 735 3441 810 Ungarorum
3470 739 3523 794 in
3569 740 3720 795 bello.

2132 830 2299 900 capti,
2324 829 2619 900 suspendio
2647 828 2946 899 perierunt.
2970 829 2990 900 (
3005 827 3065 884 γ.
3090 828 3286 903 Brun.)
3302 829 3486 885 Bruno
3506 830 3717 885 archic-

2134 919 2410 990 pisc0pus,
2439 926 2495 975 et
2521 918 2778 975 ducatum
2799 916 3241 985 Lothariensium
3253 929 3374 992 post
3398 920 3734 985 Conradum.

2135 1010 2385 1083 adeptus,
2450 1011 2762 1068 coenobium
2826 1012 3003 1068 sancti
3069 1010 3422 1070 Pantaleonis
3472 1014 3718 1070 Colonias

2136 1107 2461 1165 construxit.
2491 1101 2689 1181 (th.)
2737 1105 3008 1165 Henricus
3064 1108 3174 1165 dux
3213 1108 3498 1181 Bajoariae,
3545 1110 3718 1167 frater

2136 1199 2280 1271 regis
2311 1197 2549 1266 Ottonis,
2571 1199 2838 1267 moritur;
2875 1197 3023 1255 filius
3065 1198 3186 1279 ejus
3216 1197 3483 1267 Henricus
3513 1199 3564 1261 ci
3590 1216 3716 1256 suc—

2137 1290 2298 1347 cedit.

2215 1379 2511 1542 ῗιῗῗὶεοά.)
2540 1379 2800 1528 arma;
2829 1472 3041 1544 primus
3070 1381 3240 1530 abtas
3257 1384 3721 1530 Gemmelaictnsis

2138 1560 2347 1617 lumine
2374 1563 2658 1618 oculorum
2681 1562 2927 1634 privatur
2961 1564 3050 1620 ⁸³⁸.
3083 1565 3102 1636 (
3118 1563 3177 1619 γ.
3200 1563 3396 1636 Bm.)
3420 1563 3724 1621 Bruma:-

2139 1654 2522 1726 chiepiscopus
2536 1656 2722 1727 plures
2747 1653 3211 1713 Nortmannorum
3231 1671 3359 1714 cum
3380 1657 3724 1728 principibus

2140 1760 2331 1801 eorum
2357 1746 2623 1818 baptizari
2648 1745 2795 1805 fecit.
2821 1745 3016 1818 (Wm.)
3045 1747 3423 1804 Guicmannus
3450 1748 3673 1804 rebellis
3690 1765 3745 1803 a-

460 1838 787 1896 lmmunitas
812 1823 1833 1911 nostrat‘",Gemmelaeensisscilicet,
1851 1845 2044 1900 aeccle-
2075 1823 2118 1880 Β
2144 1838 2282 1904 facie
2306 1840 2451 1912 regis
2474 1838 2691 1897 Ottonis
2718 1856 2875 1898 trans
2908 1840 3121 1899 Albiam
3152 1839 3385 1912 fugiens,
3414 1840 3641 1898 Sclavos
3668 1842 3745 1897 in.

459 1931 557 1987 site
583 1931 746 1987 etiam
773 1934 1071 2002 apostolica
1119 1935 1447 1991 auctoritate
1469 1951 1501 1990 a
1554 1935 1848 2001 Benedicto
1903 1950 2043 2006 papa
2144 1948 2374 2007 regnum
2401 1932 2523 2009 ejus
2552 1933 2847 2000 conduxit;
2869 1947 3013 2004 quos
3053 1948 3152 1989 rex
3173 1931 3385 1989 fortiter
3413 1932 3742 1999 debellavit,_

459 2023 868 2092 corroboratur,
894 2041 1042 2082 anno
1066 2026 1303 2097 septimo
1357 2027 1623 2099 pontificii
1652 2027 1792 2098 ejus.
1843 2025 2049 2101 (th.)
2144 2024 2327 2083 occiso
2357 2024 2545 2095 regqu
2561 2039 2910 2090 eorumcum
2925 2023 3133 2092 multis,
3161 2032 3219 2081 et
3241 2023 3345 2079 700
3374 2025 3606 2096 captivis
3626 2040 3728 2089 car

461 2114 578 2172 Rex
609 2114 736 2173 Otto
762 2132 989 2173 uxorem
1019 2118 1314 2173 secundam
1334 2118 1486 2174 ducit
1496 2118 1744 2174 relictam
1766 2117 2045 2174 Ludowici
2144 2116 2257 2187 pite
2276 2115 2459 2173 ausis.

460 2207 721 2266 ltalorum
747 2210 911 2283 regis,
934 2218 991 2268 et
1021 2226 1118 2281 per
1138 2226 1267 2267 eam
1287 2210 1511 2283 Papiam
1533 2212 1749 2283 accipit.
2223 2209 2348 2267 959.
2694 2208 2786 2265 22.
3127 2209 3184 2264 4.
3532 2208 3621 2265 15.

538 2301 666 2357 955.
988 2301 1078 2357 18.
1396 2303 1487 2359 27.
1706 2362 1710 2367 ,
1783 2304 1867 2359 Η.

2217 2298 2700 2373 (Maa.).lohanues
2712 2300 2972 2358 Romam
3000 2299 3260 2359 modem
3292 2298 3454 2356 ιδμ-
3476 2299 3751 2372 praesidet

537 2392 754 2465 (Ευιο.)
772 2392 1022 2450 Liedulfo
1050 2394 1121 2451 ad
1152 2395 1386 2467 gratiam
1424 2395 1599 2467 patris
1626 2394 1886 2463 reducto,
1909 2408 2047 2451 con-
2148 2386 3759 2464 "’.(Ftvt.cmu.)BrunoarchiepiscopusetarchiduxLotha.

465 2484 634 2541 radus
646 2484 780 2552 dux,
810 2483 909 2541 Dei
932 2492 990 2542 et
1033 2484 1383 2556 imperatoris
1430 2485 1736 2558 transfuga,
1766 2485 1836 2541 ad
1866 2481 2050 2557 Unga-
2146 2483 2357 2556 ringize,
2387 2483 2659 2542 secundas
2678 2493 2863 2556 partes
2890 2483 2948 2541 in
2970 2498 3140 2556 regno
3159 2484 3350 2542 fratris
3371 2485 3459 2541 sui
3480 2494 3739 2556 potenter

466 2590 561 2630 ros
596 2590 658 2631 se
694 2574 1005 2643 conferens,
1055 2591 1153 2634 eos
1205 2575 1263 2631 in
1308 2575 1723 2649 Lotharingiam
1779 2589 1955 2646 usque
1980 2575 2050 2630 ad
2149 2584 2205 2633 et
2238 2575 2505 2633 industrie
2529 2575 2964 2646 amministrans,
3006 2576 3342 2649 Baginerum
3387 2576 3738 2635 lontensem

467 2664 865 2725 Carbonariam
906 2665 1101 2722 silvam
1147 2666 1432 2738 perduxit;
1461 2675 1519 2724 et
1549 2667 1754 2723 virtute
1782 2664 1878 2722 Dei
1907 2665 2051 2737 apud
2150 2666 2429 2735 comitem,
2479 2667 2575 2739 qui
2618 2666 2970 2741 Longicollus
3014 2668 3506 2740 cognominabatur
3527 2710 3543 2738 ,
3587 2672 3738 2741 apud

456 2753 673 2816 ,Lohias
699 2763 892 2812 contra
912 2771 1010 2815 eos
1033 2763 1277 2825 ostensa,
1334 2757 1479 2814 ultra
1523 2757 1743 2828 prodire
1767 2756 2049 2829 prohibiti,
2153 2755 2507 2816 Valentianas
2551 2769 2839 2817 evocatum
2884 2760 3035 2832 capit
3055 2767 3111 2816 et
3160 2759 3518 2822 inrevocahili
3567 2765 3759 2822 exilio.

471 2847 694 2919 impune
739 2847 990 2903 redeunt.
1047 2846 1138 2921 (Α.
1202 2847 1358 2921 Lob.)
1388 2848 1668 2907 Ludovico
1714 2848 2052 2905 Francorum
2152 2849 2434 2906 damnavit
2452 2866 2553 2922 pro
2576 2866 2646 2909 co
2687 2853 2834 2925 quod
2876 2869 3108 2925 regnum
3151 2855 3312 2914 bellis
3349 2857 3737 2928 inquietabat;

472 2956 598 3014 rege
620 2948 860 3011 mortuo,
885 2941 1201 3009 Lotharius,
1230 2943 1378 3000 ﬁlius
1403 2943 1527 3014 ejus
1554 2958 1622 2999 ex
1654 2942 1928 3016 Gerberga
1963 2958 2077 2999 εο-Δ
2154 2942 2244 3005 vel
2259 2944 2408 3014 quod
2429 2946 2612 3002 verius
2624 2944 2796 3003 fuisse
2822 2945 3045 3016 dicitur,
3088 2964 3190 3020 pro
3231 2964 3308 3007 eo
3343 2950 3491 3021 quod
3515 2960 3741 3007 mortuo

474 3049 598 3091 rore
625 3034 994 3105 imperatoris,
1025 3036 1274 3108 regnavit
1306 3051 1467 3092 annis
1495 3036 1585 3092 32.
1611 3035 1811 3106 (Wm.)
1855 3035 2059 3092 Beren-

473 3122 660 3194 garius
681 3141 776 3181 rex
798 3125 966 3181 Italiae
994 3124 1051 3180 in
1105 3123 1456 3182 Germaniam
1485 3127 1553 3182 ad
1577 3142 1759 3199 regem
1801 3125 2055 3183 Ottonem

475 3184 645 3282 venit,
677 3217 838 3288 eique
881 3217 999 3274 suis
1040 3217 1237 3288 suique
1286 3218 1385 3274 filii
1444 3184 1701 3275 manibus
1724 3219 1895 3285 datis,
1923 3216 2059 3275 seei
2083 3184 2131 3248 θ

476 3307 788 3365 committit.
820 3307 841 3380 (
847 3306 955 3379 Ib.)
982 3308 1032 3363 Α
1052 3308 1321 3381 Bajoariis
1339 3318 1530 3366 contra
1550 3309 1774 3368 Sclavos
1802 3326 2058 3383 prospere

477 3406 774 3470 pugnatur.

717 3581 780 3639 In
807 3581 962 3639 Italia
990 3492 1132 3655 1:11;
1151 3584 1308 3640 mira:
1340 3492 1736 3656 magditudinis
1762 3492 1967 3640 tdtfitru
1997 3600 2065 3641 ac

480 3682 805 3748 tempestate
826 3676 1139 3734 turbulenta
1158 3675 1228 3733 de
1254 3676 1390 3733 caelo
1430 3676 1634 3748 jactus,
1670 3677 1862 3748 ingens
1897 3676 2064 3732 mira.

484 3770 669 3833 culum
692 3769 1004 3826 videntibus
1028 3769 1266 3839 prebuit.
1291 3767 1514 3840 Templa
1549 3770 1827 3841 plerisque
1848 3769 1906 3824 in
1931 3768 2065 3825 locis

482 3858 663 3917 valida
691 3865 1014 3930 tempestate
1038 3873 1308 3915 concussa
1349 3867 1500 3915 sunt.
1535 3858 1833 3930 Utriusque
1859 3858 2067 3915 ordinis

484 3950 797 4006 sacerdotes
820 3949 931 4006 ictu
961 3948 1211 4004 fulminis
1239 3948 1585 4018 interierunt,
1641 3958 1700 4006 et
1745 3950 1902 4021 plura
1933 3948 2067 4005 hor-

485 4042 654 4097 renda
674 4042 818 4098 dictu
846 4048 1093 4112 portenta
1104 4050 1401 4097 monstrata
1413 4050 1560 4099 sunt.
1581 4041 1772 4114 (MAB.)
1793 4041 2069 4098 Friderico

487 4132 784 4205 Moguntize
815 4131 1224 4205 archiepiscopo
1257 4141 1499 4201 mortuo,
1531 4132 1877 4198 Guillelmus,
1923 4130 2072 4189 ﬁlius

488 4224 704 4283 Ottonis
746 4223 1112 4296 imperatoris,
1143 4224 1513 4281 substituitur.
1540 4225 1629 4297 (Α.
1674 4222 1804 4278 Lob.
1833 4239 1853 4289 ;
1880 4222 2069 4294 Fotc.)

494 4316 752 4379 Batherio
779 4316 849 4372 ab
900 4317 1217 4388 episcopatu
1260 4316 1679 4374 Leodicensium
1715 4316 1909 4387 ejecto,
1949 4314 2073 4370 Bale

2158 3033 2465 3092 Gisleberto
2491 3036 2632 3098 duce
2658 3037 3068 3112 consanguineo
3087 3056 3211 3108 suo,
3241 3057 3311 3099 ea
3323 3058 3447 3113 quae
3465 3041 3743 3099 Gisleber-
3839 3023 3847 3031 ’

2158 3132 2250 3182 tus
2270 3126 2428 3182 uxori
2459 3142 2574 3184 sua:
2587 3126 2875 3201 Gerbergaz
2900 3145 3090 3188 sorore
3108 3131 3455 3203 imperatoris
3477 3134 3531 3189 in
3552 3134 3745 3190 dotem

2160 3218 2483 3287 contulerat,
2504 3219 2771 3277 violenter
2791 3220 2844 3277 ei
2865 3219 3083 3279 auferre
3108 3224 3489 3294 pmumebat.
3514 3224 3705 3295 (Βλω.
3724 3267 3740 3291 ,

2160 3324 2200 3376 ι,
2224 3308 2315 3380 94)
2338 3307 2508 3366 Bonis
2534 3308 2794 3382 Ragineri
2822 3312 2893 3368 ad
2916 3312 3109 3370 fiscum
3138 3314 3452 3386 publicatis,
3493 3317 3591 3371 filii
3612 3317 3741 3385 ejus

2160 3399 2467 3475 Ragincrus
2487 3409 2544 3459 et
2567 3401 2896 3461 Lamhertus
2937 3405 3007 3461 ad
3036 3404 3359 3464 Lotharium
3400 3407 3747 3465 Francorum

2160 3507 2343 3566 regem
2367 3491 2751 3566 confugerunt.
2783 3493 3104 3570 Prodigiosa
3128 3514 3218 3556 res
3266 3501 3479 3558 multos
3495 3509 3664 3557 terret
3686 3509 3749 3556 et
3770 3538 3775 3541 ς

2162 3600 2194 3640 a
2215 3585 2360 3642 vitiis
2387 3595 2624 3655 coercet,
2666 3587 2814 3649 notis
2865 3591 3047 3648 crucis
3096 3591 3153 3648 in
3193 3601 3340 3650 veste
3379 3594 3755 3664 plurimorum-

2164 3677 2574 3750 apparentihus,
2605 3679 2952 3752 quorundam
2974 3690 3156 3740 autem
3187 3685 3432 3742 vestibus
3450 3684 3613 3755 quasi
3662 3684 3749 3739 le-

2163 3784 2262 3840 pra
2283 3766 2652 3831 sordentihus.
2687 3765 2858 3841 [Obiit
2910 3780 3139 3831 sanctus
3178 3772 3456 3837 Gerardus
3488 3773 3749 3840 fundator

2165 3859 2482 3918 Broniensis
2514 3860 2751 3917 ctenobii
2775 3860 2892 3933 ωδ]

2248 3951 2375 4011 960.
2713 3952 2807 4009 25.
3148 3955 3213 4019 ὅ.
3552 3958 3653 4021 ιδ.

2239 4040 2453 4116 (Βίην.)
2482 4041 2597 4100 Hoc
2624 4051 2871 4114 tempore
2895 4059 2991 4114 per
3015 4044 3344 4103 industriam
3381 4045 3601 4104 Ottonis
3628 4065 3745 4106 me-

2170 4135 2364 4192 liorato
2385 4133 2599 4206 imperii
2619 4142 2676 4192 et
2717 4135 2977 4195 ecclesiae
3010 4145 3177 4205 statu,
3215 4138 3387 4195 multa
3417 4143 3768 4196 monasteria.

2170 4233 2225 4281 ct
2244 4224 2490 4290 cmnobia
2512 4225 2579 4281 ad
2597 4225 2812 4282 laudem
2837 4225 2934 4283 Dei
2953 4235 3007 4285 ct
3025 4228 3287 4284 honorem
3317 4239 3634 4293 sanctorum
3654 4242 3761 4288 aut

2172 4324 2574 4384 restaurantur,
2610 4325 2708 4372 aut
2729 4316 3080 4389 ampliantur,
3104 4327 3199 4375 aut
3234 4319 3593 4376 aedificantur.
3619 4322 3755 4385 (Aa-

490 4408 678 4465 dricus
723 4409 1001 4466 anniteute
1075 4410 1348 4466 avunculo
1412 4424 1517 4466 suo
1564 4406 1836 4480 Raginero
1873 4407 2075 4464 comite
2173 4410 2355 4482 SELI.)
2384 4407 2532 4465 Inter
2553 4424 2694 4480 quos
2725 4418 2781 4468 et
2807 4408 3093 4479 Euraclus,
3120 4420 3247 4482 post
3285 4410 3596 4475 Baldricum
3630 4416 3754 4485 epi-

493 4497 773 4559 Montense
800 4499 1091 4571 episcopus
1112 4499 1481 4557 substituitur.
2104 4525 2152 4583 ι)
2176 4518 2374 4573 scapus
2404 4501 2815 4565 Lcodicensium
2848 4500 3167 4570 factus,duo
3191 4503 3248 4560 in
3268 4503 3402 4561 urbe
3422 4506 3756 4567 monasteria

574 4589 699 4647 957.
776 4648 785 4659 κ
1018 4591 1112 4649 20.
1465 4589 1521 4643 2.
1798 4588 1886 4646 15.
2175 4590 2502 4659 construxit,
2532 4592 2600 4647 ad
2627 4590 2846 4656 titulum
2879 4593 3053 4648 sancti
3095 4591 3252 4649 Pauli
3298 4595 3552 4667 apostoli,
3594 4605 3651 4652 ct
3684 4600 3755 4655 ad

570 4685 589 4755 (
606 4682 664 4737 V.
691 4682 887 4753 Brun.)
917 4682 1220 4751 Licdulfus,
1252 4683 1399 4739 filius
1445 4680 1660 4737 Ottonis
1705 4679 2074 4752 imperatoris,
2172 4682 2392 4737 titulum
2422 4684 2597 4741 sancti
2622 4682 2842 4750 Martini
2861 4683 3101 4756 episcopi
3128 4685 3221 4745 ’°‘.

498 4775 552 4830 in
579 4774 730 4831 Italia
755 4776 1006 4831 moritur.
1049 4774 1286 4847 Ungaris
1335 4775 1532 4830 iterum
1577 4788 1805 4844 regnum
1863 4770 2054 4830 Ottonis

2260 4773 2384 4829 96L
2734 4772 2825 4829 24.
3180 4774 3233 4830 6.
3583 4779 3669 4838 i7.

498 4867 844 4939 imperatoris
888 4869 1056 4924 ductu
1105 4865 1342 4922 Conradi
1390 4864 1549 4921 ducis
1597 4863 2073 4935 depopulantibus,
2250 4862 2441 4936 (Μλιι.)
2473 4864 2627 4935 Apud
2651 4862 3179 4935 Constantinopolim
3231 4866 3480 4925 Romano
3520 4869 3758 4942 impera-

501 4957 796 5029 imperator
820 4974 917 5015 eos
932 4958 1074 5014 bello
1102 4957 1339 5028 excepit,
1363 4955 1616 5012 Conrado
1637 4957 1709 5013 ab
1753 4954 1990 5028 Ungaris
2008 4956 2076 5011 ad
2181 4966 2297 5011 tore
2312 4952 2940 5025 defuncto,Nieephorus
2955 4956 3187 5028 imperat
3199 4959 3359 5014 annis
3378 4949 3463 5014 l0.
3481 4960 3757 5028 (Lurer

499 5065 625 5106 eum
642 5051 934 5122 penitendo
980 5048 1281 5119 refugientc
1306 5056 1363 5105 et
1389 5056 1581 5104 orante
1634 5046 1829 5114 Deum,
1876 5055 1937 5102 ut
1980 5062 2082 5116 pro
2184 5047 2421 5102 Sanctus
2449 5045 2736 5102 Udalricus
2752 5047 2819 5079 ’θ’
2846 5047 3104 5118 Augustae
3121 5048 3524 5106 Vindelicorum
3543 5054 3758 5123 cpisco-

502 5154 664 5214 pcena
686 5140 928 5211 perfidiae
958 5154 1072 5195 sua:
1096 5138 1151 5192 in
1175 5137 1294 5208 ipso
1324 5138 1468 5195 bello
1495 5138 1564 5194 ab
1586 5135 1821 5209 Ungaris
1844 5135 2083 5208 perime-
2183 5154 2286 5208 pus
2314 5137 2603 5192 sanctitate
2629 5137 2798 5191 claret
2827 5136 2880 5190 in
2923 5136 3093 5191 Gallia
3139 5146 3194 5193 et
3223 5138 3534 5196 Germania.
3583 5141 3759 5199 Gallia

505 5238 674 5287 retur.
716 5227 913 5302 (Wm)
927 5227 1207 5296 Quobello
1235 5229 1291 5284 in
1318 5237 1529 5285 tantum
1567 5235 1697 5284 sunt
1724 5225 1924 5299 Ungari
1955 5224 2084 5282 Victi
2186 5236 2241 5282 et
2265 5226 2554 5282 Germania
2572 5225 2686 5296 jam
2714 5225 2850 5282 bone
2876 5235 3088 5296 pacata,
3139 5227 3425 5284 intendens
3463 5229 3763 5301 imperator

1783 5420 2016 5478 νΑῐιιλΕ
2071 5419 2361 5477 LECTION
2368 5420 2469 5477 ES.

584 5567 650 5601 ¹⁹³
688 5564 1113 5646 λΒειεὶξιρθιιείιξω
1134 5564 1230 5621 Cl.
1258 5563 1389 5646 ὅτι).
1416 5633 1439 5646 ν.
1463 5565 1530 5598 ¹⁹⁶
1570 5563 1734 5646 l5.“
1937 5559 2558 5646 ολΔῢιεκξδκίιάάξιη
2586 5579 2697 5617 cur.
2731 5563 2934 5646 tertiis;
2961 5562 3098 5646 rell.‘
3156 5563 3222 5598 ¹⁹⁷
3241 5574 3452 5646 nostra:
3472 5574 3524 5646 ‘e’t‘
3539 5563 3763 5646 scilicet

509 5639 697 5705 desunt
728 5630 799 5691 ΑῙ
822 5632 1145 5705 Immunitas
1169 5664 1240 5676 -—-
1261 5635 1381 5705 ejus
1404 5633 1589 5690 desunt
1622 5633 1718 5689 BI.
1752 5634 1805 5705 ξ.
1831 5632 2031 5705 οιξθ.
2064 5632 2225 5705 3.“.
2392 5632 2459 5705 ’ἢῆ
2482 5630 2540 5684 Ε.
2572 5648 2623 5703 p.
2652 5649 2701 5688 a.
2734 5633 2796 5705 (ἶ.
2823 5632 2862 5687 1.
2897 5648 3029 5705 o._p.
3064 5633 3249 5687 desunt
3271 5633 3364 5687 Bl.
3404 5636 3455 5689 5.
3485 5633 3674 5688 Cl.2°.
3698 5634 3757 5705 εὖ.

512 5706 591 5790 ἐς.
617 5704 678 5760 1),
702 5777 714 5790 _
735 5707 821 5790 ,υἷ’
860 5701 1482 5790 Johanne‘snf-tpresidet
1521 5705 1707 5790 άςξωιι
1756 5703 1819 5786 Ι).
1901 5702 2181 5790 ,ίέέῄςξάίιςὶι
2210 5702 2329 5775 Ιϐ.;
2360 5701 2471 5755 rell.
2508 5701 2697 5765 praeter
2727 5704 2793 5759 Α.
2870 5704 2933 5735 ¹⁰¹
2961 5701 3104 5758 inter
3134 5736 3199 5743 -ο
3222 5704 3459 5774 episcopi
3483 5704 3668 5760 desunt
3692 5701 3759 5759 Β.

514 5776 586 5808 ’θ’
614 5777 902 5834 waldricus
932 5776 1047 5831 B52
1081 5776 1200 5831 C22
1233 5770 1463 5831 Sanctus
1481 5806 1545 5814 ——
1568 5770 1856 5831 Germania
1881 5773 2065 5826 desunt
2092 5771 2156 5825 υ.
