3914 6314
147 351 233 408 189
1566 337 1715 394 (111111

1820 338 1914 395 [CA
1925 383 1937 396 .

3285 354 3305 406 I
3315 352 3391 408 90

143 467 255 521 Otto
275 461 441 519 etiam
465 459 678 517 Italiam
717 475 935 533 pacare,
992 456 1281 531 prescrtim
1316 472 1441 513 eum
1472 457 1539 511 ad
1607 456 1711 510 hoc
1740 456 1785 516 Λ
1815 450 2005 526 paucis
2054 455 2239 514 Roma:
2289 469 2591 515 morantem
2641 462 2823 517 subito
2871 466 3143 536 aggressi,
3194 464 3263 523 ita
3316 472 3386 527 ab

142 557 286 616 anxie
310 556 668 619 evocantibus
698 553 948 621 Iohanne
997 569 1137 625 papa
1175 553 1498 622 exterisque
1542 548 1709 607 Italiae

140 646 411 719 episcopis,
436 655 500 701 ut
527 661 625 701 eos
650 644 908 701 liberaret
962 644 1030 700 de
1056 643 1312 699 manibus
1349 652 1704 715 tyrannorum

141 739 435 811 llcrengarii
461 747 631 810 atque
651 738 959 805 Adclherti;
995 737 1084 807 (Α.
1135 735 1293 808 Lob.)
1323 736 1495 791 lilium
1544 749 1706 790 suum

136 833 374 892 Ottonem
400 847 632 902 puerum
664 839 982 901 septenncm
1006 828 1338 901 Aquisgrani
1387 826 1478 881 die
1516 834 1707 882 sancto

136 931 466 995 pentecostes
487 922 542 977 in
560 938 741 993 regem
765 921 955 993 immgi
989 920 1150 988 fecit;
1185 920 1280 993 (V.
1306 919 1501 989 Brun.)
1532 934 1709 990 caque

134 1014 505 1070 commendato
534 1014 964 1085 archiepiscOpis
1013 1011 1170 1072 fratri
1222 1011 1469 1068 Brunoni
1494 1021 1547 1068 et
1594 1012 1709 1068 filio

133 1108 437 1177 Guillelmo,
454 1108 525 1164 ad
562 1108 769 1164 Italiam
801 1109 994 1166 tendit.

215 1208 338 1265 962.
557 1205 625 1264 11.
675 1206 769 1262 25.
940 1268 945 1271 ,
984 1205 1048 1263 1³.
1087 1205 1138 1261 7.
1426 1203 1491 1259 (Ξ.
1552 1204 1598 1258 1.

201 1298 288 1370 (γ.
314 1297 500 1370 Guib.)
529 1298 764 1354 Sanctus
794 1306 948 1368 pater
972 1309 1161 1353 noster
1196 1294 1545 1363 Guicbertns,
1589 1295 1710 1351 11111-

130 1390 282 1447 dator
321 1388 522 1456 nostri,
575 1386 1038 1447 Gemmelacensis
1068 1388 1296 1455 scilicet,
1331 1388 1402 1419 ’“
1446 1386 1707 1452 cmuohii,

132 1481 267 1552 apud
295 1479 580 1546 (Ioniam,
603 1480 697 1538 ubi
731 1478 842 1535 Deo
883 1479 1154 1537 militabat
1193 1488 1415 1550 propter
1463 1494 1707 1533 amorem

130 1570 382 1628 ferventis
413 1570 488 1627 ibi
527 1580 731 1627 sancta:
758 1570 1057 1642 religionis,
1090 1569 1144 1626 in
1160 1571 1381 1627 Christo
1405 1569 1661 1626 dormivit
1690 1590 1705 1639 ;

133 1674 188 1719 et
212 1664 303 1735 qui
331 1664 522 1719 omnia
544 1660 861 1735 reliquerat,
887 1664 1204 1736 centuplum
1249 1672 1305 1719 et
1351 1664 1518 1719 vitam
1546 1672 1708 1719 teter-

130 1775 251 1814 nam
275 1757 480 1829 recepit
518 1757 609 1814 ὀδ.
631 1755 847 1828 Corpus
865 1773 996 1813 vero
1050 1757 1174 1829 ejus
1216 1758 1449 1813 relatum
1498 1766 1584 1813 est
1639 1755 1706 1812 ad
1739 1798 1785 1860 Β

128 1849 436 1913 coenobium
460 1848 909 1908 Gemmelaccnse
945 1849 1037 1905 ⁸⁸⁸.

215 1942 336 1995 965.
669 1940 761 1995 26.
1095 1941 1147 1997 8.
1548 1936 1603 2011 2,

194 2024 585 2097 (LIUDP.)'Oll0
614 2025 913 2096 imperator
949 2023 1127 2082 Italia‘
1165 2036 1477 2097 pervagata,
1524 2034 1579 2081 ct
1627 2036 1712 2096 ty.

126 2118 311 2183 rannis
332 2115 504 2172 Italize
547 2117 834 2187 majestate
878 2116 1118 2173 nominis
1182 2117 1267 2172 sui
1308 2117 1381 2172 ita
1414 2116 1711 2182 exterritis,

127 2220 187 2264 ut
215 2210 268 2266 in
293 2210 436 2266 locis
458 2222 658 2267 natura
682 2210 911 2267 munitis
937 2211 1168 2267 laterent
1195 2221 1291 2266 aut
1309 2209 1709 2265 Saracenorum

128 2301 428 2374 patrocinia
456 2310 770 2373 quererent,
799 2300 990 2358 Romae
1009 2317 1041 2357 a
1068 2300 1317 2357 Iohanne
1336 2316 1473 2373 papa
1498 2301 1552 2355 in
1605 2301 1711 2355 im-

127 2402 431 2464 peratorem
467 2394 841 2460 benedicitur;
867 2394 1139 2467 tyrannia
1178 2410 1315 2466 papa
1365 2392 1615 2448 Iohanne
1659 2401 1714 2449 et

129 2500 157 2551 a
184 2483 451 2542 Romanis
480 2486 826 2556 ahjurantur.
856 2484 935 2541 Eo
984 2486 1337 2557 repatriante,
1388 2485 1715 2542 Adelbertus

128 2590 159 2643 a
185 2592 322 2647 papa
341 2575 598 2636 Iohanne
624 2593 656 2633 e
682 2575 980 2634 Fraxincto
1007 2577 1238 2634 Romam
1269 2586 1584 2646 revocatur;
1618 2577 1714 2634 sed

131 2666 454 2738 imperatore
477 2669 740 2725 redeunte
782 2668 1082 2742 refugiunt.
1114 2668 1358 2727 Collecto
1388 2670 1445 2727 in
1467 2679 1581 2725 tota
1602 2667 1712 2725 Ita-

131 2757 196 2812 lia
218 2759 608 2830 cpiscoporum
632 2759 894 2827 concilio,
915 2759 1195 2817 Iohannes
1220 2761 1287 2818 de
1331 2760 1558 2818 nefariis
1578 2777 1714 2817 cau-

131 2850 203 2903 sis
223 2849 547 2905 infamatur.
581 2849 688 2918 Qui
710 2850 871 2908 tertio
909 2859 1195 2919 evocatus,
1239 2853 1369 2908 dum
1393 2868 1453 2909 se
1479 2867 1715 2909 excusa-

131 2948 238 2995 tum
268 2942 462 2998 venire
491 2952 808 3014 cunctatur,
836 2955 964 3018 post
992 2948 1165 3002 multa
1195 2947 1414 3003 tandem
1442 2962 1554 3003 eoa
1579 2964 1715 3004 cun—

134 3033 227 3089 ctis
254 3035 621 3106 prejudicato,
646 3036 759 3094 Leo
798 3038 980 3095 adhuc
1029 3039 1224 3107 laicus,
1276 3041 1542 3097 electione
1591 3057 1713 3097 om-

1809 550 2047 605 exercitu
2069 550 2418 622 imperatoris
2440 560 2571 609 sunt
2597 553 2789 621 attriti,
2816 562 2877 609 ut
2895 556 2966 587 '“
2992 557 3098 612 nisi
3124 559 3193 613 ah
3214 560 3381 632 impe-

1808 649 1991 698 ratore
2017 651 2070 698 et
2093 659 2231 714 papa
2259 643 2439 700 Leone
2471 645 2676 701 milites
2698 648 3043 717 imperatoris
3064 666 3094 706 a
3129 652 3273 708 caede
3299 668 3382 709 re-

1808 746 2158 805 vocarentur,
2190 752 2369 809 usque
2388 738 2457 794 ad
2486 739 2905 796 internetionem
2954 741 3185 799 Romani
3239 745 3387 801 delc-

1808 838 2018 885 rentur.
2069 829 2331 888 Romanis
2372 842 2475 904 per
2509 828 2745 889 Leonem
2814 849 3008 906 papam
3071 836 3383 908 imperatori

1809 923 2197 989 reconciliatis,
2227 933 2354 995 post
2374 925 2692 982 abscessum
2719 925 3065 997 imperatoris
3110 929 3219 984 Leo
3246 946 3383 1002 papa

1809 1014 2039 1076 insidias
2058 1015 2159 1072 sibi
2184 1017 2367 1087 parari
2390 1016 2653 1085 sentiens,
2670 1017 2739 1074 ad
2786 1018 3173 1091 imperatorem
3226 1021 3383 1094 fugit.

1807 1107 2088 1164 Iohannes
2116 1125 2183 1165 ex
2220 1126 2359 1181 papa
2402 1126 2461 1167 se
2487 1127 2614 1167 cum
2665 1126 2835 1167 uxore
2866 1112 3152 1183 cujusdam
3202 1114 3387 1170 oblec-

1808 1209 1952 1267 tans,
1984 1217 2013 1255 a
2039 1201 2261 1257 diabolo
2295 1202 2350 1258 in
2372 1209 2617 1273 tempore
2654 1204 2976 1273 percutitur,
3020 1220 3086 1260 ac
3128 1206 3245 1261 sine
3273 1205 3387 1259 via-

1811 1293 1918 1349 tico
1939 1293 2216 1349 dominico
2238 1294 2491 1350 moritur.
2527 1293 2759 1350 Romani
2783 1305 2972 1351 contra
2990 1296 3385 1367 juramentum,

1809 1386 1953 1456 quod
1979 1385 2292 1457 imperatori
2319 1385 2579 1454 fecerant,
2612 1402 2672 1442 se
2710 1403 2989 1458 nunquam
3011 1389 3280 1445 electuras
3295 1406 3409 1464 pa-g

1809 1490 1934 1546 pani
1960 1477 2079 1532 sine
2098 1477 2218 1547 ejus
2237 1486 2291 1532 et
2316 1477 2409 1532 lilii
2458 1477 2579 1546 ejus
2626 1474 2843 1533 Ottonis
2880 1493 3172 1543 consensu,
3220 1477 3391 1534 Bene-

1809 1565 2015 1621 dictum
2041 1582 2237 1639 papam
2286 1568 2390 1623 sibi
2414 1576 2684 1623 statnunt.
2717 1565 3017 1639 Imperator
3066 1564 3237 1624 Roma
3287 1569 3389 1624 ob;

1810 1673 1960 1714 sessa
1987 1657 2265 1715 Romanos
2289 1659 2435 1714 crede
2458 1667 2514 1714 ct
2551 1658 2695 1715 fame
2759 1659 2895 1715 adeo
2942 1658 3153 1725 alflixit,
3179 1668 3240 1714 ut
3254 1658 3392 1715 Leo-

1813 1763 1935 1804 nem
1963 1765 2158 1819 papam
2181 1765 2241 1805 se
2260 1758 2579 1821 recepturos
2628 1751 3025 1821 promitterent.
3065 1749 3392 1806 Benedictus

1813 1840 2049 1911 rejectus
2067 1857 2176 1896 non
2221 1842 2400 1897 solum
2452 1851 2672 1914 papatu,
2706 1843 2985 1898 scdetiam
3026 1840 3334 1898 sacerdotio
3360 1858 3390 1896 a

1812 1929 1994 1987 Le0ne
2019 1931 2391 1987 exordiantur.

1964 2022 2017 2077 4.
2341 2022 2434 2078 27.
2758 2022 2812 2078 9.
3224 2022 3277 2078 5.

2004 2062 2017 2076 .
2382 2022 2434 2077 7.
2797 2064 2812 2078 .
3263 2066 3277 2078 .

1884 2022 2041 2186 ῗεῇα
2085 2114 2280 2185 Deod.)
2340 2024 2681 2173 idelberone
2738 2022 3084 2172 gettcnsium
3137 2022 3397 2187 epigcupo

1814 2217 2035 2263 mortuo
2057 2207 2231 2279 (203),
2254 2207 2584 2266 Deodericus
2635 2208 3004 2265 consobrinus
3029 2208 3243 2266 Ottonis
3286 2209 3401 2295 ini-1

1815 2302 2087 2372 peratoris
2112 2302 2405 2372 episcopus
2436 2300 2786 2374 subrogatur.
2823 2300 2944 2370 llic,
2971 2311 3032 2358 ut
3062 2301 3280 2374 legitur,
3309 2302 3393 2357 in-

1815 2394 2055 2465 epiciens
2082 2394 2288 2465 primas
2338 2394 2548 2450 litteras
2577 2393 2861 2449 nominum
2888 2393 3133 2450 omnium
3162 2392 3394 2451 Metteu-
3508 2412 3521 2419 ν

1816 2488 1959 2543 sium
1987 2488 2392 2559 episcoporum,
2415 2504 2555 2558 quas
2581 2487 2808 2558 angelus
2839 2486 3056 2543 Domini
3069 2487 3269 2547 dicitur
3296 2488 3393 2545 de-

1816 2579 1965 2635 disse
1993 2587 2186 2635 sancto
2218 2578 2488 2635 Clementi
2515 2578 2694 2649 primo
2720 2577 3067 2634 Mettensium
3115 2578 3395 2651 episcopo,

1815 2680 1872 2728 et
1910 2679 2134 2739 notans,
2161 2669 2299 2726 alias
2327 2684 2485 2737 auro,
2515 2669 2653 2726 alias
2681 2670 2875 2725 viliore
2898 2670 3119 2726 metallo
3145 2686 3245 2742 pro
3284 2687 3397 2726 me-

1815 2764 2050 2821 ritorum
2073 2765 2338 2838 qualitate
2359 2780 2482 2821 esse
2504 2773 2821 2832 annotatas;
2855 2780 2980 2821 eum
3007 2764 3214 2821 videret
3235 2766 3397 2821 etiam

1815 2856 2052 2912 litteram
2076 2857 2160 2914 sui
2176 2857 2415 2912 nominis
2438 2865 2665 2927 argento
2676 2872 2797 2913 esse
2812 2866 3173 2927 prenotatam,
3191 2857 3397 2913 dixisse

1818 2944 1992 3001 fertur
2016 2961 2077 3002 se
2120 2947 2176 3001 in
2197 2948 2513 3018 episcopatu
2536 2955 2685 3002 tanta
2709 2948 2853 3002 bona
2874 2946 2989 3003 fore
3010 2947 3302 3014 facturum,
3338 2958 3397 3005 ut

1819 3038 1936 3109 ipsa
1965 3038 2207 3095 nominis
2242 3039 2327 3095 sui
2355 3040 2530 3095 littera
2554 3039 2749 3095 merito
2775 3039 2996 3096 deberet
3051 3056 3187 3097 auro
3222 3056 3399 3096 anno-

133 3127 274 3180 nium
303 3138 361 3183 et
383 3127 539 3200 (202)
582 3145 857 3187 consensu
894 3132 1242 3203 imperatoris
1263 3148 1401 3204 papa
1430 3133 1716 3189 substitui~
1743 3142 1790 3204 η
1823 3131 1946 3187 tari.
1976 3130 2149 3202 Cujus
2175 3131 2335 3189 home
2364 3133 2685 3191 intentionis
2703 3133 2920 3189 initium
2950 3132 3187 3191 ostendit
3210 3133 3264 3189 in
3284 3150 3400 3190 cte-

133 3226 232 3283 Wr.
265 3217 598 3291 (Βειιῐιλιω.)
640 3220 861 3280 SicLeo
891 3224 1177 3295 presidens
1220 3225 1535 3298 apostolicae
1580 3225 1718 3293 sedi,

133 3308 252 3367 fecit
272 3313 655 3370 ordinationes
674 3324 729 3371 et
750 3315 858 3372 alia
882 3332 1006 3387 qua}
1047 3324 1206 3372 erant
1230 3317 1553 3388 apostolica.
1611 3314 1723 3373 Nec

134 3405 378 3480 longum,
437 3406 673 3466 Romani
710 3410 940 3467 alterata
983 3412 1090 3468 [ide
1139 3413 1284 3484 apud
1310 3414 1718 3485 imperatorem,

135 3513 325 3573 papam
345 3500 621 3572 recipiunt
651 3499 980 3559 Iohannem.
1005 3503 1100 3560 Ille
1122 3506 1330 3577 synodo
1341 3507 1568 3564 collecta
1590 3505 1723 3563 Leo-

136 3608 249 3649 nem
279 3594 562 3664 deposuit,
586 3606 643 3652 et
666 3596 788 3667 ejus
839 3605 992 3669 gesta
1036 3600 1293 3657 cassavit.
1333 3599 1722 3672 Statutumque

136 3691 213 3749 est
231 3682 459 3755 publico
486 3684 735 3742 omnium
761 3686 994 3757 judicio,
1043 3689 1314 3761 synodum
1357 3707 1389 3747 a
1415 3689 1598 3747 Leone
1618 3693 1720 3748 ba-

133 3769 298 3828 hitam
322 3787 428 3829 nec
454 3772 847 3831 nominandam
867 3776 1159 3848 synodum,
1209 3778 1303 3833 sed
1352 3779 1718 3852 prostibulum

138 3862 321 3920 favens
373 3865 656 3922 adulteris.
713 3866 1058 3940 Quicumque
1109 3870 1275 3941 igitur
1327 3886 1395 3926 eo
1435 3873 1723 3930 ordinante

136 3966 283 4013 erant
309 3957 576 4025 damnati,
595 3959 740 4030 jussi
765 3969 897 4016 sunt
948 3976 1105 4017 suam
1172 3962 1421 4034 ipsorum
1477 3966 1722 4038 proseri-

137 4049 377 4119 ptionem
412 4060 731 4121 presentare
753 4052 808 4107 in
859 4062 1011 4108 carta
1036 4054 1153 4110 hinc
1172 4055 1487 4112 continente
1513 4057 1718 4114 verba:

141 4140 305 4197 Pater
330 4158 476 4199 metu
498 4144 636 4198 nihil
658 4143 763 4199 sibi
785 4144 993 4212 habuit,
1023 4145 1158 4200 nihil
1183 4147 1314 4201 mihi
1335 4147 1503 4204 dedit.
1529 4148 1599 4204 Et
1640 4150 1723 4207 sic

139 4231 391 4303 depositi,
416 4241 797 4289 remanserant
823 4233 879 4288 in
906 4234 1015 4290 illis
1043 4234 1325 4305 gradibus,
1351 4235 1399 4292 si
1445 4252 1588 4308 quos
1623 4238 1725 4294 ha-

141 4321 370 4380 buerant
404 4325 652 4380 nondum
696 4341 729 4381 a
754 4324 939 4382 Leone
991 4327 1253 4382 ordinati.
1295 4328 1355 4383 Si
1399 4330 1495 4401 qui
1540 4338 1723 4387 autem

141 4412 280 4488 digni
299 4416 646 4487 jndicantur,
677 4425 742 4473 ut
768 4433 880 4473 non
910 4426 1130 4489 accepta
1143 4418 1298 4489 prius
1309 4422 1726 4479 consecratione

143 4483 486 4577 ordinantur,
510 4483 718 4567 indicto
770 4510 882 4567 illis
929 4483 1124 4567 eodem
1144 4483 1410 4580 decreto,
1472 4514 1622 4585 quod
1670 4525 1727 4572 et
1754 4483 1805 4545 υ

145 4598 417 4658 damnatis
437 4618 469 4657 a
498 4601 860 4659 Constantino
881 4603 1161 4674 neophito.
1210 4603 1451 4676 (11111111.)
1490 4605 1725 4665 Romani

146 4705 329 4763 apapa
376 4691 629 4749 Iohanne
667 4694 899 4764 pecunia
956 4694 1143 4762 illecti,
1184 4694 1563 4767 imperatorem
1599 4715 1725 4756 cum

1823 3223 1989 3278 nobio
2018 3223 2192 3279 sancti
2210 3223 2464 3295 martyris
2484 3233 2539 3279 et
2556 3224 2734 3280 levitae
2756 3222 3048 3291 Vincentii,
3082 3223 3310 3280 fundato
3345 3223 3402 3278 in‘

1823 3312 1998 3384 ipsius
2012 3313 2164 3367 urbis
2194 3313 2394 3369 insula.
2418 3312 2608 3383 (8111).
2642 3330 2680 3381 1,
2709 3313 2804 3385 99)
2825 3313 3057 3370 Arnulfo
3083 3329 3213 3370 sene
3234 3312 3402 3370 Flau-

1820 3405 2101 3462 drensium
2121 3405 2319 3463 comite
2353 3416 2591 3471 mortuo,
2624 3405 2918 3463 Lotharius
2944 3423 3040 3463 rex
3067 3406 3404 3464 Francorum

1821 3495 2060 3567 graviter
2080 3493 2366 3550 Flandrias
2389 3493 2615 3549 infestat
2632 3504 2686 3549 et
2714 3504 2892 3551 vastat
2916 3496 3007 3551 ⁸⁸⁷.

1891 3590 2017 3647 965.
2326 3590 2419 3646 28.
2736 3589 2822 3645 10.
3127 3592 3181 3647 ι.

1892 3683 1986 3757 (γ.
2011 3683 2207 3755 Brun.)
2235 3683 2361 3740 Otto
2384 3683 2681 3755 imperator
2717 3690 3070 3754 ptriitccosten
3104 3683 3404 3755 Aquisgra-

1822 3774 1877 3832 ni
1908 3773 2059 3847 (204)
2088 3773 2401 3841 celebravit,
2431 3771 2888 3829 concurrentibus
2916 3770 2989 3827 ibi
3012 3788 3045 3827 a
3068 3769 3299 3827 Francia
3324 3790 3403 3827 so-

1822 3870 2042 3926 roribus
2070 3869 2207 3936 suis,
2252 3868 2441 3940 regina
2482 3866 2694 3923 scilicet
2733 3864 3067 3920 Francorum
3110 3862 3405 3935 Gcrberga,

1823 3970 1997 4015 matre
2046 3958 2293 4015 Lotharii
2332 3958 2476 4030 regis
2502 3967 2557 4012 et
2592 3956 2777 4012 liaroli
2821 3955 2999 4022 ducis,
3043 3963 3100 4011 et
3138 3953 3407 4009 Ilatbuide

1820 4067 1996 4109 uxore
2032 4050 2281 4125 Hugonis
2308 4050 2650 4106 Parisiorum
2698 4048 2937 4115 comitis,
2983 4063 3221 4120 quorum
3264 4046 3409 4105 illius

1822 4146 1928 4203 fuit
1951 4145 2128 4218 Hugo,
2154 4146 2247 4217 qui
2282 4152 2410 4216 post
2450 4143 2700 4216 regnavit
2724 4142 2782 4197 in
2804 4140 3057 4197 Francia.
3090 4140 3196 4197 Ubi
3227 4141 3410 4197 omnis

1824 4241 1915 4297 illa
1940 4240 2141 4313 regalis
2180 4240 2438 4311 prosapia
2469 4247 2625 4294 tanto
2654 4235 2959 4293 adinvicem
2984 4234 3408 4307 congratulatio—

1826 4335 1914 4391 nis
1927 4334 2106 4407 juhilo
2126 4342 2213 4389 est
2234 4331 2447 4397 affecta,
2474 4332 2611 4386 utin
2632 4329 2785 4386 omni
2822 4328 2936 4385 vita
2974 4342 3167 4382 eorum
3191 4326 3283 4381 vix
3311 4325 3410 4380 ali-

1826 4426 1959 4498 quid
2004 4425 2188 4497 gaudii
2222 4425 2352 4479 huic
2396 4424 2595 4479 laatitiaa
2636 4421 2874 4494 potuerit
2915 4419 3244 4490 equiperari.
3276 4415 3408 4472 Otto

1828 4517 2040 4573 Italiam
2092 4514 2306 4585 repetit.
2363 4511 2548 4568 Bruno
2595 4514 2706 4569 dux
2753 4520 2811 4567 et
2859 4507 3308 4579 archiepiscopus
3356 4506 3413 4560 111

1830 4607 2124 4665 Franciam
2183 4619 2417 4676 pergens
2457 4604 2526 4659 ad
2581 4602 2953 4674 paciﬁcandos
2999 4609 3227 4671 nepotes
3257 4613 3413 4673 suos.

1833 4699 2154 4757 Lotharium
2190 4712 2373 4769 regem
2418 4705 2473 4751 et
2514 4695 2656 4752 illius
2701 4693 2965 4767 Ilugonis,
3004 4694 3100 4750 ubi
3140 4693 3408 4764 Compen-

1419 4803 1652 4862 VAIllAE
1692 4805 2094 4867 LECTIONES.

202 4897 270 4970 ὀξ
321 4915 380 4970 p.
432 4913 492 4969 n._
540 4907 591 4952 et
629 4896 803 4953 nostri
848 4906 925 4970 et_
959 4894 1411 4970 scilicet__desunt
1462 4898 1706 4970 omnibus

149 4967 293 5024 "'C.
317 4962 379 5023 ἦ.
435 4965 492 5023 e.
539 4985 587 5023 r.
616 4984 668 5023 e.
719 4983 772 5023 a.
803 4983 853 5021 c.
884 4965 950 5021 G.
982 4965 1139 5018 addit
1161 4962 1275 5035 Sig.
1303 4981 1419 5021 cur.
1445 4968 1656 5033 tertiis;
1684 4962 1802 5026 rell.

1813 4908 1968 4955 rwter
1998 4897 2045 4951 1.

2190 4894 2262 4926 ὀδ
2289 4902 2343 4947 rt
2376 4923 2447 4933 —-
2480 4888 2683 4963 recepit
2730 4892 2917 4946 desunt
2942 4891 3040 4947 CI.
3091 4891 3144 4947 3.
3202 4891 3277 4963 4⁸.
3348 4890 3411 4947 Il.

1949 4968 2024 5001 ἰ·
2048 4966 2229 5021 adhuc
2255 4965 2430 5020 laicus
2458 4994 2528 5005 -—
2557 4962 2729 5020 attriti
2750 4974 2811 5018 ut
2825 4963 2999 5033 primo
3030 4962 3238 5016 duabus
3260 4962 3414 5017 lineis

150 5040 540 5110 malum,
559 5040 640 5092 ita
670 5039 871 5110 partim
897 5038 956 5110 in
982 5033 1418 5110 ras_ura,_partim
1439 5037 1758 5110 inritamina
1787 5038 2061 5109 ainpliauit
2084 5036 2198 5107 Sig.
2234 5053 2349 5091 cur.
2378 5035 2584 5101 tertiis;
2611 5034 2729 5089 rell.
2748 5033 3051 5110 _0bfttscata
3075 5034 3413 5110 ea_recentior

155 5104 333 5166 manus
355 5104 713 5180 redintegrare
735 5107 963 5180 studuit,
983 5104 1075 5180 sed
1098 5106 1275 5176 potius
1305 5108 1563 5178 corrupit.

1627 5097 1795 5191 Ϋενρμ
1817 5097 1997 5165 antem
2025 5116 2086 5163 ut
2126 5097 2322 5191 liti-na.
2345 5122 2423 5191 [ρ.
2456 5097 2890 5191 cqnsecratione.
2924 5114 3082 5181 atque
3123 5104 3353 5191 Romani
3384 5118 3414 5168 a

154 5192 280 5300 ⁵1³11³
317 5209 395 5221 ·-
417 5188 547 5259 sunt
560 5174 750 5233 ἐιῑῐτίιὶ
777 5186 837 5233 ιιι
856 5177 1065 5231 αὕδείειι
1098 5174 1243 5259 ξιιηι,
1274 5193 1437 5260 quant
1457 5174 1560 5261 sec.
1596 5178 1647 5233 Χ
1663 5179 1793 5263 VII:
1845 5197 1930 5235 ex.
1977 5194 2155 5261 omnes
2186 5176 2314 5260 bibl.
2341 5174 2731 5261 Gemblaeensis
2771 5174 2976 5229 codices
2998 5174 3137 5228 nova
3184 5174 3416 5239 ligatum

178 5250 515 5300 adurantur.
541 5248 675 5300 Ome
700 5258 860 5300 erant
889 5246 1189 5300 apostolica
1216 5277 1289 5285 —
1310 5255 1483 5300 attriti
1509 5258 1570 5300 ut
1605 5260 1810 5300 omum
1841 5251 1939 5300 F5.
1965 5258 2144 5300 multo
2170 5247 2377 5300 relicto.
2406 5246 2613 5300 Reliqui
2645 5262 2824 5300 omnes
2858 5246 3050 5299 habent
3072 5259 3192 5300 ante
3223 5244 3273 5297 1.
3345 5242 3413 5278 ’⁸⁷

178 5242 515 5319 adserantur.
541 5248 675 5316 Quae
700 5258 860 5319 erant
889 5246 1189 5319 apostolica
1216 5242 1296 5285 --’
1305 5248 1483 5319 attriti
1509 5258 1570 5303 ut
1605 5251 1810 5305 omittit
1841 5251 1939 5305 F5.
1965 5248 2144 5319 spatio
2170 5247 2377 5303 relicto.
2406 5246 2613 5318 Reliqui
2645 5262 2824 5302 omnes
2858 5246 3050 5299 habent
3072 5259 3192 5316 que
3223 5244 3273 5297 1.
3345 5242 3413 5278 ’⁸⁷

156 5317 384 5376 Arnqun
409 5351 478 5362 -—
501 5328 681 5376 vastat
707 5317 824 5392 Sig.
856 5335 972 5373 cur.
1007 5318 1214 5381 tertiis;
1239 5317 1361 5381 rell.»

225 5519 373 5591 (202)
410 5519 489 5576 Es
538 5518 768 5591 epistola
828 5515 1118 5591 Bernardi
1159 5515 1624 5591 huneshemensis
1653 5431 2070 5578 T‘fireviss.
2118 5518 2435 5591 illettenses
2473 5515 2526 5570 in
2559 5514 2706 5591 non.
2749 5510 3131 5591 εει-1111155,
3157 5509 3255 5579 qui
3281 5508 3415 5565 Dou-

163 5585 500 5646 Adalbcrtum
521 5585 587 5644 in'
600 5588 958 5646 Ussermanni
978 5587 1283 5641 Prodromo
1305 5585 1614 5645 Germaniae
1637 5607 1731 5646 sa-

162 5674 406 5796 εῃτῆδὲἡ
429 5661 579 5728 208,
631 5660 725 5715 ubi
800 5659 918 5715 haec
976 5658 1168 5713 iisdem
1220 5656 1401 5713 verbis
1451 5660 1733 5731 leguntur.

206 5794 375 5871 1203)
401 5809 459 5858 Α.
503 5804 640 5871 962;
669 5801 743 5871 cf.
791 5798 971 5857 Vitam
1025 5797 1309 5867 Dcodet'i‘ci
1339 5816 1387 5855 c.
1428 5801 1561 5869 3,ct
1582 5801 1726 5871 Anu.
1766 5875 1775 5887 .

1836 5593 2083 5649 doricum
2109 5590 2223 5658 jam
2251 5604 2303 5643 a.
2332 5586 2438 5642 905
2462 5585 2797 5658 successisse
2810 5582 3027 5658 dicunt.

1848 5648 1851 5649 ν
1906 5660 2058 5745 (101)
2100 5648 2258 5785 lingat
2287 5658 2436 5729 Sig;
2475 5655 2713 5711 Coloniae
2746 5652 2875 5717 fuit;
2925 5650 3046 5706 vide
3079 5648 3256 5705 Vitam
3282 5648 3419 5707 Bru-

1834 5748 1994 5791 noms
2031 5750 2077 5787 c.
2142 5788 2147 5791 Α
2192 5770 2205 5784 .
