3914 6314
500 312 595 377 ιρι

1664 284 2027 364 διαιεωςητι
2066 300 2590 364 GEMBLACENSIS

3672 305 3778 387 is:

496 422 649 477 dium
666 420 831 487 venit,
847 418 995 478 febre
1007 431 1292 493 correptus
1312 421 1498 480 Remis
1514 421 1690 488 redit;
1720 420 1792 477 ibi
1814 418 2079 492 quidquid
2109 422 2157 480 Α
2184 416 2393 484 cidunt,
2427 417 2612 488 plures
2636 416 2861 489 capiunt
2883 416 3498 491 et'IConstantinopolim
3528 419 3775 475 mittunt.

495 511 689 568 habuit
708 512 765 571 in
790 529 850 571 re
869 514 1129 586 mancipi,
1150 531 1249 588 per
1260 523 1645 579 testamentum
1669 512 1932 571 aecclesiis
1961 528 2088 569 san-

495 612 710 661 ctorum
747 605 996 677 delegato
1018 648 1034 675 ,
1057 615 1310 663 mortuus
1366 616 1468 665 est.
1498 607 1714 678 Corpus
1737 605 1858 679 ejus
1884 622 1917 662 a
1944 604 2086 661 Deo-

493 682 682 771 derico
722 696 972 761 Mettensi
994 698 1255 770 episcopo
1279 698 1562 758 Coloniam
1594 699 1828 771 refertur
1850 699 1942 755 ’°°.

565 788 690 845 966.
872 789 1067 865 3.29.
1256 789 1319 847 F.
1365 791 1449 848 ll.
1646 790 1780 848 (3.5

558 880 759 957 (Mam)
794 881 1121 942 Guillelmus
1150 883 1296 940 ﬁlius
1341 884 1689 954 imperatoris
1711 882 2083 952 archiepisco-

492 989 599 1044 pus
623 971 919 1045 Moguntia:
938 974 1213 1032 ’moritur.
1261 973 1459 1049 (Wm.)
1493 973 1608 1032 Hoc
1632 984 1875 1049 tempore
1895 973 2085 1044 Danis,

490 1056 586 1135 qui
618 1064 902 1122 Christum
943 1066 1132 1125 Iesum
1176 1078 1231 1125 et
1276 1069 1417 1125 idola
1449 1067 1615 1133 simul
1662 1069 1933 1138 colebant,
1958 1084 2084 1126 cum

490 1152 718 1225 Popone
746 1156 950 1213 clerico
977 1158 1031 1214 in
1060 1159 1315 1216 convivio
1339 1159 1733 1217 altercantibus
1774 1176 1938 1232 super
1963 1159 2083 1217 cul-

489 1253 615 1301 tura
647 1246 744 1302 Dei
767 1258 818 1304 et
845 1249 1097 1319 deorum,
1122 1250 1292 1311 Dauis
1321 1253 1696 1314 asserentibus
1716 1252 1901 1311 Iesum
1925 1253 2085 1310 Chri-

490 1334 637 1392 stum
668 1339 888 1409 quidem
912 1356 1037 1412 esse
1063 1341 1259 1412 Deum,
1285 1344 1416 1400 deos
1445 1359 1574 1403 vero
1608 1344 1845 1416 majores
1867 1354 1922 1400 et
1943 1347 2085 1403 anti-

489 1426 714 1502 quiores
740 1433 835 1488 illo
859 1449 984 1491 esse
1005 1477 1021 1503 ,
1049 1433 1274 1508 Popoue
1301 1446 1525 1493 econtra
1552 1435 1875 1511 aﬁirmante,
1895 1435 2082 1494 Iesum

490 1520 772 1581 Christum
802 1526 983 1583 solum
1014 1544 1203 1585 verum
1247 1528 1421 1586 Deum
1454 1545 1600 1599 esse,
1639 1546 1811 1587 unum
1846 1530 1903 1589 in
1945 1532 2081 1588 sub-

492 1613 718 1685 stantia,
752 1614 958 1670 trinum
989 1615 1044 1670 in
1073 1617 1327 1687 personis
1359 1636 1372 1673 :
1405 1632 1503 1673 rex
1534 1615 1814 1675 Danorum
1846 1619 2080 1677 Araldus

492 1703 740 1781 condixit
767 1707 989 1776 clerico,
1014 1717 1076 1763 ut
1101 1709 1261 1765 ﬁdem
1304 1712 1645 1783 propositam
1677 1728 1710 1768 a
1736 1728 1796 1770 se
1824 1714 2082 1785 probaret

490 1793 809 1867 testimonio
839 1798 1108 1877 veritatis.
1143 1799 1300 1868 Quod
1327 1811 1603 1859 annuente
1631 1804 1850 1871 clerico,
1892 1804 2082 1877 ingen-

489 1883 564 1939 tis
590 1887 850 1956 ponderis
891 1889 1100 1946 ferrum
1151 1893 1310 1949 valde
1362 1893 1593 1966 ignitum
1643 1897 1897 1959 manibus
1934 1898 2083 1961 illius

488 1974 776 2035 ferendum
824 1982 1166 2054 imponitur;
1198 1987 1347 2056 quod
1371 2003 1499 2043 cum
1534 1988 1772 2067 clericus
1804 1991 2081 2067 usquead

488 2067 753 2145 placitum
784 2072 1033 2130 omnium
1081 2076 1302 2135 tulisset
1343 2077 1554 2150 absque
1583 2078 1691 2137 ulla
1727 2080 1953 2150 lesione,
1985 2096 2082 2137 rex

490 2160 709 2229 penitus
751 2163 963 2234 ahjecta
1009 2166 1283 2236 idolatria,
1316 2185 1377 2225 se
1410 2185 1651 2242 suosque
1695 2172 1765 2227 ad
1791 2173 2080 2231 colendum

488 2265 680 2305 verum
724 2255 903 2310 solum
932 2255 1100 2312 Deum
1129 2260 1429 2333 convertit;
1456 2262 1690 2319 clericus
1719 2279 1848 2320 vero
1874 2263 1942 2320 ad
1966 2265 2081 2338 epi-

490 2351 777 2417 scopatum
800 2356 1090 2419 promotus
1111 2357 1218 2407 est.

561 2433 685 2490 967.
974 2438 1063 2494 50.
1359 2442 1446 2498 12.
1735 2446 1789 2501 6.

561 2525 752 2601 (Mam)
793 2528 1075 2595 Iohannes
1108 2533 1374 2591 Romana:
1418 2537 1681 2596 :ecclesize
1712 2540 1873 2596 l'56'"
1904 2543 2079 2613 presi-

483 2611 577 2674 det
597 2620 688 2652 '°’°
721 2621 920 2695 (ννιυ.)
948 2624 1327 2698 Guigmannus
1361 2629 1454 2685 diu
1477 2639 1668 2687 contra
1689 2611 2076 2704 imperatorem

484 2709 741 2769 Ottonem
762 2716 1002 2786 rebellis,
1040 2734 1070 2774 a
1098 2718 1341 2776 Misacha
1373 2719 1698 2779 Sclavorum
1727 2726 1939 2798 regulo,
1972 2726 2075 2785 im-

436 2884 443 2896 i
481 2805 754 2873 peratoris
784 2808 963 2863 amico
989 2818 1043 2865 et
1064 2810 1256 2878 milite,
1297 2813 1604 2883 perimitur.
1649 2814 1926 2891 (ιιυωιιι.)
1960 2817 2075 2876 Hoc

482 2903 731 2967 tempore
780 2896 1109 2971 Bulgaribus
1163 2903 1586 2962 dominabantur
1630 2907 1727 2962 ﬁlii
1784 2906 2072 2982 Symeonis

481 2984 680 3044 Petrus
701 2999 756 3048 et
776 2989 1015 3062 Bajanus
1039 3012 1054 3062 ;
1088 3011 1323 3067 quorum
1360 2997 1599 3070 Bajanus
1628 3001 1684 3056 in
1713 3011 1831 3060 arte
1858 3005 2069 3071 magica

482 3080 622 3181 adeo
641 3083 876 3181 yalebat,
912 3095 969 3143 ut
1001 3089 1214 3161 quoties
1260 3092 1441 3160 vellet,
1489 3093 1651 3166 lupus
1690 3096 1776 3152 vel
1814 3098 2070 3171 quaelibet
2096 3122 2141 3181 ο

481 3171 597 3230 bra
634 3174 750 3253 ﬁeri
776 3176 1067 3243 videretur,

546 3267 673 3324 968.
963 3272 1060 3349 3i.
1345 3277 1431 3333 l5.
1725 3280 1780 3337 7.

491 3426 497 3443 ἱ
545 3358 635 3429 (Δ.
663 3358 822 3434 Lob.)
864 3361 991 3420 Otto
1024 3365 1207 3423 minor
1238 3383 1271 3424 a
1300 3378 1455 3440 patre
1504 3377 1783 3440 evocatusj
1813 3372 2073 3445 Romam,

481 3463 518 3542 εξ
541 3448 792 3508 Iohanne
816 3469 956 3535 papa
982 3455 1038 3513 in
1071 3458 1456 3530 imperatorem
1485 3463 1843 3523 benedicitur.
1876 3466 2068 3542 (Mam)

480 3536 610 3597 Otto
657 3542 954 3616 imperator
1002 3548 1415 3611 Beneventanus
1456 3554 1625 3613 duces
1673 3536 1918 3628 potentia
1969 3536 2070 3623 sua

480 3629 550 3722 ad
573 3631 967 3702 subjectionem
994 3639 1081 3694 sui
1121 3639 1347 3698 inﬂexit.
1387 3643 1584 3718 (Vl/tu.)
1617 3644 1745 3703 Otto
1774 3646 2072 3722 imperator

480 3721 538 3777 in
562 3732 707 3780 terra
743 3724 1022 3786 Saxonica
1042 3746 1213 3788 venas
1233 3733 1355 3788 auri
1376 3742 1431 3790 et
1451 3736 1663 3808 argenti
1683 3738 1896 3810 primus
1915 3739 2073 3796 indu-

480 3814 615 3870 stria
640 3831 741 3873 sua
763 3820 999 3888 aperuit.

552 4018 650 4091 (ν.
680 4019 873 4093 Deod.)
911 4023 1146 4093 Quidam
1176 4043 1367 4086 eomes
1398 4028 1613 4090 Ottonis
1642 4031 1990 4105 imperatoris
2019 4037 2069 4092 ei

480 4110 792 4181 familiaris,
844 4115 1034 4174 Romae
1071 4128 1200 4177 ante
1239 4123 1432 4181 oculos
1480 4125 1733 4182 omnium
1769 4143 1802 4183 a
1846 4128 2071 4186 diabolo

479 4213 757 4275 arreptus,
785 4206 862 4263 ita
888 4217 950 4267 ut
975 4225 1036 4266 se
1064 4210 1244 4282 ipsum
1265 4214 1527 4273 dentibus
1545 4217 1882 4289 decerperet,
1909 4220 2070 4291 jussu

478 4292 832 4363 imperatoris
850 4298 921 4355 ad
937 4314 1134 4370 papam
1153 4300 1460 4361 Iohannem
1487 4305 1779 4376 adductus,
1803 4319 1865 4367 ut
1881 4319 2075 4371 catena

2188 507 2269 564 Ad
2296 508 2400 564 hoc
2443 508 2678 565 dedecus
2723 506 3115 566 vindicandum
3148 511 3443 583 imperator
3481 510 3611 567 Otto
3643 507 3780 566 emi-

2188 600 2466 657 ncntiores
2497 617 2565 657 ex
2610 598 2726 657 suis
2757 602 2814 656 in
2844 600 3153 659 Calabriam
3206 605 3411 671 mittit;
3457 605 3555 676 qui
3577 603 3779 662 Grecos

2187 692 2448 763 aggressi,
2483 692 2666 762 plures
2712 691 2991 761 occidunt,
3038 695 3223 766 plures
3256 696 3485 752 naribus
3510 696 3780 753 truncatis

2186 776 2571 848 dehonestant,
2603 792 2657 839 et
2684 800 2783 855 per
2823 783 3077 857 Apuliam
3101 794 3155 842 et
3180 785 3491 841 Calabriam
3519 803 3552 841 a
3590 785 3783 843 Grecis

2187 873 2453 929 tributum
2518 874 2763 947 exigunt.
2839 872 3429 948 Constantinopolitani
3493 875 3784 933 audientes

2186 981 2217 1021 a
2282 966 2401 1023 suis
2450 966 2592 1023 male
2641 977 2941 1040 pugnatum
2999 984 3122 1025 esse
3170 968 3227 1025 in
3273 968 3552 1039 Calabria,
3591 979 3782 1026 contra

2186 1055 2571 1128 imperatorem
2604 1074 2766 1115 suum
2796 1054 3113 1116 Niceforum
3138 1059 3452 1135 insurgunt.

2253 1148 2377 1206 970.
2667 1150 2755 1206 55.
3050 1150 3138 1207 15.
3429 1150 3482 1207 9.

2252 1240 2347 1315 (γ.
2407 1240 2600 1317 Deod.)
2663 1240 2999 1298 Deodericus
3048 1241 3397 1299 Mettensium
3460 1242 3785 1314 episcopus,

2185 1334 2500 1405 imperatori
2529 1335 2816 1408 sanguine,
2850 1332 3141 1391 dilectione
3188 1350 3254 1391 ac
3282 1334 3658 1391 familiaritate
3677 1351 3781 1391 cae-

2183 1427 2314 1483 teris
2369 1427 2693 1495 devinctior,
2749 1426 2883 1483 dum
2937 1427 2992 1483 in
3044 1427 3230 1483 Italica
3274 1427 3629 1499 expeditione
3685 1443 3781 1499 per

2183 1516 2479 1574 triennium
2511 1519 2615 1574 sub
2631 1533 2698 1574 eo
2715 1518 2995 1588 militaret,
3019 1519 3191 1575 multa
3216 1530 3446 1590 corpora
3467 1527 3520 1575 et
3547 1519 3781 1591 pignora

2183 1619 2499 1668 sanctorum
2523 1611 2589 1667 de
2616 1610 2848 1667 diversis
2868 1609 3037 1666 ltalize
3060 1610 3197 1668 locis
3227 1627 3576 1683 quocumque
3599 1611 3782 1683 patuit

2183 1704 2348 1761 modo
2375 1703 2611 1778 collegit.
2641 1702 2891 1761 Primum
2923 1720 2954 1760 a
2983 1703 3185 1760 Marsia
3212 1713 3464 1762 sanctum
3495 1703 3778 1776 Elpidium

2112 1763 2157 1843 Β
2184 1791 2578 1861 confessorem,
2606 1792 2766 1864 cujus
2791 1793 3005 1850 socium
3026 1792 3301 1850 Euticium
3340 1794 3457 1866 ipse
3478 1794 3781 1867 imperator

2178 1887 2293 1959 jam
2319 1887 2619 1947 sustulerat
2643 1906 2657 1943 :
2687 1887 2758 1943 ab
2784 1886 3086 1943 Amiternis
3116 1885 3420 1944 Euticetem
3466 1896 3781 1962 martyrem

2182 1994 2308 2037 cum
2331 1979 2579 2055 reliquiis
2626 1977 2868 2036 Maronis
2897 1988 2952 2037 et
2984 1978 3256 2035 Victorini
3301 1980 3585 2037 sociorum
3636 1980 3777 2052 ejus,

2181 2086 2214 2126 a
2263 2068 2508 2143 Fulginis
2549 2067 2883 2125 Felicianum
2928 2068 3245 2142 episcopum
3288 2079 3343 2126 et
3381 2066 3719 2144 martyrem;
3751 2088 3778 2124 a

2180 2158 2409 2216 Perusio
2425 2160 2856 2232 Asclepiotatum
2875 2171 3192 2234 martyrem,
3207 2176 3238 2215 a
3263 2158 3484 2231 Spoleto
3509 2147 3779 2219 Serenam

2181 2265 2481 2327 martyrem
2509 2270 2635 2310 cum
2670 2251 2933 2325 Gregorio
2962 2252 3245 2325 Spoletino
3268 2263 3538 2326 martyre;
3576 2269 3610 2308 a
3644 2253 3779 2308 Cor--

2180 2345 2329 2402 duno
2375 2345 2600 2417 pignera
2646 2340 2917 2399 Vineentii
2946 2343 3201 2421 martyris
3237 2353 3290 2400 et
3317 2343 3514 2413 levitae,
3582 2342 3659 2398 ab
3690 2340 3781 2397 Hi-

2180 2435 2372 2510 spania
2392 2436 2523 2492 olim
2551 2451 2584 2491 a
2617 2433 2834 2491 duobus
2877 2435 3165 2490 monachis
3204 2432 3475 2506 Capuam,
3518 2450 3550 2489 a
3591 2430 3780 2505 Capua

2178 2544 2309 2587 vero
2337 2528 2467 2584 illuc
2488 2527 2807 2600 deportata;
2833 2543 2864 2583 a
2883 2526 3129 2584 Mevania
3157 2527 3393 2583 alterum
3428 2527 3780 2584 Vincentium

2177 2622 2497 2696 episcopum
2527 2630 2582 2678 et
2611 2630 2943 2694 martyrem;
2969 2636 3021 2676 3/
3042 2618 3320 2677 Vincentia
3347 2618 3647 2675 Leontium
3675 2620 3785 2692 epi-

2177 2732 2402 2789 scopum
2434 2724 2488 2773 et
2534 2723 2860 2787 martyrem;
2888 2731 2917 2772 a
2955 2713 3231 2770 Florentia
3258 2714 3537 2770 Miniatem
3576 2725 3781 2788 marty-

2174 2823 2290 2865 rem
2319 2851 2335 2877 ,
2376 2808 2446 2864 ab
2489 2808 2623 2866 urbe
2651 2806 2953 2864 Tuderlina
2978 2806 3339 2863 Fortunatum
3371 2807 3702 2879 episcopum
3732 2816 3781 2862 et

2173 2890 2583 2969 cunfessnrem;
2615 2917 2646 2956 a
2665 2898 2909 2957 Corﬁnio
2933 2897 3156 2954 Luciam
3183 2894 3591 2972 Syracusanam
3620 2898 3780 2973 virgi-
3804 2952 3809 2959 .

2172 3007 2297 3047 nem
2319 3000 2372 3048 et
2396 3001 2713 3065 martyrem;
2735 2991 3046 3048 aFaroaldo
3068 2992 3205 3048 duce
3219 2990 3634 3063 Spoletinorum
3658 2993 3781 3048 olim

2171 3099 2202 3138 a
2266 3082 2555 3158 Syracusis
2614 3084 2743 3141 illuc
2796 3085 3167 3152 translatam;
3224 3100 3255 3141 a
3308 3083 3531 3141 Sabinis
3601 3096 3781 3157 partes

2173 3189 2466 3246 corporum
2508 3173 2662 3231 Proti
2693 3183 2748 3232 et
2800 3173 3027 3231 lacincti
3079 3184 3404 3253 martyrum.
3434 3174 3565 3233 Haec
3599 3179 3777 3235 omnia

2171 3285 2297 3325 cum
2313 3277 2466 3341 parte
2487 3278 2693 3326 catenae
2709 3266 2767 3324 S.
2799 3265 2946 3325 Petri
2968 3260 3221 3340 apustoli,
3247 3284 3371 3326 cum
3396 3269 3620 3341 capillis
3638 3274 3779 3344 ejus-

2170 3362 2318 3433 dem,
2358 3373 2413 3420 et
2440 3364 2707 3436 sanguine
2734 3363 2909 3420 sancti
2938 3360 3198 3434 Stephani
3224 3364 3711 3438 prothomartyris,
3730 3376 3779 3421 et

2169 3465 2325 3529 parte
2361 3455 2429 3513 de
2464 3456 2726 3512 craticula
2749 3455 2926 3513 sancti
2963 3453 3249 3511 Laurentii
3296 3455 3559 3528 martyris
3583 3473 3618 3513 a
3648 3473 3776 3529 papa

2171 3547 2421 3604 Iohanne
2453 3548 2556 3605 sibi
2607 3547 2831 3616 donata,
2876 3564 3001 3604 cum
3047 3546 3172 3603 aliis
3214 3547 3405 3603 multis
3452 3559 3773 3604 sanctorum

2172 3641 2487 3714 pigneribus
2532 3641 2715 3713 presul
2756 3639 3088 3698 Deodericus
3115 3640 3171 3697 in
3213 3640 3442 3698 Galliam
3498 3641 3612 3700 hoc
3640 3660 3777 3700 anno

2172 3740 2473 3817 transtulit,
2519 3749 2573 3803 et
2621 3739 2679 3796 in
2725 3740 2971 3797 aecclesia
2996 3739 3172 3795 sancti
3216 3737 3489 3795 Vincentii
3524 3737 3777 3813 martyris

2174 3849 2208 3890 a
2234 3847 2293 3909 se
2315 3831 2369 3887 in
2400 3831 2582 3897 insula
2611 3832 2765 3888 urbis
2802 3839 3121 3888 constructa
3145 3830 3367 3888 locavit.

2242 3944 2368 4001 971.
2650 3944 2742 4001 54.
3030 3944 3119 4003 ιθ.
3425 3943 3515 4002 ιι).

2244 4034 2441 4108 (Mam)
2465 4036 2625 4108 Apud
2653 4035 3193 4109 Constantinopolim
3218 4035 3569 4109 Nicephorus
3610 4039 3777 4110 impe-

2174 4138 2328 4186 rator
2360 4130 2561 4189 timens
2586 4146 2619 4186 a
2640 4130 2769 4188 ﬁliis
2795 4131 2914 4188 suis
2941 4130 3173 4202 impe'rio
3198 4131 3421 4202 expelli,
3449 4131 3591 4202 quia
3616 4148 3773 4189 senex

2176 4228 2315 4286 erat,
2352 4219 2570 4277 volebat
2614 4235 2713 4277 eos
2757 4220 3149 4291 eunuchizare.
3200 4220 3451 4289 Quorum
3479 4233 3668 4280 mater
3695 4237 3775 4281 re-

2177 4313 2327 4384 gina,
2348 4313 2480 4383 quia
2509 4313 2792 4381 nulloalio
2813 4314 2979 4369 modo
3006 4322 3222 4385 poterat
3247 4329 3347 4373 eos
3371 4314 3638 4384 liberare,
3661 4329 3777 4375 sua-

480 4386 659 4478 sancti
684 4386 831 4445 Petri
857 4391 1001 4448 collo
1018 4393 1145 4464 ejus
1172 4395 1629 4467 circumdaretur,
1650 4400 1788 4458 dum
1809 4419 1841 4458 a
1861 4401 2074 4462 fallaci—
2104 4471 2140 4478 Α
2178 4404 2255 4460 sit
2283 4402 2522 4461 Iohanni
2556 4403 2927 4475 Nicephorum
2960 4405 3211 4463 cecidere
3256 4415 3314 4463 et
3353 4406 3653 4478 imperare.
3688 4404 3774 4463 Io-

474 4476 587 4537 bus
613 4480 830 4540 clericis
858 4484 1030 4542 semel
1056 4495 1113 4543 et
1137 4486 1351 4547 bisalia
1377 4504 1572 4549 catena
1600 4491 1804 4551 furenti
1844 4495 2073 4559 adhibe-
2103 4471 2152 4533 θ
2179 4496 2392 4555 hannes
2415 4497 2600 4567 itaque
2618 4471 2831 4555 occulte
2851 4511 2978 4559 eum
3002 4497 3228 4561 funibus
3240 4471 3465 4557 intravit
3485 4499 3771 4569 palatium.

477 4578 653 4639 retur,
683 4589 785 4632 nec
810 4577 1108 4650 quicquam
1156 4583 1384 4640 remedii
1414 4586 1763 4655 proveniret,
1791 4588 1887 4645 ubi
1922 4589 2061 4647 nihil

478 4676 600 4724 erat
626 4669 884 4731 virtutis:
914 4675 1132 4732 tandem
1159 4692 1291 4735 vera
1339 4678 1516 4735 sancti
1545 4679 1693 4737 Petri
1724 4682 1956 4740 cathena
1987 4683 2070 4741 al-

479 4759 592 4816 lata
618 4770 674 4817 et
703 4764 843 4819 collo
870 4764 1104 4824 furentis
1131 4769 1497 4838 circumdata,
1525 4772 1778 4829 diabolus
1804 4790 2073 4845 spumans

479 4858 537 4909 et
559 4851 791 4908 multum
814 4854 1062 4914 clamans
1085 4858 1373 4917 abscessit.
1405 4858 1582 4927 Quam
1608 4862 1898 4919 eathenam
1926 4864 2071 4922 Deo-

474 4942 701 5001 derieus
726 4944 1009 5004 Mettensis
1032 4959 1329 5021 arreptam,
1352 4966 1480 5007 cum
1504 4952 1712 5010 dicem
1731 4968 1793 5011 se
1816 4969 1940 5012 eam
1963 4957 2071 5014 nisi

476 5045 648 5089 manu
694 5035 907 5092 abscisa
944 5053 1056 5094 non
1097 5040 1481 5110 dimissurum,
1524 5045 1744 5100 tandem
1776 5044 2075 5117 imperator

480 5125 672 5182 sedato
718 5126 894 5200 litigio
933 5146 966 5187 a
1000 5147 1140 5203 papa
1175 5131 1428 5190 Iohanne
1472 5136 1729 5206 optinuit,
1759 5145 1820 5193 ut
1844 5140 2072 5195 anulum

480 5217 650 5288 hujus
676 5228 883 5277 catenae
905 5233 1185 5281 exsectum
1206 5225 1502 5297 episcopus
1522 5238 1846 5286 mereretur.
1873 5231 2072 5303 (Wio.)
2098 5298 2103 5301 τ

480 5307 787 5382 Imperator
828 5312 957 5369 Otto
1002 5315 1133 5370 dum
1170 5326 1380 5388 partem
1427 5319 1705 5376 exercitus
1753 5321 1820 5377 ad
1870 5322 2075 5381 Grecos

480 5398 743 5469 misisset,
790 5410 852 5457 ut
899 5418 1126 5459 uxorem
1172 5405 1286 5461 ﬁlio
1337 5423 1441 5462 suo
1492 5408 1679 5465 Ottoui
1735 5412 2069 5483 acciperent.

464 5488 640 5546 Croci
666 5506 835 5563 super
852 5509 955 5550 eos
980 5495 1219 5563 irrumat,
1250 5507 1430 5555 castra
1456 5501 1742 5572 diripiunt,
1769 5504 1953 5576 plures
1974 5521 2067 5563 oc-

2173 4596 2232 4644 et
2257 4588 2443 4645 occiso
2476 4587 2788 4660 Nicephoro
2821 4589 3131 4660 imperavit.

2245 4678 2372 4735 972.
2538 4736 2541 4739 ,
2659 4680 2750 4747 55,
3047 4680 3132 4736 17.
3426 4682 3479 4739 ‘l.

2241 4767 2332 4839 (Α.
2362 4766 2522 4839 Lob.)
2547 4767 2674 4824 Otto
2722 4768 3022 4839 imperator
3047 4769 3236 4826 Romae
3254 4768 3440 4825 Ottoni
3464 4772 3773 4843 coimpera-

2172 4858 2281 4914 tori
2302 4874 2405 4916 suo
2430 4868 2644 4930 neptem
2668 4857 2935 4916 Iohannis
2954 4859 3574 4933 Constantinopolitani,
3600 4861 3773 4917 Theo-

2176 4953 2362 5023 phanu
2436 4951 2679 5019 nomine,
2731 4968 2764 5009 a
2824 4950 3076 5011 Iohanne
3140 4969 3282 5025 papa
3346 4962 3674 5009 coronatam
3716 4951 3768 5006 in

2175 5045 2420 5118 legitimo
2465 5044 2821 5101 matrimonio
2858 5044 3115 5101 sociavit.
3162 5042 3452 5118 (Ausum)
3491 5042 3765 5116 Notgerus

2178 5137 2469 5193 ordinatur
2491 5137 2782 5208 episcopus
2807 5135 3245 5193 Leodicensium.
3270 5134 3372 5190 Hic
3391 5135 3586 5192 urbem
3613 5150 3771 5190 muro

2180 5229 2572 5297 circumduxit,
2604 5228 2836 5286 ediﬁciis
2882 5229 3218 5297 honestavit,
3267 5231 3529 5302 majorem
3576 5228 3767 5287 eccle-

2183 5323 2322 5378 siam
2348 5338 2580 5394 corpore
2605 5322 2782 5379 sancti
2816 5321 3096 5378 Lamberti
3133 5322 3453 5394 insignium
3494 5338 3527 5379 a
3572 5321 3767 5382 tunda-

2183 5422 2370 5471 mento
2417 5415 2720 5480 renovavit,
2745 5413 3059 5469 ccenobium
3103 5413 3277 5468 sancti
3297 5411 3565 5468 Iohannis
3601 5426 3765 5466 evan-

2182 5506 2393 5578 gelistae
2416 5507 2469 5562 in
2503 5506 2685 5562 insula
2704 5505 2966 5565 (fundavit
2988 5504 3079 5557 “°.
3150 5530 3153 5533 ι

1805 5616 2043 5672 νΑιιιΑεῖ
2082 5617 2486 5675 LECTIONI‘ZS.

548 5676 772 5759 ξοξνρ-οδε
804 5680 914 5733 lucc
942 5681 997 5734 in
1031 5682 1077 5759 1ζ
1114 5682 1594 5759 ln‘zeaetdimidia
1625 5703 1777 5741 erasa
1822 5697 1920 5743 est.
1956 5687 2165 5759 Reliqui
2197 5689 2274 5742 m'l
2301 5689 2377 5744 ibi
2412 5691 2625 5745 habent.
2704 5689 2775 5721 '°"
2812 5687 3090 5743 Iohannes
3111 5717 3180 5726 —-
3208 5686 3450 5757 presidet
3477 5687 3667 5759 desunt
3699 5682 3757 5736 Β.

486 5746 556 5830 ξ¹⁰
595 5745 866 5819 Notgerus
912 5780 993 5830 _—-
1049 5752 1398 5830 fundavitiu
1424 5756 1673 5830 infcriori:
1719 5759 1954 5830 triargine
2009 5745 2122 5830 Sig}.
2157 5762 2303 5813 curis
2323 5762 2534 5830 tertiis;
2574 5761 2689 5815 rell.
2731 5759 2830 5814 llic
2860 5775 2973 5813 cum
3001 5745 3345 5828 quaternione
3389 5756 3604 5824 desinit,
3649 5768 3763 5827 quc

486 5815 750 5889 [meusque
780 5823 957 5875 omnia
985 5825 1220 5894 scripsit,
1255 5815 1514 5895 εἰαρινοῖιὶ
1547 5843 1756 5882 manus.
1793 5815 2048 5899 SEquilur
2073 5815 2365 5888 Vauatcruio
2403 5844 2435 5880 α
2469 5815 2628 5886 manu
2668 5831 2896 5885 secunda
2932 5815 3206 5884 (Iuratus.
