3914 6314
128 348 218 426 ςθὲ.

177 474 289 532 975.
480 468 541 522 R.
582 466 671 521 59.
854 465 917 519 F.
975 463 1059 518 18.
1242 464 1304 517 C.
1341 463 1393 517 2.

188 564 363 639 (thin)
399 558 709 629 Stephanus
753 556 822 588 ἰι
881 554 1144 611 Romana),
1200 555 1463 610 mcclesim
1518 554 1678 609 157M

122 656 352 732 prcsidet.
401 653 422 723 (
452 650 641 717 BALD.,
696 666 736 715 1,
782 648 899 718 94.)
953 645 1083 702 Otto
1138 646 1326 703 senior
1382 639 1684 716 impt'rator

116 750 248 813 obiit,
287 744 445 815 cujus
491 742 658 797 vitam
716 738 1154 796 Guindicbindus
1229 738 1533 794 monachus
1588 738 1685 793 de-

117 840 325 912 scripsit,
379 835 473 908 qui
525 835 690 890 etiam
750 832 1053 904 hysteriam
1110 830 1389 886 Saxonum
1419 845 1594 902 usque
1615 832 1683 888 ad

118 937 244 991 hunc
286 943 495 986 annum
543 923 895 996 conscripsit.
949 920 1077 977 Otto
1123 922 1400 978 secundus
1448 921 1685 993 imperat

116 1023 257 1080 annis
279 1020 362 1076 10.
391 1018 479 1089 (Α.
529 1014 719 1087 Leod.)
752 1014 1061 1087 Raginerus
1108 1020 1164 1069 et
1189 1012 1540 1081 Lantbertus,
1585 1014 1683 1069 filii

116 1112 343 1186 Ragineri
372 1109 698 1182 Longicolli,
745 1107 1014 1179 paulatim
1066 1106 1367 1177 resumptis
1409 1105 1621 1161 viribus
1650 1122 1682 1163 a

120 1208 326 1264 Francia
354 1205 607 1271 redeunt,
646 1208 702 1258 et
729 1214 853 1257 cum
879 1199 1166 1257 Guarner‘o
1196 1208 1249 1255 et
1277 1197 1561 1267 Rainaldo,
1589 1199 1682 1270 qui

116 1297 404 1354 comitatu-1n
447 1293 621 1366 patris
645 1306 837 1348 eorum
901 1298 1325 1360 occupaverant,
1362 1289 1504 1345 bello
1535 1289 1679 1361 apud

114 1390 383 1444 Pcrronam
426 1385 749 1457 conﬂigunt,
781 1397 990 1453 eosque
1020 1395 1147 1437 cum
1173 1380 1362 1436 multis
1384 1373 1680 1452 perimunt;

113 1491 157 1537 et
175 1495 322 1552 super
338 1477 585 1550 Hagnam
612 1475 767 1548 (205)
784 1474 1011 1529 ﬂuvium
1034 1472 1262 1529 castello
1282 1471 1397 1527 Bux
1406 1472 1509 1528 [1th
1530 1470 1681 1563 (206)

112 1576 296 1632 munito
323 1570 740 1643 Lotharingiam
791 1566 1073 1623 infestant.
1107 1564 1203 1639 (V.
1248 1564 1462 1637 Wenc.)
1494 1564 1684 1621 Guenc-

114 1665 296 1721 cezlaus
326 1659 842 1734 princeps'nBoeinize
865 1674 896 1712 a
936 1655 1107 1712 fratre
1146 1670 1256 1712 suo
1281 1654 1525 1711 Bolizlao
1551 1670 1682 1726 pro-

1539 346 1907 405 ClillUNlGA.

1716 471 1758 525 Α
1791 461 1975 516 multis
2005 461 2227 532 insuper
2257 464 2525 518 conducto
2547 463 2844 528 beneficiis,
2883 473 2939 520 ut
2965 474 3019 521 et
3046 465 3161 537 ipse
3188 467 3256 521 ah
3279 468 3368 524 in-

3263 336 3365 407 tot

1783 552 2028 609 solcntiis
2074 553 2323 621 desistat,
2368 562 2423 611 et
2473 555 2658 611 fratris
2703 557 2788 610 sui
2838 554 3080 612 Lotharii
3126 559 3369 614 motibus

1781 648 2037 703 obsistat.
2069 646 2205 719 (Ῑὸ.)
2237 646 2360 703 Filii
2385 647 2641 720 Ragincri
2674 660 2732 704 ut
2762 662 2863 720 pro
2891 664 2951 705 se
2972 649 3204 705 viriliter
3237 650 3367 723 age-

1781 748 1922 808 rent,
1959 741 2181 796 animati
2206 739 2541 797 Francorum
2567 740 2773 797 auxilio
2801 751 2853 797 et
2875 741 3136 799 affinitate
3160 766 3230 783 -ο
3258 742 3370 800 Ra-

1777 826 2004 905 ‘ginerus
2033 834 2234 905 quippe
2285 832 2615 889 Hathuidem
2670 834 2837 889 tiliam
2889 833 3136 907 llugonis
3175 836 3364 907 p05tea

1781 925 1945 997 regis,
2002 926 2332 982 Lantbertus
2390 941 2522 981 vero
2575 925 2904 999 Gcrbergam
2957 927 3124 982 tiliam
3176 926 3362 982 Karoli

1780 1016 1938 1075 ducis
1960 1020 2161 1075 duxere
2177 1035 2374 1076 uxores
2397 1019 2546 1092 (207)
2570 1051 2640 1060 —
2662 1020 2714 1075 in
2738 1028 2880 1076 terra
2902 1029 3119 1091 patrum
3144 1003 3378 1076 suorum

1776 1106 2003 1167 ‘reloeati
2036 1119 2184 1167 sunt.
3166 1120 3169 1123 ‘

1850 1199 1974 1258 978.
2424 1203 2479 1260 5.
2922 1200 3014 1259 25.

1851 1292 2038 1366 (ΒΑΜ).
2069 1309 2107 1359 1,
2156 1293 2271 1363 96.)
2324 1292 2527 1349 Pacato
2564 1294 2809 1365 undique
2842 1306 3029 1367 regno,
3075 1290 3201 1350 eum
3246 1292 3374 1351 Otto

1782 1383 2077 1455 imperator
2125 1384 2457 1456 Aquisgrani
2518 1395 2828 1441 moraretur
2861 1429 2876 1454 ,
2928 1385 3224 1443 Lotharius
3277 1403 3372 1442 rex

1781 1474 2115 1532 Francorum
2171 1477 2356 1533 subito
2415 1478 2481 1533 ad
2535 1478 2895 1534 invadendam
2959 1470 3373 1551 Lotharingiam

1780 1568 2102 1635 contendit;
2135 1580 2189 1625 et
2218 1571 2442 1626 tollente
2492 1571 2844 1641 imperatore,
2875 1572 3003 1643 quia
3035 1572 3100 1628 ad
3132 1589 3372 1644 pugnam

1784 1658 2086 1730 imparatus
2114 1670 2250 1729 erat,
2282 1676 2377 1717 rex
2406 1671 2528 1732 post
2571 1664 2799 1719 multam
2830 1664 3190 1722 vastationem
3218 1681 3374 1746 repa-

116 1766 215 1829 pter
234 1753 636 1827 preripiendum
654 1751 1022 1822 principatum
1052 1748 1464 1820 martyrizatus,
1487 1747 1682 1803 urbem
1715 1824 1750 1831 _
1782 1751 1987 1807 ’t-riavit.
2031 1751 2204 1820 Quem
2244 1769 2368 1810 cum
2403 1753 2753 1812 inestimahili
2796 1757 3037 1813 exercitu
3077 1758 3376 1831 imperator

114 1824 336 1920 imam.
379 1824 478 1901 ubi
513 1842 833 1914 requiescit.
876 1839 1073 1896 multis
1105 1837 1388 1894 miraculis
1419 1836 1677 1893 illusum.
1715 1824 1758 1880 Β
1782 1853 2128 1914 prosecutus,
2152 1846 2407 1901 condicto
2437 1846 2544 1916 dic,
2574 1849 2783 1904 scilicet
2815 1848 3071 1906 Kalendis
3095 1824 3371 1919 octobris,

170 1941 283 1997 974;
594 1936 645 1991 1.
963 1934 1053 1990 19.
1382 1930 1435 1985 3.

170 2032 246 2103 (Α.
268 2028 453 2101 Leod.)
472 2026 794 2095 Ratherius,
820 2025 889 2082 de
909 2008 1021 2097 quo
1042 2034 1127 2080 est
1144 2024 1250 2080 hoc
1274 2024 1677 2079 monosticum:

214 2122 418 2177 Verona:
442 2119 645 2192 presul,
670 2118 762 2173 sed
798 2127 876 2173 ter
916 2117 1202 2172 Ratherius
1237 2114 1383 2183 exul,
1479 2132 1485 2137 ·

116 2214 234 2286 apud
254 2212 447 2270 Lobias
481 2210 741 2268 moritur.
768 2209 959 2283 (BALD.
983 2225 1023 2277 1,
1047 2208 1164 2281 95.)
1193 2207 1397 2263 Contra
1421 2204 1677 2261 Ottonem

119 2308 465 2377 imperatorem
513 2300 744 2361 rebellat
772 2301 1035 2375 patruelis
1072 2300 1194 2372 ejus
1233 2298 1524 2356 Heinricus
1566 2299 1679 2354 dux

119 2398 479 2469 Bajoariorum.
514 2395 642 2453 Otto
672 2397 971 2467 imperator
1000 2393 1286 2450 castellum
1312 2391 1552 2447 Buxudis
1579 2390 1681 2445 ob-

122 2491 252 2558 sidet,
285 2501 502 2562 captam
536 2489 726 2556 diruit,
777 2496 969 2559 captos
1004 2487 1058 2541 in
1087 2501 1153 2541 eo
1177 2485 1387 2540 exiliat.
1452 2481 1565 2539 Nec
1603 2491 1683 2537 ta-

124 2598 223 2638 men
256 2581 563 2655 Raginerus
596 2596 627 2635 a
660 2579 958 2636 rebellione
987 2575 1223 2633 desistit.

178 2674 287 2731 975.
574 2671 630 2726 2.
919 2669 1012 2723 20.
1304 2667 1358 2722 4.
1512 2710 1517 2715 .

180 2763 253 2836 (Α.
280 2763 465 2835 Leod.)
514 2762 654 2819 Gelu
699 2771 959 2834 magnum
992 2768 1023 2815 a
1056 2757 1314 2816 Kalendis
1357 2757 1683 2815 Novembris

126 2872 269 2928 usque
299 2856 362 2913 ad
407 2854 803 2928 aequinoctium
851 2852 1090 2909 Vernale.
1126 2850 1314 2924 (BALD.
1350 2866 1389 2918 1,
1415 2849 1531 2921 94.)
1557 2847 1683 2905 Otto

126 2950 383 3019 imperator
452 2948 774 3005 Heinricum
835 2947 1031 3003 ducem
1079 2940 1185 3001 sibi
1236 2943 1512 3015 subjugat.
1564 2939 1682 2997 Ma-

125 3040 242 3110 jolus
268 3042 437 3099 abbas
456 3039 844 3097 Cluuiaeensis
875 3037 1162 3095 sanctitate
1201 3044 1255 3091 et
1284 3035 1547 3106 religione
1571 3033 1686 3088 cla-

128 3142 209 3188 ret.

184 3224 292 3282 976.
348 3282 351 3283 ,
562 3227 616 3281 5.
642 3278 649 3283 ,

184 3314 351 3388 (Mm)
387 3314 543 3372 Obiit
568 3323 795 3372 sanctus
834 3312 1127 3370 Udalricus
1159 3312 1228 3344 ²¹²
1274 3307 1683 3380 Ausburgensis

131 3406 186 3441 ’“
213 3408 486 3479 episcopus
513 3426 529 3476 ;
556 3407 716 3478 cujus
743 3407 852 3462 vita
873 3406 1055 3478 qualis
1085 3404 1270 3472 fuerit,
1294 3417 1421 3457 mox
1449 3401 1688 3457 miracu-

133 3495 283 3565 lorum
299 3495 464 3571 gloria
487 3496 768 3569 patefecit.
797 3495 987 3573 (ΒΑω.
1015 3512 1053 3563 1,
1080 3492 1228 3564 100.)
1247 3490 1373 3548 Otto
1393 3492 1688 3561 imperator

133 3599 288 3644 contra
316 3589 545 3646 Selavos
565 3589 949 3661 proﬁciscitur.
977 3587 1088 3661 (Ib.
1121 3586 1241 3657 95.)
1268 3584 1392 3640 Filii
1425 3582 1687 3654 Ragineri

135 3679 414 3753 Longicolli,
463 3683 677 3739 auxilio
728 3681 1067 3737 Francorum
1117 3688 1172 3735 et
1214 3678 1455 3733 mavime
1503 3675 1689 3730 Karoli

900 3224 992 3279 21.
1305 3221 1359 3275 5.

137 3782 291 3845 postea
329 3776 484 3833 ducis
522 3774 666 3842 freti,
716 3775 996 3829 lacessunt
1035 3772 1179 3828 bello
1228 3769 1582 3845 Godefridum
1636 3779 1691 3824 ct

136 3860 383 3923 Amulium
428 3867 684 3935 comites,
726 3866 822 3939 qui
850 3873 977 3938 post
996 3864 1341 3921 Guarncrum
1369 3862 1690 3919 comitatum

138 3954 431 4016 Montensem
478 3962 816 4016 invaserant.
885 3959 1125 4014 Montem
1173 3954 1539 4012 Castrilocum
1588 3955 1690 4010 ob-a

138 4050 299 4108 sideut.
338 4053 522 4109 Multis
553 4053 831 4123 utrimque
879 4052 932 4106 in
975 4048 1231 4107 conflictu
1275 4048 1433 4115 fusis,
1477 4047 1693 4104 obsidio

140 4154 310 4201 remota
333 4156 432 4202 est.
483 4144 724 4202 Victoria
777 4161 1010 4217 anceps;
1063 4144 1226 4199 datur
1280 4150 1462 4197 tamen
1511 4141 1691 4212 palma

140 4236 408 4295 comitibus.

192 4326 297 4383 977.
580 4331 634 4385 1.
907 4327 998 4382 22.
1284 4326 1338 4382 6.

195 4416 274 4486 (γ.
306 4419 520 4494 Λάαιὺ.)
549 4419 786 4476 Sanctus
815 4418 1111 4475 Guicthcht
1139 4415 1434 4491 Pragensis
1476 4416 1689 4487 episco-

139 4517 237 4572 Pus,
260 4520 613 4581 cognomento
654 4511 1003 4577 Adelbertus,
1032 4510 1324 4566 sanctitate
1350 4517 1405 4564 et
1440 4508 1689 4563 doctrina

140 4598 257 4665 apud
281 4599 525 4659 Wiuidos
541 4604 727 4659 claret.
748 4602 896 4659 Gens
911 4602 1266 4658 Liutitiorum
1292 4602 1361 4658 ad
1383 4600 1691 4657 idolatriam

140 4691 394 4749 revolvitur
417 4696 507 4751 ²¹⁵.
543 4695 711 4770 (ΒΑιῐ)
760 4713 798 4764 1,
852 4694 1000 4768 100.)
1045 4694 1288 4751 Ducatus
1320 4691 1693 4763 Lotharingize

142 4777 274 4839 datur
330 4786 529 4845 Karolo
615 4788 770 4844 fratri
828 4787 1075 4844 Lotharii
1132 4789 1275 4850 regis
1329 4786 1691 4853 Francorum,

198 5033 253 5066 ²¹¹
295 5036 472 5094 Dnnus
516 5039 671 5095 habet
694 5040 758 5097 Ι).

1785 1935 2072 1994 Frauciam
2103 1937 2354 2007 intravit’;
2375 1955 2541 2011 quam
2566 1956 2741 2011 usque
2762 1942 2827 1997 ad
2853 1940 3124 1998 Kalendas
3150 1939 3374 1998 Decem-

1782 2019 2273 2104 brispervagatus,
2306 2033 2441 2090 lines
2486 2032 2860 2102 Remensium,
2892 2016 3373 2104 Laudunensiuni,

1788 2124 2168 2194 Suessionum,
2185 2135 2239 2182 et
2266 2126 2660 2183 Parisiensium
2699 2128 2913 2185 diversa
2938 2127 3090 2184 clade
3118 2108 3373 2196 vastavit,

1785 2219 2048 2276 {ecclesiis
2080 2231 2291 2275 tantum
2320 2219 2412 2275 Dei
2444 2220 2592 2275 omni
2631 2220 2977 2275 immunitate
3005 2236 3286 2276 concessa.
3316 2219 3376 2277 In

1787 2311 2063 2368 redeundo
2087 2321 2269 2367 tamen
2301 2313 2447 2368 circa
2490 2314 2738 2367 Axonam
2778 2311 3002 2368 ﬂuvium
3032 2322 3240 2385 partem
3268 2313 3375 2368 i111-

1785 2405 2225 2477 pedimenlorum
2256 2405 2460 2460 amisit.
2496 2403 2788 2476 (ALFI-281'.)
2813 2405 2888 2461 De
2923 2388 3011 2462 his
3040 2406 3262 2478 quidam
3297 2421 3381 2485 re-

1787 2496 1975 2554 clusus
2004 2497 2261 2569 predixit,
2287 2497 2435 2568 quod
2479 2511 2672 2553 omnes
2713 2497 2878 2568 hujus
2907 2498 3037 2554 mali
3070 2498 3378 2554 inccntores

1787 2602 1913 2647 ante
1937 2588 2282 2662 septcnuium
2312 2599 2662 2645 morerentur
2690 2583 2862 2662 (208).
2918 2654 2924 2661 ,

1858 2681 1983 2739 979.
2436 2681 2489 2737 6.
2923 2681 3015 2738 24.
3352 2740 3357 2751 _

1812 2776 1818 2786 '
1849 2771 2025 2845 Ignea:
2053 2773 2200 2829 acies
2229 2774 2360 2830 visa:
2403 2782 2532 2829 sunt
2560 2772 2615 2828 in
2662 2771 2793 2829 caelo
2823 2789 2920 2844 per
2945 2780 3114 2830 totam
3159 2783 3378 2841 noctem

1787 2865 1820 2921 5
1848 2863 2116 2921 Kalendas
2170 2850 2512 2921 Novembris.
2547 2862 2663 2921 Hoc
2678 2866 2831 2921 'anno
2866 2867 3210 2937 complentur
3232 2866 3379 2922 mille

1787 2959 1917 3013 anni
1955 2974 1987 3013 a
2011 2958 2295 3013 nativitatc
2320 2958 2545 3026 Christi,
2571 2959 2874 3015 secundum
2902 2959 3184 3016 veritatem
3213 2944 3380 3017 cvan-

1786 3050 1934 3121 ‘gelii,
1981 3048 2076 3124 qui
2125 3051 2429 3108 secundum
2462 3051 2677 3124 cyclum
2725 3051 2955 3108 Dionisii
2991 3067 3136 3107 anno
3177 3050 3379 3131 abbine

1785 3142 1849 3197 21
1922 3143 2216 3212 finiuntur;
2263 3144 2455 3215 sicque
2501 3144 2555 3198 in
2599 3159 2746 3201 anno
2787 3144 3079 3201 dominicae
3104 3142 3379 3221 passionis

1785 3235 2002 3291 veritati
2025 3237 2352 3308 evangelica;
2378 3235 2703 3294 contraitur.

1859 3350 1982 3407 980.
2065 3403 2068 3405 Α
2434 3350 2488 3405 7.
2914 3348 3009 3406 25.

1859 3445 1948 3516 (Α.
1984 3443 2170 3514 Leod.)
2191 3440 2320 3498 Otto
2358 3442 2659 3512 imperator
2686 3450 2743 3496 et
2775 3438 3074 3495 Lotharius
3100 3452 3195 3493 rex
3234 3451 3374 3493 con-

1788 3538 2071 3597 venientes
2104 3549 2272 3605 super
2298 3531 2506 3589 Karum
2536 3531 2764 3587 ﬂuvium
2794 3530 2945 3601 (209)
2989 3528 3375 3600 pacilleantur,

1788 3628 1934 3687 datis
1958 3626 2190 3683 invicem
2210 3623 2578 3683 sacramentis
2599 3640 2617 3691 ;
2637 3631 2693 3678 et
2725 3635 2821 3676 rex
2848 3619 3144 3676 Lotharius
3169 3619 3377 3676 Lotha-

1790 3720 2026 3793 ringiam
2051 3715 2291 3788 abjurat.
2331 3713 2523 3788 (Bue.
2550 3729 2590 3778 1,
2613 3710 2759 3782 103.)
2782 3708 2911 3766 Otto
2942 3712 3240 3781 imperator
3272 3708 3381 3764 Ita-

1789 3816 1922 3878 liam
1956 3812 2109 3883 petit.
2138 3807 2376 3881 (Transi.
2416 3805 2477 3862 S.
2501 3805 2591 3877 L.)
2614 3804 2860 3875 Corpora
2881 3811 3199 3860 sanctorum
3231 3801 3379 3857 Lana.-

1791 3905 1996 3973 doaldi,
2017 3902 2261 3968 Adriani,
2289 3898 2530 3961 Amantii
2551 3907 2606 3954 et
2624 3897 2883 3963 aliorum.
2905 3910 2937 3955 a
2958 3894 3378 3961 Wentreshovo,

1793 3997 2084 4055 llasbanize
2103 3995 2226 4052 vico
2246 3992 2657 4049 transferuntur
2684 3989 3005 4046 Gandavum
3034 4004 3179 4044 cum.
3208 3988 3381 4044 multa
3426 4008 3427 4015 η

1792 4089 2189 4149 miraculorum
2216 4084 2390 4157 gloria
2414 4082 2586 4153 (210).

1862 4228 1985 4285 981.
2415 4218 2469 4274 8.
2894 4215 2984 4270 23.
3358 4266 3361 4267 ν

1866 4317 2057 4394 (Mam)
2082 4315 2398 4387 Stephanus
2421 4310 2682 4369 Romamn
2709 4307 2971 4363 :ecclesiae
3014 4304 3175 4360 1'58“
3201 4298 3379 4376 presi-

1793 4415 1886 4471 det
1910 4413 2003 4466 "'.
2023 4408 2151 4466 Otto
2180 4408 2478 4478 imperator
2516 4399 2768 4471 Apuliam
2794 4409 2847 4453 et
2876 4396 3181 4453 Calabriam
3217 4393 3385 4449 italiae

1793 4501 2106 4578 provincias
2120 4501 2186 4556 ad
2200 4500 2293 4572 jus
2314 4497 2468 4570 regni
2494 4495 2794 4552 Grecorum
2817 4488 3183 4561 appendcntes
3205 4498 3387 4567 trans:-

1799 4596 1941 4653 ferre
1998 4593 2065 4650 ad
2117 4590 2408 4663 imperium
2465 4586 2774 4642 Romanum
2839 4589 3104 4647 conatur;
3147 4578 3385 4634 maxime

1800 4697 2021 4761 propter
2050 4685 2388 4748 afﬁnitatem,
2417 4694 2584 4752 quam
2620 4691 2718 4748 per
2740 4688 2966 4730 uxorem
3002 4686 3159 4727 suam
3201 4668 3384 4726 Theo-

1794 4780 1983 4852 phanu
2018 4792 2145 4836 cum
2170 4772 2496 4846 imperatore
2520 4769 2822 4828 Grecorum
2844 4765 3098 4821 habebat.

1428 4939 1660 4996 νΑΒΙτΕ
1698 4934 2101 4994 LECTIONES.

856 5042 926 5074 ¹¹¹
964 5039 1258 5096 waldricus
1290 5037 1349 5092 D.
1411 5036 1494 5103 ,⁸⁸³
1528 5030 1939 5105 Anshurgcnsis
1968 5030 2089 5084 85'.
2129 5025 2254 5105 02η
2278 5025 2342 5078 D.
2415 5023 2485 5054 '“
2517 5020 2683 5105 ϐ.
2733 5032 2788 5101 ο.
2822 5012 3382 5105 iarLinJraﬁrqlz

143 5086 669 5183 et]:
694 5086 825 5183 "qui
874 5086 1418 5183 eoru'iitmloeoyz—abet
1442 5124 1460 5161 :
1483 5086 2008 5183 quiapudollrutios
2043 5097 2439 5183 martjrizat11s,
2476 5091 2665 5147 multis
2716 5087 2996 5144 miraculis
3028 5086 3382 5154 gloriﬁcatur.

146 5170 218 5228 Ῐια
242 5178 392 5248 igitur
425 5179 536 5252 Sig.
577 5168 759 5253 primo
775 5183 1037 5238 ediderat.
1111 5182 1182 5212 ⁸⁸⁸
1226 5168 1540 5249 Stephanus
1565 5168 1902 5247 —-'presidet
1941 5173 2129 5226 desum
2162 5168 2224 5221 D.

1642 5285 1878 5344 NOTAE.

279 5382 327 5443 5)
360 5383 437 5441 La
468 5385 657 5443 Baiae.

279 5382 308 5439 5
360 5383 437 5441 La
468 5385 657 5443 Baiae.

186 5377 333 5595 ἓξὲξ
369 5453 623 5514 Boussoit
651 5469 819 5528 prope
844 5451 1068 5510 Bincbe.
1611 5522 1622 5535 ι

220 5520 282 5575 20
369 5524 490 5583 ﬂare
532 5528 677 5583 unde
706 5534 956 5595 sumpta,
994 5540 1102 5580 non
1139 5531 1369 5580 constat.
1413 5521 1622 5595 Error:

220 5520 333 5596 207)
369 5524 490 5583 ﬂare
532 5520 677 5583 unde
706 5520 957 5596 sumpta,
994 5540 1102 5580 non
1139 5531 1369 5580 constat.
1413 5521 1583 5596 Error
1602 5522 1695 5596 fin-

149 5595 486 5666 essevidetur,
525 5614 653 5655 cum
695 5594 873 5666 neque
913 5594 1088 5666 Hugo,
1125 5603 1290 5650 natus
1321 5602 1529 5666 posta.
1562 5594 1698 5663 958,9

152 5612 486 5664 casevioetur,
525 5614 653 5655 cum
695 5612 873 5666 neque
915 5612 994 5648 nu
1036 5612 1088 5663 o,
1125 5612 1290 5650 natus
1321 5612 1444 5665 posr
1478 5612 1529 5647 a.
1562 5612 1692 5662 aee,

152 5668 298 5736 praue
324 5662 567 5736 Karolus,
594 5676 757 5724 natus
782 5612 1125 5736 a.9}5,§1oe
1151 5674 1395 5736 tempore
1424 5664 1562 5720 filias
1588 5681 1692 5719 nu-

152 5723 468 5808 hiIt—gbabere
494 5723 786 5808 potuerint.
814 5723 1089 5808 HIRSCH.

214 5801 341 5874 (208)
379 5801 542 5865 Verba
593 5810 665 5864 De
706 5810 789 5862 his
815 5805 1255 5876 ——morere11tur,
1297 5826 1420 5881 qua:
1459 5824 1567 5864 11011
1615 5808 1689 5862 le-

1801 5385 2004 5453 guntur
2032 5376 2182 5453 apud.
2204 5368 2913 5453 Βξιιείθτίοιεπειιὲίεθθετὲυε
2955 5349 3385 5453 ³9⁸³0ξὲξὲΙὲ

1839 5456 2022 5504 mento
2053 5439 2340 5510 Ra‘tderici,
2381 5459 2421 5511 1,
2466 5439 2837 5511 95-97,'quod
2870 5454 2916 5511 s.
2956 5451 3013 5490 χι
3060 5439 3384 5511 inscriptum

1822 5502 1917 5575 bit
1929 5502 2063 5574 folio
2084 5530 2258 5573 vacuo
2277 5502 2484 5570 codicis
2512 5502 2943 5573 Gctublaeensis,
2972 5520 3120 5561 nunc
3142 5502 3385 5559 Bromii.

1798 5590 1961 5657 5468,
1995 5590 2063 5646 de
2104 5603 2216 5659 quo
2254 5584 2750 5659 cf._Arcl1iy:_VI11,
2791 5580 2914 5635 497.
2958 5577 3159 5631 Eadem
3196 5582 3385 5631 narrat

1798 5652 2075 5725 Alpertus,
2104 5652 2248 5713 M011.
2282 5655 2382 5711 SS.
2416 5671 2490 5721 1v,
2524 5652 2649 5709 697.

1887 5732 2016 5796 209)
2053 5729 2127 5783 Le
2155 5729 2317 5783 Chcr.

1874 5791 2024 5874 (210⁷)
2064 5802 2195 5855 Acta
2232 5797 2331 5851 SS.
2364 5794 2521 5850 Mart.
2557 5809 2640 5859 111,
2672 5791 2761 5845 43.
