3914 6314
548 288 660 346 195

1220 444 1234 457 .
1345 423 1349 427 ’
1553 399 1613 453 F.
1653 399 1745 453 27.

1220 444 1234 457 .
1345 423 1349 427 ’
1554 404 1613 453 F.
1653 404 1745 453 27.

617 407 910 565 manu.)
934 404 1341 559 Greeiningeusi,
1368 489 1517 561 quod
1540 489 1835 559 imperator
1861 484 1986 551 Otto
2007 499 2130 556 pro-

551 588 762 644 vincias
788 586 1087 643 Grecorum
1132 584 1432 648 invaderet,
1480 582 1751 637 conducto
1775 580 1877 636 sibi
1906 577 2157 659 Sarace-r

551 695 751 736 norum
799 677 1029 744 auxilio,
1066 675 1384 746 imperatori
1433 674 1488 728 in
1533 671 1783 728 Calabria
1821 670 1963 725 bello
2000 684 2133 726 cou-

551 771 906 843 grediuntur;
930 769 986 824 in
1007 783 1119 839 quo
1145 767 1290 823 bello
1319 781 1510 822 omnes
1547 764 1920 821 Romanorum
1960 761 2132 833 copiae

553 877 729 931 usque
763 862 831 916 ad
860 859 1289 915 internecionem
1316 871 1468 928 patne
1489 856 1681 912 deletae
1708 864 1855 911 sunt.
1891 853 2121 924 Impera‘

552 960 642 1007 tor
676 952 915 1007 natando
949 951 1179 1006 evadere
1224 950 1426 1015 nitens,
1469 965 1501 1003 a
1543 948 1724 1003 nautis
1754 946 2130 1019 ignorantibus

549 1057 678 1099 cum
733 1043 969 1113 capitur,
993 1050 1049 1097 et
1089 1057 1121 1096 a
1158 1040 1392 1111 quodam
1443 1055 1656 1107 eorum,
1693 1038 1786 1110 qui
1827 1039 2132 1110 negotiator

553 1133 869 1189 Sclavorum
899 1129 1038 1200 erat;
1068 1132 1290 1204 agnitus
1318 1146 1419 1187 nec
1443 1131 1711 1202 proditus,
1741 1145 1838 1201 per
1878 1130 2031 1185 illum
2070 1144 2131 1185 re

549 1226 728 1282 delata
765 1225 833 1280 ad
861 1225 1263 1296 imperatricem
1307 1232 1363 1279 et
1405 1218 1760 1278 Deodericum
1815 1221 2128 1278 Mettenscm

548 1318 888 1388 episcopum,
916 1316 1011 1388 qui
1047 1316 1101 1371 in
1124 1316 1344 1371 civitate
1377 1312 1600 1369 Rbosan
1630 1314 1709 1368 rei
1733 1322 1985 1369 eventum
2008 1329 2131 1384 pre-

551 1409 911 1475 stolabantur,
939 1403 1226 1464 didiculter
1270 1422 1368 1477 per
1419 1399 1673 1461 Sclavnm
1723 1415 1780 1459 et
1806 1404 2127 1475 episcopum

553 1500 836 1555 liberatur.
887 1498 1080 1556 Nautis
1113 1499 1313 1570 quippe
1342 1498 1411 1554 ad
1437 1499 1700 1569 pecunias
1736 1511 1835 1567 pro
1875 1511 1941 1553 eo
1987 1497 2129 1552 redi-

554 1590 752 1645 mendo
772 1590 965 1645 allatas
987 1590 1344 1656 inbiautibus,
1396 1589 1689 1659 imperator
1732 1603 1961 1643 ascenso
1989 1602 2131 1658 equo

551 1681 645 1735 vix
687 1681 879 1737 evasit.
914 1679 1182 1736 Omnibus
1202 1695 1302 1751 pro
1329 1678 1631 1735 infortunio
1657 1679 1734 1734 rei
1759 1679 1992 1751 publicae
2017 1681 2132 1735 ani-

1714 280 2074 337 SlGEBEllTl
2116 276 2641 337 οωυξωεεκδιε
3702 292 3785 352 ηε

2160 396 2208 453 Δ
2238 394 2479 467 Hugnnis
2512 397 2840 454 Parisiensis
2863 415 2929 455 ex
2961 399 3229 458 Hatbuide
3268 417 3467 458 sorore
3492 404 3644 472 primi
3661 406 3786 465 Otto-

2235 490 2320 543 nis
2340 490 2705 560 imperatoris,
2726 501 2781 547 et
2796 493 3045 564 regnavit
3065 495 3223 551 annis
3242 494 3301 550 9.
3326 492 3419 567 (G.
3443 493 3567 551 abb.
3592 495 3784 568 Genti.)

2230 578 2524 637 Herluinus
2578 583 2787 653 primus
2839 584 3013 639 nostri
3062 582 3536 641 Gemmelaecusis
3582 586 3785 656 scilicet,

2229 673 2464 729 cmnobii
2499 674 2688 740 abbas.
2713 675 2874 746 longo
2893 675 2950 730 in
2973 675 3134 747 longa
3154 676 3391 733 cecitate
3413 678 3670 748 martyrio
3684 694 3786 736 cru.

2227 763 2404 819 ciatus
2432 763 2664 821 moritur
2695 765 2762 797 ¹¹⁷
2792 764 2963 836 (ill).

2297 853 2421 909 988.
2880 855 2936 911 5.
3413 858 3440 913 1
3452 885 3469 912 ι

2299 944 2588 1001 lnundatio
2624 961 2890 1017 aquarum
2931 946 3189 1018 frequens
3213 958 3272 1004 et
3298 949 3446 1005 ultra
3491 950 3698 1007 solitum
3732 968 3788 1011 ac

2228 1034 2460 1093 diutina.
2500 1033 2661 1091 Estas
2707 1045 2895 1105 postea
2930 1036 3339 1092 ferventissima
3374 1046 3433 1093 et
3478 1039 3789 1110 pluribusm
3878 1078 3879 1107 Τ

2228 1126 2557 1198 perniciosa,
2594 1127 2740 1182 unde
2769 1136 2824 1182 et
2856 1126 3042 1200 fruges
3070 1128 3363 1186 minorata:
3396 1140 3547 1186 sunt.
3587 1130 3786 1192 hrcle:
3878 1132 3879 1139 “

2225 1218 2338 1273 dux
2368 1231 2595 1288 regnum
2619 1215 2983 1285 Francorum,
3008 1234 3076 1275 ex
3101 1229 3331 1291 paterna
3353 1228 3411 1276 et
3434 1218 3578 1278 avita
3598 1238 3787 1281 succes-

2228 1308 2382 1365 sione
2409 1310 2513 1365 sibi
2549 1309 2815 1379 debitum,
2856 1319 3047 1367 contra
3092 1308 3384 1382 llugonem
3429 1328 3606 1384 regem
3650 1330 3785 1372 suum
3878 1318 3879 1373 ξ

2228 1410 2480 1472 nepotem
2509 1403 2724 1474 repetit,
2763 1418 3001 1473 eumque
3043 1403 3186 1458 bello
3228 1418 3560 1475 perurgeus,
3595 1403 3783 1462 Laedu-
3878 1406 3879 1461 ἐ

2228 1502 2361 1551 num
2392 1494 2580 1551 urbem
2619 1493 2782 1565 capit.
2824 1492 2980 1565 [Iugo
3021 1509 3119 1551 rex
3160 1492 3434 1550 Karolum
3469 1496 3527 1551 in
3554 1494 3783 1552 Lauduuo
3878 1514 3879 1519 π

2229 1585 2460 1652 obsidet,
2492 1586 2588 1642 sed
2622 1585 2863 1643 secundo
2888 1584 3193 1642 obsidionis
3230 1601 3431 1642 mense
3457 1586 3660 1643 obsessi
3684 1603 3785 1658 pro-
3878 1646 3879 1659 χ

2231 1679 2493 1747 silientes,
2521 1686 2702 1734 castra
2722 1677 3087 1734 obsidentium
3112 1677 3504 1746 incenderunt,
3522 1687 3576 1734 et
3592 1679 3695 1749 ipse
3708 1695 3783 1735 rex

552 1786 645 1828 Ino
683 1772 1067 1838 consternatis,
1115 1731 1233 1827 sol;
1274 1768 1587 1843 imperatrix
1612 1731 1843 1824 feminrea
1866 1778 1920 1825 et
1958 1768 2130 1825 Greca
2161 1731 2204 1791 Β
2232 1766 2407 1838 llugo,
2440 1731 2690 1839 plurimis
2722 1783 2950 1827 suorum
2975 1762 3296 1841 peremptis,
3339 1769 3572 1842 turpiter
3606 1731 3785 1841 fugiens

551 1862 768 1919 levitate
797 1863 1095 1918 insultabat
1113 1863 1216 1931 eis,
1239 1862 1386 1933 quod
1411 1862 1482 1917 ab
1498 1861 1737 1917 exercitu
1761 1877 1875 1918 sua:
1895 1861 2131 1918 nationis

551 1952 678 2010 victi
709 1964 891 2010 essent
936 1954 1167 2010 Romani
1195 1972 1210 2021 ;
1244 1970 1309 2009 ac
1339 1968 1435 2024 per
1465 1954 1567 2010 hoc
1599 1954 1764 2025 coepit
1803 1954 2130 2024 primatibus

550 2059 715 2099 exosa
748 2043 956 2099 haberi.

622 2136 748 2190 983.
1179 2136 1264 2190 l0.
1684 2131 1774 2191 28.

620 2225 755 2298 (1b.)
794 2224 921 2281 Otto
966 2226 1262 2297 imperator
1296 2226 1438 2281 tedio
1479 2234 1533 2281 et
1575 2242 1778 2297 angore
1805 2227 1970 2282 animi
1999 2220 2133 2283 deli-

549 2315 721 2383 cicns,
755 2315 942 2372 Romae
968 2318 1218 2383 moritur,
1246 2317 1386 2373 etde
1411 2317 1736 2387 imperatore
1758 2318 2133 2374 substituendo

548 2403 690 2458 inter
724 2406 984 2475 primates
1026 2405 1379 2473 dissentitur,
1419 2402 1542 2462 aliis
1579 2406 1691 2461 ﬁlio
1734 2407 1905 2477 ipsius
1949 2405 2132 2463 Ottoni

549 2493 838 2564 imperium
865 2495 1050 2551 deberi
1080 2496 1436 2562 certantibus,
1465 2497 1587 2552 aliis
1616 2496 1741 2551 odio
1772 2497 2135 2568 imperatricis

549 2601 580 2639 a
615 2586 727 2640 filio
753 2586 874 2656 ejus
903 2586 1191 2657 imperium
1219 2587 1518 2642 transferre
1546 2587 1853 2643 volentibus
1881 2590 1947 2644 ad
1969 2584 2135 2644 Hein-

550 2677 727 2731 ricum
756 2677 970 2747 ducem,
1008 2678 1178 2734 ﬁlium
1223 2677 1493 2745 lleinrici,
1528 2680 1620 2750 qui
1664 2678 1765 2734 fuit
1789 2689 1944 2750 pater
1971 2679 2131 2753 primi

550 2766 786 2822 Ottonis.
825 2768 1024 2839 (Bue.
1057 2785 1094 2835 ι,
1128 2769 1288 2841 104.)
1322 2769 1419 2825 llic
1448 2769 1733 2826 lleinrirus
1762 2771 1940 2841 ipsum
1978 2771 2133 2828 Otto-

550 2873 675 2912 nem
711 2874 941 2929 puerum
968 2859 1195 2916 factiose
1222 2870 1435 2932 raptum
1466 2862 1521 2916 in
1552 2861 1799 2917 custodia
1826 2870 2003 2930 tenet;
2038 2863 2133 2919 sed

554 2948 826 3018 principes
847 2964 1078 3019 puerum
1099 2949 1166 3004 de
1191 2966 1352 3004 manu
1375 2950 1613 3006 lleiurici
1640 2959 2026 3022 extorquentes
2042 2950 2130 3024 ¹¹⁶,

552 3036 608 3091 in
639 3053 805 3109 regno
834 3039 1162 3107 sublimant;
1192 3050 1245 3096 et
1276 3040 1560 3111 imperavit
1584 3042 1742 3097 annis
1764 3040 1851 3096 l8.

623 3129 749 3185 984.
1181 3132 1232 3187 1.
1623 3128 1714 3188 29.

595 3219 759 3294 ,(Ιιι.)
794 3220 1089 3279 Lotbarius
1135 3240 1227 3280 rex
1273 3223 1609 3282 Francorum
1656 3225 1724 3281 ad
1773 3225 2133 3282 invadendam

550 3311 959 3386 Lotbaringiam
1009 3331 1228 3371 rursum
1276 3317 1562 3385 labamus,
1599 3317 1789 3372 urbem
1831 3316 2131 3373 Vit-dunqu

548 3409 606 3457 et
626 3401 978 3459 Godefridum
1002 3403 1174 3474 ipsius
1192 3405 1344 3461 urbis
1365 3412 1619 3463 comitem
1645 3406 1811 3478 capit.
1842 3408 2132 3480 (Αινειιτ.)

544 3490 880 3549 Deodericus
913 3494 1255 3552 Mettensium
1295 3497 1587 3569 cpiscopus
1625 3499 1792 3568 obiit;
1839 3509 1894 3555 et
1936 3515 2134 3555 secun-

547 3584 682 3640 dum
708 3587 1045 3657 prophetiam
1077 3589 1180 3643 viri
1211 3589 1306 3645 Dei
1332 3591 1424 3646 vix
1449 3590 1650 3661 aliquis
1676 3592 2003 3662 principum,
2038 3594 2133 3664 qui

547 3676 606 3732 in
634 3676 774 3733 bello
797 3676 1085 3736 Calabrico
1112 3683 1305 3748 evasit,
1344 3682 1437 3738 diu
1483 3683 1800 3753 supervixit.
1839 3683 2134 3757 Episcopa-

549 3775 665 3821 tum
709 3766 1025 3825 Mettensem
1077 3772 1316 3841 suscepit
1358 3771 1642 3840 Adclbero,
1688 3771 1773 3829 vir
1810 3786 2037 3833 sanctus
2078 3789 2132 3834 et

546 3857 770 3925 nobilis,
815 3859 958 3916 ﬁlius
993 3860 1258 3918 Frideriei
1294 3863 1471 3920 ducis.

622 3946 748 4002 985.
1175 3951 1231 4006 2.
1657 3955 1747 4010 50.

620 4034 819 4106 (BALD.
860 4054 899 4106 ι,
939 4039 1096 4113 194.)
1135 4042 1428 4103 Lotbarius
1469 4062 1595 4112 rex,
1644 4048 1834 4104 videns
1879 4048 2132 4107 Ottonem

551 4127 934 4197 imperatorem
968 4133 1164 4189 virtute
1200 4136 1431 4192 militum
1466 4154 1690 4194 suorum
1730 4142 2010 4211 prolicere,
2040 4159 2133 4198 ur—

549 4216 671 4271 bem
710 4217 1014 4278 Virdunum
1044 4234 1097 4280 et
1121 4225 1475 4284 Gudefridum
1505 4231 1758 4286 comitem
1792 4232 1986 4289 reddit.

620 4309 746 4365 986.
1178 4319 1232 4373 5.
1470 4312 1478 4325 ”
1661 4323 1749 4379 51.

617 4399 704 4471 (Α.
736 4400 925 4477 Leod.)
952 4405 1210 4465 Lotbario
1248 4409 1581 4470 Francorum
1610 4420 1736 4487 rege
1758 4425 1995 4484 mortuo,
2023 4415 2130 4471 Lu-

548 4489 792 4550 dovvicus
823 4496 965 4554 ﬁlius
989 4499 1106 4571 ejus
1132 4513 1320 4574 regnat
1348 4504 1401 4560 in
1428 4505 1656 4563 Francia
1683 4524 1828 4563 anno
1856 4525 1985 4564 uno.

621 4584 743 4643 987.
1168 4597 1222 4653 4.
1688 4601 1739 4656 1.

621 4682 709 4753 (Α.
758 4681 942 4756 Leod.)
983 4683 1276 4745 Ludowico
1328 4689 1665 4750 Francorum
1709 4706 1833 4768 rege
1875 4705 2128 4766 mortua,

552 4771 777 4830 Francis
817 4792 1042 4847 regnum
1087 4782 1382 4838 transferre
1421 4787 1730 4843 volentibus
1765 4789 1834 4843 ad
1871 4786 2129 4846 Karolum

549 4863 766 4933 ducem,
795 4867 1015 4925 fratrem
1039 4871 1278 4929 Lotharii
1307 4877 1470 4949 regis,
1493 4877 1624 4933 dum
1648 4879 1736 4936 ille
1764 4896 1879 4941 rem
1902 4880 1968 4936 ad
1994 4896 2130 4936 cou-

551 4957 735 5015 silium
760 4959 957 5031 differt,
1009 4980 1124 5021 rem
1150 4965 1486 5025 Francorum
1519 4980 1749 5042 usurpat
1773 4971 1949 5045 llugo,
1983 4974 2126 5032 filius

2230 1860 2319 1915 vix
2357 1861 2549 1916 evasit.

3878 1950 3879 1989 ι

2532 2044 2774 2103 Marinus
2792 1950 3055 2102 Reginum
3073 2006 3338 2105 acelesim
3363 1952 3524 2103 1:9"
3560 2046 3777 2118 presidet.

2233 2125 2464 2192 Sicéitas
2490 2152 2687 2208 magna
2714 2137 2972 2208 vernalis,
3002 2136 3148 2193 unde
3167 2146 3222 2195 ct
3248 2137 3398 2194 satio
3421 2136 3684 2209 primitiva
3701 2136 3781 2191 im-
3878 2152 3879 2217 γ

2232 2225 2434 2299 pedita,
2463 2235 2517 2282 et
2539 2225 2711 2282 fames
2734 2226 2926 2299 ingens
2953 2238 3140 2283 secuta
3168 2238 3273 2285 est.-
3318 2227 3519 2284 Fertur
3543 2244 3777 2285 annonam

2233 2316 2439 2387 pluisse
2471 2317 2538 2372 de
2566 2316 2699 2373 caelo
2746 2318 2803 2372 in
2845 2316 3141 2374 Hasbanio.
3179 2319 3288 2375 Alii
3315 2319 3487 2375 etiam
3526 2319 3779 2391 pisciculos
3878 2316 3879 2391 ᾖ

2232 2424 2433 2478 parvos
2449 2408 2518 2464 de
2540 2409 2672 2464 caelo
2696 2408 2902 2478 pluisse
2930 2408 3173 2465 ferebant
3204 2411 3297 2465 ²¹’.
3340 2408 3449 2466 Nix
3471 2410 3631 2467 nimia
3661 2409 3775 2465 deci-

2234 2501 2341 2567 dit;
2365 2501 2540 2556 imber
2559 2510 2746 2571 postea
2769 2502 3086 2570 continuus,
3118 2503 3213 2573 qui
3243 2504 3617 2559 autumnalem
3643 2501 3776 2557 satio-

2235 2608 2360 2648 nem
2400 2593 2717 2648 omnimodo
2745 2593 3056 2666 denegaret.
3097 2592 3339 2652 Karolus
3369 2596 3482 2652 dux
3522 2592 3774 2648 Montem:-

2233 2695 2420 2740 cutum
2444 2694 2751 2756 expugnat;
2785 2683 3098 2741 Suessionis
3131 2702 3309 2757 usque
3334 2685 3597 2743 vastando
3618 2698 3767 2754 ρει-κ·
3878 2683 3879 2757 ξ

2234 2774 2405 2842 cedit;
2436 2774 2563 2830 inde
2584 2772 2795 2830 Remim
2817 2776 3147 2848 aggreditur,
3177 2785 3232 2832 et
3271 2776 3598 2835 Laudunum
3637 2773 3772 2829 multa

2234 2879 2359 2919 cum
2396 2865 2559 2935 prch
2596 2867 2903 2923 revertitur.

2309 2979 2437 3035 990.
2900 2980 2952 3035 7.
3428 2982 3483 3037 3.-

2158 3101 2205 3165 ρ
2308 3021 2539 3127 latronis
2578 3070 2688 3126 dux
2745 3021 2956 3126 Remim
3006 3081 3265 3143 occupat;
3325 3021 3771 3165 arcbiepiseppune

2235 3179 2396 3234 quem
2434 3162 2594 3234 nugo
2635 3177 2727 3217 rex
2764 3162 3085 3234 prefeccrat,
3136 3173 3190 3219 et
3237 3164 3513 3236 quosdam
3556 3160 3769 3234 primates
3878 3156 3879 3219 ἒ

2232 3258 2378 3327 capit
2410 3266 2467 3312 et
2503 3254 2770 3311 Lauduno
2806 3256 3031 3328 relegat.
3878 3270 3879 3277 ‘

2303 3369 2429 3424 991.
2897 3369 2953 3424 8.
3421 3371 3475 3425 4.

2304 3410 2537 3515 ῖίέιιισιιιε
2556 3460 2665 3515 dux
2689 3410 2953 3517 moritur:
2973 3458 3118 3531 Otto,
3145 3461 3289 3519 tilius
3317 3410 3460 3533 ejus:
3491 3454 3707 3517 succedit
3726 3450 3768 3508 ά
3878 3426 3879 3443 1

2233 3550 2289 3605 iu
2326 3549 2527 3605 ducatu
2560 3547 3028 3606 Letbariensium.
3878 3552 3879 3593 Τ

2894 3687 2927 3722 (ι
3426 3677 3444 3720 ε

2894 3687 2913 3722 (
3438 3680 3444 3683 Ἴ

2256 3764 2260 3768 Δ
2526 3795 2565 3846 ι,
2595 3776 2744 3847 ll0.)
2780 3692 2962 3834 [leugis
2992 3777 3201 3848 synodo
3226 3776 3399 3835 tetius
3423 3688 3766 3831 grandem!!-

2232 3882 2474 3943 g‘regata,
2514 3870 2800 3938 Arnull‘us,
2838 3885 3009 3942 nepos
3051 3868 3236 3925 Karoli
3264 3871 3444 3939 ducis,
3491 3881 3642 3941 quem
3677 3863 3766 3932 ipse
3878 3858 3879 3867 ‘

2234 3956 2467 4018 Karolus
2515 3960 2663 4034 (212)
2702 3962 3018 4033 episcopum
3050 3959 3236 4016 Remis
3276 3961 3638 4021 substituent,
3673 3966 3764 4005 om-

2233 4054 2384 4108 nium
2408 4052 2616 4124 judicio
2642 4051 2999 4107 exordiuatus
3023 4051 3376 4121 dampnatur,
3403 4058 3460 4107 et
3493 4042 3763 4116 Adclgarius
3878 4080 3879 4095 η

2230 4147 2532 4218 presbyter,
2563 4145 2657 4215 qui
2686 4144 2876 4201 urbem
2904 4143 3144 4214 prodidit
3160 4152 3215 4199 et
3243 4154 3436 4215 portas
3462 4138 3642 4195 Karolo
3662 4146 3761 4203 ape-
3878 4168 3879 4173 η

2231 4238 2362 4304 ruit,
2392 4235 2756 4292 insolabiliter
2775 4235 3302 4291 excommunieatur.
3338 4223 3762 4309 (Gsuusur.)Ger-

2234 4329 2420 4385 bertus
2443 4328 2792 4386 substituitur
2817 4326 3141 4398 episcopus;
3189 4325 3284 4380 sed
3321 4320 3632 4397 quibusdam
3657 4326 3758 4369 cau-

2234 4438 2351 4478 sam
2374 4420 2780 4487 ventilantibus,
2812 4434 2920 4474 non
2942 4418 3188 4490 potuisse
3211 4413 3493 4489 degradari
3518 4402 3759 4465 Amulium

2234 4515 2441 4586 absque
2485 4512 2714 4568 scientia
2742 4521 2798 4566 ct
2830 4510 3156 4566 auctoritate
3189 4524 3343 4580 papae
3390 4501 3625 4566 Romani,
3662 4493 3760 4549 Ger-

2233 4605 2421 4659 bertus
2464 4602 2747 4673 depositus
2780 4602 2847 4656 ad
2879 4599 3135 4656 Ottonem
3178 4599 3553 4670 imperatorem
3583 4604 3634 4645 se
3657 4595 3738 4673 φη

2234 4695 2375 4750 tulit.
2426 4671 2599 4762 Quem
2649 4694 2945 4764 imperator
2975 4700 3274 4762 receptum,
3316 4692 3491 4761 primo
3534 4695 3643 4739 eum
3678 4671 3758 4726 Βτν

2231 4804 2424 4844 venare
2449 4786 2942 4857 archiepiscopum.
2975 4793 3031 4839 et
3070 4788 3258 4854 postea
3288 4777 3566 4839 constituit
3602 4775 3756 4842 palm“

2233 4880 2576 4945 Romanum;
2612 4876 2756 4932 unde
2779 4885 2863 4931 est
2897 4875 3030 4931 illud
3058 4875 3181 4945 ejus
3210 4873 3567 4929 monosticum
3590 4882 3603 4919 :
3628 4858 3759 4915 560*

2230 4975 2313 5027 dit
2338 4973 2402 5027 ab
2432 4971 2495 5025 Β.
2529 4970 2807 5025 Gerberlus
2829 4969 2897 5023 ad
2922 4968 2986 5024 Β.
3012 4977 3127 5038 post
3151 4983 3290 5037 papa
3313 4967 3483 5037 vigens
3504 4959 3565 5015 Β.

1820 5130 2053 5186 VARUE
2087 5128 2484 5185 LECTIONES.

623 5233 693 5267 "‘
728 5241 783 5289 et
813 5232 881 5316 de
913 5235 1237 5306 imperatore
1266 5272 1335 5280 —
1364 5252 1750 5313 extorquentes
1777 5243 1877 5298 Cl‘
1911 5245 1989 5298 ita
2019 5245 2314 5299 decurtauit
2342 5258 2360 5296 :
2389 5241 2663 5314 principes
2689 5238 2859 5293 lilium
2889 5237 3010 5308 ejus
3061 5226 3753 5354 Ottonem-adluucdyueﬂg“:

550 5304 621 5341 ν’
662 5301 1298 5357 “edamus—moritur
1338 5312 1523 5357 desunt
1565 5314 1684 5357 Ci‘-
1727 5315 1802 5357 ΛΖ
1839 5315 2003 5357 lnmm
2028 5316 2061 5357 ἰ.
2103 5316 2117 5357 1
2182 5332 2211 5357 ιτ
2269 5331 2342 5357 m-
2386 5330 2434 5357 ιε,
2474 5311 2663 5357 (Iesum
2699 5308 2795 5357 Βέί.
2835 5308 2934 5357 Cl.
2977 5309 3030 5357 5.
3074 5308 3135 5357 1)-
3172 5319 3344 5357 nostri
3380 5317 3430 5357 et
3467 5320 3523 5357 sc
3562 5300 3652 5351 Ιοθι
3688 5299 3729 5357 te

708 5304 1046 5387 quu_i_l_lus_}-
1062 5311 1317 5387 meritae
1338 5304 1685 5387 desunt-C2}
1727 5315 1804 5370 4⁸.
1839 5315 2003 5387 longo
2027 5316 2063 5370 i.
2103 5316 2140 5371 l.
2182 5331 2344 5387 c.7m.
2376 5304 2435 5387 _c.
2470 5304 2663 5387 desunt
2699 5308 2795 5364 BS.
2835 5304 2934 5387 Cl}
2977 5309 3030 5362 5.
3074 5308 3135 5387 ι),
3172 5310 3345 5387 nostri
3380 5317 3430 5364 et
3467 5304 3679 5387 seditio:

552 5385 674 5433 utut
708 5376 775 5430 Α.
812 5375 907 5430 BI.
942 5376 1017 5432 δ’,
1058 5379 1111 5433 5.
1149 5380 1245 5435 Cl.
1287 5383 1339 5437 5.
1382 5382 1443 5438 Ι).

554 5455 676 5503 ante
729 5462 792 5500 ea
828 5443 1001 5504 lineis.
1042 5448 1248 5520 Reliqui
1285 5469 1463 5508 omnes
1510 5455 1648 5509 idem
1711 5455 1920 5511 habent.

1553 5355 1622 5415 ’γη
1652 5355 2071 5440 Inuunl‘atig':
2370 5382 2425 5437 in
2463 5377 2712 5452 inferiore
2748 5379 2985 5452 margine
3021 5382 3263 5452 scripsitg
3291 5380 3398 5452 1η),
3436 5370 3588 5452 em?“

2008 5416 2071 5424 -
2093 5402 2341 5457 pluribus
2370 5402 2425 5437 ιη
2463 5402 2712 5461 mlcnqre
2748 5402 2985 5448 margmc
3021 5402 3235 5450 acnpsu
3291 5402 3398 5446 πμ,
3436 5402 3588 5431 εηωι.

2008 5458 2027 5486 ²
2056 5458 2077 5488 ⁹
2130 5456 2374 5512 Marinus
2407 5480 2474 5493 -—
2509 5450 2745 5522 presidet
2791 5458 2841 5505 et
2893 5446 3086 5513 Fertur
3121 5480 3195 5490 --
3236 5448 3476 5507 ferebant
3508 5439 3670 5498 deum
3736 5457 3749 5473 -

2063 5589 2267 5646 NOTE
2278 5636 2290 5648 .

627 5688 771 5767 (2H)
810 5711 862 5751 tv
886 5694 962 5751 Id.
989 5696 1107 5767 Aug

2316 5701 2456 5773 (2|?)
2495 5701 2747 5770 Falsum;
2786 5700 2941 5774 llugo
2976 5701 3097 5757 fuit.
