3914 6314
145 334 238 394 197

206 447 321 502 995.
635 438 700 493 li.
745 437 828 494 10.
1185 436 1245 492 F.
1287 437 1340 493 6.

207 533 350 606 (Vita
373 530 500 599 Od.)
532 527 588 582 In
611 527 922 598 Burgundia
943 525 1099 582 0dilo
1119 525 1374 582 Arvernae
1395 523 1678 591 oriundus,

144 645 198 683 ex
225 623 412 681 clerico
443 620 743 676 Brivatensi
773 619 1100 674 monachum
1138 618 1418 689 professus
1463 618 1518 672 in
1560 617 1686 670 Clu-

146 714 362 772 niaeensi
387 711 654 778 coenobio,
683 721 806 781 post
833 709 1086 780 Majolum
1113 710 1387 780 preticitur
1425 709 1526 778 ipsi
1573 724 1688 764 coe-

145 807 315 870 nobio;
359 805 506 875 quod
533 820 628 873 per
672 817 844 858 annos
888 801 957 856 56
999 801 1138 856 miro
1181 802 1458 872 religionis
1477 801 1689 856 fervore

144 900 264 955 rexit
286 908 337 953 et
362 896 628 967 provexit.
668 894 772 962 Qui
809 894 1022 966 egregie
1056 903 1233 963 preter
1280 903 1456 948 cetera
1492 893 1689 963 pietate

144 988 367 1058 insignis,
393 1001 504 1041 non
529 985 706 1041 solum
729 985 854 1038 vitae
877 983 1156 1053 exemplis,
1187 983 1281 1038 sed
1311 983 1474 1037 etiam
1517 981 1688 1036 mira-

144 1081 264 1137 culis
293 1080 347 1134 in
381 1079 493 1133 vita
520 1092 622 1133 sua
656 1077 871 1132 claruit.
910 1074 1012 1142 Qui
1037 1091 1162 1132 cum
1185 1075 1685 1145 reprehenderetur,

144 1171 269 1242 quod
298 1171 351 1226 in
379 1177 668 1240 peccantes
713 1167 1116 1224 misericordior
1144 1167 1296 1238 justo
1329 1181 1450 1222 esse
1480 1165 1689 1221 videre-

143 1273 242 1329 tur,
271 1259 330 1317 Si
365 1261 704 1325 damnandus
733 1276 872 1326 sum,
915 1259 1112 1330 inquit,
1158 1258 1299 1313 malo
1339 1259 1586 1312 damnari
1625 1261 1690 1314 de

148 1354 506 1419 misericordia,
535 1369 696 1424 quam
729 1353 793 1408 de
820 1353 1040 1408 duritia.
1081 1350 1206 1408 Otto
1229 1350 1286 1406 in
1309 1351 1688 1422 imperatorem

147 1442 454 1498 benedicitur
493 1442 666 1514 (215).

204 1533 315 1588 991.
745 1531 831 1588 11.
1287 1532 1338 1586 7.

205 1621 478 1677 Florebant
513 1623 618 1677 hoc
651 1631 892 1692 tempore
929 1622 983 1677 in
1021 1622 1245 1678 scientia
1290 1622 1588 1678 litterarum
1634 1623 1689 1676 in

147 1715 470 1787 Lotbaringia
506 1714 801 1787 Herigerus
829 1716 998 1772 abbas
1019 1714 1324 1782 Lobiensis,
1361 1714 1690 1772 Adelboldus

1569 323 1930 381 CIIRONICA.

3261 340 3360 395 198

1713 442 1761 500 Α
1791 439 1939 492 luam
1979 437 2191 494 diversa
2213 446 2313 510 pro
2342 442 2656 498 meritorum
2695 446 2951 515 qualitate
2984 449 3268 518 supplicia,
3293 454 3360 506 ad

1788 547 1850 586 ea
1874 533 2188 602 exequenda
2229 533 2502 604 deputatis
2535 537 2606 590 ibi
2645 537 2997 606 demonibus;
3030 556 3264 610 quorum
3305 559 3364 598 se

1787 624 1981 677 crebro
2020 639 2198 689 voces,
2236 625 2348 682 iras
2389 635 2444 681 et
2483 635 2739 695 terrores,
2769 644 2895 700 sepe
2934 631 3096 686 etiam
3126 634 3362 703 ejulatus

1788 713 2005 768 audisse
2034 715 2265 783 dicebat,
2310 717 2680 787 plangentium
2728 721 2873 789 quod
2913 721 3110 776 animae
3137 723 3363 778 damna-

1788 815 1967 859 torum
1997 806 2334 876 eriperentur
2375 809 2441 864 de
2488 811 2738 866 manibus
2764 827 2950 866 eorum
2982 828 3078 882 per
3113 814 3363 871 elemosi-

1790 905 1965 950 naset
1989 911 2174 966 preces
2209 898 2466 967 fidelium,
2513 911 2568 956 et
2611 902 2716 957 hoc
2761 911 3003 973 tempore
3048 906 3221 974 magis
3267 923 3365 978 per

1789 987 2064 1042 orationes
2111 987 2584 1058 Cluniacensium,
2633 994 2906 1048 orantium
2952 995 3220 1051 indefesse
3265 1013 3365 1067 pro

1780 1077 2168 1136 defunctorum
2218 1083 2424 1153 requie.
2491 1083 2603 1141 Hoc
2653 1102 2748 1156 per
2797 1087 2948 1142 illum
2996 1089 3164 1144 abbas
3207 1088 3366 1144 0dilo

1788 1181 2086 1242 comperto,
2119 1175 2405 1231 constituit
2433 1192 2530 1247 per
2555 1179 2736 1233 omnia
2760 1181 3087 1236 monasteria
3109 1181 3213 1235 sibi
3242 1182 3367 1236 sub-

1784 1265 1949 1334 jecta,
1978 1274 2038 1320 ut
2064 1266 2206 1322 sicut
2234 1268 2412 1338 primo
2438 1269 2524 1324 die
2552 1268 2873 1327 Novembris
2913 1271 3229 1326 solemuitas
3253 1289 3368 1326 om-

1789 1355 1939 1408 nium
1971 1365 2282 1413 sanctorum
2325 1360 2522 1431 agitur,
2574 1361 2648 1415 ita
2690 1362 2935 1431 sequenti
2977 1362 3066 1417 die
3105 1364 3363 1417 memoria

1790 1445 2033 1500 omnium
2061 1446 2113 1500 in
2143 1445 2362 1504 Christo
2385 1449 2780 1519 quiescentium
2805 1451 3122 1506 celebretur.
3160 1451 3263 1519 Qui
3291 1452 3366 1506 ri-

1790 1546 1878 1593 tus
1919 1538 1986 1594 ad
2027 1539 2226 1595 multas
2265 1541 2541 1596 atcclesias
2580 1541 2871 1608 transiens,
2902 1542 3140 1598 fideliqu
3169 1541 3365 1598 defun-

1789 1635 2002 1682 ctorum
2041 1631 2360 1684 memoriam
2397 1631 2740 1686 solemnizari
2780 1631 2928 1688 facit.

1861 1719 1983 1773 999.
2414 1721 2499 1776 16.
2965 1724 3018 1779 5.

147 1782 410 1877 cpiscopus
461 1782 952 1878 Vultrajectensis;
1014 1808 1068 1862 in
1118 1807 1370 1874 Francia,
1405 1808 1692 1866 Fulbertus
1723 1782 1766 1838 Β
1865 1809 2040 1880 (Glab.
2093 1809 2226 1864 Rod.
2267 1821 2304 1878 I,
2349 1813 2427 1882 4.)
2477 1811 2534 1866 1η
2577 1811 2724 1867 italia
2766 1811 3032 1869 Crescens
3081 1813 3365 1883 patriciatu

147 1900 405 1970 episcopus
466 1898 844 1966 Carnotensis,
889 1899 1043 1955 Abba
1094 1900 1262 1956 abbas
1308 1899 1687 1968 Floriacensis,

147 1991 221 2059 qui
254 2006 408 2062 super
444 1990 720 2048 calculum
754 1991 980 2048 Victorii
1013 2001 1410 2049 commentatus
1447 2001 1550 2052 est.

205 2069 314 2138 995.
739 2085 822 2140 is.
1281 2085 1335 2140 8.

205 2172 512 2241 Gcrbertus,
562 2175 659 2245 qui
686 2183 741 2230 et
789 2175 1076 2244 Silvester,
1127 2175 1387 2231 Romanas
1436 2177 1693 2233 aacclesioe

149 2252 282 2317 H0“
310 2266 566 2334 presidet,
603 2266 697 2336 qui
721 2276 775 2324 et
813 2267 927 2337 ipse
955 2267 1094 2322 inter
1121 2267 1347 2323 scientia
1389 2267 1690 2326 litterarum

148 2355 298 2413 claros
327 2358 541 2430 egregie
591 2359 806 2414 claruit.
861 2359 1091 2426 Quidam
1146 2361 1378 2416 transito
1428 2358 1693 2416 Silvestre

148 2444 398 2516 Agapitum
448 2463 647 2517 papam
699 2447 800 2504 hoc
849 2448 904 2502 in
951 2447 1074 2503 loco
1116 2458 1354 2518 ponunt;
1403 2450 1549 2519 quod
1585 2465 1691 2504 non

148 2537 294 2592 otiose
325 2536 528 2593 factum
562 2553 681 2593 esse
709 2537 966 2593 creditur.
1008 2537 1144 2604 Quia
1174 2539 1318 2592 enim
1354 2539 1400 2594 is
1435 2539 1694 2595 Silvester

149 2642 236 2680 non
273 2642 362 2697 per
400 2629 606 2684 ostium
648 2629 882 2684 intrasse
925 2629 1154 2696 dicitur;
1181 2630 1475 2701 —-quippe
1519 2631 1613 2701 qui
1661 2647 1692 2685 a

149 2723 437 2792 quibusdam
474 2724 1087 2780 etiam'nicbromantite
1111 2725 1386 2797 arguitur;
1425 2725 1492 2780 de
1518 2733 1692 2780 morte

149 2827 334 2884 quoque
369 2815 488 2885 ejus
525 2831 638 2870 non
678 2824 824 2871 recte
863 2824 1154 2884 tractatur;
1209 2832 1241 2873 a
1287 2817 1504 2873 diabolo
1547 2817 1691 2872 enim

150 2919 405 2971 percussus
432 2906 639 2962 dicitur
672 2906 881 2976 obisse;
917 2923 1082 2979 quam
1119 2923 1235 2964 rem
1274 2924 1376 2964 nos
1421 2909 1475 2963 in
1514 2909 1694 2964 medio

150 2995 505 3066 relinquimus;
529 3027 603 3037 -—-
625 3014 657 3054 a
692 3014 924 3054 numero
958 3016 1219 3070 poparum
1243 3002 1500 3057 exclusus
1541 3002 1693 3057 vide-

153 3095 235 3140 tur.
271 3087 410 3146 Unde
445 3091 622 3147 lector
654 3105 846 3162 queso,
885 3100 946 3146 ut
980 3099 1034 3147 et
1071 3092 1162 3147 hic
1195 3101 1251 3147 et
1293 3093 1443 3160 alibi,
1495 3093 1540 3149 si
1583 3109 1690 3164 qua
1721 3120 1766 3181 ρ

151 3177 444 3236 dissonantia
476 3190 531 3237 te
546 3182 832 3238 offenderit
854 3183 921 3239 de
944 3185 1276 3253 nominibus,
1300 3186 1382 3240 vel
1404 3186 1584 3254 annis,
1609 3188 1694 3242 vel

151 3272 443 3340 temporibus
483 3289 777 3345 paparum,
825 3291 936 3330 non
981 3275 1116 3330 mihi
1157 3275 1410 3348 imputes,
1447 3277 1541 3349 qui
1584 3293 1694 3333 non

151 3361 263 3430 visa,
297 3365 382 3421 sed
419 3365 611 3422 audita
647 3365 732 3422 vel
768 3365 908 3423 lecta
943 3366 1141 3424 scribo.

205 3453 314 3509 996.
744 3458 831 3513 15.
1295 3460 1349 3516 9.

209 3543 280 3612 (Α.
310 3545 491 3620 Leod.)
517 3546 746 3620 Iiugone
779 3548 1115 3606 Francorum
1142 3567 1264 3624 rege
1287 3561 1522 3618 mortuo,
1557 3551 1691 3608 Rot-

152 3635 304 3693 bertus
335 3641 472 3696 filius
512 3641 634 3711 ejus
669 3651 858 3713 regnat
890 3643 946 3698 in
982 3641 1211 3699 Francia
1249 3645 1408 3699 annis
1433 3645 1521 3700 55.

204 3725 309 3782 997.
737 3731 825 3786 14.
1288 3733 1340 3789 1.

203 3817 336 3889 (Vita
378 3820 533 3895 Her.)
582 3820 899 3880 Heribertus
942 3824 1238 3882 ordinatus
1281 3825 1686 3884 Coloniensium

152 3908 418 3982 episcopus,
451 3913 630 3972 multa
657 3915 944 3972 sanctitate
974 3915 1160 3973 claret.
1202 3918 1464 3988 (ALrsur.
1503 3934 1540 3981 ι,
1576 3917 1686 3989 11.)

151 3994 362 4057 Clarebat
392 4005 562 4060 etiam
588 4005 690 4060 hoc
719 4013 960 4076 tempore
989 4005 1130 4062 inter
1152 4005 1337 4062 Gallos
1365 4005 1686 4072 Ansfridus;

151 4090 358 4156 quicum
383 4094 579 4152 fuisset
618 4112 803 4152 comes
847 4095 1310 4168 Bratuspantium,
1352 4113 1461 4152 non
1507 4097 1689 4152 niinus

147 4178 318 4247 iustitia
355 4203 522 4257 quam
568 4188 809 4260 potentia
851 4189 1084 4244 seculari
1122 4188 1390 4257 famosus,
1439 4189 1688 4259 deposito

152 4275 319 4331 militiae
341 4279 557 4352 cingulo
587 4289 900 4337 tonsoratus
929 4280 984 4335 in
1010 4281 1288 4347 clericum,
1311 4297 1376 4336 eo
1400 4291 1688 4351 provectus

149 4374 232 4429 est,
269 4379 318 4423 ut
355 4373 700 4428 ordinaretur
745 4373 1033 4445 episcopus
1088 4371 1529 4444 Vultrajectcnsis
1581 4388 1688 4427 tec-

150 4456 313 4513 clcsiae.

202 4548 308 4604 998.
727 4557 812 4610 15.
1272 4555 1325 4610 2.

205 4637 366 4706 (llam)
401 4646 664 4717 Agapitus
712 4645 970 4703 Romana:
1005 4646 1264 4703 aecclesite
1305 4648 1462 4702 1ι11υιΙΙ
1507 4649 1685 4718 presi-

147 4729 219 4784 det
234 4733 313 4790 "°.
349 4737 500 4808 (Vita
534 4726 664 4810 0d.)
705 4738 818 4795 Hoc
848 4748 1089 4809 tempore
1131 4739 1354 4809 quidam
1397 4739 1684 4809 religiosus

147 4822 201 4875 ab
229 4823 585 4887 ilierosolimis
614 4832 849 4898 rediens,
877 4831 931 4886 in
957 4830 1141 4887 Sicilia
1171 4831 1369 4887 reclusi
1398 4832 1682 4902 cujusdam

148 4909 437 4975 humanitate
468 4922 786 4992 aliquandiu
814 4930 1112 4989 recreatus,
1133 4921 1321 4979 didicit
1355 4922 1424 4976 ab
1453 4938 1518 4977 eo
1543 4923 1682 4978 inter

147 5015 309 5075 Cetera,
345 5013 484 5081 quod
521 5014 576 5068 in
622 5014 713 5068 illa
756 5013 953 5068 vicinia
999 5021 1182 5070 essent
1222 5013 1342 5068 loca
1379 5014 1680 5070 cructantia
1711 5047 1713 5049 -

147 5091 444 5158 ﬂammarum
483 5104 753 5170 incendia,
788 5120 910 5175 quae
940 5103 1057 5159 loca
1091 5112 1354 5159 vocantur
1394 5105 1462 5160 ab
1489 5104 1680 5159 incolis

1793 1900 2163 1956 Romanorum
2207 1912 2423 1973 arrepto
2465 1913 2653 1959 contra
2698 1902 2948 1960 Ottouem
2988 1904 3365 1977 imperatorem

1792 1993 2034 2048 rebellat.

1864 2081 2020 2136 1000.
2419 2083 2504 2138 17.
2969 2085 3024 2140 4.

1863 2175 1950 2244 (Α.
1983 2173 2168 2245 Leod.)
2195 2175 2353 2229 Anno
2371 2174 2497 2231 Jesu
2521 2175 2724 2231 Christi
2754 2173 3043 2232 millesimo
3071 2177 3368 2233 secundum

1795 2265 2232 2335 supputationem
2279 2265 2504 2320 Dionisii
2557 2267 2725 2322 multa
2775 2268 3017 2339 prodigia
3065 2269 3183 2323 visa
3220 2279 3370 2326 sunt.

1793 2355 2160 2411 Terraemotus
2190 2355 2368 2412 factus
2398 2365 2481 2412 est
2508 2359 2910 2428 permaximus;
2943 2368 3181 2416 cometes
3202 2378 3371 2432 appa-

1793 2447 1935 2513 ruit;
1965 2447 2032 2502 19
2060 2444 2332 2502 Kalendas
2353 2445 2598 2502 Januarii
2637 2448 2781 2504 circa
2812 2449 3002 2504 horam
3026 2451 3059 2504 9
3083 2451 3212 2505 fisso
3240 2451 3372 2518 (uelo

1793 2539 1950 2608 quasi
1997 2538 2173 2594 facula
2209 2541 2406 2595 ardens
2435 2557 2558 2595 cum
2587 2541 2750 2613 longe
2779 2550 2953 2597 tractu
2990 2544 3166 2598 instar
3195 2542 3375 2614 fulgu-

1795 2631 1871 2685 ris
1899 2631 2137 2686 illabitur
2159 2632 2339 2698 terris,
2362 2641 2514 2687 tanto
2541 2633 2847 2703 Splendore,
2877 2645 2936 2688 ut
2959 2651 3065 2690 non
3097 2635 3258 2690 modo
3277 2635 3371 2704 qui

1795 2718 1848 2772 in
1895 2720 2038 2790 agris
2082 2729 2259 2787 erant,
2305 2722 2400 2777 sed
2445 2722 2693 2777 etiamin
2730 2724 2906 2790 tectis,
2929 2724 3138 2794 irrupto
3166 2725 3373 2780 lumine

1795 2808 2105 2864 ferirentur.
2158 2810 2278 2878 Qua
2330 2811 2445 2867 caeli
2495 2811 2690 2867 fissura
2739 2812 2942 2868 sensim
2991 2823 3372 2877 evanescente.

1796 2900 2012 2956 interim
2043 2903 2160 2958 visa
2199 2911 2284 2958 est
2317 2904 2487 2974 figura
2521 2903 2676 2974 quasi
2713 2905 2996 2974 serpentis,
3029 2905 3205 2976 capite
3250 2905 3374 2976 qui-

1793 2991 1916 3047 dem
1955 3003 2252 3062 crescente,
2289 3010 2413 3050 cum
2453 2996 2684 3052 ceruleis
2721 2997 2966 3067 pedibus.

1868 3085 2028 3138 1001.
2463 3088 2548 3144 18.
2959 3092 3012 3146 5.

1867 3175 2196 3234 Octavianus
2218 3179 2516 3234 secundum
2539 3181 2804 3250 quosdam
2834 3181 3092 3239 Romana:
3115 3185 3373 3240 {ecclesiae

1796 3268 1958 3322 142ιι·
2001 3269 2238 3337 presidet
2277 3271 2347 3302 ¹¹¹¹
2395 3269 2488 3342 (cf.
2530 3271 2717 3343 Han).
2771 3273 2962 3345 (ϐων.
3017 3274 3153 3332 lion.
3206 3293 3246 3343 ι,
3291 3279 3370 3345 Δ.)

1794 3355 1919 3412 Otto
1966 3355 2263 3427 imperator
2289 3358 2476 3416 Romae
2504 3359 2851 3418 Crescentem
2897 3365 3185 3434 patricium
3230 3367 3371 3423 bello

1793 3449 2138 3519 aggreditur;
2165 3449 2260 3505 sed
2281 3450 2456 3512 victus
2474 3450 2740 3510 Crescens
2764 3464 2819 3509 et
2839 3471 2904 3510 ex
2931 3455 3054 3528 fuga
3080 3467 3369 3526 retractus,

1791 3540 2026 3610 capitur,
2059 3539 2261 3612 vilique
2292 3541 2543 3612 jumento
2585 3557 2774 3598 averse
2816 3545 3106 3616 impositus
3141 3551 3362 3604 circum-

1791 3631 2029 3700 ducitur,
2053 3641 2108 3688 et
2130 3633 2388 3704 paulatim
2413 3633 2673 3690 membris
2696 3641 2998 3703 truncatus,
3022 3639 3089 3692 ad
3118 3639 3373 3693 ultimum

1790 3735 1916 3780 ante
1937 3724 2125 3786 urbem
2153 3724 2522 3796 suspenditur.

1860 3815 2020 3870 1002.
2413 3816 2498 3870 19.
2823 3805 2833 3812 ’
2963 3817 3018 3872 0.

1859 3903 1986 3959 Otto
2017 3903 2311 3975 imperator
2331 3905 2533 3976 degens
2558 3904 2764 3973 Roma,
2794 3907 2922 3962 dum
2951 3923 3075 3963 cum
3106 3907 3368 3966 Romanis

1789 4011 1850 4052 se
1891 3994 2174 4051 remissius
2215 3995 2346 4067 agit,
2395 4005 2637 4052 tractans
2682 3997 2915 4067 qualiter
2949 3997 3076 4069 jura
3119 3999 3270 4069 regni
3314 4011 3366 4054 et

1787 4087 2047 4144 tecelesia:
2074 4087 2144 4143 ad
2167 4088 2453 4158 antiquum
2503 4097 2706 4144 statum
2750 4088 3093 4156 reformaret,
3136 4088 3366 4144 Roniani

1788 4194 1885 4249 per
1907 4179 2008 4235 hoc
2032 4179 2098 4234 ad
2131 4189 2498 4250 contemptum
2541 4180 2664 4252 ejus
2697 4181 2939 4248 adducti,
2969 4182 3153 4238 subito
3177 4191 3365 4237 contra

1787 4287 1914 4326 eum
1938 4272 2273 4342 conspirant,
2300 4281 2354 4327 et
2389 4273 2599 4342 aliquot
2630 4272 2863 4328 militum
2891 4273 3010 4343 ejus
3052 4274 3364 4343 peremptis,

1787 4376 1911 4416 eum
1943 4361 1996 4416 in
2025 4363 2223 4435 palatio
2251 4363 2520 4419 obsident.
2553 4361 2707 4418 Unde
2734 4380 2830 4434 per
2856 4362 3176 4418 industriam
3206 4362 3366 4417 Hein-

1712 4456 1888 4530 Drici
1938 4455 2094 4515 ducis
2127 4455 2392 4526 Bajoariaa
2439 4464 2494 4510 et
2534 4451 2775 4526 Hugonis
2820 4455 3152 4510 marchionis
3200 4454 3367 4510 ltalim

1785 4550 2041 4605 simulato
2056 4557 2214 4622 pacto
2235 4548 2321 4603 vix
2343 4557 2640 4613 extractus,
2669 4542 2839 4602 Roma
2870 4547 3079 4602 decedit
3105 4564 3227 4602 eum
3263 4547 3364 4601 Sil—

1785 4650 1964 4696 vestre
1990 4655 2148 4710 papa.
2189 4637 2252 4693 Et
2286 4638 2414 4709 quia
2456 4653 2595 4693 uxor
2641 4637 2952 4693 Crescentis
2981 4639 3363 4708 imperatorem

1786 4747 1882 4802 spe
1918 4731 2180 4803 regnandi
2216 4731 2284 4787 ad
2317 4746 2558 4786 amorem
2601 4747 2762 4786 suum
2813 4731 3123 4802 pellexerat,
3176 4731 3366 4784 dolsus

1786 4840 1885 4894 pro
1908 4824 2027 4894 ejus
2046 4825 2316 4892 discessu,
2355 4837 2623 4879 venenum
2651 4823 2702 4878 ei
2733 4824 2911 4890 misit;
2945 4839 3054 4894 quo
3098 4824 3184 4877 ille
3229 4840 3362 4876 cou-

1787 4928 2062 4989 sumptus,
2087 4918 2228 4972 inter
2248 4918 2598 4973 remeandum
2622 4917 2682 4972 in
2708 4916 2859 4971 Italia
2878 4918 3128 4971 moritur.
3170 4915 3364 4970 Milites

1787 5009 2105 5080 transalpini
2138 5025 2336 5080 corpus
2358 5011 2700 5080 imperatoris
2725 5008 2964 5065 defuncti
2989 5025 3111 5064 eum
3138 5009 3361 5078 insigni-

1786 5107 1890 5161 bus
1919 5105 2131 5174 imperii
2163 5105 2231 5159 ad
2268 5105 2497 5160 Galliam
2529 5103 2844 5172 referentes,
2875 5105 3081 5159 crebris
3108 5103 3358 5158 ltalmum

147 5184 250 5244 0llze
285 5191 500 5253 Vulcani
535 5199 705 5271 (2M),
739 5201 795 5255 in
845 5200 1045 5272 quibus
1081 5200 1277 5255 anim
1322 5198 1677 5269 reproborum
1786 5196 2100 5251 incursibus
2147 5196 2403 5262 lacessiti,
2455 5198 2622 5253 armis
2674 5198 2776 5252 sibi
2815 5198 2956 5252 viam
3000 5205 3208 5267 parant.
3254 5193 3357 5248 Sed

1406 5308 1638 5364 VARle
1667 5305 2062 5362 LECTIONES.

1295 5402 1363 5434 ²¹¹
1398 5399 1822 5456 Octavianus—
1851 5399 2087 5470 presidet
2124 5399 2308 5454 desunt
2348 5397 2411 5455 D.

1621 5512 1850 5569 NOTAE.

1780 5605 1916 5661 Red.
1945 5621 2006 5670 ιι,
2031 5605 2082 5658 7.
2110 5604 2256 5658 Fons
2279 5603 2522 5657 onminm
2541 5600 2852 5672 bnjusmodi
2879 5595 3252 5652 narrationum
3272 5603 3357 5651 est

1781 5678 1940 5747 Greg.
1975 5676 2109 5730 Dial.
2143 5674 2234 5742 IV,
2265 5675 2352 5728 50.

201 5395 257 5426 ²²⁶
288 5401 537 5472 Agapitus
562 5434 626 5442 —
646 5403 883 5476 presidet
920 5403 1105 5458 desunt
1139 5401 1202 5458 D.

201 5597 326 5665 (215)
366 5605 422 5660 1).
445 5607 515 5661 25
542 5607 666 5663 Mai.
696 5607 822 5663 996.

179 5668 480 5746 ,(214λᾷ11εεε
503 5679 701 5733 desunt
731 5679 784 5732 in
815 5677 960 5733 Petri
983 5676 1231 5734 Damiani
1263 5676 1382 5732 Vita
1413 5677 1470 5734 S.
1497 5677 1670 5733 Odilo-

149 5744 231 5802 uis,
254 5758 296 5794 e.
321 5744 398 5799 17.
437 5747 648 5804 Addidit
669 5764 731 5802 ea
755 5747 1069 5819 Sigebertus
1095 5765 1160 5803 ex
1183 5765 1232 5804 a.
1261 5749 1391 5815 552;
1419 5749 1488 5804 cf.
1516 5750 1669 5803 Glab.
