4012 6440
579 344 685 400 1'99

1752 345 2119 402 SIGEHERTI
2155 345 2686 403 GEMBLACEKSIS

3684 356 3689 359 ’
3739 354 3843 413 2110

577 470 705 512 cum
734 454 851 524 jam
885 470 985 510 res
1011 455 1070 510 in
1108 464 1227 511 tuto
1270 471 1392 513 esse
1422 466 1723 527 putaretur,
1758 458 1871 513 dux
1894 457 2166 528 Bajoariat
2193 463 2235 519 Α
2263 459 2372 525 det,
2402 459 2858 517 concurrentibus
2890 464 2959 518 ad
2995 466 3259 521 auxilium
3289 467 3411 538 ejus
3438 467 3703 525 Rotberto
3724 488 3845 542 tege

576 546 888 614 Heinrieus,
926 547 1188 618 injuriato
1219 547 1504 605 Heriberto
1535 549 1945 607 Coloniensium
1976 550 2154 606 archi-

572 641 855 711 episcopo,
897 656 929 697 a
967 640 1124 711 cuius
1165 656 1262 698 ore
1309 657 1503 698 milites
1549 642 1875 712 pendebant,
1926 642 2160 715 insignia

575 733 727 803 regni
750 734 822 791 ab
840 749 909 790 eo
933 734 1198 790 violenter
1229 734 1479 801 extorsit,
1509 734 1669 805 quasi
1683 734 1809 805 jure
1833 734 2160 790 hereditario

575 826 680 884 sibi
715 828 1098 897 competentia.
1141 826 1267 882 Fuit
1292 826 1493 897 quippe
1531 827 1676 883 illius
1712 825 1948 882 Heinrici
1982 827 2156 893 ducis,

554 906 673 988 qui
717 916 823 973 fuit
853 918 1068 988 genitus
1108 919 1174 975 de
1219 917 1477 974 Heinrico
1521 918 1690 998 (ratre
1737 918 1899 988 primi
1945 916 2160 975 Ottonis

576 1011 941 1080 imperatoris.
984 1010 1174 1083 (Mam)
1213 1009 1503 1067 Heinrieus
1553 1012 1665 1065 dux
1704 1011 2011 1067 conciliatis
2054 1011 2159 1068 sibi

573 1101 775 1157 animis
800 1102 1473 1173 quorundamprincipum
1508 1103 1679 1175 regni,
1712 1103 1974 1175 unguitur
1998 1103 2161 1159 inre—

574 1208 695 1264 gem
733 1209 764 1248 a
795 1193 1066 1266 Willigiso
1099 1194 1420 1267 Moguntina
1452 1196 1883 1267 archiepiscopo,
1905 1205 1961 1252 et
1990 1197 2161 1269 impe-
2210 1216 2215 1221 ·

574 1295 662 1343 rat
690 1287 857 1343 annis
885 1286 981 1341 22.

650 1398 810 1455 ιοοδ.
1043 1395 1057 1409 ·
1138 1399 1203 1455 n.
1255 1382 1307 1456 ι.
1630 1400 1692 1457 ιε’.
1747 1401 1796 1456 7.

595 1497 599 1501 ’
646 1490 906 1562 (Acrem.
956 1508 998 1559 ι,
1041 1492 1119 1564 5.)
1162 1490 1450 1549 lieinricus
1490 1492 1786 1564 imperator
1829 1495 2161 1564 potentiores

573 1583 726 1653 regni
773 1584 940 1651 viros,
987 1584 1125 1641 bella
1168 1586 1269 1641 sibi
1312 1586 1589 1641 concitare
1616 1587 1879 1653 volentes,
1915 1588 2161 1644 celeriter

572 1675 830 1743 devincit,
881 1684 935 1732 et
950 1693 1104 1747 reges
1146 1674 1428 1749 gentilium
1469 1678 1525 1732 in
1580 1678 1825 1734 interiori
1867 1679 2157 1736 Germania

573 1779 1000 1839 commorantes,
1032 1772 1127 1842 qui
1153 1771 1359 1837 Winidi
1388 1772 1666 1839 dicuntur,
1693 1772 2012 1830 tributarios
2052 1773 2157 1830 sibi

573 1859 721 1916 facit.
761 1860 975 1933 [(GLAB.
1005 1861 1144 1918 Bon.
1172 1879 1253 1931 ιιι,
1292 1863 1371 1934 5.)
1406 1863 1562 1918 Abbo
1592 1864 1762 1920 abbas
1794 1850 2162 1921 Floriacensis
2192 1872 2234 1931 Β

1482 1950 1508 1978 1

534 1970 537 1973 '
571 1953 626 2007 it.
654 1952 947 2011 Was-genia
970 1955 1358 2028 martyrizatur
1384 1952 1503 2029 “'.]

644 2066 802 2122 1004.
898 2112 903 2117 .
1240 2068 1294 2123 2.
1749 2069 1803 2125 8.

640 2158 915 2217 Ccrardus
985 2159 1467 2219 Cameracensium
1536 2177 1827 2234 episcopus
1880 2162 2050 2235 (215)
2108 2172 2162 2218 et
2254 2202 2257 2205 ‹

527 2236 900 2308 ’,Αιιυιιωιιιυε
941 2250 1391 2324 Vultrajectensis
1433 2254 1721 2326 episcopus
1751 2255 1935 2328 magni
1965 2255 2021 2310 in
2049 2269 2159 2311 tec-

568 2343 734 2399 clcsia
770 2353 824 2400 et
854 2344 910 2399 in
942 2345 1146 2415 palatio
1186 2346 1475 2404 habentur.
1530 2346 1821 2404 Hcinricus
1867 2348 2162 2419 imperator

568 2435 1072 2508 liabenbergensem
1103 2439 1406 2495 azcclesiam
1430 2439 1754 2511 episcopalis
1780 2441 1925 2496 sedis
1951 2442 2160 2497 honore

568 2526 846 2596 sublimat,
872 2538 926 2584 et
947 2530 1077 2601 quia
1102 2531 1290 2588 liberis
1325 2532 1567 2598 carebat,
1603 2548 1724 2587 eam
1751 2534 2001 2589 omnium
2028 2551 2157 2591 sua-

568 2639 691 2678 rum
741 2639 924 2679 rerum
974 2624 1227 2680 heredem
1274 2623 1423 2680 facit.
1467 2623 1619 2679 Unde
1655 2623 1987 2681 Deodericus
2021 2625 2158 2681 Met-

571 2718 807 2773 tensium
834 2718 1148 2788 episcopus,
1197 2719 1388 2775 dolens
1440 2718 1621 2799 dotem
1662 2728 1721 2775 et
1768 2719 2155 2789 patrimonium

569 2810 780 2865 sororis
831 2825 947 2865 suae
998 2809 1340 2883 Cunigundis
1386 2811 1747 2882 imperatricis
1801 2810 2041 2882 delegari
2088 2813 2158 2867 ab

568 2900 896 2972 imperatore
928 2902 1191 2959 tecclesize
1225 2902 1681 2974 Babenbergensi,
1722 2903 1968 2960 rebellat.

642 3016 800 3072 1005.
1250 3021 1305 3073 5.
1746 3019 1800 3075 9.

640 3109 794 3180 (ALP.
822 3126 861 3178 ι,
886 3107 967 3180 6.)
1004 3109 1256 3165 Cometes
1291 3111 1539 3167 horribili
1573 3114 1753 3183 specie
1776 3114 2025 3170 ﬂammas
2050 3115 2159 3171 huc

2263 551 2601 608 Francorum
2627 563 2683 609 et
2720 553 2996 611 Richardo
3020 559 3221 615 comite
3248 557 3734 617 Norttnannorum.

2329 645 2491 701 1007.
2915 649 2976 704 5..
3402 653 3490 708 11.
3566 696 3569 699 μ

2268 774 2269 777 η
2330 735 2465 808 (1b.)
2501 735 2790 796 Heinrlcus
2816 738 3134 810 imperator,
3164 743 3293 813 quia
3325 744 3392 800 de
3417 745 3710 800 obsidione
3748 745 3848 799 Va-

2261 828 2646 886 lentinianensi
2693 830 2940 887 inellicax
2982 833 3236 903 redierat,
3286 844 3477 890 contra
3512 834 3848 894 Balduinum

2262 918 2558 988 profectus,
2601 930 2842 977 castrum
2881 922 3207 989 Gandavum
3244 926 3470 992 invadit,
3514 935 3572 982 et
3602 927 3852 997 depopu-

2260 1011 2368 1066 lata
2419 1020 2563 1068 terra
2618 1014 2827 1084 aliquot
2886 1015 3301 1073 Flandrensium
3354 1021 3626 1089 primores
3677 1018 3847 1089 capit.

2263 1103 2417 1162 Unde
2467 1105 2764 1164 Balduinus
2808 1110 3128 1179 perterritus
3174 1111 3487 1180 imperatori
3536 1108 3849 1176 satislacit,

2262 1197 2615 1255 Valentianas
2654 1203 2849 1270 reddit,
2892 1204 3144 1274 datisque
3176 1205 3463 1262 obsidibus
3488 1221 3617 1262 cum
3658 1221 3853 1262 saera—

2260 1299 2446 1346 mento
2474 1292 2768 1360 tidelitatis,
2805 1309 2999 1350 manus
3030 1296 3083 1350 ei
3119 1296 3285 1351 dedit.
3322 1296 3515 1353 Postea
3550 1298 3852 1367 imperator

2261 1384 2530 1439 seditione
2591 1401 2816 1441 suorum
2872 1395 3116 1454 coactus,
3170 1387 3525 1446 Valentianas
3577 1389 3852 1445 Balduino

2263 1475 2621 1542 beneliciavit,
2666 1488 2727 1533 ut
2767 1478 2870 1533 sibi
2907 1489 3095 1536 contra
3138 1490 3333 1538 motus
3358 1486 3588 1538 suorum
3637 1484 3851 1538 auxilio

2260 1578 2422 1624 esst.
2462 1567 2655 1625 Postea
2694 1571 2747 1627 ei
2781 1572 2947 1627 etiam
2984 1572 3306 1630 Walachras
3343 1575 3551 1631 addidit
3588 1576 3765 1646 (21,8).

2333 1660 2492 1716 1008.
2918 1663 2973 1720 6.
3393 1659 3479 1722 12.
3600 1677 3605 1681 ’

2331 1751 2417 1822 (Α.
2442 1750 2636 1819 Leod.;
2662 1753 2727 1808 (ἱ.
2742 1753 2861 1809 abb.
2879 1754 3108 1826 Gembl.)
3132 1755 3413 1812 Baldricus
3429 1756 3849 1812 Laodicensium

2260 1842 2550 1913 episcopus
2584 1844 2890 1899 ordinatur.
2932 1843 3282 1901 Burchardus
3310 1860 3533 1925 quoque
3578 1846 3640 1900 6t
3681 1845 3850 1899 Wor-

2263 1932 2601 1988 macensium
2629 1935 2939 2005 episcopus,
2979 1937 3073 2007 qui
3117 1937 3172 1991 in
3217 1938 3503 2008 scripturis
3538 1938 3849 2004 studiosus,

2261 2028 2523 2096 magnum
2559 2027 2692 2082 illud
2730 2043 3006 2084 canonum
3032 2030 3288 2086 volumen
3324 2029 3513 2096 edidit,
3542 2030 3852 2100 scriptura-

2262 2133 2385 2173 rum
2420 2121 2707 2177 sententiis
2736 2122 2977 2193 undique
3012 2123 3323 2193 commlatis
3355 2122 3704 2191 deﬂoratum,
3735 2124 3852 2179 col-

2259 2213 2540 2269 laborante
2566 2214 2672 2271 sibi
2707 2216 2762 2270 in
2806 2216 2909 2271 hoc
2940 2216 3206 2288 magistro
3236 2232 3339 2273 suo
3374 2214 3597 2273 Olberto
3629 2217 3849 2283 abbate,

2259 2305 2379 2361 viro
2414 2307 2779 2378 undecunque
2816 2308 3158 2365 doctissimo.
3620 2306 3625 2311 ’

2333 2398 2488 2453 1009.
2905 2399 2974 2454 ~7.
3403 2400 3492 2455 15.

2332 2491 2523 2563 (Mam)
2582 2490 2692 2546 Leo
2742 2490 3006 2548 Romana
3056 2488 3316 2548 mcclesite
3364 2493 3530 2549 1.15“
3585 2493 3848 2562 presidet.

2261 2584 2348 2654 (Α.
2376 2583 2563 2655 Leod.)
2593 2582 2824 2654 Eclipsis
2847 2571 2981 2640 solis
3007 2584 3149 2639 facta
3174 2594 3258 2641 est
3282 2586 3415 2640 hora
3441 2585 3547 2640 diei
3578 2586 3847 2643 secunda.

2260 2676 2522 2745 (Αιιιειιτ.
2549 2691 2588 2741 ι,
2608 2674 2686 2747 8.)
2709 2669 3661 2743 Νοηηπιηιιίιεἰδθεὶιιιιίίητθεῑιιιιιθε,
3690 2676 3852 2733 Thile

2258 2768 2516 2838 oppidum
2577 2769 2891 2824 incendunt.
2952 2768 3241 2825 Heinricus
3291 2766 3589 2841 impefator
3634 2769 3849 2825 hlettim

2258 2861 2449 2915 urbem
2497 2860 2710 2917 obsidet
2752 2868 2972 2931 propter
3006 2859 3366 2917 Deodericum
3398 2860 3622 2916 fratrem
3654 2862 3852 2917 uxoris

2258 2968 2371 3008 sua:
2399 2962 2586 3009 contra
2626 2968 2684 3009 se
2718 2953 3091 3019 rebellantem,
3129 2954 3222 3025 qui
3263 2953 3635 3025 episcOpatum
3671 2955 3850 3025 ipsius

2257 3045 2411 3099 urbis
2455 3054 2830 3115 usurpaverat.
2895 3044 3011 3101 Dux
3058 3046 3204 3100 enim
3244 3044 3666 3102 Mosellanorum
3708 3046 3852 3102 Deu-

2258 3134 2477 3191 dericus
2520 3146 2643 3206 post
2692 3135 2916 3191 fratrem
2966 3153 3127 3192 suum
3177 3134 3502 3193 Alheronem
3549 3139 3680 3194 dato
3726 3140 3848 3209 epi-

567 3205 810 3277 illucque
825 3205 1065 3276 iactans,
1102 3208 1158 3262 in
1180 3209 1411 3263 australi
1439 3219 1592 3279 parte
1614 3210 1770 3265 visus
1796 3219 1903 3265 est.
1961 3209 2149 3283 (BALD.

2259 3236 2483 3298 scopatu
2521 3205 2877 3285 iMettensium
2926 3229 3037 3284 tilio
3083 3245 3185 3285 suo
3228 3230 3409 3285 adhuc
3460 3245 3650 3301 puero,
3707 3205 3850 3286 tuto-

566 3312 652 3363 ιιι,
684 3296 761 3369 7.)
811 3297 1026 3353 Mortuo
1078 3297 1277 3355 Ottone
1321 3300 1480 3368 duce,
1524 3302 1757 3358 duca-tus
1793 3302 2159 3374 Lotharingiae

562 3390 728 3446 datur
770 3391 957 3447 comiti
995 3391 1310 3458 Godefrido,
1351 3393 1465 3448 lilio
1518 3394 1794 3450 Codefridi
1839 3395 2157 3451 Ardeunen-

562 3483 643 3538 sis
689 3482 860 3555 (216).
916 3481 1258 3555 Chilpericus
1297 3485 1496 3540 librum
1542 3486 1609 3542 de
1654 3488 1866 3542 ratione
1917 3487 2153 3557 eompoti

564 3572 669 3629 hoc
697 3588 843 3630 armo
870 3575 1109 3646 scripsit,
1142 3585 1204 3631 ut
1237 3586 1461 3647 apparet
1494 3591 1562 3632 ex
1596 3587 1920 3647 argumento
1956 3578 2024 3632 ad
2070 3578 2156 3633 in—

562 3667 856 3723 veniendos
884 3682 1060 3723 annos
1091 3668 1306 3724 Domini
1334 3684 1433 3739 per
1456 3669 1781 3725 indictiones
1813 3686 1826 3723 :
1860 3668 1922 3724 Si
1947 3671 2045 3736 vis,
2070 3670 2153 3725 in-

557 3759 697 3829 quit,
724 3760 860 3814 scire
888 3769 1013 3831 quot
1040 3761 1148 3814 sint
1191 3762 1321 3814 anni
1344 3760 1614 3815 incantati
1638 3759 1863 3825 Christi,
1899 3761 1968 3816 66
2001 3763 2150 3816 ordi-

557 3866 646 3905 nes
673 3852 1046 3919 indictionum,
1072 3853 1163 3923 qui
1200 3853 1473 3922 ﬂuxerunt
1509 3854 1575 3907 ab
1613 3854 1728 3923 ejus
1765 3855 2147 3924 incarnatione,

556 3941 857 4011 inultiplica
871 3958 964 3999 Der
984 3943 1072 4009 15,
1096 3944 1230 4011 fiunt
1259 3943 1384 3998 990.
1429 3942 1530 3997 His
1547 3944 1684 4006 adde
1703 3945 2002 4013 duodecim,
2023 3949 2149 4016 quia

558 4037 718 4088 tertia
758 4026 1045 4088 indictione
1087 4044 1244 4087 natus
1287 4043 1365 4088 est
1414 4033 1678 4090 Christus.
1728 4035 1878 4090 Adde
1906 4038 2149 4092 indictio-

554 4139 672 4178 nem
701 4124 957 4194 presenti:
980 4125 1128 4190 anni,
1167 4124 1225 4178 id
1253 4131 1330 4178 est
1363 4133 1485 4180 tres.
1530 4124 1666 4181 Ecce
1703 4126 1859 4181 habes
1889 4127 1985 4182 hoc
2007 4128 2145 4183 anno

550 4231 721 4271 annos
756 4213 958 4271 Christi
993 4214 1137 4271 1005
1182 4215 1356 4289 (217).

628 4324 788 4381 1006.
1217 4327 1272 4383 4.
1700 4326 1786 4384 10.

554 4464 559 4471 .
627 4418 779 4489 (Λιν.
807 4433 845 4484 ι,
879 4415 959 4490 6.)
988 4416 1183 4476 Fames
1208 4429 1262 4476 et
1291 4418 1598 4476 mortalitas
1625 4430 1734 4477 tam
1775 4422 2011 4493 graviter
2049 4437 2167 4503 per‘

549 4516 729 4566 totum
757 4510 944 4566 orbem
968 4510 1215 4580 invaluit,
1242 4519 1304 4566 ut
1335 4511 1479 4567 tedio
1505 4513 1881 4584 sepelientium
1904 4512 2012 4569 vivi
2047 4514 2140 4570 ad-

551 4600 662 4658 huc
703 4603 955 4674 spiritum
996 4604 1273 4660 trahentes
1307 4604 1666 4661 obruerentur
1712 4621 1835 4661 cum
1883 4607 2135 4685 mortuis.

547 4692 806 4767 (8.11.0.1,
835 4695 982 4763 114.)
1010 4696 1264 4752 Castrum
1302 4695 1672 4766 Valentianas,
1710 4698 1874 4755 situm
1908 4699 1961 4754 in
1996 4716 2143 4756 mar-

547 4789 653 4844 cha
684 4788 925 4846 Francim
949 4800 1003 4846 et
1026 4789 1412 4864 Lotharingiae,
1441 4793 1586 4863 quod
1618 4790 1924 4847 Balduinus
1954 4808 2140 4850 comes

543 4874 971 4938 Flandrensium
995 4883 1289 4952 invaserat,
1323 4883 1620 4956 imperator
1657 4882 1945 4941 lleinricus
1984 4885 2135 4942 obsi-

2258 3334 2372 3373 rem
2392 3319 2444 3375 ei
2466 3320 2749 3375 substituit
2777 3319 2953 3391 ipsum
2986 3319 3375 3389 Deodericum;
3391 3321 3494 3392 qui
3515 3337 3689 3392 puero
3708 3323 3849 3378 urbe

2254 3412 2479 3467 excluso
2506 3420 2562 3467 et
2593 3412 2911 3482 episcOpatu
2953 3421 3241 3487 usurpato,
3286 3412 3467 3484 ipsum
3503 3413 3670 3470 etiam
3704 3412 3851 3470 Deu-

2252 3505 2499 3560 dcricum
2534 3505 2729 3560 ducem
2763 3505 2905 3560 bello
2932 3505 3094 3575 cepit.
3136 3503 3284 3560 Urbe
3312 3521 3443 3577 ergo
3478 3521 3577 3577 per
3605 3505 3853 3565 obsidio-

2253 3613 2376 3651 nem
2408 3613 2546 3668 peue
2580 3596 2844 3664 desolata,
2885 3596 3101 3652 tandem
3139 3613 3244 3666 pax
3281 3597 3554 3654 convenit.

2292 3687 2482 3760 ,‘1010.
2915 3689 2969 3744 8.
3212 3710 3216 3715 -
3402 3689 3490 3744 it.

2323 3777 2513 3850 (Μιιιι.)
2538 3778 2722 3834 Bruno
2746 3777 3038 3851 episcopus
3058 3779 3462 3852 martyriaatur.
3504 3778 3658 3850 (Atr.
3693 3794 3732 3846 1,
3759 3780 3847 3852 9.)

2248 3869 2572 3926 Nortmanni
2610 3870 2853 3927 Fresiam
2892 3866 3161 3941 repetunt,
3193 3880 3247 3926 et
3274 3865 3461 3926 multis
3500 3871 3678 3936 caesis,
3703 3871 3843 3927 Vul-

2249 3965 2538 4035 trajectum
2566 3964 2787 4034 cpidum
2819 3963 3104 4018 incensum
3133 3970 3236 4017 est.
3297 3962 3445 4019 Gens
3490 3961 3841 4034 Ungarorum

2244 4056 2512 4113 hactenus
2567 4055 2832 4110 idolatriae
2873 4054 3084 4121 dedita,
3129 4055 3235 4109 hoc
3272 4065 3516 4128 tempore
3569 4056 3637 4111 ad
3674 4055 3841 4112 iidem

2242 4146 2448 4202 Christi
2478 4147 2813 4202 convertitur
2835 4161 2930 4216 per
2951 4144 3157 4201 Gislam
3185 4160 3431 4201 sororem
3467 4146 3838 4217 imperatoris,

2244 4255 2367 4310 qua:
2407 4247 2575 4311 nupta
2611 4237 2957 4310 Ungarorum
3007 4237 3145 4309 regi,
3191 4238 3260 4293 ad
3308 4239 3420 4293 hoc
3473 4255 3572 4294 sua
3622 4239 3840 4294 instan-

2242 4332 2317 4387 tia
2342 4330 2491 4403 (219)
2518 4346 2701 4402 regem
2732 4329 2978 4398 adduxit,
3009 4340 3070 4385 ut
3106 4344 3165 4386 se
3196 4338 3253 4386 et
3282 4339 3451 4385 totam
3482 4329 3838 4402 Ungarorum

2244 4434 2456 4497 gentem
2473 4424 2739 4494 baptizari
2767 4430 3058 4494 expeteret.
3097 4421 3204 4493 Qui
3233 4423 3287 4478 in
3310 4422 3583 4497 baptismo
3601 4423 3838 4494 Stepha-

2246 4532 2351 4571 nus
2378 4525 2462 4571 est
2490 4524 2745 4585 vocatus;
2782 4515 2940 4585 cujus
2977 4514 3174 4569 merita
3200 4529 3297 4584 per
3329 4512 3624 4585 Ungariam
3658 4515 3836 4570 multa

2246 4608 2634 4665 miraculorum
2671 4608 2842 4680 gloria
2873 4606 3238 4662 commendat.

2454 4743 2467 4756 .
2896 4700 2948 4755 9.
3311 4698 3400 4753 15.

2454 4743 2467 4756 .
2936 4741 2948 4754 .
3311 4699 3400 4753 15.

2311 4699 2502 4863 ἴιᾚέυ.
2538 4806 2620 4858 ιιι,
2652 4790 2732 4864 8.)
2765 4789 2824 4845 In
2848 4700 3207 4860 Litharingia
3243 4789 3399 4860 juxta
3441 4797 3683 4843 montem
3723 4789 3834 4845 Ca-

2244 4886 2530 4941 strilocum
2573 4883 2866 4940 fouiticulus
2886 4899 3043 4957 aquas
3088 4882 3276 4940 multis
3320 4881 3722 4938 saluberrimus
3772 4883 3857 4937 in»

1848 5036 2082 5094 VARI!)
2119 5039 2518 5096 LEC'I'IWES.

620 5154 689 5186 ⁶²¹
742 5154 894 5209 addit
932 5154 1016 5212 13.
1058 5156 1175 5211 τειι.
1228 5163 1422 5225 praeter
1459 5152 1523 5208 A.
1549 5153 1671 5210 C2“.
1714 5156 1787 5210 1⁸.

2051 5294 2280 5353 NOTE.

643 5388 771 5460 215)
810 5387 1110 5460 Episcopus
1133 5389 1233 5444 fuit
1251 5388 1472 5444 demum
1501 5403 1552 5442 a.
1589 5387 1747 5460 1012.

640 5456 766 5528 216)
806 5456 1118 5516 Balderieus
1161 5460 1276 5514 hate
1323 5460 1584 5514 suadente
1618 5457 1859 5515 Gerardo
1901 5473 1985 5528 ep.
2024 5456 2131 5512 Ca-

544 5529 873 5601 meracensi,
902 5532 1086 5601 itaque
1113 5538 1305 5599 posta.
1338 5529 1491 5596 1012,
1525 5539 1643 5601 acta
1661 5529 1851 5601 tradit.

534 5625 549 5668 ς
618 5600 861 5671 (217)(11.
889 5599 1160 5673 δὶαιέιι.[)θ
1182 5601 1283 5657 vir.
1301 5601 1443 5657 ilhc.
1473 5602 1596 5657 M5.
1627 5599 1902 5656 Mabiilon.
1928 5599 2124 5654 Annal.

545 5673 763 5812 ν’(ξῖἓι)
802 5741 929 5812 Post
949 5758 999 5799 a.
1033 5741 1295 5809 1012;e1’.
1325 5740 1473 5796 eam.
1508 5740 1595 5809 Ill,
1625 5742 1679 5796 2.
1723 5738 1994 5795 nmscn.

622 5810 769 5882 (219)
811 5811 924 5868 Hoc
967 5815 1021 5868 ni
1069 5814 1286 5882 falsum,
1332 5829 1497 5883 quam
1542 5813 1778 5869 niaxime
1817 5822 1995 5866 tamen
2026 5810 2127 5865 du-

2236 5387 2539 5460 biumst-1.
2575 5388 2713 5445 Acta
2739 5387 2840 5444 SS.
2896 5385 3429 5460 St-ptentbr.gl,4_90.
3486 5384 3664 5460 Nupta
3719 5387 3823 5446 fuit

2235 5459 2382 5514 Cisla
2427 5456 2702 5530 Stephano
2732 5461 2843 5529 jam
2881 5456 3006 5514 aute
3031 5476 3081 5514 a.
3112 5457 3267 5513 1003.
3308 5456 3637 5513 Caeterum'e
3662 5477 3793 5516 com

2236 5532 2628 5585 memoratione
2661 5531 3073 5597 miraculorum,
3118 5545 3241 5599 qua:
3284 5540 3406 5599 post
3458 5530 3824 5587 elevationem

2235 5602 2379 5671 regis
2425 5617 2476 5654 a.
2523 5601 2661 5654 1085
2709 5601 3032 5671 celebratam
3084 5600 3199 5655 ﬁeri
3246 5609 3551 5671 cmperunt,
3592 5614 3828 5671 apparet

2234 5669 2377 5727 hanc
2398 5671 2670 5743 chronica:
2700 5682 2908 5741 partem
2938 5687 2969 5727 a
3001 5669 3279 5743 Sigeberto
3301 5669 3409 5726 non
3437 5680 3561 5727 ante
3599 5669 3826 5728 21—1085

2236 5741 2604 5813 conscriptam
2635 5758 2775 5799 esse.
