3914 6314
177 367 268 427 805
1400 367 1408 378 '
1583 354 1958 413 CHRONICA.

1748 469 1798 528 Α
1825 466 2165 537 privaretur;
2195 474 2248 522 et
2280 474 2568 522 exeuntem
2603 466 2670 522 de
2721 469 2905 525 seculo
2933 471 3116 528 nullus
3138 471 3383 531 visitaret

238 477 379 534 1050.
717 466 786 525 11.
828 470 881 525 6.
1178 465 1239 522 F.
1281 469 1370 524 54.

234 566 356 637 (Ην.)
391 560 710 618 Cuonradus
731 561 1026 632 imperator
1050 559 1438 616 rebellantibus
1460 558 1722 632 Ungaris,

173 659 230 715 ad
249 673 334 714 eos
354 653 695 710 debellandos
721 651 1088 724 proficiscitur
1122 652 1212 704 ηε.

362 787 376 800 .
809 743 860 797 7.
1275 741 1364 795 55.

362 787 376 800 .
809 747 860 797 7.
1275 747 1364 795 55.

375 836 633 891 Botberto
661 834 997 889 Francorum
1026 847 1154 903 rege
1174 840 1412 897 mortuo,
1436 830 1722 888 Heinricus

163 930 292 986 ﬁlius
317 929 434 1000 ejus
454 935 646 998 regnat
667 926 721 981 in
747 924 976 980 Francia
1007 925 1166 979 annis
1194 923 1263 978 50
1299 925 1388 978 κθ.
1414 925 1599 994 (ΒΑΜ).
1637 940 1719 990 ιιι,

163 1022 262 1082 51.)
292 1018 400 1074 Hoc
423 1028 666 1088 tempore
695 1017 856 1088 jussu
879 1014 1155 1070 Cuonradi
1181 1015 1528 1083 imperatoris
1551 1015 1720 1086 regali

159 1119 208 1166 et
240 1109 479 1183 synodali
527 1116 799 1164 conventu
825 1107 1293 1178 apudTriburias
1344 1106 1486 1161 inter
1525 1116 1720 1164 caetera

158 1202 375 1275 episcopi
412 1202 518 1258 hoc
556 1200 857 1272 capitulum
899 1201 1190 1258 decernere
1238 1199 1549 1267 voluerunt,
1588 1210 1648 1256 ut
1672 1202 1718 1257 si

154 1294 352 1366 quando
373 1293 644 1365 jejunium
668 1293 829 1363 primi
853 1293 1058 1349 mensis
1100 1291 1342 1347 eveniret
1379 1291 1519 1346 infra
1547 1293 1717 1348 ebdo-

154 1390 370 1455 madam,
419 1397 734 1461 quaeaput
754 1387 948 1460 jejunii
988 1388 1041 1442 in
1083 1395 1279 1458 quarta
1302 1386 1438 1443 feria
1479 1396 1714 1455 constat,

149 1481 416 1536 amborum
434 1480 776 1551 jejuniorum
805 1480 1096 1536 celebritas
1137 1479 1303 1535 unius
1346 1478 1506 1535 ollicii
1534 1480 1714 1550 exple-

149 1572 278 1626 tione
312 1573 700 1641 compleretur.
745 1570 850 1627 Sed
901 1570 1178 1628 Gerardus
1217 1569 1632 1627 Cameracensis
1661 1580 1716 1627 et

147 1661 286 1732 pauci
313 1676 438 1716 cum
472 1677 540 1717 eo
570 1661 722 1732 (257)
753 1662 880 1718 huic
921 1663 1220 1718 multorum
1247 1663 1466 1720 decreto
1489 1673 1712 1720 contra-

145 1750 385 1814 dicentes,
419 1751 797 1821 optinuerunt,
838 1761 898 1807 ut
917 1751 1188 1823 jejunium
1230 1752 1391 1822 primi
1420 1754 1626 1810 mensis
1651 1753 1707 1809 in

144 1842 291 1897 altera
325 1843 654 1912 ebdomada,
685 1843 874 1914 inqua
914 1843 1146 1899 habetur
1169 1843 1428 1910 ollicium,
1471 1847 1708 1904 celebre—

144 1946 220 1991 tur
243 1940 544 1994 secundum
569 1939 922 2012 antiquorum
963 1939 1438 1996 consuetudinem.

201 2028 347 2082 1052.
781 2033 836 2086 8.
1235 2031 1284 2086 1..

199 2119 380 2190 (llam)
409 2118 664 2176 Sanctus
718 2121 896 2178 Bai-do
945 2123 1240 2180 ordinatur
1281 2123 1578 2196 Moguntia
1622 2139 1712 2179 ar-

142 2210 510 2282 chiepiscopus
561 2211 734 2284 (258).
787 2212 1086 2271 Rotbertus
1123 2225 1178 2272 et
1225 2215 1554 2283 Richardus,
1607 2217 1710 2272 mi-

140 2305 348 2361 nuenda:
390 2305 564 2360 domo
615 2305 983 2362 multitudinis
1025 2323 1195 2364 causa
1250 2309 1355 2366 hoc
1413 2319 1707 2382 temporea

139 2393 478 2451 Nortmannia
531 2395 872 2452 Francorum
927 2399 1182 2470 digressi,
1232 2401 1487 2473 Apuliam
1541 2419 1708 2475 expe-

138 2496 268 2554 tunt;
308 2498 361 2544 et
393 2487 553 2546 Italis
575 2490 716 2546 inter
746 2505 806 2547 se
836 2491 1290 2551 dissentientibus
1315 2537 1331 2564 ,
1373 2496 1504 2552 dum
1546 2498 1704 2554 alteri

136 2589 304 2636 contra
325 2582 568 2638 alterum
603 2584 870 2639 auxilium
896 2595 1164 2656 prestant,
1209 2587 1314 2644 hac
1338 2591 1704 2658 oportunitate

137 2671 279 2732 Italos
343 2676 547 2734 callide
589 2686 645 2734 et
699 2677 918 2735 fortiter
964 2679 1265 2748 debellant,
1303 2690 1357 2738 et
1410 2697 1702 2740 successus

135 2769 354 2839 urgendo
386 2785 547 2834 suos,
580 2785 779 2826 nomen
805 2787 970 2828 suum
995 2772 1244 2841 dilatant,
1274 2783 1328 2830 et
1354 2773 1548 2832 futurae
1575 2793 1700 2847 pro-

134 2860 387 2930 speritatis
408 2862 522 2918 sibi
551 2862 698 2920 viam
726 2873 942 2934 parant.

193 2951 339 3008 1055.
768 2955 822 3010 9.
1234 2959 1290 3013 2.

191 3042 366 3112 (Βιιι).
397 3061 485 3100 ιιι.
513 3046 629 3117 52.)
669 3044 900 3118 Eclipsis
939 3048 1074 3105 solis
1116 3048 1258 3106 facta
1289 3059 1374 3106 est
1409 3051 1553 3109 circa
1583 3069 1696 3111 mc-

3295 362 3398 416 206

1829 572 1930 612 nec
1952 557 2244 627 sepulturae
2267 559 2521 616 traderet.
2577 559 2698 616 Alia
2751 577 2973 634 quoque
3032 565 3399 636 importabilia

1829 649 2150 720 quamplura
2185 650 2381 706 dedere
2427 651 2704 720 mandata,
2746 670 2868 724 quae
2899 656 3060 710 oneri
3105 658 3220 714 visa
3273 671 3403 717 sunt

1828 739 2109 807 replicare.
2135 738 2286 795 Hanc
2322 743 2702 798 mandatorum
2747 747 3041 801 novitatem
3078 764 3202 803 cum
3243 753 3400 806 multi

1825 831 2005 900 cupidi
2057 846 2321 886 novarum
2370 849 2553 888 rerum
2597 835 2858 892 libentius
2919 837 3072 907 justo
3109 842 3402 911 amplecte—
3488 905 3490 907 ,

1823 932 2036 989 rentur,
2069 922 2344 980 Gerardus
2377 923 2826 996 Cameracensis,
2872 930 2964 1000 qui
3009 933 3160 988 solus
3208 933 3403 989 Lotlia-

1823 1015 2086 1072 riensium
2113 1017 2452 1086 appendebat
2512 1020 2578 1074 ad
2647 1022 2964 1091 parochiam
3037 1023 3398 1093 Francorum,

1822 1108 2025 1163 nullius
2051 1109 2272 1164 hortatur
2301 1112 2478 1180 potuit
2517 1112 2714 1167 adduci
2762 1113 2829 1168 ad
2881 1115 2996 1170 haec
3026 1117 3396 1187 suscipienda,

1821 1199 1915 1254 sed
1941 1200 2154 1272 singula
2183 1202 2419 1271 capitula
2461 1202 2760 1270 refellebat,
2785 1205 2978 1262 dicens
3013 1222 3186 1277 genus
3219 1209 3396 1263 homi-

1818 1305 1952 1345 num
1977 1291 2045 1345 ab
2071 1292 2226 1347 initio
2245 1291 2511 1348 trifariam
2535 1311 2656 1351 esse
2681 1296 2939 1364 divisum,
2973 1297 3029 1352 in
3063 1301 3394 1368 oratoribus,

1817 1381 2233 1451 pugnatoribus,
2261 1383 2710 1454 agricultoribus,
2752 1395 2807 1441 et
2836 1403 3009 1444 unum
3038 1390 3296 1459 duorum,
3341 1402 3400 1450 et

1815 1472 1954 1528 duos
1986 1473 2150 1529 unius
2171 1489 2328 1545 egere
2356 1477 2582 1532 auxilio.
2613 1477 2738 1534 ldeo
2760 1480 2957 1536 debere
2979 1499 3132 1538 arma
3159 1484 3320 1552 ferre,
3343 1498 3397 1542 et

1813 1565 2038 1635 rapinas
2063 1565 2212 1620 reddi
2234 1581 2332 1636 per
2351 1569 2729 1625 auctoritatem
2756 1571 2891 1643 legis
2920 1582 2972 1628 et
3001 1574 3187 1646 gratiae
3212 1594 3225 1643 ;
3249 1577 3397 1633 ulto-

1813 1671 1930 1711 rem
1974 1657 2220 1727 percussi
2260 1659 2345 1714 vel
2391 1660 2562 1716 occisi
2611 1677 2718 1716 non
2764 1665 3081 1720 exacerbari
3121 1669 3393 1738 cogendo;

1815 1749 1908 1804 sed
1938 1749 2236 1805 secundum
2271 1753 2608 1824 evangelium
2638 1755 2688 1809 ei
2730 1757 3102 1825 reconciliari;
3126 1760 3395 1829 jejunium

1811 1844 1862 1899 ei
1898 1843 1931 1898 6
1960 1845 2042 1898 vel
2065 1843 2095 1895 7
2118 1843 2252 1899 feria
2278 1860 2377 1900 nec
2423 1846 2679 1903 omnibus
2726 1864 2896 1903 unum
2930 1865 3054 1905 esse
3101 1852 3397 1922 imponen-

1813 1936 1961 2002 dum,
1987 1935 2116 2007 quia
2144 1951 2256 1992 non
2293 1945 2379 1993 est
2421 1953 2528 1992 una
2561 1939 2818 1995 omnibus
2879 1943 3238 2012 possibilitas,
3293 1960 3393 2000 nee

1813 2042 2004 2083 omnes
2047 2028 2152 2083 hoc
2199 2044 2312 2084 uno
2345 2028 2555 2100 jejunio
2584 2038 2874 2087 contentos
2907 2048 3049 2102 esse,
3102 2035 3232 2104 quia
3280 2051 3391 2090 non

1809 2129 1893 2175 est
1917 2135 2023 2174 una
2039 2120 2297 2176 omnibus
2317 2122 2593 2192 penitendi
2619 2123 2876 2193 qualitas.
2903 2123 3028 2180 Haec
3051 2137 3394 2182 sacramento

1808 2214 2027 2267 firmare
2047 2213 2132 2267 vel
2157 2214 2484 2270 sacramenti
2516 2214 2870 2269 violationem
2892 2215 3136 2284 perjurio
3171 2231 3389 2288 augere,

1807 2317 1919 2357 non
1942 2317 2062 2359 esse
2094 2303 2258 2371 utile;
2307 2303 2395 2359 his
2423 2305 2862 2361 contradicentes
2901 2308 3388 2374 excommunicari,

1806 2394 2040 2450 infirmis
2066 2395 2436 2452 visitationem
2479 2396 2564 2452 vel
2603 2397 2838 2453 mortuis
2896 2397 3231 2468 sepulturam
3296 2415 3392 2455 ne-

1805 2487 1943 2559 gari,
1980 2502 2102 2544 esse
2157 2486 2494 2544 detestabile.
2549 2485 2808 2545 Suﬂicere
2862 2490 3134 2546 autentica
3173 2495 3387 2562 patrum

1803 2578 2045 2646 decreta,
2067 2588 2123 2634 et
2150 2594 2316 2650 super
2337 2580 2423 2635 his
2453 2581 2715 2652 neglectis
2741 2578 3056 2651 impositum
3080 2598 3390 2654 congruen-

1803 2680 1888 2728 ter
1917 2671 2232 2742 penitentiae
2253 2672 2497 2728 modum.

1874 2764 2032 2820 1054.
2441 2764 2510 2818 10
2930 2767 2983 2821 5.

1868 2855 2152 2912 Friderico
2173 2855 2600 2912 Mosellanorum
2629 2858 2769 2914 duce
2815 2868 3035 2914 mort-uo
3055 2858 3226 2929 (239),
3254 2859 3384 2931 quia

1798 2962 1978 3002 mares
2009 2947 2149 3003 filios
2171 2963 2280 3002 non
2305 2947 3014 3018 habebat,quibusducatus
3033 2957 3383 3018 competeret,

1799 3039 2028 3096 Gothelo
2047 3041 2158 3095 dux
2181 3042 2470 3111 impetrato
2501 3042 2569 3096 ab
2619 3042 2946 3112 imperatore
2983 3043 3147 3097 etiam
3187 3041 3385 3098 Mosel-

135 3133 303 3190 ridiem
329 3139 362 3192 δ
406 3137 535 3192 Kal.
570 3137 721 3194 Julii.
756 3139 1069 3198 Istiusmodi
1093 3144 1369 3200 decretum
1401 3146 1697 3204 aFrancia:
1724 3149 1769 3214 c
1800 3131 2048 3188 “morum
2089 3134 2311 3201 ducatu.
2363 3134 2420 3188 in
2460 3132 2811 3205 Lotharinsia
2863 3133 3136 3203 potentius
3180 3133 3387 3204 minci-

133 3226 381 3298 episcopis
412 3230 610 3285 datum
639 3240 724 3286 est
774 3232 979 3288 servari
1007 3233 1269 3304 subjectis
1317 3236 1422 3290 sibi
1459 3238 1694 3308 populis.

135 3313 268 3372 Unus
285 3333 479 3375 eorum
513 3322 672 3389 dixit,
703 3323 898 3378 celitus
940 3324 1044 3379 sibi
1070 3325 1280 3381 delatas
1313 3340 1436 3381 esse
1463 3327 1694 3396 litteras,

131 3423 237 3478 quae
263 3426 447 3480 pacem
485 3425 776 3470 monerent
819 3418 1189 3472 renovandam
1229 3418 1285 3472 in
1320 3426 1484 3473 terra.
1519 3418 1694 3486 Quam

134 3517 233 3556 rem
259 3507 545 3562 mandavit
565 3509 796 3576 caeteris,
837 3519 892 3564 et
920 3510 1037 3564 haec
1063 3511 1324 3566 tradenda
1358 3511 1505 3567 dedit
1524 3528 1697 3583 popu—

132 3592 220 3649 lis:
261 3597 422 3656 Arma
461 3598 762 3669 quisquam
785 3616 894 3655 non
917 3600 1104 3669 ferret,
1152 3602 1363 3672 direpta
1396 3618 1504 3658 non
1547 3620 1694 3674 repe-

130 3694 266 3753 teret,
289 3698 343 3743 et
382 3691 471 3745 sui
525 3691 808 3761 sanguinis
851 3693 934 3751 vel
957 3694 1251 3765 cujuslibet
1290 3695 1522 3765 proximi
1550 3697 1696 3752 ultor

132 3781 331 3840 minime
358 3786 632 3850 existens,
647 3789 1066 3856 percussoribus
1085 3800 1370 3861 cogeretur
1396 3791 1694 3862 indulgere.

130 3868 380 3939 ieiunium
425 3875 483 3929 in
521 3891 662 3944 pane
700 3885 756 3931 et
798 3892 940 3948 aqua
993 3878 1146 3933 omni
1193 3879 1226 3932 6
1273 3878 1404 3935 feria
1435 3881 1698 3937 observa-

133 3970 252 4029 rent,
280 3973 332 4018 et
369 3965 422 4019 in
453 3966 729 4022 sabbatho
755 3983 785 4021 a
809 3983 974 4024 carne
999 3977 1052 4023 et
1098 3969 1400 4040 liquamine
1451 3973 1696 4028 abstine-

130 4062 258 4118 rent;
287 4056 527 4126 soloque
549 4056 653 4112 hoc
676 4059 918 4112 contenti
960 4058 1170 4130 jejunio
1198 4061 1254 4115 in
1284 4062 1528 4118 omnium
1571 4060 1722 4134 pec-5

130 4154 353 4200 catorum
407 4148 822 4216 remissionem,
886 4152 1091 4206 nullam
1129 4153 1230 4208 sibi
1277 4154 1480 4210 scirent
1531 4158 1695 4213 aliam

130 4236 470 4304 adjiciendam
507 4241 916 4310 paenitentiam;
939 4253 992 4299 et
1020 4245 1135 4300 haec
1163 4261 1222 4301 se
1251 4261 1468 4302 servare
1509 4264 1697 4304 sacra-

131 4338 293 4384 mento
344 4332 680 4408 ﬁrmarent.“
703 4334 860 4402 Quod
909 4337 1003 4407 qui
1052 4337 1249 4403 nollet,
1297 4339 1696 4398 christianitate

1801 3235 1984 3296 patur.

1874 3317 2034 3372 1055.
2439 3319 2525 3373 11.
2922 3319 2975 3374 4.

1870 3410 2353 3482 Burgundionibus
2401 3425 2511 3464 non
2574 3409 2964 3466 desistentibus
3021 3425 3053 3465 a
3122 3418 3385 3466 consueta

1800 3513 1990 3560 contra
2016 3518 2201 3575 regem
2225 3515 2387 3557 suum
2411 3501 2722 3575 insolentia;
2741 3517 2837 3556 rex
2864 3500 3131 3556 Rodulfus
3156 3518 3383 3573 regnum

1806 3562 2132 3670 Burgundi‘ae
2165 3594 2421 3651 Conrado
2435 3562 2758 3663 imperatori
2783 3593 3004 3648 tradidit
3031 3562 3384 3664 (211)),uquod

1802 3709 1834 3748 a
1859 3703 2104 3762 tempore
2131 3688 2344 3744 Arnulli
2368 3686 2715 3757 imperatoris
2745 3701 2842 3756 per
2862 3699 3038 3740 annos
3064 3686 3185 3755 plus
3212 3701 3377 3755 quam

1802 3783 1908 3838 150
1929 3783 2108 3854 gentis
2151 3795 2264 3836 sua:
2291 3793 2446 3850 reges
2471 3783 2799 3843 tenuerant;
2825 3775 3013 3846 sicque
3063 3774 3377 3846 Burgundia

1801 3875 2000 3931 iterum
2031 3875 2251 3929 redacta
2285 3881 2371 3927 est
2399 3871 2454 3925 in
2485 3869 2844 3940 provinCiam.

1874 3966 2032 4021 1056.
2437 3961 2527 4016 12.
2929 3960 2982 4014 5.

1872 4057 1992 4113 Odo
2019 4056 2415 4126 Campanensis
2466 4068 2698 4124 regnum
2736 4050 2954 4108 Rodulfi
3003 4052 3168 4124 regis,
3207 4068 3382 4106 avun-

1806 4152 1915 4208 culi
1944 4151 2049 4215 sui,
2091 4165 2121 4203 a
2156 4147 2450 4202 Cuonrado
2483 4145 2814 4216 imperatore
2835 4151 3031 4213 nepote
3085 4159 3188 4198 suo
3230 4158 3387 4213 repe-

1804 4253 1947 4310 tens,
1997 4250 2058 4296 ut
2107 4240 2211 4296 sub
2249 4254 2316 4294 eo
2369 4245 2522 4308 regat
2571 4234 2945 4306 Burgundiam
2983 4234 3243 4305 efﬂagitat
3289 4234 3380 4287 ⁸³⁸³.

1805 4342 1892 4415 (Α.
1928 4336 2115 4404 Leod.)
2168 4331 2455 4387 lleinricus
2503 4345 2600 4384 rex
2651 4328 2797 4384 filius
2839 4327 3114 4382 Cuonradi
3151 4343 3379 4382 uxorem

1390 4451 1622 4509 VARUE
1664 4451 2070 4514 LECTIONES.

220 4539 286 4572 ’τε
307 4542 448 4594 hunc
475 4557 674 4594 annum
701 4541 822 4597 CA‘.
857 4545 1077 4610 omittit,
1107 4542 1174 4599 Cl
1191 4586 1204 4599 .
1231 4545 1283 4600 5.
1315 4544 1378 4599 1).
1404 4542 1718 4615 praecedenti
1741 4551 1994 4622 jungunt,
2019 4544 2679 4622 sequentemnumerantes
2706 4541 2842 4593 1050
2864 4548 2913 4593 et
2946 4541 3198 4622 sicporro
3222 4557 3383 4611 usque
3466 4568 3479 4577 ο

220 4625 253 4664 ι.
280 4611 701 4675 ηοεινωηέ1056,
726 4614 815 4675 qui
838 4615 966 4675 ipsis
988 4626 1062 4668 est
1099 4616 1251 4671 1055.
1351 4618 1418 4651 ²²⁹
1443 4618 1587 4674 XXV
1623 4621 1812 4675 habent
1839 4623 1886 4675 1.
1921 4638 1949 4673 e
1974 4634 2136 4675 cortu.
2165 4615 2229 4668 A.
2344 4613 2412 4644 ¹³⁰
2449 4610 2550 4664 Ηιε
2569 4627 2756 4664 ηουωη
2783 4625 2980 4663 annum
3011 4621 3272 4675 ίηειρηιηῑ
3306 4613 3373 4666 A-

1660 4632 1812 4676 abent
1839 4632 1886 4675 1.
1921 4638 1949 4673 e
1974 4634 2136 4681 cortu,
2165 4632 2229 4668 Α.

127 4605 189 4683 ξιξ
202 4625 253 4683 a.
271 4611 701 4683 _nostrum31056,
726 4614 815 4683 qui
838 4615 966 4683 ipsis
988 4605 1073 4668 est
1099 4616 1251 4671 1055.

2344 4613 2412 4644 ’³ο
2449 4610 2550 4664 Hic
2569 4625 2980 4680 novum_annum
3011 4610 3272 4680 incipiunt
3299 4610 3373 4666 'A.

726 4657 1066 4765 ⁷27
1099 4657 1429 4765 Ενυῖέᾳιιςηζί
1444 4657 2137 4765 3:50

129 4743 181 4824 1).
293 4753 422 4822 quia
461 4768 627 4821 supra
642 4752 764 4820 jam
790 4771 842 4808 a.
876 4755 1014 4828 1050
1038 4743 1351 4828 prmccdénti
1373 4743 1952 4828 junxeruntrsc—ribunt
1976 4743 2114 4813 Xlll.
2163 4755 2298 4826 Vll.)
2336 4763 2385 4809 et
2405 4755 2483 4806 sic
2513 4753 2776 4821 deinceps.
2815 4743 3165 4828 [dqm_primo
3201 4753 3377 4828 fuerat

128 4820 174 4867 in
199 4820 266 4885 1.,
289 4820 338 4875 et
361 4820 742 4905 consequenter
754 4840 893 4905 anno
916 4825 973 4905 In
1000 4820 1184 4880 mense
1209 4820 1390 4905 Aprili:
1405 4840 1504 4885 etc.
1554 4820 1728 4905 scriba
1755 4834 1864 4904 ipse
1900 4833 1954 4885 in
1996 4829 2230 4905 margine
2256 4820 2567 4905 apposuerat
2596 4820 2870 4905 numerant
2898 4820 3063 4905 Μξι..
3084 4820 3232 4905 anno
3271 4823 3379 4905 Leo

130 4900 268 4972 papa,
291 4903 392 4947 etc.
418 4892 565 4960 ML,
591 4909 728 4946 anno
747 4894 1081 4973 Fridericus,
1108 4906 1210 4973 etc.
1245 4892 1293 4950 Μ
1302 4897 1410 4954 LX.
1448 4904 1604 4973 etgsic
1630 4892 1787 4973 pomi
1823 4920 1918 4973 per
1946 4892 2134 4973 temni'
2155 4892 2410 4973 Sigeberti
2438 4911 2566 4965 opus
2585 4894 2742 4973 (φημί
2770 4894 2916 4973 fni"!
2937 4892 3154 4973 Ποηιίζτί
3179 4895 3381 4973 Ρεΐ,άε·

129 4961 294 5014 cennia
321 4971 536 5016 tantum
565 4972 820 5017 notantur
849 4966 905 5018 in
949 4968 1204 5088 marrqine,
1235 4978 1355 5022 ante
1391 4988 1444 5024 a.
1471 4971 1595 5038 972,
1623 4961 1782 5026 inanti
1804 4961 1920 5042 ipsa
1965 4961 2242 5041 Sigeberti',
2275 4975 2391 5038 post
2431 4961 2722 5035 a’scribis).
2763 4961 2866 5046 Sed
2897 4963 3002 5046 1ης,
3028 4965 3119 5034 qui
3150 4961 3377 5047 δὲνὶὺειςε

129 5031 260 5089 σαρξί
284 5049 335 5086 a.
373 5033 539 5089 1157.
564 5050 807 5088 numeros
839 5036 967 5089 istos
1003 5036 1047 5088 Χ
1079 5036 1138 5089 11.
1169 5037 1252 5089 Vl.
1280 5050 1400 5089 ante
1431 5040 1735 5089 lleinrimm-
1771 5059 1884 5089 rex-
1912 5051 2011 5089 etc-
2035 5039 2249 5089 delevit.
2280 5047 2328 5089 et
2351 5044 2616 5089 sequentes
2643 5043 2871 5088 correxit
2911 5044 2988 5088 ita
3014 5045 3070 5088 ut
3107 5052 3198 5089 nos
3229 5036 3377 5088 dedi-

128 5031 260 5097 caepit
284 5049 335 5086 a.
373 5033 539 5100 1157,
564 5050 807 5088 numeros
839 5036 967 5089 istos
1003 5036 1047 5088 Χ

1100 5036 1138 5090 1.
1169 5037 1252 5109 Ἦ.
1280 5050 1400 5094 ante
1431 5035 1737 5109 Heinricus,
1771 5035 1886 5108 rex,
1912 5035 2249 5102 etcﬂielevit,
2275 5035 2328 5092 et
2351 5044 2616 5109 sequentes
2643 5036 2871 5109 correxit
2911 5036 2988 5088 ita
3014 5045 3070 5088 ut
3107 5052 3198 5109 nos
3229 5035 3378 5109 dedi-

130 5113 247 5186 mus,
281 5103 643 5185 Romanorum
677 5120 840 5186 usque
863 5123 935 5186 ἀ.
972 5106 1128 5173 1059,
1169 5107 1531 5186 ζῖἰγιηατονιιηιΔ
1560 5103 1803 5182 ιιδᾳαεά.
1847 5103 2002 5166 1080.
2048 5109 2199 5186 Ideni
2227 5110 2332 5186 1a.,
2366 5103 2530 5186 annos
2577 5105 2792 5186 Domini
2841 5106 3186 5186 immergite
3213 5107 3370 5158 erasi.

127 5175 540 5248 amnemipseque
570 5191 711 5248 anno
738 5176 912 5248 cuiuis
951 5179 1184 5248 sequenti
1227 5182 1488 5248 apposuit,
1513 5182 1591 5235 ita
1632 5174 1690 5235 ut
1716 5200 1852 5237 nunc
1899 5198 2069 5235 annus
2098 5178 2704 5248 Heinricusimperator
2732 5185 2831 5230 etc.
2872 5176 2944 5227 δίε
2983 5174 3174 5240 ΜΧῘιη
3208 5189 3370 5248 ("magi
3461 5232 3468 5236 .

129 5235 691 5327 §anctusTiothaldus
710 5253 809 5298 etc.
837 5245 952 5327 L,
980 5235 1030 5299 ei
1049 5247 1124 5300 sic
1152 5235 1306 5327 ροηίᾴ
1333 5235 1602 5327 usquead.
1629 5269 1679 5306 a.
1706 5235 1956 5327 Eelypsis‘
1979 5252 2230 5327 s_olis_etc.
2257 5235 2657 5327 MC_X_L.:Quod
2691 5262 2853 5316 quum
2884 5247 3035 5327 unice
3075 5235 3273 5299 rectum
3303 5245 3372 5297 sit

129 5321 207 5361 ιιοος
254 5331 461 5385 quoque
500 5315 774 5380 dedimus;
809 5325 864 5369 at
914 5315 1158 5370 numeros
1208 5320 1298 5389 qui
1335 5315 1482 5389 prius
1519 5322 1729 5390 fuerant
1771 5315 1956 5393 scfipti
2001 5324 2058 5376 in
2111 5321 2186 5388 1.,
2238 5319 2444 5372 uncinis
2476 5315 3085 5386 inclusosapposuimus.

1645 5430 1875 5489 ΝΟΤᾸῧ.

185 5510 328 5590 (257)
360 5513 531 5590 Et_p._
566 5531 613 5590 ς.
643 5532 702 5590 eo
723 5516 790 5590 de
819 5531 920 5572 suo
942 5518 1090 5590 addit
1113 5517 1448 5590 Sigebertus,
1479 5519 1550 5576 cf.
1575 5521 1694 5590 ejus

127 5584 392 5660 epistolam
421 5586 494 5639 de
512 5584 720 5660 jejunio
734 5586 988 5660 Quatuor
1015 5584 1343 5658 Tempbrum
1382 5584 1524 5660 apud
1554 5584 1695 5645 Mar-

129 5655 236 5734 tene
258 5651 452 5734 Thes._
470 5651 686 5734 lin—298.
707 5651 1098 5734 _Herimannus
1127 5651 1578 5732 A'ugiensis'lianc
1606 5679 1694 5734 sy~

128 5719 311 5795 nodum
343 5740 394 5779 a.
430 5725 574 5780 1055
595 5728 766 5795 ponit.

189 5792 329 5863 (258)
359 5795 480 5850 l-loc
528 5792 750 5853 factum.
803 5799 857 5853 d.
897 5799 966 5853 29
1007 5798 1135 5855 Jun.
1167 5801 1294 5855 1051
1327 5821 1340 5870 ;
1368 5802 1438 5858 cf.
1488 5803 1689 5858 Vitam.

1798 5521 1854 5576 S.
1896 5520 2162 5576 Bardonis
2181 5536 2230 5576 c.
2265 5522 2351 5574 11.

1867 5592 2018 5662 (259)
2048 5591 2125 5646 De
2163 5605 2404 5662 tempore
2455 5588 2525 5645 cf.
2557 5590 2794 5647 Stenzel.
2824 5587 3264 5662 FrankLKaiser
3305 5607 3366 5662 ιι,

1798 5660 1919 5726 115,
1952 5663 2045 5732 qui
2077 5671 2264 5732 tamen,
2281 5660 2468 5716 minus
2489 5670 2634 5732 recte
2657 5663 2771 5717 haec
2793 5675 2938 5716 anno
2985 5660 3124 5732 1055
3160 5661 3367 5717 tribuit.

1869 5730 2019 5808 (240)
2045 5733 2109 5785 Α.
2145 5731 2309 5808 1027,
2350 5747 2535 5788 mense
2575 5731 2740 5789 Julio.
2795 5730 3064 5788 Rodull‘us
3119 5741 3369 5808 mergam

1794 5802 1884 5860 est
1905 5804 1935 5858 0
1962 5802 2108 5873 Sept.
2139 5802 2293 5856 1052.
