3914 6314
503 369 602 426 207

1667 363 2027 420 SIGEBER'I‘I
2044 365 2593 425 'CEMBLACENSIS

3648 375 3740 430 208

503 486 654 541 ducit
681 483 845 539 ﬁliam
869 482 1014 554 regis
1035 481 1332 551 Anglorum
1357 479 1525 550 (241).
1554 477 1670 532 Odo
1693 487 1881 532 contra
1905 478 2078 546 impc-
2109 483 2151 537 Α
2178 480 2308 534 dum
2335 479 2644 534 Odelricum
2663 479 3059 534 Boemanorum
3094 481 3286 535 ducem
3307 498 3320 543 ;
3345 480 3438 536 sed
3475 479 3742 542 Boemanis

503 589 738 635 ratorem
773 577 1012 641 bellans,
1065 572 1472 642 Lotharingiam
1550 571 1815 636 incursat,
1855 571 2075 625 castella

503 675 799 739 oppugnat,
853 665 1044 721 urbem
1095 664 1422 729 Leucorum,
1478 677 1600 732 quae
1629 660 1820 715 Tullus
1855 660 2076 728 dicitur,

502 760 734 824 obsidet,
754 767 809 814 et
834 757 888 812 in
912 757 1065 812 nullo
1086 762 1350 825 temperat
1367 746 1544 808 furori
1567 767 1668 807 suo
1694 749 1870 822 (242).

575 852 734 908 1031.
953 848 1130 904 11.15.
1173 845 1310 919 (11.)
1530 843 1592 898 F.’
1613 843 1666 898 6.
1712 841 1790 912 7.)

576 941 709 1013 (1b.)
730 941 1094 998 Herimannus
1142 938 1382 995 Colonia:
1412 936 1694 992 ordinatur
1719 933 2084 1004 archiepisco—

503 1051 608 1106 pus
621 1019 723 1088 ⁸³⁸(
744 1032 860 1088 Odo
883 1032 1084 1087 Barum
1095 1039 1337 1086 castrum
1354 1028 1568 1084 obsidet
1588 1035 1642 1082 et
1663 1025 1826 1096 capit.
1851 1024 2080 1080 Gothelo

503 1124 614 1179 dux
661 1138 803 1194 aegre
843 1121 1025 1177 ferens
1055 1120 1401 1176 insolentiam
1431 1117 1789 1182 Francorum,
1813 1129 1940 1170 cum
1975 1113 2082 1169 Lo-

505 1215 775 1286 tharingis
802 1212 1042 1269 occurrit
1070 1209 1285 1276 Odoni;
1329 1218 1384 1264 et
1410 1215 1666 1264 conserto
1716 1205 1889 1277 prelio
1935 1204 2080 1276 apud
2127 1209 2129 1211 ’

504 1307 703 1362 Barum
731 1305 904 1378 (243),
931 1303 1049 1360 Odo
1070 1303 1376 1374 perimitur,
1404 1309 1460 1357 et
1504 1299 1842 1355 Francorum
1882 1297 2086 1353 exerci—

503 1409 593 1455 tus
614 1398 764 1471 gravi
797 1399 929 1455 cede
969 1396 1211 1461 attritus,
1259 1408 1289 1448 a
1328 1390 1683 1463 Lotliaringia
1724 1389 1913 1462 fugere
1932 1403 2084 1445 com-

504 1494 742 1564 pellitur.

576 1584 733 1640 10511.
1028 1581 1116 1636 11.
1160 1577 1301 1649 (15.)

573 1673 898 1732 Nortmanni
949 1673 1005 1728 in
1041 1671 1238 1742 Apulia
1283 1669 1459 1740 copiis
1497 1669 1612 1725 suis
1661 1683 1690 1722 a
1722 1666 2080 1722 Nortmannia

503 1757 764 1836 paulatim
786 1763 1060 1830 'adauctis,
1091 1763 1158 1817 ad
1186 1760 1546 1816 invadendam
1580 1758 1832 1829 Apuliam
1865 1757 2082 1812 fortitu-

1601 1576 1651 1630 7.
1695 1573 1801 1644 (8.)

504 1827 630 1914 dine
655 1873 756 1914 sua
784 1867 839 1913 et
876 1827 1135 1912 Italorum
1171 1853 1519 1909 imbecilitate
1551 1827 1800 1917 animati,
1842 1850 2082 1906 castellis
2115 1827 2158 1881 Β
2218 1827 2414 1910 -104ῗλ
2808 1854 2864 1910 4.

503 1957 558 2004 ct
579 1949 808 2005 urbibus
830 1955 921 2003 aut
952 1947 1077 2002 dolo
1101 1953 1196 2000 aut
1222 1945 1422 1999 virtute
1445 1943 1642 2014 captis,
1676 1942 1730 1999 in
1759 1941 1955 2012 Apulia
1979 1957 2081 2012 po-

507 2050 682 2098 tenter
714 2049 904 2113 agunt,
933 2038 1238 2107 vieinisque
1272 2036 1526 2107 gentibus
1563 2044 1827 2090 terrorem
1853 2034 1938 2089 sui
1980 2048 2082 2088 no-

505 2133 670 2188 minis
689 2132 978 2186 incutiunt.
1013 2128 1324 2200 [l‘lcinrieus
1347 2125 1706 2181 Lovaniensis
1732 2140 1914 2179 comes
1937 2124 2081 2178 domi

505 2240 619 2290 sum
642 2223 927 2294 perimitur
949 2238 979 2276 a
1006 2220 1221 2290 captivo
1252 2217 1590 2284 Harmanno,
1639 2216 1798 2287 eique
1842 2215 2083 2271 succedit

507 2313 650 2369 ﬁlius
672 2329 806 2368 suus
825 2311 971 2367 Otto.
1001 2311 1099 2366 Cui
1142 2310 1431 2364 immatura
1460 2316 1634 2364 morte
1662 2316 1940 2377 prcvento,
1960 2322 2086 2363 sue-

505 2405 671 2462 cessit
703 2413 932 2475 patruus
945 2403 1064 2474 ejus
1094 2401 1397 2467 Baldricus,
1421 2399 1515 2471 qui
1545 2408 1598 2456 et
1619 2398 1948 2454 Lambertus
1967 2397 2088 2470 ’³².]

576 2497 734 2553 1059.
777 2496 986 2568 (1010.)
1133 2495 1220 2549 15.
1259 2493 1398 2565 (10.)
1644 2491 1701 2547 8.
1731 2491 1837 2563 (9.)

581 2589 770 2660 (8.11.0.
797 2603 878 2641 ιιι.
909 2586 1024 2656 55.)
1055 2584 1114 2640 111
1135 2600 1324 2640 mense
1357 2583 1552 2654 Aprili,
1606 2581 1640 2636 8
1678 2582 1824 2649 Idus,
1845 2582 1963 2636 visa
2003 2590 2089 2638 est

507 2682 562 2735 in
593 2680 734 2734 cudo
755 2679 896 2733 inter
937 2677 1236 2732 australem
1263 2684 1317 2731 et
1341 2675 1658 2730 orientalem
1691 2675 1905 2744 plagam
1927 2673 2088 2744 ignea

506 2773 690 2829 trabes
721 2773 872 2827 mirae
895 2769 1310 2842 magnitudinis,
1332 2782 1454 2839 quae
1481 2783 1709 2822 currens
1731 2781 1895 2837 super
1913 2765 2088 2821 solem

503 2867 617 2936 jam
647 2866 714 2921 ad
735 2879 996 2920 occasum
1028 2870 1364 2933 vergentem,
1392 2860 1512 2915 visa
1565 2865 1651 2914 est
1682 2859 1736 2914 in
1765 2865 1968 2914 terram
1992 2872 2087 2913 ca-

507 2956 667 3022 dere;
711 2955 872 3026 cujus
921 2953 1152 3024 vestigia
1225 2952 1318 3007 diu
1370 2950 1541 3006 videri
1588 2956 1905 3020 potuerunt.
1952 2947 2088 3018 (1b.)

508 3047 834 3103 Cuonradus
878 3045 1178 3116 imperator
1211 3043 1423 3099 Italiam
1468 3043 1598 3108 adit,
1644 3051 1705 3097 ut
1737 3040 2090 3096 rebelliOnem

508 3139 835 3194 meditantes
869 3137 1163 3194 debellaret
1186 3136 1360 3208 (244).
1390 3134 1459 3190 Et
1496 3134 1626 3205 quia
1658 3149 1850 3190 omnes
1877 3132 2091 3204 Lango—
2119 3180 2160 3238 C

513 3231 666 3286 bardi
713 3229 1152 3300 coniuraverant;
1190 3237 1249 3282 ut
1287 3243 1393 3282 non
1441 3234 1760 3298 paterentur
1795 3225 2091 3296 quemlibet

509 3323 818 3389 dominum,
850 3321 945 3392 qui
981 3321 1129 3376 aliud
1179 3336 1343 3390 quam
1389 3319 1493 3390 ipsi
1545 3319 1761 3384 vellent,
1809 3325 2000 3373 contra
2032 3332 2091 3373 se

511 3424 727 3488 ageret,
771 3413 1042 3485 quosdam
1077 3412 1364 3483 episcopos
1411 3412 1464 3466 in
1491 3413 1706 3468 vincula
1751 3411 2014 3482 conjecit,
2039 3418 2093 3466 et

511 3509 641 3580 quia
678 3509 965 3579 episcopus
987 3505 1410 3562 Mediolanensis
1446 3503 1572 3580 fqga
1610 3505 1798 3575 lapsus
1827 3512 1937 3570 est,
1990 3503 2092 3557 im-

511 3575 732 3670 perator
791 3575 1054 3654 suburbia
1111 3596 1400 3652 Mediolani
1443 3575 1702 3651 iﬂ‘endit.
1751 3593 1850 3650 Die
1899 3603 2090 3664 pente-

510 3699 692 3746 costes
718 3689 891 3761 (245),
915 3703 1043 3744 cum
1066 3688 1362 3759 imperator
1386 3686 1440 3740 in
1467 3701 1634 3755 parva
1656 3683 1903 3740 :ecclesia
1932 3699 2094 3740 secus
2136 3746 2138 3748 _

510 3783 703 3838 urbem
729 3780 800 3836 ad
842 3775 1082 3838 missam
1096 3787 1485 3843 coronaretur,
1510 3785 1624 3831 tam
1661 3776 1846 3847 gravia
1873 3774 2095 3832 fuerunt

509 3876 750 3931 tonitrua
778 3881 833 3928 et
888 3871 1135 3944 fulgura,
1185 3879 1264 3926 -ut‘
1304 3869 1474 3940 aliqui
1514 3877 1696 3924 mente
1745 3868 2089 3936 excederent,

512 3965 684 4036 aliqui
708 3962 1010 4018 exalarent.
1041 3961 1226 4016 Bruno
1250 3975 1379 4017 vero
1404 3960 1716 4030 episcopus,
1746 3960 1842 4030 qui
1866 3960 2091 4016 missam

513 4057 787 4124 canebat,
845 4064 902 4111 et
955 4054 1284 4110 secretarius
1345 4053 1694 4123 imperatoris
1768 4068 1894 4108 cum
1971 4054 2094 4108 aliis

512 4149 692 4205 tribus
716 4147 995 4214 dixerunt,
1019 4161 1079 4204 se
1101 4145 1240 4202 inter
1267 4144 1565 4202 missarum
1588 4144 1872 4202 sollemnia
1892 4143 2095 4200 vidisse

513 4251 764 4300 sanctum
793 4241 1166 4309 Ambrosium,
1198 4240 1518 4311 imperatori
1561 4240 1896 4312 indignando
1942 4256 2094 4297 com-

514 4336 834 4392 minantem.
880 4333 1180 4404 Imperator
1217 4332 1372 4390 Italia
1401 4332 1638 4392 decessit
1692 4331 1863 4404 (246).
1913 4331 2096 4388 Pridie

515 4424 643 4481 Idus
669 4424 797 4480 Maii
823 4423 1046 4494 eclipsis
1091 4423 1223 4479 solis
1266 4422 1386 4489 fuit,
1411 4432 1466 4478 et
1523 4423 1697 4493 pridie
1719 4421 1903 4478 Nonas
1947 4423 2096 4478 Junii

2181 572 2411 627 viriliter
2446 571 2846 638 resistentibus,
2872 571 3115 627 inefﬁcax
3140 573 3298 628 redit.

2254 666 2412 719 1011.
2811 664 2867 722 2.
3349 666 3438 721 10.
3483 667 3618 738 (11.)

2255 753 2388 826 (1b.)
2429 753 2715 810 Hcinricus
2750 755 3046 825 imperator
3074 771 3169 826 per
3222 757 3502 812 orationes
3547 769 3743 814 sancto-

2181 863 2306 902 rum
2350 847 2594 902 virorum
2633 848 2837 902 auxilio
2855 847 2948 902 Dei
2973 848 3078 903 sibi
3123 858 3436 918 procurata,
3463 851 3745 919 superioris

2183 939 2312 992 anni
2339 938 2696 994 infortunium
2739 939 2908 1006 ultus,
2935 937 3249 995 Odelricum
3301 941 3498 996 ducem
3532 941 3746 998 Boemize

2184 1031 2457 1103 subjugat.

2256 1122 2413 1178 1012.
2809 1123 2867 1179 δ.
3355 1123 3440 1177 11.
3483 1122 3619 1194 (12.)

2254 1215 2398 1270 Inter
2422 1212 2674 1286 Ungaros
2698 1214 2841 1270 bello
2872 1214 3132 1269 intestino
3154 1222 3324 1281 moto,
3346 1212 3544 1268 Petrus
3570 1231 3658 1269 rex
3686 1217 3746 1269 ab

2183 1304 2263 1360 eis
2284 1303 2543 1374 depulsus
2570 1318 2741 1375 regno
2763 1303 2935 1376 (247),
2963 1304 3228 1358 auxilium
3256 1301 3500 1358 Heinrici
3531 1304 3745 1374 impera-

2183 1396 2319 1452 toris
2339 1397 2674 1466 interpellat;
2707 1397 2802 1467 qui
2830 1404 3081 1467 potenter
3136 1396 3188 1452 ei
3244 1396 3743 1467 patrocinans,Un-

2183 1488 2392 1559 gariam
2413 1485 2678 1544 devastat.
2731 1487 3016 1560 (Assum)
3039 1487 3258 1543 Guatbo
3283 1502 3351 1542 ex
3400 1488 3552 1542 clero
3588 1489 3744 1543 sancti

2184 1579 2486 1646 Lantberti,
2519 1581 2606 1634 vir
2627 1579 2822 1651 spiritu
2875 1581 3156 1650 sapientiae
3184 1587 3239 1634 et
3285 1579 3534 1634 scientiae
3573 1591 3624 1634 et
3659 1579 3745 1633 fer-

2183 1687 2314 1727 vore
2341 1671 2623 1742 religionis
2673 1672 2993 1744 insignitus,
3014 1673 3302 1728 ordinatur
3342 1670 3742 1727 Leodicensium

2186 1761 2495 1832 episcopus.

3355 1852 3446 1907 12.
3486 1852 3622 1923 (13.)

2250 1948 2405 2018 Apud
2437 1947 2967 2017 Constantinopolim
3022 1944 3427 2001 Constantinus
3482 1944 3742 1998 1101101111-

2183 2040 2322 2096 chus
2341 2041 2587 2109 imperat.
2614 2039 2676 2111 (A
2691 2081 2703 2094 .
2719 2038 2905 2109 Leod.)
2932 2037 3224 2094 Ileinrieus
3243 2037 3545 2107 imperator
3566 2037 3743 2090 iterum

2185 2129 2481 2200 Ungariam
2529 2130 2833 2200 ingressus,
2863 2144 2988 2183 cum
3019 2128 3212 2198 paucis
3257 2126 3544 2182 Obbonem
3581 2141 3742 2196 regem

2183 2223 2250 2278 de
2271 2223 2415 2277 bello
2439 2221 2663 2293 fugavit,
2687 2225 2742 2276 et
2786 2222 3052 2287 lanceam,
3081 2221 3295 2290 insigne
3325 2219 3496 2290 regis,
3527 2219 3740 2286 recepit;

2184 2314 2404 2371 Petrum
2460 2328 2617 2380 vero,
2664 2328 2829 2383 quem
2879 2311 3035 2366 Obbo
3083 2311 3388 2380 expulerat,
3422 2308 3739 2380 Ungarorum

2184 2422 2354 2478 regno
2379 2404 2639 2471 restituit,
2669 2413 2724 2460 et
2760 2402 3188 2474 Ungariam'sibi
3226 2401 3570 2457 tributariam
3614 2399 3741 2453 fecit.

2257 2496 2416 2551 1044.
2781 2541 2783 2543 .
2814 2494 2868 2548 5.
3356 2491 3448 2545 13.
3490 2489 3621 2561 (14.)

2257 2585 2392 2657 (1b.)
2429 2585 2625 2642 Fames
2655 2585 2831 2641 valida
2858 2583 3088 2640 Galliam
3112 2592 3168 2639 ct
3196 2583 3550 2639 Germaniam
3576 2579 3741 2651 prodi-

2187 2689 2296 2752 gat,
2323 2679 2553 2735 Gothelo
2573 2679 2682 2734 dux
2714 2678 2870 2745 obiit,
2905 2678 3065 2748 cujus
3092 2677 3240 2731 ﬁlius
3261 2674 3608 2739 Godefridus,
3632 2672 3743 2728 dum

2187 2772 2238 2828 ei
2263 2773 2495 2828 ducatus
2545 2769 2966 2826 Mosellanorum
3011 2767 3314 2838 denegatur
3369 2762 3548 2835 (248),
3597 2763 3743 2816 altero

2189 2864 2388 2920 ducatu
2421 2861 2728 2934 repudiato,
2751 2868 2940 2916 contra
2963 2859 3350 2930 imperatorem
3374 2857 3614 2911 rebellat.

2263 2955 2422 3009 1015.
2817 2951 2873 3007 6.
3358 2950 3451 3003 11.
3491 2948 3622 3018 (15.)

2264 3044 2398 3118 (Ιὸ.)
2431 3043 2757 3099 Godefridus
2813 3043 3031 3098 hortatu
3080 3039 3432 3112 quorundam
3495 3039 3584 3094 Dei
3630 3036 3742 3092 ﬁde-

2193 3136 2327 3191 lium
2355 3136 2424 3191 ad
2470 3134 2900 3205 recuperandam
2942 3132 3288 3204 imperatoris
3317 3132 3552 3202 gratiam
3595 3128 3742 3184 addu-

2195 3239 2336 3296 ctus,
2365 3229 2436 3284 ab
2459 3229 2786 3299 imperatore
2833 3227 3048 3298 capitur
3095 3233 3150 3281 et
3198 3225 3465 3280 custodia
3498 3221 3743 3290 mancipa-

2193 3333 2283 3376 tur
2313 3319 2500 3394 (249);
2535 3321 2630 3376 sed
2665 3319 2838 3375 ﬁlium
2869 3335 3032 3376 suum
3073 3318 3319 3374 obsidem
3353 3319 3529 3394 dans,_
3561 3316 3742 3372 relan-

2193 3421 2284 3468 tur
2315 3390 2486 3482 (250).
2523 3409 2642 3477 Quo
2671 3408 2934 3465 defuncto
2987 3409 3045 3463 in
3088 3407 3368 3474 obsidatu,
3392 3408 3462 3462 ad
3507 3390 3743 3461 rebellan-

2193 3505 2323 3560 dum
2353 3511 2655 3574 grassatur.
2700 3501 3028 3557 Benedictus
3057 3498 3371 3554 Simoniace
3400 3507 3597 3572 papatu
3643 3496 3736 3550 R0-

2194 3612 2359 3652 mano
2379 3597 2570 3652 invaso
2595 3594 2768 3665 (251),
2799 3609 2926 3648 cum
2956 3600 3102 3648 esset
3141 3591 3294 3648 rudis
3323 3591 3643 3655 litterarum,
3674 3589 3741 3642 al-

2192 3698 2370 3744 terum
2421 3689 2489 3744 ad
2545 3687 2693 3743 vices
2744 3685 3118 3742 aacclesiastici
3184 3683 3353 3741 ofﬁcii
3429 3683 3742 3755 exequendas

2197 3796 2386 3837 secum
2413 3795 2613 3850 papam
2663 3778 2977 3834 consecrari
3025 3776 3171 3834 fecit.
3205 3774 3364 3844 Quod
3424 3793 3546 3834 cum
3587 3773 3744 3830 multis

2192 3889 2302 3929 non
2326 3873 2581 3944 placeret,
2633 3872 2829 3929 tertius
2853 3865 3260 3943 superducitur,
3283 3870 3381 3941 qui
3435 3870 3582 3928 solus
3620 3869 3744 3923 vices

2193 3965 2425 4020 duorum
2449 3963 2718 4033 impleret.

2269 4055 2427 4110 1οι10.
2822 4053 2875 4109 7.
3367 4053 3456 4109 15.
3497 4051 3625 4124 (10.)

2267 4145 2539 4203 Ecclesia
2586 4153 2791 4205 sancta:
2839 4145 3138 4202 Gerdrudi‘s
3185 4143 3566 4216 Nivigcllensis
3593 4141 3740 4213 (252).

2195 4256 2318 4311 qua:
2340 4247 2465 4296 ante
2495 4239 2705 4311 aliquot
2745 4253 2920 4295 annos
2945 4247 3069 4308 post
3097 4239 3496 4310 neglegentiam
3526 4246 3577 4291 et
3615 4235 3742 4288 incu-

2198 4333 2336 4387 riam
2384 4331 2548 4388 ell‘usi
2587 4330 2871 4401 sanguinis
2919 4328 3134 4384 Domini
3183 4337 3525 4384 concremata
3573 4325 3739 4384 fuerat,

2198 4423 2254 4478 in
2284 4438 2482 4477 novam
2513 4422 2860 4489 remdilicata,
2890 4420 3230 4476 benedicitur
3257 4429 3505 4490 presente
3524 4416 3744 4471 Heinrieo

516 4513 811 4584 imperator
839 4513 995 4568 obiit.
1044 4511 1177 4568 Post
1224 4527 1385 4583 quem
1437 4511 1746 4581 Heinricus,
1774 4510 1917 4569 ﬁlius
1953 4514 2095 4584 ejus,
2122 4552 2175 4612 Β
2200 4517 2543 4587 imperatore.
2578 4515 2765 4571 Roma:
2794 4529 2907 4570 uno
2925 4522 3118 4570 contra
3137 4513 3278 4569 duos
3299 4521 3355 4568 et
3381 4512 3593 4567 duobus
3632 4521 3738 4562 con-

514 4606 804 4682 imperavit
836 4605 997 4661 annis
1021 4605 1109 4660 17.

588 4695 728 4752 1010
891 4747 894 4750 .
1083 4695 1138 4750 1.
1584 4696 1636 4750 9.
1679 4695 1816 4767 (10.)

585 4787 676 4860 (A.
700 4787 888 4858 Leod.)
923 4786 1215 4843 Heinricus
1235 4787 1534 4858 imperator
1558 4788 1704 4843 vadit
1721 4789 1789 4844 ad
1817 4789 2094 4848 debellan-

2201 4622 2282 4666 tra
2316 4627 2488 4666 unum
2535 4609 2604 4666 de
2655 4619 2854 4681 papatu
2900 4608 3311 4674 altercantibus,
3345 4623 3442 4662 rex
3488 4600 3739 4658 Heinricus

2202 4713 2392 4760 contra
2422 4718 2516 4758 eos
2564 4701 2794 4758 Romam
2821 4701 2967 4756 vadit
2997 4699 3182 4770 (253);
3211 4709 3265 4755 ct
3294 4700 3377 4755 cis
3430 4695 3673 4754 canonica
3697 4696 3741 4742 et

2201 4794 2464 4865 imperiali
2511 4809 2742 4850 censura
2797 4793 3080 4864 depositis,
3114 4790 3434 4864 Suidigerus
3471 4785 3739 4844 8011011091·-

1805 4878 2039 4938 VARIIE
2080 4883 2481 4944 LECTIONES.

584 4951 650 4984 ”'
672 4949 738 5006 II.
769 4947 910 5005 (1.0.
937 4965 989 5004 a.
1023 4951 1210 5003 desunt
1238 4947 1302 5002 D.
1336 4947 1396 5001 E.

1472 4948 1541 4978 ²³²
1565 4949 1690 5003 add.
1725 4950 2038 5021 Anselmus;
2067 4959 2184 5014 rell.
2217 4965 2412 5030 praeter
2434 4956 2500 5007 A.

2027 5032 2294 5112 NOTA‘J.‘

609 5114 739 5186 241)
770 5116 836 5186 D.
859 5117 930 5172 29
956 5115 1084 5172 Jun.
1121 5114 1281 5170 1036.

611 5185 740 5243 242i
769 5185 835 5243 A.
866 5186 1026 5242 1057.

613 5255 742 5312 245)
775 5257 841 5312 D.
867 5258 936 5312 15
960 5255 1096 5310 Nov.
1130 5255 1288 5312 1057.

609 5324 738 5396 244)
769 5327 1012 5384 Exeunte
1037 5327 1171 5396 jam.
1195 5343 1246 5381 a.
1278 5324 1438 5381 1056.

610 5397 738 5454 245)
763 5397 824 5453 1).
860 5397 930 5454 29
960 5397 1086 5452 Maii
1119 5397 1274 5452 1057.

611 5467 740 5593 246)
771 5467 1015 5524 Exeunte
1036 5483 1222 5523 mense
1245 5468 1489 5539 Augusto
1511 5484 1562 5523 a.
1602 5469 1757 5524 1058.

613 5538 717 5592 247
764 5539 829 5593 A.
857 5539 1014 5593 1041.

586 5119 608 5470 ἓ

720 5187 742 5610 ἓ

590 5608 740 5680 (248)
773 5609 1027 5664 Privatus
1066 5619 1286 5680 paterno
1329 5609 1470 5680 jure,
1522 5609 1663 5664 Ann.
1720 5612 1883 5668 Leod.
1943 5612 2102 5668 Errat

520 5678 836 5749 Sigebertus
860 5680 951 5734 hic
974 5689 1029 5735 et
1051 5678 1102 5734 a.
1130 5680 1268 5735 1048
1295 5697 1310 5746 ;
1333 5678 1756 5738 Mosellanorum
1807 5684 1954 5738 enim
1993 5685 2098 5738 dn-

519 5759 702 5821 ratum
732 5749 1059 5806 Godefridus
1083 5751 1346 5806 Barbatus
1371 5751 1486 5820 jam
1529 5761 1680 5821 patre
1727 5755 1944 5808 vivente
1993 5757 2096 5809 lia—

520 5820 738 5886 buerat;
767 5829 822 5874 at
843 5835 989 5876 nunc
1014 5822 1173 5876 etiam
1205 5822 1456 5875 ducatum
1485 5820 1644 5891 fratri
1692 5824 1922 5878 debitum
1952 5826 2010 5894 (i.
2043 5844 2092 5881 c.

2196 5125 2562 5197 Lotharingiae
2588 5122 2900 5197 inferioris)
2915 5133 3100 5179 contra
3145 5126 3230 5197 fas
3271 5143 3328 5197 ar
3353 5139 3468 5197 rege
3488 5121 3586 5177 sibi
3599 5116 3733 5197 06}?-

2198 5187 2533 5268 ngregrvolu'it,
2559 5205 2619 5252 ut
2652 5195 2764 5268 1111-
2779 5187 3155 5252 110111111111111111
3195 5187 3487 5268 Augiensis
3516 5209 3564 5248 a.
3592 5187 3733 5248 1044;

2200 5265 2270 5322 cf.
2307 5265 2544 5334 Stenzel,
2575 5283 2634 5333 11,
2663 5264 2784 5319 1'17.

2293 5337 2420 5402 249)
2451 5336 2634 5392 Mense
2657 5335 2826 5401 Iulio,
2865 5352 2918 5391 a.
2953 5337 3113 5392 1045.
3607 5395 3644 5402 --
3701 5392 3709 5402 .

2290 5395 2420 5478 250)
2451 5395 3030 5478 Αῳιίεεηιηί,ἠ101150
3063 5406 3206 5462 Maio
3246 5404 3402 5469 1046,
3436 5410 3564 5458 teste
3607 5395 3730 5448 Heri-

2197 5493 2400 5550 maeno
2419 5478 2558 5550 Αυετ

2268 5547 2419 5618 (251)
2447 5547 2726 5618 ᾼῘ1053ζ
2733 5547 3030 5618 Sequentia
3079 5565 3187 5602 non
3220 5554 3363 5618 recte
3410 5550 3595 5618 nosth
3629 5547 3734 5618 ιιίιῖ·

2195 5609 2313 5683 rat;
2341 5609 2412 5673 cf:
2447 5617 2661 5674 Stenzel
2689 5609 2922 5674 Frarick.
2967 5619 3160 5674 Kaiser
3184 5635 3221 5682 1,
3255 5616 3356 5671 104
3383 5629 3500 5684 sqq.
3525 5609 3596 5664 Ad
3635 5616 3734 5655 vcr—

2195 5688 2324 5742 bum
2349 5688 2538 5759 eadem
2574 5689 2866 5759 exscripsit
2889 5689 3246 5744 Waltramus.

2268 5759 2417 5828 (252)
2448 5757 2707 5823 Nivelles,
2740 5757 2796 5814 in
2825 5759 3133 5814 Harmonia.
3210 5766 3213 5770 '

2446 5829 2673 5884 Advenit
2703 5829 2776 5883 ibi
2809 5831 2956 5884 11.25
2989 5829 3298 5889 000011111115
3334 5824 3480 5880 1016.
