  <div class='ocr_page' id='page_1' title='image "/cluster/home/n/w/nwhite01/storage/ocr_20150623/160/hvd.32044015473846/110.png"; bbox 0 0 3914 6314; ppageno 0'>
   <div class='ocr_carea' id='block_1_1' title="bbox 188 335 289 393">
    <p class='ocr_par' dir='ltr' id='par_1_1' title="bbox 188 335 289 393">
     <span class='ocr_line' id='line_1_1' title="bbox 188 335 289 393; baseline -0.02 0"><span class='ocrx_word' id='word_1_1' title='bbox 188 335 289 393; x_wconf 80' lang='lat'><strong>209</strong></span> 
     </span>
    </p>
   </div>
   <div class='ocr_carea' id='block_1_2' title="bbox 1627 325 1998 385">
    <p class='ocr_par' dir='ltr' id='par_1_2' title="bbox 1627 325 1998 385">
     <span class='ocr_line' id='line_1_2' title="bbox 1627 325 1998 385; baseline 0.005 -2"><span class='ocrx_word' id='word_1_2' title='bbox 1627 325 1998 385; x_wconf 77' lang='lat' dir='ltr'><strong>CHRONlCA.</strong></span> 
     </span>
    </p>
   </div>
   <div class='ocr_carea' id='block_1_3' title="bbox 3248 300 3440 378">
    <p class='ocr_par' dir='ltr' id='par_1_3' title="bbox 3248 300 3440 378">
     <span class='ocr_line' id='line_1_3' title="bbox 3248 300 3440 378; baseline 0 0"><span class='ocrx_word' id='word_1_3' title='bbox 3248 300 3249 303; x_wconf 6' lang='grc' dir='ltr'>γ</span> <span class='ocrx_word' id='word_1_4' title='bbox 3330 322 3440 378; x_wconf 82' lang='lat'><strong>210</strong></span> 
     </span>
    </p>
   </div>
   <div class='ocr_carea' id='block_1_4' title="bbox 189 418 3443 524">
    <p class='ocr_par' dir='ltr' id='par_1_4' title="bbox 189 418 3443 524">
     <span class='ocr_line' id='line_1_4' title="bbox 189 418 3443 524; baseline -0.005 -17"><span class='ocrx_word' id='word_1_5' title='bbox 189 451 367 524; x_wconf 81' lang='lat' dir='ltr'><strong>gensis</strong></span> <span class='ocrx_word' id='word_1_6' title='bbox 393 418 697 520; x_wconf 83' lang='lat' dir='ltr'><strong>episcopus,</strong></span> <span class='ocrx_word' id='word_1_7' title='bbox 730 447 825 519; x_wconf 99' lang='lat' dir='ltr'><strong>qui</strong></span> <span class='ocrx_word' id='word_1_8' title='bbox 871 455 925 503; x_wconf 91' lang='lat' dir='ltr'><strong>et</strong></span> <span class='ocrx_word' id='word_1_9' title='bbox 963 445 1235 511; x_wconf 85' lang='lat' dir='ltr'><strong>Clemens,</strong></span> <span class='ocrx_word' id='word_1_10' title='bbox 1278 445 1538 498; x_wconf 82' lang='lat' dir='ltr'><strong>Romanae</strong></span> <span class='ocrx_word' id='word_1_11' title='bbox 1573 442 1761 498; x_wconf 73' lang='lat' dir='ltr'><strong>teccle-</strong></span> <span class='ocrx_word' id='word_1_12' title='bbox 1787 444 1836 501; x_wconf 82' lang='grc' dir='ltr'><strong>Α</strong></span> <span class='ocrx_word' id='word_1_13' title='bbox 1860 444 2159 499; x_wconf 83' lang='lat' dir='ltr'><strong>exercitum</strong></span> <span class='ocrx_word' id='word_1_14' title='bbox 2190 442 2364 498; x_wconf 78' lang='lat' dir='ltr'><strong>duxit.</strong></span> <span class='ocrx_word' id='word_1_15' title='bbox 2397 440 2502 497; x_wconf 89' lang='lat' dir='ltr'><strong>Sed</strong></span> <span class='ocrx_word' id='word_1_16' title='bbox 2531 439 2746 507; x_wconf 85' lang='lat' dir='ltr'><strong>tandem</strong></span> <span class='ocrx_word' id='word_1_17' title='bbox 2777 437 3076 495; x_wconf 89' lang='lat' dir='ltr'><strong>Balduinus</strong></span> <span class='ocrx_word' id='word_1_18' title='bbox 3095 436 3287 505; x_wconf 84' lang='lat' dir='ltr'><strong>ﬂexus,</strong></span> <span class='ocrx_word' id='word_1_19' title='bbox 3315 453 3443 493; x_wconf 86' lang='lat' dir='ltr'><strong>con-</strong></span> 
     </span>
    </p>
   </div>
   <div class='ocr_carea' id='block_1_5' title="bbox 189 536 1758 613">
    <p class='ocr_par' dir='ltr' id='par_1_5' title="bbox 189 536 1758 613">
     <span class='ocr_line' id='line_1_5' title="bbox 189 536 1758 613; baseline -0.008 -13"><span class='ocrx_word' id='word_1_20' title='bbox 189 560 282 600; x_wconf 77' lang='lat' dir='ltr'><strong>siae</strong></span> <span class='ocrx_word' id='word_1_21' title='bbox 308 542 461 598; x_wconf 69' lang='lat' dir='ltr'><strong>M6&quot;</strong></span> <span class='ocrx_word' id='word_1_22' title='bbox 486 538 744 613; x_wconf 86' lang='lat' dir='ltr'><strong>presidet,</strong></span> <span class='ocrx_word' id='word_1_23' title='bbox 758 539 892 597; x_wconf 90' lang='lat' dir='ltr'><strong>etab</strong></span> <span class='ocrx_word' id='word_1_24' title='bbox 910 553 977 595; x_wconf 90' lang='lat' dir='ltr'><strong>eo</strong></span> <span class='ocrx_word' id='word_1_25' title='bbox 998 536 1287 594; x_wconf 84' lang='lat' dir='ltr'><strong>Heinrieus</strong></span> <span class='ocrx_word' id='word_1_26' title='bbox 1302 537 1355 591; x_wconf 90' lang='lat' dir='ltr'><strong>in</strong></span> <span class='ocrx_word' id='word_1_27' title='bbox 1378 536 1758 606; x_wconf 74' lang='lat' dir='ltr'><strong>imperatorem</strong></span> 
     </span>
    </p>
   </div>
   <div class='ocr_carea' id='block_1_6' title="bbox 189 618 1763 706">
    <p class='ocr_par' dir='ltr' id='par_1_6' title="bbox 189 618 1763 706">
     <span class='ocr_line' id='line_1_6' title="bbox 189 618 1763 706; baseline -0.007 -15"><span class='ocrx_word' id='word_1_28' title='bbox 189 634 522 691; x_wconf 85' lang='lat' dir='ltr'><strong>benedicitur</strong></span> <span class='ocrx_word' id='word_1_29' title='bbox 545 618 1067 706; x_wconf 33' lang='lat' dir='ltr'><strong>(254),‘jurantibus</strong></span> <span class='ocrx_word' id='word_1_30' title='bbox 1096 628 1382 695; x_wconf 80' lang='lat' dir='ltr'><strong>Romanis,</strong></span> <span class='ocrx_word' id='word_1_31' title='bbox 1414 642 1475 682; x_wconf 91' lang='lat' dir='ltr'><strong>se</strong></span> <span class='ocrx_word' id='word_1_32' title='bbox 1504 625 1623 681; x_wconf 89' lang='lat' dir='ltr'><strong>sine</strong></span> <span class='ocrx_word' id='word_1_33' title='bbox 1643 624 1763 695; x_wconf 84' lang='lat' dir='ltr'><strong>ejus</strong></span> 
     </span>
    </p>
   </div>
   <div class='ocr_carea' id='block_1_7' title="bbox 189 714 1763 795">
    <p class='ocr_par' dir='ltr' id='par_1_7' title="bbox 189 714 1763 795">
     <span class='ocr_line' id='line_1_7' title="bbox 189 714 1763 795; baseline -0.007 -14"><span class='ocrx_word' id='word_1_34' title='bbox 189 740 454 782; x_wconf 88' lang='lat' dir='ltr'><strong>consensu</strong></span> <span class='ocrx_word' id='word_1_35' title='bbox 509 738 795 795; x_wconf 85' lang='lat' dir='ltr'><strong>nunquam</strong></span> <span class='ocrx_word' id='word_1_36' title='bbox 847 737 1044 794; x_wconf 81' lang='lat' dir='ltr'><strong>papam</strong></span> <span class='ocrx_word' id='word_1_37' title='bbox 1088 722 1381 777; x_wconf 88' lang='lat' dir='ltr'><strong>electuros.</strong></span> <span class='ocrx_word' id='word_1_38' title='bbox 1434 718 1523 789; x_wconf 82' lang='grc' dir='ltr'>(Α.</span> <span class='ocrx_word' id='word_1_39' title='bbox 1575 714 1763 785; x_wconf 84' lang='lat' dir='ltr'><strong>Leod.)</strong></span> 
     </span>
    </p>
   </div>
   <div class='ocr_carea' id='block_1_8' title="bbox 190 808 1766 875">
    <p class='ocr_par' dir='ltr' id='par_1_8' title="bbox 190 808 1766 875">
     <span class='ocr_line' id='line_1_8' title="bbox 190 808 1766 875; baseline -0.008 -1"><span class='ocrx_word' id='word_1_40' title='bbox 190 819 446 875; x_wconf 88' lang='lat' dir='ltr'><strong>lnstinctu</strong></span> <span class='ocrx_word' id='word_1_41' title='bbox 527 815 806 874; x_wconf 87' lang='lat' dir='ltr'><strong>Godefridi</strong></span> <span class='ocrx_word' id='word_1_42' title='bbox 886 830 1072 873; x_wconf 81' lang='lat' dir='ltr'><strong>comes</strong></span> <span class='ocrx_word' id='word_1_43' title='bbox 1145 811 1567 869; x_wconf 78' lang='lat' dir='ltr'><strong>Flanduensium</strong></span> <span class='ocrx_word' id='word_1_44' title='bbox 1643 808 1766 862; x_wconf 87' lang='lat' dir='ltr'><strong>Bal-</strong></span> 
     </span>
    </p>
   </div>
   <div class='ocr_carea' id='block_1_9' title="bbox 187 897 1767 978">
    <p class='ocr_par' dir='ltr' id='par_1_9' title="bbox 187 897 1767 978">
     <span class='ocr_line' id='line_1_9' title="bbox 187 897 1767 978; baseline -0.008 -14"><span class='ocrx_word' id='word_1_45' title='bbox 187 908 387 964; x_wconf 90' lang='lat' dir='ltr'><strong>duinus</strong></span> <span class='ocrx_word' id='word_1_46' title='bbox 422 907 597 978; x_wconf 85' lang='lat'><strong>(255),</strong></span> <span class='ocrx_word' id='word_1_47' title='bbox 620 913 810 962; x_wconf 89' lang='lat' dir='ltr'><strong>contra</strong></span> <span class='ocrx_word' id='word_1_48' title='bbox 848 907 1232 976; x_wconf 78' lang='lat' dir='ltr'><strong>imperatorem</strong></span> <span class='ocrx_word' id='word_1_49' title='bbox 1263 901 1507 957; x_wconf 74' lang='lat' dir='ltr'><strong>rebellat.</strong></span> <span class='ocrx_word' id='word_1_50' title='bbox 1561 897 1767 954; x_wconf 89' lang='lat' dir='ltr'><strong>Deode-</strong></span> 
     </span>
    </p>
   </div>
   <div class='ocr_carea' id='block_1_10' title="bbox 188 988 1767 1077">
    <p class='ocr_par' dir='ltr' id='par_1_10' title="bbox 188 988 1767 1077">
     <span class='ocr_line' id='line_1_10' title="bbox 188 988 1767 1077; baseline -0.009 -20"><span class='ocrx_word' id='word_1_51' title='bbox 188 1001 301 1057; x_wconf 89' lang='lat' dir='ltr'><strong>rico</strong></span> <span class='ocrx_word' id='word_1_52' title='bbox 329 999 679 1055; x_wconf 80' lang='lat' dir='ltr'><strong>Mettensium</strong></span> <span class='ocrx_word' id='word_1_53' title='bbox 726 998 985 1077; x_wconf 72' lang='lat' dir='ltr'><strong>episeopo</strong></span> <span class='ocrx_word' id='word_1_54' title='bbox 1012 995 1294 1061; x_wconf 84' lang='lat' dir='ltr'><strong>defuncto,</strong></span> <span class='ocrx_word' id='word_1_55' title='bbox 1324 991 1570 1050; x_wconf 83' lang='lat' dir='ltr'><strong>succedit</strong></span> <span class='ocrx_word' id='word_1_56' title='bbox 1601 988 1767 1046; x_wconf 80' lang='lat' dir='ltr'><strong>Adel-</strong></span> 
     </span>
    </p>
   </div>
   <div class='ocr_carea' id='block_1_11' title="bbox 189 1084 1771 1162">
    <p class='ocr_par' dir='ltr' id='par_1_11' title="bbox 189 1084 1771 1162">
     <span class='ocr_line' id='line_1_11' title="bbox 189 1084 1771 1162; baseline -0.007 -12"><span class='ocrx_word' id='word_1_57' title='bbox 189 1093 317 1151; x_wconf 89' lang='lat' dir='ltr'><strong>bero</strong></span> <span class='ocrx_word' id='word_1_58' title='bbox 344 1092 413 1133; x_wconf 67' lang='grc'><strong>’³³</strong></span> <span class='ocrx_word' id='word_1_59' title='bbox 464 1091 745 1149; x_wconf 75' lang='lat' dir='ltr'><strong>fratruelis</strong></span> <span class='ocrx_word' id='word_1_60' title='bbox 793 1091 935 1162; x_wconf 86' lang='lat' dir='ltr'><strong>ejus,</strong></span> <span class='ocrx_word' id='word_1_61' title='bbox 990 1090 1077 1145; x_wconf 88' lang='lat' dir='ltr'><strong>vir</strong></span> <span class='ocrx_word' id='word_1_62' title='bbox 1129 1103 1341 1159; x_wconf 73' lang='lat' dir='ltr'><strong>magna:</strong></span> <span class='ocrx_word' id='word_1_63' title='bbox 1374 1084 1677 1157; x_wconf 74' lang='lat' dir='ltr'><strong>prudentiae</strong></span> <span class='ocrx_word' id='word_1_64' title='bbox 1715 1091 1771 1139; x_wconf 89' lang='lat' dir='ltr'><strong>et</strong></span> 
     </span>
    </p>
   </div>
   <div class='ocr_carea' id='block_1_12' title="bbox 192 1165 1471 1241">
    <p class='ocr_par' dir='ltr' id='par_1_12' title="bbox 192 1165 1471 1241">
     <span class='ocr_line' id='line_1_12' title="bbox 192 1165 1471 1241; baseline -0.009 0"><span class='ocrx_word' id='word_1_65' title='bbox 192 1183 517 1241; x_wconf 82' lang='lat' dir='ltr'><strong>sanctitatis.</strong></span> <span class='ocrx_word' id='word_1_66' title='bbox 1466 1165 1471 1169; x_wconf 70' lang='grc'><em>’</em></span> 
     </span>
    </p>
   </div>
   <div class='ocr_carea' id='block_1_13' title="bbox 255 1268 1630 1341">
    <p class='ocr_par' dir='ltr' id='par_1_13' title="bbox 255 1268 1630 1341">
     <span class='ocr_line' id='line_1_13' title="bbox 255 1268 1630 1341; baseline -0.005 -11"><span class='ocrx_word' id='word_1_67' title='bbox 255 1276 418 1332; x_wconf 75' lang='lat'><strong>10.17.</strong></span> <span class='ocrx_word' id='word_1_68' title='bbox 702 1271 775 1329; x_wconf 75' lang='grc'><strong>11.</strong></span> <span class='ocrx_word' id='word_1_69' title='bbox 809 1272 863 1329; x_wconf 92' lang='grc'><strong>8.</strong></span> <span class='ocrx_word' id='word_1_70' title='bbox 1256 1270 1319 1327; x_wconf 86' lang='lat' dir='ltr'><strong>F.</strong></span> <span class='ocrx_word' id='word_1_71' title='bbox 1362 1269 1452 1328; x_wconf 83' lang='lat'><strong>16.</strong></span> <span class='ocrx_word' id='word_1_72' title='bbox 1491 1268 1630 1341; x_wconf 87' lang='lat'><strong>(17.)</strong></span> 
     </span>
    </p>
   </div>
   <div class='ocr_carea' id='block_1_14' title="bbox 249 1359 1771 1440">
    <p class='ocr_par' dir='ltr' id='par_1_14' title="bbox 249 1359 1771 1440">
     <span class='ocr_line' id='line_1_14' title="bbox 249 1359 1771 1440; baseline -0.005 -17"><span class='ocrx_word' id='word_1_73' title='bbox 249 1367 448 1440; x_wconf 73' lang='grc' dir='ltr'>(ΜΑιι.)</span> <span class='ocrx_word' id='word_1_74' title='bbox 472 1366 681 1438; x_wconf 87' lang='lat' dir='ltr'><strong>Poppo,</strong></span> <span class='ocrx_word' id='word_1_75' title='bbox 714 1365 810 1437; x_wconf 89' lang='lat' dir='ltr'><strong>qui</strong></span> <span class='ocrx_word' id='word_1_76' title='bbox 853 1371 910 1420; x_wconf 89' lang='lat' dir='ltr'><strong>et</strong></span> <span class='ocrx_word' id='word_1_77' title='bbox 954 1361 1244 1431; x_wconf 85' lang='lat' dir='ltr'><strong>Damasus,</strong></span> <span class='ocrx_word' id='word_1_78' title='bbox 1279 1361 1539 1419; x_wconf 62' lang='lat' dir='ltr'><strong>Romanae</strong></span> <span class='ocrx_word' id='word_1_79' title='bbox 1578 1359 1771 1417; x_wconf 57' lang='lat' dir='ltr'><strong>accele-</strong></span> 
     </span>
    </p>
   </div>
   <div class='ocr_carea' id='block_1_15' title="bbox 187 1452 1769 1532">
    <p class='ocr_par' dir='ltr' id='par_1_15' title="bbox 187 1452 1769 1532">
     <span class='ocr_line' id='line_1_15' title="bbox 187 1452 1769 1532; baseline -0.007 -14"><span class='ocrx_word' id='word_1_80' title='bbox 187 1462 278 1518; x_wconf 69' lang='lat' dir='ltr'><strong>siae</strong></span> <span class='ocrx_word' id='word_1_81' title='bbox 306 1459 474 1516; x_wconf 68' lang='lat' dir='ltr'><strong>M7“</strong></span> <span class='ocrx_word' id='word_1_82' title='bbox 500 1458 745 1532; x_wconf 89' lang='lat' dir='ltr'><strong>presidet</strong></span> <span class='ocrx_word' id='word_1_83' title='bbox 764 1456 937 1529; x_wconf 93' lang='lat'><strong>(256).</strong></span> <span class='ocrx_word' id='word_1_84' title='bbox 973 1455 1061 1530; x_wconf 80' lang='grc' dir='ltr'>(Α.</span> <span class='ocrx_word' id='word_1_85' title='bbox 1086 1454 1274 1527; x_wconf 85' lang='lat' dir='ltr'><strong>Leod.)</strong></span> <span class='ocrx_word' id='word_1_86' title='bbox 1304 1452 1629 1511; x_wconf 86' lang='lat' dir='ltr'><strong>Godcfridus</strong></span> <span class='ocrx_word' id='word_1_87' title='bbox 1667 1467 1769 1523; x_wconf 84' lang='lat' dir='ltr'><strong>pa—</strong></span> 
     </span>
    </p>
   </div>
   <div class='ocr_carea' id='block_1_16' title="bbox 1862 527 3442 605">
    <p class='ocr_par' dir='ltr' id='par_1_16' title="bbox 1862 527 3442 605">
     <span class='ocr_line' id='line_1_16' title="bbox 1862 527 3442 605; baseline -0.004 -15"><span class='ocrx_word' id='word_1_88' title='bbox 1862 536 2008 591; x_wconf 89' lang='lat' dir='ltr'><strong>dicto</strong></span> <span class='ocrx_word' id='word_1_89' title='bbox 2051 534 2141 590; x_wconf 89' lang='lat' dir='ltr'><strong>die</strong></span> <span class='ocrx_word' id='word_1_90' title='bbox 2183 534 2356 605; x_wconf 82' lang='lat' dir='ltr'><strong>Aquis</strong></span> <span class='ocrx_word' id='word_1_91' title='bbox 2398 531 2715 603; x_wconf 85' lang='lat' dir='ltr'><strong>imperatori</strong></span> <span class='ocrx_word' id='word_1_92' title='bbox 2761 528 3025 587; x_wconf 78' lang='lat' dir='ltr'><strong>satisfecit</strong></span> <span class='ocrx_word' id='word_1_93' title='bbox 3065 529 3236 602; x_wconf 87' lang='lat'><strong>(265).</strong></span> <span class='ocrx_word' id='word_1_94' title='bbox 3286 527 3442 601; x_wconf 71' lang='lat' dir='ltr'><strong>(Vita</strong></span> 
     </span>
    </p>
   </div>
   <div class='ocr_carea' id='block_1_17' title="bbox 1864 617 3443 698">
    <p class='ocr_par' dir='ltr' id='par_1_17' title="bbox 1864 617 3443 698">
     <span class='ocr_line' id='line_1_17' title="bbox 1864 617 3443 698; baseline -0.003 -17"><span class='ocrx_word' id='word_1_95' title='bbox 1864 626 2050 698; x_wconf 89' lang='lat' dir='ltr'><strong>Leon.)</strong></span> <span class='ocrx_word' id='word_1_96' title='bbox 2077 626 2190 683; x_wconf 90' lang='lat' dir='ltr'><strong>Leo</strong></span> <span class='ocrx_word' id='word_1_97' title='bbox 2212 642 2352 698; x_wconf 90' lang='lat' dir='ltr'><strong>papa</strong></span> <span class='ocrx_word' id='word_1_98' title='bbox 2377 626 2432 681; x_wconf 93' lang='lat' dir='ltr'><strong>in</strong></span> <span class='ocrx_word' id='word_1_99' title='bbox 2470 624 2643 680; x_wconf 87' lang='lat' dir='ltr'><strong>Gallia</strong></span> <span class='ocrx_word' id='word_1_100' title='bbox 2679 631 2734 679; x_wconf 90' lang='lat' dir='ltr'><strong>et</strong></span> <span class='ocrx_word' id='word_1_101' title='bbox 2761 622 3054 683; x_wconf 85' lang='lat' dir='ltr'><strong>Germania</strong></span> <span class='ocrx_word' id='word_1_102' title='bbox 3084 617 3307 694; x_wconf 61' lang='lat' dir='ltr'><strong>synodis</strong></span> <span class='ocrx_word' id='word_1_103' title='bbox 3340 623 3443 678; x_wconf 86' lang='lat' dir='ltr'><strong>ha-</strong></span> 
     </span>
    </p>
   </div>
   <div class='ocr_carea' id='block_1_18' title="bbox 1863 713 3198 785">
    <p class='ocr_par' dir='ltr' id='par_1_18' title="bbox 1863 713 3198 785">
     <span class='ocr_line' id='line_1_18' title="bbox 1863 713 3198 785; baseline -0.001 -11"><span class='ocrx_word' id='word_1_104' title='bbox 1863 719 2014 785; x_wconf 87' lang='lat' dir='ltr'><strong>bitis,</strong></span> <span class='ocrx_word' id='word_1_105' title='bbox 2047 726 2249 774; x_wconf 90' lang='lat' dir='ltr'><strong>statum</strong></span> <span class='ocrx_word' id='word_1_106' title='bbox 2277 716 2539 774; x_wconf 61' lang='lat' dir='ltr'><strong>ecclesiae</strong></span> <span class='ocrx_word' id='word_1_107' title='bbox 2567 713 2889 771; x_wconf 88' lang='lat' dir='ltr'><strong>meliorahat</strong></span> <span class='ocrx_word' id='word_1_108' title='bbox 2910 714 2999 768; x_wconf 82' lang='grc'>⁸³⁸.</span> <span class='ocrx_word' id='word_1_109' title='bbox 3195 769 3198 773; x_wconf 84' lang='grc'><strong><em>,</em></strong></span> 
     </span>
    </p>
   </div>
   <div class='ocr_carea' id='block_1_19' title="bbox 1937 804 3231 883">
    <p class='ocr_par' dir='ltr' id='par_1_19' title="bbox 1937 804 3231 883">
     <span class='ocr_line' id='line_1_19' title="bbox 1937 804 3231 883; baseline -0.005 -19"><span class='ocrx_word' id='word_1_110' title='bbox 1937 810 2094 867; x_wconf 81' lang='lat'><strong>1050.</strong></span> <span class='ocrx_word' id='word_1_111' title='bbox 2205 878 2209 883; x_wconf 28' lang='lat'><strong>,</strong></span> <span class='ocrx_word' id='word_1_112' title='bbox 2615 808 2704 863; x_wconf 92' lang='lat'><strong>11.</strong></span> <span class='ocrx_word' id='word_1_113' title='bbox 2959 806 3048 863; x_wconf 87' lang='lat'><strong>19.</strong></span> <span class='ocrx_word' id='word_1_114' title='bbox 3090 804 3231 877; x_wconf 90' lang='lat'><strong>(20.)</strong></span> 
     </span>
    </p>
   </div>
   <div class='ocr_carea' id='block_1_20' title="bbox 1938 893 3451 974">
    <p class='ocr_par' dir='ltr' id='par_1_20' title="bbox 1938 893 3451 974">
     <span class='ocr_line' id='line_1_20' title="bbox 1938 893 3451 974; baseline -0.004 -20"><span class='ocrx_word' id='word_1_115' title='bbox 1938 899 2033 974; x_wconf 85' lang='lat' dir='ltr'><strong>(V.</strong></span> <span class='ocrx_word' id='word_1_116' title='bbox 2066 898 2260 971; x_wconf 83' lang='lat' dir='ltr'><strong>Tietb.)</strong></span> <span class='ocrx_word' id='word_1_117' title='bbox 2295 898 2531 956; x_wconf 89' lang='lat' dir='ltr'><strong>Sanctus</strong></span> <span class='ocrx_word' id='word_1_118' title='bbox 2550 897 2866 963; x_wconf 85' lang='lat' dir='ltr'><strong>Tietbaldus</strong></span> <span class='ocrx_word' id='word_1_119' title='bbox 2890 897 3031 952; x_wconf 87' lang='lat' dir='ltr'><strong>inter</strong></span> <span class='ocrx_word' id='word_1_120' title='bbox 3051 895 3262 952; x_wconf 81' lang='lat' dir='ltr'><strong>nobiles</strong></span> <span class='ocrx_word' id='word_1_121' title='bbox 3284 893 3451 950; x_wconf 82' lang='lat' dir='ltr'><strong>Fran-</strong></span> 
     </span>
    </p>
   </div>
   <div class='ocr_carea' id='block_1_21' title="bbox 1850 985 3451 1063">
    <p class='ocr_par' dir='ltr' id='par_1_21' title="bbox 1850 985 3451 1063">
     <span class='ocr_line' id='line_1_21' title="bbox 1850 985 3451 1063; baseline -0.005 -15"><span class='ocrx_word' id='word_1_122' title='bbox 1850 1007 2056 1059; x_wconf 63' lang='lat' dir='ltr'><strong>corum</strong></span> <span class='ocrx_word' id='word_1_123' title='bbox 2078 1008 2188 1049; x_wconf 91' lang='lat' dir='ltr'><strong>non</strong></span> <span class='ocrx_word' id='word_1_124' title='bbox 2206 992 2427 1049; x_wconf 82' lang='lat' dir='ltr'><strong>inﬁmus</strong></span> <span class='ocrx_word' id='word_1_125' title='bbox 2447 993 2551 1048; x_wconf 91' lang='lat' dir='ltr'><strong>hoc</strong></span> <span class='ocrx_word' id='word_1_126' title='bbox 2573 1000 2816 1063; x_wconf 85' lang='lat' dir='ltr'><strong>tempore</strong></span> <span class='ocrx_word' id='word_1_127' title='bbox 2838 989 3108 1056; x_wconf 84' lang='lat' dir='ltr'><strong>clarebat;</strong></span> <span class='ocrx_word' id='word_1_128' title='bbox 3126 988 3229 1059; x_wconf 87' lang='lat' dir='ltr'><strong>qui</strong></span> <span class='ocrx_word' id='word_1_129' title='bbox 3244 985 3451 1045; x_wconf 86' lang='lat' dir='ltr'><strong>mundo</strong></span> 
     </span>
    </p>
   </div>
   <div class='ocr_carea' id='block_1_22' title="bbox 1867 1081 3450 1160">
    <p class='ocr_par' dir='ltr' id='par_1_22' title="bbox 1867 1081 3450 1160">
     <span class='ocr_line' id='line_1_22' title="bbox 1867 1081 3450 1160; baseline -0.004 -16"><span class='ocrx_word' id='word_1_130' title='bbox 1867 1096 1921 1144; x_wconf 91' lang='lat' dir='ltr'><strong>et</strong></span> <span class='ocrx_word' id='word_1_131' title='bbox 1974 1088 2267 1159; x_wconf 87' lang='lat' dir='ltr'><strong>semetipso</strong></span> <span class='ocrx_word' id='word_1_132' title='bbox 2307 1088 2573 1160; x_wconf 85' lang='lat' dir='ltr'><strong>abnegato</strong></span> <span class='ocrx_word' id='word_1_133' title='bbox 2605 1096 2827 1144; x_wconf 88' lang='lat' dir='ltr'><strong>secutus</strong></span> <span class='ocrx_word' id='word_1_134' title='bbox 2862 1086 3170 1151; x_wconf 82' lang='lat' dir='ltr'><strong>Christum,</strong></span> <span class='ocrx_word' id='word_1_135' title='bbox 3216 1085 3273 1139; x_wconf 88' lang='lat' dir='ltr'><strong>in</strong></span> <span class='ocrx_word' id='word_1_136' title='bbox 3314 1081 3450 1137; x_wconf 83' lang='lat' dir='ltr'><strong>Vin-</strong></span> 
     </span>
    </p>
   </div>
   <div class='ocr_carea' id='block_1_23' title="bbox 1867 1174 3540 1249">
    <p class='ocr_par' dir='ltr' id='par_1_23' title="bbox 1867 1174 3540 1249">
     <span class='ocr_line' id='line_1_23' title="bbox 1867 1174 3540 1249; baseline -0.004 -13"><span class='ocrx_word' id='word_1_137' title='bbox 1867 1181 2047 1249; x_wconf 86' lang='lat' dir='ltr'><strong>centia</strong></span> <span class='ocrx_word' id='word_1_138' title='bbox 2081 1178 2325 1236; x_wconf 70' lang='lat' dir='ltr'><strong>Venetia:</strong></span> <span class='ocrx_word' id='word_1_139' title='bbox 2367 1180 2502 1235; x_wconf 87' lang='lat' dir='ltr'><strong>urbe</strong></span> <span class='ocrx_word' id='word_1_140' title='bbox 2534 1180 2805 1247; x_wconf 87' lang='lat' dir='ltr'><strong>reclusus,</strong></span> <span class='ocrx_word' id='word_1_141' title='bbox 2851 1179 2924 1236; x_wconf 89' lang='lat' dir='ltr'><strong>ibi</strong></span> <span class='ocrx_word' id='word_1_142' title='bbox 2965 1179 3032 1233; x_wconf 86' lang='grc'><strong>12</strong></span> <span class='ocrx_word' id='word_1_143' title='bbox 3076 1174 3453 1234; x_wconf 79' lang='lat' dir='ltr'><strong>conversionis</strong></span> <span class='ocrx_word' id='word_1_144' title='bbox 3533 1179 3540 1185; x_wconf 87' lang='lat'><strong>&#39;</strong></span> 
     </span>
    </p>
   </div>
   <div class='ocr_carea' id='block_1_24' title="bbox 1871 1271 3456 1344">
    <p class='ocr_par' dir='ltr' id='par_1_24' title="bbox 1871 1271 3456 1344">
     <span class='ocr_line' id='line_1_24' title="bbox 1871 1271 3456 1344; baseline -0.003 -16"><span class='ocrx_word' id='word_1_145' title='bbox 1871 1287 1986 1328; x_wconf 80' lang='lat' dir='ltr'><strong>suae</strong></span> <span class='ocrx_word' id='word_1_146' title='bbox 2010 1288 2156 1329; x_wconf 88' lang='lat' dir='ltr'><strong>anno</strong></span> <span class='ocrx_word' id='word_1_147' title='bbox 2184 1272 2346 1329; x_wconf 85' lang='lat' dir='ltr'><strong>beato</strong></span> <span class='ocrx_word' id='word_1_148' title='bbox 2367 1272 2475 1328; x_wconf 83' lang='lat' dir='ltr'><strong>line</strong></span> <span class='ocrx_word' id='word_1_149' title='bbox 2503 1272 2730 1344; x_wconf 84' lang='lat' dir='ltr'><strong>quievit.</strong></span> <span class='ocrx_word' id='word_1_150' title='bbox 2761 1271 2879 1340; x_wconf 81' lang='lat' dir='ltr'><strong>Qui‘</strong></span> <span class='ocrx_word' id='word_1_151' title='bbox 2898 1286 3064 1343; x_wconf 92' lang='lat' dir='ltr'><strong>quam</strong></span> <span class='ocrx_word' id='word_1_152' title='bbox 3082 1276 3310 1341; x_wconf 74' lang='lat' dir='ltr'><strong>accepto</strong></span> <span class='ocrx_word' id='word_1_153' title='bbox 3338 1282 3456 1325; x_wconf 85' lang='lat' dir='ltr'><strong>ser-</strong></span> 
     </span>
    </p>
   </div>
   <div class='ocr_carea' id='block_1_25' title="bbox 1870 1357 3460 1437">
    <p class='ocr_par' dir='ltr' id='par_1_25' title="bbox 1870 1357 3460 1437">
     <span class='ocr_line' id='line_1_25' title="bbox 1870 1357 3460 1437; baseline -0.002 -19"><span class='ocrx_word' id='word_1_154' title='bbox 1870 1364 2032 1420; x_wconf 88' lang='lat' dir='ltr'><strong>vierit</strong></span> <span class='ocrx_word' id='word_1_155' title='bbox 2054 1363 2188 1432; x_wconf 90' lang='lat' dir='ltr'><strong>Deo,</strong></span> <span class='ocrx_word' id='word_1_156' title='bbox 2212 1372 2341 1435; x_wconf 89' lang='lat' dir='ltr'><strong>post</strong></span> <span class='ocrx_word' id='word_1_157' title='bbox 2369 1373 2603 1427; x_wconf 88' lang='lat' dir='ltr'><strong>mortem</strong></span> <span class='ocrx_word' id='word_1_158' title='bbox 2642 1364 2764 1437; x_wconf 88' lang='lat' dir='ltr'><strong>ejus</strong></span> <span class='ocrx_word' id='word_1_159' title='bbox 2797 1362 3193 1420; x_wconf 75' lang='lat' dir='ltr'><strong>miraculorum</strong></span> <span class='ocrx_word' id='word_1_160' title='bbox 3217 1357 3460 1432; x_wconf 81' lang='lat' dir='ltr'><strong>prodidit</strong></span> 
     </span>
    </p>
   </div>
   <div class='ocr_carea' id='block_1_26' title="bbox 1872 1452 3457 1528">
    <p class='ocr_par' dir='ltr' id='par_1_26' title="bbox 1872 1452 3457 1528">
     <span class='ocr_line' id='line_1_26' title="bbox 1872 1452 3457 1528; baseline -0.002 -17"><span class='ocrx_word' id='word_1_161' title='bbox 1872 1456 2212 1528; x_wconf 80' lang='lat' dir='ltr'><strong>magnitudo.</strong></span> <span class='ocrx_word' id='word_1_162' title='bbox 2255 1456 2393 1514; x_wconf 84' lang='lat' dir='ltr'><strong>Ossa</strong></span> <span class='ocrx_word' id='word_1_163' title='bbox 2424 1456 2545 1528; x_wconf 87' lang='lat' dir='ltr'><strong>ejus</strong></span> <span class='ocrx_word' id='word_1_164' title='bbox 2589 1456 2644 1511; x_wconf 91' lang='lat' dir='ltr'><strong>in</strong></span> <span class='ocrx_word' id='word_1_165' title='bbox 2676 1455 2881 1514; x_wconf 83' lang='lat' dir='ltr'><strong>Gallias</strong></span> <span class='ocrx_word' id='word_1_166' title='bbox 2911 1454 3199 1521; x_wconf 79' lang='lat' dir='ltr'><strong>translata,</strong></span> <span class='ocrx_word' id='word_1_167' title='bbox 3229 1452 3457 1509; x_wconf 87' lang='lat' dir='ltr'><strong>multam</strong></span> 
     </span>
    </p>
   </div>
   <div class='ocr_carea' id='block_1_27' title="bbox 187 1544 3460 1622">
    <p class='ocr_par' dir='ltr' id='par_1_27' title="bbox 187 1544 3460 1622">
     <span class='ocr_line' id='line_1_27' title="bbox 187 1544 3460 1622; baseline -0.003 -15"><span class='ocrx_word' id='word_1_168' title='bbox 187 1553 375 1608; x_wconf 87' lang='lat' dir='ltr'><strong>latium</strong></span> <span class='ocrx_word' id='word_1_169' title='bbox 400 1550 661 1622; x_wconf 86' lang='lat' dir='ltr'><strong>Neomagi</strong></span> <span class='ocrx_word' id='word_1_170' title='bbox 688 1548 930 1606; x_wconf 86' lang='lat' dir='ltr'><strong>incendit</strong></span> <span class='ocrx_word' id='word_1_171' title='bbox 956 1556 1011 1604; x_wconf 89' lang='lat' dir='ltr'><strong>et</strong></span> <span class='ocrx_word' id='word_1_172' title='bbox 1053 1544 1489 1620; x_wconf 86' lang='lat' dir='ltr'><strong>inreparabi&#39;liter</strong></span> <span class='ocrx_word' id='word_1_173' title='bbox 1515 1544 1769 1601; x_wconf 89' lang='lat' dir='ltr'><strong>destruit.</strong></span> <span class='ocrx_word' id='word_1_174' title='bbox 1864 1549 2062 1606; x_wconf 77' lang='lat' dir='ltr'><strong>multis</strong></span> <span class='ocrx_word' id='word_1_175' title='bbox 2101 1549 2158 1604; x_wconf 83' lang='lat' dir='ltr'><strong>in</strong></span> <span class='ocrx_word' id='word_1_176' title='bbox 2200 1549 2337 1606; x_wconf 81' lang='lat' dir='ltr'><strong>locis</strong></span> <span class='ocrx_word' id='word_1_177' title='bbox 2364 1549 2773 1607; x_wconf 75' lang='lat' dir='ltr'><strong>venerationem</strong></span> <span class='ocrx_word' id='word_1_178' title='bbox 2800 1555 3141 1605; x_wconf 77' lang='lat' dir='ltr'><strong>meruerunt.</strong></span> <span class='ocrx_word' id='word_1_179' title='bbox 3174 1545 3287 1601; x_wconf 87' lang='lat' dir='ltr'><strong>Leo</strong></span> <span class='ocrx_word' id='word_1_180' title='bbox 3320 1559 3460 1616; x_wconf 83' lang='lat' dir='ltr'><strong>papa</strong></span> 
     </span>
    </p>
   </div>
   <div class='ocr_carea' id='block_1_28' title="bbox 188 1634 1772 1713">
    <p class='ocr_par' dir='ltr' id='par_1_28' title="bbox 188 1634 1772 1713">
     <span class='ocr_line' id='line_1_28' title="bbox 188 1634 1772 1713; baseline -0.004 -16"><span class='ocrx_word' id='word_1_181' title='bbox 188 1640 393 1698; x_wconf 75' lang='lat' dir='ltr'><strong>Urbem</strong></span> <span class='ocrx_word' id='word_1_182' title='bbox 415 1656 634 1713; x_wconf 89' lang='lat' dir='ltr'><strong>quoque</strong></span> <span class='ocrx_word' id='word_1_183' title='bbox 677 1641 995 1707; x_wconf 91' lang='lat' dir='ltr'><strong>Claborum,</strong></span> <span class='ocrx_word' id='word_1_184' title='bbox 1044 1654 1167 1710; x_wconf 66' lang='lat' dir='ltr'><strong>quae</strong></span> <span class='ocrx_word' id='word_1_185' title='bbox 1220 1634 1499 1695; x_wconf 87' lang='lat' dir='ltr'><strong>Virdunus</strong></span> <span class='ocrx_word' id='word_1_186' title='bbox 1547 1637 1772 1702; x_wconf 91' lang='lat' dir='ltr'><strong>dicitur,</strong></span> 
     </span>
    </p>
   </div>
   <div class='ocr_carea' id='block_1_29' title="bbox 187 1728 1769 1805">
    <p class='ocr_par' dir='ltr' id='par_1_29' title="bbox 187 1728 1769 1805">
     <span class='ocr_line' id='line_1_29' title="bbox 187 1728 1769 1805; baseline -0.006 -15"><span class='ocrx_word' id='word_1_187' title='bbox 187 1748 306 1790; x_wconf 90' lang='lat' dir='ltr'><strong>cum</strong></span> <span class='ocrx_word' id='word_1_188' title='bbox 347 1733 551 1805; x_wconf 79' lang='lat' dir='ltr'><strong>majori</strong></span> <span class='ocrx_word' id='word_1_189' title='bbox 574 1741 778 1789; x_wconf 66' lang='lat' dir='ltr'><strong>sanctae</strong></span> <span class='ocrx_word' id='word_1_190' title='bbox 805 1730 990 1787; x_wconf 78' lang='lat' dir='ltr'><strong>Mariae</strong></span> <span class='ocrx_word' id='word_1_191' title='bbox 1010 1730 1258 1787; x_wconf 59' lang='lat' dir='ltr'><strong>ecclesia</strong></span> <span class='ocrx_word' id='word_1_192' title='bbox 1307 1730 1549 1787; x_wconf 88' lang='lat' dir='ltr'><strong>incendit</strong></span> <span class='ocrx_word' id='word_1_193' title='bbox 1597 1728 1769 1802; x_wconf 87' lang='lat'><strong>(257).</strong></span> 
     </span>
    </p>
   </div>
   <div class='ocr_carea' id='block_1_30' title="bbox 187 1803 1852 1896">
    <p class='ocr_par' dir='ltr' id='par_1_30' title="bbox 187 1803 1852 1896">
     <span class='ocr_line' id='line_1_30' title="bbox 187 1803 1852 1896; baseline -0.002 -16"><span class='ocrx_word' id='word_1_194' title='bbox 187 1803 479 1896; x_wconf 63' lang='lat' dir='ltr'><strong>(Assum)</strong></span> <span class='ocrx_word' id='word_1_195' title='bbox 551 1823 768 1881; x_wconf 87' lang='lat' dir='ltr'><strong>Franco</strong></span> <span class='ocrx_word' id='word_1_196' title='bbox 837 1823 1166 1881; x_wconf 88' lang='lat' dir='ltr'><strong>scolasticus</strong></span> <span class='ocrx_word' id='word_1_197' title='bbox 1237 1821 1659 1879; x_wconf 89' lang='lat' dir='ltr'><strong>Leodicensium</strong></span> <span class='ocrx_word' id='word_1_198' title='bbox 1721 1830 1777 1876; x_wconf 91' lang='lat' dir='ltr'><strong>et</strong></span> <span class='ocrx_word' id='word_1_199' title='bbox 1808 1803 1852 1860; x_wconf 75' lang='grc' dir='ltr'><strong>Β</strong></span> 
     </span>
    </p>
   </div>
   <div class='ocr_carea' id='block_1_31' title="bbox 187 1911 1776 1984">
    <p class='ocr_par' dir='ltr' id='par_1_31' title="bbox 187 1911 1776 1984">
     <span class='ocr_line' id='line_1_31' title="bbox 187 1911 1776 1984; baseline -0.004 -11"><span class='ocrx_word' id='word_1_200' title='bbox 187 1916 420 1973; x_wconf 85' lang='lat' dir='ltr'><strong>scientia</strong></span> <span class='ocrx_word' id='word_1_201' title='bbox 440 1917 753 1972; x_wconf 88' lang='lat' dir='ltr'><strong>litterarum</strong></span> <span class='ocrx_word' id='word_1_202' title='bbox 776 1924 830 1970; x_wconf 91' lang='lat' dir='ltr'><strong>et</strong></span> <span class='ocrx_word' id='word_1_203' title='bbox 881 1929 1098 1974; x_wconf 89' lang='lat' dir='ltr'><strong>morum</strong></span> <span class='ocrx_word' id='word_1_204' title='bbox 1123 1912 1397 1984; x_wconf 87' lang='lat' dir='ltr'><strong>probitate</strong></span> <span class='ocrx_word' id='word_1_205' title='bbox 1431 1912 1643 1978; x_wconf 89' lang='lat' dir='ltr'><strong>claret;</strong></span> <span class='ocrx_word' id='word_1_206' title='bbox 1680 1911 1776 1982; x_wconf 90' lang='lat' dir='ltr'><strong>qui</strong></span> 
     </span>
    </p>
   </div>
   <div class='ocr_carea' id='block_1_32' title="bbox 187 2003 1780 2078">
    <p class='ocr_par' dir='ltr' id='par_1_32' title="bbox 187 2003 1780 2078">
     <span class='ocr_line' id='line_1_32' title="bbox 187 2003 1780 2078; baseline -0.004 -13"><span class='ocrx_word' id='word_1_207' title='bbox 187 2010 252 2066; x_wconf 88' lang='lat' dir='ltr'><strong>ad</strong></span> <span class='ocrx_word' id='word_1_208' title='bbox 275 2009 682 2065; x_wconf 83' lang='lat' dir='ltr'><strong>Herimannum</strong></span> <span class='ocrx_word' id='word_1_209' title='bbox 718 2006 1198 2078; x_wconf 81' lang='lat' dir='ltr'><strong>archiepiscopum</strong></span> <span class='ocrx_word' id='word_1_210' title='bbox 1234 2004 1457 2077; x_wconf 88' lang='lat' dir='ltr'><strong>scripsit</strong></span> <span class='ocrx_word' id='word_1_211' title='bbox 1483 2004 1682 2059; x_wconf 90' lang='lat' dir='ltr'><strong>librum</strong></span> <span class='ocrx_word' id='word_1_212' title='bbox 1712 2003 1780 2059; x_wconf 91' lang='lat' dir='ltr'><strong>de</strong></span> 
     </span>
    </p>
   </div>
   <div class='ocr_carea' id='block_1_33' title="bbox 189 2092 1781 2172">
    <p class='ocr_par' dir='ltr' id='par_1_33' title="bbox 189 2092 1781 2172">
     <span class='ocr_line' id='line_1_33' title="bbox 189 2092 1781 2172; baseline -0.005 -17"><span class='ocrx_word' id='word_1_213' title='bbox 189 2099 528 2172; x_wconf 88' lang='lat' dir='ltr'><strong>quadratura</strong></span> <span class='ocrx_word' id='word_1_214' title='bbox 551 2097 764 2165; x_wconf 90' lang='lat' dir='ltr'><strong>circuli,</strong></span> <span class='ocrx_word' id='word_1_215' title='bbox 792 2096 862 2153; x_wconf 89' lang='lat' dir='ltr'><strong>de</strong></span> <span class='ocrx_word' id='word_1_216' title='bbox 893 2111 1002 2166; x_wconf 91' lang='lat' dir='ltr'><strong>qua</strong></span> <span class='ocrx_word' id='word_1_217' title='bbox 1047 2111 1107 2151; x_wconf 90' lang='lat' dir='ltr'><strong>re</strong></span> <span class='ocrx_word' id='word_1_218' title='bbox 1139 2094 1462 2151; x_wconf 81' lang='lat' dir='ltr'><strong>Aristoteles</strong></span> <span class='ocrx_word' id='word_1_219' title='bbox 1491 2093 1568 2149; x_wconf 88' lang='lat' dir='ltr'><strong>ait</strong></span> <span class='ocrx_word' id='word_1_220' title='bbox 1594 2112 1608 2147; x_wconf 88' lang='lat'><strong>:</strong></span> <span class='ocrx_word' id='word_1_221' title='bbox 1661 2092 1781 2149; x_wconf 81' lang='lat' dir='ltr'><strong>Cir-</strong></span> 
     </span>
    </p>
   </div>
   <div class='ocr_carea' id='block_1_34' title="bbox 189 2186 1781 2263">
    <p class='ocr_par' dir='ltr' id='par_1_34' title="bbox 189 2186 1781 2263">
     <span class='ocr_line' id='line_1_34' title="bbox 189 2186 1781 2263; baseline -0.004 -17"><span class='ocrx_word' id='word_1_222' title='bbox 189 2193 292 2246; x_wconf 80' lang='lat' dir='ltr'><strong>culi</strong></span> <span class='ocrx_word' id='word_1_223' title='bbox 314 2192 682 2263; x_wconf 75' lang='lat' dir='ltr'><strong>quadratum,</strong></span> <span class='ocrx_word' id='word_1_224' title='bbox 712 2190 759 2244; x_wconf 84' lang='lat' dir='ltr'><strong>si</strong></span> <span class='ocrx_word' id='word_1_225' title='bbox 785 2197 862 2244; x_wconf 85' lang='lat' dir='ltr'><strong>est</strong></span> <span class='ocrx_word' id='word_1_226' title='bbox 908 2187 1113 2256; x_wconf 80' lang='lat' dir='ltr'><strong>scibile,</strong></span> <span class='ocrx_word' id='word_1_227' title='bbox 1139 2187 1365 2242; x_wconf 79' lang='lat' dir='ltr'><strong>scientia</strong></span> <span class='ocrx_word' id='word_1_228' title='bbox 1407 2186 1620 2259; x_wconf 78' lang='lat' dir='ltr'><strong>quidem</strong></span> <span class='ocrx_word' id='word_1_229' title='bbox 1648 2202 1781 2239; x_wconf 88' lang='lat' dir='ltr'><strong>non—</strong></span> 
     </span>
    </p>
   </div>
   <div class='ocr_carea' id='block_1_35' title="bbox 189 2276 1783 2350">
    <p class='ocr_par' dir='ltr' id='par_1_35' title="bbox 189 2276 1783 2350">
     <span class='ocr_line' id='line_1_35' title="bbox 189 2276 1783 2350; baseline -0.003 -12"><span class='ocrx_word' id='word_1_230' title='bbox 189 2284 312 2338; x_wconf 79' lang='lat' dir='ltr'><strong>dum</strong></span> <span class='ocrx_word' id='word_1_231' title='bbox 332 2291 442 2350; x_wconf 84' lang='lat' dir='ltr'><strong>est,</strong></span> <span class='ocrx_word' id='word_1_232' title='bbox 470 2281 610 2337; x_wconf 77' lang='lat' dir='ltr'><strong>illud</strong></span> <span class='ocrx_word' id='word_1_233' title='bbox 641 2297 759 2336; x_wconf 80' lang='lat' dir='ltr'><strong>vero</strong></span> <span class='ocrx_word' id='word_1_234' title='bbox 801 2279 984 2335; x_wconf 81' lang='lat' dir='ltr'><strong>scibile</strong></span> <span class='ocrx_word' id='word_1_235' title='bbox 1027 2287 1125 2335; x_wconf 84' lang='lat' dir='ltr'><strong>est.</strong></span> <span class='ocrx_word' id='word_1_236' title='bbox 1154 2278 1174 2350; x_wconf 96' lang='lat'><strong>(</strong></span> <span class='ocrx_word' id='word_1_237' title='bbox 1200 2277 1369 2350; x_wconf 69' lang='lat' dir='ltr'><strong>Man.)</strong></span> <span class='ocrx_word' id='word_1_238' title='bbox 1396 2276 1501 2333; x_wconf 78' lang='lat' dir='ltr'><strong>Nix</strong></span> <span class='ocrx_word' id='word_1_239' title='bbox 1544 2286 1698 2335; x_wconf 88' lang='lat' dir='ltr'><strong>tanta</strong></span> <span class='ocrx_word' id='word_1_240' title='bbox 1727 2276 1783 2333; x_wconf 85' lang='lat' dir='ltr'><strong>in</strong></span> 
     </span>
    </p>
   </div>
   <div class='ocr_carea' id='block_1_36' title="bbox 190 2364 1537 2442">
    <p class='ocr_par' dir='ltr' id='par_1_36' title="bbox 190 2364 1537 2442">
     <span class='ocr_line' id='line_1_36' title="bbox 190 2364 1537 2442; baseline -0.004 -11"><span class='ocrx_word' id='word_1_241' title='bbox 190 2376 481 2432; x_wconf 85' lang='lat' dir='ltr'><strong>occidente</strong></span> <span class='ocrx_word' id='word_1_242' title='bbox 495 2374 716 2442; x_wconf 91' lang='lat' dir='ltr'><strong>cecidit,</strong></span> <span class='ocrx_word' id='word_1_243' title='bbox 736 2380 799 2430; x_wconf 93' lang='lat' dir='ltr'><strong>ut</strong></span> <span class='ocrx_word' id='word_1_244' title='bbox 822 2372 991 2429; x_wconf 85' lang='lat' dir='ltr'><strong>silvas</strong></span> <span class='ocrx_word' id='word_1_245' title='bbox 1019 2369 1313 2442; x_wconf 78' lang='lat' dir='ltr'><strong>frangeret.</strong></span> <span class='ocrx_word' id='word_1_246' title='bbox 1532 2364 1537 2369; x_wconf 79' lang='grc'><em>’</em></span> 
     </span>
    </p>
   </div>
   <div class='ocr_carea' id='block_1_37' title="bbox 258 2462 1635 2535">
    <p class='ocr_par' dir='ltr' id='par_1_37' title="bbox 258 2462 1635 2535">
     <span class='ocr_line' id='line_1_37' title="bbox 258 2462 1635 2535; baseline -0.004 -11"><span class='ocrx_word' id='word_1_247' title='bbox 258 2467 428 2524; x_wconf 73' lang='grc'>1048.</span> <span class='ocrx_word' id='word_1_248' title='bbox 824 2466 878 2520; x_wconf 90' lang='lat'><strong>9.</strong></span> <span class='ocrx_word' id='word_1_249' title='bbox 1363 2462 1450 2518; x_wconf 87' lang='lat'><strong>17.</strong></span> <span class='ocrx_word' id='word_1_250' title='bbox 1493 2462 1635 2535; x_wconf 90' lang='lat'><strong>(18.)</strong></span> 
     </span>
    </p>
   </div>
   <div class='ocr_carea' id='block_1_38' title="bbox 258 2553 1789 2629">
    <p class='ocr_par' dir='ltr' id='par_1_38' title="bbox 258 2553 1789 2629">
     <span class='ocr_line' id='line_1_38' title="bbox 258 2553 1789 2629; baseline -0.003 -15"><span class='ocrx_word' id='word_1_251' title='bbox 258 2557 386 2615; x_wconf 72' lang='lat' dir='ltr'><strong>Viri</strong></span> <span class='ocrx_word' id='word_1_252' title='bbox 415 2557 660 2629; x_wconf 73' lang='lat' dir='ltr'><strong>religiosi</strong></span> <span class='ocrx_word' id='word_1_253' title='bbox 681 2564 739 2613; x_wconf 80' lang='lat' dir='ltr'><strong>et</strong></span> <span class='ocrx_word' id='word_1_254' title='bbox 760 2557 1004 2614; x_wconf 85' lang='lat' dir='ltr'><strong>illustres</strong></span> <span class='ocrx_word' id='word_1_255' title='bbox 1025 2554 1316 2613; x_wconf 81' lang='lat' dir='ltr'><strong>sanctitate</strong></span> <span class='ocrx_word' id='word_1_256' title='bbox 1338 2554 1393 2609; x_wconf 91' lang='lat' dir='ltr'><strong>in</strong></span> <span class='ocrx_word' id='word_1_257' title='bbox 1414 2553 1637 2611; x_wconf 84' lang='lat' dir='ltr'><strong>Christo</strong></span> <span class='ocrx_word' id='word_1_258' title='bbox 1660 2554 1789 2609; x_wconf 87' lang='lat' dir='ltr'><strong>dor-</strong></span> 
     </span>
    </p>
   </div>
   <div class='ocr_carea' id='block_1_39' title="bbox 194 2645 1787 2719">
    <p class='ocr_par' dir='ltr' id='par_1_39' title="bbox 194 2645 1787 2719">
     <span class='ocr_line' id='line_1_39' title="bbox 194 2645 1787 2719; baseline -0.003 -11"><span class='ocrx_word' id='word_1_259' title='bbox 194 2653 400 2719; x_wconf 89' lang='lat' dir='ltr'><strong>miunt,</strong></span> <span class='ocrx_word' id='word_1_260' title='bbox 429 2650 589 2706; x_wconf 86' lang='lat' dir='ltr'><strong>0dilo</strong></span> <span class='ocrx_word' id='word_1_261' title='bbox 615 2650 786 2706; x_wconf 81' lang='lat' dir='ltr'><strong>abbas</strong></span> <span class='ocrx_word' id='word_1_262' title='bbox 821 2648 1202 2705; x_wconf 85' lang='lat' dir='ltr'><strong>Cluniaeensis</strong></span> <span class='ocrx_word' id='word_1_263' title='bbox 1242 2646 1419 2719; x_wconf 89' lang='lat'><strong>(258),</strong></span> <span class='ocrx_word' id='word_1_264' title='bbox 1445 2646 1632 2718; x_wconf 86' lang='lat' dir='ltr'><strong>Poppo</strong></span> <span class='ocrx_word' id='word_1_265' title='bbox 1662 2645 1787 2703; x_wconf 90' lang='lat' dir='ltr'><strong>Sta-</strong></span> 
     </span>
    </p>
   </div>
   <div class='ocr_carea' id='block_1_40' title="bbox 196 2735 1790 2813">
    <p class='ocr_par' dir='ltr' id='par_1_40' title="bbox 196 2735 1790 2813">
     <span class='ocr_line' id='line_1_40' title="bbox 196 2735 1790 2813; baseline -0.004 -13"><span class='ocrx_word' id='word_1_266' title='bbox 196 2742 445 2800; x_wconf 84' lang='lat' dir='ltr'><strong>bulensis</strong></span> <span class='ocrx_word' id='word_1_267' title='bbox 493 2741 668 2813; x_wconf 86' lang='lat'><strong>(259).</strong></span> <span class='ocrx_word' id='word_1_268' title='bbox 733 2738 1053 2811; x_wconf 67' lang='lat' dir='ltr'><strong>(A.~Leod.)</strong></span> <span class='ocrx_word' id='word_1_269' title='bbox 1102 2737 1320 2796; x_wconf 84' lang='lat' dir='ltr'><strong>Gnatho</strong></span> <span class='ocrx_word' id='word_1_270' title='bbox 1361 2736 1653 2808; x_wconf 87' lang='lat' dir='ltr'><strong>episcopus</strong></span> <span class='ocrx_word' id='word_1_271' title='bbox 1690 2735 1790 2793; x_wconf 90' lang='lat' dir='ltr'><strong>Le-</strong></span> 
     </span>
    </p>
   </div>
   <div class='ocr_carea' id='block_1_41' title="bbox 198 2828 1792 2909">
    <p class='ocr_par' dir='ltr' id='par_1_41' title="bbox 198 2828 1792 2909">
     <span class='ocr_line' id='line_1_41' title="bbox 198 2828 1792 2909; baseline -0.004 -19"><span class='ocrx_word' id='word_1_272' title='bbox 198 2836 410 2909; x_wconf 78' lang='lat' dir='ltr'><strong>gieusis</strong></span> <span class='ocrx_word' id='word_1_273' title='bbox 431 2833 605 2905; x_wconf 88' lang='lat'><strong>(260),</strong></span> <span class='ocrx_word' id='word_1_274' title='bbox 629 2831 885 2890; x_wconf 79' lang='lat' dir='ltr'><strong>Olbertus</strong></span> <span class='ocrx_word' id='word_1_275' title='bbox 905 2839 1110 2888; x_wconf 68' lang='lat' dir='ltr'><strong>sancta1</strong></span> <span class='ocrx_word' id='word_1_276' title='bbox 1130 2829 1410 2886; x_wconf 71' lang='lat' dir='ltr'><strong>memoria:</strong></span> <span class='ocrx_word' id='word_1_277' title='bbox 1428 2829 1601 2885; x_wconf 85' lang='lat' dir='ltr'><strong>abbas</strong></span> <span class='ocrx_word' id='word_1_278' title='bbox 1623 2828 1792 2885; x_wconf 87' lang='lat' dir='ltr'><strong>Gem-</strong></span> 
     </span>
    </p>
   </div>
   <div class='ocr_carea' id='block_1_42' title="bbox 200 2920 1792 3000">
    <p class='ocr_par' dir='ltr' id='par_1_42' title="bbox 200 2920 1792 3000">
     <span class='ocr_line' id='line_1_42' title="bbox 200 2920 1792 3000; baseline -0.004 -17"><span class='ocrx_word' id='word_1_279' title='bbox 200 2926 528 2984; x_wconf 84' lang='lat' dir='ltr'><strong>melacensis</strong></span> <span class='ocrx_word' id='word_1_280' title='bbox 558 2922 730 3000; x_wconf 89' lang='lat' dir='ltr'><strong>(26l).</strong></span> <span class='ocrx_word' id='word_1_281' title='bbox 760 2923 1039 2983; x_wconf 88' lang='lat' dir='ltr'><strong>Guatboni</strong></span> <span class='ocrx_word' id='word_1_282' title='bbox 1059 2921 1375 2980; x_wconf 85' lang='lat' dir='ltr'><strong>Deoduinus</strong></span> <span class='ocrx_word' id='word_1_283' title='bbox 1398 2921 1455 2977; x_wconf 92' lang='lat' dir='ltr'><strong>in</strong></span> <span class='ocrx_word' id='word_1_284' title='bbox 1475 2920 1792 2992; x_wconf 86' lang='lat' dir='ltr'><strong>episcopatu</strong></span> 
     </span>
    </p>
   </div>
   <div class='ocr_carea' id='block_1_43' title="bbox 198 3011 1791 3087">
    <p class='ocr_par' dir='ltr' id='par_1_43' title="bbox 198 3011 1791 3087">
     <span class='ocr_line' id='line_1_43' title="bbox 198 3011 1791 3087; baseline -0.004 -12"><span class='ocrx_word' id='word_1_285' title='bbox 198 3019 468 3075; x_wconf 76' lang='lat' dir='ltr'><strong>succedit.</strong></span> <span class='ocrx_word' id='word_1_286' title='bbox 501 3018 777 3086; x_wconf 88' lang='lat' dir='ltr'><strong>Albertus,</strong></span> <span class='ocrx_word' id='word_1_287' title='bbox 800 3017 895 3087; x_wconf 90' lang='lat' dir='ltr'><strong>qui</strong></span> <span class='ocrx_word' id='word_1_288' title='bbox 924 3015 1187 3073; x_wconf 87' lang='lat' dir='ltr'><strong>ducatum</strong></span> <span class='ocrx_word' id='word_1_289' title='bbox 1221 3012 1650 3071; x_wconf 82' lang='lat' dir='ltr'><strong>Mosellanorum</strong></span> <span class='ocrx_word' id='word_1_290' title='bbox 1680 3011 1791 3069; x_wconf 85' lang='lat' dir='ltr'><strong>Go-</strong></span> 
     </span>
    </p>
   </div>
   <div class='ocr_carea' id='block_1_44' title="bbox 1874 1636 3463 1698">
    <p class='ocr_par' dir='ltr' id='par_1_44' title="bbox 1874 1636 3463 1698">
     <span class='ocr_line' id='line_1_44' title="bbox 1874 1636 3463 1698; baseline -0.006 0"><span class='ocrx_word' id='word_1_291' title='bbox 1874 1642 2007 1698; x_wconf 84' lang='lat' dir='ltr'><strong>dum</strong></span> <span class='ocrx_word' id='word_1_292' title='bbox 2029 1639 2398 1698; x_wconf 84' lang='lat' dir='ltr'><strong>Nortmannos</strong></span> <span class='ocrx_word' id='word_1_293' title='bbox 2423 1657 2456 1696; x_wconf 92' lang='lat' dir='ltr'><strong>a</strong></span> <span class='ocrx_word' id='word_1_294' title='bbox 2485 1640 2859 1697; x_wconf 82' lang='lat' dir='ltr'><strong>Romanorum</strong></span> <span class='ocrx_word' id='word_1_295' title='bbox 2893 1638 3145 1696; x_wconf 81' lang='lat' dir='ltr'><strong>terminis</strong></span> <span class='ocrx_word' id='word_1_296' title='bbox 3171 1636 3463 1693; x_wconf 84' lang='lat' dir='ltr'><strong>deturbare</strong></span> 
     </span>
    </p>
   </div>
   <div class='ocr_carea' id='block_1_45' title="bbox 1875 1728 3462 1805">
    <p class='ocr_par' dir='ltr' id='par_1_45' title="bbox 1875 1728 3462 1805">
     <span class='ocr_line' id='line_1_45' title="bbox 1875 1728 3462 1805; baseline -0.005 -16"><span class='ocrx_word' id='word_1_297' title='bbox 1875 1733 2102 1805; x_wconf 77' lang='lat' dir='ltr'><strong>satagit,</strong></span> <span class='ocrx_word' id='word_1_298' title='bbox 2151 1733 2383 1791; x_wconf 90' lang='lat' dir='ltr'><strong>multam</strong></span> <span class='ocrx_word' id='word_1_299' title='bbox 2421 1732 2789 1790; x_wconf 80' lang='lat' dir='ltr'><strong>calamitatem</strong></span> <span class='ocrx_word' id='word_1_300' title='bbox 2840 1730 3096 1798; x_wconf 86' lang='lat' dir='ltr'><strong>incurrit,</strong></span> <span class='ocrx_word' id='word_1_301' title='bbox 3154 1728 3287 1801; x_wconf 90' lang='lat' dir='ltr'><strong>quia</strong></span> <span class='ocrx_word' id='word_1_302' title='bbox 3335 1742 3462 1783; x_wconf 91' lang='lat' dir='ltr'><strong>cum</strong></span> 
     </span>
    </p>
   </div>
   <div class='ocr_carea' id='block_1_46' title="bbox 1870 1818 3465 1897">
    <p class='ocr_par' dir='ltr' id='par_1_46' title="bbox 1870 1818 3465 1897">
     <span class='ocr_line' id='line_1_46' title="bbox 1870 1818 3465 1897; baseline -0.006 -15"><span class='ocrx_word' id='word_1_303' title='bbox 1870 1826 2067 1891; x_wconf 85' lang='lat' dir='ltr'><strong>multis</strong></span> <span class='ocrx_word' id='word_1_304' title='bbox 2090 1826 2255 1882; x_wconf 88' lang='lat' dir='ltr'><strong>etiam</strong></span> <span class='ocrx_word' id='word_1_305' title='bbox 2293 1826 2409 1897; x_wconf 90' lang='lat' dir='ltr'><strong>ipse</strong></span> <span class='ocrx_word' id='word_1_306' title='bbox 2442 1825 2656 1895; x_wconf 86' lang='lat' dir='ltr'><strong>capitur</strong></span> <span class='ocrx_word' id='word_1_307' title='bbox 2681 1823 2864 1896; x_wconf 79' lang='lat'><strong>(266);</strong></span> <span class='ocrx_word' id='word_1_308' title='bbox 2888 1823 2987 1880; x_wconf 89' lang='lat' dir='ltr'><strong>sed</strong></span> <span class='ocrx_word' id='word_1_309' title='bbox 3022 1831 3206 1878; x_wconf 86' lang='lat' dir='ltr'><strong>tamen</strong></span> <span class='ocrx_word' id='word_1_310' title='bbox 3228 1818 3465 1875; x_wconf 80' lang='lat' dir='ltr'><strong>relaxari</strong></span> 
     </span>
    </p>
   </div>
   <div class='ocr_carea' id='block_1_47' title="bbox 1875 1909 3465 1986">
    <p class='ocr_par' dir='ltr' id='par_1_47' title="bbox 1875 1909 3465 1986">
     <span class='ocr_line' id='line_1_47' title="bbox 1875 1909 3465 1986; baseline -0.007 -11"><span class='ocrx_word' id='word_1_311' title='bbox 1875 1918 2076 1985; x_wconf 88' lang='lat' dir='ltr'><strong>noluit,</strong></span> <span class='ocrx_word' id='word_1_312' title='bbox 2113 1918 2221 1973; x_wconf 89' lang='lat' dir='ltr'><strong>nisi</strong></span> <span class='ocrx_word' id='word_1_313' title='bbox 2269 1917 2434 1973; x_wconf 87' lang='lat' dir='ltr'><strong>etiam</strong></span> <span class='ocrx_word' id='word_1_314' title='bbox 2459 1916 2576 1972; x_wconf 89' lang='lat' dir='ltr'><strong>suis</strong></span> <span class='ocrx_word' id='word_1_315' title='bbox 2615 1916 2894 1971; x_wconf 82' lang='lat' dir='ltr'><strong>relaxatis.</strong></span> <span class='ocrx_word' id='word_1_316' title='bbox 2923 1914 3116 1986; x_wconf 72' lang='grc' dir='ltr'>(ΜΑιι.)</span> <span class='ocrx_word' id='word_1_317' title='bbox 3140 1912 3319 1968; x_wconf 88' lang='lat' dir='ltr'><strong>Bardo</strong></span> <span class='ocrx_word' id='word_1_318' title='bbox 3346 1909 3465 1965; x_wconf 82' lang='lat' dir='ltr'><strong>Mo-</strong></span> 
     </span>
    </p>
   </div>
   <div class='ocr_carea' id='block_1_48' title="bbox 1877 2004 3471 2084">
    <p class='ocr_par' dir='ltr' id='par_1_48' title="bbox 1877 2004 3471 2084">
     <span class='ocr_line' id='line_1_48' title="bbox 1877 2004 3471 2084; baseline -0.004 -19"><span class='ocrx_word' id='word_1_319' title='bbox 1877 2010 2085 2084; x_wconf 76' lang='lat' dir='ltr'><strong>guntite</strong></span> <span class='ocrx_word' id='word_1_320' title='bbox 2131 2010 2422 2080; x_wconf 89' lang='lat' dir='ltr'><strong>episcopus</strong></span> <span class='ocrx_word' id='word_1_321' title='bbox 2468 2009 2583 2065; x_wconf 88' lang='lat' dir='ltr'><strong>obit</strong></span> <span class='ocrx_word' id='word_1_322' title='bbox 2632 2007 2807 2079; x_wconf 87' lang='lat'><strong>(267),</strong></span> <span class='ocrx_word' id='word_1_323' title='bbox 2855 2006 3015 2078; x_wconf 88' lang='lat' dir='ltr'><strong>cujus</strong></span> <span class='ocrx_word' id='word_1_324' title='bbox 3066 2004 3330 2063; x_wconf 81' lang='lat' dir='ltr'><strong>sanctitas</strong></span> <span class='ocrx_word' id='word_1_325' title='bbox 3370 2016 3471 2074; x_wconf 81' lang='lat' dir='ltr'><strong>per</strong></span> 
     </span>
    </p>
   </div>
   <div class='ocr_carea' id='block_1_49' title="bbox 1882 2100 3004 2174">
    <p class='ocr_par' dir='ltr' id='par_1_49' title="bbox 1882 2100 3004 2174">
     <span class='ocr_line' id='line_1_49' title="bbox 1882 2100 3004 2174; baseline -0.008 -9"><span class='ocrx_word' id='word_1_326' title='bbox 1882 2105 2112 2165; x_wconf 86' lang='lat' dir='ltr'><strong>multam</strong></span> <span class='ocrx_word' id='word_1_327' title='bbox 2133 2103 2524 2160; x_wconf 82' lang='lat' dir='ltr'><strong>miraculorum</strong></span> <span class='ocrx_word' id='word_1_328' title='bbox 2555 2101 2785 2174; x_wconf 76' lang='lat' dir='ltr'><strong>gratiam</strong></span> <span class='ocrx_word' id='word_1_329' title='bbox 2808 2100 3004 2172; x_wconf 88' lang='lat' dir='ltr'><strong>patuit.</strong></span> 
     </span>
    </p>
   </div>
   <div class='ocr_carea' id='block_1_50' title="bbox 1958 2190 3256 2263">
    <p class='ocr_par' dir='ltr' id='par_1_50' title="bbox 1958 2190 3256 2263">
     <span class='ocr_line' id='line_1_50' title="bbox 1958 2190 3256 2263; baseline -0.005 -13"><span class='ocrx_word' id='word_1_330' title='bbox 1958 2196 2116 2251; x_wconf 80' lang='lat'><strong>1051.</strong></span> <span class='ocrx_word' id='word_1_331' title='bbox 2599 2194 2689 2254; x_wconf 84' lang='lat'><strong>12.</strong></span> <span class='ocrx_word' id='word_1_332' title='bbox 2974 2190 3067 2247; x_wconf 89' lang='lat'><strong>20.</strong></span> <span class='ocrx_word' id='word_1_333' title='bbox 3113 2190 3256 2263; x_wconf 96' lang='lat'><strong>(21.)</strong></span> 
     </span>
    </p>
   </div>
   <div class='ocr_carea' id='block_1_51' title="bbox 1956 2280 3473 2360">
    <p class='ocr_par' dir='ltr' id='par_1_51' title="bbox 1956 2280 3473 2360">
     <span class='ocr_line' id='line_1_51' title="bbox 1956 2280 3473 2360; baseline -0.004 -18"><span class='ocrx_word' id='word_1_334' title='bbox 1956 2288 2046 2360; x_wconf 82' lang='grc' dir='ltr'>(Α.</span> <span class='ocrx_word' id='word_1_335' title='bbox 2069 2286 2260 2357; x_wconf 85' lang='lat' dir='ltr'><strong>Leod.)</strong></span> <span class='ocrx_word' id='word_1_336' title='bbox 2305 2285 2605 2343; x_wconf 86' lang='lat' dir='ltr'><strong>Balduinus</strong></span> <span class='ocrx_word' id='word_1_337' title='bbox 2644 2285 2997 2342; x_wconf 88' lang='lat' dir='ltr'><strong>Flandrensis</strong></span> <span class='ocrx_word' id='word_1_338' title='bbox 3040 2284 3230 2341; x_wconf 88' lang='lat' dir='ltr'><strong>invaso</strong></span> <span class='ocrx_word' id='word_1_339' title='bbox 3274 2280 3473 2353; x_wconf 81' lang='lat' dir='ltr'><strong>llagio—</strong></span> 
     </span>
    </p>
   </div>
   <div class='ocr_carea' id='block_1_52' title="bbox 1887 2371 3469 2446">
    <p class='ocr_par' dir='ltr' id='par_1_52' title="bbox 1887 2371 3469 2446">
     <span class='ocr_line' id='line_1_52' title="bbox 1887 2371 3469 2446; baseline -0.006 -12"><span class='ocrx_word' id='word_1_340' title='bbox 1887 2377 2139 2434; x_wconf 88' lang='lat' dir='ltr'><strong>nensium</strong></span> <span class='ocrx_word' id='word_1_341' title='bbox 2192 2377 2457 2434; x_wconf 88' lang='lat' dir='ltr'><strong>comitatu</strong></span> <span class='ocrx_word' id='word_1_342' title='bbox 2521 2384 2713 2433; x_wconf 90' lang='lat' dir='ltr'><strong>contra</strong></span> <span class='ocrx_word' id='word_1_343' title='bbox 2778 2375 3165 2446; x_wconf 82' lang='lat' dir='ltr'><strong>imperatorem</strong></span> <span class='ocrx_word' id='word_1_344' title='bbox 3221 2371 3469 2427; x_wconf 82' lang='lat' dir='ltr'><strong>rebellat.</strong></span> 
     </span>
    </p>
   </div>
   <div class='ocr_carea' id='block_1_53' title="bbox 1888 2466 3472 2542">
    <p class='ocr_par' dir='ltr' id='par_1_53' title="bbox 1888 2466 3472 2542">
     <span class='ocr_line' id='line_1_53' title="bbox 1888 2466 3472 2542; baseline -0.004 -16"><span class='ocrx_word' id='word_1_345' title='bbox 1888 2471 2120 2529; x_wconf 87' lang='lat' dir='ltr'><strong>Francia</strong></span> <span class='ocrx_word' id='word_1_346' title='bbox 2178 2471 2431 2527; x_wconf 89' lang='lat' dir='ltr'><strong>turbatur</strong></span> <span class='ocrx_word' id='word_1_347' title='bbox 2473 2486 2568 2542; x_wconf 88' lang='lat' dir='ltr'><strong>per</strong></span> <span class='ocrx_word' id='word_1_348' title='bbox 2622 2469 3017 2541; x_wconf 89' lang='lat' dir='ltr'><strong>Berengarium</strong></span> <span class='ocrx_word' id='word_1_349' title='bbox 3062 2466 3472 2529; x_wconf 87' lang='lat' dir='ltr'><strong>Turonensem,</strong></span> 
     </span>
    </p>
   </div>
   <div class='ocr_carea' id='block_1_54' title="bbox 1889 2554 3476 2632">
    <p class='ocr_par' dir='ltr' id='par_1_54' title="bbox 1889 2554 3476 2632">
     <span class='ocr_line' id='line_1_54' title="bbox 1889 2554 3476 2632; baseline -0.006 -16"><span class='ocrx_word' id='word_1_350' title='bbox 1889 2561 1985 2632; x_wconf 92' lang='lat' dir='ltr'><strong>qui</strong></span> <span class='ocrx_word' id='word_1_351' title='bbox 2033 2560 2318 2616; x_wconf 89' lang='lat' dir='ltr'><strong>asserebat</strong></span> <span class='ocrx_word' id='word_1_352' title='bbox 2352 2559 2766 2628; x_wconf 89' lang='lat' dir='ltr'><strong>eucharistiam,</strong></span> <span class='ocrx_word' id='word_1_353' title='bbox 2808 2574 2974 2629; x_wconf 90' lang='lat' dir='ltr'><strong>quam</strong></span> <span class='ocrx_word' id='word_1_354' title='bbox 3009 2557 3281 2613; x_wconf 89' lang='lat' dir='ltr'><strong>sumimus</strong></span> <span class='ocrx_word' id='word_1_355' title='bbox 3306 2555 3362 2609; x_wconf 91' lang='lat' dir='ltr'><strong>in</strong></span> <span class='ocrx_word' id='word_1_356' title='bbox 3389 2554 3476 2608; x_wconf 82' lang='lat' dir='ltr'><strong>al-</strong></span> 
     </span>
    </p>
   </div>
   <div class='ocr_carea' id='block_1_55' title="bbox 1890 2646 3507 2723">
    <p class='ocr_par' dir='ltr' id='par_1_55' title="bbox 1890 2646 3507 2723">
     <span class='ocr_line' id='line_1_55' title="bbox 1890 2646 3507 2723; baseline -0.006 -13"><span class='ocrx_word' id='word_1_357' title='bbox 1890 2654 2018 2721; x_wconf 86' lang='lat' dir='ltr'><strong>tari,</strong></span> <span class='ocrx_word' id='word_1_358' title='bbox 2051 2669 2164 2708; x_wconf 86' lang='lat' dir='ltr'><strong>non</strong></span> <span class='ocrx_word' id='word_1_359' title='bbox 2184 2668 2308 2710; x_wconf 89' lang='lat' dir='ltr'><strong>esse</strong></span> <span class='ocrx_word' id='word_1_360' title='bbox 2347 2666 2537 2712; x_wconf 83' lang='lat' dir='ltr'><strong>revera</strong></span> <span class='ocrx_word' id='word_1_361' title='bbox 2578 2667 2779 2723; x_wconf 90' lang='lat' dir='ltr'><strong>corpus</strong></span> <span class='ocrx_word' id='word_1_362' title='bbox 2811 2657 2867 2707; x_wconf 87' lang='lat' dir='ltr'><strong>et</strong></span> <span class='ocrx_word' id='word_1_363' title='bbox 2894 2650 3222 2722; x_wconf 86' lang='lat' dir='ltr'><strong>sanguinem</strong></span> <span class='ocrx_word' id='word_1_364' title='bbox 3248 2646 3475 2719; x_wconf 57' lang='lat' dir='ltr'><strong>Christi,</strong></span> <span class='ocrx_word' id='word_1_365' title='bbox 3502 2712 3507 2713; x_wconf 21' lang='grc' dir='ltr'><em>ν</em></span> 
     </span>
    </p>
   </div>
   <div class='ocr_carea' id='block_1_56' title="bbox 1892 2738 3481 2817">
    <p class='ocr_par' dir='ltr' id='par_1_56' title="bbox 1892 2738 3481 2817">
     <span class='ocr_line' id='line_1_56' title="bbox 1892 2738 3481 2817; baseline -0.006 -15"><span class='ocrx_word' id='word_1_366' title='bbox 1892 2745 1991 2802; x_wconf 89' lang='lat' dir='ltr'><strong>sed</strong></span> <span class='ocrx_word' id='word_1_367' title='bbox 2029 2745 2259 2817; x_wconf 81' lang='lat' dir='ltr'><strong>ﬁguram</strong></span> <span class='ocrx_word' id='word_1_368' title='bbox 2300 2744 2551 2814; x_wconf 90' lang='lat' dir='ltr'><strong>corporis</strong></span> <span class='ocrx_word' id='word_1_369' title='bbox 2609 2751 2665 2799; x_wconf 87' lang='lat' dir='ltr'><strong>et</strong></span> <span class='ocrx_word' id='word_1_370' title='bbox 2705 2743 2993 2815; x_wconf 79' lang='lat' dir='ltr'><strong>sanguinis</strong></span> <span class='ocrx_word' id='word_1_371' title='bbox 3047 2740 3272 2798; x_wconf 85' lang='lat' dir='ltr'><strong>Christi.</strong></span> <span class='ocrx_word' id='word_1_372' title='bbox 3328 2738 3481 2793; x_wconf 84' lang='lat' dir='ltr'><strong>Unde</strong></span> 
     </span>
    </p>
   </div>
   <div class='ocr_carea' id='block_1_57' title="bbox 1891 2832 3485 2916">
    <p class='ocr_par' dir='ltr' id='par_1_57' title="bbox 1891 2832 3485 2916">
     <span class='ocr_line' id='line_1_57' title="bbox 1891 2832 3485 2916; baseline -0.006 -21"><span class='ocrx_word' id='word_1_373' title='bbox 1891 2847 2084 2916; x_wconf 85' lang='lat' dir='ltr'><strong>contra</strong></span> <span class='ocrx_word' id='word_1_374' title='bbox 2114 2852 2240 2902; x_wconf 85' lang='lat' dir='ltr'><strong>eum</strong></span> <span class='ocrx_word' id='word_1_375' title='bbox 2269 2846 2323 2892; x_wconf 80' lang='lat' dir='ltr'><strong>et</strong></span> <span class='ocrx_word' id='word_1_376' title='bbox 2348 2851 2447 2907; x_wconf 92' lang='lat' dir='ltr'><strong>pro</strong></span> <span class='ocrx_word' id='word_1_377' title='bbox 2490 2852 2557 2893; x_wconf 91' lang='lat' dir='ltr'><strong>eo</strong></span> <span class='ocrx_word' id='word_1_378' title='bbox 2591 2835 2827 2892; x_wconf 90' lang='lat' dir='ltr'><strong>multum</strong></span> <span class='ocrx_word' id='word_1_379' title='bbox 2856 2851 2887 2891; x_wconf 90' lang='lat' dir='ltr'><strong>a</strong></span> <span class='ocrx_word' id='word_1_380' title='bbox 2921 2835 3115 2891; x_wconf 86' lang='lat' dir='ltr'><strong>multis</strong></span> <span class='ocrx_word' id='word_1_381' title='bbox 3139 2843 3195 2890; x_wconf 87' lang='lat' dir='ltr'><strong>et</strong></span> <span class='ocrx_word' id='word_1_382' title='bbox 3222 2832 3405 2889; x_wconf 86' lang='lat' dir='ltr'><strong>verbis</strong></span> <span class='ocrx_word' id='word_1_383' title='bbox 3427 2839 3485 2885; x_wconf 89' lang='lat' dir='ltr'><strong>et</strong></span> 
     </span>
    </p>
   </div>
   <div class='ocr_carea' id='block_1_58' title="bbox 1892 2927 2606 3000">
    <p class='ocr_par' dir='ltr' id='par_1_58' title="bbox 1892 2927 2606 3000">
     <span class='ocr_line' id='line_1_58' title="bbox 1892 2927 2606 3000; baseline -0.006 -13"><span class='ocrx_word' id='word_1_384' title='bbox 1892 2929 2115 3000; x_wconf 82' lang='lat' dir='ltr'><strong>scriptis</strong></span> <span class='ocrx_word' id='word_1_385' title='bbox 2141 2927 2477 2999; x_wconf 84' lang='lat' dir='ltr'><strong>disputatum</strong></span> <span class='ocrx_word' id='word_1_386' title='bbox 2503 2937 2606 2985; x_wconf 89' lang='lat' dir='ltr'><strong>est.</strong></span> 
     </span>
    </p>
   </div>
   <div class='ocr_carea' id='block_1_59' title="bbox 1966 3019 2128 3076">
    <p class='ocr_par' dir='ltr' id='par_1_59' title="bbox 1966 3019 2128 3076">
     <span class='ocr_line' id='line_1_59' title="bbox 1966 3019 2128 3076; baseline 0.006 -2"><span class='ocrx_word' id='word_1_387' title='bbox 1966 3019 2128 3076; x_wconf 80' lang='grc'>1052.</span> 
     </span>
    </p>
   </div>
   <div class='ocr_carea' id='block_1_60' title="bbox 2608 3015 3263 3088">
    <p class='ocr_par' dir='ltr' id='par_1_60' title="bbox 2608 3015 3263 3088">
     <span class='ocr_line' id='line_1_60' title="bbox 2608 3015 3263 3088; baseline -0.003 -15"><span class='ocrx_word' id='word_1_388' title='bbox 2608 3019 2695 3075; x_wconf 76' lang='grc'><strong>18.</strong></span> <span class='ocrx_word' id='word_1_389' title='bbox 2983 3017 3089 3073; x_wconf 88' lang='grc'>21..</span> <span class='ocrx_word' id='word_1_390' title='bbox 3119 3015 3263 3088; x_wconf 71' lang='lat'><strong>(22.)</strong></span> 
     </span>
    </p>
   </div>
   <div class='ocr_carea' id='block_1_61' title="bbox 197 3103 3486 3219">
    <p class='ocr_par' dir='ltr' id='par_1_61' title="bbox 197 3103 3486 3219">
     <span class='ocr_line' id='line_1_61' title="bbox 197 3103 3486 3219; baseline -0.002 -52"><span class='ocrx_word' id='word_1_391' title='bbox 197 3111 417 3218; x_wconf 60' lang='lat' dir='ltr'><strong>derrido</strong></span> <span class='ocrx_word' id='word_1_392' title='bbox 446 3108 1259 3219; x_wconf 43' lang='lat' dir='ltr'><strong>negatum.(262)‘susceperat,</strong></span> <span class='ocrx_word' id='word_1_393' title='bbox 1291 3123 1345 3219; x_wconf 59' lang='lat' dir='ltr'><strong>an</strong></span> <span class='ocrx_word' id='word_1_394' title='bbox 1359 3103 1660 3219; x_wconf 57' lang='lat' dir='ltr'><strong>Godefridp</strong></span> <span class='ocrx_word' id='word_1_395' title='bbox 1695 3120 1792 3219; x_wconf 53' lang='lat' dir='ltr'><strong>pe:</strong></span> <span class='ocrx_word' id='word_1_396' title='bbox 1821 3159 1866 3219; x_wconf 59' lang='grc'><strong>6</strong></span> <span class='ocrx_word' id='word_1_397' title='bbox 1968 3110 2064 3183; x_wconf 82' lang='grc' dir='ltr'>(γ.</span> <span class='ocrx_word' id='word_1_398' title='bbox 2091 3109 2284 3183; x_wconf 82' lang='lat' dir='ltr'><strong>Leon.)</strong></span> <span class='ocrx_word' id='word_1_399' title='bbox 2321 3109 2439 3167; x_wconf 82' lang='lat' dir='ltr'><strong>Rex</strong></span> <span class='ocrx_word' id='word_1_400' title='bbox 2482 3108 2825 3183; x_wconf 90' lang='lat' dir='ltr'><strong>Ungarorum</strong></span> <span class='ocrx_word' id='word_1_401' title='bbox 2857 3111 2929 3167; x_wconf 87' lang='lat' dir='ltr'><strong>ab</strong></span> <span class='ocrx_word' id='word_1_402' title='bbox 2956 3110 3288 3181; x_wconf 88' lang='lat' dir='ltr'><strong>imperatore</strong></span> <span class='ocrx_word' id='word_1_403' title='bbox 3321 3105 3486 3163; x_wconf 78' lang='lat' dir='ltr'><strong>Hein-</strong></span> 
     </span>
    </p>
   </div>
   <div class='ocr_carea' id='block_1_62' title="bbox 201 3196 1797 3276">
    <p class='ocr_par' dir='ltr' id='par_1_62' title="bbox 201 3196 1797 3276">
     <span class='ocr_line' id='line_1_62' title="bbox 201 3196 1797 3276; baseline -0.005 -16"><span class='ocrx_word' id='word_1_404' title='bbox 201 3205 427 3260; x_wconf 87' lang='lat' dir='ltr'><strong>rimitur</strong></span> <span class='ocrx_word' id='word_1_405' title='bbox 455 3202 626 3276; x_wconf 78' lang='lat'><strong>(263).</strong></span> <span class='ocrx_word' id='word_1_406' title='bbox 657 3201 849 3274; x_wconf 69' lang='grc'>(111111.)</span> <span class='ocrx_word' id='word_1_407' title='bbox 867 3198 1136 3256; x_wconf 88' lang='lat' dir='ltr'><strong>Ducatum</strong></span> <span class='ocrx_word' id='word_1_408' title='bbox 1160 3196 1281 3270; x_wconf 89' lang='lat' dir='ltr'><strong>ejus</strong></span> <span class='ocrx_word' id='word_1_409' title='bbox 1305 3197 1582 3256; x_wconf 88' lang='lat' dir='ltr'><strong>Gerardus</strong></span> <span class='ocrx_word' id='word_1_410' title='bbox 1607 3197 1676 3254; x_wconf 90' lang='lat' dir='ltr'><strong>de</strong></span> <span class='ocrx_word' id='word_1_411' title='bbox 1703 3196 1797 3253; x_wconf 90' lang='lat' dir='ltr'><strong>Al-</strong></span> 
     </span>
    </p>
   </div>
   <div class='ocr_carea' id='block_1_63' title="bbox 201 3288 1795 3363">
    <p class='ocr_par' dir='ltr' id='par_1_63' title="bbox 201 3288 1795 3363">
     <span class='ocr_line' id='line_1_63' title="bbox 201 3288 1795 3363; baseline -0.005 -12"><span class='ocrx_word' id='word_1_412' title='bbox 201 3296 364 3363; x_wconf 85' lang='lat' dir='ltr'><strong>satia,</strong></span> <span class='ocrx_word' id='word_1_413' title='bbox 401 3294 634 3350; x_wconf 81' lang='lat' dir='ltr'><strong>alterum</strong></span> <span class='ocrx_word' id='word_1_414' title='bbox 662 3308 794 3349; x_wconf 89' lang='lat' dir='ltr'><strong>vero</strong></span> <span class='ocrx_word' id='word_1_415' title='bbox 829 3292 1092 3351; x_wconf 87' lang='lat' dir='ltr'><strong>ducatum</strong></span> <span class='ocrx_word' id='word_1_416' title='bbox 1126 3289 1442 3346; x_wconf 89' lang='lat' dir='ltr'><strong>Fridericus</strong></span> <span class='ocrx_word' id='word_1_417' title='bbox 1469 3289 1681 3360; x_wconf 91' lang='lat' dir='ltr'><strong>optinet</strong></span> <span class='ocrx_word' id='word_1_418' title='bbox 1704 3288 1795 3343; x_wconf 69' lang='grc' dir='ltr'><strong>ηδ.</strong></span> 
     </span>
    </p>
   </div>
   <div class='ocr_carea' id='block_1_64' title="bbox 204 3375 1799 3455">
    <p class='ocr_par' dir='ltr' id='par_1_64' title="bbox 204 3375 1799 3455">
     <span class='ocr_line' id='line_1_64' title="bbox 204 3375 1799 3455; baseline -0.004 -17"><span class='ocrx_word' id='word_1_419' title='bbox 204 3382 396 3455; x_wconf 82' lang='lat' dir='ltr'><strong>(Wib.</strong></span> <span class='ocrx_word' id='word_1_420' title='bbox 424 3381 491 3438; x_wconf 69' lang='grc' dir='ltr'>ν.</span> <span class='ocrx_word' id='word_1_421' title='bbox 517 3380 724 3452; x_wconf 87' lang='lat' dir='ltr'><strong>Leon.)</strong></span> <span class='ocrx_word' id='word_1_422' title='bbox 759 3379 948 3436; x_wconf 90' lang='lat' dir='ltr'><strong>Bruno</strong></span> <span class='ocrx_word' id='word_1_423' title='bbox 988 3377 1299 3435; x_wconf 90' lang='lat' dir='ltr'><strong>Leucorum</strong></span> <span class='ocrx_word' id='word_1_424' title='bbox 1349 3378 1642 3450; x_wconf 90' lang='lat' dir='ltr'><strong>episcopus</strong></span> <span class='ocrx_word' id='word_1_425' title='bbox 1684 3375 1799 3433; x_wconf 88' lang='lat' dir='ltr'><strong>Ro-</strong></span> 
     </span>
    </p>
   </div>
   <div class='ocr_carea' id='block_1_65' title="bbox 205 3470 1803 3543">
    <p class='ocr_par' dir='ltr' id='par_1_65' title="bbox 205 3470 1803 3543">
     <span class='ocr_line' id='line_1_65' title="bbox 205 3470 1803 3543; baseline -0.003 -12"><span class='ocrx_word' id='word_1_426' title='bbox 205 3491 387 3532; x_wconf 63' lang='lat' dir='ltr'><strong>manae</strong></span> <span class='ocrx_word' id='word_1_427' title='bbox 422 3474 684 3531; x_wconf 73' lang='lat' dir='ltr'><strong>aecelesize</strong></span> <span class='ocrx_word' id='word_1_428' title='bbox 725 3472 890 3535; x_wconf 75' lang='grc' dir='ltr'><strong>148ιι·</strong></span> <span class='ocrx_word' id='word_1_429' title='bbox 934 3470 1174 3543; x_wconf 91' lang='lat' dir='ltr'><strong>presidet</strong></span> <span class='ocrx_word' id='word_1_430' title='bbox 1212 3470 1395 3543; x_wconf 67' lang='lat'><strong>(264),</strong></span> <span class='ocrx_word' id='word_1_431' title='bbox 1443 3470 1540 3543; x_wconf 89' lang='lat' dir='ltr'><strong>qui</strong></span> <span class='ocrx_word' id='word_1_432' title='bbox 1575 3477 1803 3527; x_wconf 88' lang='lat' dir='ltr'><strong>vocatus</strong></span> 
     </span>
    </p>
   </div>
   <div class='ocr_carea' id='block_1_66' title="bbox 208 3552 1805 3637">
    <p class='ocr_par' dir='ltr' id='par_1_66' title="bbox 208 3552 1805 3637">
     <span class='ocr_line' id='line_1_66' title="bbox 208 3552 1805 3637; baseline -0.004 -13"><span class='ocrx_word' id='word_1_433' title='bbox 208 3568 336 3637; x_wconf 83' lang='lat' dir='ltr'><strong>Leo,</strong></span> <span class='ocrx_word' id='word_1_434' title='bbox 367 3582 554 3623; x_wconf 89' lang='lat' dir='ltr'><strong>nonus</strong></span> <span class='ocrx_word' id='word_1_435' title='bbox 581 3565 748 3637; x_wconf 89' lang='lat' dir='ltr'><strong>hujus</strong></span> <span class='ocrx_word' id='word_1_436' title='bbox 778 3562 1021 3622; x_wconf 88' lang='lat' dir='ltr'><strong>nominis</strong></span> <span class='ocrx_word' id='word_1_437' title='bbox 1041 3552 1202 3635; x_wconf 89' lang='lat' dir='ltr'><strong>papa.</strong></span> <span class='ocrx_word' id='word_1_438' title='bbox 1232 3560 1334 3620; x_wconf 83' lang='lat' dir='ltr'><strong>Hic</strong></span> <span class='ocrx_word' id='word_1_439' title='bbox 1359 3579 1486 3619; x_wconf 91' lang='lat' dir='ltr'><strong>cum</strong></span> <span class='ocrx_word' id='word_1_440' title='bbox 1515 3562 1585 3619; x_wconf 92' lang='lat' dir='ltr'><strong>ad</strong></span> <span class='ocrx_word' id='word_1_441' title='bbox 1619 3577 1805 3634; x_wconf 88' lang='lat' dir='ltr'><strong>capes-</strong></span> 
     </span>
    </p>
   </div>
   <div class='ocr_carea' id='block_1_67' title="bbox 208 3653 1805 3731">
    <p class='ocr_par' dir='ltr' id='par_1_67' title="bbox 208 3653 1805 3731">
     <span class='ocr_line' id='line_1_67' title="bbox 208 3653 1805 3731; baseline -0.004 -14"><span class='ocrx_word' id='word_1_442' title='bbox 208 3662 441 3718; x_wconf 88' lang='lat' dir='ltr'><strong>sendam</strong></span> <span class='ocrx_word' id='word_1_443' title='bbox 474 3659 661 3715; x_wconf 89' lang='lat' dir='ltr'><strong>sedem</strong></span> <span class='ocrx_word' id='word_1_444' title='bbox 700 3657 1058 3731; x_wconf 88' lang='lat' dir='ltr'><strong>apostolicam</strong></span> <span class='ocrx_word' id='word_1_445' title='bbox 1088 3653 1322 3712; x_wconf 86' lang='lat' dir='ltr'><strong>Romam</strong></span> <span class='ocrx_word' id='word_1_446' title='bbox 1350 3655 1618 3724; x_wconf 91' lang='lat' dir='ltr'><strong>tenderet,</strong></span> <span class='ocrx_word' id='word_1_447' title='bbox 1648 3654 1805 3710; x_wconf 89' lang='lat' dir='ltr'><strong>audi-</strong></span> 
     </span>
    </p>
   </div>
   <div class='ocr_carea' id='block_1_68' title="bbox 208 3747 1806 3824">
    <p class='ocr_par' dir='ltr' id='par_1_68' title="bbox 208 3747 1806 3824">
     <span class='ocr_line' id='line_1_68' title="bbox 208 3747 1806 3824; baseline -0.004 -16"><span class='ocrx_word' id='word_1_448' title='bbox 208 3752 285 3809; x_wconf 86' lang='lat' dir='ltr'><strong>vit</strong></span> <span class='ocrx_word' id='word_1_449' title='bbox 305 3768 482 3810; x_wconf 85' lang='lat' dir='ltr'><strong>voces</strong></span> <span class='ocrx_word' id='word_1_450' title='bbox 511 3751 830 3824; x_wconf 83' lang='lat' dir='ltr'><strong>angelorum</strong></span> <span class='ocrx_word' id='word_1_451' title='bbox 853 3749 1172 3808; x_wconf 88' lang='lat' dir='ltr'><strong>canentium</strong></span> <span class='ocrx_word' id='word_1_452' title='bbox 1196 3769 1210 3806; x_wconf 90' lang='lat'><strong>:</strong></span> <span class='ocrx_word' id='word_1_453' title='bbox 1236 3748 1386 3804; x_wconf 79' lang='lat' dir='ltr'><strong>Dicit</strong></span> <span class='ocrx_word' id='word_1_454' title='bbox 1406 3747 1690 3815; x_wconf 78' lang='lat' dir='ltr'><strong>Dominus,</strong></span> <span class='ocrx_word' id='word_1_455' title='bbox 1712 3763 1806 3818; x_wconf 87' lang='lat' dir='ltr'><strong>ego</strong></span> 
     </span>
    </p>
   </div>
   <div class='ocr_carea' id='block_1_69' title="bbox 209 3839 1808 3919">
    <p class='ocr_par' dir='ltr' id='par_1_69' title="bbox 209 3839 1808 3919">
     <span class='ocr_line' id='line_1_69' title="bbox 209 3839 1808 3919; baseline -0.003 -17"><span class='ocrx_word' id='word_1_456' title='bbox 209 3847 385 3919; x_wconf 83' lang='lat' dir='ltr'><strong>cogito</strong></span> <span class='ocrx_word' id='word_1_457' title='bbox 422 3846 771 3918; x_wconf 73' lang='lat' dir='ltr'><strong>cogitationes</strong></span> <span class='ocrx_word' id='word_1_458' title='bbox 812 3843 984 3915; x_wconf 80' lang='lat' dir='ltr'><strong>pacis,</strong></span> <span class='ocrx_word' id='word_1_459' title='bbox 1015 3852 1066 3899; x_wconf 89' lang='lat' dir='ltr'><strong>et</strong></span> <span class='ocrx_word' id='word_1_460' title='bbox 1104 3860 1210 3899; x_wconf 82' lang='lat' dir='ltr'><strong>non</strong></span> <span class='ocrx_word' id='word_1_461' title='bbox 1251 3841 1569 3914; x_wconf 70' lang='lat' dir='ltr'><strong>aﬂlictionis.</strong></span> <span class='ocrx_word' id='word_1_462' title='bbox 1611 3839 1713 3896; x_wconf 85' lang='lat' dir='ltr'><strong>Hic</strong></span> <span class='ocrx_word' id='word_1_463' title='bbox 1740 3840 1808 3897; x_wconf 84' lang='lat' dir='ltr'><strong>de</strong></span> 
     </span>
    </p>
   </div>
   <div class='ocr_carea' id='block_1_70' title="bbox 212 3931 1810 4007">
    <p class='ocr_par' dir='ltr' id='par_1_70' title="bbox 212 3931 1810 4007">
     <span class='ocr_line' id='line_1_70' title="bbox 212 3931 1810 4007; baseline -0.005 -13"><span class='ocrx_word' id='word_1_464' title='bbox 212 3939 403 3995; x_wconf 88' lang='lat' dir='ltr'><strong>multis</strong></span> <span class='ocrx_word' id='word_1_465' title='bbox 434 3936 646 3994; x_wconf 87' lang='lat' dir='ltr'><strong>sanctis</strong></span> <span class='ocrx_word' id='word_1_466' title='bbox 683 3944 882 3993; x_wconf 88' lang='lat' dir='ltr'><strong>cantus</strong></span> <span class='ocrx_word' id='word_1_467' title='bbox 925 3935 1258 4007; x_wconf 88' lang='lat' dir='ltr'><strong>composuit,</strong></span> <span class='ocrx_word' id='word_1_468' title='bbox 1295 3942 1352 3993; x_wconf 89' lang='lat' dir='ltr'><strong>et</strong></span> <span class='ocrx_word' id='word_1_469' title='bbox 1390 3933 1565 3991; x_wconf 86' lang='lat' dir='ltr'><strong>multa</strong></span> <span class='ocrx_word' id='word_1_470' title='bbox 1593 3931 1722 3989; x_wconf 85' lang='lat' dir='ltr'><strong>fecit</strong></span> <span class='ocrx_word' id='word_1_471' title='bbox 1754 3940 1810 3987; x_wconf 90' lang='lat' dir='ltr'><strong>et</strong></span> 
     </span>
    </p>
   </div>
   <div class='ocr_carea' id='block_1_71' title="bbox 211 4025 1808 4102">
    <p class='ocr_par' dir='ltr' id='par_1_71' title="bbox 211 4025 1808 4102">
     <span class='ocr_line' id='line_1_71' title="bbox 211 4025 1808 4102; baseline -0.006 -15"><span class='ocrx_word' id='word_1_472' title='bbox 211 4030 438 4102; x_wconf 86' lang='lat' dir='ltr'><strong>scripsit</strong></span> <span class='ocrx_word' id='word_1_473' title='bbox 456 4027 721 4085; x_wconf 68' lang='lat' dir='ltr'><strong>mcclesiae</strong></span> <span class='ocrx_word' id='word_1_474' title='bbox 741 4027 918 4085; x_wconf 88' lang='lat' dir='ltr'><strong>utilia.</strong></span> <span class='ocrx_word' id='word_1_475' title='bbox 945 4025 1046 4083; x_wconf 83' lang='lat' dir='ltr'><strong>llic</strong></span> <span class='ocrx_word' id='word_1_476' title='bbox 1066 4042 1193 4084; x_wconf 91' lang='lat' dir='ltr'><strong>cum</strong></span> <span class='ocrx_word' id='word_1_477' title='bbox 1217 4026 1272 4083; x_wconf 93' lang='lat' dir='ltr'><strong>in</strong></span> <span class='ocrx_word' id='word_1_478' title='bbox 1293 4034 1494 4098; x_wconf 90' lang='lat' dir='ltr'><strong>papatu</strong></span> <span class='ocrx_word' id='word_1_479' title='bbox 1515 4039 1808 4095; x_wconf 86' lang='lat' dir='ltr'><strong>pauperem</strong></span> 
     </span>
    </p>
   </div>
   <div class='ocr_carea' id='block_1_72' title="bbox 213 4115 1810 4194">
    <p class='ocr_par' dir='ltr' id='par_1_72' title="bbox 213 4115 1810 4194">
     <span class='ocr_line' id='line_1_72' title="bbox 213 4115 1810 4194; baseline -0.006 -14"><span class='ocrx_word' id='word_1_480' title='bbox 213 4122 501 4194; x_wconf 79' lang='lat' dir='ltr'><strong>leprosum</strong></span> <span class='ocrx_word' id='word_1_481' title='bbox 539 4129 668 4179; x_wconf 90' lang='lat' dir='ltr'><strong>ante</strong></span> <span class='ocrx_word' id='word_1_482' title='bbox 711 4118 857 4177; x_wconf 89' lang='lat' dir='ltr'><strong>fores</strong></span> <span class='ocrx_word' id='word_1_483' title='bbox 900 4118 1239 4188; x_wconf 70' lang='lat' dir='ltr'><strong>offendisset,</strong></span> <span class='ocrx_word' id='word_1_484' title='bbox 1288 4134 1418 4174; x_wconf 90' lang='lat' dir='ltr'><strong>eum</strong></span> <span class='ocrx_word' id='word_1_485' title='bbox 1466 4116 1643 4172; x_wconf 87' lang='lat' dir='ltr'><strong>fotum</strong></span> <span class='ocrx_word' id='word_1_486' title='bbox 1687 4115 1810 4172; x_wconf 88' lang='lat' dir='ltr'><strong>dili-</strong></span> 
     </span>
    </p>
   </div>
   <div class='ocr_carea' id='block_1_73' title="bbox 215 4212 1811 4290">
    <p class='ocr_par' dir='ltr' id='par_1_73' title="bbox 215 4212 1811 4290">
     <span class='ocr_line' id='line_1_73' title="bbox 215 4212 1811 4290; baseline -0.006 -17"><span class='ocrx_word' id='word_1_487' title='bbox 215 4226 410 4290; x_wconf 81' lang='lat' dir='ltr'><strong>genter</strong></span> <span class='ocrx_word' id='word_1_488' title='bbox 438 4214 498 4270; x_wconf 90' lang='lat' dir='ltr'><strong>in</strong></span> <span class='ocrx_word' id='word_1_489' title='bbox 534 4214 677 4271; x_wconf 90' lang='lat' dir='ltr'><strong>lecto</strong></span> <span class='ocrx_word' id='word_1_490' title='bbox 711 4229 815 4270; x_wconf 92' lang='lat' dir='ltr'><strong>suo</strong></span> <span class='ocrx_word' id='word_1_491' title='bbox 857 4212 1172 4281; x_wconf 89' lang='lat' dir='ltr'><strong>collocavit;</strong></span> <span class='ocrx_word' id='word_1_492' title='bbox 1207 4226 1373 4284; x_wconf 89' lang='lat' dir='ltr'><strong>quem</strong></span> <span class='ocrx_word' id='word_1_493' title='bbox 1413 4225 1540 4267; x_wconf 91' lang='lat' dir='ltr'><strong>cum</strong></span> <span class='ocrx_word' id='word_1_494' title='bbox 1567 4218 1811 4266; x_wconf 85' lang='lat' dir='ltr'><strong>reserato</strong></span> 
     </span>
    </p>
   </div>
   <div class='ocr_carea' id='block_1_74' title="bbox 216 4296 1814 4378">
    <p class='ocr_par' dir='ltr' id='par_1_74' title="bbox 216 4296 1814 4378">
     <span class='ocr_line' id='line_1_74' title="bbox 216 4296 1814 4378; baseline -0.004 -14"><span class='ocrx_word' id='word_1_495' title='bbox 216 4309 361 4364; x_wconf 87' lang='lat' dir='ltr'><strong>ostio</strong></span> <span class='ocrx_word' id='word_1_496' title='bbox 387 4296 503 4363; x_wconf 90' lang='lat' dir='ltr'><strong>non</strong></span> <span class='ocrx_word' id='word_1_497' title='bbox 539 4305 859 4374; x_wconf 85' lang='lat' dir='ltr'><strong>invenisset,</strong></span> <span class='ocrx_word' id='word_1_498' title='bbox 892 4306 949 4362; x_wconf 93' lang='lat' dir='ltr'><strong>in</strong></span> <span class='ocrx_word' id='word_1_499' title='bbox 976 4319 1218 4378; x_wconf 90' lang='lat' dir='ltr'><strong>paupere</strong></span> <span class='ocrx_word' id='word_1_500' title='bbox 1248 4319 1308 4361; x_wconf 88' lang='lat' dir='ltr'><strong>se</strong></span> <span class='ocrx_word' id='word_1_501' title='bbox 1325 4301 1607 4359; x_wconf 88' lang='lat' dir='ltr'><strong>Christum</strong></span> <span class='ocrx_word' id='word_1_502' title='bbox 1630 4315 1814 4358; x_wconf 88' lang='lat' dir='ltr'><strong>susce-</strong></span> 
     </span>
    </p>
   </div>
   <div class='ocr_carea' id='block_1_75' title="bbox 218 4395 704 4473">
    <p class='ocr_par' dir='ltr' id='par_1_75' title="bbox 218 4395 704 4473">
     <span class='ocr_line' id='line_1_75' title="bbox 218 4395 704 4473; baseline 0.004 -18"><span class='ocrx_word' id='word_1_503' title='bbox 218 4402 365 4473; x_wconf 84' lang='lat' dir='ltr'><strong>pisse</strong></span> <span class='ocrx_word' id='word_1_504' title='bbox 394 4395 704 4472; x_wconf 72' lang='lat' dir='ltr'><strong>obstupuit.</strong></span> 
     </span>
    </p>
   </div>
   <div class='ocr_carea' id='block_1_76' title="bbox 290 4486 1597 4563">
    <p class='ocr_par' dir='ltr' id='par_1_76' title="bbox 290 4486 1597 4563">
     <span class='ocr_line' id='line_1_76' title="bbox 290 4486 1597 4563; baseline -0.004 -16"><span class='ocrx_word' id='word_1_505' title='bbox 290 4493 456 4549; x_wconf 71' lang='lat'><strong>1019.</strong></span> <span class='ocrx_word' id='word_1_506' title='bbox 512 4490 724 4563; x_wconf 81' lang='lat'><strong>(1050.)</strong></span> <span class='ocrx_word' id='word_1_507' title='bbox 982 4488 1070 4546; x_wconf 92' lang='lat'><strong>10.</strong></span> <span class='ocrx_word' id='word_1_508' title='bbox 1326 4488 1415 4544; x_wconf 93' lang='lat'><strong>18.</strong></span> <span class='ocrx_word' id='word_1_509' title='bbox 1457 4486 1597 4559; x_wconf 89' lang='lat'><strong>(19.)</strong></span> 
     </span>
    </p>
   </div>
   <div class='ocr_carea' id='block_1_77' title="bbox 289 4578 1814 4655">
    <p class='ocr_par' dir='ltr' id='par_1_77' title="bbox 289 4578 1814 4655">
     <span class='ocr_line' id='line_1_77' title="bbox 289 4578 1814 4655; baseline -0.003 -14"><span class='ocrx_word' id='word_1_510' title='bbox 289 4584 406 4641; x_wconf 88' lang='lat' dir='ltr'><strong>Leo</strong></span> <span class='ocrx_word' id='word_1_511' title='bbox 427 4599 570 4655; x_wconf 86' lang='lat' dir='ltr'><strong>papa</strong></span> <span class='ocrx_word' id='word_1_512' title='bbox 595 4582 651 4639; x_wconf 91' lang='lat' dir='ltr'><strong>in</strong></span> <span class='ocrx_word' id='word_1_513' title='bbox 694 4580 898 4640; x_wconf 86' lang='lat' dir='ltr'><strong>Gallias</strong></span> <span class='ocrx_word' id='word_1_514' title='bbox 933 4581 1182 4648; x_wconf 85' lang='lat' dir='ltr'><strong>veniens,</strong></span> <span class='ocrx_word' id='word_1_515' title='bbox 1224 4590 1284 4638; x_wconf 87' lang='lat' dir='ltr'><strong>ut</strong></span> <span class='ocrx_word' id='word_1_516' title='bbox 1318 4589 1503 4637; x_wconf 89' lang='lat' dir='ltr'><strong>motus</strong></span> <span class='ocrx_word' id='word_1_517' title='bbox 1537 4578 1750 4649; x_wconf 86' lang='lat' dir='ltr'><strong>imperii</strong></span> <span class='ocrx_word' id='word_1_518' title='bbox 1780 4594 1814 4636; x_wconf 86' lang='lat' dir='ltr'><strong>a</strong></span> 
     </span>
    </p>
   </div>
   <div class='ocr_carea' id='block_1_78' title="bbox 220 4666 1812 4740">
    <p class='ocr_par' dir='ltr' id='par_1_78' title="bbox 220 4666 1812 4740">
     <span class='ocr_line' id='line_1_78' title="bbox 220 4666 1812 4740; baseline -0.004 -9"><span class='ocrx_word' id='word_1_519' title='bbox 220 4675 496 4731; x_wconf 90' lang='lat' dir='ltr'><strong>Balduino</strong></span> <span class='ocrx_word' id='word_1_520' title='bbox 535 4685 589 4732; x_wconf 90' lang='lat' dir='ltr'><strong>et</strong></span> <span class='ocrx_word' id='word_1_521' title='bbox 616 4673 909 4731; x_wconf 82' lang='lat' dir='ltr'><strong>Godel‘rido</strong></span> <span class='ocrx_word' id='word_1_522' title='bbox 938 4675 1243 4731; x_wconf 87' lang='lat' dir='ltr'><strong>concitatos</strong></span> <span class='ocrx_word' id='word_1_523' title='bbox 1285 4673 1519 4740; x_wconf 86' lang='lat' dir='ltr'><strong>sedaret,</strong></span> <span class='ocrx_word' id='word_1_524' title='bbox 1561 4666 1812 4727; x_wconf 88' lang='lat' dir='ltr'><strong>Godcfri-</strong></span> 
     </span>
    </p>
   </div>
   <div class='ocr_carea' id='block_1_79' title="bbox 223 4760 1813 4840">
    <p class='ocr_par' dir='ltr' id='par_1_79' title="bbox 223 4760 1813 4840">
     <span class='ocr_line' id='line_1_79' title="bbox 223 4760 1813 4840; baseline -0.007 -14"><span class='ocrx_word' id='word_1_525' title='bbox 223 4769 356 4826; x_wconf 89' lang='lat' dir='ltr'><strong>dum</strong></span> <span class='ocrx_word' id='word_1_526' title='bbox 400 4767 629 4840; x_wconf 87' lang='lat' dir='ltr'><strong>quidem</strong></span> <span class='ocrx_word' id='word_1_527' title='bbox 670 4767 988 4838; x_wconf 86' lang='lat' dir='ltr'><strong>imperatori</strong></span> <span class='ocrx_word' id='word_1_528' title='bbox 1037 4765 1442 4832; x_wconf 78' lang='lat' dir='ltr'><strong>reconciliavit;</strong></span> <span class='ocrx_word' id='word_1_529' title='bbox 1497 4762 1586 4835; x_wconf 87' lang='lat' dir='ltr'><strong>(A.</strong></span> <span class='ocrx_word' id='word_1_530' title='bbox 1622 4760 1813 4833; x_wconf 87' lang='lat' dir='ltr'><strong>Leod.)</strong></span> 
     </span>
    </p>
   </div>
   <div class='ocr_carea' id='block_1_80' title="bbox 186 4855 1816 4936">
    <p class='ocr_par' dir='ltr' id='par_1_80' title="bbox 186 4855 1816 4936">
     <span class='ocr_line' id='line_1_80' title="bbox 186 4855 1816 4936; baseline -0.006 -17"><span class='ocrx_word' id='word_1_531' title='bbox 186 4908 195 4919; x_wconf 94' lang='lat'><strong>.</strong></span> <span class='ocrx_word' id='word_1_532' title='bbox 226 4861 501 4920; x_wconf 86' lang='lat' dir='ltr'><strong>Balduino</strong></span> <span class='ocrx_word' id='word_1_533' title='bbox 526 4861 861 4936; x_wconf 90' lang='lat' dir='ltr'><strong>pertinacius</strong></span> <span class='ocrx_word' id='word_1_534' title='bbox 886 4868 1098 4931; x_wconf 81' lang='lat' dir='ltr'><strong>agente,</strong></span> <span class='ocrx_word' id='word_1_535' title='bbox 1126 4868 1319 4916; x_wconf 88' lang='lat' dir='ltr'><strong>contra</strong></span> <span class='ocrx_word' id='word_1_536' title='bbox 1355 4872 1483 4914; x_wconf 89' lang='lat' dir='ltr'><strong>eum</strong></span> <span class='ocrx_word' id='word_1_537' title='bbox 1519 4855 1816 4927; x_wconf 89' lang='lat' dir='ltr'><strong>imperator</strong></span> 
     </span>
    </p>
   </div>
   <div class='ocr_carea' id='block_1_81' title="bbox 1898 3199 3486 3274">
    <p class='ocr_par' dir='ltr' id='par_1_81' title="bbox 1898 3199 3486 3274">
     <span class='ocr_line' id='line_1_81' title="bbox 1898 3199 3486 3274; baseline -0.005 -13"><span class='ocrx_word' id='word_1_538' title='bbox 1898 3203 2014 3261; x_wconf 92' lang='lat' dir='ltr'><strong>rico</strong></span> <span class='ocrx_word' id='word_1_539' title='bbox 2037 3201 2322 3271; x_wconf 88' lang='lat' dir='ltr'><strong>dissentit;</strong></span> <span class='ocrx_word' id='word_1_540' title='bbox 2355 3217 2455 3274; x_wconf 91' lang='lat' dir='ltr'><strong>pro</strong></span> <span class='ocrx_word' id='word_1_541' title='bbox 2496 3218 2608 3274; x_wconf 92' lang='lat' dir='ltr'><strong>quo</strong></span> <span class='ocrx_word' id='word_1_542' title='bbox 2651 3202 3055 3261; x_wconf 85' lang='lat' dir='ltr'><strong>reconciliando</strong></span> <span class='ocrx_word' id='word_1_543' title='bbox 3096 3201 3208 3258; x_wconf 88' lang='lat' dir='ltr'><strong>Leo</strong></span> <span class='ocrx_word' id='word_1_544' title='bbox 3251 3215 3388 3272; x_wconf 87' lang='lat' dir='ltr'><strong>papa</strong></span> <span class='ocrx_word' id='word_1_545' title='bbox 3419 3199 3486 3254; x_wconf 86' lang='lat' dir='ltr'><strong>ad</strong></span> 
     </span>
    </p>
   </div>
   <div class='ocr_carea' id='block_1_82' title="bbox 1900 3292 3487 3365">
    <p class='ocr_par' dir='ltr' id='par_1_82' title="bbox 1900 3292 3487 3365">
     <span class='ocr_line' id='line_1_82' title="bbox 1900 3292 3487 3365; baseline -0.003 -14"><span class='ocrx_word' id='word_1_546' title='bbox 1900 3295 2285 3365; x_wconf 87' lang='lat' dir='ltr'><strong>imperatorem</strong></span> <span class='ocrx_word' id='word_1_547' title='bbox 2321 3294 2499 3363; x_wconf 86' lang='lat' dir='ltr'><strong>venit;</strong></span> <span class='ocrx_word' id='word_1_548' title='bbox 2549 3295 2645 3352; x_wconf 87' lang='lat' dir='ltr'><strong>sed</strong></span> <span class='ocrx_word' id='word_1_549' title='bbox 2674 3295 2870 3353; x_wconf 88' lang='lat' dir='ltr'><strong>amicis</strong></span> <span class='ocrx_word' id='word_1_550' title='bbox 2903 3292 3194 3352; x_wconf 65' lang='lat' dir='ltr'><strong>discordia:</strong></span> <span class='ocrx_word' id='word_1_551' title='bbox 3225 3292 3487 3349; x_wconf 82' lang='lat' dir='ltr'><strong>intertur—</strong></span> 
     </span>
    </p>
   </div>
   <div class='ocr_carea' id='block_1_83' title="bbox 1900 3383 3487 3459">
    <p class='ocr_par' dir='ltr' id='par_1_83' title="bbox 1900 3383 3487 3459">
     <span class='ocr_line' id='line_1_83' title="bbox 1900 3383 3487 3459; baseline -0.003 -18"><span class='ocrx_word' id='word_1_552' title='bbox 1900 3385 2178 3452; x_wconf 89' lang='lat' dir='ltr'><strong>bantibus,</strong></span> <span class='ocrx_word' id='word_1_553' title='bbox 2203 3384 2257 3441; x_wconf 92' lang='lat' dir='ltr'><strong>id</strong></span> <span class='ocrx_word' id='word_1_554' title='bbox 2286 3383 2496 3443; x_wconf 84' lang='lat' dir='ltr'><strong>frustra</strong></span> <span class='ocrx_word' id='word_1_555' title='bbox 2525 3385 2646 3441; x_wconf 87' lang='lat' dir='ltr'><strong>fuit.</strong></span> <span class='ocrx_word' id='word_1_556' title='bbox 2678 3385 2790 3443; x_wconf 91' lang='lat' dir='ltr'><strong>Leo</strong></span> <span class='ocrx_word' id='word_1_557' title='bbox 2817 3402 2954 3459; x_wconf 91' lang='lat' dir='ltr'><strong>papa</strong></span> <span class='ocrx_word' id='word_1_558' title='bbox 2986 3385 3311 3454; x_wconf 83' lang='lat' dir='ltr'><strong>Gerardum,</strong></span> <span class='ocrx_word' id='word_1_559' title='bbox 3342 3383 3487 3439; x_wconf 84' lang='lat' dir='ltr'><strong>Len-</strong></span> 
     </span>
    </p>
   </div>
   <div class='ocr_carea' id='block_1_84' title="bbox 1902 3476 3491 3548">
    <p class='ocr_par' dir='ltr' id='par_1_84' title="bbox 1902 3476 3491 3548">
     <span class='ocr_line' id='line_1_84' title="bbox 1902 3476 3491 3548; baseline -0.001 -14"><span class='ocrx_word' id='word_1_560' title='bbox 1902 3492 2093 3534; x_wconf 89' lang='lat' dir='ltr'><strong>corum</strong></span> <span class='ocrx_word' id='word_1_561' title='bbox 2123 3492 2291 3548; x_wconf 86' lang='lat' dir='ltr'><strong>supra</strong></span> <span class='ocrx_word' id='word_1_562' title='bbox 2321 3492 2382 3533; x_wconf 90' lang='lat' dir='ltr'><strong>se</strong></span> <span class='ocrx_word' id='word_1_563' title='bbox 2409 3477 2665 3547; x_wconf 89' lang='lat' dir='ltr'><strong>quintum</strong></span> <span class='ocrx_word' id='word_1_564' title='bbox 2697 3478 3014 3548; x_wconf 87' lang='lat' dir='ltr'><strong>episcopum</strong></span> <span class='ocrx_word' id='word_1_565' title='bbox 3047 3478 3338 3535; x_wconf 87' lang='lat' dir='ltr'><strong>sanctitate</strong></span> <span class='ocrx_word' id='word_1_566' title='bbox 3367 3476 3491 3532; x_wconf 63' lang='lat' dir='ltr'><strong>vita</strong></span> 
     </span>
    </p>
   </div>
   <div class='ocr_carea' id='block_1_85' title="bbox 1903 3566 3491 3642">
    <p class='ocr_par' dir='ltr' id='par_1_85' title="bbox 1903 3566 3491 3642">
     <span class='ocr_line' id='line_1_85' title="bbox 1903 3566 3491 3642; baseline -0.001 -17"><span class='ocrx_word' id='word_1_567' title='bbox 1903 3568 2235 3637; x_wconf 89' lang='lat' dir='ltr'><strong>mirabilem,</strong></span> <span class='ocrx_word' id='word_1_568' title='bbox 2265 3566 2489 3642; x_wconf 70' lang='lat' dir='ltr'><strong>synod.</strong></span> <span class='ocrx_word' id='word_1_569' title='bbox 2506 3569 2693 3624; x_wconf 90' lang='lat' dir='ltr'><strong>habita</strong></span> <span class='ocrx_word' id='word_1_570' title='bbox 2736 3585 2833 3640; x_wconf 91' lang='lat' dir='ltr'><strong>per</strong></span> <span class='ocrx_word' id='word_1_571' title='bbox 2860 3570 3246 3626; x_wconf 87' lang='lat' dir='ltr'><strong>auctoritatem</strong></span> <span class='ocrx_word' id='word_1_572' title='bbox 3264 3576 3491 3641; x_wconf 61' lang='lat' dir='ltr'><strong>apostoo</strong></span> 
     </span>
    </p>
   </div>
   <div class='ocr_carea' id='block_1_86' title="bbox 1904 3661 3491 3721">
    <p class='ocr_par' dir='ltr' id='par_1_86' title="bbox 1904 3661 3491 3721">
     <span class='ocr_line' id='line_1_86' title="bbox 1904 3661 3491 3721; baseline -0.001 -4"><span class='ocrx_word' id='word_1_573' title='bbox 1904 3662 2067 3718; x_wconf 89' lang='lat' dir='ltr'><strong>licam</strong></span> <span class='ocrx_word' id='word_1_574' title='bbox 2094 3661 2341 3718; x_wconf 82' lang='lat' dir='ltr'><strong>decrevit</strong></span> <span class='ocrx_word' id='word_1_575' title='bbox 2365 3661 2423 3716; x_wconf 92' lang='lat' dir='ltr'><strong>in</strong></span> <span class='ocrx_word' id='word_1_576' title='bbox 2445 3676 2737 3721; x_wconf 87' lang='lat' dir='ltr'><strong>numerum</strong></span> <span class='ocrx_word' id='word_1_577' title='bbox 2764 3670 3085 3719; x_wconf 86' lang='lat' dir='ltr'><strong>sanctorum</strong></span> <span class='ocrx_word' id='word_1_578' title='bbox 3104 3661 3491 3718; x_wconf 71' lang='lat' dir='ltr'><strong>confessorun</strong></span> 
     </span>
    </p>
   </div>
   <div class='ocr_carea' id='block_1_87' title="bbox 1906 3753 2939 3811">
    <p class='ocr_par' dir='ltr' id='par_1_87' title="bbox 1906 3753 2939 3811">
     <span class='ocr_line' id='line_1_87' title="bbox 1906 3753 2939 3811; baseline -0.001 -1"><span class='ocrx_word' id='word_1_579' title='bbox 1906 3753 1961 3810; x_wconf 89' lang='lat' dir='ltr'><strong>in</strong></span> <span class='ocrx_word' id='word_1_580' title='bbox 1996 3753 2243 3811; x_wconf 55' lang='lat' dir='ltr'><strong>accelesia</strong></span> <span class='ocrx_word' id='word_1_581' title='bbox 2267 3753 2582 3811; x_wconf 81' lang='lat' dir='ltr'><strong>solemniter</strong></span> <span class='ocrx_word' id='word_1_582' title='bbox 2605 3754 2939 3811; x_wconf 87' lang='lat' dir='ltr'><strong>habendum.</strong></span> 
     </span>
    </p>
   </div>
   <div class='ocr_carea' id='block_1_88' title="bbox 1962 3834 3275 3916">
    <p class='ocr_par' dir='ltr' id='par_1_88' title="bbox 1962 3834 3275 3916">
     <span class='ocr_line' id='line_1_88' title="bbox 1962 3834 3275 3916; baseline 0 -16"><span class='ocrx_word' id='word_1_583' title='bbox 1962 3834 2140 3901; x_wconf 74' lang='lat'><strong>‘1055.</strong></span> <span class='ocrx_word' id='word_1_584' title='bbox 2182 3900 2185 3903; x_wconf 82' lang='grc'><strong>,</strong></span> <span class='ocrx_word' id='word_1_585' title='bbox 2628 3844 2719 3900; x_wconf 70' lang='grc'>14.</span> <span class='ocrx_word' id='word_1_586' title='bbox 3005 3844 3096 3901; x_wconf 85' lang='grc'><strong>22.</strong></span> <span class='ocrx_word' id='word_1_587' title='bbox 3134 3842 3275 3916; x_wconf 74' lang='lat'><strong>(25.)</strong></span> 
     </span>
    </p>
   </div>
   <div class='ocr_carea' id='block_1_89' title="bbox 1906 3930 3499 4009">
    <p class='ocr_par' dir='ltr' id='par_1_89' title="bbox 1906 3930 3499 4009">
     <span class='ocr_line' id='line_1_89' title="bbox 1906 3930 3499 4009; baseline -0.002 -20"><span class='ocrx_word' id='word_1_588' title='bbox 1906 3998 1916 4009; x_wconf 38' lang='lat'><em>.</em></span> <span class='ocrx_word' id='word_1_589' title='bbox 1978 3934 2068 4007; x_wconf 80' lang='grc' dir='ltr'>(Α.</span> <span class='ocrx_word' id='word_1_590' title='bbox 2098 3933 2290 4008; x_wconf 81' lang='lat' dir='ltr'><strong>Leod.)</strong></span> <span class='ocrx_word' id='word_1_591' title='bbox 2333 3934 2637 3992; x_wconf 90' lang='lat' dir='ltr'><strong>Balduinus</strong></span> <span class='ocrx_word' id='word_1_592' title='bbox 2681 3949 2866 3991; x_wconf 89' lang='lat' dir='ltr'><strong>comes</strong></span> <span class='ocrx_word' id='word_1_593' title='bbox 2905 3934 3173 3991; x_wconf 83' lang='lat' dir='ltr'><strong>terminos</strong></span> <span class='ocrx_word' id='word_1_594' title='bbox 3211 3930 3499 3989; x_wconf 81' lang='lat' dir='ltr'><strong>Lotharin-</strong></span> 
     </span>
    </p>
   </div>
   <div class='ocr_carea' id='block_1_90' title="bbox 1909 4024 3497 4099">
    <p class='ocr_par' dir='ltr' id='par_1_90' title="bbox 1909 4024 3497 4099">
     <span class='ocr_line' id='line_1_90' title="bbox 1909 4024 3497 4099; baseline -0.002 -17"><span class='ocrx_word' id='word_1_595' title='bbox 1909 4027 2012 4099; x_wconf 67' lang='lat' dir='ltr'><strong>giae</strong></span> <span class='ocrx_word' id='word_1_596' title='bbox 2038 4027 2353 4097; x_wconf 90' lang='lat' dir='ltr'><strong>incursans,</strong></span> <span class='ocrx_word' id='word_1_597' title='bbox 2382 4025 2583 4084; x_wconf 73' lang='lat' dir='ltr'><strong>tioium</strong></span> <span class='ocrx_word' id='word_1_598' title='bbox 2615 4026 2839 4097; x_wconf 87' lang='lat' dir='ltr'><strong>opidum</strong></span> <span class='ocrx_word' id='word_1_599' title='bbox 2869 4026 3131 4085; x_wconf 86' lang='lat' dir='ltr'><strong>incendit.</strong></span> <span class='ocrx_word' id='word_1_600' title='bbox 3166 4024 3497 4082; x_wconf 84' lang='lat' dir='ltr'><strong>Godefridus</strong></span> 
     </span>
    </p>
   </div>
   <div class='ocr_carea' id='block_1_91' title="bbox 1910 4117 3499 4191">
    <p class='ocr_par' dir='ltr' id='par_1_91' title="bbox 1910 4117 3499 4191">
     <span class='ocr_line' id='line_1_91' title="bbox 1910 4117 3499 4191; baseline -0.002 -17"><span class='ocrx_word' id='word_1_601' title='bbox 1910 4118 2112 4175; x_wconf 89' lang='lat' dir='ltr'><strong>iterum</strong></span> <span class='ocrx_word' id='word_1_602' title='bbox 2143 4119 2392 4184; x_wconf 89' lang='lat' dir='ltr'><strong>rebellat,</strong></span> <span class='ocrx_word' id='word_1_603' title='bbox 2446 4119 2577 4191; x_wconf 86' lang='lat' dir='ltr'><strong>quia</strong></span> <span class='ocrx_word' id='word_1_604' title='bbox 2612 4119 2783 4176; x_wconf 87' lang='lat' dir='ltr'><strong>ducta</strong></span> <span class='ocrx_word' id='word_1_605' title='bbox 2824 4135 2998 4176; x_wconf 78' lang='lat' dir='ltr'><strong>uxore</strong></span> <span class='ocrx_word' id='word_1_606' title='bbox 3039 4117 3318 4175; x_wconf 87' lang='lat' dir='ltr'><strong>Bonefacii</strong></span> <span class='ocrx_word' id='word_1_607' title='bbox 3351 4132 3499 4172; x_wconf 81' lang='lat' dir='ltr'><strong>mar-</strong></span> 
     </span>
    </p>
   </div>
   <div class='ocr_carea' id='block_1_92' title="bbox 1909 4210 3494 4285">
    <p class='ocr_par' dir='ltr' id='par_1_92' title="bbox 1909 4210 3494 4285">
     <span class='ocr_line' id='line_1_92' title="bbox 1909 4210 3494 4285; baseline -0.003 -16"><span class='ocrx_word' id='word_1_608' title='bbox 1909 4211 2148 4281; x_wconf 87' lang='lat' dir='ltr'><strong>chionis,</strong></span> <span class='ocrx_word' id='word_1_609' title='bbox 2168 4211 2331 4284; x_wconf 83' lang='lat' dir='ltr'><strong>jussu</strong></span> <span class='ocrx_word' id='word_1_610' title='bbox 2350 4211 2700 4283; x_wconf 83' lang='lat' dir='ltr'><strong>imperatoris</strong></span> <span class='ocrx_word' id='word_1_611' title='bbox 2720 4228 2750 4269; x_wconf 89' lang='lat' dir='ltr'><strong>a</strong></span> <span class='ocrx_word' id='word_1_612' title='bbox 2768 4210 3146 4285; x_wconf 82' lang='lat' dir='ltr'><strong>Langobardia</strong></span> <span class='ocrx_word' id='word_1_613' title='bbox 3165 4210 3494 4267; x_wconf 82' lang='lat' dir='ltr'><strong>excluditur.</strong></span> 
     </span>
    </p>
   </div>
   <div class='ocr_carea' id='block_1_93' title="bbox 1912 4301 3509 4377">
    <p class='ocr_par' dir='ltr' id='par_1_93' title="bbox 1912 4301 3509 4377">
     <span class='ocr_line' id='line_1_93' title="bbox 1912 4301 3509 4377; baseline -0.001 -19"><span class='ocrx_word' id='word_1_614' title='bbox 1912 4302 2137 4377; x_wconf 78' lang='grc'>(1101111.)</span> <span class='ocrx_word' id='word_1_615' title='bbox 2165 4303 2356 4360; x_wconf 87' lang='lat' dir='ltr'><strong>Grecis</strong></span> <span class='ocrx_word' id='word_1_616' title='bbox 2398 4304 2455 4359; x_wconf 92' lang='lat' dir='ltr'><strong>in</strong></span> <span class='ocrx_word' id='word_1_617' title='bbox 2479 4304 2718 4361; x_wconf 89' lang='lat' dir='ltr'><strong>heresim</strong></span> <span class='ocrx_word' id='word_1_618' title='bbox 2744 4304 3140 4360; x_wconf 87' lang='lat' dir='ltr'><strong>multiformem</strong></span> <span class='ocrx_word' id='word_1_619' title='bbox 3173 4301 3509 4369; x_wconf 43' lang='lat' dir='ltr'><strong>declinanti:</strong></span> 
     </span>
    </p>
   </div>
   <div class='ocr_carea' id='block_1_94' title="bbox 1910 4393 3501 4468">
    <p class='ocr_par' dir='ltr' id='par_1_94' title="bbox 1910 4393 3501 4468">
     <span class='ocr_line' id='line_1_94' title="bbox 1910 4393 3501 4468; baseline -0.004 -15"><span class='ocrx_word' id='word_1_620' title='bbox 1910 4397 2037 4466; x_wconf 90' lang='lat' dir='ltr'><strong>bus,</strong></span> <span class='ocrx_word' id='word_1_621' title='bbox 2078 4404 2303 4454; x_wconf 89' lang='lat' dir='ltr'><strong>auctore</strong></span> <span class='ocrx_word' id='word_1_622' title='bbox 2347 4395 2611 4453; x_wconf 87' lang='lat' dir='ltr'><strong>Michaele</strong></span> <span class='ocrx_word' id='word_1_623' title='bbox 2650 4397 2963 4468; x_wconf 81' lang='lat' dir='ltr'><strong>patriarcha</strong></span> <span class='ocrx_word' id='word_1_624' title='bbox 3000 4393 3501 4464; x_wconf 85' lang='lat' dir='ltr'><strong>Constantinopoli-</strong></span> 
     </span>
    </p>
   </div>
   <div class='ocr_carea' id='block_1_95' title="bbox 1839 4487 3500 4565">
    <p class='ocr_par' dir='ltr' id='par_1_95' title="bbox 1839 4487 3500 4565">
     <span class='ocr_line' id='line_1_95' title="bbox 1839 4487 3500 4565; baseline -0.002 -20"><span class='ocrx_word' id='word_1_625' title='bbox 1839 4503 1887 4565; x_wconf 85' lang='grc' dir='ltr'>ι)</span> <span class='ocrx_word' id='word_1_626' title='bbox 1911 4498 2042 4545; x_wconf 87' lang='lat' dir='ltr'><strong>tano</strong></span> <span class='ocrx_word' id='word_1_627' title='bbox 2077 4497 2134 4545; x_wconf 91' lang='lat' dir='ltr'><strong>et</strong></span> <span class='ocrx_word' id='word_1_628' title='bbox 2175 4487 2362 4545; x_wconf 87' lang='lat' dir='ltr'><strong>Leone</strong></span> <span class='ocrx_word' id='word_1_629' title='bbox 2404 4487 2682 4546; x_wconf 83' lang='lat' dir='ltr'><strong>Acridano</strong></span> <span class='ocrx_word' id='word_1_630' title='bbox 2716 4488 3013 4561; x_wconf 84' lang='lat' dir='ltr'><strong>Bulgarum</strong></span> <span class='ocrx_word' id='word_1_631' title='bbox 3062 4487 3500 4559; x_wconf 75' lang='lat' dir='ltr'><strong>archiepiseOpo,</strong></span> 
     </span>
    </p>
   </div>
   <div class='ocr_carea' id='block_1_96' title="bbox 1919 4579 3504 4652">
    <p class='ocr_par' dir='ltr' id='par_1_96' title="bbox 1919 4579 3504 4652">
     <span class='ocr_line' id='line_1_96' title="bbox 1919 4579 3504 4652; baseline -0.003 -15"><span class='ocrx_word' id='word_1_632' title='bbox 1919 4580 2030 4637; x_wconf 89' lang='lat' dir='ltr'><strong>Leo</strong></span> <span class='ocrx_word' id='word_1_633' title='bbox 2066 4596 2206 4652; x_wconf 86' lang='lat' dir='ltr'><strong>papa</strong></span> <span class='ocrx_word' id='word_1_634' title='bbox 2226 4595 2443 4637; x_wconf 90' lang='lat' dir='ltr'><strong>errores</strong></span> <span class='ocrx_word' id='word_1_635' title='bbox 2466 4595 2657 4635; x_wconf 89' lang='lat' dir='ltr'><strong>eorum</strong></span> <span class='ocrx_word' id='word_1_636' title='bbox 2692 4581 3049 4652; x_wconf 87' lang='lat' dir='ltr'><strong>redarguens,</strong></span> <span class='ocrx_word' id='word_1_637' title='bbox 3077 4579 3268 4637; x_wconf 87' lang='lat' dir='ltr'><strong>scribit</strong></span> <span class='ocrx_word' id='word_1_638' title='bbox 3309 4588 3504 4636; x_wconf 86' lang='lat' dir='ltr'><strong>contra</strong></span> 
     </span>
    </p>
   </div>
   <div class='ocr_carea' id='block_1_97' title="bbox 1918 4672 3505 4743">
    <p class='ocr_par' dir='ltr' id='par_1_97' title="bbox 1918 4672 3505 4743">
     <span class='ocr_line' id='line_1_97' title="bbox 1918 4672 3505 4743; baseline -0.003 -11"><span class='ocrx_word' id='word_1_639' title='bbox 1918 4689 2015 4732; x_wconf 88' lang='lat' dir='ltr'><strong>eos</strong></span> <span class='ocrx_word' id='word_1_640' title='bbox 2049 4673 2251 4731; x_wconf 90' lang='lat' dir='ltr'><strong>librum</strong></span> <span class='ocrx_word' id='word_1_641' title='bbox 2277 4672 2453 4730; x_wconf 81' lang='lat' dir='ltr'><strong>firmis</strong></span> <span class='ocrx_word' id='word_1_642' title='bbox 2480 4672 2878 4743; x_wconf 88' lang='lat' dir='ltr'><strong>scripturarum</strong></span> <span class='ocrx_word' id='word_1_643' title='bbox 2902 4673 3232 4730; x_wconf 88' lang='lat' dir='ltr'><strong>testimoniis</strong></span> <span class='ocrx_word' id='word_1_644' title='bbox 3277 4672 3505 4728; x_wconf 86' lang='lat' dir='ltr'><strong>robora-</strong></span> 
     </span>
    </p>
   </div>
   <div class='ocr_carea' id='block_1_98' title="bbox 1918 4764 3504 4837">
    <p class='ocr_par' dir='ltr' id='par_1_98' title="bbox 1918 4764 3504 4837">
     <span class='ocr_line' id='line_1_98' title="bbox 1918 4764 3504 4837; baseline -0.002 -17"><span class='ocrx_word' id='word_1_645' title='bbox 1918 4773 2057 4821; x_wconf 87' lang='lat' dir='ltr'><strong>tum.</strong></span> <span class='ocrx_word' id='word_1_646' title='bbox 2081 4764 2299 4821; x_wconf 86' lang='lat' dir='ltr'><strong>Nicetas</strong></span> <span class='ocrx_word' id='word_1_647' title='bbox 2325 4765 2493 4820; x_wconf 89' lang='lat' dir='ltr'><strong>etiam</strong></span> <span class='ocrx_word' id='word_1_648' title='bbox 2516 4765 2824 4837; x_wconf 85' lang='lat' dir='ltr'><strong>monachus</strong></span> <span class='ocrx_word' id='word_1_649' title='bbox 2844 4764 3504 4834; x_wconf 88' lang='lat' dir='ltr'><strong>Constantinopolitanus,</strong></span> 
     </span>
    </p>
   </div>
   <div class='ocr_carea' id='block_1_99' title="bbox 1922 4853 3509 4929">
    <p class='ocr_par' dir='ltr' id='par_1_99' title="bbox 1922 4853 3509 4929">
     <span class='ocr_line' id='line_1_99' title="bbox 1922 4853 3509 4929; baseline -0.003 -17"><span class='ocrx_word' id='word_1_650' title='bbox 1922 4857 2016 4928; x_wconf 92' lang='lat' dir='ltr'><strong>qui</strong></span> <span class='ocrx_word' id='word_1_651' title='bbox 2043 4856 2504 4929; x_wconf 84' lang='lat' dir='ltr'><strong>agnominabatur</strong></span> <span class='ocrx_word' id='word_1_652' title='bbox 2535 4855 2879 4925; x_wconf 90' lang='lat' dir='ltr'><strong>Pectoratus,</strong></span> <span class='ocrx_word' id='word_1_653' title='bbox 2921 4857 3139 4929; x_wconf 90' lang='lat' dir='ltr'><strong>scripsit</strong></span> <span class='ocrx_word' id='word_1_654' title='bbox 3172 4866 3364 4913; x_wconf 83' lang='lat' dir='ltr'><strong>contra</strong></span> <span class='ocrx_word' id='word_1_655' title='bbox 3399 4853 3509 4908; x_wconf 90' lang='lat' dir='ltr'><strong>Ro-</strong></span> 
     </span>
    </p>
   </div>
   <div class='ocr_carea' id='block_1_100' title="bbox 1493 4968 2867 5027">
    <p class='ocr_par' dir='ltr' id='par_1_100' title="bbox 1493 4968 2867 5027">
     <span class='ocr_line' id='line_1_100' title="bbox 1493 4968 2867 5027; baseline -0.004 0"><span class='ocrx_word' id='word_1_656' title='bbox 1493 4997 1509 5014; x_wconf 78' lang='grc' dir='ltr'><em>ι</em></span> <span class='ocrx_word' id='word_1_657' title='bbox 1539 4968 1777 5027; x_wconf 72' lang='lat' dir='ltr'><strong>VARl/E</strong></span> <span class='ocrx_word' id='word_1_658' title='bbox 1816 4968 2221 5027; x_wconf 79' lang='lat' dir='ltr'><strong>LECTIONES.</strong></span> <span class='ocrx_word' id='word_1_659' title='bbox 2859 5017 2867 5021; x_wconf 73' lang='lat'><strong>.</strong></span> 
     </span>
    </p>
   </div>
   <div class='ocr_carea' id='block_1_101' title="bbox 304 5048 3096 5138">
    <p class='ocr_par' dir='ltr' id='par_1_101' title="bbox 304 5048 3096 5138">
     <span class='ocr_line' id='line_1_101' title="bbox 304 5048 3096 5138; baseline -0.005 -11"><span class='ocrx_word' id='word_1_660' title='bbox 304 5070 377 5103; x_wconf 80' lang='grc'><strong>⁸³³</strong></span> <span class='ocrx_word' id='word_1_661' title='bbox 397 5068 689 5126; x_wconf 82' lang='lat' dir='ltr'><strong>Adebbero</strong></span> <span class='ocrx_word' id='word_1_662' title='bbox 720 5067 771 5122; x_wconf 93' lang='grc'><strong>1.</strong></span> <span class='ocrx_word' id='word_1_663' title='bbox 800 5064 901 5122; x_wconf 77' lang='lat' dir='ltr'><strong>F5.</strong></span> <span class='ocrx_word' id='word_1_664' title='bbox 979 5064 1049 5098; x_wconf 68' lang='grc'><strong>’³⁸</strong></span> <span class='ocrx_word' id='word_1_665' title='bbox 1074 5062 1196 5121; x_wconf 77' lang='lat' dir='ltr'><strong>Viri</strong></span> <span class='ocrx_word' id='word_1_666' title='bbox 1225 5095 1295 5105; x_wconf 94' lang='lat'><strong>—</strong></span> <span class='ocrx_word' id='word_1_667' title='bbox 1312 5048 1523 5138; x_wconf 76' lang='lat' dir='ltr'><strong>optinet</strong></span> <span class='ocrx_word' id='word_1_668' title='bbox 1546 5061 1735 5116; x_wconf 78' lang='lat' dir='ltr'><strong>desunt</strong></span> <span class='ocrx_word' id='word_1_669' title='bbox 1762 5058 1827 5116; x_wconf 85' lang='grc' dir='ltr'><strong>Ι).</strong></span> <span class='ocrx_word' id='word_1_670' title='bbox 1904 5062 1976 5094; x_wconf 75' lang='grc'><strong>⁸³⁸</strong></span> <span class='ocrx_word' id='word_1_671' title='bbox 2007 5070 2176 5116; x_wconf 84' lang='lat' dir='ltr'><strong>totum</strong></span> <span class='ocrx_word' id='word_1_672' title='bbox 2202 5074 2400 5117; x_wconf 78' lang='lat' dir='ltr'><strong>annum</strong></span> <span class='ocrx_word' id='word_1_673' title='bbox 2424 5059 2745 5131; x_wconf 70' lang='lat' dir='ltr'><strong>praeedenti</strong></span> <span class='ocrx_word' id='word_1_674' title='bbox 2763 5058 2947 5131; x_wconf 80' lang='lat' dir='ltr'><strong>jungit</strong></span> <span class='ocrx_word' id='word_1_675' title='bbox 2979 5058 3096 5114; x_wconf 76' lang='lat'><strong>83’.</strong></span> 
     </span>
    </p>
   </div>
   <div class='ocr_carea' id='block_1_102' title="bbox 1737 5154 1968 5212">
    <p class='ocr_par' dir='ltr' id='par_1_102' title="bbox 1737 5154 1968 5212">
     <span class='ocr_line' id='line_1_102' title="bbox 1737 5154 1968 5212; baseline 0.004 -2"><span class='ocrx_word' id='word_1_676' title='bbox 1737 5154 1968 5212; x_wconf 69' lang='grc' dir='ltr'>ΝΟΤΛΕ.</span> 
     </span>
    </p>
   </div>
   <div class='ocr_carea' id='block_1_103' title="bbox 302 5244 817 5318">
    <p class='ocr_par' dir='ltr' id='par_1_103' title="bbox 302 5244 817 5318">
     <span class='ocr_line' id='line_1_103' title="bbox 302 5244 817 5318; baseline -0.004 -15"><span class='ocrx_word' id='word_1_677' title='bbox 302 5247 458 5318; x_wconf 77' lang='lat' dir='ltr'><strong>(2st)</strong></span> <span class='ocrx_word' id='word_1_678' title='bbox 488 5246 551 5318; x_wconf 79' lang='lat' dir='ltr'><strong>n.</strong></span> <span class='ocrx_word' id='word_1_679' title='bbox 568 5245 675 5318; x_wconf 63' lang='lat' dir='ltr'><strong>2s</strong></span> <span class='ocrx_word' id='word_1_680' title='bbox 690 5244 817 5301; x_wconf 91' lang='lat' dir='ltr'><strong>Dec.</strong></span> 
     </span>
    </p>
   </div>
   <div class='ocr_carea' id='block_1_104' title="bbox 331 5313 1223 5389">
    <p class='ocr_par' dir='ltr' id='par_1_104' title="bbox 331 5313 1223 5389">
     <span class='ocr_line' id='line_1_104' title="bbox 331 5313 1223 5389; baseline -0.006 -15"><span class='ocrx_word' id='word_1_681' title='bbox 331 5313 461 5389; x_wconf 87' lang='lat'><strong>255)</strong></span> <span class='ocrx_word' id='word_1_682' title='bbox 489 5316 790 5389; x_wconf 69' lang='lat' dir='ltr'><strong>Balduinus</strong></span> <span class='ocrx_word' id='word_1_683' title='bbox 818 5314 886 5382; x_wconf 73' lang='grc' dir='ltr'>γ,</span> <span class='ocrx_word' id='word_1_684' title='bbox 912 5313 1223 5389; x_wconf 70' lang='lat' dir='ltr'><strong>Insulanus.</strong></span> 
     </span>
    </p>
   </div>
   <div class='ocr_carea' id='block_1_105' title="bbox 333 5381 1820 5456">
    <p class='ocr_par' dir='ltr' id='par_1_105' title="bbox 333 5381 1820 5456">
     <span class='ocr_line' id='line_1_105' title="bbox 333 5381 1820 5456; baseline -0.003 -14"><span class='ocrx_word' id='word_1_685' title='bbox 333 5381 466 5456; x_wconf 85' lang='lat'><strong>256)</strong></span> <span class='ocrx_word' id='word_1_686' title='bbox 493 5381 878 5443; x_wconf 82' lang='lat' dir='ltr'><strong>Consecratus</strong></span> <span class='ocrx_word' id='word_1_687' title='bbox 914 5386 969 5441; x_wconf 90' lang='lat' dir='ltr'><strong>d.</strong></span> <span class='ocrx_word' id='word_1_688' title='bbox 1030 5383 1096 5439; x_wconf 87' lang='lat' dir='ltr'><strong>l7</strong></span> <span class='ocrx_word' id='word_1_689' title='bbox 1129 5382 1423 5440; x_wconf 68' lang='lat' dir='ltr'><strong>Jul.1048.</strong></span> <span class='ocrx_word' id='word_1_690' title='bbox 1473 5382 1729 5439; x_wconf 88' lang='lat' dir='ltr'><strong>Clemens</strong></span> <span class='ocrx_word' id='word_1_691' title='bbox 1776 5381 1820 5437; x_wconf 90' lang='lat' dir='ltr'><strong>ll</strong></span> 
     </span>
    </p>
   </div>
   <div class='ocr_carea' id='block_1_106' title="bbox 237 5456 917 5514">
    <p class='ocr_par' dir='ltr' id='par_1_106' title="bbox 237 5456 917 5514">
     <span class='ocr_line' id='line_1_106' title="bbox 237 5456 917 5514; baseline -0.001 -2"><span class='ocrx_word' id='word_1_692' title='bbox 237 5456 451 5514; x_wconf 90' lang='lat' dir='ltr'><strong>obierat</strong></span> <span class='ocrx_word' id='word_1_693' title='bbox 471 5458 526 5513; x_wconf 91' lang='lat' dir='ltr'><strong>d.</strong></span> <span class='ocrx_word' id='word_1_694' title='bbox 557 5457 592 5514; x_wconf 90' lang='lat'><strong>9</strong></span> <span class='ocrx_word' id='word_1_695' title='bbox 610 5456 730 5512; x_wconf 90' lang='lat' dir='ltr'><strong>Oct.</strong></span> <span class='ocrx_word' id='word_1_696' title='bbox 759 5456 917 5511; x_wconf 74' lang='grc'>1017.</span> 
     </span>
    </p>
   </div>
   <div class='ocr_carea' id='block_1_107' title="bbox 338 5526 945 5599">
    <p class='ocr_par' dir='ltr' id='par_1_107' title="bbox 338 5526 945 5599">
     <span class='ocr_line' id='line_1_107' title="bbox 338 5526 945 5599; baseline 0 0"><span class='ocrx_word' id='word_1_697' title='bbox 338 5528 467 5599; x_wconf 75' lang='lat'><strong>257)</strong></span> <span class='ocrx_word' id='word_1_698' title='bbox 491 5527 554 5599; x_wconf 70' lang='lat'><strong>0.</strong></span> <span class='ocrx_word' id='word_1_699' title='bbox 579 5527 651 5599; x_wconf 64' lang='grc' dir='ltr'><strong>ει</strong></span> <span class='ocrx_word' id='word_1_700' title='bbox 668 5526 945 5599; x_wconf 56' lang='grc' dir='ltr'><strong>ροιοιφςίεε</strong></span> 
     </span>
    </p>
   </div>
   <div class='ocr_carea' id='block_1_108' title="bbox 337 5596 977 5655">
    <p class='ocr_par' dir='ltr' id='par_1_108' title="bbox 337 5596 977 5655">
     <span class='ocr_line' id='line_1_108' title="bbox 337 5596 977 5655; baseline -0.002 -3"><span class='ocrx_word' id='word_1_701' title='bbox 337 5596 465 5655; x_wconf 78' lang='lat'><strong>258)</strong></span> <span class='ocrx_word' id='word_1_702' title='bbox 503 5596 622 5653; x_wconf 82' lang='lat' dir='ltr'><strong>Kal.</strong></span> <span class='ocrx_word' id='word_1_703' title='bbox 662 5596 784 5652; x_wconf 81' lang='lat' dir='ltr'><strong>Jan.</strong></span> <span class='ocrx_word' id='word_1_704' title='bbox 817 5596 977 5651; x_wconf 75' lang='grc'>1049.</span> 
     </span>
    </p>
   </div>
   <div class='ocr_carea' id='block_1_109' title="bbox 334 5665 1009 5735">
    <p class='ocr_par' dir='ltr' id='par_1_109' title="bbox 334 5665 1009 5735">
     <span class='ocr_line' id='line_1_109' title="bbox 334 5665 1009 5735; baseline -0.003 -13"><span class='ocrx_word' id='word_1_705' title='bbox 334 5665 462 5735; x_wconf 82' lang='lat'><strong>259)</strong></span> <span class='ocrx_word' id='word_1_706' title='bbox 487 5667 563 5735; x_wconf 72' lang='grc' dir='ltr'>Ι).</span> <span class='ocrx_word' id='word_1_707' title='bbox 596 5668 662 5722; x_wconf 83' lang='lat' dir='ltr'><strong>l6</strong></span> <span class='ocrx_word' id='word_1_708' title='bbox 686 5665 814 5722; x_wconf 84' lang='lat' dir='ltr'><strong>Jun.</strong></span> <span class='ocrx_word' id='word_1_709' title='bbox 850 5666 1009 5721; x_wconf 67' lang='lat' dir='ltr'><strong>10l8.</strong></span> 
     </span>
    </p>
   </div>
   <div class='ocr_carea' id='block_1_110' title="bbox 315 5736 950 5877">
    <p class='ocr_par' dir='ltr' id='par_1_110' title="bbox 315 5736 950 5877">
     <span class='ocr_line' id='line_1_110' title="bbox 315 5736 950 5877; baseline 0.002 -86"><span class='ocrx_word' id='word_1_710' title='bbox 315 5736 465 5877; x_wconf 50' lang='grc' dir='ltr'>(ἔξω</span> <span class='ocrx_word' id='word_1_711' title='bbox 506 5738 628 5793; x_wconf 84' lang='lat'><strong>0.3</strong></span> <span class='ocrx_word' id='word_1_712' title='bbox 653 5736 763 5792; x_wconf 83' lang='lat' dir='ltr'><strong>Jul.</strong></span> <span class='ocrx_word' id='word_1_713' title='bbox 792 5736 950 5792; x_wconf 82' lang='lat'><strong>1018.</strong></span> 
     </span>
     <span class='ocr_line' id='line_1_111' title="bbox 389 5807 950 5877; baseline -0.004 -13"><span class='ocrx_word' id='word_1_714' title='bbox 389 5809 465 5877; x_wconf 70' lang='grc'>»1)</span> <span class='ocrx_word' id='word_1_715' title='bbox 504 5809 565 5864; x_wconf 90' lang='grc'><strong>1).</strong></span> <span class='ocrx_word' id='word_1_716' title='bbox 603 5810 669 5864; x_wconf 73' lang='lat'><strong>11</strong></span> <span class='ocrx_word' id='word_1_717' title='bbox 691 5807 797 5864; x_wconf 82' lang='lat' dir='ltr'><strong>Jul.</strong></span> <span class='ocrx_word' id='word_1_718' title='bbox 833 5808 950 5863; x_wconf 72' lang='lat'><strong>1011</strong></span> 
     </span>
    </p>
   </div>
   <div class='ocr_carea' id='block_1_111' title="bbox 340 5807 986 5880">
    <p class='ocr_par' dir='ltr' id='par_1_111' title="bbox 340 5807 986 5880">
     <span class='ocr_line' id='line_1_112' title="bbox 340 5807 986 5880; baseline -0.003 -16"><span class='ocrx_word' id='word_1_719' title='bbox 340 5807 465 5880; x_wconf 79' lang='lat'><strong>201)</strong></span> <span class='ocrx_word' id='word_1_720' title='bbox 504 5809 565 5864; x_wconf 90' lang='grc'><strong>1).</strong></span> <span class='ocrx_word' id='word_1_721' title='bbox 603 5807 797 5864; x_wconf 65' lang='lat'><strong>11.1111.</strong></span> <span class='ocrx_word' id='word_1_722' title='bbox 833 5808 986 5863; x_wconf 82' lang='grc'>1018.</span> 
     </span>
    </p>
   </div>
   <div class='ocr_carea' id='block_1_112' title="bbox 1996 5235 3511 5365">
    <p class='ocr_par' dir='ltr' id='par_1_112' title="bbox 1996 5235 3511 5365">
     <span class='ocr_line' id='line_1_113' title="bbox 1996 5235 3511 5365; baseline -0.009 -62"><span class='ocrx_word' id='word_1_723' title='bbox 1996 5244 2149 5329; x_wconf 85' lang='lat'><strong>(26_2)</strong></span> <span class='ocrx_word' id='word_1_724' title='bbox 2189 5242 2289 5299; x_wconf 75' lang='lat' dir='ltr'><strong>Vel</strong></span> <span class='ocrx_word' id='word_1_725' title='bbox 2325 5241 2508 5365; x_wconf 62' lang='lat' dir='ltr'><strong>potius</strong></span> <span class='ocrx_word' id='word_1_726' title='bbox 2537 5239 2803 5309; x_wconf 88' lang='lat' dir='ltr'><strong>ablatum,</strong></span> <span class='ocrx_word' id='word_1_727' title='bbox 2837 5248 2979 5324; x_wconf 74' lang='lat' dir='ltr'><strong>teste</strong></span> <span class='ocrx_word' id='word_1_728' title='bbox 3020 5238 3356 5296; x_wconf 80' lang='lat' dir='ltr'><strong>Herimanno</strong></span> <span class='ocrx_word' id='word_1_729' title='bbox 3395 5235 3511 5291; x_wconf 82' lang='lat' dir='ltr'><strong>Au-</strong></span> 
     </span>
     <span class='ocr_line' id='line_1_114' title="bbox 1996 5307 3511 5365; baseline -0.002 0"><span class='ocrx_word' id='word_1_730' title='bbox 1996 5333 2104 5365; x_wconf 66' lang='lat' dir='ltr'><strong>ansi</strong></span> <span class='ocrx_word' id='word_1_731' title='bbox 2134 5331 2188 5365; x_wconf 84' lang='lat' dir='ltr'><strong>a.</strong></span> <span class='ocrx_word' id='word_1_732' title='bbox 2218 5312 2322 5365; x_wconf 69' lang='grc'>104</span> <span class='ocrx_word' id='word_1_733' title='bbox 2364 5354 2382 5365; x_wconf 90' lang='grc'><strong>.</strong></span> <span class='ocrx_word' id='word_1_734' title='bbox 2410 5327 2561 5365; x_wconf 73' lang='lat' dir='ltr'><strong>curus</strong></span> <span class='ocrx_word' id='word_1_735' title='bbox 2603 5311 2858 5365; x_wconf 82' lang='lat' dir='ltr'><strong>ducatum</strong></span> <span class='ocrx_word' id='word_1_736' title='bbox 2879 5318 3190 5365; x_wconf 83' lang='lat' dir='ltr'><strong>‘mmerator</strong></span> <span class='ocrx_word' id='word_1_737' title='bbox 3226 5307 3511 5363; x_wconf 80' lang='lat' dir='ltr'><strong>Adalberta</strong></span> 
     </span>
    </p>
   </div>
   <div class='ocr_carea' id='block_1_113' title="bbox 1923 5307 3515 5389">
    <p class='ocr_par' dir='ltr' id='par_1_113' title="bbox 1923 5307 3515 5389">
     <span class='ocr_line' id='line_1_115' title="bbox 1923 5307 3515 5389; baseline -0.008 -15"><span class='ocrx_word' id='word_1_738' title='bbox 1923 5307 2105 5389; x_wconf 73' lang='lat' dir='ltr'><strong>giensi</strong></span> <span class='ocrx_word' id='word_1_739' title='bbox 2130 5307 2188 5371; x_wconf 80' lang='lat' dir='ltr'><strong>a.</strong></span> <span class='ocrx_word' id='word_1_740' title='bbox 2218 5307 2382 5389; x_wconf 56' lang='lat' dir='ltr'><strong>10f],</strong></span> <span class='ocrx_word' id='word_1_741' title='bbox 2410 5312 2561 5389; x_wconf 68' lang='lat' dir='ltr'><strong>cujus</strong></span> <span class='ocrx_word' id='word_1_742' title='bbox 2603 5307 3190 5389; x_wconf 45' lang='lat' dir='ltr'><strong>ducatumjjmperator</strong></span> <span class='ocrx_word' id='word_1_743' title='bbox 3226 5307 3515 5386; x_wconf 69' lang='lat' dir='ltr'><strong>Adalberta</strong></span> 
     </span>
    </p>
   </div>
   <div class='ocr_carea' id='block_1_114' title="bbox 1924 5381 3245 5451">
    <p class='ocr_par' dir='ltr' id='par_1_114' title="bbox 1924 5381 3245 5451">
     <span class='ocr_line' id='line_1_116' title="bbox 1924 5381 3245 5451; baseline -0.006 -8"><span class='ocrx_word' id='word_1_744' title='bbox 1924 5381 2147 5443; x_wconf 67' lang='lat' dir='ltr'><strong>cuidam</strong></span> <span class='ocrx_word' id='word_1_745' title='bbox 2176 5383 2382 5449; x_wconf 80' lang='lat' dir='ltr'><strong>tradit;</strong></span> <span class='ocrx_word' id='word_1_746' title='bbox 2412 5381 2484 5437; x_wconf 86' lang='lat' dir='ltr'><strong>cf.</strong></span> <span class='ocrx_word' id='word_1_747' title='bbox 2512 5381 2727 5439; x_wconf 84' lang='lat' dir='ltr'><strong>Stenzel</strong></span> <span class='ocrx_word' id='word_1_748' title='bbox 2757 5398 2819 5451; x_wconf 87' lang='grc'><strong>11,</strong></span> <span class='ocrx_word' id='word_1_749' title='bbox 2855 5381 2984 5437; x_wconf 78' lang='grc'>118.</span> <span class='ocrx_word' id='word_1_750' title='bbox 3240 5381 3245 5386; x_wconf 85' lang='grc'><strong>’</strong></span> 
     </span>
    </p>
   </div>
   <div class='ocr_carea' id='block_1_115' title="bbox 2004 5451 2649 5531">
    <p class='ocr_par' dir='ltr' id='par_1_115' title="bbox 2004 5451 2649 5531">
     <span class='ocr_line' id='line_1_117' title="bbox 2004 5451 2649 5531; baseline -0.011 -18"><span class='ocrx_word' id='word_1_751' title='bbox 2004 5456 2155 5531; x_wconf 69' lang='grc'>(265)</span> <span class='ocrx_word' id='word_1_752' title='bbox 2192 5453 2381 5531; x_wconf 53' lang='lat' dir='ltr'><strong>blense</strong></span> <span class='ocrx_word' id='word_1_753' title='bbox 2406 5451 2649 5531; x_wconf 76' lang='lat' dir='ltr'><strong>Octobri.</strong></span> 
     </span>
    </p>
   </div>
   <div class='ocr_carea' id='block_1_116' title="bbox 2026 5519 3109 5593">
    <p class='ocr_par' dir='ltr' id='par_1_116' title="bbox 2026 5519 3109 5593">
     <span class='ocr_line' id='line_1_118' title="bbox 2026 5519 3109 5593; baseline -0.006 -11"><span class='ocrx_word' id='word_1_754' title='bbox 2026 5519 2156 5593; x_wconf 78' lang='grc'>264)</span> <span class='ocrx_word' id='word_1_755' title='bbox 2191 5525 2562 5593; x_wconf 80' lang='lat' dir='ltr'><strong>Consecratus</strong></span> <span class='ocrx_word' id='word_1_756' title='bbox 2586 5522 2641 5576; x_wconf 93' lang='lat' dir='ltr'><strong>d.</strong></span> <span class='ocrx_word' id='word_1_757' title='bbox 2675 5522 2744 5577; x_wconf 85' lang='lat' dir='ltr'><strong>l2</strong></span> <span class='ocrx_word' id='word_1_758' title='bbox 2764 5520 2922 5577; x_wconf 87' lang='lat' dir='ltr'><strong>Febr.</strong></span> <span class='ocrx_word' id='word_1_759' title='bbox 2953 5519 3109 5593; x_wconf 77' lang='grc'>1049.</span> 
     </span>
    </p>
   </div>
   <div class='ocr_carea' id='block_1_117' title="bbox 1958 5592 3197 5668">
    <p class='ocr_par' dir='ltr' id='par_1_117' title="bbox 1958 5592 3197 5668">
     <span class='ocr_line' id='line_1_119' title="bbox 1958 5592 3197 5668; baseline -0.005 -16"><span class='ocrx_word' id='word_1_760' title='bbox 1958 5597 1964 5604; x_wconf 88' lang='grc'><strong>’</strong></span> <span class='ocrx_word' id='word_1_761' title='bbox 2010 5592 2163 5668; x_wconf 84' lang='grc'>(265)</span> <span class='ocrx_word' id='word_1_762' title='bbox 2200 5592 2685 5668; x_wconf 35' lang='grc' dir='ltr'>ῥίψῃ-111111).ῃῷ</span> <span class='ocrx_word' id='word_1_763' title='bbox 3194 5604 3197 5609; x_wconf 55' lang='grc' dir='ltr'><strong><em>λ</em></strong></span> 
     </span>
    </p>
   </div>
   <div class='ocr_carea' id='block_1_118' title="bbox 2033 5660 2709 5722">
    <p class='ocr_par' dir='ltr' id='par_1_118' title="bbox 2033 5660 2709 5722">
     <span class='ocr_line' id='line_1_120' title="bbox 2033 5660 2709 5722; baseline -0.012 0"><span class='ocrx_word' id='word_1_764' title='bbox 2033 5660 2163 5722; x_wconf 82' lang='lat'><strong>266)</strong></span> <span class='ocrx_word' id='word_1_765' title='bbox 2202 5665 2266 5721; x_wconf 83' lang='lat' dir='ltr'><strong>D.</strong></span> <span class='ocrx_word' id='word_1_766' title='bbox 2297 5665 2365 5720; x_wconf 87' lang='grc'><strong>18</strong></span> <span class='ocrx_word' id='word_1_767' title='bbox 2390 5661 2517 5720; x_wconf 77' lang='lat' dir='ltr'><strong>Jun.</strong></span> <span class='ocrx_word' id='word_1_768' title='bbox 2550 5660 2709 5716; x_wconf 81' lang='grc'>1052.</span> 
     </span>
    </p>
   </div>
   <div class='ocr_carea' id='block_1_119' title="bbox 2011 5669 2724 5809">
    <p class='ocr_par' dir='ltr' id='par_1_119' title="bbox 2011 5669 2724 5809">
     <span class='ocr_line' id='line_1_121' title="bbox 2033 5669 2709 5722; baseline -0.012 0"><span class='ocrx_word' id='word_1_769' title='bbox 2033 5669 2141 5722; x_wconf 90' lang='grc'><strong>266</strong></span> <span class='ocrx_word' id='word_1_770' title='bbox 2202 5669 2266 5721; x_wconf 87' lang='grc'><strong>1).</strong></span> <span class='ocrx_word' id='word_1_771' title='bbox 2297 5669 2365 5720; x_wconf 90' lang='grc'><strong>18</strong></span> <span class='ocrx_word' id='word_1_772' title='bbox 2390 5669 2517 5720; x_wconf 82' lang='lat' dir='ltr'><strong>Jun.</strong></span> <span class='ocrx_word' id='word_1_773' title='bbox 2550 5669 2709 5716; x_wconf 83' lang='lat'><strong>1052.</strong></span> 
     </span>
     <span class='ocr_line' id='line_1_122' title="bbox 2011 5669 2724 5809; baseline -0.008 -18"><span class='ocrx_word' id='word_1_774' title='bbox 2011 5669 2163 5809; x_wconf 51' lang='grc'>(207)</span> <span class='ocrx_word' id='word_1_775' title='bbox 2203 5735 2301 5791; x_wconf 88' lang='lat' dir='ltr'><strong>Die</strong></span> <span class='ocrx_word' id='word_1_776' title='bbox 2331 5735 2390 5790; x_wconf 96' lang='lat'><strong>11</strong></span> <span class='ocrx_word' id='word_1_777' title='bbox 2418 5732 2544 5789; x_wconf 83' lang='lat' dir='ltr'><strong>Jun.</strong></span> <span class='ocrx_word' id='word_1_778' title='bbox 2576 5731 2724 5786; x_wconf 84' lang='lat'><strong>1051.</strong></span> 
     </span>
    </p>
   </div>
  </div>
