3914 6314
429 360 525 414 211

1597 367 1957 423 SIGEBERTI
1997 367 2520 424 GEMBIACENSIS

3569 380 3681 436 212

431 487 624 526 manos
664 472 862 529 librum
895 473 1114 544 plenum
1150 475 1354 530 erroris
1399 484 1451 530 et
1493 475 1752 542 stultitiae,
1784 478 2008 547 pretitu-
2037 479 2083 534 A
2110 478 2406 545 transiens,
2453 479 2635 534 omnia
2681 479 3065 551 depopulatur;
3113 491 3168 540 et
3206 485 3430 558 insuper
3476 492 3701 559 apertis

430 566 639 620 latum:
691 565 768 621 De
822 566 1030 633 Azimo,
1079 568 1143 622 de
1190 567 1430 633 sabbato,
1474 569 1538 623 de
1585 571 1782 638 nuptiis
1833 586 2007 623 sacer-

429 658 630 711 dotum.
1653 663 1667 677 ⁸

504 749 660 804 1651.
925 749 991 805 n.
1033 751 1119 805 15.
1379 750 1438 805 F.
1480 752 1570 806 23.
1614 752 1751 822 (21.)

499 841 517 909 (
527 839 634 908 Ib.)
663 837 772 895 Leo
785 855 920 910 papa
947 857 1040 910 per
1059 841 1343 911 epistolam
1372 843 1439 897 ad
1462 838 1841 913 imperatorem
1863 843 2006 899 Con—

425 930 726 984 stantinum
743 931 998 1001 scriptam
1019 932 1395 1003 animum‘ejus
1415 933 1517 988 sibi
1535 934 1851 1000 concilians,
1870 950 1996 1005 apo-

423 1020 703 1076 crisiarios
728 1037 877 1086 suos,
903 1021 1257 1078 Humbertum
1283 1025 1530 1079 videlicet
1547 1025 1874 1080 cardinalem
1893 1027 2007 1096 epi-

422 1126 650 1180 scopum
679 1110 838 1167 Silva:
858 1115 1104 1169 candidae
1127 1114 1295 1186 (268),
1320 1115 1538 1171 Petrum
1557 1117 2004 1173 Amalﬁtanorum

421 1202 914 1274 archiepiscopum,
952 1204 1288 1261 Fridericum
1313 1221 1531 1276 quoque
1556 1208 1845 1277 septimum
1875 1208 2006 1262 levi-

423 1302 534 1347 tam
577 1303 632 1349 et
672 1295 1090 1364 cancellarium,
1143 1297 1670 1367 Constantinopolim
1716 1298 1901 1369 dirigit
1936 1299 2004 1354 ad

421 1384 784 1442 eonfutandas
825 1385 1125 1443 Grecorum
1168 1389 1418 1456 hereses,
1465 1389 1561 1460 qui
1614 1399 1674 1444 ut
1720 1389 2004 1445 simoniaei

422 1477 628 1532 donum
651 1477 747 1534 Dei
781 1479 1111 1547 vendebant,
1147 1489 1208 1536 ut
1232 1479 1434 1536 Valesii
1467 1481 1710 1551 hospites
1745 1497 1875 1536 suos
1906 1497 2002 1537 ca-

422 1577 624 1625 stratos
651 1571 815 1627 etiam
854 1573 921 1628 ad
966 1574 1337 1644 episcopatum
1374 1573 1781 1646 promovebant,
1812 1582 1869 1628 ut
1896 1573 2000 1628 Ar-

420 1662 564 1715 riani
605 1663 1017 1734 rebaptizabant
1055 1664 1282 1722 Latinos
1328 1664 1631 1736 baptizatos
1675 1664 1730 1718 in
1781 1663 2002 1718 nomine

420 1763 623 1810 sanctae
661 1755 965 1822 Trinitatis,
999 1766 1058 1812 ut
1100 1756 1395 1812 Donatistae
1434 1757 1489 1811 in
1514 1757 1630 1812 sola
1678 1755 1869 1812 Grecia
1904 1769 1997 1810 or-

418 1845 714 1900 thodoxam
745 1861 866 1902 esse
909 1847 1212 1925 incelesiam
1255 1848 1556 1918 jactabant,
1595 1856 1656 1903 ut
1682 1846 1999 1903 Nicholaita:

417 1936 634 2005 nuptias
661 1938 1037 1994 sacerdotibus
1066 1939 1455 2006 concedebant,
1479 1947 1540 1994 ut
1566 1939 1844 1994 Severiani
1875 1956 1994 1994 ma-

415 2027 668 2081 ledictum
697 2027 944 2083 dicebant
983 2029 1155 2100 legem
1185 2029 1378 2102 Moysi,
1418 2038 1478 2084 ut
1510 2029 1999 2101 Pneumathomagi

415 2117 814 2188 professionem
844 2119 1081 2190 Spiritus
1104 2123 1278 2178 sancti
1303 2138 1333 2176 a
1360 2121 1593 2177 simholo
1625 2122 1994 2189 abscidebant,

414 2221 476 2266 ut
512 2210 775 2269 Nazareni
799 2212 1144 2270 Judaismum
1173 2214 1555 2270 observabant.
1584 2213 1848 2269 Parvulos
1871 2229 1994 2268 mo-

415 2303 616 2358 rientes
661 2313 784 2358 ante
833 2314 1085 2361 octavum
1135 2321 1166 2360 a
1209 2304 1490 2361 nativitate
1521 2305 1664 2360 diem
1707 2304 1992 2374 baptizari,

411 2395 668 2450 mulieres
701 2396 755 2450 in
785 2407 944 2467 partu
973 2399 1056 2453 vel
1087 2407 1368 2454 menstruo
1390 2397 1724 2468 periclitatas
1750 2412 1995 2452 commu-

407 2488 604 2554 nicari,
647 2490 729 2543 vel
775 2489 820 2544 si
847 2505 1072 2561 pagana:
1097 2499 1279 2547 essent
1303 2491 1568 2560 baptizari
1599 2489 1992 2560 prohibebant;

411 2580 636 2637 Latinos
691 2583 962 2638 vocabant
1008 2584 1295 2651 Azimitas,
1347 2592 1403 2638 et
1457 2599 1552 2639 eos
1593 2584 1759 2640 nimis
1811 2599 1994 2655 perse-

409 2682 669 2746 quentes,
685 2690 876 2729 eorum
901 2676 1178 2732 aecclesias
1199 2676 1551 2744 claudebant;
1580 2677 1647 2732 de
1670 2675 1993 2732 fermentato

411 2765 823 2835 sacriﬁcabant;
850 2767 910 2822 in
929 2767 1056 2824 ﬁliis
1085 2768 1202 2824 suis
1227 2767 1529 2825 Romanam
1555 2769 1838 2825 ecclesiam
1857 2784 1991 2824 ana-

409 2855 860 2924 thematizabant,
899 2859 1062 2931 eique
1111 2861 1400 2916 ecclesiam
1438 2859 1992 2930 Constantinopolita-

411 2963 536 3002 nam
562 2951 950 3019 preponebant.
987 2951 1071 3006 Ab
1115 2952 1442 3024 imperatore
1475 2967 1603 3024 ergo
1635 2951 1864 3024 benigne
1895 2953 1992 3006 ha-

2109 569 2212 624 sibi
2237 569 2504 626 Clausulae
2539 570 2688 642 (270)
2717 572 2909 643 portis,
2942 575 3166 631 multam
3196 579 3396 634 caedem
3420 580 3681 637 inimiw—

2110 677 2228 715 rum
2258 660 2414 729 facit;
2456 670 2510 717 et
2539 663 2678 718 ultra
2727 679 3072 736 progressus,
3107 667 3460 725 Lantbertum
3504 673 3688 727 comi-

2107 759 2215 806 tem
2239 752 2387 824 (271)
2417 753 2667 810 Balduini
2705 756 2990 813 satellitem
3028 774 3154 814 cum
3184 761 3370 817 multis
3416 763 3682 832 perimit;

2107 841 2306 897 multos
2351 843 2515 898 etiam
2567 843 2986 902 Flandrensium
3059 849 3320 919 primates
3373 853 3685 908 exercitum

2108 947 2268 987 suum
2310 944 2701 1005 prosequentes
2737 937 3012 993 concludit
3048 939 3190 995 intra
3227 942 3417 996 urbem
3468 941 3687 998 Torna-

2107 1042 2252 1094 cum,
2301 1039 2356 1084 et
2405 1031 2659 1088 obsessos
2711 1033 2857 1104 capit
2915 1033 3108 1106 (Mam)
3165 1034 3275 1091 Leo
3317 1052 3458 1107 papa
3503 1037 3684 1092 mori-

2105 1127 2194 1172 tur
2225 1118 2392 1189 (272).

2175 1212 2332 1268 1655.
2705 1217 2791 1272 16.
3075 1220 3166 1274 21.
3209 1220 3344 1291 (25.)

2174 1303 2530 1362 Gebahardus
2561 1306 2896 1365 Eistedensis
2921 1309 3231 1381 episcopus,
3261 1312 3436 1382 quiet
3467 1310 3684 1377 Victor,

2105 1397 2362 1456 Romana:
2395 1403 2654 1479 ecclesiae
2685 1404 2843 1460 1491³³⁵
2873 1406 3110 1475 presidet
3137 1407 3308 1478 (275).
3340 1408 3506 1462 Auno
3533 1408 3687 1462 ordi-

2104 1500 2265 1546 natur
2290 1491 2531 1549 Coloniaa
2575 1495 3020 1566 archiepiscopus
3051 1497 3222 1567 (274).
3254 1497 3593 1568 lmperatore
3629 1499 3687 1553 in

2103 1578 2253 1636 Italia
2290 1583 2606 1652 constituto,
2645 1584 2844 1642 milites
2875 1586 2994 1656 ejus
3039 1585 3246 1642 Sclavis
3287 1595 3341 1642 et
3383 1585 3688 1642 Lutitianis

2101 1675 2243 1730 bello
2295 1677 2593 1748 congressi,
2638 1678 2791 1742 multi
2838 1678 3128 1748 capiuntur
3176 1687 3270 1734 aut
3307 1679 3686 1748 perimuntur.

2103 1763 2399 1821 Balduinus
2447 1766 2796 1823 Flandrensis
2837 1782 2960 1823 cum
3009 1767 3301 1824 Godefrido
3341 1769 3687 1824 avunculum

2100 1871 2259 1910 suum
2306 1855 2874 1924 Fridericumducem
2922 1859 3063 1913 intra
3097 1860 3484 1930 Andoverpum
3535 1859 3691 1915 obsi-

2098 1949 2207 2016 det,
2243 1949 2339 2005 sed
2385 1950 2836 2006 concurrentibus
2877 1949 3247 2021 Lotharingis,
3296 1951 3364 2006 ab
3401 1966 3688 2021 Oppugna-

2099 2043 2248 2098 tionc
2283 2041 2515 2097 desistit.
2548 2041 2719 2112 Cujus
2758 2041 2936 2097 meriti
2981 2040 3092 2097 Leo
3133 2058 3271 2113 papa
3303 2057 3483 2097 nonus
3529 2043 3688 2111 apud

2095 2132 2266 2188 Deum
2318 2133 2504 2202 fuerit,
2553 2132 2766 2190 cunctis
2804 2132 2998 2204 patuit,
3025 2148 3148 2187 cum
3187 2133 3372 2187 multis
3394 2133 3459 2187 ad
3493 2134 3688 2202 sepul-

2096 2243 2250 2282 crum
2287 2226 2408 2298 ejus
2443 2226 2628 2284 Romae
2656 2226 2936 2283 miraculis
2962 2223 3197 2282 ostensis
3228 2222 3370 2281 Deus
3396 2240 3524 2281 eum
3565 2225 3690 2281 cla—

2097 2318 2345 2374 riﬁcavit.

2168 2410 2327 2466 1056.
2671 2411 2758 2466 17.
3080 2409 3184 2465 25.
3213 2409 3350 2480 (26.)

2171 2501 2358 2557 Victor
2379 2518 2518 2574 papa
2544 2503 2598 2556 in
2626 2501 2828 2558 Gallias
2860 2500 3103 2568 veniens,
3133 2501 3364 2572 gloriose
3392 2501 3460 2556 ab
3495 2501 3686 2572 impe-

2094 2601 2276 2666 ratore
2323 2593 2646 2664 suscipitur;
2698 2592 2785 2665 (A.
2811 2591 2997 2662 Leod.)
3042 2601 3096 2646 et
3133 2607 3199 2647 eo
3246 2602 3523 2662 presente,
3563 2608 3684 2646 non

2095 2684 2267 2739 multo
2299 2693 2422 2754 post
2461 2684 2756 2754 imperator
2796 2681 3084 2738 Ileinricus
3125 2683 3357 2738 moritur
3403 2683 3578 2752 (275),
3627 2693 3688 2740 et

2093 2784 2218 2845 post
2244 2790 2370 2830 eum
2412 2775 2556 2830 illius
2580 2775 2700 2846 ejus
2728 2772 3017 2829 Heinricus
3046 2773 3274 2844 imperat
3301 2775 3459 2830 annis
3481 2774 3552 2830 50
3580 2775 3682 2828 '3‘.

2169 2867 2327 2922 1657.
2706 2867 2757 2920 1.
3079 2864 3170 2919 26.
3211 2865 3348 2935 (27.)

2161 2957 2402 3014 Colonia:
2429 2957 2666 3029 generali
2713 2965 2979 3014 conventu
3018 2957 3203 3012 habito
3233 2956 3402 3027 (276),
3446 2956 3683 3012 Baldui-

411 3039 529 3106 biti,
564 3038 808 3096 Nioetam
853 3044 1184 3098 monachum
1214 3052 1342 3099 ante
1380 3059 1506 3098 eum
1543 3043 1810 3108 vicerunt,
1854 3043 1990 3098 adeo
2090 3065 2195 3105 mis
2227 3056 2283 3104 et
2318 3047 2646 3104 Godefridus
2682 3046 2952 3102 mediante
2989 3044 3207 3102 Victore
3251 3061 3390 3117 papa
3438 3047 3508 3101 ad
3546 3062 3687 3117 gra-

409 3143 472 3188 ut
518 3134 746 3203 librum,
771 3151 933 3207 quem
972 3145 1163 3192 contra
1199 3137 1477 3193 Romanos
1515 3136 1813 3207 scripserat
1858 3151 1989 3191 ana—
2017 3163 2062 3225 c
2091 3141 2224 3196 tiam
2253 3141 2398 3214 regis
2419 3149 2475 3197 et
2502 3155 2692 3212 pacem
2717 3139 3073 3208 reducuntur,
3100 3147 3154 3196 et
3180 3155 3370 3196 omnes
3398 3139 3681 3196 bellorum

408 3228 790 3284 thematizaret
817 3238 872 3285 et
893 3230 1225 3286 incenderet.
1258 3229 1520 3286 Michaele
1548 3230 1857 3301 patriarcha
1886 3244 1990 3285 no-

408 3318 554 3374 lente
586 3320 668 3376 eis
695 3321 954 3393 colloqui,
984 3331 1135 3380 carta
1173 3321 1760 3378 excommunicationis
1804 3336 1990 3378 coram

408 3410 558 3466 clero
593 3421 648 3466 et
686 3412 889 3482 populo
919 3427 1085 3484 super
1113 3413 1284 3468 altare
1314 3421 1515 3467 sanctae
1547 3411 1767 3482 Sophiae
1789 3412 1987 3482 posita,

408 3503 687 3558 recedunt.
720 3503 954 3559 Michael
981 3512 1185 3560 cartam
1218 3505 1394 3576 ipsam
1424 3518 1783 3572 corrumpens
1813 3518 1988 3572 popu-

407 3594 579 3665 loque
615 3596 818 3667 legens,
863 3597 986 3653 illos
1019 3597 1090 3653 ab
1118 3587 1452 3668 imperatonQ
1475 3603 1761 3653 revocatos
1803 3595 1870 3665 ad
1903 3610 1991 3665 sy-

407 3688 614 3744 nodum
644 3689 871 3745 absente
888 3677 1234 3761 imperatore
1263 3689 1604 3756 convocavit,
1634 3697 1750 3744 uta
1791 3689 1990 3758 populo

407 3779 798 3849 lapidarentur.
836 3779 994 3848 Quod
1039 3782 1365 3851 imperatore
1387 3779 1730 3849 prohibente,
1759 3777 1990 3834 Michael

407 3874 704 3928 commovit
761 3874 1024 3944 populum
1089 3881 1278 3927 contra
1342 3886 1506 3938 eum;
1564 3871 1658 3926 sed
1708 3870 1989 3927 convictus

409 3976 619 4025 cartam
641 3965 1224 4022 excommunicationis
1251 3964 1497 4032 falsasse,
1521 3962 1751 4020 Michael
1771 3978 1990 4019 omnes-

406 4073 515 4128 que
541 4058 625 4113 sui
655 4073 686 4112 a
730 4057 903 4129 gratia
931 4065 985 4112 et
1011 4055 1210 4127 palatio
1241 4056 1584 4126 imperatoris
1614 4055 1809 4110 remoti
1839 4065 1988 4110 sunt.

408 4149 741 4206 Humbertus
765 4149 1053 4221 episcopus
1079 4147 1243 4204 Silvae
1255 4147 1514 4204 Candida:
1535 4147 1652 4203 haec
1677 4146 1985 4217 descripsit,

405 4250 460 4298 et
483 4242 685 4312 scripta
711 4240 913 4297 Nioctae
956 4241 1212 4297 monachi
1238 4252 1292 4296 et
1331 4239 1532 4296 Leonis
1569 4238 1827 4296 Acridani
1856 4238 1985 4294 Bul-

406 4351 596 4400 garum
633 4334 1031 4406 archiepiscopi
1061 4333 1390 4400 confutavit;
1431 4347 1555 4404 qua:
1599 4332 1666 4388 de
1708 4331 1903 4387 Latino
1932 4332 1987 4386 in

406 4428 640 4483 Grecam
676 4427 962 4495 translata,
990 4427 1148 4498 jussu
1200 4427 1547 4510 imperatoris
1572 4423 1917 4481 Constantini
1955 4441 1985 4479 a

2095 3241 2276 3299 motus
2307 3232 2585 3288 sedantur.

2164 3323 2324 3379 1058.
2697 3323 2752 3378 2.
3073 3323 3164 3378 27.
3207 3323 3347 3394 (28.)

2162 3414 2223 3469 In
2249 3414 2511 3472 Fresonia
2535 3415 2709 3486 captis
2731 3415 2800 3471 ab
2822 3415 3146 3486 imperatore
3189 3413 3445 3470 Heinrico
3473 3415 3682 3486 aliqui-

2093 3504 2196 3560 bus
2235 3505 2501 3572 castellis,
2562 3504 2833 3562 Fresones
2885 3519 2916 3559 a
2965 3503 3256 3558 rebellione
3300 3501 3678 3558 refrenantur.

2094 3595 2283 3668 (Mm)
2310 3596 2696 3653 Paderbrunna
2725 3595 3027 3652 Germaniie
3057 3594 3563 3651 civitaS'combusta
3587 3606 3684 3666 est

2092 3704 2217 3747 cum
2245 3688 2442 3762 majori
2466 3689 2730 3746 :ecclesia.
2775 3687 2836 3743 ln
2877 3687 3209 3743 monasterio
3246 3695 3428 3740 autem
3473 3703 3681 3741 mona-

2091 3783 2316 3838 chorum
2345 3782 2566 3840 Scottus
2601 3781 2821 3855 quidam
2863 3779 3188 3848 umnachus,
3225 3779 3446 3833 nomine
3475 3777 3677 3833 Pater—

2091 3890 2217 3942 nus,
2245 3875 2417 3930 multo
2448 3885 2691 3946 tempore
2723 3875 2988 3942 reclusus,
3016 3873 3111 3944 qui
3145 3873 3310 3927 etiam
3345 3872 3448 3927 hoc
3480 3869 3678 3926 inccn-

2091 3967 2240 4023 dium
2265 3982 2391 4038 sepe
2415 3967 2746 4038 predixerat,
2773 3974 2993 4038 propter
3035 3965 3377 4037 propositum
3400 3963 3676 4020 reclusio-

2091 4059 2178 4116 nis
2204 4060 2352 4115 exire
2372 4060 2586 4129 nolens,
2611 4076 2669 4118 se
2704 4059 2952 4117 comburi
2977 4075 3176 4131 passus
3197 4067 3300 4113 est.

2164 4149 2324 4207 1659.
2367 4151 2573 4223 (1666.)
2691 4153 2744 4208 5.
3069 4151 3160 4206 28.
3204 4149 3344 4222 (29.)

2160 4242 2508 4312 Fridericus,
2555 4245 2698 4301 ﬁlius
2742 4244 3050 4301 Gothilonis
3098 4244 3289 4310 ducis,
3347 4257 3416 4297 ex
3468 4241 3680 4297 clerico

2091 4335 2265 4392 sancti
2295 4335 2575 4392 Lantberti
2611 4337 2873 4406 septimus
2909 4336 3069 4391 levita
3100 4334 3360 4390 Romanae
3388 4335 3677 4400 :ecclesiae,

2090 4428 2217 4498 quia
2241 4443 2444 4484 exosus
2473 4437 2588 4484 erat
2630 4428 2944 4499 imperatori
2973 4425 3226 4482 Heinrico
3263 4440 3362 4496 pro
3395 4425 3523 4480 odio
3565 4423 3681 4478 fra-

406 4519 596 4575 Grecis
642 4530 856 4592 recepta
896 4529 1044 4577 sunt.
1084 4503 1271 4590 (and.
1314 4533 1395 4584 Ill,
1429 4516 1519 4584 68,
1563 4515 1675 4587 70.)
1702 4515 1991 4570 Heinricus
2023 4503 2070 4563 Ι)
2095 4518 2194 4574 tris
2223 4519 2309 4574 sui
2331 4517 2607 4574 Godefridi
2642 4519 2818 4584 ducis,
2849 4526 2972 4589 post
3009 4517 3332 4589 legationem
3355 4515 3680 4571 Constanti-

405 4609 704 4680 imperator
737 4612 859 4681 iﬁlio
895 4625 998 4668 suo
1045 4609 1301 4665 Heinrico
1331 4622 1502 4679 puero
1550 4606 1886 4678 quinquenni
1932 4607 1986 4660 in

405 4717 592 4772 regem
645 4703 935 4759 sublimato
985 4702 1156 4773 Aquis
1203 4700 1375 4772 (269),
1423 4707 1612 4755 contra
1660 4697 1987 4752 Balduinum

407 4793 792 4863 proﬁciscitur.
819 4793 926 4861 Qui
951 4792 1186 4850 Scaldim
1210 4791 1438 4856 ﬂuvium
1463 4789 1728 4846 Balduino
1752 4786 1989 4857 fugiente

2095 4609 2466 4678 nepolitanam
2509 4610 2659 4679 apud“
2685 4610 3012 4665 Casinenscs
3037 4609 3362 4673 monachus,
3392 4616 3448 4662 et
3486 4615 3681 4676 postea

2094 4698 2264 4755 abbas
2285 4698 2484 4768 factus,
2509 4701 2772 4756 electione
2793 4700 3164 4756 Romanorum
3191 4699 3452 4756 Romanae
3481 4698 3679 4752 accele-

2097 4789 2192 4844 siie
2215 4789 2419 4845 150")"
2435 4791 2699 4862 presidet,
2714 4793 2972 4849 alteratus
2996 4792 3215 4849 nomine
3228 4791 3487 4862 Stephani
3501 4789 3676 4860 (277).

1711 4896 1940 4954 VARIA‘I
1995 4897 2395 4985 LI'ECTIONES.

478 5018 550 5050 ³³⁸
579 5018 635 5071 in
659 5019 682 5072 1
716 5019 887 5087 primo
912 5019 1013 5088 fuit
1039 5035 1056 5070 :
1083 5018 1313 5087 imperat
1343 5013 1502 5088 annis

409 5087 522 5142 alia
558 5083 731 5143 οοιευὰ
767 5083 1099 5158 ροδῑήιοάωη
1137 5083 1409 5158 inscripsit
1437 5083 1680 5158 quinqua

1648 5052 1662 5076 ,
1694 5010 1807 5086 loco
1849 5011 2056 5086 numeri
2097 5027 2260 5086 vacuo
2312 5017 2542 5086 relicto;
2593 5017 2670 5070 nil
2693 5033 2926 5073 erasum.
2967 5015 3037 5070 In
3079 5017 3174 5069 hoc
3213 5015 3441 5086 spatium
3479 5031 3678 5086 inaniis

1724 5081 1858 5156 inta,
1881 5080 2022 5156 quod
2034 5090 2091 5156 et
2117 5082 2307 5154 reliqui
2335 5080 2529 5140 habent
2552 5103 2748 5142 omnes.
2778 5086 2922 5142 Unus
2943 5085 3008 5142 A.
3032 5087 3186 5141 verba
3214 5080 3372 5142 annis
3396 5085 3677 5156 quinqua-

409 5097 522 5142 alia
558 5105 731 5143 caieva
767 5097 1099 5158 postmodum
1137 5097 1409 5156 inscripsit
1437 5097 1858 5206 quinquaginta,
1881 5097 2092 5164 quoaet
2117 5097 2306 5154 reliqui
2335 5097 2526 5140 habent
2552 5103 2722 5142 omnes

408 5159 556 5230 ginta
585 5160 804 5226 omittit,
827 5160 986 5232 Ounde
1014 5166 1254 5228 apparet,
1293 5172 1356 5211 ea
1383 5156 1441 5210 in
1475 5169 1650 5225 prima
1723 5150 1934 5222 igeberti
1960 5153 2189 5208 editione
2214 5156 2444 5212 nondum
2465 5158 2722 5212 extitisse.

1922 5263 2152 5323 NOTAE.

665 5401 703 5432 ι.
737 5392 788 5432 e.
809 5375 1110 5452 _llurnberti
1143 5375 1364 5445 legatio,
1400 5371 1546 5452 apud
1581 5369 1874 5452 Bai-enituit
1911 5371 2012 5438 in,
2041 5370 2044 5374 ’

405 5451 439 5486 ω
473 5377 624 5502 ()2682
665 5401 703 5432 ι.
737 5392 788 5432 e.
827 5377 1110 5457 llumberti
1143 5377 1364 5445 legatio,
1400 5377 1546 5452 apud
1581 5377 1872 5452 Baroniiim
1911 5388 1992 5438 χι,

411 5451 467 5504 ..1
527 5464 630 5529 ;_c-.
656 5463 778 5529 pag.
802 5447 924 5528 198.
948 5446 1241 5529 begit_eam
1265 5454 1526 5529 npslte'rninn
1561 5442 1746 5529 codice
1769 5440 1825 5496 S.
1855 5441 1992 5496 Lau-

406 5511 567 5576 rentii
594 5511 935 5584 Léodiensis,
960 5511 1074 5585 jam
1098 5515 1336 5571 Bruxell.
1365 5511 1505 5571 9706
1558 5528 1682 5569 saec.
1711 5528 1783 5566 XI.

477 5589 629 5658 (269)
666 5587 730 5658 1).
763 5587 830 5641 17
859 5585 1005 5642 Julii.

479 5655 629 5726 (270)
670 5657 884 5724 Ecluse,
915 5657 1027 5713 sive
1057 5655 1240 5725 Sluvs.

485 5727 631 5798 (271)
672 5727 1024 5798 Lensensem.

479 5797 630 5868 (272)
666 5797 728 5853 6.
756 5798 822 5854 19
845 5798 1065 5868 Aprilis.

2157 5369 2327 5447 ’(275)
2359 5376 2737 5447 Consecratus
2753 5375 2816 5447 il.
2834 5374 2903 5447 15
2925 5372 3145 5444 Aprilis.

2188 5444 2317 5501 274)
2357 5446 2420 5500 D.
2453 5447 2487 5501 5
2520 5445 2678 5500 Mart.
2718 5444 2874 5499 1056.

2176 5514 2327 5586 (275)
2363 5515 2427 5586 D.
2457 5516 2490 5570 5
2523 5514 2792 5586 Octobris.

2169 5581 2325 5655 (276)
2366 5585 2548 5641 Mense
2589 5581 3053 5655 Decembri1056.

2173 5648 2331 5726 1277)
2369 5657 2549 5726 Abbas
2583 5655 2788 5711 electus
2831 5653 2934 5726 fuil
2965 5651 3028 5726 (ξι
3052 5651 3123 5726 Ἡ(
3166 5648 3490 5726 Maii-5957'
3535 5662 3677 5721 papa

2102 5730 2160 5784 d.
2184 5719 2224 5782 2
2250 5719 2387 5799 Aug.
2421 5725 2578 5793 1057,
2611 5734 2859 5782 mortuus
2880 5724 2932 5781 d.
2967 5722 3036 5781 29
3062 5720 3217 5778 Mart.
3251 5719 3412 5778 1058.
