3914 6314
128 311 227 370 217

1587 304 1955 363 CHRONICA.

3297 309 3406 365 2l8

131 425 500 483 llerimannus
541 422 890 480 Leodicensis
933 421 993 477 fit
1020 421 1371 479 Mettensium
1403 421 1717 492 episcopus.
1750 427 1794 484 Α
1825 420 1973 484 mine
2027 420 2366 477 oblationum
2416 406 2771 479 artiﬁciosius
2808 436 3048 477 munera
3089 410 3405 493 act-ipiunt;

132 517 343 576 Duobus
372 516 644 596 fratribus
680 516 989 572 Russorum
1019 514 1243 586 regibus
1269 515 1339 571 de
1376 528 1547 586 regno
1581 529 1719 569 con-

130 611 498 677 tendentibus,
532 611 668 666 alter
710 623 903 665 eorum
927 624 959 663 a
988 607 1269 664 consortio
1304 608 1462 679 regni
1503 607 1716 679 pulsus,

130 704 430 776 interpellat
464 702 780 758 lleinricum
825 702 1211 772 imperatorem
1236 701 1410 774 (289),
1450 716 1511 759 se
1547 711 1602 758 et
1628 715 1719 756 re-

130 811 285 870 gnum
330 793 647 851 Russorum
676 793 728 850 ei
763 790 1115 861 submittens,
1152 793 1198 847 si
1235 790 1357 863 ejus
1384 791 1590 848 auxilio
1632 805 1720 845 re-

129 905 228 961 gno
253 887 665 943 restitueretur.
713 883 819 943 Sed
852 884 907 941 id
941 872 1149 941 fruStra
1173 884 1308 953 fuit;
1340 884 1472 956 quia
1506 884 1743 957 gravisr

128 982 256 1034 sima
305 978 363 1032 in
408 977 648 1048 imperio
692 975 947 1032 Romano
991 986 1111 1034 orta
1150 976 1424 1033 dissensio
1464 976 1719 1031 monebat

129 1071 293 1143 magis
318 1085 425 1126 sua
472 1071 640 1138 tueri,
692 1085 859 1141 quam
910 1071 1088 1125 aliena
1119 1070 1443 1141 ,adquirere.
1471 1068 1718 1126 Saxones

130 1164 266 1219 enim
294 1162 494 1219 multis
519 1172 574 1218 et
608 1163 823 1235 magnis
852 1162 1071 1234 injuriis
1110 1170 1167 1218 et
1203 1162 1491 1234 injustitiis
1514 1163 1586 1217 ab
1615 1162 1718 1216 im-

129 1266 366 1326 peratore
400 1254 611 1323 allecti,
635 1264 828 1312 contra
856 1271 982 1312 eum
1033 1255 1339 1322 rebellant;
1368 1255 1435 1311 ad
1457 1271 1597 1327 quos
1617 1255 1716 1311 de-

129 1347 402 1404 bellandos
427 1348 731 1420 imperator
752 1349 1026 1405 instanter
1046 1340 1296 1404 intendit.

189 1438 346 1494 1074.
528 1438 603 1494 Β.
640 1438 730 1496 18.
906 1438 969 1493 F.
999 1439 1085 1494 M.
1270 1438 1337 1494 A.
1371 1437 1429 1494 8.

191 1529 296 1602 (Cf.
329 1530 450 1602 Sig.
476 1548 586 1603 .ep.
631 1528 712 1586 De
743 1531 915 1603 presb.
954 1531 1166 1603 conjug.
1198 1546 1264 1586 ea:
1291 1529 1549 1602 Marino.)
1580 1530 1717 1587 Gre-

134 1624 312 1695 gorius
331 1638 478 1695 papa
502 1625 774 1681 celebrata
795 1623 1008 1697 synodo
1032 1624 1379 1698 symoniacos
1399 1626 1717 1681 anathema-

133 1714 324 1783 tizavit,
351 1724 410 1771 et
431 1725 702 1772 uxoratos
731 1716 1045 1772 sacerdotes
1071 1732 1103 1771 a
1122 1716 1309 1773 divino
1328 1715 1507 1773 ofﬁcio
1535 1731 1715 1772 remo-

132 1806 218 1871 vit,
241 1814 293 1861 et
313 1805 476 1862 laicis
501 1807 732 1863 missam
756 1816 949 1863 eorum
971 1808 1161 1864 audire
1184 1808 1559 1876 interdixit”,
1573 1824 1717 1865 novo

133 1895 385 1965 exemplo,
414 1904 474 1952 et
508 1905 568 1952 ut
594 1897 782 1953 multis
804 1897 980 1953 visum
1005 1906 1092 1956 est
1114 1899 1519 1955 inconsiderato
1532 1900 1719 1971 preju-

133 1987 281 2055 dicio,
302 1990 502 2044 contra
515 1989 834 2046 sanctorum
881 1998 1097 2061 patrum
1150 1991 1477 2047 sententiam
1517 1991 1713 2064 (289'),

134 2079 217 2151 qui
265 2079 633 2151 scripserunt,
669 2081 818 2152 quod
861 2077 1205 2141 sacramenta
1232 2097 1358 2155 qua:
1388 2083 1445 2139 in
1472 2084 1719 2142 aacclesia

134 2172 275 2239 ﬁunt,
310 2172 891 2243 baptismusseilicet,
921 2174 1146 2244 crisma,
1180 2188 1383 2247 corpus
1411 2184 1469 2233 et
1491 2174 1719 2250 sanguis

134 2264 342 2332 Christi,
366 2264 584 2337 Spiritu
604 2262 799 2322 sancto
842 2267 1074 2324 latenter
1110 2275 1372 2339 operante
1412 2253 1715 2345 eorundem

136 2369 597 2418 sacramentorum
640 2361 917 2430 eﬂ‘ectum,
962 2377 1060 2419 seu
1100 2377 1201 2433 per
1236 2363 1437 2431 bonos,
1475 2378 1574 2420 seu
1620 2378 1719 2434 per

137 2451 293 2510 malos
323 2454 470 2510 intra
495 2453 593 2510 Dei
616 2455 921 2511 ecclesiam
944 2455 1353 2526 dispensentur,
1375 2465 1557 2511 tamen
1587 2455 1717 2526 quia

140 2544 356 2615 Spiritus
380 2554 616 2603 sanctus
648 2546 865 2607 mistice
895 2547 989 2602 illa
1017 2548 1279 2614 viviticat,
1313 2561 1417 2603 nec
1441 2547 1716 2603 bonorum

141 2637 328 2694 meritis
356 2639 808 2710 dispensatorum
833 2639 1261 2711 amplificantur,
1297 2655 1399 2696 nec
1440 2639 1714 2694 malorum

140 2730 352 2797 peccatis
371 2738 755 2787 attenuantur.
781 2728 939 2787 Unde
957 2739 1043 2788 est
1072 2750 1086 2787 :
1116 2730 1221 2785 Hic
1240 2739 1318 2786 est
1347 2732 1441 2803 qui
1457 2729 1713 2802 baptizat.

141 2819 211 2877 Ex
231 2837 331 2893 qua
367 2838 428 2879 re
462 2831 580 2878 tam
614 2839 778 2895 grave
817 2823 999 2895 oritur
1035 2822 1377 2891 scandalum,
1423 2831 1486 2878 ut
1511 2822 1717 2878 nullius

141 2909 324 2968 heresis
339 2920 589 2984 tempore
605 2922 794 2971 sancta
814 2915 1060 2971 aacclesia
1076 2914 1312 2986 graviori
1327 2914 1585 2971 scismate
1597 2914 1715 2971 dis-

138 3002 231 3058 cisa
252 3005 320 3060 sit
358 3004 590 3077 (289”),
631 3007 717 3061 bis
739 3021 839 3077 pro
858 3006 1094 3078 justitia,
1110 3006 1219 3064 illis
1242 3015 1431 3064 contra
1446 3006 1717 3079 justitiam

1748 1786 1792 1844 B

1826 527 1992 583 porro
2038 500 2438 569 continentiam
2500 513 2694 585 paucis
2750 515 3092 581 tenentibus,
3134 515 3409 586 aliquibus

1821 620 1941 662 eam
1974 606 2141 661 modo
2168 622 2336 664 causa
2364 594 2594 678 questus
2616 623 2681 664 ac
2703 607 2979 678 iactantia:
3000 608 3405 675 simulantibus,

1823 698 2012 755 multis
2070 699 2525 756 incontinentiam
2591 700 2837 771 perjurio
2883 710 2979 756 aut
3035 701 3407 772 multipliciori

1821 791 2094 849 adulterio
2138 794 2576 861 cumulantibus;
2634 794 2827 849 adhoc
2885 794 2988 849 hac
3042 794 3410 864 oportunitate

1820 884 1977 941 laicis
2005 885 2420 958 insurgentibus
2440 895 2632 943 contra
2670 901 2858 942 sacros
2891 886 3134 952 ordines,
3168 893 3222 942 et
3250 901 3310 955 se
3338 885 3409 940 ab

1819 978 1971 1032 omni
2010 977 2394 1035 aecclesiastica
2428 978 2768 1050 subjectione
2800 978 3221 1034 excutientibus.
3259 976 3410 1032 Laici

1819 1085 1975 1124 sacra
2004 1070 2248 1127 misteria
2272 1080 2540 1127 temerant
2563 1080 2617 1126 et
2640 1071 2707 1126 de
2730 1070 2814 1125 his
2839 1070 3146 1140 disputant;
3174 1068 3410 1125 infantes

1817 1161 2118 1232 baptizant,
2149 1145 2373 1245 sordido
2394 1163 2627 1219 humore
2651 1163 2869 1218 aurium
2891 1178 2993 1233 pro
3021 1177 3181 1217 sacro
3202 1161 3324 1217 oleo
3355 1170 3409 1217 et

1816 1253 2072 1310 crismate
2107 1262 2351 1321 utentes;
2397 1255 2453 1310 in
2497 1264 2746 1311 extremo
2780 1256 2906 1311 vitae
2939 1250 3207 1309 viaticuni
3229 1252 3407 1309 domi-

1817 1343 2003 1400 nicum
2033 1352 2089 1400 et
2114 1346 2378 1400 usitatum
2408 1344 2668 1403 mcclesiae
2699 1347 3024 1417 obsequium
3055 1346 3349 1415 sepultura:
3376 1362 3407 1400 a

1814 1436 2448 1509 presbiterisconjugatis
2468 1439 2714 1509 accipere
2733 1437 3150 1510 parvipendunt;
3168 1439 3408 1494 decimas

1814 1530 2139 1601 presbiteris
2159 1532 2568 1605 deputatasigni
2586 1542 2858 1601 cremant;
2882 1540 3005 1589 etut
3025 1532 3080 1586 in
3098 1548 3209 1588 uno
3229 1540 3407 1588 cetera

1815 1625 2144 1696 perpendas,
2166 1625 2292 1681 laici
2314 1641 2516 1696 corpus
2547 1623 2764 1681 Domini
2800 1641 2831 1681 a
2871 1625 3193 1696 prcsbiteris
3214 1624 3407 1694 conju-
3500 1676 3505 1681 .

1816 1718 1959 1789 gatis
2004 1722 2386 1775 consecratum
2417 1734 2547 1788 sepe
2574 1719 2803 1788 pedibus
2840 1717 3318 1782 conculcaverunt,
3355 1724 3409 1769 et

1814 1811 2145 1883 sanguinem
2192 1810 2406 1866 Domini
2450 1810 2758 1866 voluntarie
2796 1809 3126 1876 ell‘uderunt,
3154 1814 3209 1864 et
3236 1806 3406 1862 multa

1817 1902 1925 1957 alia
1963 1911 2153 1959 contra
2182 1902 2275 1973 jus
2310 1910 2365 1958 et
2400 1901 2483 1957 fas
2515 1910 2665 1974 gesta
2695 1910 2825 1958 sunt
2847 1903 2901 1956 in
2928 1902 3204 1966 aecclesia;
3228 1906 3283 1956 et
3306 1900 3407 1954 hac

1815 1993 2108 2049 occasione
2129 1993 2287 2049 multi
2312 1993 2771 2063 pseudomagistri
2791 2001 3120 2064 exurgentes
3142 1991 3197 2045 in
3225 1990 3409 2071 accele-
3472 2002 3481 2008 '

1816 2084 1921 2153 sia,
1945 2085 2192 2156 profanis
2235 2086 2572 2143 novitatibus
2616 2086 2827 2158 plebem
2868 2085 2959 2142 ab
3012 2084 3406 2142 accelesiastica

1816 2171 2107 2243 disciplina
2136 2182 2407 2229 avertunt.

1887 2264 2049 2321 1075.
2304 2265 2392 2321 19.
2646 2266 2734 2321 15.
3023 2265 3077 2321 9.

1888 2354 1978 2428 (Δ.
2003 2354 2194 2427 Leod.)
2229 2355 2519 2413 Heinricus
2550 2356 2848 2428 imperator
2895 2355 3145 2412 Saxones
3190 2356 3403 2428 gravis-

1815 2448 1959 2505 simo
1981 2447 2158 2519 prelio
2182 2448 2356 2504 vincit
2381 2447 2555 2521 (290),
2587 2464 2792 2519 eosque
2830 2448 3026 2504 iterata
3059 2447 3407 2518 expeditione

1815 2553 2139 2611 perurgens,
2171 2550 2405 2596 cunctos
2428 2555 2619 2598 eorum
2644 2538 2938 2611 principes,
2961 2539 3270 2610 episcopos,
3299 2537 3398 2593 du-

1814 2643 1931 2697 ces,
1977 2629 2209 2687 comites
2259 2638 2580 2702 ceterosque
2633 2618 2905 2701 potentes,
2965 2616 3032 2687 ad
3073 2631 3405 2686 deditionem

1815 2721 2014 2792 coegit.
2058 2719 2264 2794 Ungari
2310 2730 2503 2778 contra
2554 2722 2942 2793 imperatorem
2985 2722 3274 2789 rebellant,
3317 2737 3405 2777 re-

1816 2831 2050 2887 gemque
2077 2831 2240 2872 suum
2275 2815 2627 2872 Salomonem
2679 2831 2849 2887 regno
2895 2815 3266 2881 deturbatum,
3303 2812 3407 2871 sub

1816 2910 2028 2967 diutina
2056 2911 2306 2967 custodia
2331 2910 2672 2967 excruciant.
2700 2909 2835 2982 (1b.)
2861 2908 3178 2965 Deoduinus
3199 2909 3410 2979 episco-

1815 3019 1921 3075 pus
1945 3002 2364 3061 Leodiccnsium
2392 3003 2526 3069 obit,
2551 3003 2638 3057 cui
2666 3003 2958 3060 Heinricus
2985 3002 3097 3057 vita
3127 3009 3181 3057 et
3209 3014 3408 3071 genere

141 3095 436 3166 agentibus;
462 3098 589 3154 aliis
610 3114 642 3155 a
672 3098 924 3171 syntonia
974 3114 1084 3154 non
1132 3099 1553 3169 declinantibus,
1589 3099 1715 3156 aliis
1740 3142 1787 3171 η
1819 3098 2016 3154 nobilis
2043 3096 2304 3154 succedit.
2333 3095 2524 3170 (Μλιι.)
2562 3095 2723 3152 Anno
2773 3095 3217 3167 archiepiscOpus
3248 3091 3409 3149 Colo-

141 3195 301 3243 notam
337 3189 591 3245 avaritia:
629 3190 864 3245 honesto
891 3190 1116 3245 nomine
1154 3191 1562 3262 pretexentibus
1582 3190 1714 3247 dum
1741 3187 1788 3207 “
1818 3191 2029 3248 niensis
2050 3190 2166 3246 obit
2197 3189 2370 3262 (291),
2410 3190 2538 3261 quia
2579 3188 2899 3260 parochiam
2937 3203 3095 3244 suam
3140 3187 3307 3243 rebus
3349 3192 3406 3241 et

145 3278 230 3334 hoc
246 3282 382 3351 quod
407 3298 473 3338 se
492 3281 666 3353 gratis
690 3279 831 3338 dare
842 3281 1072 3352 jactant,
1103 3283 1208 3338 sub
1228 3282 1475 3340 caritatis
1494 3281 1717 3338 nomine
1818 3283 2170 3340 monasteriis
2195 3300 2226 3338 a
2253 3299 2314 3340 se
2335 3282 2577 3339 fundatis
2599 3282 2902 3353 ampliavit,
2946 3282 3087 3338 inter
3110 3295 3233 3352 qua:
3274 3294 3403 3351 pre-

143 3371 376 3443 vendunt,
410 3383 471 3430 et
500 3383 564 3430 ut
592 3374 661 3430 de
689 3373 966 3431 Montanis
992 3374 1127 3431 dicit
1147 3374 1440 3443 Eusebius,
1477 3374 1583 3431 sub
1614 3389 1717 3430 no-
1817 3373 1991 3429 minet
2017 3374 2308 3429 eenobium
2332 3372 2724 3447 Sigcbergcnse
2749 3373 2838 3428 “’.

767 3460 772 3465 ·
1410 3540 1419 3543 _
1474 3464 1711 3522 vitam
1744 3464 2151 3522 LECTIONES.

200 3553 261 3586 ""
282 3557 558 3628 sequentia
582 3556 740 3629 hujus
760 3560 889 3615 anni
924 3558 1113 3614 desunt
1138 3557 1259 3615 C52
1286 3560 1363 3615 4⁸.
1438 3558 1509 3593 ’δ’
1531 3558 1849 3616 Deoduinus
1872 3589 1943 3601 ——
1964 3555 2357 3648 Sigebergcpse
2386 3554 2573 3611 desunt
2597 3554 2661 3612 D.

1650 3672 1882 3732 NOTAE.

220 3761 337 3831 289)
363 3763 702 3832 Demetrius,
724 3778 870 3821 anno
894 3765 1033 3822 1075
1062 3764 1303 3823 ineunte.

222 3832 562 3908 289‘)_Errat
609 3837 847 3908 graviter
892 3835 1209 3908 Sigebertus
1253 3845 1307 3893 et
1353 3836 1416 3908 in
1456 3835 1604 3893 facto
1649 3845 1707 3892 et

148 3898 437 3980 itijure.:]gs
464 3898 640 3976 facth
669 3907 890 3976 quando
916 3898 1117 3980 asserit
1137 3914 1334 3979 papam
1378 3906 1704 3980 Gregorium
1744 3963 1757 3971 ,

150 3967 224 4049 \le
240 3967 532 4049 credidisse
555 3967 898 4049 sacramenta
938 3978 1008 4032 ab
1048 3967 1535 4034 excommunicati's
1577 3995 1704 4049 pre-

148 4040 349 4120 sbyteris
369 4045 643 4120 confecta,
667 4048 816 4105 nulla
826 4057 889 4120 et
911 4048 1065 4103 irrita
1088 4064 1228 4115 esse,
1269 4058 1322 4105 et
1365 4049 1486 4105 ideo
1508 4040 1705 4120 papam

149 4116 356 4193 vetuisse
375 4118 536 4193 laicis
554 4126 617 4174 ut
636 4135 710 4186 ne
726 4119 1050 4193 assisterent
1069 4120 1352 4193 sacriﬁciis
1386 4116 1708 4193 conjug'ato-

148 4196 250 4241 rum
286 4189 351 4244 ab
392 4191 517 4260 ipso
548 4188 1175 4246 excommunicatorum.
1210 4190 1276 4247 Et
1303 4188 1631 4246 antecedens
1653 4198 1715 4246 et

150 4259 461 4338 quaequede
484 4259 686 4338 falsum
705 4270 807 4316 est.
836 4260 893 4338 id
911 4260 1028 4338 jam
1051 4262 1253 4338 saeculo
1280 4278 1336 4317 ιι
1358 4262 1707 4338 demonstra-

147 4325 213 4405 vit
241 4325 532 4405 Bern‘aldus
576 4325 1015 4405 Cpnstantiensis
1037 4332 1317 4405 presbyter
1329 4331 1711 4405 _in_Apologe-

152 4400 255 4479 tice,
276 4402 470 4479 scripto
497 4418 602 4479 pro
615 4401 714 4479 {to};
740 4402 1023 4457 interdicto
1037 4400 1294 4479 'Gregerii
1329 4400 1441 4457 VII
1459 4444 1474 4469 ,
1494 4400 1706 4479 De_n:on

151 4472 429 4550 assistendo
462 4472 748 4528 sacriﬁciis
785 4472 1407 4550 excommunie'atorum,
1439 4474 1586 4550 quod
1624 4474 1709 4550 in-

153 4539 408 4614 terdictum
430 4558 557 4598 vere
583 4558 614 4614 a
649 4545 906 4614 pontifice
933 4545 1103 4600 latum
1128 4545 1232 4600 fuit
1258 4539 1404 4601 anno

154 4612 349 4688 synodo,
372 4605 683 4688 cerxiine
723 4624 785 4670 ut
830 4614 1107 4688 conjugati
1152 4615 1453 4688 presbyteri
1501 4605 1709 4688 salubri
1742 4605 1787 4661 ὓ

152 4680 320 4739 rubore
347 4683 805 4756 perfunderentur
846 4685 914 4742 ad
933 4680 1333 4756 paenitentiam
1376 4686 1445 4742 de
1476 4701 1577 4742 sua
1619 4686 1707 4740 in-

153 4755 477 4821 coatinentia,
508 4756 671 4811 sicuti
696 4756 944 4826 cujusvis
960 4755 1556 4814 ’cxeommunicationis
1585 4757 1711 4815 linis

153 4829 236 4898 pst,
269 4825 486 4880 evitatio
509 4826 704 4898 omnis
732 4825 1047 4898 cummcreii
1076 4843 1202 4884 cum
1232 4828 1710 4884 excommunicato

151 4896 279 4972 inqua
310 4897 594 4972 apostolos
616 4896 845 4972 Paulum
877 4907 934 4972 e_t_
972 4897 1261 4972 Joannem.
1303 4899 1485 4972 Causa
1513 4914 1644 4972 vero
1677 4914 1706 4953 a

156 4960 406 5031 Sigebcrto
441 4967 528 5040 vel
563 4968 710 5034 ﬁcta,
749 4969 834 5040 vel
864 4969 1084 5024 aliunde
1127 4978 1368 5040 accepta,
1414 4970 1708 5025 falsissima

153 5041 372 5114 {sucum
400 5036 586 5092 nullus
612 5038 855 5114 pontifex
878 5036 1709 5114 sacramenta_excommunicati

156 5109 281 5182 Irrita
306 5121 427 5182 esse
452 5109 756 5182 censuerit:
790 5109 1025 5182 Romani
1064 5111 1348 5182 pontiﬁees
1376 5112 1709 5182 baptismum

156 5170 211 5225 ab
233 5174 495 5248 heretico,
539 5180 652 5235 imo
672 5196 703 5235 a
727 5179 917 5237 Judteo
939 5189 992 5237 et
1025 5170 1246 5238 ethnico
1279 5170 1535 5237 collatum
1559 5194 1708 5238 sem-

156 5246 486 5367 malidmn
518 5260 872 5334 censuerunt.
910 5250 1048 5334 Item
1082 5252 1130 5306 si
1168 5252 1294 5323 quis
1332 5253 1614 5325 presbyter
1652 5253 1708 5307 in

305 5336 355 5367 In
381 5329 479 5367 aut.
503 5321 739 5367 stehtsma
765 5322 951 5367 Iamne
975 5321 1184 5367 fingent
1220 5332 1279 5367 nl
1306 5332 1369 5367 ιιι
1391 5338 1708 5367 ριηηηιηιιι-

189 5321 356 5391 feresiu
381 5329 479 5375 aut
503 5321 741 5392 schisma
765 5322 951 5392 lapsus
973 5321 1202 5389 fuisset,
1220 5332 1279 5378 ut
1306 5321 1370 5379 ut
1391 5321 1710 5379 excommu-

158 5392 369 5457 meatus,
431 5391 832 5449 eucharistiam
857 5392 1060 5464 _valide
1114 5394 1363 5464 potuisse
1415 5394 1706 5461 conﬁcere,

160 5466 291 5533 [lento
315 5474 559 5533 unquam
588 5464 824 5533 negavit.
856 5462 1009 5533 Idem,
1033 5462 1302 5521 Baionius
1333 5465 1389 5520 in
1412 5466 1611 5519 Annal.
1638 5466 1706 5520 ad

161 5520 280 5605 hunc
301 5520 502 5588 annum
530 5520 690 5605 1οη,
716 5549 948 5600 numero
976 5532 1090 5602 XL,
1121 5520 1331 5605 paucis,
1366 5536 1461 5592 sed
1482 5535 1707 5591 eviden-

161 5598 644 5688 Eidemonstravit,
673 5598 1139 5688 getnprgbationes
1167 5605 1295 5688 facti
1319 5598 1470 5688 Serti
1515 5606 1709 5662 aﬂ‘erre

162 5677 708 5749 {SupervacaneumcsL
739 5673 884 5749 Nihil
912 5676 1080 5749 igitur
1106 5686 1296 5733 contra
1321 5676 1547 5749 Patrum
1581 5693 1708 5749 sen-

164 5740 373 5822 ξςξιιίίιιιι,
412 5744 547 5822 nihil
593 5740 1114 5822 inconsideratinest
1158 5749 1213 5802 in
1258 5763 1327 5803 eo
1371 5747 1708 5822 Crcgoriano

164 5811 803 5889 mlgrglictolllaarznmu.
833 5816 1038 5873 Concil.
1073 5818 1272 5882 Germ,
1304 5829 1340 5872 t.
1370 5818 1457 5885 Ill,
1483 5811 1550 5889 Vp.
1574 5820 1702 5874 251.

220 5877 392 5955 (989⁸⁸)
409 5885 484 5943 Ex
496 5888 860 5945 eoiutcrdicto
880 5890 1115 5945 schisma
1139 5877 1305 5946 fuisse
1331 5877 1513 5946 ortum
1524 5893 1702 5961 gravis

1808 3773 2075 3821 errorest.
2096 3763 2203 3819 Sch
2230 3779 2346 3820 sma
2368 3772 2451 3819 est
2476 3772 2657 3819 ortum
2684 3778 2828 3818 almo
2860 3761 3017 3831 1076,
3050 3762 3103 3818 in
3126 3770 3402 3821 conventu
3462 3778 3481 3799 ο

1811 3833 2203 3891 Wormatiensi
2223 3844 2277 3891 et
2302 3834 2567 3890 Brixiensi
2594 3851 2683 3889 an.
2698 3834 2867 3900 1080,
2891 3834 2945 3889 in
2966 3851 3075 3905 quo
3095 3850 3191 3903 rex
3211 3843 3265 3890 et
3290 3851 3400 3892 xxx

1810 3907 2401 3977 episcOpi'Cuibcrtum
2428 3904 2997 3973 escommunicatum,’
3027 3904 3403 3969 Ravennates:-

1811 3993 1927 4033 sem
1958 3978 2453 4047 archiepiscopum,
2495 3979 2898 4034 constituerunt
2927 3977 3242 4047 antipapam
3268 3993 3402 4033 con-

1813 4056 1895 4120 t_ra
1917 4046 2240 4120 Gregorium
2270 4046 2403 4120 Vll_,_
2422 4064 2453 4102 a
2502 4065 2561 4105 se
2586 4048 2720 4118 ipsis
2754 4058 2880 4103 ante
2906 4046 3148 4120 agnitum
3178 4064 3397 4119 papam.

1811 4118 1990 4191 Causa
2012 4117 2192 4175 autem
2208 4136 2331 4191 qua:
2358 4117 2651 4175 Henricum
2668 4120 2889 4191 impulit
2911 4117 2978 4173 ad
3007 4119 3113 4175 hoc
3136 4117 3399 4186 schisma,

1809 4205 1919 4244 non
1951 4187 2052 4245 fuit
2078 4187 2426 4247 interdictum
2475 4187 2884 4246 incontinentiae
2926 4190 3217 4261 clericalis,
3250 4191 3399 4261 quod

1809 4276 1918 4344 non
1955 4263 2219 4344 tangebat
2260 4277 2462 4344 regem,
2514 4261 2610 4344 sed
2632 4261 3007 4344 .interdietum
3075 4259 3401 4344 Simoniaea:

1808 4331 2117 4388 collationis
2150 4331 2477 4404 dignitatum
2520 4332 2795 4404 Ecclesiw,
2828 4348 2966 4404 quas
2996 4348 3044 4404 a_
3061 4349 3119 4387 se
3148 4332 3405 4404 vitandas

1808 4404 2173 4472 promiserat,
2213 4400 2498 4473 'puanitens
2553 4400 3394 4473 de,invasiimeﬁEcclesiarum,

1810 4470 2029 4543 scriptis
2058 4470 2253 4529 litteris
2275 4489 2422 4529 anno
2455 4473 2590 4528 1074
2629 4472 2898 4528 Henricus
2927 4470 3018 4539 IV,
3050 4475 3144 4543 qui
3187 4473 3396 4543 Grego~

1482 4543 1608 4610 074,
1651 4544 1706 4598 in
1744 4605 1778 4614 _
1811 4544 1896 4598 rio
1922 4541 2014 4597 Vll
2039 4554 2091 4599 et
2114 4543 2372 4599 Ecclesiae
2402 4560 2462 4599 se
2490 4545 2879 4599 obsecuturum
2919 4541 3231 4614 spopondit.
3259 4541 3399 4599 Huic

1811 4615 2164 4738 p‘romissioni
2208 4631 2335 4698 cum
2365 4630 2461 4669 rex
2508 4629 2617 4669 non
2650 4622 2841 4687 staret,
2869 4615 3055 4669 citavit
3103 4630 3394 4697 eumpapa

1864 4698 2046 4738 omam
2124 4684 2193 4738 ad
2254 4685 2541 4738 dicendam
2591 4700 2859 4738 causam:
2910 4692 2991 4738 ‘et'
3045 4685 3162 4738 haec
3210 4693 3394 4738 atauo

1864 4686 2046 4740 omam
2124 4684 2193 4740 ad
2254 4685 2541 4741 dicendam
2591 4684 2859 4751 causam;
2910 4692 2991 4738 ‘et'
3045 4685 3162 4739 haec
3210 4686 3396 4738 citatio

1812 4754 1918 4811 fuit
1961 4757 2190 4812 ultimus
2230 4755 2489 4811 stimulus
2530 4755 2600 4811 ad
2638 4755 2903 4811 unitatem
2944 4755 3305 4826 rumpendam
3342 4764 3399 4811 ct

1811 4828 2123 4898 antipapam
2166 4826 2614 4898 obtrudendumj
2642 4856 2707 4866 —
2736 4826 3003 4882 Seandala
3056 4842 3180 4897 qum
3218 4841 3283 4881 ex
3312 4842 3399 4880 rc-

1812 4896 2049 4954 bellione
2073 4898 2432 4968 perduellium
2457 4896 2804 4953 subditorum
2834 4896 3140 4968 sequuntur
3165 4898 3235 4953 ad
3262 4912 3395 4968 pro-

1810 4970 2216 5040 mulgationemr
2243 4969 2408 5039 justas
2444 4968 2601 5040 legis,
2628 4984 2767 5040 “non
2816 4969 3039 5040 debent
3057 4984 3253 5039 papam
3302 4969 3398 5023 de-

1811 5037 2014 5095 terrere
2037 5040 2107 5094 ab
2140 5037 2317 5096 olﬁcio
2345 5055 2468 5095 suo.
2502 5037 2595 5095 Sic
2615 5038 2869 5110 Christus
2896 5038 2960 5093 D.
2994 5037 3085 5106 Νζ,
3114 5037 3393 5110 publican

1809 5111 1894 5165 vel
1935 5110 2242 5166 instaurate
2273 5110 2534 5182 primaevo
2586 5109 2767 5182 edicto
2804 5111 2875 5165 de
2908 5109 3257 5182 monogamia
3289 5109 3398 5182 viri

1809 5182 1995 5247 unius,
2020 5192 2075 5237 et
2102 5180 2291 5252 uxoris
2334 5182 2521 5248 unius,
2574 5181 2899 5252 polygamosg
2920 5180 3137 5238 suam
3158 5180 3399 5252 graviter

1808 5252 2034 5307 offendit
2053 5261 2109 5309 et
2132 5251 2395 5308 Pharisaei
2422 5268 2520 5306 sua
2545 5249 2612 5306 ei:
2643 5249 2854 5323 malitia
2880 5251 3101 5323 fuerunt
3129 5249 3396 5323 scandali-

1810 5323 1938 5390 zati,
1968 5339 2143 5394 usque
2171 5324 2306 5379 adeo
2352 5332 2413 5378 ut
2445 5324 2623 5393 palam
2657 5321 2960 5389 diceretur,
3002 5339 3107 5394 non
3149 5321 3395 5394 expedire

1809 5393 2241 5465 matrimonium,
2264 5394 2311 5450 si
2335 5410 2398 5449 ea
2420 5402 2692 5450 estcausa
2715 5402 2771 5448 et
2793 5393 3051 5465 obligatio
3071 5393 3392 5463 eonjugum.

1806 5464 1890 5519 An
1921 5475 2205 5547 propterea
2228 5465 2485 5547 Christus
2514 5464 2682 5547 cessit
2716 5464 3037 5547 p‘olg‘gamli‘te
3070 5464 3396 5547 introducta}

1808 5524 2368 5605 per'co'nniventiam
2426 5524 2907 5607 Mosaicam'?‘_‘S‘ic
2955 5534 3251 5607 Gregorius
3301 5532 3394 5588 Vll

1808 5603 2011 5681 ubique
2055 5616 2221 5681 urget
2254 5616 2308 5662 et
2356 5603 3160 5681 inculcatinterdictumnjukta
3183 5605 3395 5681 decreta

1809 5677 1897 5733 Ss.
1919 5674 2171 5734 Ῥαενιιῆι
2208 5679 2265 5750 in
2317 5678 2565 5750 conciliis
2591 5676 2810 5732 Nicaeno
2853 5674 3079 5750 et_aliis,
3107 5692 3230 5750 qua:
3263 5676 3393 5733 Ber-

1808 5750 2006 5805 naldus
2031 5760 2084 5806 et
2107 5750 2198 5804 alii
2228 5749 2437 5804 dudum
2462 5758 2867 5818 congesserant.
2902 5746 2977 5801 In.
3008 5746 3139 5806 ibid;

1880 5822 2027 5889 (290)
2062 5822 2141 5875 Ad
2179 5819 2555 5883 Unstruotam,
2576 5816 2639 5873 ’(1.
2668 5820 2701 5874 9
2727 5816 2874 5874 Junii
2906 5820 3059 5875 l075‘.

1882 5822 2007 5889 (290
2062 5822 2141 5875 Ad
2179 5822 2531 5876 Unstruotam

1882 5822 2027 5962 (220];
2052 5892 2110 5945 Β.
2154 5893 2178 5945 4
2217 5890 2339 5944 DCC.
2384 5889 2531 5943 1075.
