4012 6418
521 306 624 364 219

592 426 751 480 1076.

589 519 886 590 Gregorius
921 534 1059 589 papa
1104 522 1252 571 totus
1279 515 1336 569 in
1374 512 1687 570 Heinricum
1716 514 2098 585 imperatorem

520 612 815 679 invehitur,
856 620 910 667 et
956 622 1315 680 quoscunque
1362 613 1541 676 potest
1595 606 1667 660 ab
1711 620 1777 660 eo
1824 606 2005 660 verbis
2046 616 2100 662 et

517 706 737 775 scriptis
770 705 1006 771 avertit;
1041 702 1286 757 animum
1319 700 1483 754 etiam
1511 698 1738 769 Agnetis
1783 699 1978 754 matris
2008 699 2094 769 ip-

518 800 636 855 sius
683 799 753 853 ab
781 813 848 854 eo
884 798 1104 852 alienat.
1138 794 1227 865 (Α.
1261 791 1449 863 Leod.)
1476 792 1722 847 Sicarius
1751 792 1804 845 in
1838 791 2096 848 Fresou'ra

516 889 871 948 Godcfridum
900 890 1093 944 ducem
1122 886 1343 957 perimit
1369 886 1438 916 "°
1463 884 1634 955 (292).
1666 883 1782 939 Hoc
1808 900 1973 951 anno,
2001 884 2097 955 qui

514 992 599 1039 est
636 983 702 1037 15
754 998 932 1038 annus
971 979 1132 1050 primi
1164 976 1660 1034 decennoveunalis
1692 976 1811 1032 cicli
1858 978 1911 1030 in
1939 992 2096 1047 repe-

515 1076 614 1130 tito
639 1091 837 1145 magno
861 1088 1005 1145 anno
1037 1070 1288 1136 Dionisii,
1343 1070 1558 1125 duobus
1611 1069 1825 1140 magnis
1862 1071 2021 1126 annis
2065 1086 2096 1124 a

513 1162 770 1232 passione
813 1160 1029 1217 Domini
1084 1159 1367 1225 revolutis,
1411 1159 1597 1214 omnia
1635 1175 1756 1230 qua:
1780 1159 1847 1214 ad
1872 1175 2095 1214 cursum

513 1256 647 1310 solis
674 1263 735 1309 ct
790 1254 932 1309 lunas
981 1261 1248 1324 spectant,
1303 1267 1450 1307 anno
1497 1252 1784 1309 dominica
1828 1251 2097 1322 passionis

1263 420 1325 476 F.
1358 420 1443 476 16.
1623 422 1689 476 A.
1728 422 1814 477 10.

900 424 965 479 Β.
990 423 1081 479 20.

510 1346 1036 1405 concordant.Unde
1064 1356 1309 1419 apparet,
1339 1346 1486 1418 quod
1517 1346 1793 1403 Dionisius
1815 1362 1923 1401 non
1948 1355 2096 1401 recte

508 1455 687 1495 annos
721 1438 939 1494 Domini
995 1439 1135 1495 cicln
1175 1455 1277 1495 suo
1318 1438 1601 1493 auuexuit.
1649 1423 1788 1505 Quia
1839 1437 1986 1490 enim
2026 1437 2095 1491 ab

507 1548 657 1586 anno
686 1530 903 1586 Domini
937 1531 1043 1587 552
1085 1532 1282 1587 ciclum
1323 1547 1484 1587 suum
1530 1531 1743 1585 orditus
1789 1538 1892 1594 est,
1932 1529 2096 1582 nimi-

509 1646 632 1684 rum
659 1629 912 1696 intendit,
938 1630 1223 1686 Christum
1258 1629 1430 1685 fuisse
1461 1638 1649 1685 natum
1680 1643 1825 1683 anno
1851 1626 2097 1683 secundo

1695 303 2059 360 SICEBERTI
2097 306 2623 369 GEMBLACENSIS

2128 427 2177 482 Α
2202 427 2491 500 Moguntia
2517 431 2571 485 in
2602 444 2784 502 regem
2806 430 3123 501 benedixit;
3147 445 3203 489 et
3223 432 3367 490 facta
3388 450 3420 490 a
3446 433 3779 508 Moguntinis

2207 519 2472 575 seditione
2497 529 2688 577 contra
2721 536 2838 587 eos,
2884 519 3154 581 Rodulfus
3198 540 3325 581 cum
3366 527 3781 599 archiepiscopo

2205 619 2370 664 noctu
2397 611 2626 681 aufugit.
2661 610 3052 668 Hildibrandus
3085 628 3221 684 papa
3256 630 3450 672 omnes
3479 616 3780 673 adversan-

2203 710 2285 756 tes
2343 702 2656 773 imperatori
2710 704 2946 760 absolvit
2982 705 3052 759 ab
3080 704 3395 762 inﬁdelitate
3431 717 3485 763 et
3514 707 3776 778 perjurio.

2203 792 2526 863 Imperator,
2556 794 2775 864 Alpium
2806 794 3046 850 aditibus
3080 805 3272 851 contra
3311 811 3372 852 se
3412 796 3616 867 ubique
3658 813 3780 851 mu-

2203 886 2356 953 nitis,
2379 902 2571 943 omnes
2597 902 2788 942 eorum
2826 887 3055 942 insidias
3086 886 3406 955 frustratus,
3458 889 3645 944 statim
3684 904 3781 959 per

2202 976 2506 1048 Aquileiam
2537 979 2685 1033 venit
2729 978 3102 1050 Radisponam
3154 979 3327 1052 (297),
3378 989 3433 1036 et
3479 979 3780 1036 Rodulfum

2202 1070 2448 1137 adortus,
2483 1086 2608 1126 eum
2647 1070 2834 1143 fugere
2879 1071 3162 1142 compulit,
3211 1080 3266 1128 ct
3310 1072 3504 1129 iterata
3551 1072 3779 1144 expedi-

2201 1163 2349 1219 tione
2374 1162 2625 1219 Sueviam
2661 1164 3041 1235 depopulatur.

2274 1255 2433 1311 1078.
2705 1257 2797 1313 22.
3061 1258 3149 1314 18.
3403 1259 3492 1315 12.

2186 1406 2205 1431 ,⁸
2274 1345 2466 1419 (Mm)
2496 1310 2794 1404 lleinricus
2816 1310 3121 1420 imperator
3135 1310 3801 1422 Sucviam—pervagatus,,

2198 1441 2419 1496 castella
2447 1439 2667 1513 frangit,
2692 1450 2747 1497 et
2767 1442 2951 1497 omnia
2971 1442 3371 1513 depopulando,
3399 1442 3640 1498 inimicis
3661 1442 3781 1498 suis

2198 1528 2573 1599 formidinem,
2609 1532 2805 1589 amicis
2826 1532 2978 1588 addit
3020 1532 3420 1601 fortitudinem,
3455 1542 3510 1589 et
3551 1534 3781 1600 multos,

2196 1623 2293 1694 qui
2325 1639 2392 1679 ex
2428 1624 2811 1695 desperatione
2845 1640 3030 1680 rerum
3080 1641 3111 1679 a
3152 1640 3213 1681 se
3249 1623 3583 1691 defecerant,
3618 1625 3689 1680 ad
3721 1641 3783 1681 se

506 1720 710 1791 prioris
740 1721 921 1791 magni
948 1722 1109 1788 anni;
1135 1738 1201 1777 ac
1237 1737 1335 1791 per
1363 1721 1469 1775 hoc
1499 1720 1587 1775 hic
1612 1734 1791 1774 annus
1811 1733 1959 1772 anno
1994 1715 2095 1771 do—
2126 1775 2168 1791 _
2199 1715 2445 1785 retrahit.
2479 1714 2846 1771 Hcrimannus
2894 1714 3208 1786 episcopus,
3238 1714 3598 1774 Hildibrando
3625 1730 3783 1786 papa

509 1814 726 1869 minicae
755 1812 1030 1883 passionis
1060 1812 1422 1878 concordans,
1453 1809 1735 1866 debuisset
1762 1824 1885 1865 esse
1909 1806 2093 1879 magni
2127 1806 2169 1835 "
2197 1807 2265 1863 ad
2288 1808 2528 1863 animam
2560 1808 2947 1864 confederatus
2968 1823 3034 1864 ac
3064 1823 3161 1879 per
3187 1809 3293 1865 hoc
3330 1808 3652 1880 imperatori
3688 1824 3782 1865 re-

506 1904 631 1959 cicli
666 1920 844 1959 annus
872 1919 985 1958 nou
1017 1904 1104 1970 15,
1130 1903 1224 1959 sed
1266 1903 1354 1967 55,
1389 1901 1518 1972 quia
1542 1900 1588 1956 is
1617 1899 1720 1955 fuit
1747 1914 1927 1954 annus
1967 1912 2096 1968 pas-

506 1995 680 2050 sionis
713 1995 950 2051 Domini.
983 1994 1049 2049 Et
1092 2010 1187 2066 per
1236 1995 1378 2049 hanc
1404 1992 1855 2064 consequentiam
1897 1989 2094 2047 solaris

506 2094 561 2141 et
581 2086 793 2142 lunaris
814 2102 1035 2155 cursus,
1058 2084 1489 2143 concordantem
1510 2085 1836 2155 evangelica:
1857 2082 2092 2150 veritati,

506 2176 791 2233 Dionisius
822 2178 1009 2248 posuit
1038 2177 1375 2233 nativitatem
1407 2174 1612 2231 Christi
1640 2173 1828 2245 viginti
1852 2188 1964 2227 uno
1996 2187 2096 2226 an—

507 2269 595 2324 nis
617 2268 827 2323 tardius
854 2284 1019 2347 quam
1051 2267 1259 2323 debuit.
1287 2265 1422 2337 (1b.)
1459 2266 1593 2321 Gelu
1628 2280 1884 2335 magnum
1927 2279 1958 2318 a
1988 2262 2097 2317 Ka-

507 2360 685 2416 lendis
748 2359 1073 2417 Novembris
1147 2375 1325 2432 usque
1390 2359 1459 2414 ad
1536 2357 1923 2428 aequinoctium
1969 2370 2093 2409 ver-

506 2457 630 2513 nale
657 2457 746 2511 Ψ.

578 2547 739 2602 1077.
1007 2547 1098 2602 21.
1377 2544 1465 2599 17.
1721 2541 1810 2596 11.

579 2638 771 2709 (ΗΑΒ.)
832 2637 1125 2695 lleinricus
1174 2638 1476 2708 imperator
1522 2643 1715 2691 coacto
1768 2630 2097 2686 Wormacize

504 2729 741 2784 concilio
805 2728 877 2782 24
932 2728 1315 2799 episcoporum
1370 2735 1425 2780 et
1447 2725 1743 2780 multorum
1800 2721 2096 2792 primatum

505 2820 659 2892 regni
708 2819 930 2875 decerni
967 2820 1123 2891 jubet
1155 2820 1326 2891 (293),
1376 2818 1564 2874 omnia
1611 2818 1830 2872 decreta
1864 2823 1918 2870 et
1955 2812 2096 2868 facta

506 2907 847 2968 Hildibrandi
879 2913 949 2945 η’
981 2928 1135 2983 papa:
1154 2913 1311 2967 irrita
1337 2927 1460 2968 esse
1498 2910 1735 2976 debere;
1767 2908 1950 2976 ibique
1978 2921 2097 2985 om-

505 3021 606 3061 nes
628 3014 808 3076 preter
834 3021 1038 3083 paucos
1084 3004 1501 3061 Hildibrandum
1549 3003 1824 3073 abjurant,
1859 3014 2097 3071 eumque

2193 1899 2372 1966 bellis,
2397 1899 2647 1956 Mettensi
2670 1901 2804 1956 urbe
2839 1901 3076 1971 pellitur.

2268 1992 2428 2047 1079.
2464 1986 2675 2064 (1080.)
2711 1992 2803 2047 25.
3059 1987 3173 2049 19.’
3402 1993 3491 2048 15.

2269 2081 2464 2155 (Μη.)
2499 2080 2615 2137 Hoc
2648 2092 2895 2153 tempore
2937 2083 2994 2138 in
3019 2083 3230 2139 oriente
3252 2082 3419 2139 Turci
3447 2099 3615 2155 super
3643 2084 3785 2142 Ara-

2192 2175 2291 2231 bes
2319 2184 2375 2230 et
2401 2172 2708 2231 Saracenos
2737 2174 3103 2242 invaluerant,
3132 2185 3187 2233 et
3217 2176 3537 2231 Armeniam
3586 2185 3643 2232 et
3689 2175 3783 2233 Si-

2194 2268 2332 2322 riam
2366 2267 2947 2334 incursantes,multas
2968 2267 3133 2324 urbes
3148 2277 3204 2322 et
3228 2268 3402 2339 ipsam
3432 2268 3784 2324 Antiochiam

2194 2360 2434 2431 capiunt.
2462 2358 2517 2431 (1
2521 2359 2597 2430 b.)
2623 2357 2911 2415 lleinricus
2924 2359 3221 2430 imperator
3232 2360 3288 2414 in
3302 2368 3615 2431 pentecostc
3627 2360 3784 2433 (298)

2197 2458 2465 2509 conventu
2514 2450 2703 2505 habito
2735 2449 3048 2522 Moguntiaa,
3074 2450 3321 2508 decernit
3364 2448 3785 2507 Hildibrandum
3812 2455 3827 2463 “

2195 2558 2225 2597 a
2258 2550 2458 2613 papatu
2489 2556 2611 2597 esse
2648 2540 3031 2611 deponendum
3058 2559 3072 2609 ;
3114 2548 3172 2597 et
3205 2539 3642 2613 Langobardiam
3688 2557 3787 2613 pe-

2196 2640 2316 2688 tens
2352 2630 2525 2703 (299),
2579 2630 2933 2687 Guicbertum
2986 2629 3262 2686 Ravenna:
3309 2632 3784 2703 archiepiscopum

2194 2737 2295 2794 pro
2325 2720 2680 2777 Hildibrando
2705 2736 2903 2792 papam
2933 2721 3206 2793 designat.

2268 2812 2427 2869 1080.
2696 2814 2787 2869 24.
3058 2814 3150 2871 20.
3406 2816 3493 2871 14.

2266 2904 2658 2963 Hildihrandus
2686 2922 2828 2978 papa
2857 2906 3017 2978 quasi
3043 2906 3311 2964 divinitus
3339 2908 3641 2964 revelatum
3672 2908 3786 2964 sibi

2194 2999 2472 3073 prodixit,
2530 3000 2639 3055 hoc
2687 3014 2834 3055 anno
2883 2998 3086 3056 falsum
3140 3015 3324 3073 regem
3376 3015 3500 3057 esse
3546 3000 3788 3055 moritu-

507 3108 710 3169 papatu
743 3098 1106 3154 abdicandum
1145 3113 1268 3154 esse
1296 3097 1566 3168 iudicant.
1618 3091 1753 3165 (1b.)
1777 3090 2094 3146 Hildibran-
2120 3131 2170 3193 Ο
2199 3109 2321 3149 rum
2357 3092 2526 3166 (500).
2561 3092 2629 3149 Ει
2656 3108 2846 3149 verum
2875 3092 3098 3163 quidem
3140 3092 3396 3163 predixit,
3437 3092 3533 3149 sed
3589 3091 3788 3193 fefellit

505 3188 612 3245 dus
633 3199 857 3245 econtra
902 3189 1288 3261 imperatorem
1316 3187 1635 3245 Heinricum
1666 3186 1852 3241 Romae
1874 3198 2095 3241 excom—

505 3279 751 3336 municat
778 3278 951 3353 (294),
981 3280 1085 3336 sub
1125 3281 1230 3336 hoc
1255 3287 1504 3351 optentu,
1538 3288 1599 3333 ut
1638 3278 1902 3349 primates
1940 3274 2093 3346 regni

504 3371 666 3441 quasi
692 3371 840 3442 justa
870 3387 937 3428 ex
982 3387 1151 3427 causa
1181 3369 1658 3428 excommunicato
1712 3368 1824 3441 regi
1869 3375 2081 3424 contra-

503 3462 708 3519 dicant.
736 3461 1020 3519 Dominica
1047 3464 1354 3535 palmarum
1380 3463 1527 3519 circa
1551 3462 1744 3517 horam
1769 3469 1978 3518 sextam
2008 3472 2096 3513 se-

504 3570 641 3611 reno
667 3554 785 3610 celo
809 3556 964 3610 stella
987 3556 1259 3627 apparuit.
1291 3554 1639 3627 Principibus
1674 3552 1975 3617 Saxonum,
1998 3550 2093 3621 qui

503 3645 560 3701 in
597 3645 871 3717 deditione
916 3648 1289 3719 imperatoris'
1313 3655 1493 3714 erant,
1542 3646 1801 3702 relaxatis
1847 3660 1946 3714 per
1990 3658 2088 3699 eos

503 3739 703 3808 quibus
738 3740 1022 3796 commissi
1045 3749 1222 3807 erant,
1260 3738 1509 3795 Saxones
1536 3737 1804 3792 rebellant
1830 3734 2092 3790 instinctu

428 3816 445 3827 ’
505 3826 844 3886 liildibrandi
882 3848 1054 3901 papze.
1094 3830 1214 3902 Ipse
1260 3847 1400 3902 papa
1440 3844 1738 3886 occurrens
1775 3825 2091 3899 imperatori

502 3921 558 3976 in
595 3922 995 3995 Langobardia,
1033 3926 1139 3982 sub
1159 3924 1299 3981 falsa
1319 3941 1446 3982 eum
1473 3940 1606 3996 pace
1641 3924 1877 3980 absolvit
1915 3926 2088 4000 (295).

502 4013 707 4070 Omnes
735 4016 881 4070 enim
912 4017 1007 4088 qui
1042 4017 1197 4089 prius
1226 4016 1642 4072 Hildibrandum
1684 4017 2087 4089 abjuraverant,

503 4104 747 4175 perjurio
768 4107 1071 4177 perjurium
1102 4109 1466 4175 cumulantes,
1507 4108 1893 4179 imperatorem
1930 4111 2091 4183 abju-

501 4205 647 4263 rant,
678 4208 733 4253 et
759 4198 1054 4256 Rodulfum
1086 4201 1285 4258 ducem
1326 4201 1777 4273 Burgundionum
1811 4220 1977 4274 super
2033 4220 2094 4261 se

501 4296 685 4358 regem
711 4299 961 4346 statuunt
990 4292 1175 4364 (296);
1200 4308 1407 4349 corona
1434 4295 1483 4349 ei
1525 4310 1556 4347 a
1606 4310 1745 4365 papa
1775 4296 1968 4363 missa,
2001 4296 2089 4352 cui

500 4387 620 4433 erat
648 4379 974 4453 inscriptum
1011 4402 1024 4438 :
1057 4383 1223 4437 Petra
1238 4385 1385 4438 dedit
1418 4383 1601 4454 Petro,
1624 4383 1817 4439 Petrus
1840 4386 2091 4441 diadema

500 4468 753 4541 Rodulfo.
811 4472 1004 4547 (Mam)
1074 4473 1232 4531 llunc
1297 4475 1590 4548 Sigifridus
1646 4476 2095 4547 archiepiscoluts

2195 3201 2323 3241 eum
2343 3184 2411 3241 de
2444 3183 2584 3240 falso
2609 3200 2736 3257 rege
2762 3183 3078 3255 conjectura
3101 3183 3407 3240 secundum
3443 3199 3607 3241 suum
3640 3181 3787 3240 velle

2195 3292 2362 3347 super
2396 3275 2655 3334 lleinrico
2680 3291 2808 3348 rege
2829 3275 3181 3347 interpretata
3209 3275 3301 3333 '“.
3326 3275 3415 3348 (Α.
3443 3274 3633 3347 Leod.)
3664 3274 3786 3332 Rex

2196 3368 2343 3425 enim
2376 3366 2667 3425 lleinricus
2691 3366 3005 3425 Saxonibus
3026 3368 3180 3441 gravi
3202 3368 3376 3439 prelio
3400 3368 3783 3442 congreditur,

2194 3469 2250 3516 et
2292 3461 2351 3516 in
2401 3476 2699 3533 congressu
2748 3459 2921 3517 falsus
2974 3476 3071 3517 rex
3103 3458 3372 3518 Rodulfus
3412 3476 3541 3517 cum
3590 3461 3787 3517 multis

2197 3555 2449 3613 Saxoniae
2472 3554 2812 3627 principibus
2837 3554 3177 3627 extinguitur
3213 3554 3387 3628 (501).
3426 3555 3620 3629 (Μαι.)
3669 3556 3788 3614 Mo-

2194 3645 2393 3718 guncia
2450 3661 2709 3718 magnum
2759 3653 3131 3701 terrmmotum
3185 3647 3462 3718 persensit
3520 3646 3786 3709 Kalendis

2193 3736 2526 3794 Decembris.

2266 3828 2423 3885 1081.
2694 3828 2788 3884 25.
3048 3827 3139 3885 21.
3402 3833 3491 3890 15.

2266 3920 2402 3993 (1b.)
2431 3920 2720 3994 Moguncia
2748 3937 2815 3978 ex
2836 3920 3078 3977 maxima
3112 3929 3269 3993 parte
3297 3908 3552 3981 incendio
3573 3925 3787 3983 conﬂa-

2193 4014 2389 4087 gravit.
2420 4012 2651 4085 Magnus
2677 4020 3024 4068 tememotus
3054 4028 3177 4068 cum
3206 4014 3359 4085 gravi
3382 4024 3542 4072 terra:
3563 4017 3785 4089 mugitu

2194 4105 2373 4163 factus
2422 4114 2508 4163 est
2553 4105 2587 4162 6
2636 4105 2758 4161 Kal.
2793 4105 2998 4176 Aprilis
3047 4104 3136 4176 (Α.
3182 4105 3375 4181 Leod.)
3434 4109 3612 4180 prima
3640 4110 3783 4167 hora

2193 4197 2393 4264 noctis,
2428 4197 2759 4268 portendens
2787 4194 2931 4251 forte
2953 4194 3248 4252 imminens
3277 4198 3507 4268 malum,
3540 4200 3693 4271 quod
3719 4201 3785 4257 in

2192 4299 2310 4347 toto
2364 4291 2497 4346 orbe
2547 4288 2814 4356 insonuit,
2845 4296 2901 4343 et
2942 4287 3089 4343 unde
3135 4296 3281 4344 terra
3314 4290 3488 4346 doluit
3525 4300 3580 4349 et
3605 4293 3782 4352 dolet.

2195 4383 2329 4456 (1b.)
2352 4382 2643 4440 lleinricus
2667 4381 2813 4437 enim
2842 4380 3140 4452 imperator
3170 4381 3238 4437 ad
3266 4382 3650 4441 debellandum
3680 4402 3787 4458 pa.

2200 4492 2328 4546 pam
2357 4472 2773 4530 Hildibrandum
2801 4470 3011 4528 Italiam
3032 4474 3203 4544 petit;
3230 4483 3424 4534 contra
3451 4490 3616 4547 quem
3636 4492 3785 4549 papa

1783 4592 2019 4651 VARLE
2053 4589 2455 4650 LECTIONES.

572 4700 644 4734 "°
665 4703 723 4755 in
751 4718 943 4777 rasura
991 4706 1151 4777 unius
1194 4705 1349 4761 lineae
1387 4707 1496 4765 1δ.’
1511 4717 1570 4762 ut
1601 4707 1845 4772 videtur;
1874 4706 1993 4777 rell.
2017 4714 2211 4777 praeter
2229 4704 2322 4777 A._
2384 4704 2450 4736 "'
2482 4704 2540 4758 in
2578 4703 2760 4777 medio
2792 4701 2993 4774 Aprilis
3036 4701 3245 4777 mensis
3270 4704 3644 4775 superscripsit
3666 4704 3786 4760 alia

503 4786 694 4827 manus
724 4776 980 4848 aqualis.
994 4774 1085 4830 Ita
1118 4776 1297 4848 legunt
1320 4778 1439 4834 83'.
1469 4780 1567 4833 C1.
1596 4779 1672 4832 2‘.
1718 4780 1771 4834 5.
1820 4780 1896 4832 4‘.
1935 4772 2183 4848 Posthac
2210 4775 2410 4848 deleta
2443 4772 2868 4848 sunt_qua:dam,
2896 4788 3016 4848 qua
3035 4772 3176 4848 inter
3208 4772 3347 4848 hunc
3379 4782 3432 4827 et
3479 4772 3785 4848 sequeqtem

501 4857 700 4920 annum
730 4842 1052 4920 interposita
1090 4842 1321 4917 fuerunt.
1378 4850 1444 4904 A.
1472 4867 1536 4904 ea
1570 4851 1647 4904 ita
1666 4849 1935 4920 bexhibet:
1967 4846 2295 4920 Godefridus
2327 4846 2437 4920 dux
2466 4846 2524 4900 in
2564 4842 2828 4920 Fjesonia
2853 4860 2884 4898 a
2909 4842 3124 4920 ‘sicario
3144 4842 3452 4920 perimitur.

3563 4844 3610 4877 "
3637 4844 3785 4903 Gre~

499 4913 717 4981 gorium
742 4915 806 4969 ab
835 4914 932 4971 hoc
959 4913 1246 4974 inde'anno
1267 4929 1572 4975 constanter
1611 4913 1763 4975 vo'cat
1793 4919 1911 4974 85‘.
1984 4919 2054 4952 ’⁸³
2086 4917 2476 4973 Hildibrandus
2496 4947 2571 4957 —
2597 4917 2946 4987 interpretata
2975 4915 3162 4969 desunt
3188 4913 3290 4969 134'
3316 4915 3416 4970 4“.

2004 5029 2235 5088 NOTE.

572 5118 725 5260 (292)
753 5121 1137 5194 Androverpia:
1162 5124 1217 5180 id
1235 5133 1610 5249 perpetratum
1646 5129 1867 5185 tradunt
1894 5130 2008 5185 alii.

598 5191 727 5260 295)
757 5191 820 5248 D.
846 5194 919 5249 24
943 5193 1169 5251 Januar.
1202 5197 1224 5250 1
1274 5196 1361 5250 76.

598 5191 727 5264 295)
752 5191 820 5264 ρ.
846 5194 919 5249 24
943 5191 1169 5251 Jan—nar.
1202 5191 1361 5250 1076-.

595 5262 723 5332 294)
750 5262 936 5321 Mense
955 5265 1113 5321 Febr.
1142 5267 1298 5331 1076,

596 5333 723 5391 295)
752 5333 815 5389 D.
847 5335 918 5390 28
946 5334 1069 5391 Jan.
1105 5337 1263 5391 1077.
1348 5378 1353 5383 .

596 5403 726 5462 296)
755 5403 819 5460 D.
853 5406 922 5461 15
947 5406 1105 5462 Mart.
1140 5407 1297 5462 1077.

596 5474 723 5533 297)
748 5475 932 5532 Mense
961 5475 1123 5533 Maio.

594 5545 721 5605 298)
746 5545 810 5601 D.
849 5548 917 5601 12
944 5547 1091 5605 Maii.

757 5616 856 5689 Yel
893 5620 1075 5689 potius
1092 5617 1405 5689 ,Brixinam,
1436 5618 1491 5674 d.
1523 5621 1595 5676 25
1627 5619 1755 5677 Jun.
1787 5621 1943 5679 1080.

595 5687 722 5763 500)
748 5687 1047 5763 Gregorius
1088 5688 1383 5763 Yl_l,;ipse_
1398 5690 1617 5762 scripsit
1661 5693 1919 5763 episcopo
1949 5694 2075 5749 Tri-

508 5758 997 5831 (lcntinO(Eccard.
1047 5758 1107 5827 η,
1138 5758 1306 5834 176)“;
1334 5758 1551 5819 Festuiu
1593 5758 1730 5820 beati
1772 5758 1923 5821 Petri
1967 5782 2068 5821 nou

570 5263 594 5710 ξ

2114 5138 2159 5195 D
2186 5132 2335 5202 prius
2365 5126 2767 5202 trauseunduru,
2806 5140 2967 5202 quam
2988 5125 3075 5202 _in_
3093 5132 3404 5179 cunctorum
3439 5124 3633 5179 notitia
3662 5139 3784 5202 cer-

2191 5195 2391 5256 tissime
2427 5199 2651 5262 clareat,
2688 5195 2845 5254 illum
2862 5195 3160 5265 justissima
3197 5212 3308 5249 esse
3344 5195 3783 5265 excommunica-

2189 5283 2320 5326 tum.
2347 5270 2571 5335 Bonizo,
2607 5276 2755 5323 totus
2787 5263 3055 5335 Gregorio
3080 5264 3171 5319 V11
3192 5265 3408 5322 deditus
3440 5284 3455 5322 :
3488 5263 3557 5319 In
3585 5281 3784 5319 secun-

2189 5344 2257 5398 da
2312 5343 2447 5413 feria
2499 5334 2614 5415 post
2653 5334 2986 5415 pascaapud
3012 5334 3087 5415 AS.
3140 5335 3411 5415 Petrum,
3440 5351 3564 5415 cum
3602 5352 3783 5415 regem

2187 5406 2710 5475 exco'mmunicasset,
2737 5407 2930 5477 adjecit
2955 5422 2973 5459 :
3001 5406 3258 5477 omnibus
3293 5407 3437 5477 valgis
3464 5414 3650 5460 notum
3679 5406 3779 5473 sit,

2186 5484 2324 5555 quod
2363 5483 2409 5537 si
2435 5480 2684 5553 usquead
2707 5475 3047 5549 festivitatem
3071 5475 3129 5533 S.
3163 5475 3317 5531 Petri
3356 5476 3621 5532 Henricus
3669 5493 3782 5531 non

2188 5554 2488 5600 resinuaril-
2534 5560 2771 5600 mortuus
2807 5550 2907 5600 erit
2952 5556 3045 5600 aut
3087 5549 3375 5600 depositus.
3417 5546 3622 5600 Ouodsi
3674 5546 3781 5600 hoc

2188 5546 2489 5635 resipuerit,
2511 5546 2771 5635 'mortuus
2807 5550 2907 5633 erit
2952 5556 3045 5632 aut
3087 5549 3375 5619 depositus.
3417 5546 3622 5613 Quodsi
3674 5546 3778 5600 hoc

2186 5641 2289 5705 ρρῃ
2318 5622 2682 5705 ,[αεενιεκτηλιξι
2699 5621 2841 5705 credi
2866 5618 3096 5690 amplius
3133 5634 3236 5676 non
3283 5627 3506 5690 oportet.
3556 5615 3778 5691 ((Efelo

2189 5695 2288 5750 ss.
2318 5694 2467 5749 Boic.
2506 5692 2547 5758 l,
2579 5692 2730 5761 819.)

2257 5765 2408 5837 (501)
2440 5764 2500 5818 ι).
2538 5765 2603 5820 15
2627 5761 2744 5819 Oct.
2781 5761 2917 5817 1080
