3914 6314
540 269 645 324 2‘23

1716 262 2085 321 SIGEBERTL
2113 262 2639 321 GEMBLACENSIS
3704 270 3792 328 221

541 384 793 457 gentiam,
821 383 947 455 quin
973 383 1131 453 ﬁnem
1158 382 1278 455 vitta
1300 397 1410 437 sua!
1431 380 1741 456 aspiciebat.
1786 379 1855 433 Et
1888 389 1997 434 tam
2018 380 2123 434 cito
2227 395 2395 450 gnum
2419 388 2473 435 et
2506 380 2871 439 sacerdotium
2902 381 3183 450 dissentit,
3205 382 3342 439 dum
3392 381 3539 437 alter
3588 384 3796 458 alterum

541 475 795 529 induebat
822 493 876 530 se
899 474 1194 546 angelicam
1222 483 1436 541 vestem,
1464 483 1513 527 et
1534 473 1738 527 dimisit
1768 488 1842 543 ac
1884 472 2126 527 dissolvit

541 565 753 619 vincula
816 566 1053 618 omnium
1111 563 1405 617 bannorum
1452 578 1669 631 suorum
1719 562 2026 632 imperatori
2073 569 2125 617 et

539 653 683 706 omni
714 653 907 724 populo
950 654 1279 729 christiano,
1326 653 1455 727 vicis
1497 661 1547 729 et
1586 652 1850 723 defunctis
1871 693 1887 717 ,
1917 650 2125 719 clericis

540 754 591 797 et
613 744 804 810 (uicis;
832 755 883 800 et
903 726 1070 815 jussit
1094 730 1217 799 auos
1244 726 1391 798 abire
1420 744 1484 817 de
1506 726 1664 799 domo
1709 743 1990 799 Deoderici
2014 785 2030 813 ,
2073 752 2125 799 et

542 836 741 889 amicos
779 837 1116 915 imperatoris
1152 835 1446 894 ascendere.
1504 902 1507 909 _
1577 902 1585 907 _
1868 898 1873 901 _
1954 818 1966 827 .

530 964 535 968 -
616 928 776 983 1086.
924 928 990 982 Β.
1008 928 1097 984 50.
1243 927 1305 982 F.
1322 927 1412 983 26.

617 1018 863 1075 Saxones
884 1020 1074 1074 urbem
1098 1018 1447 1074 Wirziburch
1472 1019 1806 1088 obsidentes,
1833 1028 1894 1074 ut
1914 1019 2127 1090 episco-

545 1125 675 1178 pum
703 1111 875 1181 ipsius
906 1112 1235 1167 Alberonem
1280 1128 1312 1167 a
1364 1112 1577 1168 civibus
1623 1112 1913 1181 expulsum
1960 1112 2125 1168 resti-

544 1212 702 1260 tuant
730 1206 845 1261 sedi
895 1223 1030 1274 suae,
1086 1206 1378 1264 Heinricus
1434 1207 1735 1283 imperator
1790 1207 2121 1280 aggreditur.

1559 902 1625 981 Α.
1643 926 1733 982 eo.

2223 475 2685 543 excommunicat,
2722 475 2859 530 alter
2906 476 3134 533 alterius
3179 477 3797 538 excommunicationem

2223 573 2319 619 aut
2339 581 2405 620 ex
2427 581 2607 622 causa:
2636 576 2730 622 aut
2767 583 2834 628 ex
2859 582 3107 638 persona:
3132 569 3451 639 prejudicio
3479 569 3734 641 despicit;
3755 583 3800 629 et

2223 657 2353 712 dum
2390 658 2527 713 alter
2566 658 2622 712 in
2647 659 2891 715 alterum
2920 660 3446 716 excommunicandi
3499 662 3799 721 auctoritate

2223 751 2399 822 magis
2426 766 2494 807 ex
2521 767 2625 808 suo
2657 752 2836 821 libitu,
2867 768 3032 823 quam
3059 768 3126 808 ex
3144 754 3381 824 iustitia
3405 764 3662 824 respectu
3684 758 3798 813 abu-

2221 840 2375 907 titur,
2404 840 2700 897 auctoritas
2726 841 2893 909 illius,
2924 840 3019 912 qui
3043 841 3191 897 dedit
3244 851 3595 913 potestatem
3621 844 3797 916 ligandi

2224 946 2291 987 ac
2312 931 2584 1001 solvendi,
2607 933 2832 989 omnino
2851 933 3154 1004 despicitur
3183 933 3277 1006 (cf.
3312 933 3425 1005 Ep.
3454 934 3620 1006 εἰς.)
3648 935 3797 990 Nimi-

2223 1038 2368 1088 rum,
2404 1008 2466 1077 ut
2487 1037 2620 1092 pace
2643 1023 2891 1079 omnium
2928 1024 3198 1081 benorum
3220 1023 3472 1080 dixerim
3495 1065 3512 1091 ,
3566 1025 3681 1080 haec
3703 1025 3797 1079 sola

2226 1113 2460 1180 novitas,
2490 1128 2559 1169 ne
2584 1115 2761 1171 dicam
2789 1116 3021 1184 heresis,
3048 1117 3281 1172 necdum
3317 1116 3379 1171 in
3404 1116 3619 1172 mundo
3642 1132 3794 1173 emer-

2204 1212 2404 1272 serat,
2436 1215 2496 1260 ut
2521 1207 2838 1263 sacerdotes
2863 1208 3043 1275 illius,
3072 1208 3169 1279 qui
3212 1208 3354 1265 dicit
3391 1209 3515 1280 regi
3557 1216 3797 1280 apostata,

524 1295 652 1360 Sed
688 1298 963 1354 exercitus
1010 1298 1130 1368 ejus
1180 1298 1444 1367 divinitus
1493 1297 1786 1355 exterritus
1833 1300 2021 1366 cessit,
2072 1309 2128 1357 et
2172 1304 2280 1373 σει
2300 1296 2394 1366 qui
2422 1313 2651 1368 regnare
2681 1296 2814 1354 facit
2849 1300 3155 1371 ypocritam
3198 1308 3435 1371 propter
3474 1309 3798 1372 peccatapa-

541 1388 857 1444 ceeiderunt
887 1406 954 1444 ex
985 1391 1069 1446 eis
1098 1391 1223 1460 plus
1249 1406 1417 1461 quam
1440 1392 1474 1446 1
1505 1390 1678 1458 milia,
1702 1407 1732 1446 a
1763 1401 1918 1462 parte
1949 1391 2126 1448 Saxo-

543 1497 674 1535 num
706 1482 771 1536 14
794 1490 1007 1537 tantum
1041 1484 1242 1554 occisis
1267 1483 1439 1555 (512).
1462 1483 1643 1547 Nimia
1666 1495 1931 1554 aquarum
1960 1485 2127 1540 inun-

542 1573 693 1628 datio
716 1575 903 1630 multis
926 1576 980 1630 in
1013 1575 1151 1633 locis
1177 1577 1380 1633 damno
1399 1587 1454 1633 et
1474 1578 1718 1647 periculo
1740 1576 1862 1633 fuit.
1893 1577 1952 1632 In
1974 1577 2127 1632 Italia

545 1672 697 1721 tanta
722 1665 951 1721 diluvies
978 1664 1100 1732 fuit,
1134 1676 1194 1722 ut
1218 1683 1382 1738 rupes
1412 1668 1624 1739 liquore
1658 1684 1927 1738 aquarum
1947 1667 2128 1723 disso-

2226 1389 2362 1460 puli,
2393 1389 2625 1445 doceant
2648 1391 2943 1461 populum,
2987 1392 3137 1463 quod
3166 1392 3329 1449 malis
3364 1392 3598 1464 regibus
3618 1394 3798 1448 nullam

2226 1479 2460 1535 debeant
2481 1481 2898 1552 subiectionem,
2927 1492 2982 1539 et
3006 1484 3135 1540 licet
3158 1485 3210 1540 ei
3243 1493 3665 1541 sacramentum
3690 1485 3795 1542 ﬁde

2228 1571 2399 1628 litatis
2449 1572 2698 1642 fecerint,
2735 1575 2943 1630 nullam
2986 1584 3173 1632 tamen
3218 1576 3551 1633 ﬁdelitatem
3573 1577 3796 1643 debeant,

2231 1679 2331 1720 nec
2362 1664 2567 1735 perjuri
2601 1666 2886 1735 dicantur,
2939 1667 3035 1739 qui
3060 1676 3252 1724 contra
3292 1684 3490 1740 regem
3518 1670 3792 1735 senserint;

526 1756 693 1823 ,lutae,
722 1758 905 1827 plures
928 1759 1085 1824 villas
1126 1760 1285 1816 ruina
1338 1776 1438 1816 sua
1493 1759 1939 1815 exterminarent.
1973 1757 2129 1813 Casi-
2161 1750 2209 1804 B
2231 1756 2343 1811 imo
2365 1755 2595 1829 quiregi
2626 1752 2871 1828 paruerit
2894 1774 2995 1829 pro
3016 1761 3512 1817 excommunicatn
3539 1761 3794 1825 habeatur,

541 1852 795 1906 nensium
831 1852 1001 1909 abbas
1031 1852 1365 1919 Desiderius,
1420 1852 1516 1923 qui
1581 1861 1637 1908 et
1682 1851 1888 1919 Victor,
1934 1859 2126 1907 contra

543 1939 878 1996 Clementem
928 1943 990 1996 ﬁt
1021 1957 1195 2013 papa,
1238 1942 1331 1999 sed
1397 1942 1725 2001 dissenteria
1780 1941 2123 2006 dissolutus,

526 2049 655 2089 non
697 2020 872 2087 multo
894 2041 1020 2104 post
1040 2036 1276 2089 moritur
1305 2034 1477 2106 (515).
1527 2033 1823 2090 Anselmus
1861 2032 2126 2089 Lucensis

544 2124 857 2195 episcOpus,
895 2124 1235 2181 llildibrandi
1270 2142 1421 2198 papae
1449 2135 1771 2197 cooperator
1795 2125 2124 2194 indefessus,

541 2216 686 2286 apud
710 2215 991 2283 Mantuam
1022 2218 1253 2273 exulans
1273 2218 1506 2273 moritur
1537 2217 1721 2290 (314);
1747 2218 1842 2289 qui
1862 2219 1919 2273 in
1940 2217 2126 2274 Hiere-

541 2306 712 2361 miam
740 2314 796 2373 et
825 2309 878 2362 in
902 2307 1152 2365 Psalmos
1191 2316 1459 2364 tractatus
1487 2309 1693 2377 edidit,
1731 2318 1786 2365 et
1820 2311 2122 2369 doctrinam

530 2397 887 2457 .llildibrandi
909 2401 1050 2458 libro
1075 2402 1356 2458 luculento
1386 2402 1764 2471 conﬁrmavit;
1807 2403 1967 2475 cujus
1991 2421 2123 2461 san-

540 2492 705 2548 ctitas
729 2493 1014 2551 miraculis
1034 2494 1315 2551 declarata
1335 2502 1439 2551 est.
1484 2495 1810 2553 Domestica:
1844 2512 1994 2565 aves,
2024 2514 2124 2568 pa-

534 2602 729 2654 vones,
757 2587 970 2658 gallina:
994 2595 1050 2643 et
1075 2603 1246 2655 aucte,
1275 2605 1306 2644 a
1329 2589 1586 2646 domibus
1613 2605 1675 2646 se
1716 2597 2122 2659 extraneantcs,

538 2678 681 2749 ﬁunt
701 2679 984 2735 si‘lvaticm.

613 2770 771 2825 1087.
1025 2771 1116 2827 51.
1365 2771 1457 2825 27.
1683 2772 1776 2828 21.

614 2861 761 2917 Inter
788 2862 1171 2932 imperatorem
1202 2870 1259 2920 et
1287 2861 1534 2918 Saxones
1572 2863 1730 2918 vario
1762 2873 1959 2920 eventu
2002 2864 2126 2936 plus

2228 1848 2321 1916 qui
2343 1856 2534 1903 contra
2564 1865 2746 1921 regem
2773 1849 2981 1920 fecerit,
3009 1866 3042 1907 a
3069 1867 3211 1908 noxa
3232 1852 3535 1924 iniustitiae
3562 1860 3617 1909 et
3639 1851 3794 1924 perju-
3884 1848 3885 1855 “

2229 1939 2297 1994 rii
2330 1939 2666 1996 absolvatur.

2302 2033 2462 2089 1089.
2498 2024 2708 2105 (1090.)
2782 2034 2874 2091 33.
3090 2036 3182 2092 29.
3409 2035 3506 2091 25.

2301 2126 2390 2197 (Α.
2423 2125 2612 2200 Leod.)
2648 2128 2892 2184 Coloniae
2937 2138 3061 2200 post
3103 2128 3401 2201 Siguinum
3460 2128 3793 2185 Herimannus

2228 2218 2515 2275 ordinatur
2560 2220 3006 2292 archiepiscopus
3054 2221 3227 2293 (517).
3288 2219 3595 2277 Godefrido
3646 2218 3787 2290 (318),

2227 2309 2506 2367 Godefridi
2529 2310 2777 2368 Gimbosi
2802 2326 2870 2367 ex
2899 2326 3089 2368 sorore
3131 2312 3344 2383 nepoti,
3391 2312 3613 2367 tandem
3658 2309 3790 2365 datur

2225 2403 2460 2460 ducatus
2482 2403 2869 2476 Lotbaringize.
2893 2402 3027 2476 (ιθ.)
3049 2404 3241 2460 Annus
3267 2404 3561 2476 pestilens,
3587 2401 3788 2457 maxime

2227 2495 2285 2551 in
2306 2495 2628 2553 occidentali
2659 2505 2813 2569 parte
2838 2496 3237 2568 Lotharingim;
3287 2497 3410 2552 ubi-
3433 2496 3612 2563 multi,
3657 2507 3787 2550 sacro

2228 2588 2340 2660 igni
2375 2588 2643 2645 interiora
2692 2596 3052 2645 consumente
3084 2597 3616 2660 computrescentes,
3638 2585 3785 2642 exesis
3884 2656 3885 2659 η

2227 2679 2470 2735 menbris
2494 2679 2670 2737 inStar
2691 2672 2993 2736 carbonum
3036 2672 3503 2752 nigrescentibus,
3544 2687 3636 2734 aut
3651 2677 3785 2732 mise-

2222 2769 2474 2825 rabiliter
2502 2770 2836 2839 moriuntur,
2866 2779 2961 2826 aut
2999 2771 3254 2827 manibus
3272 2779 3333 2828 et
3378 2771 3610 2843 pedibus
3632 2778 3784 2839 putre-

2226 2860 2387 2917 factis
2457 2862 2694 2918 truncati
2716 2904 2733 2931 ,
2796 2863 3183 2919 miserabiliori
3238 2864 3370 2920 vitae
3429 2868 3779 2923 reservantur,
3884 2848 3885 2921 Ῐ

544 2954 662 3010 vice
686 2955 921 3025 simplici
944 2963 1240 3027 pugnatur.
1291 2954 1530 3027 (Transi.
1572 2953 1632 3011 S.
1668 2954 1820 3027 Nic.)
1866 2955 1927 3010 In
1971 2955 2129 3011 Italia
2228 2953 2384 3009 multi
2409 2969 2536 3009 vero
2562 2943 2854 3010 nervorum
2888 2955 3262 3011 contractione
3303 2953 3529 3011 distorti
3575 2959 3780 3006 tormen—

533 3045 864 3101 ‘Venetianis
891 3046 1284 3103 meditantibus
1309 3046 1528 3103 auferre
1558 3060 1760 3118 corpus
1807 3048 1985 3103 sancti
2030 3046 2125 3102 Ni-

530 3141 719 3196 cbelai
742 3157 774 3195 a
804 3140 984 3213 Myrea
1013 3140 1192 3213 Lyciae
1216 3156 1249 3196 a
1279 3138 1474 3196 Turcis
1499 3140 1765 3208 desolata,
1788 3155 2092 3211 preoccupa
2108 3172 2125 3182 ο

538 3240 738 3286 verunt
756 3247 851 3288 eos
880 3230 1155 3289 Varenses
1185 3232 1335 3288 cives
1366 3247 1598 3287 numero
1622 3230 1719 3299 47,
1762 3239 1819 3286 et
1845 3232 1915 3287 ab
1937 3231 2127 3288 Antio-

540 3325 666 3380 ehia
708 3324 951 3397 Myre'am
991 3324 1305 3391 venientes,
1331 3307 1363 3379 ἐ
1389 3323 1425 3378 4
1451 3323 1737 3379 monachis
1782 3331 1997 3380 tantum
2048 3324 2123 3380 ibi

537 3418 776 3474 inventis
815 3426 1165 3474 extorserunt
1212 3416 1316 3473 sibi
1365 3416 1579 3472 ostendi
1615 3416 1863 3472 tumbam
1907 3415 2120 3484 sancti;

541 3508 932 3580 qua‘etl‘racta,
985 3525 1114 3565 ossa
1166 3507 1345 3565 sancti
1390 3507 1445 3561 in
1491 3506 1598 3562 olei
1635 3505 1849 3577 liquore
1882 3506 2125 3561 natantia

532 3597 754 3675 integro
778 3618 1007 3658 numero
1048 3586 1427 3667 extraxerunt:
1463 3609 1520 3655 et
1546 3598 1733 3653 Varim
1782 3614 1909 3654 cum
1954 3596 2126 3668 gloria

534 3696 857 3750 attulerunt.
882 3693 1047 3750 Facta
1075 3702 1159 3750 est
1180 3694 1298 3748 haec
1320 3688 1608 3746 translatio
1655 3705 1802 3745 anno
1830 3688 1933 3744 745
1967 3704 1999 3744 a
2029 3689 2125 3745 de-

537 3788 805 3857 positione
833 3786 1009 3841 sancti
1052 3783 1300 3841 Nicholai
1338 3781 1510 3854 (515).
1532 3780 1717 3837 Pisces
1739 3780 1794 3834 in
1819 3778 1978 3851 aquis
2002 3795 2122 3836 mo~

538 3880 757 3936 riuntur
794 3876 884 3931 ⁸⁸⁸.

611 3972 774 4030 1088.
951 3971 987 4039 3
1022 3969 1114 4025 se.
1361 3968 1453 4023 28.
1668 3968 1762 4024 se.

612 4063 672 4117 In
706 4062 980 4135 llyspania
1017 4078 1113 4118 rex
1144 4060 1385 4117 Galliciae
1406 4058 1592 4115 Amful
1624 4058 1929 4117 Saracenos
1964 4058 2125 4116 forti-

534 4166 622 4213 ter
644 4148 879 4212 debellat
903 4197 918 4222 ,
958 4149 1019 4211 et
1036 4154 1288 4211 Toletum
1319 4195 1334 4221 ,
1374 4151 1671 4209 maximam
1693 4167 1884 4210 eorum
1910 4154 2122 4222 urbem,

539 4264 637 4321 per
665 4249 875 4319 aliquot
902 4264 1076 4305 annos
1129 4249 1414 4305 obsessam
1440 4246 1662 4303 tandem
1717 4256 2023 4318 expugnat,
2071 4254 2127 4303 et

539 4339 749 4396 cultum
782 4338 1195 4395 Christianitatis
1220 4338 1276 4393 in
1304 4353 1369 4394 ea
1395 4337 1604 4393 dilatat.
1617 4335 1735 4394 Odo
1756 4352 1827 4394 ex
1851 4338 2124 4394 monacho

2152 3093 2199 3156 C

2230 3053 2433 3101 tantur.

2304 3137 2461 3194 1090.
2781 3140 2872 3195 54.
3090 3137 3180 3195 50.
3402 3138 3497 3194 24.

2303 3224 2594 3288 Heinricus
2619 3218 2916 3303 imperator
2959 3233 3028 3289 ad
3059 3231 3419 3288 debellandos
3469 3229 3776 3286 adversantes
3884 3232 3885 3235 ‘

2220 3323 2335 3389 sibi
2368 3323 2579 3380 Italiam
2602 3326 2836 3396 reppetit
2878 3324 3051 3399 (319).
3084 3323 3462 3380 Herimannus
3491 3330 3730 3395 tyrannus
3752 3331 3775 3368 ι

2229 3415 2467 3472 Saxonia
2512 3415 2923 3488 Lotharingiam
2983 3424 3234 3487 repetens
3259 3457 3275 3483 ,
3343 3415 3416 3471 ad
3464 3407 3775 3470 concitandos

2225 3510 2381 3581 regni
2408 3517 2592 3566 motus
2617 3510 2849 3566 laborat.
2874 3508 2979 3577 Qui
3006 3509 3137 3565 dum
3174 3523 3338 3563 muro
3369 3504 3576 3564 castelli
3619 3499 3774 3570 cujus-

2220 3601 2351 3657 dam
2383 3600 2601 3657 incaute
2633 3601 3003 3672 approximat,
3038 3599 3188 3671 jacto
3217 3599 3286 3655 de
3306 3599 3453 3655 turri
3478 3590 3607 3653 saxo
3630 3593 3679 3648 in
3701 3603 3772 3643 ca-

2225 3691 2337 3761 pite
2357 3688 2686 3762 percutitur,
2714 3676 2775 3748 et
2787 3692 3023 3748 moritur
3048 3690 3222 3765 (520).
3247 3689 3437 3748 Mettis
3461 3700 3650 3757 corpus
3671 3695 3772 3737 san-

2225 3783 2296 3855 cti
2316 3782 2632 3853 Clementis,
2664 3784 2829 3856 primi
2854 3783 3097 3855 episcopi
3119 3783 3188 3839 ab
3210 3783 3479 3854 apostolis
3506 3779 3611 3836 illic
3646 3771 3769 3830 ordi-

2224 3876 2362 3945 nati,
2391 3877 2672 3932 inventum
2697 3877 2926 3932 levatur.
2969 3873 3342 3932 Herimannus
3370 3874 3648 3945 episcopus
3668 3878 3769 3935 ρετ·

2223 3968 2399 4025 missu
2431 3968 2776 4039 imperatoris
2794 3982 2824 4022 a
2845 3966 3200 4023 Mettensibus
3230 3967 3370 4023 urbe
3392 3972 3646 4034 receptus.
3663 3956 3767 4010 dum

2225 4071 2349 4132 post
2371 4061 2661 4132 prandium
2691 4061 2986 4117 liberaliter
3011 4059 3346 4115 celebratum
3372 4059 3428 4113 in
3466 4057 3598 4111 lecto
3620 4064 3672 4105 se
3696 4059 3766 4099 re-

2226 4155 2488 4227 clinasset
2510 4197 2526 4223 ,
2568 4163 2822 4210 mortuus
2853 4152 3130 4209 invenitur
3154 4151 3227 4198 ’β’
3266 4150 3442 4222 (521).
3480 4146 3539 4202 in
3567 4135 3765 4198 Saxonia

2226 4245 2497 4318 Egbertus
2516 4261 2724 4313 comes,
2753 4245 2884 4301 dum
2909 4245 3096 4300 fideles
3130 4241 3481 4313 imperatoris
3501 4235 3632 4293 bello
3655 4230 3768 4284 inse-

2226 4337 2435 4407 quitur,
2477 4343 2532 4392 et
2573 4336 2689 4407 ipse
2722 4333 3029 4406 perimitur.
3065 4331 3336 4389 Sterilitas
3395 4329 3602 4399 frugum
3640 4327 3766 4375 tem!

537 4431 884 4489 Cluniacensi
909 4432 1199 4504 episcopus
1224 4428 1716 4498 Ostiensis,contra
1737 4429 2119 4501 imperatorem
2154 4472 2201 4532 υ
2229 4432 2492 4502 augescit,
2520 4440 2574 4486 et
2603 4429 2778 4486 fames
2797 4428 3059 4500 paulatim
3083 4426 3291 4497 irrepit.

537 4534 597 4582 et
630 4526 982 4582 Guicbertum
1023 4526 1084 4581 fit
1122 4541 1283 4597 papa,
1325 4532 1380 4580 et
1413 4522 1669 4581 Urbanus
1719 4522 2034 4579 nominatur
2049 4523 2153 4599 “7,

537 4619 713 4692 (316).
743 4618 884 4676 Hinc
908 4619 962 4674 in
986 4618 1233 4676 azcclesia
1263 4615 1521 4674 scandala
1547 4616 1683 4672 etin
1734 4629 1907 4688 regno
1954 4630 2121 4686 auge-

537 4708 699 4769 acunt
719 4713 967 4780 discidia,
996 4713 1125 4767 dum
1153 4712 1289 4767 alter
1312 4711 1382 4766 ab
1403 4710 1574 4765 altero
1596 4708 1854 4776 dissidet,
1879 4707 2009 4763 dum
2035 4723 2122 4763 re—

2300 4521 2460 4578 1091.
2784 4523 2873 4578 55.
3090 4519 3153 4576 51
3165 4560 3179 4575 .
3401 4516 3492 4573 25.

2299 4612 2433 4686 (Ιὸ.)
2471 4612 2761 4670 Heinricus
2785 4612 3155 4684 imperatoria
3185 4608 3342 4665 [talia
3374 4602 3586 4666 castella
3600 4602 3649 4652 et
3666 4602 3761 4647 nlu-

2227 4707 2466 4764 nitiones
2496 4708 2901 4764 adversantium
2928 4706 3032 4763 sibi
3051 4712 3349 4777 expugnat,
3369 4701 3631 4758 Mantuam
3648 4695 3761 4757 ‘1“0‘

1837 4800 2075 4857 VARI/1?.
2106 4799 2509 4857 LECTIONES.

615 4897 686 4938 ’⁸⁸
714 4891 959 4952 Postliwc
989 4898 1043 4951 in
1075 4897 1126 4952 1.
1154 4897 1292 4951 inter
1313 4895 1450 4951 hunc
1475 4905 1525 4950 et
1549 4903 1847 4965 sequentem
1873 4910 2072 4949 annum
2098 4894 2348 4965 quazdam
2374 4893 2634 4965 inscripta
2665 4901 2840 4961 erant,
2858 4892 2978 4964 jam
3019 4907 3197 4947 erasa.
3234 4881 3598 4960 "'-Sequentia
3633 4871 3758 4942 luti"

538 4968 667 5027 anni
709 4969 889 5043 omnia
912 4968 1101 5023 desunt
1129 4967 1247 5024 83'.
1276 4967 1398 5023 ω’.
1472 4967 1543 4998 ³⁸⁸
1578 4963 1946 5021 llerimannus
1973 4994 2045 5004 -—
2076 4963 2351 5020 invenitur
2385 4963 2575 5019 desunt
2599 4963 2663 5020 D.

2033 5053 2264 5113 ΝΟΤΛΕ.

540 5164 646 5207 nus
669 5146 964 5219 Spirensis,
990 5149 1201 5217 Wecilo
1239 5147 1592 5220 Moguntinus
1618 5147 1860 5220 invasor,
1887 5147 2118 5219 Sigefri-

539 5221 645 5293 dus
679 5221 1042 5293 Augustensis
1067 5245 1082 5286 ι,
1120 5219 1419 5293 Norbertus
1445 5219 1749 5293 Cur-iensis,
1773 5232 1899 5293 cum
1924 5220 2121 5293 arden-

540 5291 691 5345 tibus
711 5288 955 5347 ea'ndelis
976 5292 1419 5346 anatliematizati
1450 5309 1462 5344 :
1492 5298 1628 5345 teste
1654 5288 1924 5345 Bcrtoldo.
1953 5288 2019 5345 Hi
2039 5299 2125 5347 sat

542 5370 699 5433 erant
724 5363 925 5429 astuti,
958 5364 1024 5417 ad
1060 5362 1390 5432 palinodiam
1431 5360 1694 5433 Gregorio
1733 5358 1823 5433 Vll
1860 5360 2122 5433 allingen-

537 5431 662 5485 dam
714 5433 767 5505 in
814 5431 1075 5505 sequente
1103 5432 1466 5505 conciliabula
1521 5431 1860 5505 llloguntino.
1900 5431 2117 5489 "Alsz-

537 5517 690 5567 nrzlu,
729 5504 899 5560 Cone.
919 5504 1095 5559 Germ.
1128 5504 1215 5568 ΙΙΙ,
1236 5504 1364 5559 25-1.

610 5574 761 5642 (512)
786 5575 849 5629 1),
882 5576 941 5629 11
976 5575 1115 5642 Aug.
1149 5576 1305 5631 1086.

1411 5646 1654 5714 electus,
1704 5646 1934 5703 moritur
1965 5644 2018 5700 d.
2055 5643 2119 5699 16

540 5728 676 5784 εριη.
712 5728 811 5769 ws
826 5728 861 5769 l.

2316 5146 2442 5219 514)
2476 5143 2541 5199 D.
2571 5142 2639 5198 19
2660 5140 2819 5196 Mart.
3054 5209 3065 5223 .
3110 5209 3123 5221 .
3594 5193 3606 5205 ,
3663 5182 3705 5241 η

2321 5218 2446 5241 quan
2487 5217 2614 5241 an...
2676 5212 2878 5241 Ιηηηηιι
2917 5209 3303 5241 ιιι-Λιιιιιηὶηηιιη
3327 5207 3642 5241 numne-man

2316 5149 2442 5219 3M)
2477 5149 2541 5199 D.
2571 5149 2639 5198 19
2660 5149 2819 5196 Mart.
3054 5209 3065 5223 .
3110 5209 3123 5221 .
3594 5193 3606 5205 ο
3663 5182 3705 5241 ﬂ

2293 5149 2447 5291 $315)
2476 5217 2649 5291 Auct._
2668 5212 2878 5291 Joanne
2902 5209 3304 5291 archidiacono
3327 5207 3573 5264 Barensc,
3592 5207 3642 5248 In
3706 5197 3753 5238 ο·

2225 5280 2411 5349 sandri
2430 5280 2672 5356 'append.
2696 5283 2769 5356 ad
2793 5282 3016 5337 Surium
3044 5296 3098 5353 p.
3121 5280 3246 5336 599.

2295 5348 2548 5431 (516)15-
2579 5354 2665 5431 12·
2693 5348 2853 5431 lien-

2323 5429 2451 5491 517)
2486 5428 2551 5483 D.
2575 5425 2665 5480 25.
2697 5422 2806 5478 Jul.
3008 5486 3011 5491 η

2316 5490 2443 5564 518)
2484 5499 2559 5553 De
2582 5495 2855 5564 Bullonio,
2883 5494 2996 5550 ﬁlio
3017 5490 3124 5551 Idae
3144 5491 3454 5549 comitissaa.

2299 5566 2447 5641 (319)
2583 5566 2741 5641 Mart.
2782 5585 2865 5641 --ς

2303 5632 2454 5711 (520)
2489 5637 2560 5711 b1.
2591 5634 2933 5711 Sept._1088,
2958 5644 3092 5693 teste
3114 5632 3382 5691 Bernoldo

2309 5706 2459 5781 (321)
2491 5707 2552 5763 D.
2583 5709 2616 5764 4
2641 5706 2784 5762 Maii.
2868 5716 2871 5719 <
