3914 6314
98 359 194 417 225

1528 348 1873 407 CllRONICA
1884 391 1896 403 .

3239 353 3348 411 226

98 486 193 545 que
216 468 430 526 obsidet
455 476 515 524 et
533 466 677 538 capit
699 463 1055 539 (322).Bona2
1067 463 1345 519 memoriae
1370 461 1661 519 Heiuricus
1690 466 1733 523 A
1762 476 1858 516 sus
1883 461 1912 512 7
1944 459 2070 515 ldus
2095 460 2323 532 Augusti
2352 461 2573 533 eclipsis
2602 463 2745 521 lunae
2768 462 2909 520 facta
2941 473 3044 521 est.
3075 464 3212 539 (1b.)
3245 467 3353 525 0c-
3423 470 3428 475 ’

100 559 503 619 Laodicensium
533 558 846 630 episcopus,
877 563 1092 612 amator
1111 554 1263 624 pacis
1298 566 1352 610 et
1382 554 1663 625 religionis

97 655 197 710 obit
228 650 400 725 (525),
422 651 590 723 eique
617 649 878 706 Otbertus
908 663 973 704 ex
1004 646 1152 703 clero
1178 645 1425 717 ejusdem
1470 647 1663 703 accele-

98 746 179 802 sia‘.
196 741 462 799 succedit.

153 833 302 890 1092.
442 831 527 888 ιι.
562 830 650 888 '56.
797 829 860 887 F.
901 828 989 886 δε.
1136 825 1305 897 aee.

151 924 450 981 Guilelmus
473 939 572 979 rex
599 922 923 993 Anglorum,
952 920 1039 976 vir
1082 918 1378 990 singularis
1415 931 1666 974 censurae

94 1032 139 1075 et
169 1016 502 1083 severitatis,
525 1015 641 1071 obit
664 1012 840 1086 (524).
886 1012 1190 1069 Guilelmus
1216 1010 1365 1067 ﬁlius
1397 1011 1518 1082 ejus
1539 1026 1666 1067 suc-

95 1111 235 1166 cedit.
263 1108 649 1165 lncentoribus
672 1105 930 1163 Saxonici
953 1104 1080 1160 belli
1102 1103 1520 1174 omnibuspene
1541 1118 1664 1174 per-

94 1202 291 1273 emptis,
316 1201 573 1258 Saxones
611 1199 817 1272 pertesi
844 1199 1142 1264 malorum,
1185 1196 1488 1267 composita
1522 1197 1664 1252 inter

96 1312 144 1352 se
159 1309 283 1365 pace
310 1293 614 1364 quiescunt
639 1293 709 1348 ab
728 1291 881 1348 omni
916 1299 1071 1347 motu
1093 1289 1385 1346 bellorum.
1412 1289 1662 1349 Westl'ali

96 1385 388 1441 Fresoan
420 1383 690 1455 aggressi,
719 1378 914 1440 omnes
934 1396 1073 1454 pene
1103 1397 1136 1437 a
1164 1380 1499 1438 Fresonibus
1517 1381 1663 1452 peri-

96 1486 293 1533 muntur
320 1476 391 1511 ω
412 1475 590 1548 (525).

150 1570 299 1625 1095.

628 1568 718 1624 57.
937 1568 1028 1624 55.
1286 1568 1312 1622 1
1325 1609 1338 1623 .

150 1661 423 1717 Conradus
457 1660 611 1716 illius
644 1661 991 1732 imperatoris
1026 1658 1267 1716 Heinrici
1296 1661 1354 1715 in
1399 1658 1554 1715 Italia
1602 1675 1662 1716 se
1706 1691 1714 1695 ε

95 1753 327 1823 adpatris
361 1754 451 1810 sui
485 1753 838 1809 adversarios
892 1753 1154 1819 contulit;
1203 1761 1258 1808 et
1304 1743 1490 1809 multis
1533 1768 1594 1809 se
1626 1769 1658 1808 a

96 1852 222 1913 patre
255 1842 322 1898 ad
349 1842 532 1898 tilium
556 1842 917 1911 vertentibus,
958 1843 1076 1899 haec
1101 1859 1192 1900 res
1217 1845 1430 1915 priores
1482 1846 1657 1916 patris

96 1929 320 1990 victorias
361 1935 605 1990 multum
635 1934 901 2000 oﬂ'uscat,
931 1944 988 1990 et
1016 1936 1163 1992 vires
1214 1936 1336 2007 ejus
1389 1945 1655 1994 attenuat.

94 2022 311 2080 iaculum
339 2025 582 2098 ignitum
628 2042 658 2083 a
710 2028 937 2084 meridie
959 2029 1025 2084 ad
1062 2029 1373 2099 aquilonem
1410 2046 1509 2101 per
1548 2046 1657 2086 cte-

91 2116 187 2171 lum
213 2116 336 2173 ferri
368 2118 558 2175 visum
588 2127 676 2175 est
696 2117 954 2176 Kalendis
1001 2112 1268 2191 Augusti,
1315 2119 1492 2191 prima
1521 2122 1659 2177 hora

96 2209 266 2265 noctis.
552 2252 555 2255 -
659 2247 663 2251 -

153 2300 296 2357 1094.
630 2302 720 2358 58.
850 2307 855 2311 ’
937 2305 1027 2359 54.
1284 2304 1339 2359 2.

150 2393 228 2463 (Α.
253 2393 436 2464 Leod.)
458 2393 525 2450 In
548 2394 723 2451 Gallia
754 2405 808 2452 et
835 2395 1127 2453 Germania
1157 2399 1342 2468 gravis
1370 2398 1659 2455 hominum

100 2485 366 2541 mortalitas
393 2485 546 2543 facta
566 2494 670 2543 est.
685 2486 746 2543 In
773 2486 925 2543 italia
949 2488 1049 2555 illi,
1067 2489 1160 2558 qui
1185 2505 1245 2545 se
1272 2489 1339 2545 ad
1362 2491 1660 2561 imperato-

103 2590 192 2630 rem
217 2577 282 2632 ah
300 2578 563 2635 hostibus
587 2579 710 2649 ejus
730 2580 1148 2647 transtulerant,
1208 2596 1276 2636 eo
1298 2602 1301 2606 -
1323 2583 1393 2637 ad
1430 2582 1661 2639 Galliam
1704 2570 1712 2579 ’

104 2667 226 2737 (326)
258 2684 503 2738 reverso,
533 2686 729 2728 omnes
754 2687 893 2743 pene
931 2672 1000 2728 ad
1028 2671 1217 2729 hostes
1265 2674 1386 2745 ejus
1439 2691 1662 2751 rursum

102 2768 372 2832 transeunt,
412 2772 471 2819 et
501 2764 841 2822 munitiones
881 2766 952 2821 ab
989 2780 1056 2822 eo
1096 2777 1435 2839 expugnatas
1469 2778 1662 2826 contra

105 2865 205 2907 eum
230 2855 503 2912 muniunt.

160 2943 297 3023 9095.-
625 2948 718 3004 59.
936 2944 1027 3007 55.
1280 2954 1333 3008 δ.

160 3033 274 3107 (11).)
329 3036 530 3096 Fames
585 3039 678 3096 diu
723 3051 985 3113 concepta
1040 3044 1377 3101 validissime
1410 3047 1664 3119 ingrava-

1766 555 2062 612 cidcntales
2082 555 2289 625 populi,
2313 555 2559 613 dolentes
2578 557 2700 614 loca
2737 567 2925 615 sancta
2954 558 3350 635 Hierosolymis

1766 664 1799 702 a
1848 646 2141 718 gentilibUs
2181 646 2483 717 profanari,
2527 658 2582 704 et
2630 650 2842 706 Turcos
2878 651 3043 707 etiam
3084 638 3352 709 terminos

1766 737 2194 794 Christianorum
2217 738 2333 809 jam
2366 740 2543 795 multa
2575 756 2642 796 ex
2678 753 2832 812 parte
2867 742 3155 810 invasisse,
3189 745 3352 800 innu—

1765 828 2056 884 merabiles
2096 844 2207 884 una
2259 831 2594 901 aspiratione
2654 817 2811 899 moti,
2857 834 3141 889 ct'multis
3179 835 3350 905 signis
3396 894 3401 897 _

1765 920 1868 975 sibi
1891 921 2149 987 ostensis,
2180 922 2267 976 alii
2318 923 2388 1001 ah
2419 923 2540 978 aliis
2589 923 2837 990 animati,
2876 924 3064 992 duces,
3101 925 3351 991 comites,
3456 952 3463 959 -

1764 1020 2031 1081 potentes,
2060 1013 2270 1069 nobiles
2304 1029 2368 1068 ac
2402 1013 2688 1085 ignobiles,
2732 1014 2927 1070 divites
2964 1023 3019 1070 et
3062 1030 3349 1086 pauperes,

1764 1102 1918 1157 liberi
1957 1112 2011 1158 et
2043 1104 2209 1170 servi,
2238 1104 2506 1175 episcopi,
2546 1104 2752 1173 clerici,
2798 1107 3075 1174 monachi,
3109 1122 3269 1163 senes
3297 1115 3351 1162 et
3388 1182 3394 1189 .
3454 1160 3457 1161 ν

1758 1194 1993 1265 juvenes
2020 1195 2184 1249 etiam
2223 1195 2379 1265 pueri
2408 1198 2464 1251 et
2506 1196 2717 1266 puellm,
2749 1212 2942 1253 omnes
2977 1213 3089 1252 uno
3141 1199 3350 1265 animo,

1764 1287 1974 1341 nullum
2028 1287 2140 1341 ullo
2197 1286 2549 1357 augariante,
2595 1288 2838 1360 undique
2858 1272 3227 1357 concurrunt,
3280 1291 3352 1346 ab

1764 1377 2044 1449 Hispania,
2062 1396 2092 1433 a
2113 1362 2418 1446 Provintia,
2443 1381 2513 1436 ab
2533 1379 2849 1451 Aquitania,
2899 1397 2928 1436 a
2976 1380 3281 1446 Britannia,
3314 1396 3349 1437 a

1769 1468 2000 1537 Scottia,
2041 1471 2110 1525 ab
2130 1471 2345 1543 Anglia,
2375 1487 2407 1527 a
2449 1470 2806 1539 Normannia,
2831 1489 2861 1528 a
2889 1471 3143 1540 Francia,
3167 1489 3198 1527 a
3229 1472 3342 1528 Lo-

1764 1561 2055 1633 tbaringia,
2081 1578 2112 1616 a
2135 1560 2474 1634 Burgundia,
2500 1579 2531 1618 a
2556 1562 2872 1631 Germania,
2898 1579 2929 1619 a
2951 1562 3353 1634 Langobardia,

1763 1656 1833 1711 ab
1865 1654 2061 1725 Apulia
2110 1664 2165 1711 et
2208 1656 2277 1712 ab
2319 1657 2445 1713 aliis
2502 1656 2716 1729 regnis;
2766 1665 2822 1713 et
2856 1657 3061 1735 virtute
3088 1665 3143 1712 et
3196 1657 3354 1728 signo

1763 1734 1967 1806 sancta:
1989 1748 2170 1805 crucis
2206 1749 2405 1821 signati
2440 1757 2495 1805 et
2535 1751 2753 1818 armati,
2807 1752 2981 1806 ultum
3033 1751 3114 1807 ire
3154 1758 3353 1821 parant

1760 1841 1999 1913 injurias
2019 1840 2116 1897 Dei
2140 1842 2194 1896 in
2220 1842 2408 1898 hostes
2438 1842 2727 1898 christiani
2757 1843 3019 1900 nominis.
3046 1842 3113 1898 Et
3146 1852 3355 1914 quanto

1759 1934 1996 2005 quisque
2044 1933 2309 1989 hactenus
2344 1933 2413 2009 ad
2459 1934 2819 1990 exercendam
2873 1935 3065 1991 mundi
3102 1935 3353 1990 militiam

1708 2034 1709 2037 ‘
1758 2034 1878 2080 erat
1906 2024 2155 2095 pronior,
2190 2033 2342 2080 tanto
2384 2040 2533 2083 nunc
2576 2024 2644 2079 ad
2678 2026 3039 2082 exercendam
3078 2026 3224 2081 ultro
3258 2024 3356 2079 Dei

1760 2116 2014 2173 militiam
2067 2115 2127 2172 ﬁt
2173 2116 2502 2187 promptior.
2548 2114 2895 2171 Firmissima
2947 2132 3080 2187 pace
3134 2116 3354 2173 interim

1760 2211 1964 2283 ubique
2011 2209 2336 2281 composita,
2373 2218 2428 2264 et
2450 2207 2630 2279 primo
2663 2206 2870 2265 Judeos
2907 2209 2962 2264 in
2995 2209 3243 2277 urbibus,
3298 2209 3355 2263 in

1706 2302 1711 2305 ’
1761 2305 1963 2376 quibus
1990 2312 2168 2371 erant,
2202 2301 2469 2375 aggressi,
2500 2286 2597 2357 eos
2639 2300 2707 2356 ad
2730 2301 3090 2382 credendum
3133 2292 3358 2356 Christo

1762 2398 2115 2468 compellunt,
2165 2396 2391 2453 credere
2435 2394 2683 2450 nolentes
2710 2393 2872 2449 bonis
2907 2383 3144 2464 privant,
3188 2382 3349 2448 truCi-
3391 2384 3397 2427 ί

1762 2493 1916 2558 dant,
1941 2484 2627 2557 autgurbibuseliminant.
2657 2485 2842 2556 Aliqui
2878 2492 3006 2561 post
3032 2485 3099 2539 ad
3127 2484 3351 2540 Judais-

1764 2586 1916 2637 mum
1965 2580 2339 2635 revolvuntur.
2400 2574 2729 2631 Eminebant
2771 2576 2829 2630 in
2864 2575 2971 2630 hoc
3007 2572 3105 2629 Dei
3146 2573 3361 2630 hostico

1764 2678 1876 2733 dux
1898 2674 2266 2746 Lotharingiaa
2293 2670 2625 2728 Godefridus
2658 2679 2715 2727 et
2762 2669 2961 2726 fratres
2996 2669 3116 2741 ejus
3158 2669 3359 2725 Eusta-

1769 2770 1880 2825 tius
1916 2778 1971 2824 et
2004 2767 2322 2833 Balduinus,
2351 2764 2654 2820 Balduinus
2682 2778 2869 2820 comes
2893 2762 3215 2830 Montensis,
3248 2759 3360 2816 llo-

1707 2878 1711 2882 ‘
1770 2864 1962 2919 bertus
1986 2870 2183 2918 comes
2219 2858 2599 2926 Flaudrensis,
2644 2857 2956 2928 Stephanus
3008 2871 3195 2912 comes
3238 2855 3360 2911 Ble-

1771 2956 1971 3022 seusis,
2004 2953 2160 3025 Hugo
2179 2951 2349 3008 frater
2372 2951 2516 3023 regis
2541 2950 2581 3004 F
2587 2965 2900 3017 raucorum,
2926 2947 3225 3003 Rotbertus
3263 2962 3358 3003 co—

1771 3063 1889 3103 mes
1919 3043 2288 3109 Normanniae,
2331 3041 2674 3098 Reimundus
2705 3055 2890 3097 comes
2912 3041 2980 3096 de
3018 3039 3204 3095 Sancti
3233 3037 3361 3112 Egi-

106 3132 192 3194 tur,
220 3137 269 3184 et
302 3130 360 3185 tit
402 3147 591 3187 annus
633 3134 1019 3204 calamitosus,
1075 3137 1264 3192 multis
1323 3137 1468 3194 fame
1507 3141 1663 3195 labo-
1691 3155 1733 3216 (ς
1765 3139 1863 3207 dii,
1889 3136 2262 3208 Bojamundus
2289 3134 2402 3190 dux
2423 3133 2653 3205 Apulizc.

107 3218 322 3275 rantibus
341 3230 395 3276 et
414 3223 755 3293 pauperibus
776 3241 877 3295 per
900 3224 1046 3280 furta
1067 3233 1125 3281 et
1152 3226 1401 3282 incendia
1431 3229 1659 3286 ditiores

109 3311 309 3377 graviter
327 3315 677 3371 vexantibus.
713 3317 853 3372 Cum
888 3318 1071 3374 valido
1111 3327 1401 3374 ventorum
1443 3322 1661 3377 turbine

108 3398 242 3455 etiam
284 3396 627 3462 terraemotus
677 3405 855 3463 factus
883 3416 967 3463 est
1009 3409 1207 3479 media}
1234 3420 1413 3478 nocte,
1446 3412 1480 3467 4
1535 3411 1662 3469 ldus

110 3493 411 3558 septembris.
436 3484 1194 3569 RexAnglorumaft'atrihus
1224 3502 1342 3557 suis
1372 3503 1515 3559 bello
1549 3506 1662 3561 sol-

112 3580 311 3641 licitatur
335 3588 387 3641 in
402 3587 743 3646 Normannia
769 3599 825 3647 et
847 3591 1062 3665 Anglia.
1088 3593 1149 3649 in
1188 3597 1359 3651 multa
1384 3605 1659 3654 terrarum

113 3681 235 3739 parte
267 3676 433 3745 pridie
476 3675 665 3736 Nonas
708 3679 913 3751 Aprilis
961 3681 1106 3752 circa
1146 3683 1448 3742 diluculum
1493 3688 1663 3744 stella:
1708 3700 1711 3705 '

115 3762 350 3830 perplures
394 3766 565 3823 simul
609 3769 677 3825 de
705 3770 847 3825 caelo
881 3770 936 3825 in
976 3779 1177 3828 terram
1225 3773 1488 3833 cecidisse
1529 3779 1661 3835 visae

117 3862 241 3921 sunt;
267 3856 398 3913 inter
421 3875 569 3930 quas
602 3876 769 3916 unam
800 3863 1099 3919 maximam
1136 3866 1245 3921 labi
1276 3867 1331 3921 in
1368 3876 1660 3926 terracum

117 3943 297 4009 quidam
330 3949 383 4004 in
417 3948 657 4007 Francia
689 3962 952 4024 stuperet,
988 3965 1041 4012 et
1063 3967 1254 4015 notato
1276 3960 1397 4015 loco
1424 3961 1516 4016 ubi
1551 3963 1660 4019 labi

118 4034 209 4090 Visa
230 4048 322 4107 est,
350 4057 478 4098 cum
515 4059 714 4115 aquam
746 4045 821 4101 ibi
861 4046 1110 4117 fudisset,
1142 4050 1355 4106 fumum
1392 4069 1518 4109 cum
1547 4054 1659 4111 fer-
1708 4038 1712 4043 ⁴

116 4130 232 4185 toris
253 4148 377 4189 sono
417 4135 551 4192 inde
582 4137 732 4193 exire
766 4141 941 4212 magis
968 4144 1200 4213 stupuit.
1244 4142 1535 4203 Heinricus
1561 4164 1659 4204 co-

118 4221 571 4285 mesLovaniensis
593 4230 897 4298 perimitur.
934 4231 993 4287 In
1024 4235 1285 4292 comitatu
1330 4236 1660 4297 Namuccnsi

117 4326 274 4379 panem
303 4321 731 4379 subcinericium
774 4327 933 4396 quasi
969 4330 1237 4399 sanguine
1282 4331 1541 4389 infectum
1577 4336 1661 4389 vi-

117 4399 280 4461 dimus.
301 4406 412 4466 Rex
443 4410 796 4484 Ungarorum
847 4417 1077 4472 moritur
1097 4418 1188 4473 ¹⁶⁰.
1231 4418 1366 4491 (Ιὸ.)
1402 4420 1658 4480 Urbanus

116 4504 191 4581 lter
212 4493 570 4570 Burgundiam
597 4513 653 4560 et
686 4504 978 4562 Franciam
1012 4508 1216 4566 habitis
1243 4513 1512 4581 conciliis,
1542 4513 1659 4570 Hil—
1690 4501 1739 4561 Ι)
1837 4520 1997 4574 1098.

117 4580 322 4644 dibrandi
347 4593 567 4650 decreta
607 4606 836 4653 renovat
877 4608 933 4654 et
980 4600 1296 4672 conﬁrmat;
1340 4603 1654 4678 Philippum

120 4689 261 4773 regem
311 4685 668 4759 Francorum,
713 4693 809 4763 qui
845 4693 1062 4750 vivente
1094 4712 1267 4753 uxore
1306 4713 1406 4755 sua
1458 4716 1654 4773 super-

120 4763 305 4920 “uirga;
319 4777 544 4838 alterius
570 4781 803 4840 viventis
840 4799 1091 4852 uxorem,
1120 4763 1580 4845 excommunica't.

291 4907 306 4920 .
550 4873 641 4920 ιο,
894 4876 981 4920 εςθῄ
1238 4881 1272 4920 Α

291 4907 306 4922 .
550 4873 642 4930 40.
894 4876 983 4933 56.
1238 4881 1272 4935 4

169 4949 376 5029 Eclipsis
417 4963 564 5021 luna;
607 4964 750 5023 facta
774 4977 860 5026 est
907 4969 941 5023 5
969 4921 1122 5028 Ἰᾶιιε
1164 4921 1469 5029 Februarii.
1511 4972 1659 5030 Itur-‘-

1834 3229 1994 3286 1097.
2247 3227 2338 3283 41.
2600 3226 2690 3282 57.
2770 3236 2775 3241 ’
2940 3225 2994 3280 5.

1834 3318 1970 3393 (1b.)
1994 3317 2249 3374 Cometes
2270 3319 2326 3373 in
2359 3318 2640 3374 occidente
2664 3315 2914 3388 apparuit
2936 3323 3050 3370 tota
3072 3314 3247 3387 prima
3270 3316 3360 3372 eh-
3467 3353 3473 3357 -

1762 3412 1997 3470 domada
2022 3409 2296 3467 Octobris.
2316 3409 2502 3465 Nimia
2545 3426 2816 3481 aquarum
2862 3409 3222 3465 inundatione
3262 3426 3359 3465 auo

1762 3505 2004 3561 tunnalis
2032 3502 2173 3559 satio
2193 3502 2506 3573 impeditur,
2543 3502 2884 3557 et‘sterilitas
2928 3501 3148 3575 frugum
3196 3511 3360 3558 terra:

1763 3594 2031 3670 sequitur.
2065 3595 2352 3653 Exercitus
2374 3595 2470 3650 Dei
2492 3609 2785 3667 aggressus
2814 3595 3083 3663 terminos
3115 3611 3357 3667 pagano-

1762 3690 1908 3759 rum,
1937 3690 2169 3747 viriliter
2197 3689 2345 3759 agit;
2396 3686 2747 3758 primumque
2776 3685 2858 3741 eis
2902 3684 3005 3740 fuit
3053 3686 3256 3741 bellum
3287 3687 3353 3740 ad
3392 3676 3397 3683 ’

1762 3793 1984 3855 pontem
2032 3782 2323 3854 Pharphar
2374 3778 2651 3845 ﬂuminis,
2709 3778 2743 3833 9
2798 3775 2919 3832 Kal.
2995 3775 3203 3843 Martii,
3258 3776 3356 3830 ubi

1761 3875 1919 3930 multi
1941 3873 2247 3929 Turcorum
2270 3870 2438 3928 occisi
2461 3877 2589 3925 sunt
2612 3868 2786 3942 (527).
2814 3867 3128 3924 Secundum
3153 3866 3233 3922 eis
3254 3866 3359 3922 fuit

1762 3966 1964 4022 bellum
1990 3964 2132 4036 apud
2178 3962 2422 4030 Niccam,
2456 3962 2490 4018 5
2516 3960 2701 4018 Nonas
2739 3959 2918 4016 Martii
2949 3959 3121 4033 (528),
3150 3959 3204 4013 in
3239 3974 3354 4030 quo

1760 4058 1926 4114 etiam
1974 4058 2169 4130 pagani
2207 4058 2339 4113 victi
2375 4063 2521 4112 sunt.
2555 4054 2681 4128 (Ep.
2727 4055 2918 4126 cruci].
2955 4052 3154 4126 [529].)
3185 4052 3356 4125 Capta

1761 4168 1894 4224 ergo
1924 4151 2111 4220 Nicea,
2134 4160 2292 4224 capta
2319 4151 2482 4207 etiam
2516 4148 2794 4215 Laodicia,
2855 4163 2979 4204 cum
3019 4155 3204 4203 essent
3232 4146 3359 4216 plus

1761 4226 1927 4320 quam
1948 4255 2192 4303 trecenta
2224 4245 2375 4300 milia
2399 4252 2737 4299 armatorum
2764 4242 2819 4296 in
2840 4241 3081 4296 exercitu
3106 4238 3357 4294 0111181.ίὲ-
3394 4314 3398 4318 _

1761 4356 1981 4407 norum,
2006 4347 2159 4395 tanta
2189 4338 2269 4394 eis
2313 4336 2559 4393 omnium
2601 4351 2783 4391 rerum
2818 4333 3138 4404 suppetebat
3166 4331 3353 4411 copia,

1763 4440 1823 4484 ut
1851 4430 1995 4485 aries
2013 4444 2123 4484 uno
2149 4442 2395 4495 nummo,
2414 4427 2516 4483 bos
2543 4427 2631 4481 vix
2656 4428 2723 4480 l2
2753 4426 2994 4491 nummis
3008 4423 3352 4479 venderetur.

2248 4518 2341 4574 42.
2597 4517 2687 4572 58.
2941 4514 2995 4569 6.

1837 4606 1972 4682 (1b.)
2010 4606 2245 4663 Obsessa
2288 4605 2579 4660 Antiochia
2619 4605 2675 4659 in
2699 4614 2913 4660 tantum
2938 4603 3203 4659 attenuati
3226 4612 3359 4660 sunt

1766 4699 2054 4757 christiani
2090 4707 2313 4768 propter
2341 4695 2589 4752 omnium
2635 4710 2818 4749 rerum
2857 4692 3164 4765 penuriam,
3193 4702 3256 4749 ut
3298 4693 3355 4747 in

1765 4800 1881 4846 toto
1909 4790 2151 4845 exercitu
2188 4789 2278 4842 vix
2313 4795 2534 4843 centum
2562 4787 2694 4842 boni
2715 4786 2842 4857 equi
2869 4786 3267 4843 invenirentur.
3290 4785 3359 4839 Et
3394 4772 3399 4775 ’

1764 4892 1948 4938 tamen
1970 4881 2223 4952 quamvis
2244 4896 2312 4935 ex
2334 4880 2718 4950 desperatione
2738 4896 2923 4936 rerum
2950 4881 3108 4935 multi
3138 4895 3198 4935 se
3225 4878 3357 4935 sub—

1766 4973 2056 5041 traxeriut,
2080 4973 2239 5028 multi
2265 4973 2430 5029 etiam
2462 4973 2899 5044 repatriaverint,
2933 4988 3082 5030 nono
3111 4972 3354 5030 obsidio-

1375 5107 1606 5166 VARIE
1647 5109 2054 5168 LECTIONES.

174 5206 229 5242 ³⁸⁹
252 5208 487 5272 Westfali
514 5248 585 5257 —
612 5220 978 5290 perimuntur.
1008 5222 1196 5277 desunt
1234 5223 1297 5279 D.
1329 5222 1493 5280 Totus
1518 5243 1688 5282 annus
1719 5229 1865 5287 deest
1892 5228 1962 5283 A.
1999 5227 2070 5260 ’⁸ο
2101 5227 2168 5283 R.
2204 5226 2272 5283 U.
2302 5244 2377 5283 m.
2410 5228 2597 5283 desunt
2625 5226 2744 5283 83‘.
2775 5228 2898 5285 (14⁵.

1595 5361 1828 5420 NOTAE.

223 5451 301 5533 ἓὲὶ
326 5455 386 5533 '2-
418 5459 485 5533 10
510 5463 690 5533 April-

198 5520 305 5595 §ts)
337 5527 482 5585 0.51
509 5520 657 5590 niui.

223 5451 301 5524 22)
326 5455 386 5513 D.
418 5459 485 5515 10
516 5463 600 5533 Ap

198 5520 305 5595 325)
337 5527 397 5584 D.
421 5531 482 5585 51
509 5531 602 5588 Ma?

227 5593 308 5726 21)
350 5601 412 5674 A.
443 5601 602 5659 1087.

200 5662 288 5719 525
345 5668 403 5725 D.
430 5671 491 5726 21
520 5673 602 5726 Jul

179 5731 304 5812 (ᾗὲίξ)
325 5737 373 5812 l_._
388 5756 435 5795 e.
472 5743 819 5800 Germaniam
853 5756 914 5802 ut
950 5747 1109 5812 1020,
1132 5750 1295 5807 1058.

200 5596 288 5649 524
350 5601 412 5654 Α.
443 5601 602 5659 1087.

200 5662 288 5719 525
345 5668 403 5725 1).
430 5671 491 5727 21
520 5673 632 5730 Jul.

200 5596 437 5857 iii
458 5743 632 5857 .322:

183 5802 309 5876 (327)
331 5807 437 5868 Hoc
456 5813 652 5871 falsum
679 5835 693 5884 ;
725 5817 796 5874 cf.
832 5817 1025 5875 iiirsch
1052 5802 1172 5876 150.

1756 5478 2013 5603 mag?!"
2049 5479 2209 5537 Em“
2260 5481 2630 5553 Sisebertns;
2686 5482 2893 5541 factum
2945 5496 3133 5537 mense
3184 5479 3352 5536 Maio.

1822 5548 2082 5695 ἒὲεξῖᾎᾱ
2103 5623 2333 5678 verbum
2368 5622 2655 5695 desumpta
2691 5642 2757 5680 ex
2794 5621 3020 5693 epistola
3052 5576 3357 5695 crucifcro-

1756 5705 1880 5747 rum
1907 5693 1974 5746 ad
2005 5691 2323 5750 Pascltalem
2357 5691 2627 5764 papam—:1.
2668 5695 2805 5750 1100
2828 5691 2979 5761 data,
3004 5694 3145 5749 apud
3178 5692 3356 5751 Dodo-

1758 5763 1984 5817 chlnum
2016 5781 2066 5819 a.
2099 5765 2275 5831 110ος
2316 5766 2388 5819 cf.
2427 5763 2676 5820 Ekkcbar
2703 5782 2755 5819 a.
2794 5764 2951 5819 1098.
