  <div class='ocr_page' id='page_1' title='image "/cluster/home/n/w/nwhite01/storage/ocr_20150623/160/hvd.32044015473846/120.png"; bbox 0 0 3914 6314; ppageno 0'>
   <div class='ocr_carea' id='block_1_1' title="bbox 100 372 197 427">
    <p class='ocr_par' dir='ltr' id='par_1_1' title="bbox 100 372 197 427">
     <span class='ocr_line' id='line_1_1' title="bbox 100 372 197 427; baseline 0.01 -1"><span class='ocrx_word' id='word_1_1' title='bbox 100 372 197 427; x_wconf 65' lang='grc' dir='ltr'><strong><em>ΩΞΘ</em></strong></span> 
     </span>
    </p>
   </div>
   <div class='ocr_carea' id='block_1_2' title="bbox 1550 366 1919 425">
    <p class='ocr_par' dir='ltr' id='par_1_2' title="bbox 1550 366 1919 425">
     <span class='ocr_line' id='line_1_2' title="bbox 1550 366 1919 425; baseline -0.008 -1"><span class='ocrx_word' id='word_1_2' title='bbox 1550 366 1919 425; x_wconf 83' lang='lat' dir='ltr'><strong><em>CIIRONICA.</em></strong></span> 
     </span>
    </p>
   </div>
   <div class='ocr_carea' id='block_1_3' title="bbox 3256 368 3367 430">
    <p class='ocr_par' dir='ltr' id='par_1_3' title="bbox 3256 368 3367 430">
     <span class='ocr_line' id='line_1_3' title="bbox 3256 368 3367 430; baseline 0.018 -2"><span class='ocrx_word' id='word_1_3' title='bbox 3256 368 3367 430; x_wconf 71' lang='lat'><strong><em>250</em></strong></span> 
     </span>
    </p>
   </div>
   <div class='ocr_carea' id='block_1_4' title="bbox 104 474 3364 553">
    <p class='ocr_par' dir='ltr' id='par_1_4' title="bbox 104 474 3364 553">
     <span class='ocr_line' id='line_1_4' title="bbox 104 474 3364 553; baseline -0.001 -14"><span class='ocrx_word' id='word_1_4' title='bbox 104 491 200 539; x_wconf 85' lang='lat' dir='ltr'><strong><em>test</em></strong></span> <span class='ocrx_word' id='word_1_5' title='bbox 235 481 307 536; x_wconf 87' lang='lat' dir='ltr'><strong><em>ab</em></strong></span> <span class='ocrx_word' id='word_1_6' title='bbox 334 495 405 536; x_wconf 90' lang='lat' dir='ltr'><strong><em>eo</em></strong></span> <span class='ocrx_word' id='word_1_7' title='bbox 451 481 667 547; x_wconf 75' lang='lat' dir='ltr'><strong><em>avertit,</em></strong></span> <span class='ocrx_word' id='word_1_8' title='bbox 709 488 778 535; x_wconf 88' lang='lat' dir='ltr'><strong><em>et.</em></strong></span> <span class='ocrx_word' id='word_1_9' title='bbox 797 480 900 537; x_wconf 85' lang='lat' dir='ltr'><strong><em>sub</em></strong></span> <span class='ocrx_word' id='word_1_10' title='bbox 942 484 1167 551; x_wconf 90' lang='lat' dir='ltr'><strong><em>optentu</em></strong></span> <span class='ocrx_word' id='word_1_11' title='bbox 1211 479 1560 535; x_wconf 69' lang='lat' dir='ltr'><strong><em>meliorandze</em></strong></span> <span class='ocrx_word' id='word_1_12' title='bbox 1597 482 1675 533; x_wconf 88' lang='lat' dir='ltr'><strong><em>rei</em></strong></span> <span class='ocrx_word' id='word_1_13' title='bbox 1704 481 1751 536; x_wconf 77' lang='grc' dir='ltr'><strong>Α</strong></span> <span class='ocrx_word' id='word_1_14' title='bbox 1775 479 1811 549; x_wconf 56' lang='lat' dir='ltr'><strong><em>gl</em></strong></span> <span class='ocrx_word' id='word_1_15' title='bbox 1845 476 1986 530; x_wconf 89' lang='lat' dir='ltr'><strong><em>Non.</em></strong></span> <span class='ocrx_word' id='word_1_16' title='bbox 2028 474 2339 532; x_wconf 75' lang='lat' dir='ltr'><strong><em>Novembris</em></strong></span> <span class='ocrx_word' id='word_1_17' title='bbox 2370 478 2520 549; x_wconf 74' lang='grc'><strong>(541)</strong></span> <span class='ocrx_word' id='word_1_18' title='bbox 2565 479 2620 533; x_wconf 90' lang='lat' dir='ltr'><strong><em>in</em></strong></span> <span class='ocrx_word' id='word_1_19' title='bbox 2659 479 2832 533; x_wconf 89' lang='lat' dir='ltr'><strong><em>sedem</em></strong></span> <span class='ocrx_word' id='word_1_20' title='bbox 2862 479 3208 550; x_wconf 86' lang='lat' dir='ltr'><strong><em>apostolicam</em></strong></span> <span class='ocrx_word' id='word_1_21' title='bbox 3235 497 3364 553; x_wconf 84' lang='lat' dir='ltr'><strong><em>pro-</em></strong></span> 
     </span>
    </p>
   </div>
   <div class='ocr_carea' id='block_1_5' title="bbox 102 570 1677 643">
    <p class='ocr_par' dir='ltr' id='par_1_5' title="bbox 102 570 1677 643">
     <span class='ocr_line' id='line_1_5' title="bbox 102 570 1677 643; baseline -0.002 -17"><span class='ocrx_word' id='word_1_22' title='bbox 102 572 322 643; x_wconf 71' lang='lat' dir='ltr'><strong><em>publica:</em></strong></span> <span class='ocrx_word' id='word_1_23' title='bbox 373 580 431 626; x_wconf 86' lang='lat' dir='ltr'><strong><em>et</em></strong></span> <span class='ocrx_word' id='word_1_24' title='bbox 482 571 857 626; x_wconf 70' lang='lat' dir='ltr'><strong><em>restaurandaa</em></strong></span> <span class='ocrx_word' id='word_1_25' title='bbox 899 570 1176 636; x_wconf 64' lang='lat' dir='ltr'><strong><em>aacclesite,</em></strong></span> <span class='ocrx_word' id='word_1_26' title='bbox 1224 570 1277 623; x_wconf 93' lang='lat' dir='ltr'><strong><em>in</em></strong></span> <span class='ocrx_word' id='word_1_27' title='bbox 1325 583 1451 624; x_wconf 90' lang='lat' dir='ltr'><strong><em>eum</em></strong></span> <span class='ocrx_word' id='word_1_28' title='bbox 1495 570 1677 624; x_wconf 82' lang='lat' dir='ltr'><strong><em>insur-</em></strong></span> 
     </span>
    </p>
   </div>
   <div class='ocr_carea' id='block_1_6' title="bbox 101 659 1678 733">
    <p class='ocr_par' dir='ltr' id='par_1_6' title="bbox 101 659 1678 733">
     <span class='ocr_line' id='line_1_6' title="bbox 101 659 1678 733; baseline -0.001 -16"><span class='ocrx_word' id='word_1_29' title='bbox 101 662 278 733; x_wconf 72' lang='lat' dir='ltr'><strong><em>git&#39;&quot;.</em></strong></span> <span class='ocrx_word' id='word_1_30' title='bbox 313 659 651 731; x_wconf 77' lang='lat' dir='ltr'><strong><em>Excerptum</em></strong></span> <span class='ocrx_word' id='word_1_31' title='bbox 679 660 925 730; x_wconf 67' lang='lat' dir='ltr'><strong><em>epistolae</em></strong></span> <span class='ocrx_word' id='word_1_32' title='bbox 955 661 1175 715; x_wconf 70' lang='lat' dir='ltr'><strong><em>directa:</em></strong></span> <span class='ocrx_word' id='word_1_33' title='bbox 1215 659 1468 715; x_wconf 82' lang='lat' dir='ltr'><strong><em>Heinrico</em></strong></span> <span class='ocrx_word' id='word_1_34' title='bbox 1509 661 1678 731; x_wconf 88' lang='lat' dir='ltr'><strong><em>impe-</em></strong></span> 
     </span>
    </p>
   </div>
   <div class='ocr_carea' id='block_1_7' title="bbox 99 751 1677 823">
    <p class='ocr_par' dir='ltr' id='par_1_7' title="bbox 99 751 1677 823">
     <span class='ocr_line' id='line_1_7' title="bbox 99 751 1677 823; baseline -0.002 -14"><span class='ocrx_word' id='word_1_35' title='bbox 99 753 254 809; x_wconf 87' lang='lat' dir='ltr'><strong><em>ratori</em></strong></span> <span class='ocrx_word' id='word_1_36' title='bbox 302 769 334 807; x_wconf 90' lang='lat' dir='ltr'><strong><em>a</em></strong></span> <span class='ocrx_word' id='word_1_37' title='bbox 394 751 686 808; x_wconf 85' lang='lat' dir='ltr'><strong><em>Guarnero</em></strong></span> <span class='ocrx_word' id='word_1_38' title='bbox 719 752 965 823; x_wconf 85' lang='lat' dir='ltr'><strong>principe</strong></span> <span class='ocrx_word' id='word_1_39' title='bbox 986 752 1408 807; x_wconf 82' lang='lat' dir='ltr'><strong><em>Anchonitano:</em></strong></span> <span class='ocrx_word' id='word_1_40' title='bbox 1445 752 1677 818; x_wconf 83' lang='lat' dir='ltr'><strong><em>Quidam</em></strong></span> 
     </span>
    </p>
   </div>
   <div class='ocr_carea' id='block_1_8' title="bbox 99 838 1676 915">
    <p class='ocr_par' dir='ltr' id='par_1_8' title="bbox 99 838 1676 915">
     <span class='ocr_line' id='line_1_8' title="bbox 99 838 1676 915; baseline -0.001 -15"><span class='ocrx_word' id='word_1_41' title='bbox 99 838 343 900; x_wconf 64' lang='lat' dir='ltr'><strong><em>Romani:</em></strong></span> <span class='ocrx_word' id='word_1_42' title='bbox 399 843 659 898; x_wconf 71' lang='lat' dir='ltr'><strong><em>cecclesia:</em></strong></span> <span class='ocrx_word' id='word_1_43' title='bbox 696 843 906 911; x_wconf 80' lang='lat' dir='ltr'><strong><em>clerici,</em></strong></span> <span class='ocrx_word' id='word_1_44' title='bbox 935 845 1026 914; x_wconf 92' lang='lat' dir='ltr'><strong><em>qui</em></strong></span> <span class='ocrx_word' id='word_1_45' title='bbox 1060 860 1156 915; x_wconf 90' lang='lat' dir='ltr'><strong><em>pro</em></strong></span> <span class='ocrx_word' id='word_1_46' title='bbox 1197 844 1457 914; x_wconf 78' lang='lat' dir='ltr'><strong><em>religiosis</em></strong></span> <span class='ocrx_word' id='word_1_47' title='bbox 1489 854 1541 898; x_wconf 89' lang='lat' dir='ltr'><strong><em>et</em></strong></span> <span class='ocrx_word' id='word_1_48' title='bbox 1584 861 1676 899; x_wconf 89' lang='lat' dir='ltr'><strong><em>sa-</em></strong></span> 
     </span>
    </p>
   </div>
   <div class='ocr_carea' id='block_1_9' title="bbox 98 931 1676 1005">
    <p class='ocr_par' dir='ltr' id='par_1_9' title="bbox 98 931 1676 1005">
     <span class='ocr_line' id='line_1_9' title="bbox 98 931 1676 1005; baseline 0 -18"><span class='ocrx_word' id='word_1_49' title='bbox 98 933 350 1004; x_wconf 85' lang='lat' dir='ltr'><strong><em>pientibus</em></strong></span> <span class='ocrx_word' id='word_1_50' title='bbox 394 932 745 997; x_wconf 86' lang='lat' dir='ltr'><strong><em>habebantur,</em></strong></span> <span class='ocrx_word' id='word_1_51' title='bbox 787 934 878 1003; x_wconf 86' lang='lat' dir='ltr'><strong><em>qui</em></strong></span> <span class='ocrx_word' id='word_1_52' title='bbox 906 934 1068 986; x_wconf 89' lang='lat' dir='ltr'><strong><em>etiam</em></strong></span> <span class='ocrx_word' id='word_1_53' title='bbox 1118 931 1477 1005; x_wconf 82' lang='lat' dir='ltr'><strong><em>Hildibrando</em></strong></span> <span class='ocrx_word' id='word_1_54' title='bbox 1504 949 1676 1003; x_wconf 67' lang='lat' dir='ltr'><strong><em>papae,</em></strong></span> 
     </span>
    </p>
   </div>
   <div class='ocr_carea' id='block_1_10' title="bbox 103 1023 1678 1095">
    <p class='ocr_par' dir='ltr' id='par_1_10' title="bbox 103 1023 1678 1095">
     <span class='ocr_line' id='line_1_10' title="bbox 103 1023 1678 1095; baseline 0 -16"><span class='ocrx_word' id='word_1_55' title='bbox 103 1024 306 1079; x_wconf 81' lang='lat' dir='ltr'><strong><em>Odardo</em></strong></span> <span class='ocrx_word' id='word_1_56' title='bbox 350 1033 405 1077; x_wconf 92' lang='lat' dir='ltr'><strong><em>et</em></strong></span> <span class='ocrx_word' id='word_1_57' title='bbox 454 1023 685 1079; x_wconf 82' lang='lat' dir='ltr'><strong><em>Rainero</em></strong></span> <span class='ocrx_word' id='word_1_58' title='bbox 731 1024 1079 1095; x_wconf 79' lang='lat' dir='ltr'><strong><em>familiariter</em></strong></span> <span class='ocrx_word' id='word_1_59' title='bbox 1129 1025 1462 1086; x_wconf 85' lang='lat' dir='ltr'><strong><em>adheserant.</em></strong></span> <span class='ocrx_word' id='word_1_60' title='bbox 1494 1025 1678 1080; x_wconf 89' lang='lat' dir='ltr'><strong><em>relicta</em></strong></span> 
     </span>
    </p>
   </div>
   <div class='ocr_carea' id='block_1_11' title="bbox 98 1117 1678 1188">
    <p class='ocr_par' dir='ltr' id='par_1_11' title="bbox 98 1117 1678 1188">
     <span class='ocr_line' id='line_1_11' title="bbox 98 1117 1678 1188; baseline 0.002 -18"><span class='ocrx_word' id='word_1_61' title='bbox 98 1117 301 1171; x_wconf 85' lang='lat' dir='ltr'><strong><em>illorum</em></strong></span> <span class='ocrx_word' id='word_1_62' title='bbox 321 1126 496 1185; x_wconf 83' lang='lat' dir='ltr'><strong><em>secta,</em></strong></span> <span class='ocrx_word' id='word_1_63' title='bbox 526 1133 685 1188; x_wconf 90' lang='lat' dir='ltr'><strong><em>quam</em></strong></span> <span class='ocrx_word' id='word_1_64' title='bbox 709 1133 985 1172; x_wconf 87' lang='lat' dir='ltr'><strong><em>erroneam</em></strong></span> <span class='ocrx_word' id='word_1_65' title='bbox 1002 1134 1114 1173; x_wconf 92' lang='lat' dir='ltr'><strong><em>esse</em></strong></span> <span class='ocrx_word' id='word_1_66' title='bbox 1154 1119 1367 1173; x_wconf 91' lang='lat' dir='ltr'><strong><em>tandem</em></strong></span> <span class='ocrx_word' id='word_1_67' title='bbox 1403 1117 1678 1173; x_wconf 85' lang='lat' dir='ltr'><strong><em>intellexe-</em></strong></span> 
     </span>
    </p>
   </div>
   <div class='ocr_carea' id='block_1_12' title="bbox 100 1207 1677 1279">
    <p class='ocr_par' dir='ltr' id='par_1_12' title="bbox 100 1207 1677 1279">
     <span class='ocr_line' id='line_1_12' title="bbox 100 1207 1677 1279; baseline 0.003 -19"><span class='ocrx_word' id='word_1_68' title='bbox 100 1216 210 1261; x_wconf 87' lang='lat' dir='ltr'><strong><em>rant</em></strong></span> <span class='ocrx_word' id='word_1_69' title='bbox 230 1249 245 1271; x_wconf 89' lang='lat'><strong><em>,</em></strong></span> <span class='ocrx_word' id='word_1_70' title='bbox 307 1207 383 1261; x_wconf 89' lang='lat' dir='ltr'><strong><em>ad</em></strong></span> <span class='ocrx_word' id='word_1_71' title='bbox 449 1209 876 1279; x_wconf 72' lang='lat' dir='ltr'><strong><em>satisfactionem</em></strong></span> <span class='ocrx_word' id='word_1_72' title='bbox 941 1218 1143 1266; x_wconf 71' lang='lat' dir='ltr'><strong><em>sanctae</em></strong></span> <span class='ocrx_word' id='word_1_73' title='bbox 1207 1210 1458 1266; x_wconf 68' lang='lat' dir='ltr'><strong><em>(ecclesia:</em></strong></span> <span class='ocrx_word' id='word_1_74' title='bbox 1524 1227 1677 1265; x_wconf 89' lang='lat' dir='ltr'><strong><em>vene-</em></strong></span> 
     </span>
    </p>
   </div>
   <div class='ocr_carea' id='block_1_13' title="bbox 102 1298 1679 1373">
    <p class='ocr_par' dir='ltr' id='par_1_13' title="bbox 102 1298 1679 1373">
     <span class='ocr_line' id='line_1_13' title="bbox 102 1298 1679 1373; baseline 0.003 -21"><span class='ocrx_word' id='word_1_75' title='bbox 102 1308 230 1353; x_wconf 83' lang='lat' dir='ltr'><strong><em>runt.</em></strong></span> <span class='ocrx_word' id='word_1_76' title='bbox 282 1298 470 1369; x_wconf 82' lang='lat' dir='ltr'><strong><em>Hujus</em></strong></span> <span class='ocrx_word' id='word_1_77' title='bbox 523 1302 599 1355; x_wconf 85' lang='lat' dir='ltr'><strong><em>rei</em></strong></span> <span class='ocrx_word' id='word_1_78' title='bbox 646 1301 884 1355; x_wconf 87' lang='lat' dir='ltr'><strong><em>maxima</em></strong></span> <span class='ocrx_word' id='word_1_79' title='bbox 926 1318 1089 1356; x_wconf 89' lang='lat' dir='ltr'><strong><em>causa</em></strong></span> <span class='ocrx_word' id='word_1_80' title='bbox 1145 1302 1267 1372; x_wconf 90' lang='lat' dir='ltr'><strong><em>fuit,</em></strong></span> <span class='ocrx_word' id='word_1_81' title='bbox 1308 1304 1435 1373; x_wconf 85' lang='lat' dir='ltr'><strong><em>quia</em></strong></span> <span class='ocrx_word' id='word_1_82' title='bbox 1484 1301 1679 1357; x_wconf 72' lang='lat' dir='ltr'><strong><em>Raine—</em></strong></span> 
     </span>
    </p>
   </div>
   <div class='ocr_carea' id='block_1_14' title="bbox 100 1392 1677 1464">
    <p class='ocr_par' dir='ltr' id='par_1_14' title="bbox 100 1392 1677 1464">
     <span class='ocr_line' id='line_1_14' title="bbox 100 1392 1677 1464; baseline 0.003 -20"><span class='ocrx_word' id='word_1_83' title='bbox 100 1407 205 1444; x_wconf 83' lang='lat' dir='ltr'><strong><em>rum</em></strong></span> <span class='ocrx_word' id='word_1_84' title='bbox 264 1406 469 1461; x_wconf 82' lang='lat' dir='ltr'><strong><em>papam</em></strong></span> <span class='ocrx_word' id='word_1_85' title='bbox 517 1392 783 1462; x_wconf 90' lang='lat' dir='ltr'><strong><em>pollutum</em></strong></span> <span class='ocrx_word' id='word_1_86' title='bbox 830 1409 942 1447; x_wconf 89' lang='lat' dir='ltr'><strong><em>esse</em></strong></span> <span class='ocrx_word' id='word_1_87' title='bbox 1000 1394 1308 1464; x_wconf 82' lang='lat' dir='ltr'><strong><em>sgmoniaca</em></strong></span> <span class='ocrx_word' id='word_1_88' title='bbox 1356 1394 1523 1449; x_wconf 89' lang='lat' dir='ltr'><strong><em>heresi</em></strong></span> <span class='ocrx_word' id='word_1_89' title='bbox 1579 1410 1677 1464; x_wconf 92' lang='lat' dir='ltr'><strong><em>pro</em></strong></span> 
     </span>
    </p>
   </div>
   <div class='ocr_carea' id='block_1_15' title="bbox 100 1484 1680 1556">
    <p class='ocr_par' dir='ltr' id='par_1_15' title="bbox 100 1484 1680 1556">
     <span class='ocr_line' id='line_1_15' title="bbox 100 1484 1680 1556; baseline 0.003 -18"><span class='ocrx_word' id='word_1_90' title='bbox 100 1492 226 1538; x_wconf 86' lang='lat' dir='ltr'><strong><em>certo</em></strong></span> <span class='ocrx_word' id='word_1_91' title='bbox 249 1493 584 1554; x_wconf 86' lang='lat' dir='ltr'><strong><em>compertum</em></strong></span> <span class='ocrx_word' id='word_1_92' title='bbox 605 1484 885 1539; x_wconf 80' lang='lat' dir='ltr'><strong><em>habebant.</em></strong></span> <span class='ocrx_word' id='word_1_93' title='bbox 915 1484 1297 1556; x_wconf 83' lang='lat' dir='ltr'><strong><em>lnfamabatur</em></strong></span> <span class='ocrx_word' id='word_1_94' title='bbox 1310 1487 1449 1541; x_wconf 89' lang='lat' dir='ltr'><strong><em>enim</em></strong></span> <span class='ocrx_word' id='word_1_95' title='bbox 1473 1487 1680 1555; x_wconf 83' lang='lat' dir='ltr'><strong><em>publice</em></strong></span> 
     </span>
    </p>
   </div>
   <div class='ocr_carea' id='block_1_16' title="bbox 99 1573 1681 1647">
    <p class='ocr_par' dir='ltr' id='par_1_16' title="bbox 99 1573 1681 1647">
     <span class='ocr_line' id='line_1_16' title="bbox 99 1573 1681 1647; baseline 0.003 -20"><span class='ocrx_word' id='word_1_96' title='bbox 99 1575 196 1644; x_wconf 86' lang='lat' dir='ltr'><strong><em>ipse</em></strong></span> <span class='ocrx_word' id='word_1_97' title='bbox 236 1573 529 1642; x_wconf 86' lang='lat' dir='ltr'><strong><em>Rainerus,</em></strong></span> <span class='ocrx_word' id='word_1_98' title='bbox 559 1575 698 1645; x_wconf 88' lang='lat' dir='ltr'><strong><em>quod</em></strong></span> <span class='ocrx_word' id='word_1_99' title='bbox 734 1575 863 1630; x_wconf 85' lang='lat' dir='ltr'><strong><em>dum</em></strong></span> <span class='ocrx_word' id='word_1_100' title='bbox 887 1577 1073 1647; x_wconf 89' lang='lat' dir='ltr'><strong><em>fuisset</em></strong></span> <span class='ocrx_word' id='word_1_101' title='bbox 1112 1576 1273 1632; x_wconf 88' lang='lat' dir='ltr'><strong><em>abbas</em></strong></span> <span class='ocrx_word' id='word_1_102' title='bbox 1321 1576 1508 1633; x_wconf 86' lang='lat' dir='ltr'><strong><em>Sancti</em></strong></span> <span class='ocrx_word' id='word_1_103' title='bbox 1536 1577 1681 1632; x_wconf 90' lang='lat' dir='ltr'><strong><em>Lau-</em></strong></span> 
     </span>
    </p>
   </div>
   <div class='ocr_carea' id='block_1_17' title="bbox 101 1664 1680 1736">
    <p class='ocr_par' dir='ltr' id='par_1_17' title="bbox 101 1664 1680 1736">
     <span class='ocr_line' id='line_1_17' title="bbox 101 1664 1680 1736; baseline 0.006 -20"><span class='ocrx_word' id='word_1_104' title='bbox 101 1664 262 1730; x_wconf 80' lang='lat' dir='ltr'><strong><em>rentii,</em></strong></span> <span class='ocrx_word' id='word_1_105' title='bbox 283 1666 593 1735; x_wconf 88' lang='lat' dir='ltr'><strong><em>prioratum</em></strong></span> <span class='ocrx_word' id='word_1_106' title='bbox 613 1666 847 1736; x_wconf 75' lang='lat' dir='ltr'><strong><em>ejusdem</em></strong></span> <span class='ocrx_word' id='word_1_107' title='bbox 873 1668 1126 1724; x_wconf 72' lang='lat' dir='ltr'><strong><em>(ecclesia:</em></strong></span> <span class='ocrx_word' id='word_1_108' title='bbox 1147 1669 1437 1724; x_wconf 84' lang='lat' dir='ltr'><strong><em>vendiderit</em></strong></span> <span class='ocrx_word' id='word_1_109' title='bbox 1465 1670 1680 1725; x_wconf 83' lang='lat' dir='ltr'><strong><em>cuidam</em></strong></span> 
     </span>
    </p>
   </div>
   <div class='ocr_carea' id='block_1_18' title="bbox 102 1756 1681 1833">
    <p class='ocr_par' dir='ltr' id='par_1_18' title="bbox 102 1756 1681 1833">
     <span class='ocr_line' id='line_1_18' title="bbox 102 1756 1681 1833; baseline 0.006 -25"><span class='ocrx_word' id='word_1_110' title='bbox 102 1756 340 1810; x_wconf 82' lang='lat' dir='ltr'><strong><em>monacho</em></strong></span> <span class='ocrx_word' id='word_1_111' title='bbox 360 1756 438 1810; x_wconf 78' lang='lat'><strong><em>20</em></strong></span> <span class='ocrx_word' id='word_1_112' title='bbox 458 1756 651 1812; x_wconf 78' lang='lat' dir='ltr'><strong><em>solidis</em></strong></span> <span class='ocrx_word' id='word_1_113' title='bbox 674 1775 692 1823; x_wconf 84' lang='lat'><strong><em>,&#39;</em></strong></span> <span class='ocrx_word' id='word_1_114' title='bbox 714 1758 855 1829; x_wconf 91' lang='lat' dir='ltr'><strong><em>quod</em></strong></span> <span class='ocrx_word' id='word_1_115' title='bbox 874 1761 984 1830; x_wconf 89' lang='lat' dir='ltr'><strong><em>ipse</em></strong></span> <span class='ocrx_word' id='word_1_116' title='bbox 1008 1760 1218 1831; x_wconf 77' lang='lat' dir='ltr'><strong><em>difﬁteri</em></strong></span> <span class='ocrx_word' id='word_1_117' title='bbox 1243 1778 1345 1816; x_wconf 89' lang='lat' dir='ltr'><strong><em>non</em></strong></span> <span class='ocrx_word' id='word_1_118' title='bbox 1365 1763 1557 1833; x_wconf 87' lang='lat' dir='ltr'><strong><em>potuit.</em></strong></span> <span class='ocrx_word' id='word_1_119' title='bbox 1587 1761 1681 1817; x_wconf 88' lang='lat' dir='ltr'><strong><em>In-</em></strong></span> 
     </span>
    </p>
   </div>
   <div class='ocr_carea' id='block_1_19' title="bbox 1779 568 3362 641">
    <p class='ocr_par' dir='ltr' id='par_1_19' title="bbox 1779 568 3362 641">
     <span class='ocr_line' id='line_1_19' title="bbox 1779 568 3362 641; baseline 0.006 -19"><span class='ocrx_word' id='word_1_120' title='bbox 1779 578 1950 623; x_wconf 88' lang='lat' dir='ltr'><strong><em>motus</em></strong></span> <span class='ocrx_word' id='word_1_121' title='bbox 1997 578 2047 622; x_wconf 89' lang='lat' dir='ltr'><strong><em>et</em></strong></span> <span class='ocrx_word' id='word_1_122' title='bbox 2089 568 2340 624; x_wconf 80' lang='lat' dir='ltr'><strong><em>Silvestcr</em></strong></span> <span class='ocrx_word' id='word_1_123' title='bbox 2382 580 2602 641; x_wconf 85' lang='lat' dir='ltr'><strong><em>quartus</em></strong></span> <span class='ocrx_word' id='word_1_124' title='bbox 2653 570 2947 641; x_wconf 86' lang='lat' dir='ltr'><strong><em>appellatus</em></strong></span> <span class='ocrx_word' id='word_1_125' title='bbox 2989 582 3087 626; x_wconf 88' lang='lat' dir='ltr'><strong><em>est.</em></strong></span> <span class='ocrx_word' id='word_1_126' title='bbox 3122 573 3362 632; x_wconf 75' lang='lat' dir='ltr'><strong><em>Pascalis</em></strong></span> 
     </span>
    </p>
   </div>
   <div class='ocr_carea' id='block_1_20' title="bbox 1777 661 3362 734">
    <p class='ocr_par' dir='ltr' id='par_1_20' title="bbox 1777 661 3362 734">
     <span class='ocr_line' id='line_1_20' title="bbox 1777 661 3362 734; baseline 0.003 -18"><span class='ocrx_word' id='word_1_127' title='bbox 1777 676 1914 731; x_wconf 90' lang='lat' dir='ltr'><strong><em>papa</em></strong></span> <span class='ocrx_word' id='word_1_128' title='bbox 1943 661 2157 716; x_wconf 84' lang='lat' dir='ltr'><strong><em>interim</em></strong></span> <span class='ocrx_word' id='word_1_129' title='bbox 2186 663 2460 717; x_wconf 84' lang='lat' dir='ltr'><strong><em>transiens</em></strong></span> <span class='ocrx_word' id='word_1_130' title='bbox 2491 663 2556 716; x_wconf 88' lang='lat' dir='ltr'><strong><em>ad</em></strong></span> <span class='ocrx_word' id='word_1_131' title='bbox 2588 662 2807 728; x_wconf 88' lang='lat' dir='ltr'><strong><em>Gallias,</em></strong></span> <span class='ocrx_word' id='word_1_132' title='bbox 2836 672 3054 718; x_wconf 79' lang='lat' dir='ltr'><strong><em>exercet</em></strong></span> <span class='ocrx_word' id='word_1_133' title='bbox 3076 667 3362 734; x_wconf 79' lang='lat' dir='ltr'><strong><em>synodalcs</em></strong></span> 
     </span>
    </p>
   </div>
   <div class='ocr_carea' id='block_1_21' title="bbox 1778 755 3363 824">
    <p class='ocr_par' dir='ltr' id='par_1_21' title="bbox 1778 755 3363 824">
     <span class='ocr_line' id='line_1_21' title="bbox 1778 755 3363 824; baseline 0.001 -14"><span class='ocrx_word' id='word_1_134' title='bbox 1778 770 1993 819; x_wconf 80' lang='lat' dir='ltr'><strong><em>causas,</em></strong></span> <span class='ocrx_word' id='word_1_135' title='bbox 2020 763 2074 809; x_wconf 88' lang='lat' dir='ltr'><strong><em>et</em></strong></span> <span class='ocrx_word' id='word_1_136' title='bbox 2106 770 2214 808; x_wconf 88' lang='lat' dir='ltr'><strong><em>non</em></strong></span> <span class='ocrx_word' id='word_1_137' title='bbox 2242 762 2536 824; x_wconf 88' lang='lat' dir='ltr'><strong><em>apparente</em></strong></span> <span class='ocrx_word' id='word_1_138' title='bbox 2564 763 2691 809; x_wconf 87' lang='lat' dir='ltr'><strong><em>nota</em></strong></span> <span class='ocrx_word' id='word_1_139' title='bbox 2731 755 2979 809; x_wconf 67' lang='lat' dir='ltr'><strong><em>simoniaz</em></strong></span> <span class='ocrx_word' id='word_1_140' title='bbox 3023 770 3055 808; x_wconf 85' lang='lat' dir='ltr'><strong><em>a</em></strong></span> <span class='ocrx_word' id='word_1_141' title='bbox 3098 755 3363 811; x_wconf 70' lang='lat' dir='ltr'><strong><em>Romanis</em></strong></span> 
     </span>
    </p>
   </div>
   <div class='ocr_carea' id='block_1_22' title="bbox 1778 845 3358 917">
    <p class='ocr_par' dir='ltr' id='par_1_22' title="bbox 1778 845 3358 917">
     <span class='ocr_line' id='line_1_22' title="bbox 1778 845 3358 917; baseline -0.001 -16"><span class='ocrx_word' id='word_1_142' title='bbox 1778 846 1881 902; x_wconf 83' lang='lat' dir='ltr'><strong><em>sibi</em></strong></span> <span class='ocrx_word' id='word_1_143' title='bbox 1911 845 2111 916; x_wconf 85' lang='lat' dir='ltr'><strong><em>injuste</em></strong></span> <span class='ocrx_word' id='word_1_144' title='bbox 2141 846 2360 916; x_wconf 85' lang='lat' dir='ltr'><strong><em>injecta,</em></strong></span> <span class='ocrx_word' id='word_1_145' title='bbox 2396 846 2697 901; x_wconf 70' lang='lat' dir='ltr'><strong><em>honoratur</em></strong></span> <span class='ocrx_word' id='word_1_146' title='bbox 2728 847 3027 916; x_wconf 84' lang='lat' dir='ltr'><strong><em>apostolica</em></strong></span> <span class='ocrx_word' id='word_1_147' title='bbox 3075 847 3358 917; x_wconf 84' lang='lat' dir='ltr'><strong><em>dignitate.</em></strong></span> 
     </span>
    </p>
   </div>
   <div class='ocr_carea' id='block_1_23' title="bbox 1778 924 3381 1009">
    <p class='ocr_par' dir='ltr' id='par_1_23' title="bbox 1778 924 3381 1009">
     <span class='ocr_line' id='line_1_23' title="bbox 1778 924 3381 1009; baseline -0.001 -17"><span class='ocrx_word' id='word_1_148' title='bbox 1778 937 1847 992; x_wconf 84' lang='lat' dir='ltr'><strong><em>At</em></strong></span> <span class='ocrx_word' id='word_1_149' title='bbox 1878 936 2205 1009; x_wconf 77' lang='lat' dir='ltr'><strong><em>Maginoll‘us</em></strong></span> <span class='ocrx_word' id='word_1_150' title='bbox 2240 938 2540 993; x_wconf 86' lang='lat' dir='ltr'><strong><em>invasionis</em></strong></span> <span class='ocrx_word' id='word_1_151' title='bbox 2573 954 2722 1005; x_wconf 85' lang='lat' dir='ltr'><strong><em>rcus,</em></strong></span> <span class='ocrx_word' id='word_1_152' title='bbox 2769 953 2878 992; x_wconf 92' lang='lat' dir='ltr'><strong><em>non</em></strong></span> <span class='ocrx_word' id='word_1_153' title='bbox 2919 938 3090 992; x_wconf 87' lang='lat' dir='ltr'><strong><em>multo</em></strong></span> <span class='ocrx_word' id='word_1_154' title='bbox 3119 946 3245 1008; x_wconf 89' lang='lat' dir='ltr'><strong><em>post</em></strong></span> <span class='ocrx_word' id='word_1_155' title='bbox 3279 924 3381 992; x_wconf 48' lang='lat' dir='ltr'><strong><em>re?</em></strong></span> 
     </span>
    </p>
   </div>
   <div class='ocr_carea' id='block_1_24' title="bbox 1777 1026 3323 1100">
    <p class='ocr_par' dir='ltr' id='par_1_24' title="bbox 1777 1026 3323 1100">
     <span class='ocr_line' id='line_1_24' title="bbox 1777 1026 3323 1100; baseline 0 -19"><span class='ocrx_word' id='word_1_156' title='bbox 1777 1029 2084 1100; x_wconf 79' lang='lat' dir='ltr'><strong><em>probatura</em></strong></span> <span class='ocrx_word' id='word_1_157' title='bbox 2109 1026 2393 1095; x_wconf 82' lang='lat' dir='ltr'><strong><em>Romanis,</em></strong></span> <span class='ocrx_word' id='word_1_158' title='bbox 2417 1030 2471 1084; x_wconf 82' lang='lat' dir='ltr'><strong><em>et</em></strong></span> <span class='ocrx_word' id='word_1_159' title='bbox 2500 1028 2644 1083; x_wconf 82' lang='lat' dir='ltr'><strong><em>fama</em></strong></span> <span class='ocrx_word' id='word_1_160' title='bbox 2674 1028 2911 1083; x_wconf 89' lang='lat' dir='ltr'><strong><em>nominis</em></strong></span> <span class='ocrx_word' id='word_1_161' title='bbox 2933 1027 3053 1097; x_wconf 86' lang='lat' dir='ltr'><strong><em>ejus</em></strong></span> <span class='ocrx_word' id='word_1_162' title='bbox 3079 1028 3323 1083; x_wconf 79' lang='lat' dir='ltr'><strong><em>evanuit.</em></strong></span> 
     </span>
    </p>
   </div>
   <div class='ocr_carea' id='block_1_25' title="bbox 1849 1117 3288 1179">
    <p class='ocr_par' dir='ltr' id='par_1_25' title="bbox 1849 1117 3288 1179">
     <span class='ocr_line' id='line_1_25' title="bbox 1849 1117 3288 1179; baseline -0.001 -5"><span class='ocrx_word' id='word_1_163' title='bbox 1849 1118 2007 1175; x_wconf 84' lang='grc'><strong>1106.</strong></span> <span class='ocrx_word' id='word_1_164' title='bbox 2154 1118 2219 1173; x_wconf 79' lang='grc' dir='ltr'><strong>Β.</strong></span> <span class='ocrx_word' id='word_1_165' title='bbox 2256 1119 2346 1175; x_wconf 84' lang='grc'><strong>50.</strong></span> <span class='ocrx_word' id='word_1_166' title='bbox 2492 1117 2553 1174; x_wconf 85' lang='lat' dir='ltr'><strong><em>F.</em></strong></span> <span class='ocrx_word' id='word_1_167' title='bbox 2592 1119 2681 1175; x_wconf 73' lang='grc'><strong><em>46.</em></strong></span> <span class='ocrx_word' id='word_1_168' title='bbox 2827 1120 2894 1175; x_wconf 87' lang='grc' dir='ltr'><strong><em>Α.</em></strong></span> <span class='ocrx_word' id='word_1_169' title='bbox 2936 1119 2992 1179; x_wconf 88' lang='grc'><strong><em>6.</em></strong></span> <span class='ocrx_word' id='word_1_170' title='bbox 3139 1117 3207 1175; x_wconf 84' lang='grc' dir='ltr'><strong>Η.</strong></span> <span class='ocrx_word' id='word_1_171' title='bbox 3234 1119 3288 1172; x_wconf 83' lang='grc'><strong>6.</strong></span> 
     </span>
    </p>
   </div>
   <div class='ocr_carea' id='block_1_26' title="bbox 1846 1209 3362 1281">
    <p class='ocr_par' dir='ltr' id='par_1_26' title="bbox 1846 1209 3362 1281">
     <span class='ocr_line' id='line_1_26' title="bbox 1846 1209 3362 1281; baseline -0.001 -16"><span class='ocrx_word' id='word_1_172' title='bbox 1846 1211 1881 1265; x_wconf 78' lang='grc'><strong>4</strong></span> <span class='ocrx_word' id='word_1_173' title='bbox 1905 1210 2046 1266; x_wconf 82' lang='grc' dir='ltr'><strong><em>Νοη.</em></strong></span> <span class='ocrx_word' id='word_1_174' title='bbox 2073 1209 2359 1266; x_wconf 88' lang='lat' dir='ltr'><strong><em>Februarii</em></strong></span> <span class='ocrx_word' id='word_1_175' title='bbox 2385 1210 2537 1266; x_wconf 86' lang='lat' dir='ltr'><strong><em>stella</em></strong></span> <span class='ocrx_word' id='word_1_176' title='bbox 2566 1226 2662 1281; x_wconf 91' lang='lat' dir='ltr'><strong><em>per</em></strong></span> <span class='ocrx_word' id='word_1_177' title='bbox 2687 1211 2831 1266; x_wconf 90' lang='lat' dir='ltr'><strong><em>diem</em></strong></span> <span class='ocrx_word' id='word_1_178' title='bbox 2857 1211 2972 1265; x_wconf 81' lang='lat' dir='ltr'><strong><em>visa</em></strong></span> <span class='ocrx_word' id='word_1_179' title='bbox 3004 1219 3087 1267; x_wconf 86' lang='lat' dir='ltr'><strong><em>est</em></strong></span> <span class='ocrx_word' id='word_1_180' title='bbox 3124 1210 3179 1262; x_wconf 91' lang='lat' dir='ltr'><strong><em>in</em></strong></span> <span class='ocrx_word' id='word_1_181' title='bbox 3203 1209 3362 1276; x_wconf 71' lang='lat' dir='ltr'><strong><em>(mlo,</em></strong></span> 
     </span>
    </p>
   </div>
   <div class='ocr_carea' id='block_1_27' title="bbox 1778 1296 3366 1371">
    <p class='ocr_par' dir='ltr' id='par_1_27' title="bbox 1778 1296 3366 1371">
     <span class='ocr_line' id='line_1_27' title="bbox 1778 1296 3366 1371; baseline -0.002 -14"><span class='ocrx_word' id='word_1_182' title='bbox 1778 1302 1847 1358; x_wconf 93' lang='lat' dir='ltr'><strong><em>ab</em></strong></span> <span class='ocrx_word' id='word_1_183' title='bbox 1876 1303 2011 1357; x_wconf 87' lang='lat' dir='ltr'><strong><em>hora</em></strong></span> <span class='ocrx_word' id='word_1_184' title='bbox 2037 1302 2194 1357; x_wconf 89' lang='lat' dir='ltr'><strong><em>tertia</em></strong></span> <span class='ocrx_word' id='word_1_185' title='bbox 2225 1315 2399 1371; x_wconf 88' lang='lat' dir='ltr'><strong><em>usque</em></strong></span> <span class='ocrx_word' id='word_1_186' title='bbox 2424 1302 2491 1356; x_wconf 87' lang='lat' dir='ltr'><strong><em>ad</em></strong></span> <span class='ocrx_word' id='word_1_187' title='bbox 2524 1296 2716 1355; x_wconf 89' lang='lat' dir='ltr'><strong><em>horam</em></strong></span> <span class='ocrx_word' id='word_1_188' title='bbox 2745 1315 2967 1365; x_wconf 85' lang='lat' dir='ltr'><strong><em>nonam,</em></strong></span> <span class='ocrx_word' id='word_1_189' title='bbox 2999 1299 3157 1370; x_wconf 89' lang='lat' dir='ltr'><strong><em>quasi</em></strong></span> <span class='ocrx_word' id='word_1_190' title='bbox 3178 1299 3366 1355; x_wconf 86' lang='lat' dir='ltr'><strong><em>cubito</em></strong></span> 
     </span>
    </p>
   </div>
   <div class='ocr_carea' id='block_1_28' title="bbox 1777 1388 3368 1461">
    <p class='ocr_par' dir='ltr' id='par_1_28' title="bbox 1777 1388 3368 1461">
     <span class='ocr_line' id='line_1_28' title="bbox 1777 1388 3368 1461; baseline 0 -14"><span class='ocrx_word' id='word_1_191' title='bbox 1777 1393 1991 1448; x_wconf 87' lang='lat' dir='ltr'><strong><em>distans</em></strong></span> <span class='ocrx_word' id='word_1_192' title='bbox 2019 1407 2051 1446; x_wconf 90' lang='lat' dir='ltr'><strong><em>a</em></strong></span> <span class='ocrx_word' id='word_1_193' title='bbox 2082 1392 2214 1447; x_wconf 88' lang='lat' dir='ltr'><strong><em>sole.</em></strong></span> <span class='ocrx_word' id='word_1_194' title='bbox 2246 1391 2281 1445; x_wconf 80' lang='lat'><strong>2</strong></span> <span class='ocrx_word' id='word_1_195' title='bbox 2307 1390 2435 1445; x_wconf 91' lang='lat' dir='ltr'><strong><em>ldus</em></strong></span> <span class='ocrx_word' id='word_1_196' title='bbox 2463 1389 2744 1446; x_wconf 87' lang='lat' dir='ltr'><strong><em>Februarii</em></strong></span> <span class='ocrx_word' id='word_1_197' title='bbox 2767 1390 2910 1461; x_wconf 85' lang='lat' dir='ltr'><strong><em>apud</em></strong></span> <span class='ocrx_word' id='word_1_198' title='bbox 2952 1388 3151 1444; x_wconf 86' lang='lat' dir='ltr'><strong><em>Barum</em></strong></span> <span class='ocrx_word' id='word_1_199' title='bbox 3198 1390 3368 1447; x_wconf 67' lang='lat' dir='ltr'><strong><em>Italia:</em></strong></span> 
     </span>
    </p>
   </div>
   <div class='ocr_carea' id='block_1_29' title="bbox 1779 1478 3369 1552">
    <p class='ocr_par' dir='ltr' id='par_1_29' title="bbox 1779 1478 3369 1552">
     <span class='ocr_line' id='line_1_29' title="bbox 1779 1478 3369 1552; baseline -0.001 -14"><span class='ocrx_word' id='word_1_200' title='bbox 1779 1483 1947 1538; x_wconf 69' lang='lat' dir='ltr'><strong><em>stella:</em></strong></span> <span class='ocrx_word' id='word_1_201' title='bbox 1969 1483 2102 1539; x_wconf 75' lang='lat' dir='ltr'><strong><em>visa:</em></strong></span> <span class='ocrx_word' id='word_1_202' title='bbox 2128 1490 2257 1538; x_wconf 89' lang='lat' dir='ltr'><strong><em>sunt</em></strong></span> <span class='ocrx_word' id='word_1_203' title='bbox 2286 1482 2341 1536; x_wconf 90' lang='lat' dir='ltr'><strong><em>in</em></strong></span> <span class='ocrx_word' id='word_1_204' title='bbox 2371 1482 2510 1537; x_wconf 65' lang='lat' dir='ltr'><strong><em>coelo</em></strong></span> <span class='ocrx_word' id='word_1_205' title='bbox 2534 1497 2633 1552; x_wconf 90' lang='lat' dir='ltr'><strong><em>per</em></strong></span> <span class='ocrx_word' id='word_1_206' title='bbox 2661 1482 2827 1549; x_wconf 89' lang='lat' dir='ltr'><strong><em>diem,</em></strong></span> <span class='ocrx_word' id='word_1_207' title='bbox 2861 1497 3006 1537; x_wconf 88' lang='lat' dir='ltr'><strong><em>nunc</em></strong></span> <span class='ocrx_word' id='word_1_208' title='bbox 3031 1481 3189 1552; x_wconf 85' lang='lat' dir='ltr'><strong><em>quasi</em></strong></span> <span class='ocrx_word' id='word_1_209' title='bbox 3225 1478 3369 1537; x_wconf 87' lang='lat' dir='ltr'><strong><em>inter</em></strong></span> 
     </span>
    </p>
   </div>
   <div class='ocr_carea' id='block_1_30' title="bbox 1779 1574 3357 1643">
    <p class='ocr_par' dir='ltr' id='par_1_30' title="bbox 1779 1574 3357 1643">
     <span class='ocr_line' id='line_1_30' title="bbox 1779 1574 3357 1643; baseline -0.002 -13"><span class='ocrx_word' id='word_1_210' title='bbox 1779 1590 1839 1630; x_wconf 88' lang='lat' dir='ltr'><strong><em>se</em></strong></span> <span class='ocrx_word' id='word_1_211' title='bbox 1866 1582 2274 1640; x_wconf 87' lang='lat' dir='ltr'><strong><em>concurrentes,</em></strong></span> <span class='ocrx_word' id='word_1_212' title='bbox 2324 1589 2472 1628; x_wconf 87' lang='lat' dir='ltr'><strong><em>nunc</em></strong></span> <span class='ocrx_word' id='word_1_213' title='bbox 2515 1574 2676 1643; x_wconf 89' lang='lat' dir='ltr'><strong><em>quasi</em></strong></span> <span class='ocrx_word' id='word_1_214' title='bbox 2721 1576 2775 1627; x_wconf 90' lang='lat' dir='ltr'><strong><em>in</em></strong></span> <span class='ocrx_word' id='word_1_215' title='bbox 2824 1582 3023 1628; x_wconf 80' lang='lat' dir='ltr'><strong><em>terram</em></strong></span> <span class='ocrx_word' id='word_1_216' title='bbox 3076 1574 3357 1628; x_wconf 84' lang='lat' dir='ltr'><strong><em>cadentes.</em></strong></span> 
     </span>
    </p>
   </div>
   <div class='ocr_carea' id='block_1_31' title="bbox 1781 1664 3361 1743">
    <p class='ocr_par' dir='ltr' id='par_1_31' title="bbox 1781 1664 3361 1743">
     <span class='ocr_line' id='line_1_31' title="bbox 1781 1664 3361 1743; baseline 0 -24"><span class='ocrx_word' id='word_1_217' title='bbox 1781 1665 1919 1721; x_wconf 88' lang='lat' dir='ltr'><strong><em>Toto</em></strong></span> <span class='ocrx_word' id='word_1_218' title='bbox 1954 1681 2093 1737; x_wconf 86' lang='lat' dir='ltr'><strong><em>pene</em></strong></span> <span class='ocrx_word' id='word_1_219' title='bbox 2122 1680 2310 1721; x_wconf 86' lang='lat' dir='ltr'><strong><em>mense</em></strong></span> <span class='ocrx_word' id='word_1_220' title='bbox 2356 1664 2656 1720; x_wconf 88' lang='lat' dir='ltr'><strong><em>Februario</em></strong></span> <span class='ocrx_word' id='word_1_221' title='bbox 2695 1673 2934 1720; x_wconf 76' lang='lat' dir='ltr'><strong><em>cometes</em></strong></span> <span class='ocrx_word' id='word_1_222' title='bbox 2983 1664 3232 1735; x_wconf 78' lang='lat' dir='ltr'><strong><em>apparuit</em></strong></span> <span class='ocrx_word' id='word_1_223' title='bbox 3270 1664 3361 1743; x_wconf 30' lang='lat'><strong><em>“8&#39;.</em></strong></span> 
     </span>
    </p>
   </div>
   <div class='ocr_carea' id='block_1_32' title="bbox 1780 1755 3366 1828">
    <p class='ocr_par' dir='ltr' id='par_1_32' title="bbox 1780 1755 3366 1828">
     <span class='ocr_line' id='line_1_32' title="bbox 1780 1755 3366 1828; baseline -0.003 -15"><span class='ocrx_word' id='word_1_224' title='bbox 1780 1758 2069 1815; x_wconf 79' lang='lat' dir='ltr'><strong><em>licinricus</em></strong></span> <span class='ocrx_word' id='word_1_225' title='bbox 2094 1758 2238 1813; x_wconf 80' lang='lat' dir='ltr'><strong><em>Illius</em></strong></span> <span class='ocrx_word' id='word_1_226' title='bbox 2261 1758 2626 1828; x_wconf 86' lang='lat' dir='ltr'><strong><em>imperatoris,</em></strong></span> <span class='ocrx_word' id='word_1_227' title='bbox 2650 1767 2840 1813; x_wconf 81' lang='lat' dir='ltr'><strong><em>contra</em></strong></span> <span class='ocrx_word' id='word_1_228' title='bbox 2858 1758 2950 1828; x_wconf 87' lang='lat' dir='ltr'><strong><em>jus</em></strong></span> <span class='ocrx_word' id='word_1_229' title='bbox 2978 1767 3188 1812; x_wconf 65' lang='lat' dir='ltr'><strong><em>naturae</em></strong></span> <span class='ocrx_word' id='word_1_230' title='bbox 3207 1764 3260 1823; x_wconf 81' lang='lat' dir='ltr'><strong><em>et</em></strong></span> <span class='ocrx_word' id='word_1_231' title='bbox 3283 1755 3366 1810; x_wconf 82' lang='lat' dir='ltr'><strong><em>fas</em></strong></span> 
     </span>
    </p>
   </div>
   <div class='ocr_carea' id='block_1_33' title="bbox 104 1846 3365 1925">
    <p class='ocr_par' dir='ltr' id='par_1_33' title="bbox 104 1846 3365 1925">
     <span class='ocr_line' id='line_1_33' title="bbox 104 1846 3365 1925; baseline 0.001 -26"><span class='ocrx_word' id='word_1_232' title='bbox 104 1846 395 1915; x_wconf 86' lang='lat' dir='ltr'><strong><em>famabatur</em></strong></span> <span class='ocrx_word' id='word_1_233' title='bbox 421 1848 767 1921; x_wconf 88' lang='lat' dir='ltr'><strong><em>etiam,quod</em></strong></span> <span class='ocrx_word' id='word_1_234' title='bbox 785 1850 1207 1921; x_wconf 87' lang='lat' dir='ltr'><strong><em>post.0dardum</em></strong></span> <span class='ocrx_word' id='word_1_235' title='bbox 1235 1853 1471 1907; x_wconf 85' lang='lat' dir='ltr'><strong><em>ambiens</em></strong></span> <span class='ocrx_word' id='word_1_236' title='bbox 1506 1869 1676 1925; x_wconf 86' lang='lat' dir='ltr'><strong><em>papa-</em></strong></span> <span class='ocrx_word' id='word_1_237' title='bbox 1709 1850 1752 1905; x_wconf 90' lang='lat' dir='ltr'><strong>B</strong></span> <span class='ocrx_word' id='word_1_238' title='bbox 1777 1852 1956 1923; x_wconf 78' lang='lat' dir='ltr'><strong><em>legum</em></strong></span> <span class='ocrx_word' id='word_1_239' title='bbox 1982 1850 2039 1905; x_wconf 87' lang='lat' dir='ltr'><strong><em>in</em></strong></span> <span class='ocrx_word' id='word_1_240' title='bbox 2066 1858 2275 1921; x_wconf 85' lang='lat' dir='ltr'><strong><em>patrem</em></strong></span> <span class='ocrx_word' id='word_1_241' title='bbox 2302 1851 2615 1920; x_wconf 79' lang='lat' dir='ltr'><strong><em>insurgens,</em></strong></span> <span class='ocrx_word' id='word_1_242' title='bbox 2653 1865 2817 1920; x_wconf 86' lang='lat' dir='ltr'><strong><em>quam</em></strong></span> <span class='ocrx_word' id='word_1_243' title='bbox 2850 1849 3070 1919; x_wconf 83' lang='lat' dir='ltr'><strong><em>indigne</em></strong></span> <span class='ocrx_word' id='word_1_244' title='bbox 3098 1864 3222 1903; x_wconf 88' lang='lat' dir='ltr'><strong><em>eum</em></strong></span> <span class='ocrx_word' id='word_1_245' title='bbox 3247 1855 3365 1902; x_wconf 84' lang='lat' dir='ltr'><strong><em>tra-</em></strong></span> 
     </span>
    </p>
   </div>
   <div class='ocr_carea' id='block_1_34' title="bbox 104 1937 1675 2015">
    <p class='ocr_par' dir='ltr' id='par_1_34' title="bbox 104 1937 1675 2015">
     <span class='ocr_line' id='line_1_34' title="bbox 104 1937 1675 2015; baseline 0.009 -28"><span class='ocrx_word' id='word_1_246' title='bbox 104 1943 219 2001; x_wconf 78' lang='lat' dir='ltr'><strong><em>tum,</em></strong></span> <span class='ocrx_word' id='word_1_247' title='bbox 250 1937 564 2006; x_wconf 78' lang='lat' dir='ltr'><strong><em>promiserit</em></strong></span> <span class='ocrx_word' id='word_1_248' title='bbox 591 1949 746 2009; x_wconf 90' lang='lat' dir='ltr'><strong><em>pacto</em></strong></span> <span class='ocrx_word' id='word_1_249' title='bbox 776 1949 827 1995; x_wconf 92' lang='lat' dir='ltr'><strong><em>et</em></strong></span> <span class='ocrx_word' id='word_1_250' title='bbox 856 1951 1188 1997; x_wconf 89' lang='lat' dir='ltr'><strong><em>sacramento</em></strong></span> <span class='ocrx_word' id='word_1_251' title='bbox 1219 1942 1470 2015; x_wconf 84' lang='lat' dir='ltr'><strong><em>Gregorio</em></strong></span> <span class='ocrx_word' id='word_1_252' title='bbox 1497 1947 1675 2001; x_wconf 87' lang='lat' dir='ltr'><strong><em>comiti</em></strong></span> 
     </span>
    </p>
   </div>
   <div class='ocr_carea' id='block_1_35' title="bbox 106 2024 1677 2103">
    <p class='ocr_par' dir='ltr' id='par_1_35' title="bbox 106 2024 1677 2103">
     <span class='ocr_line' id='line_1_35' title="bbox 106 2024 1677 2103; baseline 0.009 -24"><span class='ocrx_word' id='word_1_253' title='bbox 106 2024 478 2084; x_wconf 81' lang='lat' dir='ltr'><strong><em>Tusculanensi</em></strong></span> <span class='ocrx_word' id='word_1_254' title='bbox 508 2039 560 2085; x_wconf 86' lang='lat' dir='ltr'><strong><em>et</em></strong></span> <span class='ocrx_word' id='word_1_255' title='bbox 604 2030 719 2101; x_wconf 90' lang='lat' dir='ltr'><strong><em>ﬁlio</em></strong></span> <span class='ocrx_word' id='word_1_256' title='bbox 758 2033 874 2103; x_wconf 90' lang='lat' dir='ltr'><strong><em>ejus</em></strong></span> <span class='ocrx_word' id='word_1_257' title='bbox 905 2032 1166 2090; x_wconf 87' lang='lat' dir='ltr'><strong><em>Theodolo</em></strong></span> <span class='ocrx_word' id='word_1_258' title='bbox 1195 2044 1246 2091; x_wconf 90' lang='lat' dir='ltr'><strong><em>et</em></strong></span> <span class='ocrx_word' id='word_1_259' title='bbox 1286 2036 1447 2091; x_wconf 84' lang='lat' dir='ltr'><strong><em>Petro</em></strong></span> <span class='ocrx_word' id='word_1_260' title='bbox 1479 2038 1544 2093; x_wconf 90' lang='lat' dir='ltr'><strong><em>de</em></strong></span> <span class='ocrx_word' id='word_1_261' title='bbox 1573 2037 1677 2095; x_wconf 86' lang='lat' dir='ltr'><strong><em>Co-</em></strong></span> 
     </span>
    </p>
   </div>
   <div class='ocr_carea' id='block_1_36' title="bbox 105 2118 1677 2186">
    <p class='ocr_par' dir='ltr' id='par_1_36' title="bbox 105 2118 1677 2186">
     <span class='ocr_line' id='line_1_36' title="bbox 105 2118 1677 2186; baseline 0.009 -15"><span class='ocrx_word' id='word_1_262' title='bbox 105 2118 289 2186; x_wconf 81' lang='lat' dir='ltr'><strong><em>lumna,</em></strong></span> <span class='ocrx_word' id='word_1_263' title='bbox 316 2137 374 2175; x_wconf 91' lang='lat' dir='ltr'><strong><em>se</em></strong></span> <span class='ocrx_word' id='word_1_264' title='bbox 394 2121 657 2177; x_wconf 85' lang='lat' dir='ltr'><strong><em>daturum</em></strong></span> <span class='ocrx_word' id='word_1_265' title='bbox 676 2125 753 2179; x_wconf 90' lang='lat' dir='ltr'><strong><em>eis</em></strong></span> <span class='ocrx_word' id='word_1_266' title='bbox 775 2134 984 2180; x_wconf 80' lang='lat' dir='ltr'><strong><em>centum</em></strong></span> <span class='ocrx_word' id='word_1_267' title='bbox 1013 2126 1178 2182; x_wconf 89' lang='lat' dir='ltr'><strong><em>libras</em></strong></span> <span class='ocrx_word' id='word_1_268' title='bbox 1197 2129 1539 2184; x_wconf 90' lang='lat' dir='ltr'><strong><em>denariorum</em></strong></span> <span class='ocrx_word' id='word_1_269' title='bbox 1567 2129 1677 2185; x_wconf 87' lang='lat' dir='ltr'><strong><em>Pa-</em></strong></span> 
     </span>
    </p>
   </div>
   <div class='ocr_carea' id='block_1_37' title="bbox 104 2210 1676 2287">
    <p class='ocr_par' dir='ltr' id='par_1_37' title="bbox 104 2210 1676 2287">
     <span class='ocr_line' id='line_1_37' title="bbox 104 2210 1676 2287; baseline 0.01 -24"><span class='ocrx_word' id='word_1_270' title='bbox 104 2210 368 2280; x_wconf 77' lang='lat' dir='ltr'><strong><em>piensium,</em></strong></span> <span class='ocrx_word' id='word_1_271' title='bbox 389 2221 443 2267; x_wconf 89' lang='lat' dir='ltr'><strong><em>et</em></strong></span> <span class='ocrx_word' id='word_1_272' title='bbox 466 2215 682 2268; x_wconf 87' lang='lat' dir='ltr'><strong><em>unciam</em></strong></span> <span class='ocrx_word' id='word_1_273' title='bbox 705 2217 1072 2287; x_wconf 82' lang='lat' dir='ltr'><strong><em>confessionis,</em></strong></span> <span class='ocrx_word' id='word_1_274' title='bbox 1090 2228 1140 2273; x_wconf 91' lang='lat' dir='ltr'><strong><em>et</em></strong></span> <span class='ocrx_word' id='word_1_275' title='bbox 1161 2228 1265 2275; x_wconf 89' lang='lat' dir='ltr'><strong><em>tres</em></strong></span> <span class='ocrx_word' id='word_1_276' title='bbox 1294 2220 1546 2277; x_wconf 71' lang='lat' dir='ltr'><strong><em>Romana:</em></strong></span> <span class='ocrx_word' id='word_1_277' title='bbox 1570 2239 1676 2279; x_wconf 73' lang='lat' dir='ltr'><strong><em>tec-</em></strong></span> 
     </span>
    </p>
   </div>
   <div class='ocr_carea' id='block_1_38' title="bbox 105 2303 1674 2388">
    <p class='ocr_par' dir='ltr' id='par_1_38' title="bbox 105 2303 1674 2388">
     <span class='ocr_line' id='line_1_38' title="bbox 105 2303 1674 2388; baseline 0.01 -31"><span class='ocrx_word' id='word_1_278' title='bbox 105 2303 261 2360; x_wconf 73' lang='lat' dir='ltr'><strong><em>clesite</em></strong></span> <span class='ocrx_word' id='word_1_279' title='bbox 280 2309 491 2375; x_wconf 81' lang='lat' dir='ltr'><strong><em>curias,</em></strong></span> <span class='ocrx_word' id='word_1_280' title='bbox 522 2310 727 2364; x_wconf 84' lang='lat' dir='ltr'><strong><em>scilicet</em></strong></span> <span class='ocrx_word' id='word_1_281' title='bbox 759 2309 1069 2383; x_wconf 87' lang='lat' dir='ltr'><strong><em>Nimpham,</em></strong></span> <span class='ocrx_word' id='word_1_282' title='bbox 1094 2313 1360 2383; x_wconf 85' lang='lat' dir='ltr'><strong><em>liberam,</em></strong></span> <span class='ocrx_word' id='word_1_283' title='bbox 1385 2316 1674 2388; x_wconf 79' lang='lat' dir='ltr'><strong><em>Arithiam,</em></strong></span> 
     </span>
    </p>
   </div>
   <div class='ocr_carea' id='block_1_39' title="bbox 106 2396 1677 2477">
    <p class='ocr_par' dir='ltr' id='par_1_39' title="bbox 106 2396 1677 2477">
     <span class='ocr_line' id='line_1_39' title="bbox 106 2396 1677 2477; baseline 0.011 -28"><span class='ocrx_word' id='word_1_284' title='bbox 106 2396 145 2448; x_wconf 90' lang='lat' dir='ltr'><strong><em>si</em></strong></span> <span class='ocrx_word' id='word_1_285' title='bbox 171 2400 560 2455; x_wconf 80' lang='lat' dir='ltr'><strong><em>assentirentur</em></strong></span> <span class='ocrx_word' id='word_1_286' title='bbox 581 2402 695 2472; x_wconf 85' lang='lat' dir='ltr'><strong><em>ejus</em></strong></span> <span class='ocrx_word' id='word_1_287' title='bbox 723 2402 1005 2471; x_wconf 87' lang='lat' dir='ltr'><strong><em>electioni;</em></strong></span> <span class='ocrx_word' id='word_1_288' title='bbox 1031 2415 1080 2460; x_wconf 90' lang='lat' dir='ltr'><strong><em>et</em></strong></span> <span class='ocrx_word' id='word_1_289' title='bbox 1116 2408 1196 2461; x_wconf 89' lang='lat' dir='ltr'><strong><em>ita</em></strong></span> <span class='ocrx_word' id='word_1_290' title='bbox 1228 2408 1443 2477; x_wconf 87' lang='lat' dir='ltr'><strong><em>electus,</em></strong></span> <span class='ocrx_word' id='word_1_291' title='bbox 1473 2412 1677 2466; x_wconf 88' lang='lat' dir='ltr'><strong><em>dederit</em></strong></span> 
     </span>
    </p>
   </div>
   <div class='ocr_carea' id='block_1_40' title="bbox 108 2490 1677 2560">
    <p class='ocr_par' dir='ltr' id='par_1_40' title="bbox 108 2490 1677 2560">
     <span class='ocr_line' id='line_1_40' title="bbox 108 2490 1677 2560; baseline 0.011 -18"><span class='ocrx_word' id='word_1_292' title='bbox 108 2492 156 2542; x_wconf 85' lang='lat' dir='ltr'><strong><em>in</em></strong></span> <span class='ocrx_word' id='word_1_293' title='bbox 176 2490 267 2544; x_wconf 83' lang='lat' dir='ltr'><strong><em>hac</em></strong></span> <span class='ocrx_word' id='word_1_294' title='bbox 301 2508 524 2547; x_wconf 82' lang='lat' dir='ltr'><strong><em>summa</em></strong></span> <span class='ocrx_word' id='word_1_295' title='bbox 556 2493 806 2550; x_wconf 85' lang='lat' dir='ltr'><strong><em>solvenda</em></strong></span> <span class='ocrx_word' id='word_1_296' title='bbox 846 2497 1064 2553; x_wconf 86' lang='lat' dir='ltr'><strong><em>calicem</em></strong></span> <span class='ocrx_word' id='word_1_297' title='bbox 1106 2516 1323 2555; x_wconf 89' lang='lat' dir='ltr'><strong><em>aureum</em></strong></span> <span class='ocrx_word' id='word_1_298' title='bbox 1348 2503 1599 2560; x_wconf 71' lang='lat' dir='ltr'><strong><em>(ecclesia:</em></strong></span> <span class='ocrx_word' id='word_1_299' title='bbox 1626 2514 1677 2560; x_wconf 91' lang='lat' dir='ltr'><strong><em>et</em></strong></span> 
     </span>
    </p>
   </div>
   <div class='ocr_carea' id='block_1_41' title="bbox 109 2584 1678 2661">
    <p class='ocr_par' dir='ltr' id='par_1_41' title="bbox 109 2584 1678 2661">
     <span class='ocr_line' id='line_1_41' title="bbox 109 2584 1678 2661; baseline 0.01 -26"><span class='ocrx_word' id='word_1_300' title='bbox 109 2596 406 2651; x_wconf 72' lang='lat' dir='ltr'><strong><em>purpuream</em></strong></span> <span class='ocrx_word' id='word_1_301' title='bbox 442 2584 747 2655; x_wconf 87' lang='lat' dir='ltr'><strong><em>planetam;</em></strong></span> <span class='ocrx_word' id='word_1_302' title='bbox 777 2588 1039 2661; x_wconf 90' lang='lat' dir='ltr'><strong><em>reliquum</em></strong></span> <span class='ocrx_word' id='word_1_303' title='bbox 1074 2606 1191 2645; x_wconf 86' lang='lat' dir='ltr'><strong><em>vero</em></strong></span> <span class='ocrx_word' id='word_1_304' title='bbox 1214 2609 1436 2649; x_wconf 65' lang='lat' dir='ltr'><strong><em>summa</em></strong></span> <span class='ocrx_word' id='word_1_305' title='bbox 1462 2595 1678 2651; x_wconf 85' lang='lat' dir='ltr'><strong><em>solverit</em></strong></span> 
     </span>
    </p>
   </div>
   <div class='ocr_carea' id='block_1_42' title="bbox 111 2672 1677 2753">
    <p class='ocr_par' dir='ltr' id='par_1_42' title="bbox 111 2672 1677 2753">
     <span class='ocr_line' id='line_1_42' title="bbox 111 2672 1677 2753; baseline 0.011 -28"><span class='ocrx_word' id='word_1_306' title='bbox 111 2687 191 2740; x_wconf 85' lang='lat' dir='ltr'><strong><em>pro</em></strong></span> <span class='ocrx_word' id='word_1_307' title='bbox 218 2689 274 2727; x_wconf 93' lang='lat' dir='ltr'><strong><em>eo</em></strong></span> <span class='ocrx_word' id='word_1_308' title='bbox 311 2672 517 2729; x_wconf 78' lang='lat' dir='ltr'><strong><em>Petrus</em></strong></span> <span class='ocrx_word' id='word_1_309' title='bbox 547 2674 740 2732; x_wconf 86' lang='lat' dir='ltr'><strong><em>Leonis</em></strong></span> <span class='ocrx_word' id='word_1_310' title='bbox 777 2687 827 2733; x_wconf 86' lang='lat' dir='ltr'><strong><em>et</em></strong></span> <span class='ocrx_word' id='word_1_311' title='bbox 867 2679 1113 2737; x_wconf 82' lang='lat' dir='ltr'><strong><em>Albertus</em></strong></span> <span class='ocrx_word' id='word_1_312' title='bbox 1160 2681 1450 2753; x_wconf 79' lang='lat' dir='ltr'><strong><em>Stephani;</em></strong></span> <span class='ocrx_word' id='word_1_313' title='bbox 1484 2685 1677 2743; x_wconf 88' lang='lat' dir='ltr'><strong><em>libram</em></strong></span> 
     </span>
    </p>
   </div>
   <div class='ocr_carea' id='block_1_43' title="bbox 111 2762 1679 2851">
    <p class='ocr_par' dir='ltr' id='par_1_43' title="bbox 111 2762 1679 2851">
     <span class='ocr_line' id='line_1_43' title="bbox 111 2762 1679 2851; baseline 0.012 -38"><span class='ocrx_word' id='word_1_314' title='bbox 111 2762 252 2815; x_wconf 81' lang='lat' dir='ltr'><strong><em>etiam</em></strong></span> <span class='ocrx_word' id='word_1_315' title='bbox 282 2764 405 2818; x_wconf 88' lang='lat' dir='ltr'><strong><em>auri</em></strong></span> <span class='ocrx_word' id='word_1_316' title='bbox 441 2764 648 2820; x_wconf 89' lang='lat' dir='ltr'><strong><em>dederit</em></strong></span> <span class='ocrx_word' id='word_1_317' title='bbox 672 2768 975 2824; x_wconf 87' lang='lat' dir='ltr'><strong><em>seriniario.</em></strong></span> <span class='ocrx_word' id='word_1_318' title='bbox 1010 2769 1088 2826; x_wconf 89' lang='lat' dir='ltr'><strong><em>0b</em></strong></span> <span class='ocrx_word' id='word_1_319' title='bbox 1112 2771 1210 2825; x_wconf 91' lang='lat' dir='ltr'><strong><em>hoc</em></strong></span> <span class='ocrx_word' id='word_1_320' title='bbox 1235 2772 1461 2851; x_wconf 82' lang='lat' dir='ltr'><strong><em>Romani</em></strong></span> <span class='ocrx_word' id='word_1_321' title='bbox 1482 2793 1536 2831; x_wconf 93' lang='lat' dir='ltr'><strong><em>se</em></strong></span> <span class='ocrx_word' id='word_1_322' title='bbox 1554 2777 1679 2832; x_wconf 86' lang='lat' dir='ltr'><strong><em>sub-</em></strong></span> 
     </span>
    </p>
   </div>
   <div class='ocr_carea' id='block_1_44' title="bbox 116 2853 1678 2932">
    <p class='ocr_par' dir='ltr' id='par_1_44' title="bbox 116 2853 1678 2932">
     <span class='ocr_line' id='line_1_44' title="bbox 116 2853 1678 2932; baseline 0.011 -26"><span class='ocrx_word' id='word_1_323' title='bbox 116 2853 355 2910; x_wconf 70' lang='lat' dir='ltr'><strong><em>trahentes</em></strong></span> <span class='ocrx_word' id='word_1_324' title='bbox 382 2856 457 2910; x_wconf 90' lang='lat' dir='ltr'><strong><em>ab</em></strong></span> <span class='ocrx_word' id='word_1_325' title='bbox 479 2857 598 2928; x_wconf 83' lang='lat' dir='ltr'><strong><em>ejus</em></strong></span> <span class='ocrx_word' id='word_1_326' title='bbox 618 2861 1002 2929; x_wconf 86' lang='lat' dir='ltr'><strong><em>communione,</em></strong></span> <span class='ocrx_word' id='word_1_327' title='bbox 1026 2862 1185 2932; x_wconf 90' lang='lat' dir='ltr'><strong><em>factis</em></strong></span> <span class='ocrx_word' id='word_1_328' title='bbox 1207 2864 1346 2919; x_wconf 90' lang='lat' dir='ltr'><strong><em>inter</em></strong></span> <span class='ocrx_word' id='word_1_329' title='bbox 1363 2883 1418 2921; x_wconf 91' lang='lat' dir='ltr'><strong><em>se</em></strong></span> <span class='ocrx_word' id='word_1_330' title='bbox 1436 2868 1678 2923; x_wconf 84' lang='lat' dir='ltr'><strong><em>conciliis</em></strong></span> 
     </span>
    </p>
   </div>
   <div class='ocr_carea' id='block_1_45' title="bbox 116 2951 1680 3026">
    <p class='ocr_par' dir='ltr' id='par_1_45' title="bbox 116 2951 1680 3026">
     <span class='ocr_line' id='line_1_45' title="bbox 116 2951 1680 3026; baseline 0.009 -26"><span class='ocrx_word' id='word_1_331' title='bbox 116 2962 215 3000; x_wconf 80' lang='lat' dir='ltr'><strong><em>cum</em></strong></span> <span class='ocrx_word' id='word_1_332' title='bbox 237 2951 500 3022; x_wconf 77' lang='lat' dir='ltr'><strong><em>episcopis</em></strong></span> <span class='ocrx_word' id='word_1_333' title='bbox 521 2961 573 3007; x_wconf 90' lang='lat' dir='ltr'><strong><em>et</em></strong></span> <span class='ocrx_word' id='word_1_334' title='bbox 594 2954 978 3017; x_wconf 83' lang='lat' dir='ltr'><strong><em>cardinalibus.</em></strong></span> <span class='ocrx_word' id='word_1_335' title='bbox 1024 2958 1301 3011; x_wconf 89' lang='lat' dir='ltr'><strong><em>monebant</em></strong></span> <span class='ocrx_word' id='word_1_336' title='bbox 1345 2973 1483 3026; x_wconf 90' lang='lat' dir='ltr'><strong><em>eum,</em></strong></span> <span class='ocrx_word' id='word_1_337' title='bbox 1523 2969 1579 3013; x_wconf 90' lang='lat' dir='ltr'><strong><em>ut</em></strong></span> <span class='ocrx_word' id='word_1_338' title='bbox 1615 2962 1680 3015; x_wconf 89' lang='lat' dir='ltr'><strong><em>de</em></strong></span> 
     </span>
    </p>
   </div>
   <div class='ocr_carea' id='block_1_46' title="bbox 119 3042 1678 3117">
    <p class='ocr_par' dir='ltr' id='par_1_46' title="bbox 119 3042 1678 3117">
     <span class='ocr_line' id='line_1_46' title="bbox 119 3042 1678 3117; baseline 0.01 -27"><span class='ocrx_word' id='word_1_339' title='bbox 119 3046 245 3093; x_wconf 83' lang='lat' dir='ltr'><strong><em>tanta</em></strong></span> <span class='ocrx_word' id='word_1_340' title='bbox 273 3042 508 3110; x_wconf 79' lang='lat' dir='ltr'><strong><em>infamia</em></strong></span> <span class='ocrx_word' id='word_1_341' title='bbox 551 3060 607 3098; x_wconf 87' lang='lat' dir='ltr'><strong><em>se</em></strong></span> <span class='ocrx_word' id='word_1_342' title='bbox 627 3055 810 3115; x_wconf 87' lang='lat' dir='ltr'><strong><em>sponte</em></strong></span> <span class='ocrx_word' id='word_1_343' title='bbox 839 3057 1108 3117; x_wconf 86' lang='lat' dir='ltr'><strong><em>purgaret.</em></strong></span> <span class='ocrx_word' id='word_1_344' title='bbox 1150 3047 1305 3114; x_wconf 84' lang='lat' dir='ltr'><strong><em>Quod</em></strong></span> <span class='ocrx_word' id='word_1_345' title='bbox 1332 3050 1461 3104; x_wconf 89' lang='lat' dir='ltr'><strong><em>dum</em></strong></span> <span class='ocrx_word' id='word_1_346' title='bbox 1479 3050 1678 3105; x_wconf 83' lang='lat' dir='ltr'><strong><em>Raine-</em></strong></span> 
     </span>
    </p>
   </div>
   <div class='ocr_carea' id='block_1_47' title="bbox 119 3131 1679 3213">
    <p class='ocr_par' dir='ltr' id='par_1_47' title="bbox 119 3131 1679 3213">
     <span class='ocr_line' id='line_1_47' title="bbox 119 3131 1679 3213; baseline 0.01 -31"><span class='ocrx_word' id='word_1_347' title='bbox 119 3144 196 3183; x_wconf 75' lang='lat' dir='ltr'><strong><em>rus</em></strong></span> <span class='ocrx_word' id='word_1_348' title='bbox 216 3131 369 3200; x_wconf 86' lang='lat' dir='ltr'><strong><em>ferret</em></strong></span> <span class='ocrx_word' id='word_1_349' title='bbox 398 3133 639 3205; x_wconf 84' lang='lat' dir='ltr'><strong><em>indigne,</em></strong></span> <span class='ocrx_word' id='word_1_350' title='bbox 666 3145 715 3190; x_wconf 91' lang='lat' dir='ltr'><strong><em>et</em></strong></span> <span class='ocrx_word' id='word_1_351' title='bbox 744 3153 798 3191; x_wconf 88' lang='lat' dir='ltr'><strong><em>se</em></strong></span> <span class='ocrx_word' id='word_1_352' title='bbox 825 3139 993 3209; x_wconf 89' lang='lat' dir='ltr'><strong><em>magis</em></strong></span> <span class='ocrx_word' id='word_1_353' title='bbox 1039 3140 1108 3193; x_wconf 88' lang='lat' dir='ltr'><strong><em>ad</em></strong></span> <span class='ocrx_word' id='word_1_354' title='bbox 1141 3140 1372 3210; x_wconf 87' lang='lat' dir='ltr'><strong><em>furorem</em></strong></span> <span class='ocrx_word' id='word_1_355' title='bbox 1417 3159 1575 3213; x_wconf 89' lang='lat' dir='ltr'><strong><em>quam</em></strong></span> <span class='ocrx_word' id='word_1_356' title='bbox 1610 3143 1679 3197; x_wconf 86' lang='lat' dir='ltr'><strong><em>ad</em></strong></span> 
     </span>
    </p>
   </div>
   <div class='ocr_carea' id='block_1_48' title="bbox 1777 1940 3365 2013">
    <p class='ocr_par' dir='ltr' id='par_1_48' title="bbox 1777 1940 3365 2013">
     <span class='ocr_line' id='line_1_48' title="bbox 1777 1940 3365 2013; baseline -0.004 -14"><span class='ocrx_word' id='word_1_357' title='bbox 1777 1943 2023 2010; x_wconf 84' lang='lat' dir='ltr'><strong><em>ctaverit,</em></strong></span> <span class='ocrx_word' id='word_1_358' title='bbox 2037 1942 2276 1998; x_wconf 89' lang='lat' dir='ltr'><strong><em>declarat</em></strong></span> <span class='ocrx_word' id='word_1_359' title='bbox 2297 1942 2525 2013; x_wconf 87' lang='lat' dir='ltr'><strong><em>cpistola</em></strong></span> <span class='ocrx_word' id='word_1_360' title='bbox 2547 1957 2614 1997; x_wconf 79' lang='lat' dir='ltr'><strong><em>ex</em></strong></span> <span class='ocrx_word' id='word_1_361' title='bbox 2644 1957 2739 1998; x_wconf 88' lang='lat' dir='ltr'><strong><em>ore</em></strong></span> <span class='ocrx_word' id='word_1_362' title='bbox 2764 1942 2940 2012; x_wconf 89' lang='lat' dir='ltr'><strong><em>ipsius</em></strong></span> <span class='ocrx_word' id='word_1_363' title='bbox 2962 1941 3133 2012; x_wconf 84' lang='lat' dir='ltr'><strong><em>patris</em></strong></span> <span class='ocrx_word' id='word_1_364' title='bbox 3160 1940 3365 2009; x_wconf 86' lang='lat' dir='ltr'><strong><em>scripta</em></strong></span> 
     </span>
    </p>
   </div>
   <div class='ocr_carea' id='block_1_49' title="bbox 1776 2031 3364 2105">
    <p class='ocr_par' dir='ltr' id='par_1_49' title="bbox 1776 2031 3364 2105">
     <span class='ocr_line' id='line_1_49' title="bbox 1776 2031 3364 2105; baseline -0.004 -15"><span class='ocrx_word' id='word_1_365' title='bbox 1776 2035 1845 2090; x_wconf 84' lang='lat' dir='ltr'><strong><em>ad</em></strong></span> <span class='ocrx_word' id='word_1_366' title='bbox 1871 2033 2181 2104; x_wconf 88' lang='lat' dir='ltr'><strong><em>Philippum</em></strong></span> <span class='ocrx_word' id='word_1_367' title='bbox 2203 2047 2385 2105; x_wconf 77' lang='lat' dir='ltr'><strong><em>regem</em></strong></span> <span class='ocrx_word' id='word_1_368' title='bbox 2410 2031 2747 2089; x_wconf 81' lang='lat' dir='ltr'><strong><em>Francorum</em></strong></span> <span class='ocrx_word' id='word_1_369' title='bbox 2768 2033 2840 2066; x_wconf 84' lang='lat'><strong><em>“&#39;</em></strong></span> <span class='ocrx_word' id='word_1_370' title='bbox 2867 2032 3018 2103; x_wconf 66' lang='lat'><strong>(542)</strong></span> <span class='ocrx_word' id='word_1_371' title='bbox 3051 2051 3064 2086; x_wconf 91' lang='lat'><strong>:</strong></span> <span class='ocrx_word' id='word_1_372' title='bbox 3100 2032 3364 2101; x_wconf 83' lang='lat' dir='ltr'><strong><em>Princeps</em></strong></span> 
     </span>
    </p>
   </div>
   <div class='ocr_carea' id='block_1_50' title="bbox 1775 2124 3359 2197">
    <p class='ocr_par' dir='ltr' id='par_1_50' title="bbox 1775 2124 3359 2197">
     <span class='ocr_line' id='line_1_50' title="bbox 1775 2124 3359 2197; baseline -0.002 -18"><span class='ocrx_word' id='word_1_373' title='bbox 1775 2125 2090 2192; x_wconf 83' lang='lat' dir='ltr'><strong><em>clarissime,</em></strong></span> <span class='ocrx_word' id='word_1_374' title='bbox 2118 2134 2168 2179; x_wconf 91' lang='lat' dir='ltr'><strong><em>et</em></strong></span> <span class='ocrx_word' id='word_1_375' title='bbox 2196 2127 2449 2193; x_wconf 89' lang='lat' dir='ltr'><strong><em>omnium,</em></strong></span> <span class='ocrx_word' id='word_1_376' title='bbox 2494 2127 2550 2179; x_wconf 92' lang='lat' dir='ltr'><strong><em>in</em></strong></span> <span class='ocrx_word' id='word_1_377' title='bbox 2580 2124 2767 2197; x_wconf 89' lang='lat' dir='ltr'><strong><em>quibus</em></strong></span> <span class='ocrx_word' id='word_1_378' title='bbox 2800 2133 2916 2195; x_wconf 91' lang='lat' dir='ltr'><strong><em>post</em></strong></span> <span class='ocrx_word' id='word_1_379' title='bbox 2968 2124 3137 2178; x_wconf 88' lang='lat' dir='ltr'><strong><em>Deum</em></strong></span> <span class='ocrx_word' id='word_1_380' title='bbox 3173 2138 3359 2194; x_wconf 86' lang='lat' dir='ltr'><strong><em>spera-</em></strong></span> 
     </span>
    </p>
   </div>
   <div class='ocr_carea' id='block_1_51' title="bbox 1776 2216 3368 2287">
    <p class='ocr_par' dir='ltr' id='par_1_51' title="bbox 1776 2216 3368 2287">
     <span class='ocr_line' id='line_1_51' title="bbox 1776 2216 3368 2287; baseline -0.001 -16"><span class='ocrx_word' id='word_1_381' title='bbox 1776 2233 1915 2284; x_wconf 87' lang='lat' dir='ltr'><strong><em>mus,</em></strong></span> <span class='ocrx_word' id='word_1_382' title='bbox 1945 2216 2237 2270; x_wconf 88' lang='lat' dir='ltr'><strong><em>amicornm</em></strong></span> <span class='ocrx_word' id='word_1_383' title='bbox 2254 2226 2553 2271; x_wconf 90' lang='lat' dir='ltr'><strong><em>nostrorum</em></strong></span> <span class='ocrx_word' id='word_1_384' title='bbox 2573 2216 2901 2287; x_wconf 86' lang='lat' dir='ltr'><strong><em>ﬁdelissime,</em></strong></span> <span class='ocrx_word' id='word_1_385' title='bbox 2922 2217 3153 2287; x_wconf 89' lang='lat' dir='ltr'><strong><em>primum</em></strong></span> <span class='ocrx_word' id='word_1_386' title='bbox 3172 2225 3221 2270; x_wconf 90' lang='lat' dir='ltr'><strong><em>et</em></strong></span> <span class='ocrx_word' id='word_1_387' title='bbox 3248 2231 3368 2286; x_wconf 86' lang='lat' dir='ltr'><strong><em>pre-</em></strong></span> 
     </span>
    </p>
   </div>
   <div class='ocr_carea' id='block_1_52' title="bbox 1777 2308 3369 2379">
    <p class='ocr_par' dir='ltr' id='par_1_52' title="bbox 1777 2308 3369 2379">
     <span class='ocr_line' id='line_1_52' title="bbox 1777 2308 3369 2379; baseline -0.001 -17"><span class='ocrx_word' id='word_1_388' title='bbox 1777 2308 1990 2379; x_wconf 89' lang='lat' dir='ltr'><strong><em>cipuum</em></strong></span> <span class='ocrx_word' id='word_1_389' title='bbox 2018 2308 2088 2343; x_wconf 78' lang='lat'><strong><em>&quot;°</em></strong></span> <span class='ocrx_word' id='word_1_390' title='bbox 2124 2309 2264 2363; x_wconf 90' lang='lat' dir='ltr'><strong><em>inter</em></strong></span> <span class='ocrx_word' id='word_1_391' title='bbox 2309 2325 2485 2362; x_wconf 88' lang='lat' dir='ltr'><strong><em>omnes</em></strong></span> <span class='ocrx_word' id='word_1_392' title='bbox 2536 2325 2623 2362; x_wconf 85' lang='lat' dir='ltr'><strong><em>vos</em></strong></span> <span class='ocrx_word' id='word_1_393' title='bbox 2654 2310 2853 2378; x_wconf 81' lang='lat' dir='ltr'><strong><em>excepi,</em></strong></span> <span class='ocrx_word' id='word_1_394' title='bbox 2902 2309 2990 2362; x_wconf 90' lang='lat' dir='ltr'><strong><em>cui</em></strong></span> <span class='ocrx_word' id='word_1_395' title='bbox 3031 2310 3277 2379; x_wconf 82' lang='lat' dir='ltr'><strong><em>conqueri</em></strong></span> <span class='ocrx_word' id='word_1_396' title='bbox 3316 2315 3369 2361; x_wconf 84' lang='lat' dir='ltr'><strong><em>et</em></strong></span> 
     </span>
    </p>
   </div>
   <div class='ocr_carea' id='block_1_53' title="bbox 1776 2399 3367 2471">
    <p class='ocr_par' dir='ltr' id='par_1_53' title="bbox 1776 2399 3367 2471">
     <span class='ocr_line' id='line_1_53' title="bbox 1776 2399 3367 2471; baseline -0.001 -16"><span class='ocrx_word' id='word_1_397' title='bbox 1776 2399 2053 2471; x_wconf 85' lang='lat' dir='ltr'><strong><em>deplorare</em></strong></span> <span class='ocrx_word' id='word_1_398' title='bbox 2081 2400 2418 2455; x_wconf 88' lang='lat' dir='ltr'><strong><em>calamitates</em></strong></span> <span class='ocrx_word' id='word_1_399' title='bbox 2447 2410 2497 2455; x_wconf 90' lang='lat' dir='ltr'><strong><em>et</em></strong></span> <span class='ocrx_word' id='word_1_400' title='bbox 2522 2417 2699 2455; x_wconf 88' lang='lat' dir='ltr'><strong><em>omnes</em></strong></span> <span class='ocrx_word' id='word_1_401' title='bbox 2736 2400 2976 2454; x_wconf 84' lang='lat' dir='ltr'><strong><em>miserias</em></strong></span> <span class='ocrx_word' id='word_1_402' title='bbox 3008 2416 3150 2454; x_wconf 90' lang='lat' dir='ltr'><strong><em>meas</em></strong></span> <span class='ocrx_word' id='word_1_403' title='bbox 3186 2416 3367 2454; x_wconf 85' lang='lat' dir='ltr'><strong><em>neces-</em></strong></span> 
     </span>
    </p>
   </div>
   <div class='ocr_carea' id='block_1_54' title="bbox 1776 2491 3370 2564">
    <p class='ocr_par' dir='ltr' id='par_1_54' title="bbox 1776 2491 3370 2564">
     <span class='ocr_line' id='line_1_54' title="bbox 1776 2491 3370 2564; baseline -0.001 -16"><span class='ocrx_word' id='word_1_404' title='bbox 1776 2496 1981 2548; x_wconf 91' lang='lat' dir='ltr'><strong><em>sarium</em></strong></span> <span class='ocrx_word' id='word_1_405' title='bbox 2002 2494 2154 2561; x_wconf 83' lang='lat' dir='ltr'><strong><em>duxi,</em></strong></span> <span class='ocrx_word' id='word_1_406' title='bbox 2197 2495 2357 2549; x_wconf 91' lang='lat' dir='ltr'><strong><em>etiam</em></strong></span> <span class='ocrx_word' id='word_1_407' title='bbox 2390 2494 2603 2564; x_wconf 85' lang='lat' dir='ltr'><strong><em>genibus</em></strong></span> <span class='ocrx_word' id='word_1_408' title='bbox 2631 2494 2815 2548; x_wconf 69' lang='lat' dir='ltr'><strong><em>vestris</em></strong></span> <span class='ocrx_word' id='word_1_409' title='bbox 2853 2491 3080 2560; x_wconf 81' lang='lat' dir='ltr'><strong><em>advolvi,</em></strong></span> <span class='ocrx_word' id='word_1_410' title='bbox 3112 2494 3160 2547; x_wconf 90' lang='lat' dir='ltr'><strong><em>si</em></strong></span> <span class='ocrx_word' id='word_1_411' title='bbox 3184 2494 3370 2549; x_wconf 78' lang='lat' dir='ltr'><strong><em>liceret</em></strong></span> 
     </span>
    </p>
   </div>
   <div class='ocr_carea' id='block_1_55' title="bbox 1777 2566 3364 2657">
    <p class='ocr_par' dir='ltr' id='par_1_55' title="bbox 1777 2566 3364 2657">
     <span class='ocr_line' id='line_1_55' title="bbox 1777 2566 3364 2657; baseline -0.002 -16"><span class='ocrx_word' id='word_1_412' title='bbox 1777 2586 1926 2641; x_wconf 88' lang='lat' dir='ltr'><strong><em>salva</em></strong></span> <span class='ocrx_word' id='word_1_413' title='bbox 1966 2566 2253 2656; x_wconf 50' lang='lat' dir='ltr'><strong><em>majestate.</em></strong></span> <span class='ocrx_word' id='word_1_414' title='bbox 2277 2586 2505 2657; x_wconf 89' lang='lat' dir='ltr'><strong><em>imperii.</em></strong></span> <span class='ocrx_word' id='word_1_415' title='bbox 2546 2584 2787 2640; x_wconf 90' lang='lat' dir='ltr'><strong><em>Primum</em></strong></span> <span class='ocrx_word' id='word_1_416' title='bbox 2823 2585 3036 2657; x_wconf 87' lang='lat' dir='ltr'><strong><em>quidem</em></strong></span> <span class='ocrx_word' id='word_1_417' title='bbox 3080 2594 3181 2652; x_wconf 82' lang='lat' dir='ltr'><strong><em>est,</em></strong></span> <span class='ocrx_word' id='word_1_418' title='bbox 3222 2583 3364 2657; x_wconf 82' lang='lat' dir='ltr'><strong><em>quod</em></strong></span> 
     </span>
    </p>
   </div>
   <div class='ocr_carea' id='block_1_56' title="bbox 1779 2675 3368 2745">
    <p class='ocr_par' dir='ltr' id='par_1_56' title="bbox 1779 2675 3368 2745">
     <span class='ocr_line' id='line_1_56' title="bbox 1779 2675 3368 2745; baseline -0.003 -11"><span class='ocrx_word' id='word_1_419' title='bbox 1779 2695 1884 2734; x_wconf 90' lang='lat' dir='ltr'><strong><em>non</em></strong></span> <span class='ocrx_word' id='word_1_420' title='bbox 1907 2678 2076 2733; x_wconf 88' lang='lat' dir='ltr'><strong><em>solum</em></strong></span> <span class='ocrx_word' id='word_1_421' title='bbox 2102 2680 2273 2745; x_wconf 89' lang='lat' dir='ltr'><strong><em>nobis,</em></strong></span> <span class='ocrx_word' id='word_1_422' title='bbox 2300 2677 2390 2732; x_wconf 84' lang='lat' dir='ltr'><strong><em>scd</em></strong></span> <span class='ocrx_word' id='word_1_423' title='bbox 2424 2678 2586 2732; x_wconf 91' lang='lat' dir='ltr'><strong><em>etiam</em></strong></span> <span class='ocrx_word' id='word_1_424' title='bbox 2612 2677 2775 2730; x_wconf 89' lang='lat' dir='ltr'><strong><em>totius</em></strong></span> <span class='ocrx_word' id='word_1_425' title='bbox 2811 2675 3119 2732; x_wconf 79' lang='lat' dir='ltr'><strong><em>christiana:</em></strong></span> <span class='ocrx_word' id='word_1_426' title='bbox 3142 2677 3368 2745; x_wconf 73' lang='lat' dir='ltr'><strong><em>profes-</em></strong></span> 
     </span>
    </p>
   </div>
   <div class='ocr_carea' id='block_1_57' title="bbox 1777 2767 3365 2841">
    <p class='ocr_par' dir='ltr' id='par_1_57' title="bbox 1777 2767 3365 2841">
     <span class='ocr_line' id='line_1_57' title="bbox 1777 2767 3365 2841; baseline -0.004 -15"><span class='ocrx_word' id='word_1_427' title='bbox 1777 2772 1943 2827; x_wconf 89' lang='lat' dir='ltr'><strong><em>sionis</em></strong></span> <span class='ocrx_word' id='word_1_428' title='bbox 1977 2771 2223 2826; x_wconf 85' lang='lat' dir='ltr'><strong><em>omnibus</em></strong></span> <span class='ocrx_word' id='word_1_429' title='bbox 2255 2770 2622 2841; x_wconf 88' lang='lat' dir='ltr'><strong><em>gravisimum</em></strong></span> <span class='ocrx_word' id='word_1_430' title='bbox 2671 2777 2723 2823; x_wconf 90' lang='lat' dir='ltr'><strong><em>et</em></strong></span> <span class='ocrx_word' id='word_1_431' title='bbox 2764 2767 3097 2823; x_wconf 86' lang='lat' dir='ltr'><strong><em>intolerabile</em></strong></span> <span class='ocrx_word' id='word_1_432' title='bbox 3131 2768 3365 2821; x_wconf 81' lang='lat' dir='ltr'><strong><em>arbitra-</em></strong></span> 
     </span>
    </p>
   </div>
   <div class='ocr_carea' id='block_1_58' title="bbox 1779 2857 3372 2933">
    <p class='ocr_par' dir='ltr' id='par_1_58' title="bbox 1779 2857 3372 2933">
     <span class='ocr_line' id='line_1_58' title="bbox 1779 2857 3372 2933; baseline -0.003 -17"><span class='ocrx_word' id='word_1_433' title='bbox 1779 2879 1919 2929; x_wconf 90' lang='lat' dir='ltr'><strong><em>mur,</em></strong></span> <span class='ocrx_word' id='word_1_434' title='bbox 1951 2861 2089 2933; x_wconf 91' lang='lat' dir='ltr'><strong><em>quod</em></strong></span> <span class='ocrx_word' id='word_1_435' title='bbox 2127 2862 2191 2916; x_wconf 91' lang='lat' dir='ltr'><strong><em>de</em></strong></span> <span class='ocrx_word' id='word_1_436' title='bbox 2244 2860 2345 2915; x_wconf 89' lang='lat' dir='ltr'><strong><em>illa</em></strong></span> <span class='ocrx_word' id='word_1_437' title='bbox 2374 2859 2670 2930; x_wconf 87' lang='lat' dir='ltr'><strong><em>apostolica</em></strong></span> <span class='ocrx_word' id='word_1_438' title='bbox 2716 2859 2858 2927; x_wconf 88' lang='lat' dir='ltr'><strong><em>sede,</em></strong></span> <span class='ocrx_word' id='word_1_439' title='bbox 2909 2858 3046 2912; x_wconf 90' lang='lat' dir='ltr'><strong><em>unde</em></strong></span> <span class='ocrx_word' id='word_1_440' title='bbox 3097 2873 3258 2929; x_wconf 87' lang='lat' dir='ltr'><strong><em>usque</em></strong></span> <span class='ocrx_word' id='word_1_441' title='bbox 3298 2857 3372 2912; x_wconf 72' lang='lat' dir='ltr'><strong><em>ad</em></strong></span> 
     </span>
    </p>
   </div>
   <div class='ocr_carea' id='block_1_59' title="bbox 1779 2948 3372 3022">
    <p class='ocr_par' dir='ltr' id='par_1_59' title="bbox 1779 2948 3372 3022">
     <span class='ocr_line' id='line_1_59' title="bbox 1779 2948 3372 3022; baseline -0.003 -15"><span class='ocrx_word' id='word_1_442' title='bbox 1779 2955 2089 3007; x_wconf 88' lang='lat' dir='ltr'><strong><em>memoriam</em></strong></span> <span class='ocrx_word' id='word_1_443' title='bbox 2115 2952 2283 3006; x_wconf 88' lang='lat' dir='ltr'><strong><em>nostri</em></strong></span> <span class='ocrx_word' id='word_1_444' title='bbox 2321 2953 2568 3022; x_wconf 88' lang='lat' dir='ltr'><strong><em>temporis</em></strong></span> <span class='ocrx_word' id='word_1_445' title='bbox 2603 2950 2856 3021; x_wconf 88' lang='lat' dir='ltr'><strong><em>salutifer</em></strong></span> <span class='ocrx_word' id='word_1_446' title='bbox 2888 2950 3093 3021; x_wconf 88' lang='lat' dir='ltr'><strong><em>fructus</em></strong></span> <span class='ocrx_word' id='word_1_447' title='bbox 3129 2948 3372 3003; x_wconf 83' lang='lat' dir='ltr'><strong><em>consola-</em></strong></span> 
     </span>
    </p>
   </div>
   <div class='ocr_carea' id='block_1_60' title="bbox 1782 3042 3367 3112">
    <p class='ocr_par' dir='ltr' id='par_1_60' title="bbox 1782 3042 3367 3112">
     <span class='ocr_line' id='line_1_60' title="bbox 1782 3042 3367 3112; baseline -0.003 -14"><span class='ocrx_word' id='word_1_448' title='bbox 1782 3045 1963 3112; x_wconf 84' lang='lat' dir='ltr'><strong><em>tionis,</em></strong></span> <span class='ocrx_word' id='word_1_449' title='bbox 2001 3043 2300 3097; x_wconf 84' lang='lat' dir='ltr'><strong><em>dulcedinis</em></strong></span> <span class='ocrx_word' id='word_1_450' title='bbox 2322 3051 2373 3097; x_wconf 90' lang='lat' dir='ltr'><strong><em>et</em></strong></span> <span class='ocrx_word' id='word_1_451' title='bbox 2406 3042 2723 3097; x_wconf 88' lang='lat' dir='ltr'><strong><em>salvationis</em></strong></span> <span class='ocrx_word' id='word_1_452' title='bbox 2750 3043 3054 3096; x_wconf 88' lang='lat' dir='ltr'><strong><em>animarum</em></strong></span> <span class='ocrx_word' id='word_1_453' title='bbox 3076 3042 3367 3106; x_wconf 87' lang='lat' dir='ltr'><strong><em>oriebatur,</em></strong></span> 
     </span>
    </p>
   </div>
   <div class='ocr_carea' id='block_1_61' title="bbox 1781 3134 3373 3207">
    <p class='ocr_par' dir='ltr' id='par_1_61' title="bbox 1781 3134 3373 3207">
     <span class='ocr_line' id='line_1_61' title="bbox 1781 3134 3373 3207; baseline -0.003 -16"><span class='ocrx_word' id='word_1_454' title='bbox 1781 3137 1935 3191; x_wconf 89' lang='lat' dir='ltr'><strong><em>modo</em></strong></span> <span class='ocrx_word' id='word_1_455' title='bbox 1966 3137 2364 3207; x_wconf 87' lang='lat' dir='ltr'><strong><em>persecutionis,</em></strong></span> <span class='ocrx_word' id='word_1_456' title='bbox 2400 3134 2963 3190; x_wconf 82' lang='lat' dir='ltr'><strong><em>excommunicationis</em></strong></span> <span class='ocrx_word' id='word_1_457' title='bbox 2991 3145 3040 3188; x_wconf 93' lang='lat' dir='ltr'><strong><em>et</em></strong></span> <span class='ocrx_word' id='word_1_458' title='bbox 3069 3150 3220 3188; x_wconf 85' lang='lat' dir='ltr'><strong><em>omne</em></strong></span> <span class='ocrx_word' id='word_1_459' title='bbox 3254 3150 3373 3203; x_wconf 84' lang='lat' dir='ltr'><strong><em>pcr-</em></strong></span> 
     </span>
    </p>
   </div>
   <div class='ocr_carea' id='block_1_62' title="bbox 119 3212 3369 3297">
    <p class='ocr_par' dir='ltr' id='par_1_62' title="bbox 119 3212 3369 3297">
     <span class='ocr_line' id='line_1_62' title="bbox 119 3212 3369 3297; baseline 0.001 -24"><span class='ocrx_word' id='word_1_460' title='bbox 119 3224 519 3293; x_wconf 83' lang='lat' dir='ltr'><strong><em>satisfactionem</em></strong></span> <span class='ocrx_word' id='word_1_461' title='bbox 540 3228 863 3296; x_wconf 77' lang='lat' dir='ltr'><strong><em>accenderet,</em></strong></span> <span class='ocrx_word' id='word_1_462' title='bbox 886 3239 935 3284; x_wconf 80' lang='lat' dir='ltr'><strong><em>et</em></strong></span> <span class='ocrx_word' id='word_1_463' title='bbox 975 3234 1374 3287; x_wconf 68' lang='lat' dir='ltr'><strong><em>accusatoribus</em></strong></span> <span class='ocrx_word' id='word_1_464' title='bbox 1419 3212 1680 3288; x_wconf 67' lang='lat' dir='ltr'><strong><em>tormenta</em></strong></span> <span class='ocrx_word' id='word_1_465' title='bbox 1712 3212 1754 3273; x_wconf 63' lang='grc' dir='ltr'><strong>(ἶ</strong></span> <span class='ocrx_word' id='word_1_466' title='bbox 1785 3230 2003 3283; x_wconf 88' lang='lat' dir='ltr'><strong><em>ditionis</em></strong></span> <span class='ocrx_word' id='word_1_467' title='bbox 2025 3228 2294 3297; x_wconf 79' lang='lat' dir='ltr'><strong><em>ﬂagellum</em></strong></span> <span class='ocrx_word' id='word_1_468' title='bbox 2321 3228 2373 3280; x_wconf 89' lang='lat' dir='ltr'><strong><em>in</em></strong></span> <span class='ocrx_word' id='word_1_469' title='bbox 2406 3243 2499 3281; x_wconf 89' lang='lat' dir='ltr'><strong><em>nos</em></strong></span> <span class='ocrx_word' id='word_1_470' title='bbox 2522 3227 2805 3293; x_wconf 89' lang='lat' dir='ltr'><strong><em>emittitur,</em></strong></span> <span class='ocrx_word' id='word_1_471' title='bbox 2840 3242 2934 3280; x_wconf 89' lang='lat' dir='ltr'><strong><em>nec</em></strong></span> <span class='ocrx_word' id='word_1_472' title='bbox 2967 3235 3168 3296; x_wconf 90' lang='lat' dir='ltr'><strong><em>ponunt</em></strong></span> <span class='ocrx_word' id='word_1_473' title='bbox 3199 3225 3369 3278; x_wconf 80' lang='lat' dir='ltr'><strong><em>ullum</em></strong></span> 
     </span>
    </p>
   </div>
   <div class='ocr_carea' id='block_1_63' title="bbox 119 3318 1683 3385">
    <p class='ocr_par' dir='ltr' id='par_1_63' title="bbox 119 3318 1683 3385">
     <span class='ocr_line' id='line_1_63' title="bbox 119 3318 1683 3385; baseline 0.01 -21"><span class='ocrx_word' id='word_1_474' title='bbox 119 3321 159 3364; x_wconf 89' lang='lat' dir='ltr'><strong><em>et</em></strong></span> <span class='ocrx_word' id='word_1_475' title='bbox 184 3325 389 3369; x_wconf 81' lang='lat' dir='ltr'><strong><em>mortem</em></strong></span> <span class='ocrx_word' id='word_1_476' title='bbox 421 3318 727 3385; x_wconf 87' lang='lat' dir='ltr'><strong><em>intentaret,</em></strong></span> <span class='ocrx_word' id='word_1_477' title='bbox 767 3319 992 3375; x_wconf 82' lang='lat' dir='ltr'><strong><em>Romani</em></strong></span> <span class='ocrx_word' id='word_1_478' title='bbox 1014 3338 1133 3376; x_wconf 90' lang='lat' dir='ltr'><strong><em>eum</em></strong></span> <span class='ocrx_word' id='word_1_479' title='bbox 1164 3339 1278 3377; x_wconf 87' lang='lat' dir='ltr'><strong><em>vere</em></strong></span> <span class='ocrx_word' id='word_1_480' title='bbox 1311 3323 1596 3378; x_wconf 86' lang='lat' dir='ltr'><strong><em>hereticum</em></strong></span> <span class='ocrx_word' id='word_1_481' title='bbox 1631 3336 1683 3380; x_wconf 90' lang='lat' dir='ltr'><strong><em>et</em></strong></span> 
     </span>
    </p>
   </div>
   <div class='ocr_carea' id='block_1_64' title="bbox 121 3404 1681 3482">
    <p class='ocr_par' dir='ltr' id='par_1_64' title="bbox 121 3404 1681 3482">
     <span class='ocr_line' id='line_1_64' title="bbox 121 3404 1681 3482; baseline 0.01 -25"><span class='ocrx_word' id='word_1_482' title='bbox 121 3404 463 3461; x_wconf 82' lang='lat' dir='ltr'><strong><em>scismaticum</em></strong></span> <span class='ocrx_word' id='word_1_483' title='bbox 496 3418 866 3478; x_wconf 88' lang='lat' dir='ltr'><strong><em>protestantes,</em></strong></span> <span class='ocrx_word' id='word_1_484' title='bbox 895 3412 1227 3482; x_wconf 89' lang='lat' dir='ltr'><strong><em>protulerunt</em></strong></span> <span class='ocrx_word' id='word_1_485' title='bbox 1252 3415 1308 3468; x_wconf 91' lang='lat' dir='ltr'><strong><em>in</em></strong></span> <span class='ocrx_word' id='word_1_486' title='bbox 1330 3432 1447 3469; x_wconf 92' lang='lat' dir='ltr'><strong><em>eum</em></strong></span> <span class='ocrx_word' id='word_1_487' title='bbox 1472 3425 1681 3471; x_wconf 89' lang='lat' dir='ltr'><strong><em>senten-</em></strong></span> 
     </span>
    </p>
   </div>
   <div class='ocr_carea' id='block_1_65' title="bbox 124 3494 1682 3566">
    <p class='ocr_par' dir='ltr' id='par_1_65' title="bbox 124 3494 1682 3566">
     <span class='ocr_line' id='line_1_65' title="bbox 124 3494 1682 3566; baseline 0.012 -20"><span class='ocrx_word' id='word_1_488' title='bbox 124 3494 235 3549; x_wconf 86' lang='lat' dir='ltr'><strong><em>tiam</em></strong></span> <span class='ocrx_word' id='word_1_489' title='bbox 253 3496 421 3566; x_wconf 80' lang='lat' dir='ltr'><strong><em>justce</em></strong></span> <span class='ocrx_word' id='word_1_490' title='bbox 440 3499 821 3557; x_wconf 86' lang='lat' dir='ltr'><strong><em>damnationis.</em></strong></span> <span class='ocrx_word' id='word_1_491' title='bbox 862 3503 1204 3560; x_wconf 90' lang='lat' dir='ltr'><strong><em>Preminebat</em></strong></span> <span class='ocrx_word' id='word_1_492' title='bbox 1244 3507 1382 3561; x_wconf 89' lang='lat' dir='ltr'><strong><em>inter</em></strong></span> <span class='ocrx_word' id='word_1_493' title='bbox 1419 3507 1682 3564; x_wconf 87' lang='lat' dir='ltr'><strong><em>Romanos</em></strong></span> 
     </span>
    </p>
   </div>
   <div class='ocr_carea' id='block_1_66' title="bbox 122 3588 1684 3670">
    <p class='ocr_par' dir='ltr' id='par_1_66' title="bbox 122 3588 1684 3670">
     <span class='ocr_line' id='line_1_66' title="bbox 122 3588 1684 3670; baseline 0.01 -29"><span class='ocrx_word' id='word_1_494' title='bbox 122 3588 313 3655; x_wconf 81' lang='lat' dir='ltr'><strong><em>quidam</em></strong></span> <span class='ocrx_word' id='word_1_495' title='bbox 339 3590 675 3663; x_wconf 73' lang='lat' dir='ltr'><strong><em>Haginolfus</em></strong></span> <span class='ocrx_word' id='word_1_496' title='bbox 697 3595 1121 3666; x_wconf 90' lang='lat' dir='ltr'><strong><em>archipresbitcr,</em></strong></span> <span class='ocrx_word' id='word_1_497' title='bbox 1146 3600 1235 3669; x_wconf 83' lang='lat' dir='ltr'><strong><em>qui</em></strong></span> <span class='ocrx_word' id='word_1_498' title='bbox 1257 3602 1385 3670; x_wconf 88' lang='lat' dir='ltr'><strong><em>quia</em></strong></span> <span class='ocrx_word' id='word_1_499' title='bbox 1407 3610 1522 3655; x_wconf 90' lang='lat' dir='ltr'><strong><em>erat</em></strong></span> <span class='ocrx_word' id='word_1_500' title='bbox 1564 3602 1684 3656; x_wconf 91' lang='lat' dir='ltr'><strong><em>lau-</em></strong></span> 
     </span>
    </p>
   </div>
   <div class='ocr_carea' id='block_1_67' title="bbox 124 3678 1681 3761">
    <p class='ocr_par' dir='ltr' id='par_1_67' title="bbox 124 3678 1681 3761">
     <span class='ocr_line' id='line_1_67' title="bbox 124 3678 1681 3761; baseline 0.01 -29"><span class='ocrx_word' id='word_1_501' title='bbox 124 3678 294 3735; x_wconf 75' lang='lat' dir='ltr'><strong><em>dabilis</em></strong></span> <span class='ocrx_word' id='word_1_502' title='bbox 321 3684 468 3749; x_wconf 65' lang='lat' dir='ltr'><strong><em>vitae,</em></strong></span> <span class='ocrx_word' id='word_1_503' title='bbox 491 3692 542 3738; x_wconf 91' lang='lat' dir='ltr'><strong><em>et</em></strong></span> <span class='ocrx_word' id='word_1_504' title='bbox 566 3685 623 3738; x_wconf 88' lang='lat' dir='ltr'><strong><em>in</em></strong></span> <span class='ocrx_word' id='word_1_505' title='bbox 653 3694 876 3757; x_wconf 90' lang='lat' dir='ltr'><strong><em>utraque</em></strong></span> <span class='ocrx_word' id='word_1_506' title='bbox 906 3689 1130 3743; x_wconf 88' lang='lat' dir='ltr'><strong><em>scientia</em></strong></span> <span class='ocrx_word' id='word_1_507' title='bbox 1154 3690 1392 3761; x_wconf 85' lang='lat' dir='ltr'><strong><em>adprime</em></strong></span> <span class='ocrx_word' id='word_1_508' title='bbox 1420 3694 1681 3761; x_wconf 88' lang='lat' dir='ltr'><strong><em>eruditus,</em></strong></span> 
     </span>
    </p>
   </div>
   <div class='ocr_carea' id='block_1_68' title="bbox 125 3769 1684 3855">
    <p class='ocr_par' dir='ltr' id='par_1_68' title="bbox 125 3769 1684 3855">
     <span class='ocr_line' id='line_1_68' title="bbox 125 3769 1684 3855; baseline 0.01 -30"><span class='ocrx_word' id='word_1_509' title='bbox 125 3769 255 3843; x_wconf 77' lang='lat' dir='ltr'><strong><em>longo</em></strong></span> <span class='ocrx_word' id='word_1_510' title='bbox 279 3783 513 3847; x_wconf 81' lang='lat' dir='ltr'><strong><em>tempore</em></strong></span> <span class='ocrx_word' id='word_1_511' title='bbox 540 3777 775 3847; x_wconf 90' lang='lat' dir='ltr'><strong><em>prelatus</em></strong></span> <span class='ocrx_word' id='word_1_512' title='bbox 818 3779 1056 3835; x_wconf 85' lang='lat' dir='ltr'><strong><em>Romano</em></strong></span> <span class='ocrx_word' id='word_1_513' title='bbox 1098 3782 1259 3851; x_wconf 90' lang='lat' dir='ltr'><strong><em>clero,</em></strong></span> <span class='ocrx_word' id='word_1_514' title='bbox 1296 3784 1620 3855; x_wconf 85' lang='lat' dir='ltr'><strong><em>diligebatur</em></strong></span> <span class='ocrx_word' id='word_1_515' title='bbox 1651 3805 1684 3840; x_wconf 89' lang='lat' dir='ltr'><strong><em>a</em></strong></span> 
     </span>
    </p>
   </div>
   <div class='ocr_carea' id='block_1_69' title="bbox 127 3867 1685 3947">
    <p class='ocr_par' dir='ltr' id='par_1_69' title="bbox 127 3867 1685 3947">
     <span class='ocr_line' id='line_1_69' title="bbox 127 3867 1685 3947; baseline 0.01 -30"><span class='ocrx_word' id='word_1_516' title='bbox 127 3876 288 3921; x_wconf 79' lang='lat' dir='ltr'><strong><em>cuncto</em></strong></span> <span class='ocrx_word' id='word_1_517' title='bbox 312 3867 556 3924; x_wconf 87' lang='lat' dir='ltr'><strong><em>Romano</em></strong></span> <span class='ocrx_word' id='word_1_518' title='bbox 586 3871 800 3942; x_wconf 90' lang='lat' dir='ltr'><strong><em>populo,</em></strong></span> <span class='ocrx_word' id='word_1_519' title='bbox 833 3883 1101 3944; x_wconf 88' lang='lat' dir='ltr'><strong><em>tamquam</em></strong></span> <span class='ocrx_word' id='word_1_520' title='bbox 1130 3885 1281 3945; x_wconf 90' lang='lat' dir='ltr'><strong><em>pater</em></strong></span> <span class='ocrx_word' id='word_1_521' title='bbox 1305 3894 1338 3931; x_wconf 94' lang='lat' dir='ltr'><strong><em>a</em></strong></span> <span class='ocrx_word' id='word_1_522' title='bbox 1371 3876 1520 3947; x_wconf 91' lang='lat' dir='ltr'><strong><em>ﬁliis.</em></strong></span> <span class='ocrx_word' id='word_1_523' title='bbox 1550 3878 1685 3934; x_wconf 89' lang='lat' dir='ltr'><strong><em>Cum</em></strong></span> 
     </span>
    </p>
   </div>
   <div class='ocr_carea' id='block_1_70' title="bbox 128 3957 1682 4041">
    <p class='ocr_par' dir='ltr' id='par_1_70' title="bbox 128 3957 1682 4041">
     <span class='ocr_line' id='line_1_70' title="bbox 128 3957 1682 4041; baseline 0.012 -33"><span class='ocrx_word' id='word_1_524' title='bbox 128 3957 265 4012; x_wconf 87' lang='lat' dir='ltr'><strong><em>etiam</em></strong></span> <span class='ocrx_word' id='word_1_525' title='bbox 310 3962 398 4015; x_wconf 87' lang='lat' dir='ltr'><strong><em>hic</em></strong></span> <span class='ocrx_word' id='word_1_526' title='bbox 451 3962 564 4017; x_wconf 77' lang='lat' dir='ltr'><strong><em>zelo</em></strong></span> <span class='ocrx_word' id='word_1_527' title='bbox 608 3963 706 4018; x_wconf 88' lang='lat' dir='ltr'><strong><em>Dei</em></strong></span> <span class='ocrx_word' id='word_1_528' title='bbox 751 3982 1003 4020; x_wconf 89' lang='lat' dir='ltr'><strong><em>accensus</em></strong></span> <span class='ocrx_word' id='word_1_529' title='bbox 1048 3977 1430 4023; x_wconf 88' lang='lat' dir='ltr'><strong><em>contestaretur</em></strong></span> <span class='ocrx_word' id='word_1_530' title='bbox 1456 3970 1682 4041; x_wconf 87' lang='lat' dir='ltr'><strong><em>publice,</em></strong></span> 
     </span>
    </p>
   </div>
   <div class='ocr_carea' id='block_1_71' title="bbox 130 4046 1686 4133">
    <p class='ocr_par' dir='ltr' id='par_1_71' title="bbox 130 4046 1686 4133">
     <span class='ocr_line' id='line_1_71' title="bbox 130 4046 1686 4133; baseline 0.012 -32"><span class='ocrx_word' id='word_1_531' title='bbox 130 4046 389 4107; x_wconf 79' lang='lat' dir='ltr'><strong><em>Rainerum</em></strong></span> <span class='ocrx_word' id='word_1_532' title='bbox 415 4071 528 4109; x_wconf 86' lang='lat' dir='ltr'><strong><em>esse</em></strong></span> <span class='ocrx_word' id='word_1_533' title='bbox 562 4056 865 4124; x_wconf 88' lang='lat' dir='ltr'><strong><em>hereticum,</em></strong></span> <span class='ocrx_word' id='word_1_534' title='bbox 896 4067 1017 4113; x_wconf 90' lang='lat' dir='ltr'><strong><em>tunc</em></strong></span> <span class='ocrx_word' id='word_1_535' title='bbox 1060 4077 1178 4115; x_wconf 89' lang='lat' dir='ltr'><strong><em>vero</em></strong></span> <span class='ocrx_word' id='word_1_536' title='bbox 1214 4078 1392 4117; x_wconf 88' lang='lat' dir='ltr'><strong><em>omnes</em></strong></span> <span class='ocrx_word' id='word_1_537' title='bbox 1436 4063 1544 4133; x_wconf 86' lang='lat' dir='ltr'><strong><em>fere</em></strong></span> <span class='ocrx_word' id='word_1_538' title='bbox 1580 4063 1686 4118; x_wconf 82' lang='lat' dir='ltr'><strong><em>Ro—</em></strong></span> 
     </span>
    </p>
   </div>
   <div class='ocr_carea' id='block_1_72' title="bbox 131 4143 1687 4223">
    <p class='ocr_par' dir='ltr' id='par_1_72' title="bbox 131 4143 1687 4223">
     <span class='ocr_line' id='line_1_72' title="bbox 131 4143 1687 4223; baseline 0.012 -31"><span class='ocrx_word' id='word_1_539' title='bbox 131 4143 251 4195; x_wconf 75' lang='lat' dir='ltr'><strong><em>mani</em></strong></span> <span class='ocrx_word' id='word_1_540' title='bbox 282 4145 705 4215; x_wconf 80' lang='lat' dir='ltr'><strong><em>conclamabant,</em></strong></span> <span class='ocrx_word' id='word_1_541' title='bbox 752 4149 1040 4205; x_wconf 89' lang='lat' dir='ltr'><strong><em>Rainerum</em></strong></span> <span class='ocrx_word' id='word_1_542' title='bbox 1081 4161 1139 4206; x_wconf 90' lang='lat' dir='ltr'><strong><em>ut</em></strong></span> <span class='ocrx_word' id='word_1_543' title='bbox 1181 4154 1545 4223; x_wconf 81' lang='lat' dir='ltr'><strong><em>syntoniacum</em></strong></span> <span class='ocrx_word' id='word_1_544' title='bbox 1576 4172 1687 4211; x_wconf 90' lang='lat' dir='ltr'><strong><em>esse</em></strong></span> 
     </span>
    </p>
   </div>
   <div class='ocr_carea' id='block_1_73' title="bbox 131 4232 1688 4311">
    <p class='ocr_par' dir='ltr' id='par_1_73' title="bbox 131 4232 1688 4311">
     <span class='ocr_line' id='line_1_73' title="bbox 131 4232 1688 4311; baseline 0.01 -24"><span class='ocrx_word' id='word_1_545' title='bbox 131 4232 488 4305; x_wconf 76' lang='lat' dir='ltr'><strong><em>deponendum,</em></strong></span> <span class='ocrx_word' id='word_1_546' title='bbox 518 4238 872 4311; x_wconf 74' lang='lat' dir='ltr'><strong><em>Maginolfnm</em></strong></span> <span class='ocrx_word' id='word_1_547' title='bbox 894 4260 1012 4297; x_wconf 89' lang='lat' dir='ltr'><strong><em>vero</em></strong></span> <span class='ocrx_word' id='word_1_548' title='bbox 1035 4253 1091 4298; x_wconf 91' lang='lat' dir='ltr'><strong><em>ut</em></strong></span> <span class='ocrx_word' id='word_1_549' title='bbox 1122 4246 1356 4299; x_wconf 89' lang='lat' dir='ltr'><strong><em>veritatis</em></strong></span> <span class='ocrx_word' id='word_1_550' title='bbox 1380 4253 1560 4300; x_wconf 89' lang='lat' dir='ltr'><strong><em>testem</em></strong></span> <span class='ocrx_word' id='word_1_551' title='bbox 1578 4264 1688 4302; x_wconf 84' lang='lat' dir='ltr'><strong><em>esse</em></strong></span> 
     </span>
    </p>
   </div>
   <div class='ocr_carea' id='block_1_74' title="bbox 131 4325 1688 4408">
    <p class='ocr_par' dir='ltr' id='par_1_74' title="bbox 131 4325 1688 4408">
     <span class='ocr_line' id='line_1_74' title="bbox 131 4325 1688 4408; baseline 0.011 -32"><span class='ocrx_word' id='word_1_552' title='bbox 131 4325 526 4384; x_wconf 85' lang='lat' dir='ltr'><strong><em>substituendum</em></strong></span> <span class='ocrx_word' id='word_1_553' title='bbox 566 4332 621 4385; x_wconf 89' lang='lat' dir='ltr'><strong><em>in</em></strong></span> <span class='ocrx_word' id='word_1_554' title='bbox 649 4333 770 4387; x_wconf 88' lang='lat' dir='ltr'><strong><em>sede</em></strong></span> <span class='ocrx_word' id='word_1_555' title='bbox 801 4335 1114 4404; x_wconf 85' lang='lat' dir='ltr'><strong><em>apostolica.</em></strong></span> <span class='ocrx_word' id='word_1_556' title='bbox 1154 4336 1226 4390; x_wconf 82' lang='lat' dir='ltr'><strong><em>At</em></strong></span> <span class='ocrx_word' id='word_1_557' title='bbox 1257 4336 1604 4408; x_wconf 82' lang='lat' dir='ltr'><strong><em>Maginolfus,</em></strong></span> <span class='ocrx_word' id='word_1_558' title='bbox 1637 4348 1688 4394; x_wconf 90' lang='lat' dir='ltr'><strong><em>et</em></strong></span> 
     </span>
    </p>
   </div>
   <div class='ocr_carea' id='block_1_75' title="bbox 133 4414 1684 4501">
    <p class='ocr_par' dir='ltr' id='par_1_75' title="bbox 133 4414 1684 4501">
     <span class='ocr_line' id='line_1_75' title="bbox 133 4414 1684 4501; baseline 0.01 -33"><span class='ocrx_word' id='word_1_559' title='bbox 133 4414 331 4474; x_wconf 75' lang='lat' dir='ltr'><strong><em>insidias</em></strong></span> <span class='ocrx_word' id='word_1_560' title='bbox 357 4421 630 4477; x_wconf 81' lang='lat' dir='ltr'><strong><em>hominum</em></strong></span> <span class='ocrx_word' id='word_1_561' title='bbox 654 4433 703 4478; x_wconf 91' lang='lat' dir='ltr'><strong><em>ct</em></strong></span> <span class='ocrx_word' id='word_1_562' title='bbox 740 4441 873 4480; x_wconf 90' lang='lat' dir='ltr'><strong><em>onus</em></strong></span> <span class='ocrx_word' id='word_1_563' title='bbox 902 4427 1182 4495; x_wconf 89' lang='lat' dir='ltr'><strong><em>apostolici</em></strong></span> <span class='ocrx_word' id='word_1_564' title='bbox 1198 4429 1413 4483; x_wconf 85' lang='lat' dir='ltr'><strong><em>honoris</em></strong></span> <span class='ocrx_word' id='word_1_565' title='bbox 1455 4430 1684 4501; x_wconf 85' lang='lat' dir='ltr'><strong><em>fugiens,</em></strong></span> 
     </span>
    </p>
   </div>
   <div class='ocr_carea' id='block_1_76' title="bbox 1784 3300 3373 3386">
    <p class='ocr_par' dir='ltr' id='par_1_76' title="bbox 1784 3300 3373 3386">
     <span class='ocr_line' id='line_1_76' title="bbox 1784 3300 3373 3386; baseline -0.003 -14"><span class='ocrx_word' id='word_1_566' title='bbox 1784 3319 1993 3372; x_wconf 87' lang='lat' dir='ltr'><strong><em>modum</em></strong></span> <span class='ocrx_word' id='word_1_567' title='bbox 2024 3317 2315 3381; x_wconf 70' lang='lat' dir='ltr'><strong><em>sententiae,</em></strong></span> <span class='ocrx_word' id='word_1_568' title='bbox 2336 3325 2542 3370; x_wconf 87' lang='lat' dir='ltr'><strong><em>tantum</em></strong></span> <span class='ocrx_word' id='word_1_569' title='bbox 2571 3325 2628 3370; x_wconf 92' lang='lat' dir='ltr'><strong><em>ut</em></strong></span> <span class='ocrx_word' id='word_1_570' title='bbox 2672 3317 2907 3386; x_wconf 88' lang='lat' dir='ltr'><strong><em>satisﬁat</em></strong></span> <span class='ocrx_word' id='word_1_571' title='bbox 2932 3314 3192 3370; x_wconf 86' lang='lat' dir='ltr'><strong><em>voluntati</em></strong></span> <span class='ocrx_word' id='word_1_572' title='bbox 3229 3300 3373 3368; x_wconf 81' lang='lat' dir='ltr'><strong><em>indi-</em></strong></span> 
     </span>
    </p>
   </div>
   <div class='ocr_carea' id='block_1_77' title="bbox 1783 3407 3371 3479">
    <p class='ocr_par' dir='ltr' id='par_1_77' title="bbox 1783 3407 3371 3479">
     <span class='ocr_line' id='line_1_77' title="bbox 1783 3407 3371 3479; baseline -0.003 -15"><span class='ocrx_word' id='word_1_573' title='bbox 1783 3418 1986 3464; x_wconf 76' lang='lat' dir='ltr'><strong><em>scretx.</em></strong></span> <span class='ocrx_word' id='word_1_574' title='bbox 2020 3408 2198 3479; x_wconf 81' lang='lat' dir='ltr'><strong><em>Hujus</em></strong></span> <span class='ocrx_word' id='word_1_575' title='bbox 2229 3407 2518 3461; x_wconf 85' lang='lat' dir='ltr'><strong><em>voluntatis</em></strong></span> <span class='ocrx_word' id='word_1_576' title='bbox 2550 3424 2660 3462; x_wconf 74' lang='lat' dir='ltr'><strong><em>sua:</em></strong></span> <span class='ocrx_word' id='word_1_577' title='bbox 2684 3408 3090 3478; x_wconf 89' lang='lat' dir='ltr'><strong><em>intemperantia</em></strong></span> <span class='ocrx_word' id='word_1_578' title='bbox 3121 3407 3251 3460; x_wconf 86' lang='lat' dir='ltr'><strong><em>adeo</em></strong></span> <span class='ocrx_word' id='word_1_579' title='bbox 3276 3423 3371 3460; x_wconf 88' lang='lat' dir='ltr'><strong><em>us-</em></strong></span> 
     </span>
    </p>
   </div>
   <div class='ocr_carea' id='block_1_78' title="bbox 1781 3497 3371 3573">
    <p class='ocr_par' dir='ltr' id='par_1_78' title="bbox 1781 3497 3371 3573">
     <span class='ocr_line' id='line_1_78' title="bbox 1781 3497 3371 3573; baseline -0.004 -16"><span class='ocrx_word' id='word_1_580' title='bbox 1781 3519 1880 3573; x_wconf 88' lang='lat' dir='ltr'><strong><em>que</em></strong></span> <span class='ocrx_word' id='word_1_581' title='bbox 1908 3518 2044 3557; x_wconf 87' lang='lat' dir='ltr'><strong><em>nunc</em></strong></span> <span class='ocrx_word' id='word_1_582' title='bbox 2086 3500 2242 3554; x_wconf 88' lang='lat' dir='ltr'><strong><em>abusi</em></strong></span> <span class='ocrx_word' id='word_1_583' title='bbox 2268 3508 2390 3552; x_wconf 89' lang='lat' dir='ltr'><strong><em>sunt</em></strong></span> <span class='ocrx_word' id='word_1_584' title='bbox 2418 3500 2473 3553; x_wconf 91' lang='lat' dir='ltr'><strong><em>in</em></strong></span> <span class='ocrx_word' id='word_1_585' title='bbox 2515 3514 2614 3565; x_wconf 90' lang='lat' dir='ltr'><strong><em>me,</em></strong></span> <span class='ocrx_word' id='word_1_586' title='bbox 2658 3508 2715 3551; x_wconf 91' lang='lat' dir='ltr'><strong><em>ut</em></strong></span> <span class='ocrx_word' id='word_1_587' title='bbox 2754 3515 2846 3552; x_wconf 88' lang='lat' dir='ltr'><strong><em>nec</em></strong></span> <span class='ocrx_word' id='word_1_588' title='bbox 2884 3499 3073 3565; x_wconf 81' lang='lat' dir='ltr'><strong><em>Deum,</em></strong></span> <span class='ocrx_word' id='word_1_589' title='bbox 3108 3515 3198 3552; x_wconf 80' lang='lat' dir='ltr'><strong><em>ncc</em></strong></span> <span class='ocrx_word' id='word_1_590' title='bbox 3245 3497 3371 3570; x_wconf 86' lang='lat' dir='ltr'><strong><em>quid</em></strong></span> 
     </span>
    </p>
   </div>
   <div class='ocr_carea' id='block_1_79' title="bbox 1783 3591 3371 3666">
    <p class='ocr_par' dir='ltr' id='par_1_79' title="bbox 1783 3591 3371 3666">
     <span class='ocr_line' id='line_1_79' title="bbox 1783 3591 3371 3666; baseline -0.004 -17"><span class='ocrx_word' id='word_1_591' title='bbox 1783 3605 1872 3650; x_wconf 89' lang='lat' dir='ltr'><strong><em>aut</em></strong></span> <span class='ocrx_word' id='word_1_592' title='bbox 1901 3601 2160 3666; x_wconf 88' lang='lat' dir='ltr'><strong><em>quantum</em></strong></span> <span class='ocrx_word' id='word_1_593' title='bbox 2188 3591 2317 3646; x_wconf 89' lang='lat' dir='ltr'><strong><em>mali</em></strong></span> <span class='ocrx_word' id='word_1_594' title='bbox 2347 3591 2471 3646; x_wconf 89' lang='lat' dir='ltr'><strong><em>inde</em></strong></span> <span class='ocrx_word' id='word_1_595' title='bbox 2499 3591 2771 3663; x_wconf 88' lang='lat' dir='ltr'><strong><em>proveniat</em></strong></span> <span class='ocrx_word' id='word_1_596' title='bbox 2802 3599 3104 3661; x_wconf 85' lang='lat' dir='ltr'><strong><em>pensantes,</em></strong></span> <span class='ocrx_word' id='word_1_597' title='bbox 3126 3607 3219 3661; x_wconf 90' lang='lat' dir='ltr'><strong><em>per</em></strong></span> <span class='ocrx_word' id='word_1_598' title='bbox 3246 3607 3299 3644; x_wconf 89' lang='lat' dir='ltr'><strong><em>se</em></strong></span> <span class='ocrx_word' id='word_1_599' title='bbox 3320 3597 3371 3643; x_wconf 89' lang='lat' dir='ltr'><strong><em>ct</em></strong></span> 
     </span>
    </p>
   </div>
   <div class='ocr_carea' id='block_1_80' title="bbox 1783 3681 3372 3759">
    <p class='ocr_par' dir='ltr' id='par_1_80' title="bbox 1783 3681 3372 3759">
     <span class='ocr_line' id='line_1_80' title="bbox 1783 3681 3372 3759; baseline -0.004 -17"><span class='ocrx_word' id='word_1_600' title='bbox 1783 3706 1875 3759; x_wconf 90' lang='lat' dir='ltr'><strong><em>per</em></strong></span> <span class='ocrx_word' id='word_1_601' title='bbox 1894 3704 2016 3741; x_wconf 90' lang='lat' dir='ltr'><strong><em>suos</em></strong></span> <span class='ocrx_word' id='word_1_602' title='bbox 2054 3684 2369 3742; x_wconf 87' lang='lat' dir='ltr'><strong><em>omnimodis</em></strong></span> <span class='ocrx_word' id='word_1_603' title='bbox 2401 3684 2717 3738; x_wconf 84' lang='lat' dir='ltr'><strong><em>invehuntur</em></strong></span> <span class='ocrx_word' id='word_1_604' title='bbox 2752 3682 2821 3715; x_wconf 80' lang='grc'><strong>’⁷⁸</strong></span> <span class='ocrx_word' id='word_1_605' title='bbox 2858 3682 2916 3736; x_wconf 89' lang='lat' dir='ltr'><strong><em>in</em></strong></span> <span class='ocrx_word' id='word_1_606' title='bbox 2961 3698 3064 3749; x_wconf 88' lang='lat' dir='ltr'><strong><em>me,</em></strong></span> <span class='ocrx_word' id='word_1_607' title='bbox 3091 3697 3210 3735; x_wconf 89' lang='lat' dir='ltr'><strong><em>cum</em></strong></span> <span class='ocrx_word' id='word_1_608' title='bbox 3249 3681 3372 3736; x_wconf 84' lang='lat' dir='ltr'><strong><em>obe-</em></strong></span> 
     </span>
    </p>
   </div>
   <div class='ocr_carea' id='block_1_81' title="bbox 1784 3773 3370 3846">
    <p class='ocr_par' dir='ltr' id='par_1_81' title="bbox 1784 3773 3370 3846">
     <span class='ocr_line' id='line_1_81' title="bbox 1784 3773 3370 3846; baseline -0.006 -12"><span class='ocrx_word' id='word_1_609' title='bbox 1784 3780 2039 3834; x_wconf 71' lang='lat' dir='ltr'><strong><em>dientiam</em></strong></span> <span class='ocrx_word' id='word_1_610' title='bbox 2067 3787 2116 3833; x_wconf 94' lang='lat' dir='ltr'><strong><em>et</em></strong></span> <span class='ocrx_word' id='word_1_611' title='bbox 2141 3794 2345 3832; x_wconf 92' lang='lat' dir='ltr'><strong><em>omnem</em></strong></span> <span class='ocrx_word' id='word_1_612' title='bbox 2374 3777 2607 3832; x_wconf 88' lang='lat' dir='ltr'><strong><em>debitam</em></strong></span> <span class='ocrx_word' id='word_1_613' title='bbox 2643 3775 3021 3846; x_wconf 88' lang='lat' dir='ltr'><strong><em>subjectionem</em></strong></span> <span class='ocrx_word' id='word_1_614' title='bbox 3054 3789 3169 3843; x_wconf 90' lang='lat' dir='ltr'><strong><em>sepe</em></strong></span> <span class='ocrx_word' id='word_1_615' title='bbox 3214 3773 3370 3826; x_wconf 80' lang='lat' dir='ltr'><strong><em>obtu-</em></strong></span> 
     </span>
    </p>
   </div>
   <div class='ocr_carea' id='block_1_82' title="bbox 1783 3864 3374 3942">
    <p class='ocr_par' dir='ltr' id='par_1_82' title="bbox 1783 3864 3374 3942">
     <span class='ocr_line' id='line_1_82' title="bbox 1783 3864 3374 3942; baseline -0.006 -14"><span class='ocrx_word' id='word_1_616' title='bbox 1783 3873 1938 3928; x_wconf 90' lang='lat' dir='ltr'><strong><em>lerim</em></strong></span> <span class='ocrx_word' id='word_1_617' title='bbox 1972 3871 2277 3942; x_wconf 66' lang='lat' dir='ltr'><strong><em>apostolica</em></strong></span> <span class='ocrx_word' id='word_1_618' title='bbox 2307 3870 2440 3937; x_wconf 90' lang='lat' dir='ltr'><strong><em>sedi,</em></strong></span> <span class='ocrx_word' id='word_1_619' title='bbox 2479 3870 2526 3923; x_wconf 90' lang='lat' dir='ltr'><strong><em>si</em></strong></span> <span class='ocrx_word' id='word_1_620' title='bbox 2558 3879 2733 3923; x_wconf 88' lang='lat' dir='ltr'><strong><em>tamen</em></strong></span> <span class='ocrx_word' id='word_1_621' title='bbox 2776 3866 3067 3922; x_wconf 86' lang='lat' dir='ltr'><strong><em>reverentia</em></strong></span> <span class='ocrx_word' id='word_1_622' title='bbox 3108 3874 3159 3918; x_wconf 91' lang='lat' dir='ltr'><strong><em>et</em></strong></span> <span class='ocrx_word' id='word_1_623' title='bbox 3205 3864 3374 3919; x_wconf 76' lang='lat' dir='ltr'><strong><em>Itencr</em></strong></span> 
     </span>
    </p>
   </div>
   <div class='ocr_carea' id='block_1_83' title="bbox 1785 3957 3375 4030">
    <p class='ocr_par' dir='ltr' id='par_1_83' title="bbox 1785 3957 3375 4030">
     <span class='ocr_line' id='line_1_83' title="bbox 1785 3957 3375 4030; baseline -0.006 -10"><span class='ocrx_word' id='word_1_624' title='bbox 1785 3966 2012 4030; x_wconf 84' lang='lat' dir='ltr'><strong><em>debitus,</em></strong></span> <span class='ocrx_word' id='word_1_625' title='bbox 2045 3965 2182 4018; x_wconf 89' lang='lat' dir='ltr'><strong><em>sicut</em></strong></span> <span class='ocrx_word' id='word_1_626' title='bbox 2208 3961 2624 4017; x_wconf 85' lang='lat' dir='ltr'><strong><em>antecessoribus</em></strong></span> <span class='ocrx_word' id='word_1_627' title='bbox 2663 3961 2815 4027; x_wconf 91' lang='lat' dir='ltr'><strong><em>meis,</em></strong></span> <span class='ocrx_word' id='word_1_628' title='bbox 2848 3960 2913 4014; x_wconf 91' lang='lat' dir='ltr'><strong><em>ab</em></strong></span> <span class='ocrx_word' id='word_1_629' title='bbox 2940 3958 3231 4029; x_wconf 87' lang='lat' dir='ltr'><strong><em>apostolica</em></strong></span> <span class='ocrx_word' id='word_1_630' title='bbox 3254 3957 3375 4011; x_wconf 87' lang='lat' dir='ltr'><strong><em>sede</em></strong></span> 
     </span>
    </p>
   </div>
   <div class='ocr_carea' id='block_1_84' title="bbox 1784 4050 3375 4123">
    <p class='ocr_par' dir='ltr' id='par_1_84' title="bbox 1784 4050 3375 4123">
     <span class='ocr_line' id='line_1_84' title="bbox 1784 4050 3375 4123; baseline -0.006 -9"><span class='ocrx_word' id='word_1_631' title='bbox 1784 4059 2118 4114; x_wconf 73' lang='lat' dir='ltr'><strong><em>exhiberetur</em></strong></span> <span class='ocrx_word' id='word_1_632' title='bbox 2149 4068 2198 4113; x_wconf 90' lang='lat' dir='ltr'><strong><em>et</em></strong></span> <span class='ocrx_word' id='word_1_633' title='bbox 2229 4058 2377 4112; x_wconf 88' lang='lat' dir='ltr'><strong><em>mihi.</em></strong></span> <span class='ocrx_word' id='word_1_634' title='bbox 2425 4055 2568 4123; x_wconf 84' lang='lat' dir='ltr'><strong><em>Quid</em></strong></span> <span class='ocrx_word' id='word_1_635' title='bbox 2599 4066 2776 4111; x_wconf 88' lang='lat' dir='ltr'><strong><em>autem</em></strong></span> <span class='ocrx_word' id='word_1_636' title='bbox 2821 4053 3120 4119; x_wconf 87' lang='lat' dir='ltr'><strong><em>intendant,</em></strong></span> <span class='ocrx_word' id='word_1_637' title='bbox 3158 4050 3375 4123; x_wconf 79' lang='lat' dir='ltr'><strong><em>Oportu-</em></strong></span> 
     </span>
    </p>
   </div>
   <div class='ocr_carea' id='block_1_85' title="bbox 1787 4144 3375 4222">
    <p class='ocr_par' dir='ltr' id='par_1_85' title="bbox 1787 4144 3375 4222">
     <span class='ocr_line' id='line_1_85' title="bbox 1787 4144 3375 4222; baseline -0.005 -18"><span class='ocrx_word' id='word_1_638' title='bbox 1787 4152 1906 4205; x_wconf 89' lang='lat' dir='ltr'><strong><em>nius</em></strong></span> <span class='ocrx_word' id='word_1_639' title='bbox 1930 4153 2040 4222; x_wconf 86' lang='lat' dir='ltr'><strong><em>ipse</em></strong></span> <span class='ocrx_word' id='word_1_640' title='bbox 2070 4149 2385 4221; x_wconf 75' lang='lat' dir='ltr'><strong><em>signiﬁcabo</em></strong></span> <span class='ocrx_word' id='word_1_641' title='bbox 2412 4149 2575 4215; x_wconf 85' lang='lat' dir='ltr'><strong><em>vobis,</em></strong></span> <span class='ocrx_word' id='word_1_642' title='bbox 2600 4149 2648 4202; x_wconf 92' lang='lat' dir='ltr'><strong><em>si</em></strong></span> <span class='ocrx_word' id='word_1_643' title='bbox 2676 4146 2887 4219; x_wconf 78' lang='lat' dir='ltr'><strong><em>quando</em></strong></span> <span class='ocrx_word' id='word_1_644' title='bbox 2916 4146 3086 4217; x_wconf 84' lang='lat' dir='ltr'><strong><em>optati</em></strong></span> <span class='ocrx_word' id='word_1_645' title='bbox 3124 4144 3375 4214; x_wconf 84' lang='lat' dir='ltr'><strong><em>colloquii</em></strong></span> 
     </span>
    </p>
   </div>
   <div class='ocr_carea' id='block_1_86' title="bbox 1787 4236 3376 4312">
    <p class='ocr_par' dir='ltr' id='par_1_86' title="bbox 1787 4236 3376 4312">
     <span class='ocr_line' id='line_1_86' title="bbox 1787 4236 3376 4312; baseline -0.004 -17"><span class='ocrx_word' id='word_1_646' title='bbox 1787 4243 1996 4312; x_wconf 87' lang='lat' dir='ltr'><strong><em>copiam</em></strong></span> <span class='ocrx_word' id='word_1_647' title='bbox 2029 4242 2167 4295; x_wconf 81' lang='lat' dir='ltr'><strong><em>Deus</em></strong></span> <span class='ocrx_word' id='word_1_648' title='bbox 2196 4241 2397 4295; x_wconf 82' lang='lat' dir='ltr'><strong><em>dederit</em></strong></span> <span class='ocrx_word' id='word_1_649' title='bbox 2426 4240 2593 4294; x_wconf 85' lang='lat' dir='ltr'><strong><em>nobis.</em></strong></span> <span class='ocrx_word' id='word_1_650' title='bbox 2640 4238 2707 4293; x_wconf 90' lang='lat' dir='ltr'><strong><em>In</em></strong></span> <span class='ocrx_word' id='word_1_651' title='bbox 2733 4239 2834 4293; x_wconf 88' lang='lat' dir='ltr'><strong><em>hac</em></strong></span> <span class='ocrx_word' id='word_1_652' title='bbox 2864 4238 3032 4309; x_wconf 84' lang='lat' dir='ltr'><strong><em>igitur</em></strong></span> <span class='ocrx_word' id='word_1_653' title='bbox 3056 4236 3376 4307; x_wconf 81' lang='lat' dir='ltr'><strong><em>persecutio-</em></strong></span> 
     </span>
    </p>
   </div>
   <div class='ocr_carea' id='block_1_87' title="bbox 1788 4329 3377 4403">
    <p class='ocr_par' dir='ltr' id='par_1_87' title="bbox 1788 4329 3377 4403">
     <span class='ocr_line' id='line_1_87' title="bbox 1788 4329 3377 4403; baseline -0.007 -14"><span class='ocrx_word' id='word_1_654' title='bbox 1788 4336 1870 4389; x_wconf 90' lang='lat' dir='ltr'><strong><em>nis</em></strong></span> <span class='ocrx_word' id='word_1_655' title='bbox 1896 4344 1945 4389; x_wconf 91' lang='lat' dir='ltr'><strong><em>et</em></strong></span> <span class='ocrx_word' id='word_1_656' title='bbox 1971 4334 2081 4387; x_wconf 90' lang='lat' dir='ltr'><strong><em>odii</em></strong></span> <span class='ocrx_word' id='word_1_657' title='bbox 2108 4334 2529 4403; x_wconf 85' lang='lat' dir='ltr'><strong><em>inﬂammatione</em></strong></span> <span class='ocrx_word' id='word_1_658' title='bbox 2557 4348 2675 4386; x_wconf 87' lang='lat' dir='ltr'><strong><em>cum</em></strong></span> <span class='ocrx_word' id='word_1_659' title='bbox 2706 4347 2897 4402; x_wconf 86' lang='lat' dir='ltr'><strong><em>parum</em></strong></span> <span class='ocrx_word' id='word_1_660' title='bbox 2919 4329 3150 4383; x_wconf 85' lang='lat' dir='ltr'><strong><em>viderent</em></strong></span> <span class='ocrx_word' id='word_1_661' title='bbox 3178 4342 3231 4380; x_wconf 89' lang='lat' dir='ltr'><strong><em>se</em></strong></span> <span class='ocrx_word' id='word_1_662' title='bbox 3252 4342 3377 4397; x_wconf 88' lang='lat' dir='ltr'><strong><em>pro-</em></strong></span> 
     </span>
    </p>
   </div>
   <div class='ocr_carea' id='block_1_88' title="bbox 1740 4416 3378 4498">
    <p class='ocr_par' dir='ltr' id='par_1_88' title="bbox 1740 4416 3378 4498">
     <span class='ocr_line' id='line_1_88' title="bbox 1740 4416 3378 4498; baseline -0.006 -16"><span class='ocrx_word' id='word_1_663' title='bbox 1740 4446 1741 4451; x_wconf 70' lang='lat'>‘</span> <span class='ocrx_word' id='word_1_664' title='bbox 1788 4428 1963 4498; x_wconf 83' lang='lat' dir='ltr'><strong><em>ﬁcere,</em></strong></span> <span class='ocrx_word' id='word_1_665' title='bbox 1994 4435 2178 4481; x_wconf 92' lang='lat' dir='ltr'><strong><em>contra</em></strong></span> <span class='ocrx_word' id='word_1_666' title='bbox 2208 4416 2380 4496; x_wconf 67' lang='lat' dir='ltr'><strong><em>ips&#39;um</em></strong></span> <span class='ocrx_word' id='word_1_667' title='bbox 2400 4424 2492 4494; x_wconf 87' lang='lat' dir='ltr'><strong><em>jus</em></strong></span> <span class='ocrx_word' id='word_1_668' title='bbox 2523 4433 2730 4478; x_wconf 76' lang='lat' dir='ltr'><strong><em>natura:</em></strong></span> <span class='ocrx_word' id='word_1_669' title='bbox 2751 4421 3072 4482; x_wconf 87' lang='lat' dir='ltr'><strong><em>laborantes,</em></strong></span> <span class='ocrx_word' id='word_1_670' title='bbox 3096 4417 3234 4490; x_wconf 88' lang='lat' dir='ltr'><strong><em>quod</em></strong></span> <span class='ocrx_word' id='word_1_671' title='bbox 3263 4418 3378 4472; x_wconf 85' lang='lat' dir='ltr'><strong><em>sine</em></strong></span> 
     </span>
    </p>
   </div>
   <div class='ocr_carea' id='block_1_89' title="bbox 134 4506 3378 4616">
    <p class='ocr_par' dir='ltr' id='par_1_89' title="bbox 134 4506 3378 4616">
     <span class='ocr_line' id='line_1_89' title="bbox 134 4506 3378 4616; baseline 0 -55"><span class='ocrx_word' id='word_1_672' title='bbox 134 4506 178 4560; x_wconf 84' lang='lat' dir='ltr'><strong><em>in</em></strong></span> <span class='ocrx_word' id='word_1_673' title='bbox 200 4515 600 4569; x_wconf 87' lang='lat' dir='ltr'><strong><em>munitissimum</em></strong></span> <span class='ocrx_word' id='word_1_674' title='bbox 626 4515 800 4570; x_wconf 91' lang='lat' dir='ltr'><strong><em>locum</em></strong></span> <span class='ocrx_word' id='word_1_675' title='bbox 824 4535 877 4572; x_wconf 92' lang='lat' dir='ltr'><strong><em>se</em></strong></span> <span class='ocrx_word' id='word_1_676' title='bbox 897 4519 1142 4575; x_wconf 89' lang='lat' dir='ltr'><strong><em>contulit.</em></strong></span> <span class='ocrx_word' id='word_1_677' title='bbox 1180 4520 1336 4574; x_wconf 88' lang='lat' dir='ltr'><strong><em>Berto</em></strong></span> <span class='ocrx_word' id='word_1_678' title='bbox 1364 4537 1503 4588; x_wconf 90' lang='lat' dir='ltr'><strong><em>vero,</em></strong></span> <span class='ocrx_word' id='word_1_679' title='bbox 1528 4533 1687 4592; x_wconf 87' lang='lat' dir='ltr'><strong><em>caput</em></strong></span> <span class='ocrx_word' id='word_1_680' title='bbox 1720 4557 1763 4616; x_wconf 72' lang='grc' dir='ltr'>ο</span> <span class='ocrx_word' id='word_1_681' title='bbox 1790 4520 2024 4573; x_wconf 85' lang='lat' dir='ltr'><strong><em>maximo</em></strong></span> <span class='ocrx_word' id='word_1_682' title='bbox 2054 4518 2230 4571; x_wconf 89' lang='lat' dir='ltr'><strong><em>cordis</em></strong></span> <span class='ocrx_word' id='word_1_683' title='bbox 2254 4516 2453 4583; x_wconf 90' lang='lat' dir='ltr'><strong><em>dolore,</em></strong></span> <span class='ocrx_word' id='word_1_684' title='bbox 2480 4517 2592 4570; x_wconf 89' lang='lat' dir='ltr'><strong><em>sine</em></strong></span> <span class='ocrx_word' id='word_1_685' title='bbox 2614 4514 2797 4569; x_wconf 88' lang='lat' dir='ltr'><strong><em>multis</em></strong></span> <span class='ocrx_word' id='word_1_686' title='bbox 2818 4513 3055 4568; x_wconf 88' lang='lat' dir='ltr'><strong><em>lacrimis</em></strong></span> <span class='ocrx_word' id='word_1_687' title='bbox 3078 4511 3251 4564; x_wconf 88' lang='lat' dir='ltr'><strong><em>dicere</em></strong></span> <span class='ocrx_word' id='word_1_688' title='bbox 3272 4525 3378 4562; x_wconf 84' lang='lat' dir='ltr'><strong><em>non</em></strong></span> 
     </span>
    </p>
   </div>
   <div class='ocr_carea' id='block_1_90' title="bbox 133 4605 1683 4681">
    <p class='ocr_par' dir='ltr' id='par_1_90' title="bbox 133 4605 1683 4681">
     <span class='ocr_line' id='line_1_90' title="bbox 133 4605 1683 4681; baseline 0.012 -31"><span class='ocrx_word' id='word_1_689' title='bbox 133 4607 172 4650; x_wconf 86' lang='lat' dir='ltr'><strong><em>et</em></strong></span> <span class='ocrx_word' id='word_1_690' title='bbox 199 4613 354 4658; x_wconf 82' lang='lat' dir='ltr'><strong><em>rector</em></strong></span> <span class='ocrx_word' id='word_1_691' title='bbox 406 4605 663 4662; x_wconf 71' lang='lat' dir='ltr'><strong><em>Romanae</em></strong></span> <span class='ocrx_word' id='word_1_692' title='bbox 706 4608 956 4677; x_wconf 71' lang='lat' dir='ltr'><strong><em>militiae,</em></strong></span> <span class='ocrx_word' id='word_1_693' title='bbox 1008 4612 1163 4681; x_wconf 91' lang='lat' dir='ltr'><strong><em>quasi</em></strong></span> <span class='ocrx_word' id='word_1_694' title='bbox 1212 4628 1375 4666; x_wconf 87' lang='lat' dir='ltr'><strong><em>causa</em></strong></span> <span class='ocrx_word' id='word_1_695' title='bbox 1432 4614 1683 4668; x_wconf 86' lang='lat' dir='ltr'><strong><em>audiendi</em></strong></span> 
     </span>
    </p>
   </div>
   <div class='ocr_carea' id='block_1_91' title="bbox 135 4691 1686 4772">
    <p class='ocr_par' dir='ltr' id='par_1_91' title="bbox 135 4691 1686 4772">
     <span class='ocr_line' id='line_1_91' title="bbox 135 4691 1686 4772; baseline 0.012 -32"><span class='ocrx_word' id='word_1_696' title='bbox 135 4691 250 4745; x_wconf 68' lang='lat' dir='ltr'><strong><em>verbi</em></strong></span> <span class='ocrx_word' id='word_1_697' title='bbox 274 4696 390 4751; x_wconf 71' lang='lat' dir='ltr'><strong><em>vita</em></strong></span> <span class='ocrx_word' id='word_1_698' title='bbox 419 4697 490 4750; x_wconf 89' lang='lat' dir='ltr'><strong><em>ad</em></strong></span> <span class='ocrx_word' id='word_1_699' title='bbox 520 4714 638 4751; x_wconf 89' lang='lat' dir='ltr'><strong><em>eum</em></strong></span> <span class='ocrx_word' id='word_1_700' title='bbox 671 4700 920 4754; x_wconf 86' lang='lat' dir='ltr'><strong><em>accedens</em></strong></span> <span class='ocrx_word' id='word_1_701' title='bbox 952 4718 1071 4754; x_wconf 89' lang='lat' dir='ltr'><strong><em>cum</em></strong></span> <span class='ocrx_word' id='word_1_702' title='bbox 1104 4702 1433 4772; x_wconf 77' lang='lat' dir='ltr'><strong><em>expeditione</em></strong></span> <span class='ocrx_word' id='word_1_703' title='bbox 1464 4703 1593 4758; x_wconf 88' lang='lat' dir='ltr'><strong><em>cleri</em></strong></span> <span class='ocrx_word' id='word_1_704' title='bbox 1633 4715 1686 4759; x_wconf 88' lang='lat' dir='ltr'><strong><em>et</em></strong></span> 
     </span>
    </p>
   </div>
   <div class='ocr_carea' id='block_1_92' title="bbox 136 4783 1686 4867">
    <p class='ocr_par' dir='ltr' id='par_1_92' title="bbox 136 4783 1686 4867">
     <span class='ocr_line' id='line_1_92' title="bbox 136 4783 1686 4867; baseline 0.008 -30"><span class='ocrx_word' id='word_1_705' title='bbox 136 4783 307 4851; x_wconf 78' lang='lat' dir='ltr'><strong><em>populi,</em></strong></span> <span class='ocrx_word' id='word_1_706' title='bbox 318 4803 436 4841; x_wconf 79' lang='lat' dir='ltr'><strong><em>eum</em></strong></span> <span class='ocrx_word' id='word_1_707' title='bbox 461 4789 585 4844; x_wconf 80' lang='lat' dir='ltr'><strong><em>inde</em></strong></span> <span class='ocrx_word' id='word_1_708' title='bbox 604 4793 862 4858; x_wconf 87' lang='lat' dir='ltr'><strong><em>extraxit,</em></strong></span> <span class='ocrx_word' id='word_1_709' title='bbox 885 4801 935 4846; x_wconf 91' lang='lat' dir='ltr'><strong><em>et</em></strong></span> <span class='ocrx_word' id='word_1_710' title='bbox 962 4794 1033 4846; x_wconf 89' lang='lat' dir='ltr'><strong><em>ad</em></strong></span> <span class='ocrx_word' id='word_1_711' title='bbox 1057 4792 1375 4848; x_wconf 88' lang='lat' dir='ltr'><strong><em>Warnerum</em></strong></span> <span class='ocrx_word' id='word_1_712' title='bbox 1396 4797 1686 4867; x_wconf 87' lang='lat' dir='ltr'><strong><em>principem</em></strong></span> 
     </span>
    </p>
   </div>
   <div class='ocr_carea' id='block_1_93' title="bbox 137 4866 1684 4951">
    <p class='ocr_par' dir='ltr' id='par_1_93' title="bbox 137 4866 1684 4951">
     <span class='ocr_line' id='line_1_93' title="bbox 137 4866 1684 4951; baseline 0.014 -31"><span class='ocrx_word' id='word_1_713' title='bbox 137 4866 335 4929; x_wconf 71' lang='lat' dir='ltr'><strong><em>Ancona-</em></strong></span> <span class='ocrx_word' id='word_1_714' title='bbox 366 4878 422 4930; x_wconf 88' lang='lat' dir='ltr'><strong><em>in</em></strong></span> <span class='ocrx_word' id='word_1_715' title='bbox 454 4876 793 4934; x_wconf 86' lang='lat' dir='ltr'><strong><em>Tiburtinam</em></strong></span> <span class='ocrx_word' id='word_1_716' title='bbox 814 4881 993 4935; x_wconf 84' lang='lat' dir='ltr'><strong><em>urbem</em></strong></span> <span class='ocrx_word' id='word_1_717' title='bbox 1008 4883 1267 4949; x_wconf 85' lang='lat' dir='ltr'><strong><em>adduxit;</em></strong></span> <span class='ocrx_word' id='word_1_718' title='bbox 1297 4894 1347 4939; x_wconf 91' lang='lat' dir='ltr'><strong><em>et</em></strong></span> <span class='ocrx_word' id='word_1_719' title='bbox 1370 4887 1447 4939; x_wconf 89' lang='lat' dir='ltr'><strong><em>sic</em></strong></span> <span class='ocrx_word' id='word_1_720' title='bbox 1466 4866 1684 4951; x_wconf 83' lang='lat' dir='ltr'><strong><em>electus,</em></strong></span> 
     </span>
    </p>
   </div>
   <div class='ocr_carea' id='block_1_94' title="bbox 1790 4601 3377 4680">
    <p class='ocr_par' dir='ltr' id='par_1_94' title="bbox 1790 4601 3377 4680">
     <span class='ocr_line' id='line_1_94' title="bbox 1790 4601 3377 4680; baseline -0.008 -15"><span class='ocrx_word' id='word_1_721' title='bbox 1790 4610 1958 4676; x_wconf 82' lang='lat' dir='ltr'><strong><em>raleo,</em></strong></span> <span class='ocrx_word' id='word_1_722' title='bbox 1989 4616 2038 4663; x_wconf 91' lang='lat' dir='ltr'><strong><em>et</em></strong></span> <span class='ocrx_word' id='word_1_723' title='bbox 2068 4610 2194 4680; x_wconf 83' lang='lat' dir='ltr'><strong><em>quia</em></strong></span> <span class='ocrx_word' id='word_1_724' title='bbox 2231 4608 2431 4661; x_wconf 82' lang='lat' dir='ltr'><strong><em>dicitur</em></strong></span> <span class='ocrx_word' id='word_1_725' title='bbox 2453 4609 2776 4662; x_wconf 83' lang='lat' dir='ltr'><strong><em>vehementer</em></strong></span> <span class='ocrx_word' id='word_1_726' title='bbox 2811 4605 3176 4668; x_wconf 86' lang='lat' dir='ltr'><strong><em>contremiseo,</em></strong></span> <span class='ocrx_word' id='word_1_727' title='bbox 3201 4601 3377 4672; x_wconf 88' lang='lat' dir='ltr'><strong><em>ﬁlium</em></strong></span> 
     </span>
    </p>
   </div>
   <div class='ocr_carea' id='block_1_95' title="bbox 1792 4696 3378 4771">
    <p class='ocr_par' dir='ltr' id='par_1_95' title="bbox 1792 4696 3378 4771">
     <span class='ocr_line' id='line_1_95' title="bbox 1792 4696 3378 4771; baseline -0.006 -15"><span class='ocrx_word' id='word_1_728' title='bbox 1792 4719 1985 4769; x_wconf 90' lang='lat' dir='ltr'><strong><em>meum,</em></strong></span> <span class='ocrx_word' id='word_1_729' title='bbox 2025 4716 2195 4755; x_wconf 83' lang='lat' dir='ltr'><strong><em>meum</em></strong></span> <span class='ocrx_word' id='word_1_730' title='bbox 2248 4701 2465 4771; x_wconf 87' lang='lat' dir='ltr'><strong><em>inquam</em></strong></span> <span class='ocrx_word' id='word_1_731' title='bbox 2523 4698 2757 4753; x_wconf 76' lang='lat' dir='ltr'><strong><em>Absalon</em></strong></span> <span class='ocrx_word' id='word_1_732' title='bbox 2804 4696 3239 4761; x_wconf 88' lang='lat' dir='ltr'><strong><em>dilectissimum,</em></strong></span> <span class='ocrx_word' id='word_1_733' title='bbox 3273 4709 3378 4748; x_wconf 80' lang='lat' dir='ltr'><strong><em>non</em></strong></span> 
     </span>
    </p>
   </div>
   <div class='ocr_carea' id='block_1_96' title="bbox 1793 4783 3378 4854">
    <p class='ocr_par' dir='ltr' id='par_1_96' title="bbox 1793 4783 3378 4854">
     <span class='ocr_line' id='line_1_96' title="bbox 1793 4783 3378 4854; baseline -0.006 -9"><span class='ocrx_word' id='word_1_734' title='bbox 1793 4791 1963 4845; x_wconf 89' lang='lat' dir='ltr'><strong><em>solum</em></strong></span> <span class='ocrx_word' id='word_1_735' title='bbox 1992 4800 2175 4844; x_wconf 89' lang='lat' dir='ltr'><strong><em>contra</em></strong></span> <span class='ocrx_word' id='word_1_736' title='bbox 2203 4806 2284 4843; x_wconf 91' lang='lat' dir='ltr'><strong><em>me</em></strong></span> <span class='ocrx_word' id='word_1_737' title='bbox 2311 4790 2698 4854; x_wconf 88' lang='lat' dir='ltr'><strong><em>animaverunt,</em></strong></span> <span class='ocrx_word' id='word_1_738' title='bbox 2729 4788 2819 4841; x_wconf 79' lang='lat' dir='ltr'><strong><em>sed</em></strong></span> <span class='ocrx_word' id='word_1_739' title='bbox 2840 4787 3002 4839; x_wconf 86' lang='lat' dir='ltr'><strong><em>etiam</em></strong></span> <span class='ocrx_word' id='word_1_740' title='bbox 3027 4793 3177 4837; x_wconf 89' lang='lat' dir='ltr'><strong><em>tanto</em></strong></span> <span class='ocrx_word' id='word_1_741' title='bbox 3198 4783 3378 4853; x_wconf 80' lang='lat' dir='ltr'><strong><em>furore</em></strong></span> 
     </span>
    </p>
   </div>
   <div class='ocr_carea' id='block_1_97' title="bbox 1796 4878 3378 4951">
    <p class='ocr_par' dir='ltr' id='par_1_97' title="bbox 1796 4878 3378 4951">
     <span class='ocr_line' id='line_1_97' title="bbox 1796 4878 3378 4951; baseline -0.006 -14"><span class='ocrx_word' id='word_1_742' title='bbox 1796 4892 2156 4949; x_wconf 90' lang='lat' dir='ltr'><strong><em>armaverunt,</em></strong></span> <span class='ocrx_word' id='word_1_743' title='bbox 2184 4882 2320 4935; x_wconf 87' lang='lat' dir='ltr'><strong><em>utin</em></strong></span> <span class='ocrx_word' id='word_1_744' title='bbox 2354 4881 2541 4951; x_wconf 91' lang='lat' dir='ltr'><strong><em>primis</em></strong></span> <span class='ocrx_word' id='word_1_745' title='bbox 2584 4888 2769 4934; x_wconf 89' lang='lat' dir='ltr'><strong><em>contra</em></strong></span> <span class='ocrx_word' id='word_1_746' title='bbox 2810 4878 2969 4948; x_wconf 88' lang='lat' dir='ltr'><strong><em>ﬁdem</em></strong></span> <span class='ocrx_word' id='word_1_747' title='bbox 2995 4885 3044 4930; x_wconf 92' lang='lat' dir='ltr'><strong><em>et</em></strong></span> <span class='ocrx_word' id='word_1_748' title='bbox 3074 4890 3378 4929; x_wconf 88' lang='lat' dir='ltr'><strong><em>sacramen-</em></strong></span> 
     </span>
    </p>
   </div>
   <div class='ocr_carea' id='block_1_98' title="bbox 1382 4968 2053 5031">
    <p class='ocr_par' dir='ltr' id='par_1_98' title="bbox 1382 4968 2053 5031">
     <span class='ocr_line' id='line_1_98' title="bbox 1382 4968 2053 5031; baseline -0.004 -3"><span class='ocrx_word' id='word_1_749' title='bbox 1382 4974 1616 5031; x_wconf 68' lang='lat' dir='ltr'><strong><em>\&#39;AR|1E</em></strong></span> <span class='ocrx_word' id='word_1_750' title='bbox 1655 4968 2053 5031; x_wconf 83' lang='lat' dir='ltr'><strong><em>LECTIONES.</em></strong></span> 
     </span>
    </p>
   </div>
   <div class='ocr_carea' id='block_1_99' title="bbox 140 5122 328 5185">
    <p class='ocr_par' dir='ltr' id='par_1_99' title="bbox 140 5122 328 5185">
     <span class='ocr_line' id='line_1_99' title="bbox 140 5122 328 5185; baseline 0.053 -10"><span class='ocrx_word' id='word_1_751' title='bbox 140 5122 219 5180; x_wconf 65' lang='lat' dir='ltr'><strong><em>l“.</em></strong></span> <span class='ocrx_word' id='word_1_752' title='bbox 244 5127 328 5185; x_wconf 83' lang='lat' dir='ltr'><strong><em>Fl.</em></strong></span> 
     </span>
    </p>
   </div>
   <div class='ocr_carea' id='block_1_100' title="bbox 144 5193 314 5265">
    <p class='ocr_par' dir='ltr' id='par_1_100' title="bbox 144 5193 314 5265">
     <span class='ocr_line' id='line_1_100' title="bbox 144 5193 314 5265; baseline 0.047 -21"><span class='ocrx_word' id='word_1_753' title='bbox 144 5193 185 5247; x_wconf 87' lang='grc'><strong><em>1.</em></strong></span> <span class='ocrx_word' id='word_1_754' title='bbox 212 5198 314 5265; x_wconf 80' lang='lat' dir='ltr'><strong><em>rell.</em></strong></span> 
     </span>
    </p>
   </div>
   <div class='ocr_carea' id='block_1_101' title="bbox 196 5055 3378 5187">
    <p class='ocr_par' dir='ltr' id='par_1_101' title="bbox 196 5055 3378 5187">
     <span class='ocr_line' id='line_1_101' title="bbox 196 5055 3378 5187; baseline -0.003 -70"><span class='ocrx_word' id='word_1_755' title='bbox 196 5055 253 5088; x_wconf 77' lang='lat'><strong><em>“’</em></strong></span> <span class='ocrx_word' id='word_1_756' title='bbox 291 5058 573 5187; x_wconf 53' lang='lat' dir='ltr'><strong><em>Sequentia</em></strong></span> <span class='ocrx_word' id='word_1_757' title='bbox 598 5063 754 5134; x_wconf 86' lang='lat' dir='ltr'><strong><em>hujus</em></strong></span> <span class='ocrx_word' id='word_1_758' title='bbox 774 5065 901 5120; x_wconf 90' lang='lat' dir='ltr'><strong><em>anni</em></strong></span> <span class='ocrx_word' id='word_1_759' title='bbox 928 5067 1107 5120; x_wconf 90' lang='lat' dir='ltr'><strong><em>omnia</em></strong></span> <span class='ocrx_word' id='word_1_760' title='bbox 1142 5067 1328 5122; x_wconf 89' lang='lat' dir='ltr'><strong><em>desunt</em></strong></span> <span class='ocrx_word' id='word_1_761' title='bbox 1357 5067 1452 5122; x_wconf 91' lang='grc' dir='ltr'><strong><em>Β1.</em></strong></span> <span class='ocrx_word' id='word_1_762' title='bbox 1478 5068 1575 5123; x_wconf 84' lang='lat' dir='ltr'><strong><em>Cl.</em></strong></span> <span class='ocrx_word' id='word_1_763' title='bbox 1603 5070 1680 5122; x_wconf 74' lang='lat'><strong><em>2‘.</em></strong></span> <span class='ocrx_word' id='word_1_764' title='bbox 1711 5068 1765 5123; x_wconf 79' lang='grc'><strong>5.</strong></span> <span class='ocrx_word' id='word_1_765' title='bbox 1789 5068 1865 5122; x_wconf 69' lang='grc'><strong><em>4⁸.</em></strong></span> <span class='ocrx_word' id='word_1_766' title='bbox 1901 5066 1952 5121; x_wconf 83' lang='grc'><strong>5.</strong></span> <span class='ocrx_word' id='word_1_767' title='bbox 1982 5064 2041 5118; x_wconf 91' lang='lat' dir='ltr'><strong><em>D.</em></strong></span> <span class='ocrx_word' id='word_1_768' title='bbox 2067 5063 2128 5118; x_wconf 88' lang='lat' dir='ltr'><strong><em>E.</em></strong></span> <span class='ocrx_word' id='word_1_769' title='bbox 2153 5081 2307 5118; x_wconf 89' lang='lat' dir='ltr'><strong><em>erasa</em></strong></span> <span class='ocrx_word' id='word_1_770' title='bbox 2345 5069 2467 5116; x_wconf 90' lang='lat' dir='ltr'><strong><em>sunt</em></strong></span> <span class='ocrx_word' id='word_1_771' title='bbox 2497 5062 2552 5114; x_wconf 89' lang='lat' dir='ltr'><strong><em>in</em></strong></span> <span class='ocrx_word' id='word_1_772' title='bbox 2579 5059 2676 5115; x_wconf 75' lang='lat' dir='ltr'><strong><em>BS.</em></strong></span> <span class='ocrx_word' id='word_1_773' title='bbox 2708 5060 2901 5141; x_wconf 76' lang='lat' dir='ltr'><strong><em>adsunt</em></strong></span> <span class='ocrx_word' id='word_1_774' title='bbox 2923 5059 2987 5140; x_wconf 83' lang='lat' dir='ltr'><strong><em>_in</em></strong></span> <span class='ocrx_word' id='word_1_775' title='bbox 3020 5058 3066 5112; x_wconf 91' lang='grc'><strong><em>1.</em></strong></span> <span class='ocrx_word' id='word_1_776' title='bbox 3098 5056 3265 5111; x_wconf 66' lang='grc' dir='ltr'><strong><em>ΑΒδο.</em></strong></span> 
     </span>
     <span class='ocr_line' id='line_1_102' title="bbox 196 5127 3378 5187; baseline -0.001 -7"><span class='ocrx_word' id='word_1_777' title='bbox 196 5130 219 5180; x_wconf 82' lang='grc'><strong>⁵.</strong></span> <span class='ocrx_word' id='word_1_778' title='bbox 244 5127 328 5185; x_wconf 83' lang='lat' dir='ltr'><strong><em>Fl.</em></strong></span> <span class='ocrx_word' id='word_1_779' title='bbox 392 5174 405 5187; x_wconf 90' lang='lat'><strong><em>.</em></strong></span> <span class='ocrx_word' id='word_1_780' title='bbox 437 5135 493 5187; x_wconf 83' lang='grc'><strong>5.</strong></span> <span class='ocrx_word' id='word_1_781' title='bbox 576 5136 645 5168; x_wconf 72' lang='grc'><strong><em>’⁸⁸</em></strong></span> <span class='ocrx_word' id='word_1_782' title='bbox 667 5136 700 5187; x_wconf 71' lang='grc'><strong>4</strong></span> <span class='ocrx_word' id='word_1_783' title='bbox 722 5133 935 5187; x_wconf 84' lang='lat' dir='ltr'><strong><em>Non.—</em></strong></span> <span class='ocrx_word' id='word_1_784' title='bbox 948 5138 1204 5187; x_wconf 82' lang='lat' dir='ltr'><strong><em>annaruit</em></strong></span> <span class='ocrx_word' id='word_1_785' title='bbox 1227 5139 1416 5187; x_wconf 80' lang='lat' dir='ltr'><strong><em>desunt</em></strong></span> <span class='ocrx_word' id='word_1_786' title='bbox 1443 5139 1502 5187; x_wconf 87' lang='grc'><strong>1)-</strong></span> <span class='ocrx_word' id='word_1_787' title='bbox 1576 5139 1643 5177; x_wconf 70' lang='lat'><strong>&quot;0</strong></span> <span class='ocrx_word' id='word_1_788' title='bbox 1672 5156 1888 5187; x_wconf 70' lang='lat' dir='ltr'><strong><em>manens</em></strong></span> <span class='ocrx_word' id='word_1_789' title='bbox 1917 5134 2144 5187; x_wconf 74' lang='lat' dir='ltr'><strong><em>epistola</em></strong></span> <span class='ocrx_word' id='word_1_790' title='bbox 2174 5135 2314 5187; x_wconf 87' lang='lat' dir='ltr'><strong><em>deest</em></strong></span> <span class='ocrx_word' id='word_1_791' title='bbox 2339 5132 2463 5187; x_wconf 69' lang='lat'><strong><em>(32&#39;.</em></strong></span> <span class='ocrx_word' id='word_1_792' title='bbox 2500 5130 2562 5184; x_wconf 89' lang='lat' dir='ltr'><strong><em>D.</em></strong></span> <span class='ocrx_word' id='word_1_793' title='bbox 2639 5131 2709 5161; x_wconf 83' lang='lat'><strong><em>&quot;°</em></strong></span> <span class='ocrx_word' id='word_1_794' title='bbox 2736 5144 3036 5187; x_wconf 78' lang='lat' dir='ltr'><strong><em>urccmtum</em></strong></span> <span class='ocrx_word' id='word_1_795' title='bbox 3069 5129 3119 5181; x_wconf 91' lang='grc'><strong><em>1.</em></strong></span> <span class='ocrx_word' id='word_1_796' title='bbox 3196 5127 3265 5159; x_wconf 80' lang='grc'><strong><em>²⁷¹</em></strong></span> <span class='ocrx_word' id='word_1_797' title='bbox 3299 5135 3378 5177; x_wconf 77' lang='lat' dir='ltr'><strong><em>ita</em></strong></span> 
     </span>
    </p>
   </div>
   <div class='ocr_carea' id='block_1_102' title="bbox 392 5127 3378 5210">
    <p class='ocr_par' dir='ltr' id='par_1_102' title="bbox 392 5127 3378 5210">
     <span class='ocr_line' id='line_1_103' title="bbox 392 5127 3378 5210; baseline -0.003 -22"><span class='ocrx_word' id='word_1_798' title='bbox 392 5174 405 5188; x_wconf 93' lang='lat'><strong><em>.</em></strong></span> <span class='ocrx_word' id='word_1_799' title='bbox 437 5135 493 5190; x_wconf 83' lang='grc'><strong>5.</strong></span> <span class='ocrx_word' id='word_1_800' title='bbox 576 5127 700 5191; x_wconf 65' lang='lat'><strong><em>&quot;&quot;4</em></strong></span> <span class='ocrx_word' id='word_1_801' title='bbox 722 5133 935 5192; x_wconf 85' lang='lat' dir='ltr'><strong><em>Nou.—</em></strong></span> <span class='ocrx_word' id='word_1_802' title='bbox 948 5138 1204 5209; x_wconf 87' lang='lat' dir='ltr'><strong><em>apparuit</em></strong></span> <span class='ocrx_word' id='word_1_803' title='bbox 1227 5139 1416 5194; x_wconf 88' lang='lat' dir='ltr'><strong><em>desunt</em></strong></span> <span class='ocrx_word' id='word_1_804' title='bbox 1443 5139 1502 5194; x_wconf 88' lang='lat' dir='ltr'><strong><em>D.</em></strong></span> <span class='ocrx_word' id='word_1_805' title='bbox 1576 5139 1643 5177; x_wconf 75' lang='lat'><strong><em>“&#39;</em></strong></span> <span class='ocrx_word' id='word_1_806' title='bbox 1672 5156 1888 5210; x_wconf 88' lang='lat' dir='ltr'><strong><em>sequens</em></strong></span> <span class='ocrx_word' id='word_1_807' title='bbox 1917 5134 2144 5205; x_wconf 89' lang='lat' dir='ltr'><strong><em>epistola</em></strong></span> <span class='ocrx_word' id='word_1_808' title='bbox 2174 5135 2314 5189; x_wconf 89' lang='lat' dir='ltr'><strong><em>deest</em></strong></span> <span class='ocrx_word' id='word_1_809' title='bbox 2339 5132 2463 5188; x_wconf 72' lang='lat'><strong><em>(32&#39;.</em></strong></span> <span class='ocrx_word' id='word_1_810' title='bbox 2500 5130 2562 5184; x_wconf 91' lang='lat' dir='ltr'><strong><em>D.</em></strong></span> <span class='ocrx_word' id='word_1_811' title='bbox 2639 5131 2709 5161; x_wconf 84' lang='lat'><strong><em>&quot;°</em></strong></span> <span class='ocrx_word' id='word_1_812' title='bbox 2735 5129 3036 5200; x_wconf 87' lang='lat' dir='ltr'><strong><em>prccipium</em></strong></span> <span class='ocrx_word' id='word_1_813' title='bbox 3069 5129 3119 5181; x_wconf 91' lang='grc'><strong><em>1.</em></strong></span> <span class='ocrx_word' id='word_1_814' title='bbox 3196 5127 3265 5159; x_wconf 80' lang='grc'><strong><em>²⁷¹</em></strong></span> <span class='ocrx_word' id='word_1_815' title='bbox 3299 5127 3378 5177; x_wconf 90' lang='lat' dir='ltr'><strong><em>ita</em></strong></span> 
     </span>
    </p>
   </div>
   <div class='ocr_carea' id='block_1_103' title="bbox 1578 5296 1810 5353">
    <p class='ocr_par' dir='ltr' id='par_1_103' title="bbox 1578 5296 1810 5353">
     <span class='ocr_line' id='line_1_104' title="bbox 1578 5296 1810 5353; baseline 0.009 -2"><span class='ocrx_word' id='word_1_816' title='bbox 1578 5296 1810 5353; x_wconf 71' lang='lat' dir='ltr'><strong><em>NOTAE.</em></strong></span> 
     </span>
    </p>
   </div>
   <div class='ocr_carea' id='block_1_104' title="bbox 202 5380 1690 5528">
    <p class='ocr_par' dir='ltr' id='par_1_104' title="bbox 202 5380 1690 5528">
     <span class='ocr_line' id='line_1_105' title="bbox 202 5380 629 5455; baseline 0.016 -21"><span class='ocrx_word' id='word_1_817' title='bbox 202 5380 331 5455; x_wconf 68' lang='lat' dir='ltr'><strong><em>(3H)</em></strong></span> <span class='ocrx_word' id='word_1_818' title='bbox 369 5385 433 5439; x_wconf 83' lang='lat' dir='ltr'><strong><em>A.</em></strong></span> <span class='ocrx_word' id='word_1_819' title='bbox 472 5385 629 5440; x_wconf 87' lang='grc'><strong>1100.</strong></span> 
     </span>
     <span class='ocr_line' id='line_1_106' title="bbox 202 5451 1690 5528; baseline 0.004 -21"><span class='ocrx_word' id='word_1_820' title='bbox 202 5451 337 5528; x_wconf 54' lang='lat' dir='ltr'><strong>ibi?)</strong></span> <span class='ocrx_word' id='word_1_821' title='bbox 355 5454 523 5528; x_wconf 57' lang='lat' dir='ltr'><strong><em>lianc</em></strong></span> <span class='ocrx_word' id='word_1_822' title='bbox 548 5457 832 5526; x_wconf 87' lang='lat' dir='ltr'><strong><em>epistolam</em></strong></span> <span class='ocrx_word' id='word_1_823' title='bbox 865 5458 1211 5528; x_wconf 88' lang='lat' dir='ltr'><strong><em>publicarunt</em></strong></span> <span class='ocrx_word' id='word_1_824' title='bbox 1236 5459 1395 5514; x_wconf 85' lang='lat' dir='ltr'><strong><em>etiam</em></strong></span> <span class='ocrx_word' id='word_1_825' title='bbox 1421 5456 1690 5513; x_wconf 85' lang='lat' dir='ltr'><strong><em>Urstisius</em></strong></span> 
     </span>
    </p>
   </div>
   <div class='ocr_carea' id='block_1_105' title="bbox 149 5515 1690 5599">
    <p class='ocr_par' dir='ltr' id='par_1_105' title="bbox 149 5515 1690 5599">
     <span class='ocr_line' id='line_1_107' title="bbox 149 5515 1690 5599; baseline 0.008 -27"><span class='ocrx_word' id='word_1_826' title='bbox 149 5515 431 5599; x_wconf 49' lang='lat'><strong><em>5399,</em></strong></span> <span class='ocrx_word' id='word_1_827' title='bbox 464 5515 690 5599; x_wconf 75' lang='lat' dir='ltr'><strong><em>Eceard.</em></strong></span> <span class='ocrx_word' id='word_1_828' title='bbox 728 5515 887 5599; x_wconf 67' lang='lat' dir='ltr'><strong><em>corp&#39;.</em></strong></span> <span class='ocrx_word' id='word_1_829' title='bbox 924 5530 1188 5599; x_wconf 69' lang='lat' dir='ltr'><strong><em>historic.</em></strong></span> <span class='ocrx_word' id='word_1_830' title='bbox 1233 5547 1293 5597; x_wconf 85' lang='grc' dir='ltr'><strong><em>ιι,</em></strong></span> <span class='ocrx_word' id='word_1_831' title='bbox 1349 5530 1475 5595; x_wconf 72' lang='lat'><strong><em>2‘22,</em></strong></span> <span class='ocrx_word' id='word_1_832' title='bbox 1524 5540 1578 5584; x_wconf 85' lang='lat' dir='ltr'><strong><em>et</em></strong></span> <span class='ocrx_word' id='word_1_833' title='bbox 1624 5545 1690 5584; x_wconf 83' lang='lat' dir='ltr'><strong><em>ex</em></strong></span> 
     </span>
    </p>
   </div>
   <div class='ocr_carea' id='block_1_106' title="bbox 151 5584 1692 5672">
    <p class='ocr_par' dir='ltr' id='par_1_106' title="bbox 151 5584 1692 5672">
     <span class='ocr_line' id='line_1_108' title="bbox 151 5584 1692 5672; baseline 0.001 -21"><span class='ocrx_word' id='word_1_834' title='bbox 151 5584 349 5672; x_wconf 55' lang='lat' dir='ltr'><strong><em>prgtisio</em></strong></span> <span class='ocrx_word' id='word_1_835' title='bbox 376 5584 647 5672; x_wconf 59' lang='lat' dir='ltr'><strong><em>Beronius</em></strong></span> <span class='ocrx_word' id='word_1_836' title='bbox 671 5598 739 5652; x_wconf 87' lang='lat' dir='ltr'><strong><em>ad</em></strong></span> <span class='ocrx_word' id='word_1_837' title='bbox 764 5614 816 5653; x_wconf 91' lang='lat' dir='ltr'><strong><em>a.</em></strong></span> <span class='ocrx_word' id='word_1_838' title='bbox 834 5584 1015 5672; x_wconf 60' lang='grc'><strong>³11013.</strong></span> <span class='ocrx_word' id='word_1_839' title='bbox 1042 5584 1133 5656; x_wconf 51' lang='grc'><strong><em>011</em></strong></span> <span class='ocrx_word' id='word_1_840' title='bbox 1150 5584 1475 5672; x_wconf 28' lang='lat' dir='ltr'><strong><em>argumenti?</em></strong></span> <span class='ocrx_word' id='word_1_841' title='bbox 1496 5599 1692 5672; x_wconf 83' lang='lat' dir='ltr'><strong><em>simili-</em></strong></span> 
     </span>
    </p>
   </div>
   <div class='ocr_carea' id='block_1_107' title="bbox 149 5663 1690 5740">
    <p class='ocr_par' dir='ltr' id='par_1_107' title="bbox 149 5663 1690 5740">
     <span class='ocr_line' id='line_1_109' title="bbox 149 5663 1690 5740; baseline 0.006 -25"><span class='ocrx_word' id='word_1_842' title='bbox 149 5663 356 5740; x_wconf 59' lang='lat' dir='ltr'><strong><em>tudinem</em></strong></span> <span class='ocrx_word' id='word_1_843' title='bbox 386 5668 730 5740; x_wconf 82' lang='lat' dir='ltr'><strong><em>adjiciamus,</em></strong></span> <span class='ocrx_word' id='word_1_844' title='bbox 759 5685 882 5740; x_wconf 65' lang='lat' dir='ltr'><strong><em>quae</em></strong></span> <span class='ocrx_word' id='word_1_845' title='bbox 910 5668 1152 5727; x_wconf 88' lang='lat' dir='ltr'><strong><em>Martene</em></strong></span> <span class='ocrx_word' id='word_1_846' title='bbox 1177 5663 1301 5727; x_wconf 77' lang='grc' dir='ltr'><strong><em>εὸιι.</em></strong></span> <span class='ocrx_word' id='word_1_847' title='bbox 1338 5672 1391 5737; x_wconf 85' lang='grc'><strong>1,</strong></span> <span class='ocrx_word' id='word_1_848' title='bbox 1415 5670 1540 5738; x_wconf 83' lang='grc'><strong><em>609,</em></strong></span> <span class='ocrx_word' id='word_1_849' title='bbox 1576 5670 1690 5727; x_wconf 83' lang='lat' dir='ltr'><strong><em>edi-</em></strong></span> 
     </span>
    </p>
   </div>
   <div class='ocr_carea' id='block_1_108' title="bbox 152 5728 1154 5808">
    <p class='ocr_par' dir='ltr' id='par_1_108' title="bbox 152 5728 1154 5808">
     <span class='ocr_line' id='line_1_110' title="bbox 152 5728 1154 5808; baseline 0.014 -26"><span class='ocrx_word' id='word_1_850' title='bbox 237 5751 295 5791; x_wconf 81' lang='lat' dir='ltr'><strong><em>ex</em></strong></span> <span class='ocrx_word' id='word_1_851' title='bbox 324 5728 507 5796; x_wconf 71' lang='lat' dir='ltr'><strong><em>codice</em></strong></span> <span class='ocrx_word' id='word_1_852' title='bbox 534 5728 1113 5808; x_wconf 47' lang='lat' dir='ltr'><strong><em>quodam-Stabulensi</em></strong></span> <span class='ocrx_word' id='word_1_853' title='bbox 1142 5761 1154 5796; x_wconf 94' lang='lat'>:</span> 
     </span>
    </p>
   </div>
   <div class='ocr_carea' id='block_1_109' title="bbox 164 5797 1443 5883">
    <p class='ocr_par' dir='ltr' id='par_1_109' title="bbox 164 5797 1443 5883">
     <span class='ocr_line' id='line_1_111' title="bbox 164 5797 1443 5883; baseline 0.005 -24"><span class='ocrx_word' id='word_1_854' title='bbox 164 5797 320 5863; x_wconf 67' lang='lat' dir='ltr'><strong><em>Versus</em></strong></span> <span class='ocrx_word' id='word_1_855' title='bbox 343 5797 581 5866; x_wconf 70' lang='lat' dir='ltr'><strong><em>Heinrici</em></strong></span> <span class='ocrx_word' id='word_1_856' title='bbox 606 5811 940 5879; x_wconf 83' lang='lat' dir='ltr'><strong><em>imperatoris</em></strong></span> <span class='ocrx_word' id='word_1_857' title='bbox 964 5812 1033 5865; x_wconf 90' lang='lat' dir='ltr'><strong><em>ad</em></strong></span> <span class='ocrx_word' id='word_1_858' title='bbox 1067 5812 1239 5883; x_wconf 87' lang='lat' dir='ltr'><strong><em>ﬁlium</em></strong></span> <span class='ocrx_word' id='word_1_859' title='bbox 1272 5827 1443 5867; x_wconf 85' lang='lat' dir='ltr'><strong><em>suum.</em></strong></span> 
     </span>
    </p>
   </div>
   <div class='ocr_carea' id='block_1_110' title="bbox 1706 5384 3121 5464">
    <p class='ocr_par' dir='ltr' id='par_1_110' title="bbox 1706 5384 3121 5464">
     <span class='ocr_line' id='line_1_112' title="bbox 1706 5384 3121 5464; baseline -0.013 -13"><span class='ocrx_word' id='word_1_860' title='bbox 1706 5441 1716 5451; x_wconf 94' lang='lat'><strong><em>.</em></strong></span> <span class='ocrx_word' id='word_1_861' title='bbox 1796 5391 1926 5464; x_wconf 72' lang='lat' dir='ltr'><strong><em>Sum</em></strong></span> <span class='ocrx_word' id='word_1_862' title='bbox 1947 5392 2207 5464; x_wconf 77' lang='lat' dir='ltr'><strong><em>quoniam</em></strong></span> <span class='ocrx_word' id='word_1_863' title='bbox 2222 5404 2440 5464; x_wconf 75' lang='lat' dir='ltr'><strong><em>pauper,</em></strong></span> <span class='ocrx_word' id='word_1_864' title='bbox 2467 5404 2569 5464; x_wconf 75' lang='lat' dir='ltr'><strong><em>non</em></strong></span> <span class='ocrx_word' id='word_1_865' title='bbox 2592 5396 2669 5442; x_wconf 91' lang='lat' dir='ltr'><strong><em>est</em></strong></span> <span class='ocrx_word' id='word_1_866' title='bbox 2697 5404 2777 5441; x_wconf 90' lang='lat' dir='ltr'><strong><em>me</em></strong></span> <span class='ocrx_word' id='word_1_867' title='bbox 2802 5384 3121 5464; x_wconf 39' lang='lat' dir='ltr'><strong><em>vilior‘alter</em></strong></span> 
     </span>
    </p>
   </div>
   <div class='ocr_carea' id='block_1_111' title="bbox 1797 5448 3383 5530">
    <p class='ocr_par' dir='ltr' id='par_1_111' title="bbox 1797 5448 3383 5530">
     <span class='ocr_line' id='line_1_113' title="bbox 1797 5448 3383 5530; baseline -0.008 -15"><span class='ocrx_word' id='word_1_868' title='bbox 1797 5462 1914 5515; x_wconf 82' lang='lat' dir='ltr'><strong><em>Heu</em></strong></span> <span class='ocrx_word' id='word_1_869' title='bbox 1935 5448 2096 5516; x_wconf 74' lang='lat' dir='ltr'><strong><em>mihi!</em></strong></span> <span class='ocrx_word' id='word_1_870' title='bbox 2119 5448 2245 5530; x_wconf 72' lang='lat' dir='ltr'><strong><em>quid</em></strong></span> <span class='ocrx_word' id='word_1_871' title='bbox 2271 5448 2511 5529; x_wconf 73' lang='lat' dir='ltr'><strong><em>faciam?</em></strong></span> <span class='ocrx_word' id='word_1_872' title='bbox 2531 5475 2633 5530; x_wconf 91' lang='lat' dir='ltr'><strong><em>quo</em></strong></span> <span class='ocrx_word' id='word_1_873' title='bbox 2650 5475 2730 5512; x_wconf 90' lang='lat' dir='ltr'><strong><em>me</em></strong></span> <span class='ocrx_word' id='word_1_874' title='bbox 2754 5467 2949 5530; x_wconf 81' lang='lat' dir='ltr'><strong><em>vertam</em></strong></span> <span class='ocrx_word' id='word_1_875' title='bbox 2969 5456 2994 5530; x_wconf 67' lang='grc' dir='ltr'><strong><em>ζ)</em></strong></span> <span class='ocrx_word' id='word_1_876' title='bbox 3012 5452 3095 5530; x_wconf 82' lang='lat' dir='ltr'><strong><em>cui</em></strong></span> <span class='ocrx_word' id='word_1_877' title='bbox 3123 5448 3337 5504; x_wconf 87' lang='lat' dir='ltr'><strong><em>credam</em></strong></span> <span class='ocrx_word' id='word_1_878' title='bbox 3354 5448 3383 5502; x_wconf 73' lang='lat'><strong><em>1’</em></strong></span> 
     </span>
    </p>
   </div>
   <div class='ocr_carea' id='block_1_112' title="bbox 1795 5525 3115 5594">
    <p class='ocr_par' dir='ltr' id='par_1_112' title="bbox 1795 5525 3115 5594">
     <span class='ocr_line' id='line_1_114' title="bbox 1795 5525 3115 5594; baseline -0.01 -7"><span class='ocrx_word' id='word_1_879' title='bbox 1795 5532 2052 5587; x_wconf 85' lang='lat' dir='ltr'><strong><em>Suevulus</em></strong></span> <span class='ocrx_word' id='word_1_880' title='bbox 2085 5525 2140 5586; x_wconf 76' lang='lat' dir='ltr'><strong><em>et</em></strong></span> <span class='ocrx_word' id='word_1_881' title='bbox 2163 5525 2307 5584; x_wconf 83' lang='lat' dir='ltr'><strong><em>Saxo</em></strong></span> <span class='ocrx_word' id='word_1_882' title='bbox 2335 5525 2626 5583; x_wconf 85' lang='lat' dir='ltr'><strong><em>concedunt</em></strong></span> <span class='ocrx_word' id='word_1_883' title='bbox 2661 5545 2797 5581; x_wconf 88' lang='lat' dir='ltr'><strong><em>nunc</em></strong></span> <span class='ocrx_word' id='word_1_884' title='bbox 2828 5526 2925 5579; x_wconf 91' lang='lat' dir='ltr'><strong><em>tibi</em></strong></span> <span class='ocrx_word' id='word_1_885' title='bbox 2958 5525 3115 5594; x_wconf 85' lang='lat' dir='ltr'><strong><em>falso,</em></strong></span> 
     </span>
    </p>
   </div>
   <div class='ocr_carea' id='block_1_113' title="bbox 1793 5596 3065 5673">
    <p class='ocr_par' dir='ltr' id='par_1_113' title="bbox 1793 5596 3065 5673">
     <span class='ocr_line' id='line_1_115' title="bbox 1793 5596 3065 5673; baseline -0.009 -17"><span class='ocrx_word' id='word_1_886' title='bbox 1793 5601 2012 5673; x_wconf 80' lang='lat' dir='ltr'><strong><em>Perﬁda</em></strong></span> <span class='ocrx_word' id='word_1_887' title='bbox 2039 5617 2161 5673; x_wconf 87' lang='lat' dir='ltr'><strong><em>gens</em></strong></span> <span class='ocrx_word' id='word_1_888' title='bbox 2190 5616 2325 5673; x_wconf 80' lang='lat' dir='ltr'><strong><em>vere,</em></strong></span> <span class='ocrx_word' id='word_1_889' title='bbox 2358 5616 2450 5671; x_wconf 89' lang='lat' dir='ltr'><strong><em>per</em></strong></span> <span class='ocrx_word' id='word_1_890' title='bbox 2477 5616 2637 5673; x_wconf 78' lang='lat' dir='ltr'><strong><em>quam</em></strong></span> <span class='ocrx_word' id='word_1_891' title='bbox 2663 5597 2818 5673; x_wconf 82' lang='lat' dir='ltr'><strong><em>multi</em></strong></span> <span class='ocrx_word' id='word_1_892' title='bbox 2847 5596 3065 5664; x_wconf 66' lang='lat' dir='ltr'><strong><em>periere.</em></strong></span> 
     </span>
    </p>
   </div>
   <div class='ocr_carea' id='block_1_114' title="bbox 1797 5669 2998 5742">
    <p class='ocr_par' dir='ltr' id='par_1_114' title="bbox 1797 5669 2998 5742">
     <span class='ocr_line' id='line_1_116' title="bbox 1797 5669 2998 5742; baseline -0.01 -15"><span class='ocrx_word' id='word_1_893' title='bbox 1797 5669 1949 5739; x_wconf 83' lang='lat' dir='ltr'><strong><em>Quod</em></strong></span> <span class='ocrx_word' id='word_1_894' title='bbox 1979 5674 2026 5726; x_wconf 86' lang='lat' dir='ltr'><strong><em>si</em></strong></span> <span class='ocrx_word' id='word_1_895' title='bbox 2042 5669 2314 5742; x_wconf 29' lang='lat' dir='ltr'><strong><em>Vdepellor,</em></strong></span> <span class='ocrx_word' id='word_1_896' title='bbox 2341 5669 2407 5742; x_wconf 68' lang='lat' dir='ltr'><strong><em>et</em></strong></span> <span class='ocrx_word' id='word_1_897' title='bbox 2428 5669 2748 5742; x_wconf 51' lang='lat' dir='ltr'><strong><em>tu&#39;pclleris,</em></strong></span> <span class='ocrx_word' id='word_1_898' title='bbox 2775 5674 2824 5719; x_wconf 90' lang='lat' dir='ltr'><strong><em>et</em></strong></span> <span class='ocrx_word' id='word_1_899' title='bbox 2851 5681 2998 5742; x_wconf 79' lang='lat' dir='ltr'><strong><em>error</em></strong></span> 
     </span>
    </p>
   </div>
   <div class='ocr_carea' id='block_1_115' title="bbox 1803 5734 3065 5813">
    <p class='ocr_par' dir='ltr' id='par_1_115' title="bbox 1803 5734 3065 5813">
     <span class='ocr_line' id='line_1_117' title="bbox 1803 5734 3065 5813; baseline -0.005 -18"><span class='ocrx_word' id='word_1_900' title='bbox 1803 5734 1955 5813; x_wconf 61' lang='lat' dir='ltr'><strong><em>Pejor</em></strong></span> <span class='ocrx_word' id='word_1_901' title='bbox 1974 5743 2077 5797; x_wconf 87' lang='lat' dir='ltr'><strong><em>erit</em></strong></span> <span class='ocrx_word' id='word_1_902' title='bbox 2106 5734 2309 5812; x_wconf 53' lang='lat' dir='ltr'><strong><em>primo.</em></strong></span> <span class='ocrx_word' id='word_1_903' title='bbox 2334 5740 2410 5792; x_wconf 78' lang='lat' dir='ltr'><strong><em>Mi</em></strong></span> <span class='ocrx_word' id='word_1_904' title='bbox 2431 5734 2524 5808; x_wconf 59' lang='lat' dir='ltr'><strong><em>ﬁli&#39;</em></strong></span> <span class='ocrx_word' id='word_1_905' title='bbox 2538 5737 2714 5803; x_wconf 85' lang='lat' dir='ltr'><strong><em>dulce,</em></strong></span> <span class='ocrx_word' id='word_1_906' title='bbox 2738 5734 2952 5789; x_wconf 87' lang='lat' dir='ltr'><strong><em>caveto!</em></strong></span> <span class='ocrx_word' id='word_1_907' title='bbox 3056 5788 3065 5801; x_wconf 77' lang='grc'><em>,</em></span> 
     </span>
    </p>
   </div>
  </div>
