3914 6314
436 344 536 399 251

1608 332 1970 391 SIGEBERTI
2008 332 2533 395 GEMBLACENSIS

3602 348 3707 407 233

440 465 575 525 tum,
604 451 742 524 quod
771 458 828 506 ut
860 449 1010 505 miles
1035 449 1249 504 domino
1265 448 1563 519 juraverat,
1591 464 1805 519 regnum
1848 465 2020 502 nteant
2041 456 2091 514 Ἀ
2122 452 2328 508 estimo.
2360 471 2379 504 ι
2420 452 2489 507 At
2512 470 2605 526 ego
2641 473 2659 506 ο
2690 452 2789 523 Mi,
2822 474 2840 508 ι
2887 457 3126 531 inquam,
3163 478 3183 512 ι
3211 459 3315 530 ﬁli,
3353 464 3506 517 testis
3525 473 3579 519 et
3607 466 3707 535 ju-

442 544 1011 617 in‘vaderet,episcopos
1034 551 1083 597 et
1106 540 1321 596 abbates
1345 557 1485 595 meos
1506 541 1804 611 deponeret,
1832 541 2019 596 inimi-

439 657 526 695 cos
573 648 623 694 et
662 645 1016 709 persecutores
1066 650 1205 690 meos
1249 633 1609 702 substitueret,
1642 633 1712 688 ad
1743 634 2018 702 ultimum,

437 732 578 805 quod
601 731 831 785 maxime
863 728 1046 784 vellem
1085 728 1271 794 taceri,
1296 735 1389 781 aut
1409 726 1456 781 si
1492 726 1798 781 taceri'non
1827 734 2017 797 potest,

438 824 623 879 vellem
647 840 749 876 non
770 821 933 888 credi,
962 837 1166 875 omnem
1202 828 1412 874 natura!
1446 819 1696 889 aﬁ'ectum
1742 819 2018 889 abjiciens,

438 919 495 971 in
521 916 748 994 salutem
796 924 846 969 et
886 914 1122 967 animam
1161 928 1331 966 meam
1376 912 1689 979 intenderet,
1736 928 1829 965 nec
1872 911 2021 981 pensi

438 1010 721 1081 quicquam
745 1008 977 1073 haberet,
1005 1020 1327 1077 quocumque
1356 1004 1510 1058 modo
1539 1002 1616 1058 vel
1642 1004 1691 1057 vi
1718 1002 1797 1058 vel
1831 1003 2021 1074 fraude

439 1103 509 1155 ad
539 1102 676 1171 hanc
694 1098 918 1171 periculi
949 1107 997 1172 et
1030 1098 1333 1171 ignominiae
1367 1112 1477 1152 sua:
1502 1111 1766 1171 summam
1807 1095 2020 1173 aspira-

440 1201 538 1246 ret.
595 1190 663 1261 In
694 1191 793 1244 hac
827 1198 979 1244 tanta
1009 1187 1139 1242 mali
1166 1188 1249 1241 sui
1274 1187 1686 1254 machinatione,
1710 1202 1830 1240 cum
1855 1202 2021 1241 essem

438 1281 494 1335 in
519 1297 647 1352 pace
666 1289 716 1335 et
746 1280 803 1333 in
834 1278 1018 1349 aliqua
1063 1277 1254 1331 salutis
1298 1292 1426 1331 meae
1466 1276 1770 1345 securitate,
1806 1276 1862 1329 in
1890 1276 2020 1347 ipsis

438 1371 694 1441 dominici
729 1371 980 1425 adventus
1025 1368 1379 1423 sanctissimis
1416 1366 1600 1421 diebus
1620 1366 1679 1421 in
1725 1365 1901 1420 locum
1929 1365 2020 1437 qui

440 1464 777 1535 Conﬂuentia
798 1464 1018 1530 dicitur,
1046 1462 1116 1516 ad
1144 1461 1464 1533 colloquium
1492 1460 1727 1514 evocavit
1751 1459 2020 1531 me,qaasi

438 1558 503 1613 de
528 1557 792 1613 communi
833 1554 1006 1611 salute
1044 1564 1094 1609 et
1126 1554 1320 1609 honore
1358 1552 1503 1623 ﬁlius
1545 1560 1874 1606 tractaturus
1901 1566 2021 1604 cum

438 1659 608 1719 patre.
637 1648 802 1716 Quem
829 1658 887 1702 ut
935 1647 1066 1712 vidi,
1107 1646 1232 1701 ilico
1260 1662 1326 1700 ex
1372 1654 1592 1715 paterno
1615 1643 1811 1714 affectu
1850 1651 2021 1697 tactus

437 1742 757 1795 intrinsecus
796 1739 978 1793 dolore
1006 1738 1183 1793 cordis
1221 1738 1324 1793 mei
1346 1737 1416 1792 ad
1448 1737 1603 1807 pedes
1633 1752 1757 1791 suos
1789 1735 2017 1807 procidi,

436 1834 723 1888 admonens
740 1840 791 1894 et
815 1832 1080 1885 obtestans
1104 1847 1198 1902 per
1220 1829 1407 1897 Deum,
1437 1845 1531 1900 per
1550 1828 1729 1898 ﬁdem,
1750 1844 1844 1899 per
1867 1826 2019 1882 salu-
2052 1812 2097 1869 Β

438 1938 540 1982 tem
562 1927 776 1994 animai,
800 1933 858 1979 ut
878 1925 926 1979 si
945 1940 1041 1995 pro
1063 1923 1294 1996 peccatis
1329 1923 1458 1976 meis
1490 1920 1844 1992 ﬂagellandus
1872 1935 2020 1974 eram

436 2036 469 2073 α
504 2018 635 2085 Deo,
673 2018 737 2071 de
758 2033 839 2071 me
862 2017 973 2087 ipse
1006 2014 1213 2069 nullam
1244 2013 1512 2069 maculam
1539 2014 1866 2084 conquireret
1895 2012 2019 2066 ani-

435 2127 558 2176 mw,
584 2109 771 2164 honori
803 2117 853 2162 ct
877 2107 1077 2162 nomini
1118 2122 1251 2172 suo;
1283 2105 1411 2177 quia
1437 2104 1608 2175 culpa:
1630 2106 1802 2176 patris
1845 2103 2021 2158 vindi-

435 2216 546 2255 cem
573 2200 749 2270 ﬁlium
767 2215 878 2254 esse
900 2197 1051 2252 nulla
1073 2198 1269 2252 divina:
1304 2196 1433 2267 legis
1465 2211 1697 2266 unquam
1743 2194 2021 2271 constituit

434 2293 660 2347 sanctio.
694 2292 766 2345 At
797 2290 893 2345 ille
919 2290 1040 2361 jam
1076 2286 1315 2361 pulchre,
1342 2288 1503 2342 immo
1538 2287 1831 2342 miserrime
1862 2286 2022 2340 insti-

436 2393 581 2439 tutus
622 2384 692 2439 ad
727 2382 1015 2449 malitiam,
1056 2372 1210 2453 quasi
1257 2377 1646 2435 abhominabile
1688 2387 1740 2433 et
1794 2392 2022 2433 execrao

436 2476 539 2531 bile
576 2477 645 2508 ’τ’
681 2474 852 2531 scelus
893 2475 1051 2545 ctepit
1094 2473 1381 2537 detestari;
1409 2471 1686 2542 procidens
1722 2479 1772 2525 et
1811 2470 1921 2541 ipse
1949 2467 2019 2523 ad

434 2569 589 2639 pedes
619 2584 779 2635 meos,
821 2568 884 2622 de
924 2567 1191 2638 preteritis
1247 2565 1401 2635 carpit
1446 2564 1651 2619 veniam
1693 2562 1921 2634 precari,
1964 2562 2021 2617 in

436 2661 697 2732 reliquum
736 2670 795 2714 ut
839 2658 1259 2727 milesdomino,
1294 2667 1353 2711 ut
1382 2656 1525 2727 patri
1562 2655 1730 2726 ﬁlius,
1758 2671 1877 2710 cum
1916 2655 2021 2726 ﬁde

434 2762 483 2804 ei
513 2750 734 2804 veritate
758 2766 850 2819 per
880 2749 1058 2802 omnia
1105 2764 1159 2803 se
1191 2747 1361 2802 michi
1384 2746 1762 2817 o‘bauditurum
1790 2761 1911 2799 cum
1938 2744 2022 2799 la-

436 2840 620 2894 crimis
668 2840 1000 2910 promittere,
1048 2838 1096 2893 si
1161 2837 1493 2893 solummodo
1548 2837 1660 2891 sedi
1717 2836 2022 2907 apostolica:

435 2932 619 2988 vellem
645 2930 1000 2986 reconciliari.
1040 2929 1195 2996 Quod
1226 2946 1346 2984 cum
1370 2929 1758 3002 promptissime
1801 2930 2023 2985 annuis-

436 3042 568 3093 sem,
593 3034 645 3080 et
677 3024 1048 3079 deliberationi
1071 3040 1185 3078 sua:
1203 3035 1253 3078 et
1275 3022 1499 3078 consilio
1517 3023 1819 3094 principum
1847 3023 1902 3078 in
1924 3024 2021 3079 hoc

444 3126 613 3172 totum
638 3133 719 3172 me
741 3115 1154 3187 mancipandam
1175 3115 1533 3186 promisissem
1556 3129 1575 3168 :
1604 3114 1658 3168 in
1683 3115 1909 3185 presenti
1926 3132 2023 3170 na-

438 3211 645 3265 tivitate
675 3225 730 3264 se
755 3207 1134 3279 perducturum
1166 3223 1249 3261 me
1272 3206 1623 3278 Moguntiam,
1644 3214 1694 3261 et
1725 3204 1798 3259 ibi
1833 3206 1898 3261 de
1921 3205 2021 3262 ho-

437 3319 563 3358 nore
585 3311 636 3358 et
664 3300 1096 3357 reconciliatione
1135 3315 1252 3354 mea
1302 3315 1463 3370 quam
1511 3296 1725 3368 ﬁdelius
1770 3308 1944 3369 posset
1968 3315 2023 3355 se

437 3403 703 3460 acturum,
747 3401 797 3447 et
829 3392 952 3447 inde
992 3392 1050 3446 in
1084 3406 1267 3462 pacem
1293 3398 1344 3444 et
1387 3391 1728 3447 securitatem
1764 3406 1845 3445 me
1872 3390 2025 3445 redu-

438 3488 661 3543 cendum
685 3487 953 3558 promisit,
988 3487 1044 3540 in
1066 3501 1129 3541 ea
1175 3486 1396 3553 veritate
1433 3494 1485 3540 et
1514 3487 1640 3557 ﬁde,
1678 3502 1783 3558 qua
1817 3495 2022 3557 patrem

438 3597 472 3634 a
500 3578 616 3650 ﬁlio
642 3578 894 3633 honorari
923 3585 972 3631 et
1001 3575 1232 3647 ﬁliuma
1252 3585 1403 3648 patre
1424 3577 1647 3647 precipit
1676 3576 1818 3630 Deus
1842 3576 2019 3647 diligi.

444 3671 559 3727 Hac
594 3672 961 3743 promissione,
1005 3686 1123 3741 quae
1159 3670 1323 3724 etiam
1353 3668 1539 3739 gentili
1561 3668 1892 3723 observanda
1920 3677 2019 3738 est,

437 3782 673 3832 securus,
696 3763 941 3818 illorsum
969 3762 1133 3828 ibam,
1178 3769 1228 3814 et
1265 3759 1414 3830 ﬁlius
1457 3775 1600 3814 meus
1626 3759 2022 3831 aliquantulum

436 3864 759 3928 precesserat
784 3871 895 3917 me;
919 3869 1040 3907 cum
1067 3851 1285 3923 quidam
1307 3850 1490 3921 ﬁdeles
1516 3852 1620 3906 mei
1665 3862 2017 3921 occurrentes,

437 3950 706 4005 verissime
734 3944 1086 4015 aﬁirmabant,
1121 3960 1201 3999 me
1223 3943 1496 4014 deceptum
1534 3952 1586 3998 et
1614 3944 1884 4014 proditum
1924 3944 2019 3999 sub

438 4041 582 4111 falsa
610 4038 757 4109 pacis
786 4044 835 4090 et
864 4035 991 4105 ﬁdei
1029 4035 1326 4105 sponsione.
1356 4034 1645 4090 Revocatus
1674 4044 1853 4090 autem
1873 4035 2020 4106 ﬁlius

441 4150 606 4199 meus,
644 4141 693 4185 et
725 4133 917 4185 iterum
958 4130 1349 4185 instantissime
1375 4147 1408 4185 a
1443 4147 1524 4186 me
1553 4131 1880 4201 admonitus,
1921 4133 2019 4187 sub

438 4226 672 4300 ejusdem
692 4225 817 4295 ﬁdei
840 4234 891 4278 et
908 4224 1228 4289 sacramenti
1249 4221 1593 4279 obtestatione
1612 4225 1849 4279 animam
1867 4242 2022 4280 suam

438 4337 536 4392 pro
567 4320 751 4374 anima
779 4334 896 4372 mea
925 4317 1038 4387 fore
1065 4316 1310 4386 promisit
1328 4316 1458 4386 jam
1477 4318 1707 4373 secunda
1725 4318 1854 4373 vice.
1886 4318 2022 4374 Cum

438 4424 563 4479 ergo
588 4407 658 4461 ad
686 4406 857 4461 locum
882 4406 971 4477 qui
1000 4404 1169 4476 Binga
1199 4404 1400 4460 dicitur
1442 4408 1876 4478 peruenissemus,
1901 4408 2021 4480 jam

2122 544 2224 597 dea:
2241 560 2541 600 sermonum
2561 555 2614 602 et
2641 548 2935 617 ﬁdeiadsit
2963 552 3103 606 inter
3129 568 3224 608 nos
3244 554 3404 610 hodie
3430 555 3598 624 Deus,
3615 560 3707 629 qui

2117 638 2377 708 quomodo
2400 646 2449 693 te
2466 639 2524 694 in
2545 640 2717 695 virum
2734 642 3028 713 perfectum
3044 653 3098 699 et
3124 644 3364 700 heredem
3388 663 3566 702 meum
3585 663 3710 718 pro-

2117 728 2383 797 duxerim,
2430 732 2645 801 quantis
2677 731 2950 790 laboribus
2992 744 3045 790 et
3089 720 3535 793 tribulationibus
3579 742 3709 797 meis

2118 820 2305 876 honori
2329 830 2419 876 tuo
2431 823 2782 893 inservierim,
2802 835 2931 897 quot
2948 835 3000 881 et
3022 837 3250 899 quantas
3269 830 3593 885 inimicitias
3612 847 3710 901 pro

2120 921 2169 967 te
2195 912 2470 969 habuerim
2488 923 2539 969 et
2562 915 2808 985 habeam,
2828 918 2974 973 solus
3007 927 3086 974 est
3110 922 3374 976 conscius.
3409 940 3431 974 ι
3482 920 3592 976 Ille
3610 939 3712 978 au-

2120 1012 2224 1059 tem
2258 1005 2451 1060 iterum
2484 1006 2604 1076 jam
2626 1010 2810 1077 tertio,
2853 1011 2949 1066 sub
2993 1011 3229 1081 ejusdem
3272 1014 3400 1082 ﬁdei
3441 1025 3497 1070 et
3526 1033 3715 1070 sacra-

2119 1095 2283 1148 menti
2307 1094 2673 1164 obtestatione,
2705 1099 2755 1153 si
2779 1099 3047 1171 ingrueret
3075 1103 3286 1157 occasio
3325 1105 3582 1174 periculi,
3617 1123 3711 1160 ca-

2118 1194 2210 1255 put
2234 1202 2390 1240 suum
2429 1204 2528 1258 pro
2567 1190 2741 1261 capite
2783 1208 2897 1248 meo
2942 1193 3057 1264 fore
3095 1196 3345 1264 promisit
3622 1198 3713 1254 Sic

2118 1286 2396 1348 postquam
2429 1278 2624 1334 clausit
2648 1298 2729 1336 me
2751 1283 2809 1338 in
2824 1284 3010 1339 eodem
3033 1286 3276 1354 castello,
3303 1289 3433 1359 quia
3452 1291 3639 1344 omnia
3657 1292 3715 1345 in

2120 1368 2274 1423 corde
2297 1378 2349 1424 et
2370 1370 2441 1402 ’⁷⁵
2464 1371 2621 1427 corde
2644 1382 2761 1427 erat
2793 1373 3023 1443 locutus,
3044 1378 3324 1447 manifeste
3363 1381 3602 1436 ostendit
3638 1382 3715 1437 rei

2118 1469 2350 1515 eventus.
2383 1460 2470 1516 Ea:
2492 1463 2735 1518 omnibus
2758 1466 2888 1521 meis
2913 1482 3007 1537 ego
3031 1476 3256 1538 quartus
3282 1485 3402 1525 sum
3434 1471 3716 1538 inclusus;

2120 1568 2213 1606 nec
2246 1553 2464 1609 admitti
2487 1556 2659 1625 potuit
2687 1556 2909 1627 quilibet
2943 1558 3107 1614 alius.
3154 1558 3412 1618 Custodes
3440 1564 3715 1635 deputati,

2119 1646 2210 1715 qui
2233 1646 2357 1702 vita:
2377 1663 2507 1702 meae
2529 1657 2682 1702 erant
2707 1651 2995 1706 atrociores
3024 1651 3600 1711 inimici..Benedictus
3623 1673 3721 1726 per

2120 1739 2301 1793 omnia
2328 1738 2493 1807 Deus,
2520 1739 2796 1796 excitandi
2826 1752 2875 1797 et
2898 1743 2970 1776 ³⁷⁵
2994 1743 3318 1801 humiliandi
3349 1756 3720 1822 quemcunque

2119 1828 2344 1885 voluerit
2374 1846 2469 1885 rex
2493 1833 2913 1902 potentissimus.
2954 1832 3090 1892 Cum
3122 1836 3290 1907 igitur
3312 1838 3429 1909 ipso
3456 1842 3720 1896 sacratis-

2119 1922 2255 1977 simo
2275 1921 2364 1977 die
2390 1923 2689 1979 nativitatis
2721 1941 2853 1993 sua,
2883 1926 3127 1982 omnibus
3159 1928 3445 2000 redemptis
3470 1932 3591 1986 suis
3625 1932 3723 1990 ille

2119 2028 2336 2073 sanctus
2363 2026 2670 2075 sanctorum
2690 2035 2823 2090 puer
2842 2020 3029 2090 [uisset
3050 2031 3229 2089 natus,
3252 2023 3416 2080 michi
3433 2024 3541 2079 soli
3560 2025 3721 2095 ﬁlius

2118 2108 2212 2166 ille
2225 2125 2330 2164 non
2346 2118 2424 2165 est
2445 2110 2625 2165 datus.
2659 2109 2805 2166 Nam
2826 2120 2886 2167 ut
2906 2120 3119 2168 taceam.
3133 2113 3719 2186 obpropria,injurias,

2120 2201 2314 2268 minas,
2342 2200 2550 2274 gladios
2574 2203 2633 2257 in
2662 2203 2916 2259 cervicem
2936 2220 3110 2259 meam
3133 2213 3361 2273 exertos,
3390 2208 3500 2264 nisi
3528 2210 3720 2265 omnia

2119 2296 2381 2368 imperata
2411 2296 2676 2367 facerem;
2710 2296 2890 2367 famen
2920 2297 3105 2365 etiam,
3139 2307 3191 2358 et
3225 2301 3381 2359 sitim
3398 2311 3567 2372 quant
3580 2303 3723 2373 fere-

2121 2386 2264 2454 bam,
2293 2394 2344 2442 et
2379 2386 2444 2441 ab
2473 2386 2585 2442 illis
2617 2403 2746 2458 quos
2781 2387 2985 2457 injuria
3020 2397 3136 2443 erat
3168 2390 3345 2447 videre
3379 2399 3432 2446 et
3474 2393 3719 2458 audire;

2120 2485 2179 2531 ut
2198 2478 2363 2532 etiam
2387 2486 2613 2546 taceam,
2643 2478 2784 2549 quod
2803 2487 2882 2533 est
2907 2480 3142 2550 gravius,
3167 2496 3249 2535 me
3281 2480 3411 2536 olim
3438 2484 3576 2538 satis
3599 2483 3724 2553 [alio

2121 2586 2231 2624 cem
2257 2570 2421 2640 fuisse
2443 2585 2462 2624 :
2482 2568 2621 2624 illud
2650 2587 2918 2641 nunquam
2942 2570 3251 2638 obliviscar,
3280 2588 3555 2644 nunquam
3574 2574 3725 2629 desio

2123 2678 2246 2716 nam
2270 2660 2513 2716 omnibus
2537 2661 2847 2716 christianis
2874 2662 3144 2732 conqueri,
3171 2662 3310 2733 quod
3335 2662 3448 2718 illis
3484 2665 3725 2719 sanctis-

2121 2755 2273 2810 simis
2303 2753 2486 2810 diebus
2514 2755 2628 2810 sine
2652 2755 2796 2808 omni
2827 2753 3122 2809 christiana
3145 2758 3513 2815 communione
3537 2757 3593 2810 in
3614 2756 3723 2811 illa

2122 2864 2332 2903 carcere
2373 2847 2475 2917 fui.
2521 2845 2591 2900 In
2611 2846 2724 2901 illis
2748 2846 3069 2916 paenitentia:
3103 2854 3154 2900 et
3186 2845 3550 2902 tribulationis
3579 2863 3724 2903 mea

2120 2940 2325 3009 diebus,
2347 2957 2381 2993 a
2401 2938 2517 3010 ﬁlio
2557 2955 2679 2993 mea
2707 2939 2900 2993 missus
2926 2939 3067 2994 venit
3101 2938 3173 2992 ad
3196 2955 3278 2993 me
3296 2939 3516 3009 quidam
3556 2941 3722 3009 prin-

2123 3032 2299 3102 cipum
2334 3030 2657 3098 Wicbertus,
2683 3029 2865 3084 dicens
2891 3028 3099 3083 nullum
3129 3029 3252 3084 vita
3280 3044 3411 3085 mete
3447 3045 3561 3084 esse
3585 3045 3727 3084 con-

2049 3159 2094 3220 c
2123 3121 2328 3188 silium,
2380 3120 2484 3174 nisi
2533 3120 2647 3175 sine
2693 3117 2810 3173 ulla
2873 3118 3292 3175 contradictione
3341 3119 3508 3173 etiam
3564 3120 3723 3191 regni

2123 3213 2357 3285 insignia
2412 3211 2722 3280 redderem,
2764 3226 2835 3269 ex
2877 3210 3153 3264 voluntate
3203 3219 3255 3264 et
3308 3210 3533 3281 imperio
3566 3212 3725 3281 prin-

2121 3306 2317 3376 cipum.
2352 3303 2423 3358 At
2460 3320 2573 3376 ego,
2597 3312 2649 3357 et
2677 3302 2727 3357 si
2755 3302 2927 3357 omnis
2952 3311 3116 3368 terra,
3157 3309 3415 3375 quantum
3435 3301 3722 3357 inhabita-

2122 3407 2230 3466 tur,
2258 3396 2404 3467 regni
2438 3396 2541 3451 mei
2576 3403 2709 3450 esset
2735 3395 3013 3461 terminus,
3055 3393 3230 3449 volens
3256 3394 3327 3425 ’⁷⁵
3358 3394 3526 3448 vitam
3553 3409 3721 3465 regno

2121 3497 2478 3553 commutare;
2526 3488 2654 3559 quia
2697 3485 2881 3541 vellem
2920 3484 3113 3539 nollent
3142 3486 3220 3539 sic
3263 3485 3527 3556 agendum
3554 3495 3608 3541 et
3636 3487 3721 3542 sic

2119 3581 2397 3651 deﬁnitum
2436 3578 2833 3650 intellegebam,
2875 3593 3124 3632 coronam
3148 3618 3165 3642 ,
3197 3593 3429 3644 crucem,
3469 3576 3721 3633 lanceam

2122 3673 2221 3739 ⁸⁷⁷,
2253 3671 2505 3744 gladium‘
2533 3671 2657 3726 misi
2704 3668 3059 3740 Moguntiam.
3120 3669 3266 3723 Tunc
3323 3670 3721 3726 communicato

2120 3762 2344 3819 consilio
2365 3780 2485 3817 cum
2519 3763 2751 3817 inimicis
2779 3764 2909 3817 meis
2939 3761 3085 3832 ﬁlius
3121 3776 3266 3816 meus
3309 3761 3602 3832 egrediens,
3624 3779 3723 3817 re-

2119 3856 2262 3911 lictis
2280 3856 2470 3910 ibidem
2487 3854 2731 3926 ﬁdelibus
2751 3862 2802 3909 et
2814 3854 3001 3909 amicis
3021 3854 3239 3919 nostris,
3252 3854 3407 3924 quasi
3428 3870 3512 3908 me
3530 3870 3596 3908 eo
3617 3854 3720 3908 ad-

2119 3948 2397 4014 ducturus,
2449 3946 2546 4000 sub
2586 3945 2757 4000 multa
2786 3945 3082 4016 frequentia
3119 3953 3168 3998 et
3197 3944 3441 3998 custodia
3469 3954 3721 3999 armata.

2120 4056 2241 4094 rum
2268 4056 2351 4094 me
2370 4039 2637 4105 eductum,
2662 4038 2755 4093 'ad
2796 4037 2982 4091 villam
3018 4053 3136 4108 qua:
3164 4035 3432 4108 Ingelhem
3472 4046 3718 4105 vocatur,

2122 4132 2245 4203 fecit
2270 4147 2350 4186 me
2373 4131 2443 4185 ad
2460 4148 2515 4185 se
2540 4129 2758 4185 adduci.
2796 4128 2895 4184 Ubi
2908 4112 3201 4185 maximam
3220 4129 3563 4183 inimicorum
3577 4129 3721 4184 mul-

2123 4224 2405 4278 titudinem
2433 4223 2710 4278 collectam
2754 4222 2948 4289 inveni,
2991 4238 3082 4276 nec
3103 4222 3275 4292 ipsum
3304 4219 3481 4291 ﬁlium
3505 4223 3719 4276 ceteris

2122 4314 2391 4370 meliorem
2429 4314 2590 4369 michi
2623 4314 2847 4387 repperi.
2889 4311 2959 4367 Et
2997 4313 3124 4383 quia
3165 4312 3374 4382 ﬁrmius
3392 4322 3442 4368 et
3462 4312 3719 4368 stabilius

2121 4408 2196 4462 eis
2223 4406 2498 4463 videbatur
2526 4421 2659 4475 esse,
2695 4405 2743 4459 si
2784 4405 3001 4476 propria
3032 4422 3193 4459 manu
3232 4414 3471 4477 cogerent
3507 4422 3593 4459 me
3628 4423 3717 4461 re-

437 4501 696 4557 existente
724 4501 811 4555 die
845 4498 1060 4554 Veneris
1098 4505 1221 4551 ante
1257 4501 1612 4569 nativitatem,
1656 4517 1903 4557 numerus
1936 4518 2023 4556 ar-
2053 4530 2098 4586 ι)
2123 4516 2283 4573 gnum
2307 4508 2357 4554 et
2402 4499 2584 4554 omnia
2623 4498 2827 4569 regalia
2856 4498 3187 4569 exfestucare
3217 4513 3237 4554 .°
3271 4498 3440 4553 simili
3478 4499 3639 4554 modo
3664 4510 3717 4555 et

440 4601 704 4651 matorum
719 4609 938 4647 suorum
956 4593 1077 4663 jam
1101 4595 1238 4650 satis
1262 4593 1574 4666 augebatur,
1588 4593 1708 4663 jam
1730 4593 1881 4663 fraus
1904 4594 2020 4664 ipsa

436 4686 608 4756 detegi
636 4686 935 4747 videbatur.
981 4685 1052 4742 Et
1081 4687 1227 4757 ﬁlius
1267 4686 1337 4742 ad
1379 4702 1460 4742 me
1512 4705 1531 4738 ι
1555 4684 1742 4754 Pater,
1773 4706 1792 4738 ι
1828 4686 2022 4757 inquit,

445 4798 464 4830 ι
495 4777 644 4832 nobis
677 4778 962 4833 cedendum
976 4778 1066 4850 {est
1105 4778 1162 4833 in
1187 4780 1417 4834 vicinum
1440 4778 1748 4843 castellum;
1769 4779 1897 4849 quia
1932 4794 2025 4834 nec

437 4870 713 4940 episcopus
742 4869 1084 4947 Moguntinus
1104 4872 1161 4927 in
1183 4872 1451 4926 civitatem
1470 4887 1623 4925 suam
1644 4872 1892 4926 admittet
1912 4888 2022 4939 vos,

438 4958 697 5032 quamdiu
722 4962 777 5014 in
800 4962 971 5015 banno
994 4962 1166 5028 eritis,
1197 4978 1289 5016 nec
1332 4977 1419 5016 vos
1463 4963 1770 5032 inpacatum
1805 4971 1856 5021 et
1882 4963 2026 5017 inre-

439 5049 781 5104 conciliatum
814 5050 982 5106 audeo
1007 5052 1238 5123 ingerere
1266 5052 1499 5107 inimicis
1525 5053 1727 5108 vestris.
1766 5051 1895 5108 Illic
1925 5069 2024 5107 na-

442 5142 704 5195 tivitatem
727 5158 847 5196 cum
869 5141 968 5196 Dei
993 5143 1186 5198 honore
1214 5152 1265 5198 et
1292 5160 1419 5215 pace
1448 5145 1616 5214 agetis
1639 5145 1739 5213 m;
1761 5161 2024 5216 quoscun-

439 5251 538 5304 que
575 5233 839 5305 placuerit
881 5236 1049 5303 vobis,
1077 5237 1342 5291 vobiscum
1370 5236 1628 5292 habeatis.
1662 5236 1775 5309 Ego
1808 5239 2023 5293 interim

438 5335 637 5395 quanto
670 5327 981 5395 instantius,
1024 5339 1222 5399 quanto
1252 5329 1463 5399 ﬁdelius
1499 5338 1701 5400 potero,
1746 5347 1841 5400 pro
1871 5330 2021 5386 nobis

442 5421 680 5493 utrisque
711 5421 985 5489 laborabo,
1014 5424 1140 5493 quia
1186 5440 1404 5478 causam
1433 5436 1660 5479 vestram
1703 5441 1814 5479 esse
1850 5441 2022 5479 meam

2122 4594 2226 4665 ipsi
2248 4609 2425 4648 omnes
2462 4591 2824 4664 minabantur,
2854 4591 2958 4646 nisi
2970 4592 3151 4646 omnia
3180 4593 3443 4661 imperata
3460 4592 3716 4661 facerem,

2123 4686 2332 4741 nullum
2379 4686 2502 4740 vita:
2530 4699 2658 4751 meae
2699 4683 2979 4738 consilium
3043 4684 3162 4754 ﬁeri
3236 4699 3406 4754 posse.
3465 4681 3602 4739 Tum
3623 4700 3718 4755 ego

2131 4797 2150 4831 ι
2191 4778 2353 4846 Quia,
2396 4797 2417 4831 ι
2457 4778 2693 4849 inquam,
2738 4795 2761 4830 ο
2793 4777 2860 4832 de
2886 4775 2999 4831 solo
3032 4777 3142 4830 vita
3163 4777 3363 4846 agitur,
3400 4792 3509 4846 qua
3550 4777 3718 4832 nichil

2123 4873 2404 4945 pretiosius
2414 4871 2607 4932 ἠώιος
2628 4870 2885 4941 utsaltem
2896 4870 3067 4924 vivens
3084 4868 3720 4940 penitentiam-exhibeam

2126 4965 2259 5032 Deo,
2287 4959 2539 5036 quicquid
2584 4963 2879 5034 imperatis,
2931 4978 3048 5016 ecce
3092 4962 3253 5029 facio.
3299 4980 3320 5013 ι
3361 4959 3599 5030 Cumque
3635 4961 3721 5014 in-

2124 5060 2408 5130 quirerem,
2429 5060 2477 5113 si
2500 5057 2692 5113 saltem
2711 5058 2789 5112 sic
2808 5056 2874 5111 de
2899 5057 3011 5110 vita
3054 5065 3229 5110 certus
3270 5063 3322 5109 et
3362 5070 3582 5109 securus
3608 5069 3721 5108 esse

2122 5151 2363 5205 deberem
2382 5151 2408 5205 1’
2425 5150 2659 5220 ejusdem
2683 5146 2990 5219 apostolica:
3013 5146 3150 5201 sedis
3172 5144 3502 5216 legatus,qui
3522 5142 3722 5199 ibidem

2126 5242 2334 5307 aderat,
2352 5257 2457 5295 non
2477 5241 2595 5295 dico
2636 5240 2727 5311 qui
2753 5239 2864 5293 hcce
2884 5238 3063 5292 omnia
3106 5237 3467 5303 ordinaverat,
3510 5242 3723 5305 respon-

2125 5331 2227 5398 dit,
2256 5347 2335 5386 me
2355 5329 2503 5385 nullo
2527 5330 2682 5385 modo
2706 5329 2840 5399 eripi
2858 5343 3027 5399 posse,
3048 5327 3152 5380 nisi
3182 5326 3389 5396 publice
3415 5325 3718 5394 conﬁterer,

2125 5440 2209 5481 me
2232 5423 2427 5495 injuste
2451 5421 2870 5477 Hildibrandum
2890 5428 3219 5491 persecutum
3240 5433 3374 5485 esse,
3390 5416 3718 5472 Wicbertum

1737 5582 1971 5640 VABIJE
2012 5578 2411 5638 LECTIONES.

513 5709 651 5787 "fet
678 5728 727 5767 ε.
761 5713 947 5767 desunt
970 5713 1069 5771 Ci‘
1126 5716 1195 5748 ’⁷³
1222 5733 1389 5787 agens
1407 5715 1506 5771 Cl‘
1578 5717 1646 5749 ’⁷⁸
1674 5734 1739 5787 ev
1774 5725 1993 5772 correct.
2026 5717 2271 5771 additum
2296 5718 2346 5772 1.
2419 5716 2491 5749 ³⁷³
2520 5717 2581 5771 Ι).
2608 5726 2661 5771 et
2684 5732 2733 5771 e.
2765 5716 2863 5770 (2L
2939 5712 3009 5787 '1"
3036 5712 3226 5787 nolens
3247 5708 3439 5787 Cl._4_‘_.
3518 5707 3582 5739 ’τ’
3612 5705 3721 5760 Εεκ

448 5783 597 5837 card.
623 5798 761 5855 cor.,
788 5795 1081 5858 sceptrum,
1116 5779 1478 5860 chlamydem,
1505 5788 1645 5844 lanc.
1698 5786 1915 5843 Urstis:
1946 5803 2085 5857 cor.,
2135 5796 2436 5859 sceptrum,
2468 5804 2711 5858 crucem,
2747 5787 2889 5841 lane.
2918 5784 2979 5857 cf
3025 5780 3223 5843 Hircsh
3251 5797 3304 5851 p.
3337 5779 3465 5836 H5.
