3914 6314
121 353 214 408 £37

1544 365 1913 426 CHRONICA.
3255 399 3362 457 258

119 469 317 525 auferre
348 479 406 526 et
434 486 600 544 regno
629 473 874 541 reddere,
908 477 958 532 id
1003 486 1088 534 est
1119 478 1390 548 civitates,
1418 481 1678 552 ducatus,
1711 489 1755 548 Α
1782 500 1907 582 rum
1936 487 2156 547 invadat
2173 492 2240 549 ad
2267 511 2494 569 regnum
2523 505 2865 575 pertinentia.
2893 510 3172 575 lnterdixlt
3193 525 3362 582 etiam

117 562 395 629 marchias,
433 566 744 633 comitatus,
799 577 1068 635 monetas,
1121 571 1392 640 thelonca,
1440 575 1680 634 advoca-
1781 578 1887 634 sub
1911 583 2272 653 anathemate,
2307 562 2376 645 n'e
2405 591 2502 658 illi,
2523 562 2636 666 .qui
2656 610 2787 670 post
2813 617 2939 660 eum
2974 607 3028 662 in
3063 616 3362 682 apostolica

2489 654 2498 658 ’
2560 654 2576 666 ι
2665 654 2682 670 Ι
2747 654 2784 656 7‘
2821 654 2939 660 ““““⁷“
2975 654 3028 662 ’⁸⁸
3063 654 3360 682 "liv-1'01.“

116 654 227 718 tias,
254 654 438 708 omnia
465 655 590 724 jura
621 659 1004 715 centurionum
1036 662 1120 718 vel
1149 663 1457 736 vilicorum,
1497 678 1682 728 curtes
1781 676 1907 731 sede
1949 679 2154 734 sessuri
2199 692 2349 752 sunt,
2387 687 2622 745 audeant
2645 707 2827 763 regem
2859 707 2954 753 aut
2982 717 3208 774 regnum
3236 709 3360 780 ej“,

116 755 158 780 nl
187 745 328 780 οἷπερ
400 762 526 780 num
559 749 812 780 Λωηῖιι-ιιι
840 752 1177 780 ᾺΑ-.²“Λ-ι.²²ιι
1208 756 1322 780 --.2-
1379 774 1490 780 ---μ
1528 777 1604 780 _A,
1663 764 1676 778 ο
1780 771 1794 780 .
1915 773 1927 780 .

115 755 158 799 rt
187 745 352 809 villas,
400 762 529 800 cum
558 749 814 806 omnibus
840 752 1180 822 pertinentiis
1207 756 1345 824 suis,
1373 774 1496 829 quae
1527 764 1679 834 regni
1777 771 2082 842 inquietam
2105 791 2270 848 super
2291 781 2396 838 hoc
2416 787 2650 856 negotio.
2937 847 2942 853 .

1854 835 1869 842 -
2173 835 2190 848 .
2340 835 2349 836 κ
2374 835 2390 838 -
2417 835 2650 856 ηοω-.
2937 847 2942 853 ,

113 843 272 900 erant,
311 835 567 892 militiam
608 847 662 894 et
697 851 899 897 castra.
955 843 1108 901 Hanc
1152 849 1564 906 conventionem
1623 855 1678 910 in
1847 863 1904 918 ln
1934 868 2377 928 reconciliatione
2399 884 2603 945 autem,
2631 893 2754 951 qua:
2791 881 2933 942 facta
2963 898 3048 946 est
3083 892 3229 952 inter
3258 913 3358 970 pa-

113 925 247 970 kal-la
276 925 605 970 [Imm-ian
650 933 761 970 ι-ιισί
801 934 946 970 Ant“!
1006 937 1111 970 lum
1136 937 1339 970 mla“...
1395 943 1536 970 ,ηυνξ
1567 944 1679 970 sm...
1777 967 1799 970 _
1964 965 1974 970 -
2007 957 2019 969 .
2224 969 2229 970 ,
2525 968 2534 970 4
2575 969 2578 970 ,

2283 925 2370 928 '7"
2402 925 2603 945 ’”“““⁷““ν
2673 925 2754 937 *νυ
2791 925 2933 942 ⁸⁸³ν¹κ³
2963 925 3048 946 νδ*
3084 925 3228 952 ΙΙΙιυΓ
3297 925 3356 954 il‘

111 925 249 980 karta
276 925 607 998 descriptam
650 933 763 1003 regi
801 934 970 1004 dedit,
1006 937 1111 992 hoc
1135 937 1362 1008 addens,
1395 943 1540 1012 quod
1566 944 1681 1015 ipse
1775 967 1898 1021 pam
1927 965 1981 1011 et
2005 957 2410 1034 imperatorem,
2444 968 2538 1037 qui
2568 925 2747 1041 ipsum
2772 989 2968 1048 papam
2990 997 3114 1039 cum
3140 925 3356 1057 episc’o-

111 1035 270 1057 meram
299 1029 350 1057 nl
377 1037 610 1057 mansum
639 1025 867 1057 ιιΙΙΛ-ἶηιι
909 1044 1015 1057 nn-
1056 1030 1384 1057 3......2As‘..-‘
1436 1043 1485 1057 ,Α
1511 1036 1647 1057 _..!__:
1813 1044 1826 1056 ο
1928 1055 1934 1057 _
2089 1051 2123 1057 --
2202 1053 2254 1057 ,η

1775 1044 1858 1113 pis
1887 1055 1942 1102 et
1976 1051 2344 1112 cardinalibus
2385 1070 2646 1130 coeperat,
2684 1044 2790 1123 hoc
2837 1044 2940 1126 l‘nit
2980 1044 3356 1144 juramentnm

1775 1138 1916 1208 regis
1942 1156 1956 1194 :
1980 1139 2095 1213 Ego
2131 1143 2415 1203 Heinricus
2438 1168 2530 1206 rea:
2554 1153 2616 1236 4.
2642 1157 2722 1212 uel
2758 1159 2811 1215 5.
2855 1138 2999 1232 feria
3014 1171 3258 1236 proxima
3281 1173 3354 1228 li-
3431 1229 3440 1236 ,

1774 1228 1921 1284 beros
1943 1232 2212 1290 dimittam
2245 1239 2518 1297 dominum
2547 1233 2743 1318 pdpam
2781 1262 2832 1306 et
2855 1228 3122 1328 episcopos
3147 1271 3200 1316 et
3233 1281 3355 1318 car-

1732 1380 1734 1382 _
1772 1319 1979 1377 dinales
1999 1333 2050 1378 et
2080 1341 2257 1383 omnes
2285 1334 2519 1403 captivos
2560 1347 2612 1392 et
2634 1341 2840 1398 obsides
2859 1319 2951 1409 ίσι
2973 1319 3127 1421 papas
3145 1361 3197 1408 et
3219 1356 3354 1426 fide-

1771 1411 1910 1468 libus
1946 1415 2060 1485 ejus
2109 1428 2159 1472 et
2193 1419 2442 1478 Romanis
2466 1444 2648 1496 pacem
2675 1442 2726 1485 et
2752 1411 3087 1496 securitatem
3108 1411 3348 1517 serv'abo,

1772 1513 1881 1558 tam
1903 1523 1996 1577 per
2015 1525 2096 1564 me
2121 1527 2280 1582 quam
2303 1531 2396 1584 per
2421 1534 2580 1586 meos,
2605 1531 2657 1575 et
2677 1524 2734 1578 in
2761 1531 2999 1596 personis
3019 1541 3069 1586 et
3093 1535 3148 1589 in
3173 1513 3347 1606 rebus,

2819 1619 2830 1672 ἰ
2868 1621 2947 1675 uel
2972 1623 3200 1696 imperii.
3234 1628 3351 1688 Hoc

111 1035 272 1089 regem
299 1029 354 1074 et
377 1037 610 1093 regnum
639 1025 870 1083 ulterius
909 1044 1017 1084 non
1055 1030 1418 1106 inquietaret,
1432 1043 1486 1090 et
1511 1036 1679 1106 privi-

111 1113 233 1183 legio
277 1114 382 1168 sub
421 1116 773 1175 anathemate
804 1121 1177 1192 conﬁrmaret,
1227 1140 1296 1182 ne
1340 1130 1543 1198 posteri
1589 1131 1676 1186 sui

108 1219 215 1257 eum
236 1204 545 1276 inquietare
571 1224 933 1281 praesumant;
960 1232 1138 1286 regem
1166 1218 1398 1291 benigne
1420 1229 1475 1276 et
1501 1221 1676 1278 hono-

108 1293 238 1350 riﬁce
269 1297 596 1368 susciperet,
647 1317 882 1373 eumque
931 1304 985 1360 in
1021 1307 1406 1377 imperatorem
1440 1326 1670 1368 corona-

109 1397 193 1451 ret,
213 1398 262 1442 et
286 1389 352 1443 ad
381 1392 682 1446 tenendum
715 1393 1005 1465 imperium
1035 1399 1240 1455 auxilio
1272 1400 1434 1456 oilicii
1463 1403 1551 1458 sui
1577 1405 1673 1459 ad-

104 1479 308 1548 iuvaret.
334 1479 558 1538 Pro-bis
578 1486 836 1542 omnibus
855 1485 1145 1558 implendis
1161 1507 1298 1562 papa
1321 1494 1435 1566 regi
1452 1495 1671 1552 obsides

107 1570 250 1625 dedit.
291 1569 619 1628 lnternuntii
652 1577 817 1646 regis,
849 1582 1101 1650 quamvis
1144 1583 1347 1640 scirent
1381 1586 1486 1642 hoc
1519 1589 1670 1643 nullo

161 1934 277 2006 (16.)
332 1936 446 1994 Hac
509 1957 605 2011 spe
635 1945 1062 2013 promissionum
1121 1948 1234 2020 regi
1278 1949 1504 2007 Romam
1548 1962 1665 2008 ten-

103 2026 255 2094 dendi,
284 2029 533 2088 Pascalis
585 2051 723 2106 papa
758 2039 938 2108 primo
984 2056 1082 2110 per
1125 2057 1278 2110 suos,
1319 2053 1506 2115 postea
1547 2048 1664 2118 ipse

108 2135 211 2173 cum
238 2123 570 2191 primoribus
593 2127 966 2185 Romanorum
997 2142 1151 2188 extra
1176 2135 1365 2191 urbem
1401 2140 1658 2207 occurrit,

99 2209 383 2282 nullamque
414 2229 648 2272 causam
671 2219 962 2277 resistendi
991 2224 1366 2280 ostenderunt.
1405 2226 1506 2283 Vix
1528 2229 1660 2285 civi-

104 2303 208 2357 tatis
235 2313 413 2374 portas
449 2306 740 2380 ingressus
763 2322 898 2382 erat,
925 2330 1052 2370 cum
1079 2316 1346 2374 militibus
1368 2320 1488 2391 ejus
1515 2320 1657 2378 intra

104 2392 305 2449 civitatis
349 2398 561 2452 moenia
618 2415 810 2458 secure
859 2406 1204 2475 vagantibus,
1241 2408 1332 2462 alii
1365 2411 1655 2480 vulnerati,
1734 2429 1745 2440 ·

105 2484 178 2536 alii
198 2485 372 2553 occisi,
403 2503 604 2545 omnes
628 2507 758 2547 vero
787 2508 925 2564 pene
958 2496 1102 2566 capti
1133 2506 1228 2553 aut
1257 2500 1473 2570 spoliati
1504 2513 1651 2558 sunt.

107 2571 196 2628 Rex
218 2583 420 2644 tamen,
446 2581 611 2650 quasi
640 2597 740 2653 pro
783 2585 888 2640 levi
914 2602 1084 2644 causa
1127 2603 1238 2644 non
1269 2601 1470 2661 motus,
1505 2603 1655 2651 tran-

104 2667 240 2736 quilla
281 2681 458 2727 mente
498 2689 676 2744 usque
716 2677 784 2732 ad
823 2677 1026 2748 januas
1056 2682 1315 2740 accelesiae
1337 2685 1483 2742 beati
1505 2686 1653 2747 Petri

106 2761 295 2826 apostoli
320 2769 823 2835 cumprocessione
850 2774 1112 2841 pervenit.
1128 2773 1230 2831 Ubi
1257 2777 1444 2834 volens
1469 2765 1652 2837 osten-

105 2849 206 2905 dere
244 2855 438 2910 nnllam
485 2859 862 2917 mcclesiarum
910 2863 1007 2919 Dei
1064 2866 1519 2928 disturbationem
1580 2891 1647 2931 ex

107 2955 184 2994 sua
213 2944 335 3001 velle
362 2950 684 3018 procedere,
736 2952 791 3008 in
832 2957 1006 3012 oculis
1039 2966 1093 3014 et
1131 2960 1357 3020 auribus
1399 2966 1646 3022 omnium

105 3036 352 3092 astantium
379 3039 488 3096 hoc
515 3041 792 3100 decretum
817 3051 1218 3122 promulgavit:
1246 3053 1357 3126 Ego
1383 3056 1646 3114 Henricus

105 3125 346 3194 imperator
378 3146 640 3206 augustas
672 3140 871 3209 aﬁirmo
908 3141 1017 3197 Deo
1066 3155 1118 3200 et
1168 3125 1352 3202 sancto
1408 3151 1566 3206 Petro
1594 3163 1646 3208 et

106 3219 300 3275 omnibus
321 3225 584 3296 episcopis
608 3236 659 3282 et
697 3229 975 3287 abbatibus
1005 3241 1055 3288 et
1084 3237 1325 3292 omnibus
1347 3239 1599 3296 (ecclesiis
1623 3259 1641 3298 :

105 3316 247 3366 omnia
288 3333 398 3386 quia
439 3328 800 3378 antecessores
846 3326 949 3380 mei
996 3343 1138 3398 reges
1185 3329 1265 3384 vel
1300 3331 1640 3402 imperatores

105 3419 437 3480 concesserunt,
479 3411 562 3467 vel
591 3430 796 3487 quoquo
823 3417 976 3470 modo
1020 3419 1354 3476 tradiderunt
1388 3422 1520 3492 Deo,
1549 3442 1641 3496 ego

106 3495 219 3549 nullo
249 3502 390 3556 modo
441 3505 758 3563 subtrahere
805 3508 942 3564 volo.
983 3507 1096 3567 Hoc
1144 3511 1364 3578 decreto
1400 3516 1540 3572 lecto
1585 3495 1642 3574 et

104 3587 384 3662 subscripta,
425 3597 590 3666 petiit
623 3614 654 3654 a
688 3615 828 3672 papa
862 3611 922 3658 ut
969 3604 1288 3677 adimpleret
1313 3609 1365 3663 ei
1408 3611 1555 3681 quod
1583 3612 1637 3666 in

104 3671 223 3730 karta
249 3683 568 3742 conditionis
598 3671 858 3760 scriptum
891 3703 1026 3749 erat.
1055 3671 1173 3765 Ipse
1197 3699 1360 3753 etiam
1388 3671 1483 3755 rex
1507 3717 1640 3757 con-

103 3768 360 3829 ventionem
388 3792 551 3833 suam
580 3781 646 3835 ad
664 3796 860 3852 papam
884 3786 1137 3856 lirmavit,
1160 3789 1476 3860 iurantibus
1501 3811 1639 3866 qua-

103 3863 201 3911 tuor
231 3866 532 3936 comitibus,
584 3872 732 3941 quod
789 3876 1035 3944 proxima
1092 3890 1286 3950 quarta
1328 3885 1414 3940 vel
1447 3863 1635 3957 quinta

104 3944 206 4007 feria
232 3971 316 4011 rex
335 3961 614 4032 principes
644 3980 776 4021 suos
805 3969 1098 4024 amicitiam
1126 3972 1313 4041 jurare
1341 3975 1563 4048 faceret,
1580 3991 1637 4038 et

104 4040 276 4102 obsides
306 4051 476 4121 daret,
511 4069 576 4109 eo
605 4063 814 4124 tenore,
847 4059 894 4114 si
919 4075 1056 4132 papa
1081 4040 1332 4134 proximo
1355 4069 1634 4130 dominico

104 4131 168 4187 die
190 4138 486 4211 adimpleret
509 4148 620 4218 regi
648 4163 746 4218 per
773 4131 1166 4224 omnia,un
1212 4158 1268 4213 in
1308 4159 1464 4218 karta
1493 4177 1630 4220 con-

103 4229 321 4288 ventionis
347 4235 466 4306 ejus
503 4239 768 4310 scriptum
798 4253 934 4299 erat.
962 4245 1100 4302 Cum
1126 4265 1254 4321 ergo
1284 4267 1380 4308 rex
1406 4254 1629 4314 insiste-

105 4323 180 4378 Μ,
203 4327 252 4372 ut
281 4337 408 4393 papa
444 4343 576 4382 cum
605 4329 817 4399 justitia
847 4343 903 4389 et
947 4338 1271 4395 auctoritate
1297 4344 1627 4411 promissam

103 4405 182 4461 sibi
199 4421 593 4477 conventionem
640 4424 708 4480 de
737 4427 1025 4486 reddendis
1063 4432 1165 4487 sibi
1189 4405 1459 4506 regalibus
1488 4453 1624 4494 con-

105 4497 295 4560 ﬁrmaret
317 4527 329 4563 :
353 4513 625 4572 universis
664 4525 776 4573 tam
802 4520 920 4576 suis
949 4537 1114 4592 quam
1161 4527 1386 4595 nostris,
1419 4528 1626 4587 scilicet
1655 4537 1701 4596 D

104 4588 340 4664 episcopis,
367 4602 677 4673 abbatibus,
707 4616 763 4663 et
789 4588 1060 4667 universis
1089 4614 1347 4672 tecclesiae
1372 4588 1524 4676 'liliis
1567 4622 1619 4687 in

104 4675 254 4739 faciem
283 4690 327 4743 ei
357 4695 758 4766 resistentibus,
783 4710 837 4757 et
861 4702 1079 4759 decreto
1109 4721 1210 4761 suo
1228 4707 1442 4778 plenam
1467 4711 1624 4770 bere-

104 4769 180 4826 sim
201 4774 624 4856 inclamantibus,
647 4791 816 4848 voluit
833 4809 993 4866 papa,
1023 4797 1070 4852 si
1098 4769 1246 4854 salva
1272 4816 1406 4871 pace
1432 4769 1622 4862 recole-

104 4862 174 4918 δὶεε
193 4874 456 4944 potuisset,
494 4879 599 4937 hoc
626 4883 968 4958 privilegium
1001 4888 1249 4958 proferre
1273 4911 1286 4946 :
1309 4891 1388 4950 Ne
1434 4911 1619 4953 sacer-

104 4950 237 5024 dotes,
275 4965 489 5025 abbatcs
527 4950 645 5027 aut—
665 4950 847 5031 clerici
877 4950 1233 5038 saecularibus
1263 4950 1618 5059 occupentur,

104 5056 206 5101 neve
245 5055 303 5108 ad
342 5061 660 5119 comitatum
714 5068 993 5136 accedant,
1050 5071 1156 5127 nisi
1205 5089 1307 5144 pro
1349 5055 1622 5138 damnatis

101 5142 327 5213 eruendis,
378 5166 511 5208 neve
553 5156 801 5215 militiam
860 5173 1170 5231 exerceant,
1220 5182 1344 5237 quae
1390 5171 1483 5226 vix
1526 5185 1622 5230 aut

103 5231 218 5328 pullo
254 5242 403 5298 modo
452 5246 574 5302 sine
613 5251 844 5320 rapinis,
883 5257 1205 5328 sacrilegiis,
1237 5231 1523 5320 incendiis
1565 5276 1620 5323 et

102 5315 359 5414 inmisidiis
441 5315 770 5399 exhibentur
793 5315 838 5412 ,r
899 5363 1036 5404 neve
1081 5315 1410 5408 “ministri”
1425 5356 1616 5414 altaris

102 5408 204 5470 ﬁant
246 5425 464 5484 ministri
497 5433 683 5502 'curize,
727 5408 866 5494 neve
894 5442 1165 5511 accipiant
1206 5460 1237 5499 a
1275 5447 1494 5518 regibus
1547 5452 1615 5510 ad

104 5514 281 5574 τεεηιιιιι
327 5523 663 5605 pertinentia.
713 5527 844 5600 Regi
891 5541 1074 5588 autem
1124 5527 1239 5591 Sive
1299 5514 1616 5609 imperatori

103 5604 270 5658 censuit
284 5623 396 5668 esse
411 5591 732 5675 dimittenda
745 5591 928 5677 omnia
951 5625 1016 5678 ad
1041 5641 1264 5697 regnum
1289 5631 1615 5700 pertinentia

104 5696 346 5784 ξιεωροτε
372 5704 545 5764 Karoli
570 5709 746 5783 Magni
771 5722 826 5769 et
851 5696 1156 5774 ceterorum
1188 5696 1610 5794 imperatorum;

659 5771 687 5783 ..
951 5771 957 5772 κ
1040 5771 1045 5772 ν
1072 5771 1156 5774 μη
1188 5771 1610 5794 ---ι-ν--·--·-·-·ι

105 5771 377 5850 iﬂlerdicens
402 5801 497 5856 sub
520 5806 885 5874 anathemate,
914 5825 981 5865 nc
1008 5811 1296 5882 quisquam
1322 5816 1611 5889 episcopo-

1765 1975 1890 2012 num
1917 1978 2084 2032 regem
2120 1981 2212 2018 nec
2236 1985 2450 2039 regnum
2477 1973 2592 2043 ejus
2625 1977 2691 2031 de
2731 1979 3044 2041 investitura
3071 1992 3346 2065 episcopa-

1766 2046 1913 2103 tuum
1949 2050 2026 2104 vel
2053 2052 2412 2128 abbatiarum,
2464 2078 2626 2134 neque
2656 2067 2721 2122 de
2758 2069 2956 2140 injuria
2989 2046 3111 2132 sibi.
3139 2090 3189 2134 et
3229 2046 3342 2140 sruis

1760 2139 1918 2194 illata
1959 2140 2015 2194 in
2066 2147 2324 2214 personis,
2378 2149 2435 2204 in
2475 2153 2654 2222 bonis;
2687 2139 2850 2230 neque
2885 2162 3102 2236 aliquod
3140 2139 3342 2228 malum

1760 2227 1938 2283 reddet
1963 2232 2068 2286 sibi
2093 2234 2171 2289 vel
2194 2237 2361 2294 alicui
2383 2257 2623 2311 personae
2647 2227 2869 2317 pr'o—hac
2891 2227 3086 2323 causa;
3109 2269 3162 2314 et
3192 2264 3343 2332 peni-

1759 2327 1841 2374 tus
1880 2322 1937 2375 in
1964 2340 2244 2394 personam
2289 2334 2424 2404 regis
2471 2335 2691 2394 Henrici
2741 2358 3008 2416 nunquam
3054 2322 3340 2412 anatltema

1757 2415 1962 2483 mittet;
1993 2435 2085 2475 nec
2131 2428 2420 2483 remanebit
2454 2430 2510 2484 in
2561 2433 2775 2489 domino
2800 2415 2938 2510 papa
2967 2445 3092 2514 quin
3128 2459 3340 2505 coronet

1752 2522 1893 2576 eum,
1940 2519 1992 2564 et
2024 2529 2238 2584 regnum
2262 2527 2311 2571 et
2337 2520 2617 2591 imperium
2669 2527 2878 2584 auxilio
2921 2535 3076 2603 ofﬁcii
3109 2539 3194 2592 sui
3217 2557 3338 2597 eum

1754 2605 1926 2654 tenere
1937 2601 2210 2672 adjuvabit
2228 2624 2325 2677 pro
2344 2626 2495 2680 posse
2515 2631 2629 2670 suo.
2661 2615 2727 2672 Et
2747 2619 2845 2674 hoc
2866 2601 3173 2695 adimplebit
3196 2646 3337 2702 papa
3378 2708 3380 2710 _

1750 2690 1863 2746 sine
1886 2692 2077 2762 fraude
2105 2705 2154 2750 et
2191 2700 2333 2756 malo
2375 2703 2604 2776 ingenio.
2641 2708 2756 2767 Hoc
2775 2690 3150 2782 juramentum
3180 2690 3334 2794 papae

1749 2783 2214 2846 conﬁrmaverunt
2252 2793 2492 2863 jurando
2537 2800 2777 2872 episcopi
2810 2813 2864 2860 et
2901 2783 3206 2868 cardinales
3229 2783 3336 2870 tiu-

1749 2891 1901 2932 mero
1949 2879 2012 2934 l5
2065 2879 2302 2940 Henrico
2352 2889 2466 2960 regi
2513 2891 2567 2945 in
2618 2888 3328 2964 imperatorem-coronato.

1747 2965 1876 3023 Post
1909 2969 2110 3028 lectum
2137 2979 2484 3048 evangelium
2519 2984 2744 3040 tradidit
2767 2987 2817 3042 ei
2840 3004 2981 3060 papa
3013 3004 3138 3050 ante
3160 2997 3333 3054 altare

1747 3063 2117 3131 apostolorum
2153 3066 2298 3123 Petri
2323 3080 2376 3127 et
2403 3071 2556 3130 Pauli
2590 3076 2644 3130 in
2681 3081 2856 3137 oculis
2891 3085 3137 3141 omnium
3174 3089 3329 3158 prin;

1672 3175 1713 3232 ο
1747 3153 1928 3222 cipum
1964 3155 2070 3214 hoc
2091 3159 2434 3233 privilegium
2463 3165 2532 3222 de
2562 3168 2885 3228 investitura
2915 3153 3328 3250 episcopatuum

1746 3245 1829 3298 vel
1855 3246 2218 3319 abbatiarum,
2241 3263 2353 3309 tam
2380 3271 2478 3326 per
2509 3261 2733 3317 anulum
2763 3280 2927 3334 quam
2957 3283 3054 3338 per
3079 3245 3282 3344 virgam
3306 3293 3324 3329 :

1743 3333 1993 3392 Pascalis
2015 3342 2288 3414 episcopus
2319 3363 2495 3404 servus
2533 3368 2800 3410 seruorum
2840 3357 2940 3413 Dei
2968 3360 3247 3420 karissimo
3270 3368 3327 3420 in

1743 3423 1956 3482 Christo
1999 3430 2115 3501 ﬁlio
2158 3433 2391 3494 Henrico
2421 3439 2828 3502 Teutonicorum
2874 3454 3004 3522 regi,
3031 3464 3082 3508 et
3102 3473 3196 3527 per
3225 3459 3324 3514 Dei

1740 3520 2112 3590 omnipotentis
2168 3529 2400 3598 gratiam
2455 3533 2816 3592 Romanorum
2859 3520 3174 3613 imperatori
3226 3569 3326 3605 au-

1739 3620 1912 3680 gusto,
1935 3614 2160 3672 salutem
2179 3628 2230 3674 et
2251 3623 2596 3693 apostolicam
2625 3627 3054 3692 benedictionem.
3087 3639 3324 3712 Regnum

1737 3714 1967 3759 uestrum
2009 3719 2208 3767 sanctae
2232 3711 2486 3771 Romanae
2509 3720 2761 3777 ecclesiae
2782 3725 3128 3797 singulariter
3149 3711 3322 3789 colue-

1739 3809 1850 3848 rere
1877 3796 2157 3868 dispositio
2185 3803 2367 3861 diuina
2390 3812 2685 3868 constituit.
2719 3796 3135 3879 Prwdecessores
3159 3828 3319 3883 vestri

1733 3885 2016 3955 probitatis
2067 3902 2118 3946 et
2163 3897 2463 3964 prudentie
2509 3905 2788 3975 amplioris
2843 3914 3021 3981 gratia
3065 3915 3321 3976 Romanis

1734 3976 1881 4030 urbis
1920 3995 2170 4037 coronam
2192 3995 2242 4040 et
2269 3987 2548 4060 imperium
2575 3976 3009 4058 consecuti'sunt.
3046 4007 3130 4061 Ad
3164 4009 3316 4081 cujus

1731 4069 2204 4134 videlicetcoronaz
2229 4093 2278 4136 et
2305 4084 2514 4155 imperii
2563 4091 2879 4162 dignitatem
2925 4108 3071 4154 tuam
3114 4121 3317 4181 quoque

1729 4177 2026 4232 personam,
2058 4169 2140 4238 ﬁli
2165 4171 2446 4232 ltarissime
2473 4177 2720 4251 Henrice,
2757 4202 2850 4256 per
2883 4193 3052 4245 nostri
3077 4169 3316 4252 ministe-

1731 4253 1868 4309 rium
1898 4260 2183 4316 sacerdotii
2219 4266 2470 4336 majestas
2497 4271 2680 4328 dicina
2705 4253 2963 4346 provexit.
3004 4281 3168 4339 Illam
3207 4289 3314 4359 igi-

1728 4343 1817 4399 tur
1881 4349 2161 4420 dignitatis
2222 4363 2650 4433 praarogativam,
2693 4343 2854 4440 quam
2907 4372 3314 4444 prcedecessores

1728 4442 1895 4494 nostri
1916 4445 2098 4499 vestris
2118 4451 2588 4518 praedecessoribus
2609 4462 2885 4520 catholicis
2907 4442 3312 4538 imperatoribus

1726 4545 2090 4590 concesserunt
2110 4547 2160 4592 et
2181 4542 2575 4615 privileg‘iorum
2609 4553 2817 4622 paginis
2847 4560 3309 4633 conﬁrmaverunt,

1728 4635 1821 4676 nos
1863 4638 2065 4697 quoque
2105 4629 2378 4688 dilectioni
2425 4644 2532 4692 tua:
2561 4644 2915 4714 concedimus,
2955 4659 3006 4704 et
3032 4629 3310 4721 praesentis

1726 4714 1991 4786 privilegii
2010 4720 2208 4790 pagina
2243 4726 2640 4798 conﬁrmamus,
2683 4743 2742 4788 ut
2774 4740 2920 4809 regni
2953 4714 3310 4820 tui'episcopis

1726 4801 1805 4856 uel
1849 4803 2128 4864 abbatibus
2173 4810 2334 4868 libere
2373 4827 2566 4887 praeter
2597 4801 2898 4883 oiolentidm
2924 4841 2974 4886 et
3011 4801 3310 4910 sginonians

1723 4891 1900 4950 electis
1926 4897 2291 4959 investituram
2318 4909 2477 4981 virga:
2501 4920 2553 4966 et
2588 4915 2739 4970 anuli
2767 4891 3309 4992 conferasfPostin-

1725 4989 2053 5046 oestitionem
2081 5011 2200 5050 uero
2223 4997 2476 5056 [canonice
2503 5011 2950 5067 consecrationem
2977 5019 3207 5089 accipiat
3239 5023 3305 5077 ab

1724 5081 1966 5154 episcopo
1993 5087 2064 5140 ad
2096 5105 2249 5160 quem
2279 5095 2613 5163 pertinuerit.
2656 5098 2717 5155 Si
2747 5105 2866 5174 quis
2895 5117 3074 5164 autem
3091 5081 3134 5166 ἀ
3160 5113 3304 5169 clero

1721 5181 1774 5226 et
1800 5175 1992 5245 popqu
2021 5191 2214 5248 printer
2251 5191 2405 5264 tuum
2441 5205 2712 5245 assensum
2745 5194 2940 5252 electus
2981 5200 3164 5270 fuerit,
3197 5206 3302 5260 nisi

1721 5281 1754 5317 a
1785 5275 1835 5319 te
1862 5267 2194 5340 investiatur,
2222 5291 2265 5329 a.
2293 5279 2499 5335 nemine
2524 5295 2877 5343 consecretur.
2910 5289 3049 5346 Sane
3071 5296 3302 5366 episcopi

1721 5362 1772 5406 et
1818 5357 2198 5433 archiepiscopi
2244 5365 2543 5424 libertatem
2572 5373 2817 5443 habeant,
2867 5395 2900 5432 a
2937 5388 2987 5434 te
3029 5357 3302 5440 inuestitos

1719 5447 1986 5519 episcopos
2023 5451 2102 5506 uel
2134 5453 2348 5513 abbates
2383 5459 2636 5520 kanonice
2677 5471 3040 5526 consecrandi.
3080 5471 3302 5532 Prwde—

1719 5553 1945 5596 cessares
1991 5544 2130 5599 enim
2159 5551 2318 5604 vestri
2342 5553 2608 5610 ecclesias
2639 5561 2784 5630 regni
2819 5563 2904 5615 sui
2947 5566 3114 5620 tantis
3145 5583 3300 5639 τερον

1715 5633 1849 5688 lium
1899 5652 2117 5692 suorum
2172 5641 2467 5731 beneﬁciis”
2495 5649 2903 5719 ampliaverunt,
2961 5664 3021 5709 ut
3078 5633 3296 5731 regnum
3345 5688 3348 5689 ν

1708 5729 1888 5800 ipsum
1931 5733 2292 5805 episcoporum
2343 5738 2420 5792 vel
2457 5727 2724 5798 "abbatum
2772 5748 3000 5805 maxime
3026 5727 3295 5821 praesidiis

1717 5833 1951 5892 oporteat
1981 5829 2317 5897 communiri,
2345 5840 2397 5886 et
2432 5833 2714 5903 populares
2759 5838 3132 5919 dissensiones,
3177 5863 3297 5932 quis
