4012 6448
533 397 644 454 239

1737 394 2096 451 SIGEBERTI
2137 389 2663 452 GEMBLACENSIS

3698 398 3807 457 2‘0

538 515 594 570 in
639 511 981 566 eiectionibus
1011 527 1148 583 sape
1169 515 1498 584 contingunt,
1523 511 1690 582 regali
1723 513 1960 580 oporteat
2001 529 2120 565 ma-
2151 521 2196 573 Λ
2225 512 2407 565 divina
2433 511 2723 577 custodiat,
2749 518 2797 564 et
2821 525 3096 580 personant
3117 523 3530 587 potestatemque
3557 519 3810 584 tumn,:td

529 607 724 677 jestate
753 606 1030 674 compesci.
1078 604 1430 670 Quamobrem
1464 605 1758 675 prudentia:
1783 613 1834 658 et
1861 605 2110 674 potestati

540 707 645 752 tua:
672 713 801 750 cura
827 697 975 750 debet
1010 696 1295 752 sollicitius
1321 697 1614 761 inminere,
1646 705 1704 749 ut
1731 695 1984 750 Romana!
2015 712 2119 749 tec-

545 790 720 845 clesire
760 790 1067 867 magnitudo
1094 798 1145 842 et
1192 799 1503 843 cwterarum
1541 787 1686 842 salus
1712 797 1996 858 prazstante
2021 787 2126 841 Do-

540 883 682 935 mino
712 881 976 949 beneficiis
1015 881 1120 933 tuis
1149 888 1202 933 et
1249 880 1480 934 servitiis
1528 887 1877 932 conservetur.
1911 877 1970 933 Si
2017 895 2122 949 qua

533 975 705 1042 igitur
730 973 1108 1031 arcclesiastica
1151 971 1464 1026 secularisve
1486 987 1731 1041 persona,
1763 970 1898 1024 hanc
1929 979 2125 1024 nostra

539 1065 886 1118 concessionis
916 1065 1168 1134 paginam
1217 1063 1408 1128 sciens,
1459 1071 1642 1116 contra
1677 1078 1794 1116 eam
1843 1061 2122 1114 temerario

538 1174 672 1210 ausu
729 1157 900 1210 venire
953 1157 1302 1226 temptaverit,
1349 1155 1706 1210 anathematis
1744 1153 1974 1219 uinculo,
2015 1154 2118 1208 nisi

538 1249 837 1317 resipuerit,
891 1247 1190 1314 innodetur,
1237 1243 1552 1318 honorisque
1594 1264 1658 1301 ac
1699 1246 1979 1318 dignitatis
2009 1261 2119 1300 sua:

533 1339 828 1409 periculum
865 1340 1126 1394 oatiatur.
1161 1338 1506 1394 Observantes
1549 1348 1726 1393 autent
1754 1337 2121 1392 misericordia

2230 604 2475 658 honorent
2505 619 2659 658 suum
2699 613 2748 658 et
2787 604 3032 674 gloriam,
3065 606 3294 676 feliciter
3326 609 3584 678 imperare
3620 625 3806 664 conceo

2225 697 2341 750 dat.
2372 695 2730 751 Conﬁrmatio
2755 697 2905 766 pacis
2927 697 3070 753 inter
3096 702 3450 769 apostolicum
3482 713 3536 756 et
3566 702 3810 771 impera-

2228 798 2425 851 torem,
2449 789 2577 842 dum
2610 787 2661 841 in
2687 775 3050 845 celebratione
3073 792 3256 846 missae
3276 793 3512 848 traderet
3533 793 3584 849 ei
3604 809 3811 865 corpus

2229 888 2283 934 et
2310 880 2628 948 sanguinem
2685 879 2894 936 domini
2939 884 3111 937 nostri
3133 881 3260 939 Jesu
3311 883 3514 940 Christi
3545 902 3561 941 :
3587 884 3814 938 Domine

2231 969 2540 1037 imperator,
2569 968 2667 1022 hoc
2702 986 2891 1041 corpus
2921 971 3156 1040 Domini,
3190 984 3373 1028 natum
3399 992 3464 1029 ea:
3491 975 3670 1029 Maria
3701 992 3814 1028 tur-

2229 1061 2364 1130 gine,
2391 1077 2605 1136 passum
2634 1063 2690 1116 in
2716 1079 2871 1118 cruce
2894 1081 2989 1134 pro
3019 1066 3188 1132 nobis,
3236 1077 3374 1121 sicut
3419 1077 3605 1121 sancta
3633 1077 3684 1121 et
3714 1084 3811 1121 ca-

2228 1149 2425 1204 tholica
2473 1160 2608 1204 tenet
2651 1153 2912 1222 (ecclesia,
2943 1155 3130 1209 damus
3179 1157 3275 1210 tibi
3304 1159 3360 1210 in
3405 1157 3814 1227 confirmatione

2227 1256 2360 1321 certe
2378 1241 2526 1310 pacis
2545 1250 2597 1295 et
2621 1246 2918 1300 concordia:
2943 1247 3081 1302 inter
3110 1265 3190 1302 me
3215 1257 3263 1304 et
3289 1257 3357 1303 te.
3387 1248 3584 1304 Datum
3611 1260 3689 1304 est
3721 1247 3815 1305 Id.

2229 1332 2453 1404 Aprilis,
2477 1332 2766 1392 indictione
2794 1338 2826 1392 4
2855 1339 2944 1394 ²⁸⁷.

1071 1701 1078 1707 ’
1195 1741 1886 1871 ANSELMI
1984 1655 3180 1871 GEMBLACENS!S

1728 1997 2612 2104 CONTINUATIO

886 2230 949 2284 ιι.
979 2230 1031 2284 6.
1067 2229 1167 2300 (7).
1281 2226 1580 2298 F.5.(t.)
1691 2225 1755 2280 Α.
1787 2225 1874 2280 l2.
1912 2224 2045 2295 (ιδ).

1118 2318 1182 2373 ιι.
1223 2319 1308 2374 η.
1336 2318 1545 2389 (ιδγεο.

611 2415 721 2471 Deo
768 2412 1009 2485 peccatis
1053 2411 1337 2467 hominum
1380 2409 1608 2476 offenso,
1654 2409 1824 2465 multa
1867 2409 2127 2464 eveniunt

541 2509 646 2564 hoc
671 2521 837 2562 anno.
862 2504 918 2559 ln
933 2511 1118 2558 monte
1141 2502 1446 2559 Castriloco
1466 2502 1714 2559 recclesia
1738 2508 1941 2558 sanctae
1961 2499 2128 2556 Gual-

543 2601 802 2658 dedrudis
841 2614 966 2654 cum
1010 2597 1133 2652 aliis
1161 2596 1375 2652 duabus
1423 2596 1686 2652 aecclesiis
1727 2594 2034 2650 minoribus
2073 2602 2129 2649 et

540 2707 668 2746 eum
693 2699 806 2746 toto
833 2705 985 2759 paene
1014 2687 1216 2758 oppido
1245 2687 1475 2742 arsit'".
1509 2686 1782 2743 Ecclesia
1819 2685 1994 2742 sancti
2022 2685 2126 2740 Mi-

549 2782 757 2839 chaelis
787 2781 854 2836 de
879 2780 1124 2852 periculo
1157 2779 1326 2836 maris
1369 2778 1646 2851 fulgurata
1696 2778 1957 2836 divinitus
1993 2777 2128 2833 arsit

540 2875 613 2910 ³³⁸
670 2889 797 2930 cum
849 2871 1093 2928 adificiis
1143 2871 1246 2927 sibi
1275 2871 1746 2942 f'appendentibus.
1801 2869 2128 2925 Gualdricus

541 2968 832 3038 episcopus
863 2965 1269 3032 Laudunensis,
1305 2966 1452 3020 cives
1491 2963 1663 3035 ipsius
1691 2963 1844 3018 urbis
1883 2979 1913 3016 a
1944 2977 2130 3018 sacra-

547 3068 733 3116 mento
761 3073 1044 3129 perperam
1070 3058 1268 3128 iuratae
1300 3056 1715 3112 communitatis
1747 3070 2004 3111 revocare
2044 3054 2128 3108 ni-

543 3169 662 3218 sus,
694 3167 725 3206 a
749 3151 1027 3207 seditiosis
1040 3150 1106 3206 ad
1130 3167 1283 3206 arma
1306 3150 1782 3216 concurrentibus,
1814 3149 1960 3220 quod
1983 3148 2128 3203 dictu

541 3242 700 3300 nefas
741 3251 846 3309 est,
895 3241 1076 3312 gladio
1125 3240 1417 3298 confossus
1459 3241 1685 3308 interiit,
1717 3239 1850 3295 feria
1879 3241 1932 3294 5.
1961 3239 2120 3294 ebdo-

545 3333 720 3388 mada:
753 3331 1113 3404 paschalis,7.
1143 3331 1260 3386 Kal.
1288 3331 1437 3400 Maii,
1460 3332 1512 3388 in
1532 3332 1746 3387 lzetania
1778 3331 1991 3401 majori.
2022 3329 2132 3384 Tu-

543 3428 854 3484 multuante
881 3427 1045 3482 etiam
1080 3427 1283 3498 impetu
1316 3426 1561 3482 confusae
1594 3424 1985 3491 multitudinis,
2035 3424 2132 3478 do-

546 3538 670 3578 mus
695 3521 935 3593 episcopi
979 3519 1348 3578 succenditur.
1406 3517 1562 3574 Unde
1603 3519 1767 3574 etiam
1797 3517 1915 3587 ipsa
1957 3525 2132 3571 mater

552 3616 799 3672 aecclesia
827 3623 1031 3672 sanctae
1068 3612 1271 3680 Mariae,
1293 3622 1347 3668 et
1384 3612 1628 3670 arcelesia
1667 3611 1841 3666 sancti
1869 3607 2134 3665 Johannis

548 3708 800 3780 baptista:
827 3707 881 3762 in
909 3707 1128 3763 abhatia
1154 3705 1499 3771 monialium,
1545 3719 1671 3770 cum
1709 3702 1833 3758 aliis
1872 3701 2135 3758 (ecclesiis

547 3800 811 3856 omnibus
846 3815 877 3854 c
898 3799 1080 3854 vicino
1115 3795 1554 3868 appendentibus
1603 3802 2043 3850 concremantur.
2077 3793 2135 3848 ln
2166 3849 2168 3851 .

544 3900 798 3948 auctores
849 3889 1136 3946 seditionis
1176 3904 1207 3943 a
1257 3902 1384 3958 rege
1422 3885 1763 3943 Francorum
1804 3895 1920 3942 tam
1944 3903 2134 3944 severe

545 3975 629 4039 est
656 3982 1015 4047 vindicatum,
1042 3989 1102 4035 nt
1121 3988 1234 4035 tam
1256 3987 1540 4051 presentes
1554 3995 1720 4050 quam
1747 3978 1964 4036 futuros
1993 3996 2023 4035 a
2052 3980 2133 4037 si-

545 4071 664 4130 mili
717 4074 922 4130 scelere
969 4072 1463 4146 deterrererpossit
1504 4073 1907 4144 exemplnmi".
1941 4071 2131 4130 Mense

546 4165 692 4222 Maio
719 4166 964 4238 sigilines
986 4174 1040 4221 et
1069 4165 1297 4222 arbores
1326 4180 1485 4222 sacro
1518 4164 1642 4237 igne
1661 4165 1890 4236 adustae,
1916 4163 2130 4221 fructus
2166 4173 2175 4179 ‘

613 2234 772 2291 1112.

550 4260 636 4315 sui
669 4274 822 4330 spem
867 4267 1002 4314 sunt
1033 4257 1308 4314 mentitas:
1337 4266 1394 4313 et
1426 4258 1676 4330 quaedam
1723 4257 1873 4313 silva:
1909 4256 2133 4328 insuper

546 4351 820 4406 arefactis.
853 4349 1156 4407 Subsecuta
1170 4359 1254 4405 est
1274 4351 1560 4406 hominum
1588 4350 1841 4404 valetudo
1873 4349 2055 4421 gravis
2080 4358 2134 4405 et

545 4445 826 4512 diuturna,
838 4461 962 4501 cum
976 4443 1244 4516 profluvio
1254 4444 1459 4500 ventris
1470 4443 1955 4510 etmortalitate’",
1976 4442 2136 4497 Dom-

547 4549 652 4591 nus
675 4534 1012 4607 Sigebertus,
1043 4535 1369 4591 venerabilis
1391 4535 1696 4591 monachus
1719 4534 2132 4590 Gemblacensis

2153 2227 2203 2292 B
2227 2227 2485 2294 cmnobii,
2526 2228 2611 2283 vir
2642 2229 2698 2283 in
2727 2229 2880 2284 omni
2903 2231 3129 2288 scientia
3177 2233 3484 2288 litterarum
3533 2234 3834 2306 incompa-

2227 2320 2415 2376 rabilis
2456 2320 2680 2392 ingenii,
2731 2321 3036 2394 descriptor
3065 2325 3476 2394 precedentlum
3500 2326 3555 2380 in
3601 2327 3714 2382 hoc
3772 2327 3835 2384 lio

2225 2414 2327 2470 hro
2353 2423 2680 2486 temporum,
2718 2415 2772 2470 5.
2797 2413 2937 2471 Non.
2959 2414 3213 2473 Octobris
3239 2418 3393 2483 obiit,
3429 2427 3482 2474 et
3510 2419 3674 2474 nobis
3701 2433 3838 2490 per-

2227 2514 2453 2580 petuum
2483 2521 2754 2562 mererem
2783 2508 3046 2564 absentia
3073 2525 3188 2565 sum
3219 2509 3532 2581 reliquit'".

2338 2597 2495 2654 1H5.
2573 2598 2622 2654 7.
2651 2599 2751 2672 (8.)
2826 2601 2881 2656 4.
2925 2600 3028 2672 (5.)
3103 2601 3191 2667 ιδ,
3240 2602 3378 2674 (η.)
3455 2602 3727 2674 tam.)

2300 2690 2547 2746 Domnus
2579 2692 2750 2746 abbas
2777 2690 3067 2748 Lietardus
3108 2692 3163 2748 2.
3189 2691 3329 2749 Non.
3355 2693 3640 2750 Februarii
3663 2695 3837 2766 obit;

2230 2784 2320 2842 cui
2351 2783 2645 2842 Anselmus
2685 2795 2880 2840 octavo
2907 2785 3033 2842 loco
3063 2785 3117 2840 in
3152 2785 3529 2842 Gemblacensi
3561 2787 3841 2842 cienohio

2231 2876 2568 2934 succedit’“.
2601 2875 2757 2932 Feria
2792 2878 2844 2932 5.
2883 2876 3238 2932 hebdomadas
3262 2877 3561 2948 paschalis,
3611 2877 3666 2931 6.
3696 2877 3841 2933 Idus

2229 2969 2453 3039 Aprilis,
2485 2967 2881 3023 monasterium
2911 2966 3150 3022 Prumia:
3179 2977 3452 3023 crematur
3485 2983 3613 3024 cum
3652 2967 3842 3022 cilici-

2230 3061 2317 3116 nis
2366 3061 2503 3124 suis,
2536 3061 2798 3114 thesauro
2851 3068 2905 3114 et
2945 3058 3293 3114 bibliotheca
3307 3059 3567 3114 aecclesiae
3603 3074 3710 3128 per
3737 3057 3842 3113 Dei

2230 3152 2626 3222 providentiam
2654 3150 2982 3206 durantibus
3008 3150 3178 3206 illesis
3203 3150 3292 3204 ³⁸⁸.
3330 3149 3390 3204 In
3419 3165 3558 3221 pago
3582 3149 3845 3205 Bracba-r

2231 3243 2373 3298 tensi
2396 3244 2449 3299 9.
2480 3241 2599 3296 Kal.
2630 3241 2754 3296 Maii
2777 3242 2922 3297 circa
2951 3240 3260 3297 Tornacum
3293 3241 3386 3296 nix
3415 3249 3564 3296 tanta
3597 3242 3841 3307 cecidit,

2235 3337 2482 3393 utetiam
2508 3335 2674 3392 silvas
2721 3334 2963 3406 fregerit.
3009 3334 3194 3391 Mense
3233 3334 3479 3407 Augusto
3520 3334 3846 3391 Balduinus

2233 3447 2328 3487 rex
2353 3429 2694 3485 Jberusalem
2725 3445 2849 3484 cum
2875 3427 3104 3500 Rogem'
3121 3427 3428 3502 Antiochia:
3448 3427 3652 3484 comite
3689 3445 3847 3485 con-

2235 3531 2318 3578 tra
2373 3519 2585 3575 Turcos
2611 3519 2778 3574 vadit.
2816 3517 2920 3574 Sed
2957 3535 3082 3575 cum
3121 3517 3368 3589 Rogerus
3412 3533 3538 3574 cum
3577 3518 3847 3574 exercitu

2235 3626 2339 3669 suo
2393 3611 2550 3681 juxta
2599 3609 2874 3680 quendam
2927 3607 3155 3664 fluvium
3196 3608 3512 3676 resedisset,
3543 3623 3643 3663 rex
3701 3625 3847 3664 curn

2235 3705 2350 3760 suis
2394 3702 2681 3774 processit,
2743 3711 2802 3758 ut
2825 3701 3116 3757 adventum
3146 3700 3451 3756 Turcorum
3489 3701 3847 3772 exploraret.

2237 3795 2576 3861 Turci_vero
2622 3802 2864 3851 montem
2927 3793 3200 3864 quendam
3276 3801 3708 3864 occupaverant,
3787 3795 3850 3850 in

2236 3905 2348 3962 quo
2372 3889 2602 3945 insidias
2646 3903 2744 3960 per
2785 3896 3022 3957 quatuor
3059 3888 3178 3943 loca
3216 3886 3642 3953 collocaverant,
3677 3895 3746 3942 et
3790 3887 3850 3941 in

2237 3982 2471 4054 singulis
2502 3980 2718 4037 insidiis
2750 3989 3010 4050 quattuor
3044 3978 3193 4034 milia
3229 3977 3475 4050 equitum
3523 3978 3849 4049 deputave-

2234 4083 2390 4142 rant;
2420 4090 2452 4129 a
2481 4072 2686 4144 quibus
2731 4087 2798 4128 ex
2840 4073 3119 4143 insperato
3162 4059 3258 4127 rex
3299 4070 3545 4141 undique
3587 4071 3852 4126 interce-

2232 4172 2380 4236 ptus,
2403 4164 2552 4221 mille
2572 4163 2886 4236 quingentis
2911 4178 3142 4218 suorum
3167 4161 3491 4228 interfectis,
3521 4161 3852 4216 miserabili

2233 4257 2362 4330 fuga
2388 4264 2474 4312 est
2515 4255 2802 4311 liberatus.
2840 4255 3175 4310 Ascalonita:
3205 4261 3602 4326 cognoscentes
3631 4254 3856 4309 abesse

2232 4365 2412 4422 regem
2427 4348 2774 4416 Balduinum,
2786 4365 2910 4404 cum
2933 4349 3083 4420 gravi
3099 4343 3854 4404 multitudine.Jherusalem

2240 4443 2495 4499 assiliunt
2519 4459 2533 4516 ;
2563 4441 2658 4496 sed
2699 4456 2810 4495 non
2835 4440 3177 4510 prevalentes
3216 4447 3408 4494 contra
3439 4453 3584 4503 eam,
3611 4448 3856 4509 partem

2238 4535 2500 4591 mcclesiae
2529 4526 2704 4588 sancti
2736 4531 3018 4605 Stephani,
3060 4539 3214 4587 extra
3246 4530 3520 4587 civitatem
3551 4530 3653 4585 ubi
3694 4530 3860 4602 lapi-

1848 4671 1932 4726 VA
1941 4670 2080 4727 ΒΙΑΞ
2119 4669 2522 4728 LECTIONES.

618 4807 688 4840 ’⁸⁷
715 4805 817 4862 Hic
834 4806 1027 4861 desinit
1047 4807 1102 4862 in
1128 4807 1179 4862 1.
1203 4807 1261 4860 in
1287 4807 1463 4861 media
1493 4805 1690 4876 pagina
1719 4821 1929 4876 manus,
1955 4822 2072 4876 qua:
2092 4806 2337 4875 proxime
2364 4805 2730 4876 antecedentia
2761 4805 2884 4858 inde
2903 4822 2935 4862 a
2966 4803 3108 4876 Quid
3138 4803 3219 4858 vel
3233 4802 3512 4874 quomodo
3533 4804 3863 4876 scripserat

548 4879 748 4934 omnia.
782 4876 957 4960 N‘ullo.
978 4873 1502 4960 spationintermisso
1528 4873 1608 4928 his
1625 4876 1819 4960 statim
1848 4873 2102 4960 adjungit‘
2129 4886 2431 4960 sequentem
2465 4893 2662 4957 annum
2694 4873 2805 4929 Deo
2849 4875 3106 4960 peccatis,
3138 4873 3467 4960 etclmanus
3499 4873 3667 4956 paulo
3699 4877 3862 4944 alia,

548 4965 665 5020 quae
693 4957 769 5020 est
796 4944 1053 5020 Anselm'i.
1077 4947 1286 5020 Reliqui
1315 4963 1518 5020 quoque
1541 4946 1744 5000 codices
1771 4944 1948 5020 omnes
1982 4944 2103 5020 hinc
2122 4944 2210 5000 ita
2232 4947 2476 5020 exhibent
2505 4946 2816 5020 conjuncta;
2842 4955 2891 5000 et
2922 4945 3011 5016 qui
3040 4944 3277 5020 Anselm‘i
3308 4945 3722 5020 continuatione
3757 4965 3866 5000 ca—

548 5016 686 5101 rent,
708 5017 806 5075 Ci.
835 5018 912 5074 2'.
946 5019 1002 5074 5.
1027 5016 1575 5101 ξ’..ὕςῡηᾶεδὶὴιιηζ
1599 5018 1860 5101 tamenim
1873 5025 2049 5101 morte
2065 5017 2288 5101 demunt
2309 5016 2586 5101 Sigeberti.
2621 5018 2707 5087 Cf.
2733 5033 3044 5101 qure‘supra
3081 5016 3380 5101 monuimus
3410 5017 3468 5099 in
3485 5017 3863 5101 prtefatione.

552 5091 904 5169 “finumeros
948 5090 1156 5169 uncinis
1180 5087 1437 5169 inclusos
1491 5088 1664 5169 primo
1699 5087 1884 5169 halmit
1918 5087 2215 5169 Anselmus.
2249 5086 2465 5169 Sed
2513 5105 2602 5169 eos
2640 5086 2889 5169 cerrexit,
2917 5097 2976 5141 ut
3006 5103 3102 5169 nos
3130 5086 3404 5169 dedimus;
3449 5087 3591 5169 idem
3636 5087 3867 5144 habent

550 5161 739 5234 reliqui
760 5170 954 5232 printer
974 5159 1220 5214 Alnensis
1245 5168 1295 5213 et
1320 5155 1697 5282 Bl’i'quiusgne
1718 5158 1787 5210 ad
1810 5174 2007 5212 annum
2034 5159 2191 5214 H29.
2217 5176 2335 5212 cum
2363 5158 2611 5212 Anselmo
2642 5159 2794 5227 facit,
2822 5168 2978 5228 atque
3000 5159 3056 5211 in
3078 5158 3231 5211 annis
3260 5155 3459 5211 Christi
3490 5173 3594 5209 uno
3624 5174 3871 5229 semper

550 5249 644 5286 nos
675 5232 974 5295 antecedit;
1010 5231 1100 5284 sed
1142 5229 1262 5284 inde
1304 5229 1368 5282 ab
1396 5247 1447 5283 a.
1495 5229 1597 5282 M2
1639 5269 1652 5282 .
1710 5229 1982 5282 nobiscum
2024 5229 2176 5298 facit.
2223 5231 2292 5261 ’⁸⁸
2317 5239 2592 5284 crematur
2642 5231 2691 5282 1.
2729 5246 2756 5283 e
2785 5237 3108 5282 correctura.
3154 5227 3585 5298 Multa—Liarsit
3632 5228 3866 5285 desunt

548 5249 644 5286 nos
664 5231 974 5295 antecedit;
1010 5231 1100 5284 sed
1142 5231 1262 5284 inde
1304 5231 1368 5282 ab
1396 5247 1447 5283 a.
1495 5231 1652 5282 M29.
1710 5231 1982 5282 nobiscum
2024 5231 2176 5298 facit.
2223 5231 2292 5261 ’⁸⁸
2317 5239 2592 5284 crematur
2642 5231 2691 5282 1.
2729 5246 2756 5283 e
2785 5237 3108 5282 correctura.
3154 5231 3418 5283 Multa—L
3446 5231 3585 5282 arsit
3632 5231 3863 5285 desunt

549 5303 615 5382 1).
641 5303 710 5382 "_°
751 5301 1096 5382 comburitur
1208 5315 1236 5354 e
1261 5315 1399 5382 corr.
1473 5299 1540 5382 f"
1701 5315 1890 5382 nouum
1924 5316 2140 5382 .annum
2176 5299 2282 5352 VII.
2309 5299 2397 5354 1V.
2425 5299 2561 5354 Xlll.
2600 5299 2738 5354 XIII.
2787 5300 3402 5382 inscriptumAin'cipiun‘t
3731 5302 3863 5382 μμ.

549 5374 628 5460 2*
671 5374 723 5428 ⁵·
758 5369 2858 5460 4;.D:.E:,._1_rEleazaruslicuisset;stertentem"Pessime:
2891 5368 2982 5460 ’ξεί
3006 5371 3062 5460 ξιξ
3088 5368 3299 5452 eam“
3334 5369 3539 5460 "-_"'_-
3573 5369 3704 5460 -".'.
3726 5370 3871 5460 E29-

549 5459 760 5514 cusque
787 5441 1098 5513 Sigebertns
1124 5441 1403 5498 cronicam
1441 5457 1600 5496 suam
1625 5442 1881 5512 perduxit
1903 5441 2122 5494 Addunt
2154 5439 2248 5494 85'
2274 5439 2522 5503 'Alnensis
2578 5442 2647 5472 ⁸³³
2669 5443 2747 5496 ita
2776 5441 2841 5496 A.
2873 5441 2982 5495 aln.
3008 5450 3062 5495 et
3083 5441 3200 5496 suis
3223 5457 3276 5510 p.
3314 5457 3387 5495 m.
3419 5455 3468 5493 a.
3501 5455 3548 5494 ε.
3573 5452 3622 5492 r.
3652 5439 3871 5512 34".,

551 5524 674 5567 ets.
712 5521 1030 5582 perpetuam
1057 5512 1382 5566 memoriam
1407 5513 1493 5567 sui
1516 5512 1737 5581 reliquit
1761 5511 1904 5577 Β4·.,
1936 5521 1989 5566 et
2017 5529 2062 5567 s.
2098 5511 2480 5582 gravissimum
2517 5528 2591 5567 m.
2627 5529 2678 5566 a.
2704 5529 2750 5568 s.
2796 5529 2842 5566 r.
2875 5511 2971 5566 BI.
3008 5511 3060 5565 5.
3087 5510 3200 5582 ΫΟΙ.
3235 5511 3313 5564 2°.
3339 5511 3392 5564 ὅ.
3423 5510 3478 5582 5.
3513 5508 3599 5562 1)..
3632 5511 3870 5568 desunt

551 5528 605 5567 et
629 5530 674 5567 s.
750 5528 1030 5582 erpetuam
1057 5528 1382 5566 memoriam
1407 5528 1493 5567 sui
1516 5528 1737 5581 I‘Cllqml.
1763 5528 1904 5577 mu,
1936 5528 1989 5566 et
2017 5529 2062 5567 s.
2098 5528 2480 5582 graviss:mum
2517 5528 2591 5567 m.
2627 5529 2678 5566 a.
2704 5529 2750 5568 s.
2796 5529 2842 5566 r.
2877 5528 2971 5566 bl.
3008 5528 3060 5565 θ.
3103 5528 3200 5565 ω.
3235 5528 3313 5564 2'.
3340 5528 3392 5564 ο.
3423 5528 3477 5564 a.
3513 5528 3599 5562 υ..
3632 5528 3869 5568 aesunt

551 5581 673 5654 (Ἆρ’.
704 5530 771 5636 fu
800 5583 848 5637 1.
876 5599 1046 5636 annus
1071 5584 1273 5654 integer
1306 5599 1412 5636 una
1441 5598 1602 5636 manu
1625 5599 1828 5654 unoque
1859 5583 2066 5636 calamo
2088 5592 2362 5654 exoratus,
2391 5584 2548 5638 desiit
2569 5584 2739 5652 primo
2765 5584 2822 5636 in
2852 5599 2971 5636 voce
3007 5581 3163 5654 obiit,
3202 5597 3364 5652 neque
3393 5581 3684 5654 quicquam
3723 5592 3869 5653 post

551 5653 687 5735 harae
714 5670 926 5735 erasum
947 5662 1143 5735 est_;_a_t
1169 5651 1283 5708 alia
1318 5669 1513 5735 manus
1529 5651 1866 5735 postmodum
1893 5655 2135 5735 adjecit;
2157 5652 2260 5735 Qui
2291 5654 2458 5735 etiam
2502 5651 2703 5735 librum
2757 5654 3052 5735 illustrium
3092 5651 3336 5735 virorum
3378 5661 3432 5735 et
3466 5651 3639 5732 multa
3671 5651 3871 5735 utilia

552 5721 818 5807 doctrinae
849 5739 963 5807 sua;
989 5733 1042 5807 et
1070 5724 1336 5807 librorum
1362 5721 1706 5807 monimenta
1733 5725 1892 5807 nobis
1912 5721 2162 5807 Areliquit.
2192 5724 2342 5807 idem
2369 5721 2560 5807 habent
2595 5724 2776 5807 85"“
2807 5723 2930 5807 Ain.
2969 5721 3066 5807 Fil.
3092 5724 3146 5777 2.
3181 5722 3514 5807 Aliost/Artes
3544 5721 3621 5807 in.
3645 5725 3870 5807 θεαί-(ξε

553 5792 606 5846 1.
637 5792 784 5846 nullo
813 5795 984 5863 spatio
1016 5795 1312 5865 interjecto,
1357 5795 1412 5848 in
1438 5795 1621 5849 eadem
1647 5796 1844 5866 pagina
1873 5791 2060 5848 statim
2081 5796 2248 5866 pergit
2279 5795 2594 5859 Anselmus;
2625 5795 2714 5848 sed
2749 5813 2809 5850 ea
2832 5795 3021 5850 desunt
3049 5795 3226 5847 omnia
3247 5792 3343 5848 Ci.
3375 5792 3452 5846 2‘.
3478 5792 3535 5859 5,
3562 5791 3642 5846 4ο.
3682 5793 3756 5850 5.
3789 5796 3868 5853 ι).

551 5862 624 5898 ³³⁸
647 5862 893 5920 Domnus
916 5897 987 5907 —
1006 5866 1251 5924 succedit
1278 5867 1465 5922 desunt
1494 5865 1594 5920 135'
1623 5876 1670 5920 et
1695 5866 1818 5920 Aln.
1845 5866 1914 5899 ”'
1946 5865 2113 5930 Feria
2138 5895 2208 5905 —
2238 5865 2411 5923 illesis
2431 5865 2618 5920 desunt
2641 5864 2738 5921 BS.
