3914 6314
120 291 224 355 ΞΗ,

773 269 776 271 ’
857 287 1226 344 ΟΗΒΟΝΙΟΛ.
1262 242 1332 329 έ-
1369 242 1674 342 Aivsemu
1711 240 2057 344 unusne.
2097 286 2582 343 communio.

3248 269 3356 328 242

118 403 266 455 datus
310 409 400 456 est
433 402 582 467 sita,
628 401 874 466 diruunt,
931 409 1140 470 segetes
1171 400 1496 468 incendunt,
1532 410 1586 456 et
1616 401 1691 454 ita
1719 405 1767 463 Α
1791 401 1893 467 dit,
1916 400 2401 470 aliasclementior,
2425 402 2560 459 alias
2581 402 2840 468 validior;
2873 402 3010 458 adeo
3036 411 3096 458 ut
3124 397 3368 456 ίῐυπηη·

118 491 411 545 izirmcaces
445 492 696 547 redeunt.
745 490 911 545 Turci
941 491 1250 546 cmttobium
1297 491 1691 546 monachorum

122 583 171 636 iu
200 588 383 636 monte
427 580 656 637 Thabor
685 583 852 636 situm
891 581 1136 637 funditus
1171 591 1440 649 evertunt,
1464 590 1538 648 et,
1575 597 1692 637 mo-

122 671 293 727 dachis
327 687 463 726 cum
490 672 720 744 reliquis
742 674 997 728 omnibus
1025 671 1350 738 interfectis,
1375 673 1559 728 omnia
1587 673 1691 728 sibi

121 762 382 834 Iri-ipiunt.
416 763 540 820 Rex
563 765 904 822 Jherusalem
951 765 1252 822 Balduinus
1274 781 1501 822 uxorem
1541 765 1694 820 ducit

112 857 343 913 relictam
361 855 573 928 Rogeri
586 857 741 914 ducis
756 856 953 912 Siciliae
964 858 1133 928 (548).
1145 858 1300 928 Apud
1313 856 1626 912 Ravennam
1640 865 1694 910 et

118 947 361 1002 Parmam
409 949 670 1006 civitates
724 949 891 1005 Italia:
927 950 982 1004 in
1004 950 1150 1020 agris
1199 959 1255 1005 ct
1309 948 1448 1004 infra
1493 949 1722 1004 moenia.

118 1034 325 1106 sanguis
357 1033 530 1105 pluit,
560 1035 723 1092 Iunio
750 1036 1030 1092 mensem.

232 1125 396 1182 ms.
475 1126 546 1183 tt.
577 1127 631 1184 8.
667 1127 768 1201 (9.)
844 1127 904 1182 F.
936 1128 990 1182 5.
1031 1127 1132 1199 (6.)
1207 1127 1273 1181 A.
1305 1128 1391 1182 ιι.
1419 1126 1555 1196 05.)

707 1221 794 1292 εΗ.
823 1222 910 1277 η.
942 1222 1079 1293 (νς.)

175 1313 471 1372 Heinrieus
512 1313 810 1386 imperator
827 1329 952 1370 eum
980 1327 1178 1385 magna
1207 1312 1533 1383 optimatum
1564 1326 1692 1367 suo-

115 1422 220 1461 rum
245 1415 301 1482 et
322 1405 506 1461 totius
538 1406 693 1477 regni
725 1405 898 1476 gloria
919 1405 1098 1461 natale
1136 1403 1354 1459 Domini
1377 1402 1524 1473 (549)
1546 1402 1690 1458 cele-

115 1507 221 1553 nrat
244 1495 577 1567 Moguntiaa,
627 1497 810 1568 ibique
838 1512 1064 1553 uxorem
1090 1496 1241 1554 ducit
1280 1494 1447 1551 filiam
1474 1493 1692 1551 Henrici

114 1589 241 1660 regis
267 1587 659 1659 Anglorum'"
694 1588 866 1659 (550).

209 1680 369 1735 1115.
453 1678 686 1750 9.00).
755 1677 808 1734 6.
851 1676 954 1750 (7.)
1029 1677 1285 1750 15.(16.)
1357 1678 1445 1734 ιε.
1473 1676 1609 1750 06.)

1793 493 1918 548 dam
1946 493 2162 548 urbium
2192 503 2372 564 partes
2400 509 2524 550 cum
2547 494 2809 550 ecclesiis
2826 495 3105 550 subruisse
3125 495 3357 549 dicatur.

1795 583 1946 638 Mosa
1985 585 2150 638 etiam
2203 584 2402 642 fluvius
2457 585 2612 656 juxta
2662 585 2934 640 abbatiam
2991 601 3114 656 quae
3161 585 3362 640 dicitur

1795 672 2038 740 Sustula,
2062 675 2220 746 quasi
2250 677 2490 747 pendens
2516 676 2570 731 in
2603 691 2750 743 aere,
2797 676 3026 732 fundum
3065 692 3226 732 suum
3277 676 3361 728 vi-

1792 784 1888 823 sus
1909 780 1992 825 est
2013 770 2412 826 deseruisse’”.
2445 771 2561 828 Hoc
2589 772 3258 844 quoque-annoLeodium
3282 774 3363 826 ci-

1793 861 1932 917 vitas
1970 862 2376 933 multisplagis
2422 865 2607 920 attrita
2643 872 2745 920 est.
2795 863 2980 919 Mense
3002 865 3146 919 enim
3192 862 3356 929 Maio,

1794 957 1954 1002 nocte
1977 948 2308 1003 inventionis
2333 958 2538 1005 sanctae
2569 951 2772 1018 crucis,
2797 965 2919 1020 qua:
2945 959 3074 1005 tunc
3117 958 3234 1005 erat
3282 951 3362 1002 vi-

1792 1041 1920 1112 gilia
1951 1041 2313 1108 ascensionis,
2341 1042 2470 1098 dum
2496 1042 2552 1096 in
2591 1043 2788 1113 majori
2815 1043 3060 1099 aecclesia
3106 1057 3362 1112 vesperos

1792 1131 2086 1197 celebrant,
2123 1140 2179 1188 et
2200 1132 2352 1186 illum
2400 1133 2595 1204 psalmi
2643 1132 2976 1188 versiculum
3034 1131 3166 1197 Quis
3219 1131 3359 1185 sicut

1791 1222 2035 1278 dominus
2057 1222 2197 1278 Deus
2227 1233 2403 1277 noster
2437 1231 2678 1292 cantant,
2725 1223 2908 1279 subito
2934 1222 3208 1277 tonithrus
3235 1236 3360 1276 cum

1791 1323 2088 1371 terremotu
2111 1331 2302 1371 omnes
2329 1315 2396 1371 ad
2413 1324 2613 1371 terram
2639 1316 2850 1384 stravit,
2875 1319 2930 1371 et
2958 1315 3162 1371 fulmen
3186 1330 3218 1370 a
3246 1315 3362 1370 leva

1791 1410 1978 1480 templi
2027 1409 2334 1480 ingressum
2385 1426 2494 1466 non
2541 1411 2782 1468 modicas
2832 1420 3048 1468 crustas
3083 1409 3151 1466 de
3201 1426 3362 1464 muro

1792 1499 1896 1556 hac
1920 1500 2048 1556 illac
2069 1500 2314 1570 disiecit;
2354 1501 2549 1556 deinde
2574 1501 2770 1556 turrim
2795 1501 3128 1575 ingrediens,
3162 1501 3363 1556 multas

1791 1590 2030 1646 trabium
2057 1599 2242 1662 partes
2267 1589 2484 1646 diffidit.
2526 1592 2864 1648 Subsecutus
2913 1600 2998 1648 est
3030 1591 3191 1648 foster
3228 1593 3366 1646 into-

1792 1683 2056 1750 lerabilis,
2086 1683 2223 1740 adeo
2247 1693 2307 1739 ut
2334 1684 2507 1739 multo
2535 1693 2839 1740 aromatum
2866 1684 3032 1740 odore
3059 1683 3149 1738 vix
3174 1694 3365 1753 potuc-

177 1773 353 1828 .dibus
390 1770 726 1828 Novembris
771 1772 828 1826 in
880 1771 1145 1828 suburbio
1197 1770 1499 1826 Antiochiae
1546 1779 1689 1826 terra
1721 1773 1768 1834 Β
1793 1775 1866 1829 rit
1900 1775 2116 1844 expelli.
2145 1773 2275 1832 Item
2297 1773 2460 1829 Junio
2482 1790 2689 1842 mense,
2711 1775 2760 1828 7.
2791 1773 3102 1844 ldusipsius
3131 1774 3360 1851 mensis,

117 1876 258 1920 noctu
288 1865 615 1931 dehiscens,
641 1872 822 1920 turres
856 1864 1063 1921 multas
1110 1871 1166 1918 et
1217 1862 1534 1932 adjacean
1580 1862 1683 1918 do—

116 1969 220 2009 mos
239 1970 366 2009 cum
417 1956 830 2013 habitatoribus
879 1955 1182 2013 absorbuit.
1223 1953 1456 2022 Quidam
1480 1962 1685 2020 autem,

118 2055 167 2100 ut
186 2055 262 2101 est
294 2045 434 2102 illud
462 2047 756 2103 hominum
791 2063 998 2120 genus,
1040 2061 1164 2102 cum
1187 2061 1359 2101 uxore
1395 2053 1450 2102 et
1472 2045 1600 2101 filiis
1621 2044 1688 2100 de

115 2138 234 2193 locis
285 2138 395 2195 illis
463 2138 832 2210 migraverat;
889 2138 985 2195 sed
1034 2139 1088 2194 in
1126 2137 1402 2193 redeundo
1446 2136 1684 2207 positum

120 2227 242 2282 idem
331 2238 691 2286 terremotus
773 2229 1058 2286 absorbuit
1105 2229 1163 2285 in
1219 2229 1342 2284 loco
1405 2243 1517 2298 quo
1569 2235 1689 2282 erat

119 2319 226 2380 (An.
259 2319 445 2388 me).
481 2319 755 2376 Henricus
792 2321 1107 2391 imperator,
1151 2321 1284 2377 dum
1330 2319 1593 2390 quicquid
1622 2319 1689 2375 li-

122 2413 196 2465 bet
219 2411 378 2468 licere
403 2414 648 2483 putavit,
673 2425 900 2484 magnas
929 2429 1088 2484 regni
1121 2428 1259 2484 pene
1292 2413 1462 2468 totius
1499 2410 1685 2466 inimi-

121 2503 258 2558 citias
297 2488 667 2575 comparavit.
692 2504 906 2562 Etenim
947 2505 1075 2574 quia
1125 2504 1504 2575 superioribus
1525 2502 1689 2558 annis

125 2591 376 2648 Albertum
408 2593 806 2670 caneeliarium
837 2603 888 2649 et
913 2593 1052 2649 alios
1073 2593 1338 2665 quosdam
1361 2592 1516 2664 regni
1537 2593 1689 2666 prin-

123 2683 250 2753 cipes
269 2685 542 2742 insidiose
570 2695 808 2757 ceperat,
838 2697 893 2741 et
928 2685 1049 2741 sine
1091 2684 1372 2741 audientis
1399 2693 1454 2738 et
1476 2683 1687 2754 judicio

122 2776 356 2831 custodiat
403 2777 842 2846 mancipaverat,
916 2775 1041 2832 aliis
1101 2774 1304 2832 similia
1368 2774 1688 2829 timentibus

124 2875 385 2945 suspectus
412 2876 566 2926 erat.
597 2867 756 2924 Unda
796 2869 962 2924 etiam
993 2866 1307 2922 Fridericus
1340 2864 1688 2922 Coloniensis

127 2958 553 3030 archiepiscopus
610 2961 680 3015 ab
706 2975 774 3016 eo
829 2973 1059 3016 aversus
1081 2958 1254 3028 (551),
1309 2958 1439 3013 tot-is
1477 2956 1688 3012 viribus

129 3045 409 3118 insequitur
445 3065 573 3106 cum
622 3058 678 3104 et
700 3047 943 3105 fautores
979 3047 1129 3119 ejus;
1165 3046 1364 3117 oppida
1385 3055 1439 3100 et
1466 3047 1689 3102 castella

1789 1867 1938 1923 circa
1967 1868 2164 1923 horam
2201 1883 2427 1932 nonam,
2465 1866 2638 1922 nubes
2668 1866 2865 1936 pluvia:
2901 1867 3083 1922 subito
3124 1874 3300 1936 rapta,
3332 1880 3363 1919 a

1789 1966 1975 2014 monte
2003 1957 2098 2029 qui
2128 1958 2327 2014 dicitur
2372 1956 2618 2023 Roberti,
2662 1956 2962 2027 subjectam
2999 1956 3104 2012 sibi
3145 1966 3354 2026 partem

1787 2049 2023 2106 civitatis
2060 2050 2276 2120 penitus
2305 2064 2622 2120 oppressam
2663 2048 3070 2118 pessumdedit;
3124 2047 3261 2102 adeo
3305 2056 3366 2102 ut

1788 2143 1991 2199 multas
2013 2126 2205 2199 domos
2225 2141 2484 2206 dirueret,
2508 2148 2562 2195 et
2590 2141 2914 2195 immensam
2939 2155 3214 2195 annonam
3238 2155 3361 2210 per-

1787 2235 1960 2302 deret,
1988 2242 2043 2289 et
2081 2243 2312 2288 matrem
2354 2233 2494 2288 duos
2523 2231 2760 2287 infantes
2787 2231 3116 2287 altrinsecus
3146 2231 3204 2286 in
3234 2231 3362 2286 bra-

1789 2325 1928 2382 chiis
1964 2324 2270 2397 amplexam
2301 2333 2539 2391 necaret,
2580 2331 2635 2379 et
2677 2323 2815 2379 alios
2845 2331 2970 2378 octo
2999 2321 3250 2378 homines
3273 2323 3362 2379 di-

1788 2418 1962 2474 versis
2014 2418 2071 2474 in
2115 2417 2253 2473 locis
2312 2416 2662 2486 opprimeret.
2734 2412 3087 2470 Pulsantibus
3123 2413 3366 2485 vesperis

1789 2508 2040 2575 sabbato,
2090 2507 2339 2578 quaedam
2387 2505 2588 2560 femina
2628 2514 2792 2575 caput
2829 2505 2960 2560 dum
2993 2505 3141 2560 lavat
3167 2519 3362 2575 puero,

1788 2615 1986 2655 manus
2005 2600 2203 2654 rubent
2231 2596 2498 2668 sanguine
2523 2595 2784 2651 fluido'”.
2813 2594 3069 2652 Kalendis
3088 2593 3364 2664 etiamdu-

1788 2691 1849 2747 lii
1873 2691 2020 2747 circa
2043 2691 2236 2744 horam
2259 2688 2313 2742 6.
2343 2687 2505 2742 turbo
2539 2686 2706 2742 nimis
2739 2686 3034 2742 vehemens
3072 2693 3128 2740 et
3163 2684 3366 2740 obscu-

1788 2796 1886 2838 rus
1913 2780 2185 2836 civitatem
2224 2778 2460 2849 operuit,
2503 2786 2558 2832 et
2609 2777 2783 2832 nubes
2817 2793 2884 2832 ex
2914 2775 3148 2848 abrupto
3189 2775 3364 2831 scissa

1789 2872 1863 2927 ita
1891 2887 2053 2928 omne
2082 2879 2282 2926 tectum
2306 2869 2532 2940 majoris
2559 2868 2818 2925 tecclesia:
2839 2868 3057 2936 devicit,
3091 2878 3151 2923 ut
3175 2877 3230 2924 et
3253 2868 3360 2922 im-

1789 2963 1979 3019 bribus
2025 2970 2254 3034 pateret,
2288 2971 2342 3016 et
2377 2969 2551 3016 totum
2573 2961 2947 3032 pavimentum
2984 2957 3358 3031 perfunderet.

1790 3051 1920 3108 Ilico
1935 3051 2138 3108 fulmen
2171 3068 2200 3106 a
2223 3059 2378 3122 parte
2404 3050 2703 3122 aquilonali
2729 3049 3059 3121 ingrediens,
3087 3049 3362 3120 quendam

129 3150 292 3195 contra
317 3157 376 3197 se
403 3142 591 3212 posita
617 3142 918 3214 impugnat,
953 3150 1007 3196 et
1033 3140 1217 3196 omnia
1248 3140 1314 3194 ad
1344 3156 1469 3196 eum
1517 3141 1686 3211 perti-
1715 3133 1762 3194 C
1793 3146 2049 3200 clericum
2073 3153 2218 3199 retro
2239 3144 2411 3200 altare
2453 3150 2772 3199 sanctorum
2795 3141 3008 3215 cosma:
3035 3150 3090 3196 et
3111 3140 3362 3195 Damiani

129 3230 285 3288 nentia
312 3231 467 3288 ferro
494 3241 553 3290 et
577 3233 690 3305 igni
723 3243 916 3289 vastat.
944 3231 1214 3288 Henricus
1243 3232 1538 3302 imperator
1559 3246 1686 3300 pra-

129 3322 323 3381 miserat
354 3325 541 3396 Aquis
567 3341 626 3380 se
663 3326 864 3396 pascha
887 3325 1323 3392 celebraturum;
1354 3323 1584 3394 ideoque
1604 3323 1688 3376 in-

134 3425 200 3471 ter
211 3419 334 3475 alios
357 3420 821 3492 regni.principes
831 3420 1070 3476 domnus
1093 3418 1354 3474 Otbertus
1383 3416 1683 3473 Leodicen-

134 3508 197 3564 tis
233 3513 524 3583 episcopus
597 3512 673 3569 ibi
740 3511 1145 3582 prestolabatur
1203 3511 1326 3580 ejus
1366 3509 1680 3566 adventum.

138 3594 264 3654 Unus
290 3601 460 3671 igitur
483 3615 698 3668 eorum,
744 3600 1010 3657 Arnulfus
1050 3601 1118 3658 de
1143 3601 1348 3668 Arslot,
1397 3601 1527 3674 dum
1568 3615 1686 3656 ma-

137 3702 220 3745 nus
254 3705 378 3748 suas
429 3692 782 3761 confricaret,
846 3709 1046 3766 magno
1097 3693 1346 3749 omnium
1394 3691 1681 3756 miraculo,

139 3779 236 3835 sine
259 3782 444 3854 aliqua
466 3783 713 3840 vulneris
734 3793 830 3840 aut
869 3784 1069 3840 ulceris
1093 3783 1334 3851 laesione,
1363 3783 1588 3854 sanguis
1615 3782 1685 3838 ab

135 3870 233 3939 ejus
251 3874 622 3947 digitis'iluere
643 3877 794 3933 visus
818 3885 922 3934 est.
939 3875 1074 3945 Quae
1091 3892 1202 3944 res,
1227 3877 1326 3946 pro
1349 3891 1549 3948 magno
1564 3890 1686 3945 por-

137 3970 260 4018 tento
287 3965 496 4035 habita,
537 3968 877 4039 significabat
900 3969 1124 4024 humani
1153 3967 1438 4040 sanguinis
1463 3966 1686 4022 effusio-

138 4067 238 4109 nem
265 4073 357 4127 pro
383 4059 616 4130 indigna
655 4059 810 4132 regni
831 4068 888 4115 et
913 4060 1220 4130 principum
1245 4059 1609 4117 discordiam.

221 4146 364 4205 1116.
469 4151 729 4222 10.01.)
825 4151 982 4225 7(8.)
1077 4151 1144 4208 16
1175 4151 1311 4223 07.)
1397 4150 1650 4225 4.6.07.)

195 4236 470 4301 Heinricus
504 4245 801 4318 imperator
843 4246 902 4301 in
944 4245 1155 4305 Italiam
1223 4248 1429 4304 secedit
1463 4257 1684 4320 propter

140 4343 328 4400 asperos
347 4344 539 4393 motus
569 4337 744 4409 regni,
779 4347 835 4394 et
870 4337 1106 4394 maxime
1134 4349 1356 4411 propter
1394 4341 1684 4397 marchisat

139 4417 401 4483 Malthildis
432 4435 680 4500 cognatae
717 4443 852 4495 suae,
881 4443 1006 4500 qua:
1029 4443 1222 4484 recens
1255 4429 1465 4486 obierat
1503 4429 1680 4501 (352),

1793 3234 1848 3288 in
1896 3234 2103 3303 pulpito
2150 3233 2440 3304 legentem,
2486 3241 2544 3288 et
2592 3231 2823 3288 alterum
2873 3239 3000 3288 ante
3035 3231 3360 3287 cruciﬁxum

1790 3334 2057 3392 orantem,
2113 3325 2332 3379 tertium
2381 3325 2450 3380 de
2494 3324 2784 3394 scriptorio
2827 3323 3087 3379 aecclesia:
3112 3323 3364 3394 proximo

1785 3416 2171 3488 egredientem,
2232 3415 2287 3468 in
2339 3415 2459 3484 ipso
2503 3415 2766 3470 aecelesiae
2806 3414 3060 3484 ingressu
3099 3413 3355 3470 extinxit.

1786 3509 1924 3564 Ante
1951 3507 2096 3563 fores
2118 3520 2338 3576 quoque
2369 3504 2649 3571 tecclesiae,
2689 3505 2915 3559 domum
2953 3504 3195 3576 episcopi
3236 3519 3360 3560 ver-

1786 3615 1903 3668 sus,
1938 3598 2214 3670 quendam
2241 3596 2444 3651 laicum
2465 3595 2715 3650 extinxit.
2745 3594 2796 3649 7.
2823 3591 2948 3648 Idus
2971 3593 3100 3650 Julii
3128 3596 3198 3649 ab
3224 3595 3362 3652 liora

1785 3693 1837 3747 5.
1861 3707 2036 3762 usque
2065 3690 2134 3746 ad
2171 3704 2374 3762 nonam
2417 3694 2676 3758 quattuor
2725 3684 2970 3742 turbines
3023 3701 3056 3740 a
3087 3694 3350 3759 quattuor

1783 3784 1957 3855 plagis
1990 3783 2114 3839 coeli
2145 3781 2333 3836 urbem
2356 3779 2788 3846 circulaverunt;
2812 3785 3010 3834 ventus
3037 3779 3202 3834 etiam
3229 3794 3356 3834 cum

1783 3877 1978 3947 magna
2016 3875 2070 3930 vi
2110 3873 2374 3938 insonuit,
2423 3880 2479 3928 et
2528 3871 2720 3926 urbem
2755 3872 2935 3947 multo
2976 3872 3150 3926 imbre
3178 3869 3354 3927 alluit.

1784 3968 1837 4022 5.
1867 3965 2010 4022 Non.
2048 3965 2300 4038 Augusti,
2345 3965 2522 4035 primo
2559 3963 2738 4019 noctis
2771 3963 3088 4029 conticinio,
3136 3977 3356 4034 quaqua

1784 4068 2054 4114 terrarum
2083 4072 2211 4114 cum
2262 4057 2538 4113 thonitrus
2581 4056 2880 4123 audiretur,
2922 4063 2978 4112 et
3018 4055 3235 4126 fulgure
3265 4069 3355 4111 se-

1784 4150 1908 4222 pius
1929 4150 2215 4218 micarent,
2245 4157 2302 4205 et
2337 4149 2538 4205 iterum
2574 4156 2739 4219 atque
2775 4147 2937 4202 tertio
2973 4147 3029 4202 id
3065 4147 3224 4204 ﬂeret
3259 4161 3358 4202 us-

1783 4257 1892 4314 que
1920 4256 2102 4309 mane,
2151 4241 2205 4296 in
2254 4241 2444 4296 urbem
2474 4238 2740 4295 Leodium
2769 4237 3003 4308 amplius
3033 4238 3151 4309 ipse
3189 4238 3354 4293 turbo

1782 4334 2052 4401 desaeviit,
2076 4333 2152 4388 ita
2191 4340 2252 4390 ut
2288 4331 2539 4388 homines
2563 4346 2594 4388 a
2627 4330 2813 4386 stratis
2841 4329 3125 4385 exilientes
3156 4329 3356 4398 templa

1782 4435 1836 4480 et
1856 4426 2188 4481 aecclesiolas
2211 4425 2355 4480 tristi
2389 4432 2535 4480 coetu
2571 4423 2923 4492 complerent,
2962 4429 3018 4475 et
3052 4428 3165 4476 tota
3195 4427 3356 4474 nocte

141 4507 479 4583 hereditatem,
502 4491 630 4588 quae
656 4516 763 4574 sibi
786 4491 1266 4589 competebat
1303 4491 1675 4588 optinendam.
1714 4491 1759 4546 D
1785 4517 2275 4588 supplicationibus
2311 4515 2670 4571 intenderent.
2696 4491 2932 4570 Summo
2969 4528 3097 4569 vero
3141 4526 3356 4568 aurorae

193 4601 328 4682 ων.
406 4607 682 4680 11.02.)
757 4609 810 4664 8.
845 4608 947 4682 (9.)
1020 4608 1282 4680 17.08.)
1353 4609 1438 4665 17.
1468 4608 1594 4681 08).

192 4688 353 4751 Mense
379 4695 646 4754 Januario
669 4699 722 4754 5.
746 4697 888 4754 Νοιι.
909 4699 1109 4770 ipsius,
1127 4699 1181 4754 4.
1206 4697 1362 4766 feria,
1385 4699 1440 4754 in
1479 4699 1679 4770 aliqui-

143 4779 221 4837 bus
245 4783 392 4854 locis,
419 4790 516 4846 sed
551 4805 664 4846 non
688 4806 1106 4862 usquequaque,
1156 4798 1486 4846 terremotus
1532 4792 1679 4848 acci-

1779 4609 2044 4676 diluculo,
2084 4624 2114 4666 a
2138 4617 2290 4678 parte
2322 4607 2547 4662 orientis
2587 4606 2726 4677 ignis
2753 4621 2877 4661 cum
2907 4606 3111 4678 ingenti
3133 4605 3352 4660 ﬂamma

1781 4701 2057 4760 civitatem
2078 4693 2362 4755 circulavit
2395 4707 2602 4764 tantus,
2622 4707 2687 4754 ut
2719 4713 2910 4753 omnes
2933 4696 3198 4752 divinitus
3231 4709 3351 4750 cre-

1783 4792 1925 4848 mari
1951 4790 2322 4848 extimuerint.
2360 4787 2492 4844 Post
2519 4789 2634 4843 haec
2675 4803 2905 4858 magnus
2945 4787 3127 4844 turbo.
3169 4799 3356 4844 erum—

1378 4903 1612 4961 vanus
1649 4904 2052 4987 LECTIONES.

195 5002 252 5037 ’“
277 5007 428 5080 Apud
453 5040 526 5051 —-
550 5027 740 5068 mense
768 5012 981 5086 qddidit
1015 5012 1292 5068 Anselmu's
1315 5022 1501 5083 postea
1538 5015 1718 5069 eodem
1749 5030 1877 5086 quo
1927 5029 2127 5086 annum
2158 5011 2312 5086 1115.
2342 5020 2636 5086 atramento
2668 5020 2718 5066 et
2747 5020 2993 5081 tempore.
3071 5013 3140 5044 ”'
3163 5010 3354 5065 abhinc

142 5081 454 5156 εξξιξριςηιᾳηι
481 5091 741 5156 mutatur.
772 5081 1002 5156 Sequens
1031 5081 1366 5156 annustotus
1396 5087 1644 5156 continuo
1672 5081 1880 5156 οαζᾴηιο
1908 5082 2314 5156 scriptus_fuit.__
2362 5081 2432 5114 ³³⁸
2459 5081 2648 5136 abhinc
2701 5090 3054 5156 atramentum
3091 5089 3348 5156 inritatur.

141 5141 196 5226 Ἦ
221 5141 493 5226 ljeinricus
518 5182 592 5192 —-
627 5141 1082 5226 deserruissegtmo
1128 5154 1353 5209 calamo.
1413 5154 1697 5226 Sequentia
1740 5155 1944 5211 Hoc-—
1993 5141 2365 5226 terruitalioq
2397 5160 2646 5221 tempore,
2690 5152 2780 5205 sed
2825 5152 3075 5226 continuo
3119 5148 3346 5202 calamo.

144 5208 196 5241 ’⁸⁸
221 5212 552 5294 Pulsanlibus
579 5253 650 5262 ——
671 5208 837 5280 fluido
857 5208 925 5277 et
941 5224 1318 5279 Monstrum—
1345 5208 1592 5294 Corporis
1623 5208 1851 5279 addidit-
1869 5233 1928 5279 ut
1947 5225 2164 5294 videtur
2183 5223 2458 5294 Anstipae
2485 5208 2750 5294 inmutato
2768 5221 2836 5294 ad
2860 5221 3019 5294 1058.
3058 5228 3354 5294 tamquam

144 5295 304 5366 canent
329 5291 481 5346 1125.
522 5294 894 5361 conscriberet,
925 5310 1027 5366 quo
1052 5294 1193 5349 idem
1231 5285 1520 5349 atranreiui
1547 5303 1910 5349 atauelmanus
1931 5293 2141 5348 habitus
2162 5302 2260 5349 est.
2305 5285 2500 5348 Desunt
2523 5290 2652 5346 solis
2677 5289 2772 5346 Bd‘
2799 5291 2895 5345 4“.
2936 5289 3155 5344 Attende
3175 5285 3353 5342 lusum

1617 5399 1839 5490 NOTAE.

146 5349 186 5402 iu
206 5358 381 5416 sonitu.

203 5538 329 5610 (£348)
350 5545 660 5602 Adelaidem
676 5549 743 5604 de
763 5546 1088 5604 Monteferra
1098 5564 1170 5603 to.

201 5607 408 5689 («Ti-91A.
437 5617 594 5689 1115.
642 5617 931 5675 Anselmus
985 5619 1129 5673 enim
1168 5635 1369 5673 annum
1397 5619 1579 5689 incipit
1623 5620 1672 5671 in

151 5679 283 5731 nalali
309 5677 531 5741 Domini.

1853 5545 2000 5618 (550)
2030 5545 2150 5618 ian.
2192 5547 2242 5601 7.

1855 5613 2003 5684 (551')
2030 5616 2148 5670 Jam
2180 5633 2229 5672 a.
2268 5615 2404 5668 1114
2441 5613 2637 5669 medio.

1857 5687 2002 5740 4552)
2039 5687 2167 5740 IIIS
2215 5685 2320 5740 Jul.
2362 5685 2451 5738 24.
