3914 6314
507 330 618 387 245

1722 329 2084 390 SIGEBER‘I'I
2121 331 2644 392 GEMBLACENSIS

3649 339 3756 398 Su

505 465 644 521 pens
667 448 747 506 ab
763 447 1068 518 occidente,
1097 450 1281 522 Ipsum
1317 451 1496 524 ignem
1518 449 1672 508 visus
1704 459 1792 508 est
1833 453 2086 523 aliquan-
2113 459 2160 519 Α
2187 455 2469 522 881111111111,
2498 451 2751 522 Karolus,
2777 449 2997 508 Roherti
3025 452 3243 510 comitis
3265 470 3329 509 ex
3358 469 3550 511 sorore
3579 471 3752 528 nepos,

505 541 682 597 tulum
717 541 1066 599 obscurasse.
1096 542 1299 599 Iterum
1332 552 1516 599 autem
1543 559 1705 615 quasi
1729 542 1907 602 vietor
1943 544 2087 616 ignis

508 649 636 689 cum
685 632 906 691 llamma
963 636 1226 703 recaluit;
1277 645 1333 693 et
1402 635 1601 692 iterum
1653 637 1872 693 turbine
1913 652 2089 692 rever-

505 733 678 793 tente,
729 726 1012 797 paululum
1068 726 1303 784 delituit.
1353 726 1540 784 Tertio
1570 729 1734 783 etiam
1785 729 1901 799 ipse
1943 728 2086 800 ignis

506 817 758 885 re'caluit,
783 827 837 873 et
865 819 1024 874 tertio
1043 819 1401 875 nihilominus
1423 820 1641 876 turbine
1661 821 1841 876 victus
1863 821 2081 876 decidit.

506 907 624 966 Hoc
663 911 1037 981 spectaculum
1087 926 1118 966 a
1146 927 1362 966 summo
1405 926 1565 965 mane
1591 926 1767 980 usque
1793 909 1861 964 ad
1890 910 2084 967 horam

401 1056 404 1059 .
506 1000 724 1056 tertiam
769 1001 1042 1057 civitatem
1105 1002 1456 1058 vehementer
1515 1001 1728 1056 terruit.
1779 999 2084 1056 Monstrum

503 1089 782 1160 quoddam
805 1088 1034 1147 Namuci
1061 1099 1249 1147 natum
1284 1100 1388 1155 est,
1416 1091 1505 1146 cui
1541 1107 1643 1162 par
1685 1107 1968 1162 nunquam
2002 1091 2087 1146 vel

503 1197 632 1238 raro
658 1183 839 1238 visum
862 1193 965 1249 est,
995 1184 1245 1240 videlicet
1273 1184 1459 1254 biceps
1488 1182 1812 1240 infantulus.
1850 1182 1954 1250 Qui
1980 1184 2087 1242 hoc

504 1262 642 1330 vidit
668 1276 824 1331 testis
867 1285 953 1332 est
983 1277 1240 1348 populus.
1267 1275 1368 1334 llic
1395 1286 1507 1332 tam
1545 1293 1702 1344 sexu,
1742 1292 1906 1347 quam
1936 1284 2084 1331 8818-

505 1364 584 1419 ris
623 1366 907 1433 membris,
962 1367 1192 1439 simplex
1235 1375 1353 1423 erat
1400 1383 1662 1438 compage
1707 1366 1983 1436 corporis.
2029 1366 2082 1420 5.

509 1454 638 1511 Idus
661 1454 997 1525 Decembris,
1035 1459 1102 1513 ad
1126 1457 1361 1513 mediam
1386 1465 1602 1512 noctem
1626 1456 1938 1512 lucentibus
1964 1455 2090 1510 stel-

505 1547 575 1602 lis
608 1548 748 1604 coalo
777 1563 990 1618 sereno,
1015 1550 1100 1605 l5.
1126 1551 1257 1606 luna
1279 1550 1537 1622 eclypsim
1557 1566 1718 1622 passa
1748 1558 1850 1617 est,
1872 1557 1927 1604 et
1957 1564 2088 1604 con-

509 1646 685 1694 tracto
711 1639 864 1707 orbe,
901 1641 1089 1698 multis
1133 1642 1431 1709 coloribus,
1463 1641 1558 1698 sed
1595 1641 1834 1697 maxime
1859 1640 2086 1711 sangui-

509 1745 634 1798 neo,
666 1733 818 1802 pene
839 1733 1048 1806 integra
1076 1734 1210 1790 hora
1251 1733 1457 1789 suffusa
1484 1734 1660 1789 est’”.
1707 1733 1791 1788 l7.
1828 1732 1946 1788 Kal.
1990 1731 2086 1787 Ja-

2184 561 2368 602 comes
2393 545 2762 612 substituitur,
2793 543 2941 600 Illius
2963 545 3106 616 regis
3127 543 3423 602 Danorum.

2255 638 2412 694 1119.
2491 639 2577 693 15.
2620 637 2757 709 (11.)
2834 635 2920 692 19.
2960 636 3098 708 (11.)
3173 637 3261 693 19.
3302 638 3441 708 (29.)
3555 639 3607 694 1.

2255 728 2404 801 (Jan.
2453 730 2570 800 29.)
2619 729 2896 785 Johaanes
2943 728 3228 795 Gaitanus,
3271 730 3364 800 qui
3411 738 3469 785 et
3523 729 3762 789 Gelaslus

2186 839 2346 894 papa,
2379 821 2626 877 Cluniaci
2658 821 2893 876 moritur
2933 829 2988 899 et
3018 821 3296 891 sepelitur.
3325 820 3614 877 Consensu
3645 839 3760 878 om-

2184 917 2334 971 nium
2360 915 2739 986 episcoporum
2768 923 2880 969 tam
2907 911 3213 969 Germania
3233 929 3397 984 quam
3428 913 3621 970 Galliae
3644 932 3759 971 cum

2184 1007 2448 1062 Romanis
2479 1006 2686 1074 habito,
2728 1006 2964 1062 domnus
3012 1003 3188 1061 Guido
3215 1004 3545 1061 Viennensis
3585 1008 3760 1062 archi-

2183 1099 2474 1170 episcopus
2520 1100 2575 1154 in
2608 1113 2804 1170 papam
2836 1098 3074 1169 eligitur,
3103 1107 3159 1154 et
3187 1098 3428 1155 Calistus
3451 1099 3640 1154 vocari
3672 1099 3762 1154 de-

2185 1190 2454 1260 signatus,
2501 1189 2750 1246 Cluniaci
2783 1189 3122 1249 bcnedicitur
3159 1189 3324 1244 16οιι⁶
3354 1188 3543 1262 (Febr.
3587 1190 3646 1260 1)
3677 1190 3758 1244 ⁸⁸⁸.

2183 1278 2381 1336 Postea
2427 1279 2700 1336 mediante
2733 1279 2997 1351 Octobrio,
3037 1296 3227 1336 mense
3275 1280 3462 1336 Remis
3503 1280 3764 1352 synodum

2186 1387 2543 1444 congregans,
2574 1373 2776 1428 multos
2798 1373 2855 1427 in
2878 1382 3112 1443 utroque
3131 1387 3302 1443 regno
3322 1372 3617 1443 episcopos
3641 1387 3766 1428 conv

2186 1474 2392 1533 secrat;
2423 1465 2566 1520 inter
2592 1480 2730 1536 quos
2751 1464 2914 1520 etiam
2943 1465 3180 1520 domnus
3221 1463 3547 1520 Fredcricus
3573 1463 3630 1517 in
3653 1465 3764 1534 cpi-

2186 1572 2410 1627 scopum
2434 1556 2816 1613 Leodiensium
2844 1556 3085 1628 ungitur.
3114 1553 3332 1610 Interim
3376 1553 3648 1610 Henricus
3671 1555 3768 1608 im-

2185 1656 2404 1716 perator
2437 1645 2672 1702 Ivosium
2703 1646 2855 1719 (555)
2886 1647 3066 1713 venit;
3106 1653 3162 1701 et
3201 1645 3332 1700 dum
3379 1659 3482 1715 pro
3522 1644 3768 1700 reconci-

2186 1722 2411 1790 liatione
2455 1736 2608 1806 regni
2636 1743 2693 1790 et
2733 1735 3024 1791 sacerdotii
3068 1734 3266 1806 legatio
3309 1749 3456 1788 nunc
3482 1749 3514 1788 a
3546 1749 3669 1804 rege
3703 1733 3771 1788 ad

507 1821 714 1890 nuarii,
745 1823 924 1892 prima
973 1825 1108 1880 hora
1154 1825 1355 1890 noctis,
1405 1826 1574 1895 ignea:
1609 1825 1756 1880 acies
1793 1841 1822 1879 a
1860 1832 2080 1901 septen-
2113 1814 2160 1874 Β
2184 1841 2381 1897 papam
2411 1827 2577 1894 vadit,
2606 1843 2753 1882 nunc
2791 1842 2820 1882 a
2847 1842 2986 1897 papa
3014 1825 3082 1881 ad
3107 1840 3288 1896 regem
3328 1824 3579 1880 vicissim
3615 1824 3769 1887 redit,

508 1914 689 1972 triane
738 1917 793 1972 in
844 1916 1109 1972 orientem
1163 1919 1218 1973 in
1269 1919 1408 1974 coelo
1453 1929 1857 1989 apparuerunt;
1891 1918 2087 1975 deinde

505 2021 604 2076 per
642 2016 818 2062 totum
869 2009 1068 2064 coelum
1097 2025 1323 2080 sparsa,
1368 2010 1602 2080 plurima
1632 2011 1809 2066 noctis
1831 2019 1986 2082 parte
2003 2009 2089 2066 vi-

505 2097 760 2154 dentibus
780 2099 1047 2155 miraculo
1074 2107 1128 2156 et
1151 2100 1364 2171 stupori
1402 2100 1642 2158 fuerunt.

448 2214 455 2221 ’
543 2195 545 2197 ’
576 2233 737 2289 1118.
1032 2235 1098 2291 11.
1141 2237 1228 2292 12.
1267 2237 1404 2309 (15.)

783 2347 848 2401 A.
892 2348 980 2403 1s.
1021 2349 1158 2419 (19.)

1690 2235 1752 2293 F.
1794 2238 1847 2294 9.
1880 2237 2016 2310 (10.)

1443 2348 1508 2405 11.
1548 2350 1635 2406 18.
1669 2350 1814 2420 (19.)

533 2469 540 2476 '
575 2456 872 2517 Ralduinus
900 2463 1172 2518 secundus
1199 2479 1292 2519 rex
1316 2463 1655 2520 .Iherusalem
1695 2464 1948 2530 moritur,
1975 2462 2090 2518 fra-

504 2555 589 2602 ter
634 2547 911 2604 Godefridi
959 2551 1114 2607 ducis
1145 2551 1602 2624 Lotharingorum
1658 2563 1714 2607 et
1739 2553 1899 2623 primi
1945 2553 2091 2624 regis

501 2636 1054 2697 Jherosolimitarum.
1078 2642 1320 2699 Fuerunt
1343 2654 1524 2699 autem
1552 2644 1645 2698 lilii
1670 2643 1897 2700 Eustatii
1919 2644 2092 2699 comi-

501 2730 576 2787 tis
602 2732 669 2787 de
693 2731 940 2801 Bolonia,
971 2751 1036 2790 ex
1059 2734 1150 2792 Ida
1181 2751 1370 2793 sorore
1410 2736 1686 2793 Godefridi
1710 2737 1953 2806 Gibbosi,
1983 2739 2089 2794 du-

501 2820 585 2878 cis
609 2820 1085 2896 Lotharingorum.
1126 2825 1338 2894 Quibus
1373 2829 1441 2885 de
1469 2829 1648 2884 medio
1685 2828 1861 2897 factis,
1893 2831 2090 2886 tertius

444 2941 450 2948 -
501 2920 695 2982 regnat
719 2911 1038 2984 Balduinus,
1062 2915 1208 2973 filius
1229 2914 1474 2988 IIugonis
1497 2918 1713 2974 comitis
1736 2919 1803 2974 de
1828 2918 2086 2976 Reitesta.

503 3000 655 3070 (Jan.
687 3001 800 3075 18.)
828 3001 1108 3062 Paschalis
1135 3022 1274 3078 papa
1317 3007 1577 3074 moritur;
1615 3009 1856 3065 succedit
1884 3009 2092 3065 Johan-

502 3108 606 3149 nes
640 3093 905 3152 Gaitanus
942 3097 1129 3167 I59“,
1161 3099 1256 3169 qui
1302 3110 1356 3155 et
1397 3099 1674 3156 Gelasium
1723 3110 1782 3158 'se
1820 3103 2086 3158 nominat.

2187 1919 2441 1975 dissensu
2463 1919 2806 1989 quorundam
2843 1918 3148 1974 invidorum
3178 1917 3271 1971 lux
3305 1917 3457 1986 pacis
3499 1915 3771 1980 turbatur,

2188 2020 2243 2067 et
2271 2011 2568 2081 imperator
2605 2026 2731 2066 cum
2777 2010 2882 2066 sibi
2921 2009 3228 2066 faventibus
3265 2007 3776 2065 excommunicatqu

2189 2101 2335 2175 (Oct.
2367 2101 2456 2172 50)
2489 2102 2577 2157 ιοσ.

2261 2193 2419 2249 1129.
2496 2195 2582 2249 1.1.
2625 2194 2761 2266 (15.)
2835 2193 2922 2248 11.
2964 2193 3100 2265 (12.)
3165 2193 3256 2248 29.
3298 2191 3438 2261 (21.)
3547 2190 3607 2245 2.

2262 2284 2507 2340 Domnus
2542 2299 2679 2356 papa
2727 2284 2986 2350 Calistus,
3015 2282 3244 2338 Romam
3286 2282 3670 2354 proﬁciscens,
3705 2279 3776 2334 ab

2191 2377 2342 2433 omni
2368 2384 2562 2432 senatu
2587 2386 2643 2432 et
2669 2375 2915 2448 populari
2945 2376 3103 2430 turba
3125 2375 3360 2446 gloriose
3399 2372 3697 2443 excipitur,
3724 2379 3777 2424 et

2191 2470 2246 2524 in
2276 2469 2402 2524 sede
2437 2469 2732 2539 apostolica
2755 2469 3109 2524 confirmatur
3138 2465 3297 2520 160M
3327 2463 3482 2541 (Iun.
3518 2466 3598 2531 5).
3642 2461 3776 2516 Bur-

2191 2563 2355 2620 diuus
2397 2563 2745 2634 pseudopapa
2797 2560 2966 2616 Sutrii
3004 2560 3249 2630 positus,
3283 2560 3417 2614 dum
3452 2557 3776 2627 peregrinos

2193 2655 2423 2711 Romam
2447 2663 2640 2710 euntes
2670 2653 2755 2710 Vel
2792 2653 3078 2708 redeuntes
3113 2652 3298 2707 turbat
3329 2660 3384 2705 et
3409 2649 3774 2720 deprtedatnr,

2193 2749 2408 2804 tandem
2448 2746 2598 2818 (556)
2644 2755 2704 2801 ut
2747 2744 3044 2800 vilissimus
3077 2751 3323 2814 apostata
3366 2741 3582 2810 capitur
3627 2747 3685 2792 et
3722 2738 3776 2792 in

2193 2836 2520 2892 monachum
2548 2834 2882 2890 attundetur.
2917 2831 3091 2903 Major
3108 2831 3338 2887 ecclesia
3363 2828 3630 2899 episcopii
3661 2827 3776 2882 Μο-

2191 2927 2568 2993 nasteriensis,
2605 2941 2671 2981 eo
2715 2925 2860 2996 quod
2893 2924 3208 2994 episcopum
3259 2921 3662 2991 repudiassent,
3711 2918 3778 2971 ab

2193 3018 2311 3089 ipso
2333 3019 2588 3088 episcopo
2617 3015 2952 3072 Theoderico
2973 3023 3028 3070 et
3059 3014 3318 3071 Leudone
3339 3012 3407 3044 ³⁸⁵
3429 3012 3569 3067 duce
3599 3009 3776 3066 Saxo-

2193 3109 2296 3163 nia:
2316 3123 2440 3164 cum
2468 3117 2579 3163 tota
2609 3106 2825 3162 civitate
2856 3105 3104 3160 exuritur
3130 3105 3221 3158 ³⁰⁷.

502 3182 643 3238 Cum
675 3199 808 3241 vero
836 3163 1438 3259 Henricusvimperator
1463 3198 1594 3246 tunc
1621 3193 1882 3263 temporis
1921 3209 2089 3264 agens
2116 3163 2162 3225 C
2262 3163 2420 3258 1121.
2497 3203 2584 3258 15.
2628 3201 2764 3271 (16.)
2841 3201 2926 3254 12.
2968 3201 3106 3270 (15.)
3177 3198 3267 3252 21.
3309 3195 3448 3268 (22.)
3561 3199 3626 3254 6-

501 3275 561 3330 111
613 3273 789 3345 11111111,
824 3277 1053 3335 Romam
1103 3281 1346 3336 tenderet
1391 3283 1458 3337 ad
1506 3283 1814 3354 eligendum
1868 3301 2086 3356 papam,

498 3365 778 3424 Iohannes
797 3371 1143 3440 praesentiam
1174 3373 1294 3443 ejus
1323 3375 1546 3442 veritus,
1570 3376 1682 3446 jam
1712 3378 1915 3434 electus
1938 3379 2087 3450 (555)

500 3465 555 3513 81
599 3459 881 3518 ordinatus
920 3464 1147 3520 secessit
1181 3465 1422 3536 Capuam
1468 3466 1638 3540 (554).
1682 3468 1750 3523 At
1796 3469 2090 3540 imperator

499 3548 630 3619 quia
654 3550 904 3608 electioni
932 3569 1042 3611 non
1083 3555 1421 3626 interfuerat,
1464 3575 1563 3614 nec
1584 3559 1913 3615 ordinationi
1953 3577 2085 3616 con-

498 3641 690 3711 sensit,
713 3644 830 3714 sed,
853 3646 1130 3720 aliquibus
1151 3648 1524 3706 Romanorum
1553 3651 1948 3718 annitentibus,
1981 3651 2088 3724 Hy-

497 3745 731 3804 spanum
761 3738 1035 3808 quendam
1064 3739 1366 3796 Burdinum
1396 3741 1640 3807 nomine,
1672 3743 1805 3799 satis
1830 3744 2086 3799 clericum

495 3827 547 3883 ei
581 3831 994 3902 superordinari
1021 3831 1168 3888 fecit.
1217 3831 1407 3903 (Mart.
1444 3832 1524 3904 9.)
1554 3832 1831 3892 Johannes
1871 3835 2086 3892 interim

499 3922 775 3978 transiens
811 3923 878 3978 ad
907 3922 1131 3992 Gallias,
1170 3940 1268 3995 per
1307 3923 1678 3998 Burgundiam
1717 3936 1772 3984 et
1809 3928 2084 3998 Gothiam,

496 4028 622 4082 qua:
666 4014 938 4083 provintia
975 4017 1148 4072 sancti
1186 4016 1362 4090 Egidii
1391 4019 1612 4087 dicitur,
1647 4020 1760 4094 agit
1798 4022 2086 4094 synodales

497 4119 698 4161 causas
725 4105 794 4138 ’θ’
821 4105 990 4178 (Sept.
1026 4108 1106 4180 ‘2.)
1139 4107 1408 4166 Ilenricus
1434 4112 1730 4182 imperator
1753 4114 1824 4168 ab
1846 4113 1998 4169 Italia
2029 4115 2085 4170 in

497 4195 907 4270 Lotharingiam
956 4203 1235 4271 repatriat,
1285 4212 1338 4259 et
1376 4205 1676 4260 secundum
1722 4206 1854 4262 illud
1901 4206 2005 4274 Qui
2052 4225 2086 4262 a

488 4289 682 4345 multis
712 4293 947 4360 timetur,
975 4310 1178 4349 necesse
1199 4305 1278 4350 est
1297 4305 1358 4350 ut
1379 4297 1572 4352 multos
1597 4300 1800 4366 timeat,
1829 4300 2086 4372 conjura-

494 4391 585 4438 tos
609 4382 665 4438 in
693 4398 753 4440 se
780 4386 930 4456 regni
956 4386 1228 4459 principes
1263 4389 1425 4445 modo
1465 4391 1650 4458 minis,
1683 4393 1846 4448 modo
1874 4393 2086 4449 blandi-

2262 3292 2509 3348 Domnus
2533 3291 2854 3348 Fredericus
2877 3290 3168 3360 episc0pus
3203 3287 3353 3358 (557)
3388 3285 3555 3351 obiit;
3583 3284 3658 3340 ad
3684 3299 3778 3339 cu-

2185 3384 2278 3456 jus
2307 3385 2616 3455 sepulcrum
2656 3385 2827 3439 multa
2869 3383 3023 3454 signa
3060 3382 3179 3437 visa
3213 3397 3242 3436 a
3275 3379 3552 3450 plerisque
3595 3378 3776 3447 conji-

2191 3478 2429 3533 ciuntur.
2459 3476 2640 3532 Mense
2666 3476 2921 3532 Octobrio
2962 3475 3228 3531 Henricus
3265 3474 3563 3542 imperator
3602 3468 3776 3536 Quin-

2189 3569 2446 3624 tiliburch
2478 3569 2628 3640 (558)
2657 3569 2824 3634 venit,
2853 3576 2908 3622 et
2934 3568 3064 3622 hinc
3106 3566 3230 3621 inde
3261 3564 3551 3635 optimates
3597 3561 3774 3633 regni,

2188 3660 2350 3731 legati
2391 3659 2555 3715 etiam
2585 3658 2896 3729 apostolica:
2925 3657 3089 3722 sedis,
3118 3651 3400 3709 tractaturi
3438 3651 3506 3706 de
3547 3659 3774 3706 contro-

2188 3753 2388 3819 versia,
2419 3767 2544 3822 quae
2574 3759 2658 3807 est
2701 3751 2844 3804 inter
2889 3749 3270 3819 imperatorem
3310 3754 3366 3799 et
3394 3756 3653 3814 regnum,
3683 3755 3774 3796 seu

2187 3844 2352 3900 etiam
2379 3851 2570 3899 contra
2594 3843 2856 3898 damnum
2885 3840 3266 3911 apostolicum.
3289 3837 3428 3892 Cum
3465 3842 3655 3889 autem
3683 3831 3774 3887 diu

2187 3936 2522 4006 disceptatur
2540 3934 2609 3990 de
2636 3941 2779 3990 statu
2804 3933 2954 4004 regni
2975 3939 3030 3987 et
3048 3931 3116 3986 de
3143 3928 3480 3986 investituris
3505 3925 3773 3982 ecclesia-

2189 4044 2311 4082 rum
2333 4035 2388 4082 et
2413 4028 2481 4083 de
2507 4026 2806 4082 hereditate
2854 4023 3073 4080 Sicfridi
3108 4020 3325 4078 comitis
3361 4013 3588 4090 pala'tini
3616 4027 3680 4073 et
3709 4017 3775 4073 de

2187 4120 2311 4176 aliis
2331 4119 2583 4191 negotiis,
2613 4119 2812 4190 partim
2835 4117 3068 4174 favendo
3089 4116 3225 4188 regi,
3247 4114 3448 4185 partim
3469 4111 3776 4169 diﬂ'erendo

2187 4225 2411 4268 causam
2440 4227 2616 4282 usque
2641 4211 2710 4266 ad
2737 4210 3066 4280 presentiam
3093 4209 3396 4280 apostolici,
3422 4209 3774 4264 dissimulato

2187 4302 2368 4358 federe
2423 4302 2742 4358 incertiores
2779 4301 3008 4369 redeunt
3042 4315 3207 4370 quam
3243 4307 3524 4354 venerant.
3572 4298 3771 4354 Terre-

2187 4403 2370 4451 motus
2402 4397 2457 4450 in
2490 4393 2728 4450 secunda
2759 4392 3060 4464 epdomada
3083 4391 3352 4447 adventus
3377 4389 3616 4454 Domini,
3649 4389 3774 4446 sab-

493 4474 611 4542 tiis,
650 4476 815 4533 modo
848 4477 922 4544 vi,
970 4479 1134 4534 modo
1173 4480 1549 4538 satisfactione
1599 4484 1667 4540 ad
1713 4500 1901 4555 pacem
1939 4485 2082 4540 invi-
2113 4497 2162 4558 ι)
2186 4487 2314 4541 bato
2349 4486 2481 4540 hora
2516 4484 2699 4550 tertia,
2738 4484 2792 4538 4.
2825 4482 2948 4538 111118
2983 4480 3318 4546 Decembris,
3353 4479 3492 4536 alias
3523 4478 3769 4534 clemen-

491 4573 577 4670 tat
591 4565 680 4623 '“.
698 4567 991 4626 Deflciente
1006 4571 1222 4643 penitus
1243 4574 1477 4630 naturali
1497 4576 1648 4646 prole
1661 4575 2077 4633 Flandrensium

2185 4577 2475 4644 tior,,alias
2510 4575 2887 4632 inclementior
2914 4573 3110 4630 accidit
3131 4573 3219 4628 ³⁸⁸.
3337 4634 3340 4635 ν

1805 4670 1888 4726 VA
1896 4667 2036 4725 RIIE
2076 4666 2481 4726 LECTIONES.

568 4752 636 4786 ³⁶¹
661 4753 862 4807 Abhinc
898 4765 1252 4812 atramentum
1276 4767 1325 4812 et
1355 4759 1569 4815 habitus
1597 4777 1785 4817 manus
1817 4769 2076 4816 mutatur.
2155 4761 2226 4794 ³⁹¹
2258 4758 2538 4816 Paschalis
2568 4791 2636 4800 —
2656 4775 2854 4816 causas
2878 4759 2974 4812 sub
3003 4756 3330 4812 antecedenti
3359 4771 3499 4808 anno
3527 4753 3774 4808 exhibent

491 4821 618 4902 ΒΨ.
645 4823 723 4878 ι’.
756 4825 853 4879 4“.
931 4825 1000 4858 ³⁸³
1021 4825 1304 4902 sequentia
1329 4847 1491 4901 usque
1518 4833 1589 4902 ad
1611 4831 1770 4901 ﬁnem
1804 4850 1856 4886 a.
1893 4833 2052 4886 “2|.
2074 4831 2187 4885 alia
2217 4830 2633 4902 manusLeadem
2657 4847 2774 4902 qua:
2794 4847 2846 4884 a.
2880 4828 3152 4902 1095-11
3160 4827 3250 4902 ll,
3278 4826 3516 4902 scripsit,
3538 4824 3776 4902 sed-{lu-

493 4891 692 4947 selmus
713 4911 832 4948 eam
857 4891 1111 4952 correxit.
1137 4891 1428 4955 Deﬁciente
1453 4933 1524 4943 —
1544 4891 1931 4958 Leodicnsium
1955 4903 2084 4958 1111111

494 4919 692 4947 acernus
713 4919 832 4948 eam
857 4919 1107 4952 correxit.
1138 4919 1428 4955 uencwnte
1453 4933 1524 4943 —
1545 4919 1931 4958 Leoatcnsmm
1955 4919 2030 4955 un
2070 4920 2084 4956 l

494 4977 570 5038 ea:_
595 4962 734 5018 Ann.
767 4963 962 5038 Bland.
1030 4966 1101 4999 ὀδ
1124 4976 1304 5037 postea
1331 4971 1608 5038 additum;
1630 4974 1774 5028 deest
1803 4971 1868 5026 Α.
1949 4919 2090 5026 mg)

2092 4911 2180 4957 tur
2209 4902 2396 4955 desunt
2422 4901 2542 4956 B5'.
2571 4901 2648 4955 Γ.
2669 4896 2774 4954 λθκ
2808 4900 2897 4970 qui
2927 4915 3127 4970 eorum
3151 4896 3266 4951 loco
3295 4896 3487 4970 habent

2093 4981 2173 5026 ost
2202 4972 2312 5025 luec
2338 4971 2395 5024 in
2421 4972 2472 5025 1.
2498 4971 2782 5040 scripserat
2808 4962 3090 5040 Anselmus
3111 4969 3222 5038 ipse
3248 4983 3267 5020 :
3293 4962 3775 5040 Cmnobiuml’ruc

3528 4894 3774 4964 quadam

495 5032 768 5110 1811881111
797 5037 1056 5110 omnibus
1070 5032 1394 5110 appenditiis
1415 5041 1572 5108 arsit,
1588 5032 1748 5099 salvo
1774 5045 2038 5099 thesauro
2062 5051 2119 5098 et
2142 5042 2493 5107 bibliotheca,
2517 5049 2566 5094 et
2589 5032 2700 5094 alia
2721 5039 2988 5110 quadam,
3011 5032 3142 5108 jam"
3155 5053 3372 5110 prorsus
3398 5034 3596 5110 deleta,
3627 5034 3773 5110 tinea:

559 5103 676 5176 ath
701 5107 1097 5176 comprehensa.

1195 5109 1234 5182 d_
1257 5121 1439 5180 postea
1465 5104 1622 5166 erasa
1648 5123 1808 5180 sunt;
1844 5113 1916 5182 cf.
1943 5130 1997 5168 a.
2025 5113 2184 5168 1115.
2210 5111 2422 5166 Habent
2448 5104 2509 5166 ea
2530 5111 2630 5182 soli
2653 5104 2985 5182 A.V'et_Aln.,
3011 5104 3205 5164 desunt
3243 5106 3459 5182 reliquis
3506 5104 3768 5182 omnibus.

501 5172 573 5256 3“
601 5172 850 5256 Leodero
1035 5178 1104 5212 ³⁸⁷
1133 5172 1306 5256 11111111
1329 5211 1403 5222 -
1423 5185 1674 5239 exuritur
1716 5172 1800 5256 in'
1818 5172 2011 5256 rasura
2037 5183 2319 5256 Anselmus
2349 5183 2480 5256 ipse,
2503 5181 2619 5256 refl.
2700 5180 2769 5212 ³⁰⁸
2796 5172 3148 5256 Terremotus
3175 5208 3245 5217 --
3273 5172 3769 5256 118811111Α1118111181

493 5244 608 5312 ἱ1³⁸⁸
627 5255 745 5313 post
775 5247 1010 5332 addidit,
1061 5244 1240 5304 eodem
1287 5261 1516 5323 tempore
1545 5271 1647 5325 quo
1681 5255 1778 5310 sub
1817 5255 1974 5308 annis
2011 5254 2246 5336 duobus
2267 5244 2680 5324 praecedentibus
2710 5251 2862 5332 verba
2891 5250 3216 5331 Cenqbium,
3242 5258 3343 5302 etc.
3388 5256 3437 5299 et
3474 5244 3649 5316 Major
3671 5253 3767 5324 (te.

497 5313 636 5396 ροσε
659 5315 770 5371 haec
800 5326 905 5396 tres
935 5317 1102 5396 _lt_ne¢
1137 5337 1343 5396 (ναμε,-
1367 5340 1593 5396 quarum
1644 5327 1822 5396 prima
1857 5341 2112 5396 παπ-,111111
2143 5324 2247 5396 legi
2281 5333 2484 5396 potest;
2525 5323 2698 5396 altera
2747 5321 2881 5396 fuit;
3026 5327 3523 5396 Δ1111118111181.11118811
3547 5313 3771 5396 ,0111111111

494 5383 824 5458 Aquisgrani
870 5388 1126 5445 celebrat.
1159 5389 1288 5448 Inde
1315 5379 1586 5451 'Léodium
1623 5379 1922 5453 contendit.
2193 5379 2505 5451 "cuidam...
2544 5393 2668 5448 bur.
2699 5379 2814 5447 1.Ἐ
2847 5379 3064 5462 reliquis
3113 5379 3291 5443 iullus
3326 5379 3437 5441 hinc
3468 5385 3656 5438 habet-
3685 5379 3771 5437 sed

2028 5483 2262 5542 ΝΟΤᾹΞ.

756 5570 1219 5710 Βὴῇῗιιὲἓὲωω,
1249 5644 1341 5700 ubi
1389 5651 1746 5701 consecratus
1777 5645 1880 5700 fuit
1915 5645 1969 5702 d.
2014 5646 2079 5699 10

589 5640 718 5713 551)
756 5640 940 5697 Primo
972 5641 1219 5710 Gaetam,
1249 5644 1341 5700 ubi
1389 5651 1746 5701 consecratus
1777 5645 1880 5700 fuit
1915 5645 1969 5702 d.
2014 5646 2079 5699 10
2257 5640 2408 5713 (557)
2445 5640 2781 5701 Leodiensis.

495 5705 780 5788 "591%.-
856 5783 868 5788 _
945 5783 958 5788 _
1071 5785 1084 5788 _
1205 5705 1214 5710 ⁷
1289 5787 1299 5788 ί
1396 5785 1421 5788 ι
1477 5785 1491 5788 _
2188 5776 2216 5788 ἐν
2259 5705 2408 5785 (558)
2449 5714 2606 5788 Emi
2634 5715 2952 5779 Ansclmus;
2989 5710 3321 5784 Wirziburgi
3356 5708 3486 5778 fuit;
3521 5707 3591 5766 cf.
3623 5706 3764 5788 Non.

565 5780 719 5852 (555)
753 5779 921 5851 Iovis,
943 5783 1085 5842 haud
1114 5787 1356 5858 procula
1389 5785 1591 5843 Sedan.

2185 5787 2344 5858 Legg.
2381 5804 2438 5855 11,
2480 5785 2575 5863 ’ἲς-1.
