3914 6314
115 315 211 375 965

177 429 324 486 uss.
618 424 682 480 ιι.
727 426 812 481 l6.
851 427 990 498 (ιτ.)

414 520 482 574 Α.
527 519 614 574 et.
651 519 793 590 (ὶό.)
1142 516 1208 574 u.
1248 519 1303 576 t.

171 611 470 684 Optimates
503 610 655 682 regni
680 625 808 667 cum
834 610 1106 682 episcopis
1130 610 1520 666 convenientes
1547 607 1693 665 Hen-

111 708 270 766 ricum
298 703 708 776 imperatorem,
733 701 846 760 Deo
872 700 978 760 sibi
1005 705 1242 780 propitio
1272 704 1326 760 id
1349 714 1578 778 egerunt
1604 720 1694 760 sa-

113 797 393 854 luberrimo
444 797 723 862 consultu,
761 805 823 852 ut
852 796 994 852 inter
1028 797 1209 868 ipsum
1247 805 1303 853 et
1331 797 1692 867 apostolicum

111 887 473 948 controversia
506 887 573 944 de
612 888 953 944 investituris
978 887 1351 946 aecclesiarum
1380 888 1595 944 tandem
1625 888 1693 944 li-

112 982 322 1036 niretur.
353 978 637 1050 Legantur
661 979 785 1035 inde
807 978 1040 1036 Romam
1069 997 1137 1036 ex
1161 991 1316 1052 parte
1349 981 1695 1052 imperatoris

113 1073 278 1127 llrqu
313 1069 598 1143 Spirensis
625 1071 938 1142 episcopus,
967 1082 1024 1128 et
1063 1072 1329 1130 Arnulfus
1361 1074 1529 1130 abbas
1563 1072 1694 1128 Ful-

112 1164 296 1221 densis.
347 1162 580 1219 Interim
615 1161 883 1221 Henricus
909 1164 1208 1237 imperator
1232 1164 1436 1236 pascha
1477 1163 1694 1219 Domini

114 1253 425 1327 Aquisgrani
487 1254 729 1312 celebrat
775 1255 964 1326 (Mart.
1015 1256 1140 1328 26),
1182 1257 1379 1312 deinde
1428 1255 1693 1312 Leodium

113 1349 392 1406 contendit.
415 1347 522 1406 Hic
553 1350 774 1420 querela
799 1351 944 1421 apud
967 1366 1093 1406 eum
1125 1350 1268 1407 facta
1293 1351 1360 1407 de
1389 1350 1694 1406 insolentiis

112 1438 375 1509 cujusdam
415 1436 706 1506 Gothuini,
731 1448 975 1494 castrum
1004 1439 1148 1510 ejus,
1184 1439 1332 1510 quod
1366 1437 1695 1495 Monslalco—

115 1531 187 1586 nis
219 1529 364 1602 (559)
387 1529 616 1598 dicitur,
644 1531 928 1587 annitente
958 1529 1063 1586 sibi
1094 1529 1392 1586 Godel'rido
1432 1530 1570 1586 duce
1598 1530 1694 1584 ob-

115 1621 252 1687 sidet,
289 1620 460 1692 capit,
494 1621 737 1678 incendit
769 1630 826 1677 et
864 1622 1117 1678 destruit.
1159 1621 1430 1679 Ecclesia
1473 1619 1695 1678 Hanno-

116 1712 300 1769 niensis
326 1728 458 1768 cum
483 1714 745 1770 omnibus
775 1713 1112 1785 appendiciis
1153 1713 1270 1770 suis
1303 1714 1568 1786 seditione
1597 1714 1694 1769 ad-

811 307 1182 370 CHRONICA.
1223 341 1291 352 -—
1328 310 1634 368 ANSELMI
1671 309 2020 371 GEMBLAC.
2056 309 2550 370 CONTINUA'l‘lO.

3263 315 3377 390 256'

1270 425 1332 483 F.
1363 427 1449 483 l3.
1475 428 1616 501 (14.)
1714 431 1763 490 Α
1793 427 2074 498 Henricus,
2103 428 2461 486 Romanorum
2477 432 2764 502 imperator
2780 443 3056 506 augustas,
3079 451 3174 506 pro
3191 454 3374 498 altera

1790 521 1891 578 Dei
1927 531 1980 578 et
2016 532 2217 578 sancta
2250 522 2502 579 Romane
2527 524 2778 580 (ecclesia
2806 537 2858 581 et
2885 526 3067 582 damni
3093 545 3245 600 papa!
3266 528 3376 586 Co-

1790 613 1924 682 listi,
1953 623 2004 670 et
2033 631 2130 686 pro
2154 617 2382 672 remedio
2409 617 2603 672 animo:
2625 635 2775 685 mete,
2803 619 3014 674 remitto
3043 618 3152 675 Deo
3175 631 3224 676 et
3245 638 3381 680 sats-

1791 709 1892 764 ctis
1914 709 2168 780 apostolis
2198 708 2297 764 Dei
2322 709 2484 764 Petro
2501 719 2550 764 et
2577 708 2752 765 Paulo
2776 721 3074 783 sanctaque
3099 711 3377 774 catholica

1792 799 2063 868 (ecclesia,
2093 816 2296 855 omnem
2329 802 2696 857 investituram
2735 819 2827 872 per
2866 801 3083 857 anulum
3126 812 3177 858 et
3210 804 3378 860 bacu-

1790 891 1925 960 lum,
1951 901 2002 948 et
2043 892 2267 947 concedo
2296 893 2350 947 in
2384 893 2625 948 omnibus
2654 894 2926 961 (ecclesiis,
2957 911 3076 966 qua:
3121 897 3178 949 in
3219 913 3380 968 regno

1791 993 1841 1042 et
1869 985 2090 1056 imperio
2115 999 2227 1038 meo
2251 992 2396 1052 sunt,
2424 985 2736 1040 canonicam
2758 985 2876 1056 ﬁeri
2894 985 3198 1040 electionem
3225 997 3276 1041 et
3302 988 3376 1042 li—

1793 1077 1971 1133 beram
2003 1077 2124 1146 fieri
2165 1077 2632 1131 consecrationem.
2676 1074 3041 1132 Possessiones
3097 1087 3144 1130 et
3175 1077 3378 1148 regalia

1793 1167 1934 1222 beati
1959 1165 2131 1234 Petri,
2160 1183 2280 1238 qua:
2309 1184 2341 1221 a
2362 1149 2621 1238 principio
2641 1167 2798 1238 hujus
2824 1168 3109 1224 discordia
3127 1186 3290 1240 usque
3307 1171 3377 1223 ad

1792 1256 2102 1312 hodiernam
2148 1256 2309 1322 diem,
2342 1257 2448 1311 sive
2495 1265 2724 1327 tempore
2751 1259 2922 1328 patris
2952 1260 3054 1314 mei
3083 1260 3190 1314 sive
3215 1262 3380 1314 etiam

1794 1364 1928 1415 meo,
1957 1347 2142 1402 ablata
2161 1356 2307 1416 sunt,
2333 1364 2452 1419 qua:
2478 1347 2664 1415 habeo,
2706 1350 2877 1404 eidem
2902 1360 3102 1406 sancta:
3126 1351 3381 1408 Romana:

1792 1440 2045 1496 (ecclesia:
2085 1441 2336 1508 restituo;
2357 1456 2475 1512 qua:
2501 1451 2680 1515 autem
2711 1458 2817 1496 non
2836 1442 3023 1509 habeo,
3049 1452 3109 1497 ut
3150 1444 3382 1499 reddan-

1793 1539 1900 1599 tur,
1927 1531 2159 1602 ﬂ‘deliter
2168 1531 2388 1602 juvabo.
2419 1531 2785 1588 Possessiones
2803 1533 2966 1588 etiam
2987 1534 3221 1588 omnium
3241 1533 3382 1588 alia.-

1793 1640 1911 1678 rum
1937 1623 2298 1679 (ecclesiarum
2324 1635 2376 1678 et
2415 1625 2714 1695 principum
2741 1634 2792 1679 et
2818 1624 3052 1680 aliorum
3078 1633 3186 1679 tam
3221 1624 3382 1682 cleri-

1793 1731 1975 1770 corum
2001 1732 2160 1787 quam
2183 1714 2465 1783 laicorum,
2505 1716 2728 1772 consilio
2761 1718 3060 1788 principum
3079 1727 3128 1772 et
3141 1717 3380 1788 justitia,

115 1804 270 1861 vocati
292 1804 381 1862 sui
401 1820 535 1861 cum
573 1814 690 1862 tota
720 1807 845 1862 villa
868 1815 1164 1874 crematur,
1195 1807 1346 1864 salvo
1367 1816 1547 1862 tamen
1570 1806 1690 1861 thc—
1724 1786 1765 1846 Β
1794 1823 1912 1879 qua
1932 1786 2116 1874 habeo,
2141 1807 2396 1873 reddam;
2420 1824 2539 1878 qua
2559 1825 2663 1862 non
2695 1786 2881 1876 habeo,
2906 1786 2964 1870 at
2990 1786 3284 1862 reddantur
3315 1809 3384 1879 ﬁ-

115 1911 258 1952 sauro
282 1906 337 1952 et
365 1897 685 1954 biblioteca.
720 1897 959 1956 Turonis
983 1899 1151 1956 etiam
1180 1899 1528 1957 contentione
1570 1907 1696 1978 orta

115 1989 236 2046 inter
253 1988 488 2046 clericos
515 1999 571 2046 et
591 1991 784 2060 laicos,
817 1992 1063 2048 ecclesia
1093 1992 1269 2049 sancti
1299 1991 1515 2048 Martini
1539 1991 1686 2063 peni-

115 2089 190 2134 tus
210 2087 289 2135 est
318 2080 636 2136 combusta.
669 2082 926 2150 Domnus,
945 2084 1282 2156 apostolicus
1309 2084 1428 2142 visa
1453 2094 1511 2140 et
1542 2099 1694 2142 rece-

114 2180 190 2240 pta
210 2172 477 2243 legatione
499 2175 870 2246 imperatoris,
899 2185 1149 2247 pertesus
1173 2185 1228 2232 et
1255 2177 1373 2248 ipse
1397 2175 1692 2233 dissonan-

116 2265 189 2320 tia:
213 2263 440 2322 nimium
481 2265 632 2324 inter
673 2283 770 2325 eos
805 2268 1056 2337 diutinae,
1085 2270 1318 2327 libenter
1337 2271 1605 2338 assensit;
1642 2280 1698 2326 et

117 2366 211 2411 tam
257 2359 519 2416 consultu
554 2362 723 2418 totius
765 2361 999 2418 Romani
1051 2371 1298 2432 senatus,
1330 2380 1496 2436 quam
1529 2363 1694 2420 etiam

117 2452 337 2508 omnium
383 2455 780 2526 episcoporum
822 2453 1159 2524 Italicorum,
1198 2456 1490 2513 mittuntur
1519 2474 1586 2520 ex
1617 2457 1696 2512 la-

119 2550 212 2595 tere
226 2544 512 2612 apostolici
531 2543 860 2600 Lambertus
878 2543 1152 2601 Ostiensis
1170 2546 1460 2617 episcopus
1480 2555 1534 2602 et
1551 2545 1697 2603 Saxo

122 2634 386 2692 cardinalis
407 2636 480 2692 de
513 2645 699 2692 monte
721 2635 894 2705 Celio,
929 2646 984 2692 et
1009 2637 1306 2710 Gregorius
1335 2639 1473 2694 alter
1499 2637 1696 2695 Cardi-

122 2725 278 2813 nalis,
325 2728 391 2783 ad
455 2727 827 2785 ordinandam
879 2745 996 2786 rem
1049 2732 1186 2787 tanti
1239 2733 1464 2804 negotii.
1513 2733 1698 2790 Mense

124 2813 456 2887 Septembrio,
520 2821 575 2876 in
605 2821 888 2877 nativitate
919 2832 1124 2879 sanctae
1169 2823 1376 2892 Mariae,
1427 2825 1698 2884 Henricus

123 2909 386 2980 imperator
415 2929 550 2970 cum
591 2913 866 2985 episcopis
895 2922 951 2970 et
978 2916 1337 2986 optimatibus
1361 2917 1515 2989 regni
1550 2919 1700 2976 venit

125 2999 444 3070 Wormatiae;
495 3004 590 3059 ubi
621 3015 985 3062 occurrerunt
1013 3007 1064 3062 ei
1103 3007 1263 3079 legati
1299 3007 1444 3064 sedis
1477 3018 1699 3086 aposto-_

125 3091 238 3149 lica.
261 3094 378 3162 Diu,
403 3105 465 3152 ut
501 3096 564 3152 ﬁt
594 3096 649 3152 in
680 3105 830 3153 tanto
863 3107 1184 3171 magnatum
1214 3115 1503 3168 consessu,
1528 3116 1696 3157 even-
1724 3131 1772 3194 ο

127 3184 252 3241 tilala
277 3189 516 3255 ratione,
543 3189 761 3244 tandem
786 3190 959 3261 gratia
985 3191 1226 3263 antiquae
1252 3193 1500 3250 caritatis
1515 3194 1698 3250 redin-

124 3284 336 3348 tegratur
355 3281 506 3336 inter
529 3282 914 3352 imperatorem
939 3293 994 3339 et
1020 3285 1386 3356 apostolicum
1417 3285 1513 3342 Dei
1544 3287 1697 3342 ordi-

127 3367 316 3425 natione
334 3369 646 3444 (Sepl.j25).
673 3372 921 3441 Querum
935 3393 1240 3435 consensus
1259 3378 1384 3434 talis
1401 3387 1487 3436 est
1503 3378 1654 3451 (560)
1681 3399 1693 3435 :

129 3457 220 3531 Ego
249 3461 480 3520 Calistus
513 3467 809 3544 episcopus,
839 3486 1018 3525 servus
1033 3487 1304 3526 servorum
1334 3471 1455 3540 Dei,
1489 3473 1587 3528 tibi
1615 3473 1702 3528 di-

127 3551 238 3606 lecto
263 3555 370 3626 filio
401 3556 643 3613 Henrico
669 3559 769 3615 Dei
798 3563 977 3632 gratia
1001 3563 1361 3618 Romanorum
1389 3565 1699 3637 imperatori

129 3645 332 3715 Augusto
373 3651 609 3705 concedo
649 3651 928 3708 electiones
995 3655 1378 3727 episcoporum,
1423 3658 1698 3727 abbatum,

132 3730 368 3790 Teutonici
397 3740 573 3811 regri,
603 3742 694 3812 qui
719 3741 790 3795 ad
819 3759 1034 3813 regnum
1055 3745 1338 3814 pertinent,
1361 3745 1416 3799 in
1436 3747 1699 3815 presentia

131 3830 205 3876 tua
227 3825 335 3894 ﬁeri
357 3828 563 3900 absque
583 3833 827 3901 symania
855 3843 904 3888 et
928 3833 1110 3906 aliqua
1141 3835 1414 3903 violentia,
1445 3845 1503 3891 ut
1527 3838 1574 3891 si
1594 3854 1699 3908 qua

131 3913 242 3968 inter
258 3928 426 3986 partes
459 3921 737 3978 discordia
760 3929 1055 3994 emerserit,
1081 3929 1473 3999 metropolitani
1500 3939 1552 3985 et
1575 3947 1700 3984 con-

130 4013 503 4076 pmintialium
525 4017 748 4072 consilio
771 4019 851 4074 vel
869 4019 1081 4090 judicio
1105 4023 1310 4077 saniori
1331 4025 1474 4094 parti
1514 4040 1698 4078 assen-

132 4116 227 4155 sum
253 4114 300 4160 et
333 4108 604 4163 auxilium
627 4111 865 4181 prebeas.
903 4112 1119 4170 Electus
1151 4123 1330 4170 autent
1357 4134 1390 4171 a
1419 4127 1470 4171 te
1497 4117 1698 4188 regalia

131 4193 330 4264 accipiat
347 4215 440 4268 per
469 4208 759 4270 sceptrum,
802 4205 1034 4274 exceptis
1073 4205 1314 4260 omnibus
1337 4223 1456 4277 qua
1494 4207 1565 4263 ad
1587 4206 1696 4261 Ro-

135 4298 314 4340 manam
334 4289 635 4346 (ecclesiam
661 4295 922 4364 pertinere
955 4306 1274 4363 noscuntur;
1303 4307 1354 4352 et
1379 4315 1497 4368 quae
1525 4315 1590 4353 ea:
1615 4299 1696 4354 his

127 4370 228 4439 jure
251 4377 339 4433 tibi
365 4381 540 4447 debet,
575 4382 765 4452 faciat.
802 4383 886 4440 Ex
917 4385 1041 4442 aliis
1073 4403 1191 4442 vero
1222 4389 1465 4459 partibus
1489 4389 1697 4460 imperii

1791 1899 1979 1955 deliter
1994 1899 2210 1970 iuvabo.
2241 1898 2312 1953 Et
2339 1899 2407 1954 do
2441 1916 2618 1954 ceram
2658 1917 2840 1970 pacem
2867 1900 3059 1955 domno
3085 1893 3238 1971 papa:
3275 1900 3385 1956 Ca-

1793 1990 1917 2046 listo
1942 2001 2241 2064 sanctaque
2293 1989 2543 2046 Romana:
2575 1989 2827 2046 azcclesia:
2853 2001 2902 2045 et
2927 1992 3167 2046 omnibus
3187 1993 3287 2065 qui
3319 1993 3377 2048 in

1792 2092 1945 2154 parte
1966 2084 2132 2154 ipsius
2167 2091 2288 2138 sunt
2317 2081 2395 2137 vel
2419 2082 2664 2153 fuerunt;
2696 2091 2744 2137 et
2766 2083 2821 2158 in
2843 2081 3032 2153 quibus
3057 2092 3245 2137 sancta
3271 2081 3383 2139 Ro-

1796 2191 1956 2228 mana
2009 2166 2250 2230 (ecclesia
2301 2174 2565 2229 auxilium
2613 2172 2980 2246 postulaverit,
3029 2173 3261 2244 ﬁdeliter
3287 2171 3385 2245 jun-

1795 2268 1925 2322 uabo
1949 2267 2040 2322 ³⁸⁸.

1865 2357 2028 2412 1125.
2105 2357 2192 2412 l7.
2235 2357 2372 2430 (18.)
2449 2356 2714 2427 14.05.)
2783 2356 3057 2428 eam.)
3165 2357 3221 2414 5.

1867 2448 2114 2506 Domnus
2140 2449 2430 2515 Adelbero,
2459 2464 2526 2504 ex
2557 2450 2705 2504 clero
2732 2448 2905 2504 sancti
2952 2446 3214 2518 Stephani
3246 2446 3381 2504 Met-

1799 2543 1968 2600 tensis
2009 2542 2236 2612 electus,
2278 2541 2692 2598 Leodicensium
2745 2541 3032 2598 ordinatur
3069 2539 3382 2609 episcopus.

1797 2635 2021 2692 Fundus
2063 2645 2267 2694 nostrae
2320 2635 2666 2706 proprietatis
2713 2645 2797 2690 est
2841 2635 2910 2666 m
2959 2633 3239 2703 antiquus,
3287 2631 3385 2703 qui

1799 2743 1946 2791 nunc
1991 2743 2153 2784 mons
2188 2727 2363 2783 sancti
2400 2725 2646 2782 Cuiberti
2682 2724 2919 2792 dicitur;
2949 2723 3004 2779 in
3044 2739 3156 2794 quo
3183 2722 3390 2793 placuit

1799 2819 1977 2887 nobis,
1999 2819 2223 2890 auspice
2234 2817 2457 2875 Christo
2479 2828 2535 2873 et
2547 2832 2776 2874 assensu
2790 2817 3036 2872 omnium
3057 2815 3384 2881 vicinorum,

1799 2927 1996 2968 novam
2025 2911 2328 2967 (ecclesiam
2357 2910 2648 2966 asdilicare.
2680 2908 2822 2964 Olim
2849 2909 3049 2980 quippe
3083 2905 3386 2963 zecclesiola

1801 3003 1978 3074 lignea
2003 3003 2059 3058 in
2079 3001 2366 3070 coluerat,
2403 3002 2610 3057 habens
2634 3001 2901 3073 privilegii
2926 3000 3014 3056 sui
3043 2999 3385 3071 dignitatem,

1802 3096 2012 3153 scilicet
2052 3095 2450 3167 baptisterium,
2482 3093 2819 3165 sepulturam
2861 3105 2914 3148 et
2947 3092 3238 3148 decimam.
3280 3089 3389 3148 Sed

1803 3188 1875 3242 ita
1901 3202 2000 3258 per
2025 3202 2198 3242 annos
2227 3186 2349 3256 plus
2374 3186 2625 3240 minusve
2651 3183 2720 3239 60
2745 3184 3024 3256 neglectus
3046 3191 3184 3250 erat,
3211 3190 3272 3238 ut
3297 3183 3390 3238 vix

1801 3278 1876 3334 ibi
1924 3278 2109 3349 aliqua
2137 3278 2399 3335 aecclesiaa
2425 3276 2652 3348 vestigia
2689 3283 3052 3332 remanerent.
3093 3274 3393 3332 Anno-ita-

1801 3387 1908 3443 que
1930 3369 2148 3426 Domini
2176 3370 2334 3425 1125.
2368 3369 2503 3425 feria
2538 3370 2592 3425 4.
2619 3385 2798 3440 pascas
2821 3384 3023 3440 corpus
3053 3365 3407 3424 sanctissimi"

1801 3463 2016 3536 patroni
2043 3462 2219 3518 nostri
2247 3459 2494 3516 Guiberti
2527 3461 2602 3516 ibi
2629 3459 2926 3516 detulimus
2967 3457 3163 3529 (April.
3199 3457 3312 3529 18),
3333 3466 3391 3514 et

1801 3555 1896 3611 Dei
1925 3554 2109 3611 favore
2154 3552 2430 3610 alliuentia
2479 3552 2654 3622 plebis
2694 3550 2981 3622 utriusque
3012 3565 3178 3606 sexus
3209 3549 3278 3606 ad
3321 3546 3392 3604 ιε

1801 3647 1952 3702 milia
1977 3645 2245 3701 aestimata
2271 3651 2376 3699 est.
2402 3641 2592 3699 Visum
2622 3650 2707 3697 est
2728 3640 2887 3697 nobis
2931 3639 3288 3697 redeuntibus
3314 3638 3389 3696 ibi

1802 3751 2084 3794 remanere
2111 3751 2313 3807 corpus
2355 3735 2533 3792 sancti
2560 3733 2836 3801 Guiberti;
2868 3732 3016 3804 quod
3057 3739 3207 3788 tanta
3235 3730 3391 3792 dein~

1801 3847 1928 3902 ceps
1965 3829 2359 3886 miraculorum
2389 3829 2511 3884 luce
2553 3827 2741 3894 claret,
2773 3836 2834 3883 ut
2857 3826 2928 3882 ab
2971 3824 3230 3882 omnibus
3251 3838 3393 3894 qua-

1799 3937 2131 3994 quaversum
2183 3921 2436 3992 gentibus
2488 3930 2544 3976 et
2589 3919 2929 3975 desideretur
2963 3926 3019 3974 et
3073 3916 3391 3986 frequente-

1803 4027 1892 4071 tur
1919 4016 2010 4072 ³¹¹.
2036 4013 2334 4070 Balduinus
2363 4012 2856 4070 Jherosolimorum
2901 4026 2997 4067 rex
3042 4027 3074 4068 a
3102 4008 3393 4067 Saracenis

1800 4109 2032 4180 capitur.
2055 4107 2178 4177 Qua
2194 4108 2264 4165 de
2284 4123 2342 4164 re
2363 4117 2545 4164 mente
2562 4108 2905 4173 excedentes,
2928 4104 3390 4174 undiqueversum

1799 4202 2010 4259 evocati
2039 4201 2107 4258 ad
2135 4201 2414 4271 sexaginta
2446 4200 2594 4256 milia
2621 4200 3121 4272 conglutinet-antur,
3149 4206 3212 4251 ut
3243 4194 3392 4253 chri-

1801 4295 2015 4351 stianos
2041 4308 2073 4348 a
2105 4292 2307 4348 ﬁnibus
2337 4292 2455 4348 suis
2479 4290 2876 4356 exterminent;
2907 4294 2964 4343 et
2982 4285 3126 4357 apud
3150 4283 3389 4342 Ascalon

1801 4385 2188 4456 impedimenta
2226 4399 2327 4440 sua
2354 4382 2759 4448 commendant,
2789 4379 2995 4436 scilicet
3027 4391 3249 4442 uxores,
3295 4390 3389 4432 so-

135 4477 437 4525 consecratus
477 4471 622 4542 infra
651 4473 684 4528 6
715 4491 914 4530 menses
939 4477 1140 4549 regalia
1165 4495 1260 4550 per
1277 4488 1541 4549 sceptrum
1576 4497 1610 4534 a
1651 4489 1700 4534 te
1733 4475 1777 4531 D
1801 4475 1954 4532 boles
1972 4484 2030 4532 et
2053 4473 2328 4532 victualia.
2355 4471 2654 4527 Christiani
2680 4470 2735 4525 in
2758 4478 2878 4525 arto
2899 4466 3084 4538 positi,
3108 4465 3246 4520 nihil
3275 4463 3392 4536 spei

137 4557 343 4626 recipiat.
369 4561 448 4616 De
473 4562 664 4634 quibus
687 4581 804 4620 vero
835 4567 995 4622 michi
1018 4570 1406 4640 querimoniam
1433 4571 1620 4641 feceris
1645 4583 1696 4628 et

136 4650 371 4706 auxilium
397 4657 770 4724 postulaveris,
807 4659 1094 4714 secundum
1136 4661 1292 4730 ofﬁcii
1328 4661 1429 4715 mei
1461 4661 1696 4717 debitum

137 4742 372 4798 duilium
393 4747 496 4800 tibi
514 4749 796 4816 prastabo.
832 4750 914 4805 Do
943 4751 1041 4806 tibi
1069 4769 1245 4807 veram
1274 4771 1479 4824 pacem,
1511 4764 1562 4809 et
1584 4772 1695 4810 omv

137 4832 263 4888 nibus
281 4839 368 4907 qui
388 4841 446 4893 in
481 4850 573 4896 tua
603 4851 756 4910 parte
779 4851 901 4895 sunt
929 4842 1007 4897 vel
1041 4844 1254 4914 fuerunt
1279 4855 1508 4916 tempore
1537 4846 1696 4918 hujus

137 4921 406 4985 discordiae.
457 4929 807 5004 Rescriptum
852 4932 1072 4990 Henrici
1131 4935 1476 5007 imperatoris
1520 4955 1532 4993 :
1583 4937 1696 5009 Ego

1804 4567 1912 4624 nisi
1943 4567 1999 4622 in
2029 4567 2202 4622 Deum
2251 4565 2531 4628 habentes,
2563 4561 2811 4631 exemplo
2838 4556 3199 4614 Ninivitarum
3251 4555 3390 4611 utri-

1803 4677 1912 4733 qne
1961 4659 2116 4717 sexui
2140 4658 2411 4730 jejunium
2447 4655 2724 4720 indicunt;
2754 4652 2944 4724 pueris
2959 4650 3145 4714 etiam,
3169 4647 3394 4704 infanti.

1803 4753 1908 4809 bus
1927 4749 2276 4816 lactentibus,
2326 4747 2584 4803 universo
2615 4759 2835 4815 quoque
2864 4741 3045 4813 pecori
3073 4741 3272 4812 pabula
3297 4754 3395 4795 ne-

1801 4851 2021 4916 gantur,
2055 4841 2182 4898 Dies
2218 4857 2413 4914 pugnae
2439 4837 2716 4896 indicitur.
2747 4835 3056 4892 Procedunt
3082 4832 3391 4901 christiani,

1801 4953 1936 5029 cuin
1951 4934 2218 4992 militibus
2239 4943 2294 4990 et
2315 4933 2586 5006 peditibus
2607 4931 2698 4987 vix
2723 4930 2792 4987 ad
2824 4929 2931 4988 tria
2955 4927 3106 4984 milia
3131 4926 3388 4983 estimati.

1400 5041 1631 5130 vanus
1668 5073 2068 5132 LECTIONES.

141 5183 424 5259 εοηζιιιρεο
466 5185 562 5259 El.
609 5187 666 5259 2.
710 5187 956 5244 addunt:
1006 5187 1208 5244 Comes
1239 5186 1630 5259 llainocnsium
1662 5185 1966 5242 Balduinus
1995 5185 2263 5259 moritur;
2301 5183 2390 5241 cui
2433 5180 2678 5259 succedit
2714 5178 3014 5259 Balduinus
3065 5177 3210 5259 lilins
3249 5173 3390 5259 ejus.

145 5243 308 5330 lenia:
327 5255 605 5330 Anselmus
647 5258 758 5328 ipse
788 5267 906 5330 post
939 5243 1310 5330 superscripsit
1349 5258 1580 5330 primam
1609 5259 1874 5330 sequentis
1905 5257 2035 5311 auni
2077 5243 2306 5330 lineam;
2355 5255 2493 5330 unde
2521 5253 2776 5330 pidemus,
2804 5266 2931 5330 eum.
2952 5249 3066 5330 hac
3093 5248 3198 5330 tria
3229 5243 3390 5330 edidi:

145 5323 344 5378 lamenta
384 5328 571 5397 fecisse
612 5317 736 5384 ante
761 5317 921 5399 ﬁnem
971 5317 1099 5385 a'nni
1155 5317 1439 5400 sequenlis.
1538 5317 1801 5400 mTotus
1852 5344 2164 5400 an_nus_uno
2210 5317 2419 5400 calamo
2454 5325 2558 5395 fuit
2599 5317 2872 5400 exaratns.
2896 5319 2975 5375 Ab
2997 5317 3118 5372 hinc
3141 5317 3394 5400 habitam

146 5400 304 5447 unus
331 5407 502 5452 mutat
555 5409 606 5454 et
641 5398 1022 5456 atramentum.
1115 5401 1184 5434 ⁸¹⁶
1219 5398 1516 5455 Cemblaco
1556 5398 1710 5452 addit
1739 5399 1804 5452 Α.

1917 5398 1985 5431 ³³³
2029 5397 2205 5453 Mutat
2242 5385 2483 5452 habitum
2527 5409 2735 5449 manus.
2774 5389 3111 5448 Domnus—
3139 5385 3393 5458 frequen-

145 5462 460 5522 lullrdesunt
484 5469 582 5526 85'
609 5471 685 5529 4‘.
718 5471 818 5526 4“.
864 5471 1091 5528 Fundus
1110 5502 1178 5512 —
1208 5469 1586 5542 lrequentetur
1621 5469 1810 5523 desunt
1833 5469 1932 5523 Bl.
1955 5469 2008 5524 5.

1620 5580 1854 5639 ΝΟΤΑΞ.

377 5673 772 5748 Vanqnemont.

376 5743 510 5804 Mon.
557 5747 718 5812 laeua.
755 5767 772 5806 ι

376 5739 523 5804 Non:
557 5747 718 5823 Legg.
755 5767 816 5818 ιι,
853 5749 951 5818 75;
979 5751 1149 5808 codex
1182 5750 1238 5806 S.
1283 5748 1324 5804 Τ
1329 5747 1557 5806 rudonis
1598 5764 1664 5804 cx
1695 5743 1955 5802 Ansclmo
1982 5741 2205 5799 ﬂuxisse
2236 5739 2480 5806 videtur,
