4012 6440
560 330 670 387 ﬂ?

1760 326 2122 388 SIGEBERTI
2161 322 2698 390 GEHBIJLCENSIS

3693 350 3789 409 2w

558 442 843 514 Principes
890 442 1215 514 gradiuntur
1241 444 1299 502 in
1346 441 1546 510 fronte,
1575 442 1782 500 scilicet
1810 443 2145 513 patriarcha,
2179 446 2221 505 Α
2249 443 2417 499 lixtus
2451 454 2613 515 papa,
2644 440 2740 512 qui
2774 448 2829 497 et
2857 438 3055 508 Guido,
3089 438 3341 498 moritur.
3379 443 3617 510 Succedit
3645 456 3787 520 Lm-

557 549 660 607 pro
681 535 878 590 vexillo
906 533 1085 592 ferens
1112 551 1332 595 crucem
1379 535 1616 602 Christi;
1654 535 1985 592 abbasolim
2010 534 2146 590 ,ειυ-

558 627 836 684 niaeensis
869 625 1119 694 Pontius,
1155 628 1440 700 proferens
1462 629 1709 684 lanceam
1744 629 2060 684 transfixum
2086 627 2144 682 in

558 720 727 776 fatere
780 718 1017 787 Christi;
1066 722 1359 792 episcopus
1404 719 1807 785 Bebtleemites,
1857 718 2043 777 ferens
2085 721 2144 775 in

556 812 739 882 pixide
762 811 848 867 lac
869 821 1074 869 sanctze
1100 811 1284 868 Mariae
1307 822 1579 883 perpetua:
1607 812 1851 884 virginis.
1884 810 2141 866 Saraceni

559 918 688 957 vero
714 917 1155 973 quaquaversum
1182 903 1360 970 ellusi,
1388 919 1456 960 ex
1483 905 1632 961 omni
1662 904 1830 959 latere
1859 903 1914 958 in
1950 901 2141 957 orbem

554 994 993 1066 circumcingunt
1025 996 1379 1064 christianos,
1414 1011 1485 1051 ne
1530 996 1655 1067 quis
1683 995 1858 1066 possit
1887 994 2137 1050 evadere.

552 1086 695 1143 Dum
721 1086 796 1142 ita
830 1088 884 1142 in
912 1089 1198 1159 procinctu
1241 1089 1433 1145 herent
1466 1088 1773 1155 christiani,
1817 1087 1999 1144 vident
2028 1086 2141 1142 Deo

552 1179 659 1236 sibi
700 1180 926 1252 auspice
967 1181 1311 1252 splendorem
1340 1168 1527 1238 scisso.
1546 1196 1672 1237 aere
1702 1196 1867 1253 super
1895 1192 2143 1252 paganos

551 1272 737 1328 subito
766 1273 1049 1339 cecidisse,
1087 1275 1185 1330 sed
1217 1289 1327 1330 non
1368 1289 1713 1346 prosperum,
1759 1274 1855 1329 sed
1880 1272 2019 1328 satis
2039 1288 2149 1328 nos.

550 1364 764 1427 cirum;
817 1366 1071 1436 quamvis
1090 1366 1236 1423 hunc
1270 1367 1374 1437 ipsi
1424 1364 1683 1422 Saraceni
1736 1381 1846 1421 non
1881 1365 2137 1421 viderint.
2200 1390 2213 1402 -

548 1454 681 1511 ilico
708 1458 854 1512 enim
890 1458 1139 1514 omnium
1174 1460 1373 1515 virium
1403 1459 1601 1515 robore
1633 1457 1894 1526 enervati,
1931 1456 2139 1529 passim

550 1548 846 1620 fugientes,
885 1551 1156 1606 ceduntur
1183 1567 1297 1607 non
1324 1552 1502 1608 solum
1529 1567 1561 1606 a
1586 1550 1741 1613 viris,
1781 1551 1874 1607 sed
1911 1550 2076 1606 etiam
2103 1564 2141 1605 a

550 1640 737 1709 pueris
765 1648 822 1696 et
852 1638 1094 1697 feminis.
1126 1641 1417 1700 Perierunt
1454 1643 1510 1698 in
1545 1643 1688 1698 bello
1723 1652 1928 1713 septem
1962 1640 2137 1708 milia,

546 1733 820 1790 submersi
850 1745 978 1792 sunt
1002 1735 1058 1791 in
1097 1738 1264 1808 aquis
1284 1736 1527 1808 quinque
1560 1736 1731 1791 milia.
1765 1734 1971 1793 Omnes
2001 1749 2134 1790 vero

547 1826 831 1882 christiani
860 1827 1165 1884 incolumes
1195 1829 1424 1895 reversi,
1448 1843 1724 1884 summum
1748 1836 1805 1883 et
1822 1827 1982 1883 dulce
2004 1842 2135 1898 epy-

544 1919 768 1974 nichion
798 1920 1028 1976 reboant
1052 1919 1285 1976 Domino
1307 1921 1361 1976 in
1389 1921 1624 1978 excelsis
1646 1920 1735 1976 ³⁸².

569 2010 753 2067 am.
1041 2010 1108 2067 ιι.
1150 2012 1243 2067 18.
1277 2012 1416 2083 (ιθ.)

919 2104 990 2161 Α.
1019 2104 1114 2159 st.
1155 2104 1296 2177 (25.)
1587 2103 1653 2159 υ.
1690 2104 1744 2160 6.

561 2220 568 2226 -
612 2184 884 2251 Henricus
907 2195 1204 2267 imperator
1230 2196 1563 2268 Aquisgrani
1594 2197 1774 2253 natale
1798 2195 2017 2253 Domini
2045 2212 2138 2252 ce-

542 2287 739 2343 lebrat.
784 2285 975 2344 Hiems
1007 2288 1170 2345 solito
1209 2290 1488 2357 acerbior,
1518 2303 1570 2345 et
1601 2301 1823 2360 aggcslu
1866 2289 2007 2345 nivis
2048 2303 2139 2345 sc-e

541 2380 667 2450 pius
710 2377 1014 2450 decidentis
1044 2382 1211 2439 nimis
1263 2382 1485 2439 horrida
1523 2390 1580 2438 et
1613 2382 1947 2452 importuna.
1979 2382 2135 2440 Multi

539 2472 686 2527 enim
714 2487 1016 2545 pauperum
1034 2474 1272 2531 infantes
1296 2482 1352 2531 et
1365 2474 1626 2530 mulieres
1655 2475 1933 2532 nimietate
1962 2474 2134 2549 frigo-

540 2566 623 2622 ris
660 2565 998 2624 defecerunt.
1046 2567 1348 2624 Mortalitas
1391 2583 1612 2640 quoque
1655 2568 1977 2625 animalium
2015 2585 2134 2626 ma-

540 2658 708 2714 xima.
748 2657 810 2714 ln
842 2659 1031 2716 multis
1074 2661 1297 2718 vivariis
1338 2660 1519 2732 pisces
1564 2661 1775 2718 absorti
1814 2662 1920 2719 sub
1958 2662 2135 2733 glaeie

539 2752 838 2820 perierunt.
870 2750 929 2807 In
953 2752 1259 2809 Bracbanto
1284 2755 1535 2825 anguilla:
1556 2754 1982 2811 innumerabiles
2003 2770 2134 2827 pro-

540 2846 662 2909 pter
691 2838 921 2909 glaciem
961 2855 993 2893 a
1033 2838 1325 2908 paludibus
1347 2847 1633 2907 exeuntes,
1664 2840 1812 2911 quod
1840 2840 1993 2897 dictu
2023 2841 2130 2896 mi-

540 2942 669 2982 rum
710 2937 815 2995 est,
849 2928 905 2984 in
949 2927 1233 2985 fmnilibus
1269 2927 1538 3000 fugientes
1576 2929 1885 2997 latuerunt;
1923 2931 2020 2987 sed
2057 2931 2133 2989 ibi

536 3018 705 3074 etiam
756 3034 855 3089 pre
915 3020 1197 3077 nimietate
1250 3021 1470 3093 frigoris
1529 3020 1852 3079 deﬁcientes
1903 3038 2133 3095 compu-

539 3118 798 3167 truerunt
814 3111 904 3167 ³⁸³.
937 3110 1114 3168 Hiemi
1144 3113 1773 3184 sucecssitintemperies
1793 3115 1961 3183 aeris,
1984 3132 2133 3172 nunc

537 3202 688 3269 nive,
711 3218 860 3259 nunc
890 3203 1099 3275 pluvia,
1120 3220 1269 3262 nunc
1297 3206 1417 3276 gelu
1445 3205 1756 3262 alternatim
1783 3207 1917 3264 satis
1948 3208 2131 3264 deter~

540 3293 705 3360 rima,
731 3310 909 3365 usque
925 3294 985 3350 in
1007 3295 1191 3351 medio
1216 3295 1431 3352 Martio.
1460 3296 1656 3352 Postea
1678 3297 1896 3353 diutino
1926 3296 2131 3370 frigore

543 3393 601 3441 et
633 3385 817 3456 pluvia
861 3387 1008 3443 aeris
1048 3388 1304 3443 horrente
1336 3389 1725 3457 inconstantia,
1774 3390 1866 3446 vix
1909 3391 2129 3446 tandem

543 3478 770 3534 arbores
815 3478 1122 3536 floruerunt
1157 3478 1302 3536 Maio
1342 3496 1554 3548 mense,
1591 3482 1680 3537 vix
1706 3483 1924 3538 tandem
1955 3483 2131 3555 gratia

540 3570 836 3627 herbarum
879 3582 934 3627 et
979 3572 1291 3645 graminum
1339 3573 1577 3645 reviguit
1622 3574 1805 3630 virore
1832 3574 1923 3630 ³⁸⁸.
1951 3574 2130 3631 Imber

538 3680 673 3721 vero
694 3665 924 3738 singulis
943 3665 1232 3722 mensibus
1258 3666 1481 3723 assidue
1509 3666 1797 3732 deeiduus,
1827 3676 1946 3723 sata
1967 3683 2129 3740 agro-

538 3774 661 3813 rum
698 3772 836 3829 pene
871 3758 1129 3815 absorsit.
1161 3756 1304 3813 Nam
1330 3758 1491 3830 siligo
1515 3767 1572 3815 et
1596 3775 1782 3815 avenae
1802 3768 2127 3829 proventum

537 3859 701 3904 suum
732 3850 868 3908 satis
900 3858 1033 3905 sunt
1056 3849 1351 3904 ementitus.
1392 3848 1546 3905 Multi
1576 3865 1798 3921 quoque
1820 3866 1979 3907 sacro
2003 3851 2129 3923 igne

536 3941 868 3998 aduruntur.
891 3940 1075 4014 Tyrus
1096 3940 1308 3997 Hebrea
1328 3942 1518 4013 lingua
1540 3939 1645 3997 Sor
1666 3941 1836 4009 dicta,
1854 3942 1988 3998 urbs
2018 3961 2135 3999 ma-

539 4033 690 4088 xima
712 4032 930 4090 Fenicis
958 4042 1015 4090 et
1037 4034 1285 4105 antiqua,
1314 4034 1369 4089 in
1405 4035 1569 4090 corde
1594 4034 1765 4090 maris
1800 4036 1931 4103 sita,
1953 4034 2128 4108 Sydo-

542 4125 758 4178 nimum
791 4122 1025 4192 colonia,
1055 4125 1355 4196 negotiatio
1386 4125 1579 4192 maris,
1608 4127 1918 4196 emporium
1960 4127 2129 4183 totius

540 4217 711 4282 orbis,
732 4216 991 4273 vaticinia
1008 4218 1398 4288 prephetarum
1419 4218 1690 4274 celebrata
1711 4227 1767 4274 et
1787 4219 2129 4276 carminibus

540 4315 829 4377 poetarum
859 4307 1065 4375 inclita,
1096 4308 1226 4363 olim
1250 4308 1471 4380 quidem
1500 4308 1703 4377 insula,
1733 4323 1766 4364 a
1798 4307 2127 4379 Nabngodo—

541 4411 711 4452 nosor
734 4399 816 4452 vel
839 4398 910 4453 ab
936 4397 1244 4454 Alexandro
1263 4407 1485 4470 prepter
1500 4399 1961 4471 expugnationem
1987 4398 2128 4453 mul-

1704 1965 1765 2067 .5.
1806 2012 1896 2067 15.
1941 2010 2079 2081 (ιδ.)
2139 1965 2143 1969 δ

2248 534 2455 600 bertns,
2486 535 2581 606 qui
2603 544 2656 590 et
2678 533 2976 600 Honorius,
3016 530 3319 591 llostiensis
3342 538 3635 613 episcopus.

2317 649 2475 705 1125.
2554 649 2641 704 19.
2684 648 2824 720 (20.)
2898 646 2988 703 16.
3027 646 3166 718 (17.)
3234 646 3327 704 25.
3368 651 3501 726 (26.)
3606 660 3652 718 7.

2316 759 2502 816 mems
2543 761 2868 830 asperrima,
2913 775 3009 816 sex
3053 757 3720 830 ep‘domadibus'eontinua
3744 790 3791 835 et

2243 854 2398 909 valde
2412 853 2597 908 noxia.
2622 841 2817 909 Fames
2838 851 3017 908 valida
3038 852 3241 923 ubique
3262 868 3455 927 magna
3479 858 3790 927 multitudine

2242 946 2530 1016 utriusque
2559 960 2723 1001 sexus
2748 944 3124 1016 pereuntibus.
3171 941 3230 997 In
3259 940 3527 1004 Hasbania
3565 952 3792 1022 ignobilis

2242 1037 2562 1093 muliercula
2606 1045 2914 1093 monstrum
2944 1035 3231 1107 bisgemini
3264 1039 3507 1108 corporis
3533 1041 3789 1114 est'inixa,

2242 1132 2450 1187 aversis
2491 1130 2732 1186 vultibus
2767 1139 2822 1186 et
2865 1129 3191 1201 corporibus
3227 1129 3332 1185 sibi
3361 1131 3648 1198 coherens:
3684 1150 3789 1195 ante

2240 1222 2459 1293 quidem
2490 1222 2694 1295 etllgies
2736 1221 2981 1280 hominis
3025 1221 3242 1293 integro
3279 1224 3520 1294 corporis
3561 1228 3790 1284 menbro-

2241 1326 2472 1385 rumque
2497 1314 2691 1373 ordine
2715 1314 3000 1383 distincta,
3032 1322 3180 1370 retro
3206 1324 3337 1370 vero
3365 1313 3528 1373 facies
3543 1320 3704 1386 canis,
3728 1324 3791 1378 si:

2239 1405 2441 1463 militer
2481 1408 2727 1478 corporis
2753 1417 2808 1464 et
2840 1408 3194 1464 menbrorum
3234 1407 3559 1478 proprietate
3587 1410 3789 1485 integra.

2238 1494 2299 1552 In
2332 1496 2635 1556 Bracbanto
2674 1500 2798 1558 villa
2845 1499 3091 1567 Nerisca,
3137 1498 3246 1555 alia
3291 1500 3486 1555 mulier
3529 1502 3679 1558 enixa
3717 1513 3791 1560 est

2238 1596 2477 1659 quatuor
2499 1589 2778 1645 masculos
2799 1602 2910 1645 uno
2932 1598 3093 1660 partu
3122 1588 3213 1642 “'.
3237 1586 3297 1642 ln
3321 1585 3682 1647 Gemblacensi
3705 1607 3787 1662 pa-

2239 1676 2449 1744 rochia,
2480 1679 2610 1733 dum
2645 1678 3039 1750 paterfamilias
3080 1677 3353 1735 dominica
3400 1678 3487 1735 die
3523 1679 3786 1738 mixturam

2165 1789 2211 1849 B
2237 1775 2482 1838 segetum
2508 1783 2608 1838 pre
2636 1770 2864 1840 penuria
2894 1769 3055 1826 famis
3085 1770 3316 1825 moleret
3340 1768 3394 1825 in
3419 1784 3550 1826 usus
3572 1769 3785 1839 familiae,

2237 1859 2421 1916 subito
2444 1860 2595 1931 justa
2621 1860 2718 1917 Dei
2744 1863 3118 1934 indignatione
3150 1862 3288 1918 arsit
3315 1860 3489 1918 farina
3513 1876 3630 1918 cum
3649 1874 3790 1933 puto-

2236 1949 2322 2006 ris
2348 1951 2671 2022 nigredine;
2698 1952 2766 2008 ad
2797 1953 3106 2024 exemplum
3131 1952 3391 2024 posteris,
3425 1967 3492 2008 ne
3519 1951 3641 2023 quid
3667 1968 3790 2024 pra-

2237 2046 2460 2100 s'umant
2480 2044 2680 2102 simile.
2709 2044 2980 2103 Ecclesia
3002 2046 3179 2103 sancti
3206 2043 3451 2118 Dyonisii
3477 2044 3579 2101 sita
3599 2046 3651 2101 in
3671 2044 3788 2101 Broa

2236 2140 2493 2215 choren'si
2527 2141 2665 2198 silva
2711 2141 2887 2215 (561),
2935 2140 2966 2196 7
3011 2139 3131 2196 Kal.
3178 2138 3331 2207 Maii,
3379 2140 3433 2195 in
3474 2138 3608 2196 festo
3639 2141 3792 2196 sancti

2235 2231 2424 2300 Marci,
2448 2235 2628 2304 primo
2650 2234 2973 2305 crepusculo
2986 2233 3163 2289 noctis
3187 2248 3316 2289 cum
3345 2232 3595 2288 omnibus
3614 2244 3790 2303 appen-

2235 2324 2396 2383 diciis
2419 2335 2474 2382 et
2498 2334 2614 2384 tota
2634 2326 2761 2381 villa
2783 2326 3001 2400 penitus
3030 2332 3435 2391 concrematur,
3462 2323 3606 2379 salvo
3630 2332 3792 2378 tamen

2232 2418 2495 2475 thesauro
2519 2427 2574 2474 et
2597 2418 2862 2476 armario.
2885 2417 3079 2492 (Mart.
3103 2416 3199 2488 29)
3229 2414 3500 2472 Henricus
3523 2414 3793 2485 imperator

2236 2507 2431 2567 Leodii
2456 2509 2659 2581 pascha
2680 2509 2899 2565 Domini
2931 2509 3190 2565 celebrat.
3225 2506 3356 2563 Inde
3380 2506 3563 2577 Aquas
3586 2514 3789 2562 conten-

2234 2601 2390 2670 dens,
2427 2602 2621 2658 morbo
2645 2601 2986 2669 dracunculi,
3017 2602 3111 2673 qui
3144 2600 3250 2657 sibi
3289 2608 3406 2656 erat
3434 2599 3659 2665 nativus,
3683 2613 3788 2652 me.

2233 2692 2423 2749 lestari
2447 2694 2624 2764 cepit;
2656 2704 2880 2765 propter
2912 2694 3059 2765 quod
3077 2703 3131 2749 et
3153 2693 3227 2748 ibi
3257 2693 3463 2762 aliquot
3490 2692 3602 2747 dies
3635 2706 3794 2745 remo-

2233 2793 2389 2841 ratus
2440 2796 2552 2852 est;
2607 2786 2804 2842 deinde
2854 2784 3175 2842 Neumaiam
3220 2785 3377 2858 (362)
3414 2784 3576 2840 venit.
3621 2782 3791 2839 Postea

2234 2877 2394 2948 quasi
2447 2886 2797 2948 pentecosten
2842 2877 3242 2943 celebraturus,
3279 2875 3658 2946 Vultrajectum
3711 2885 3790 2927 ve-

2232 2970 2342 3038 nit;
2370 2971 2469 3027 sed
2488 2986 2614 3027 cum
2644 2986 2740 3043 per
2758 2971 2874 3026 dies
2895 2971 3125 3042 languor
3149 2969 3574 3041 ingravesceret,
3600 2965 3788 3022 tandem

2232 3060 2369 3119 feria
2417 3062 2605 3135 quinta
2647 3062 2702 3116 in
2751 3069 3065 3132 pentecoste
3105 3059 3278 3115 vitam
3328 3074 3452 3116 cum
3479 3073 3639 3128 regno
3674 3052 3790 3107 arni-

2159 3167 2207 3226 ο
2236 3158 2309 3215 sit
2350 3157 2509 3231 (Mai.
2534 3160 2649 3230 23).
2680 3159 2895 3229 Corpus
2923 3158 3044 3228 ejus
3076 3156 3268 3227 ejectis
3290 3155 3563 3210 intestinis
3590 3151 3691 3208 sale
3715 3166 3789 3203 re-

2237 3265 2511 3323 spersum,
2541 3249 2712 3321 Spirae
2743 3251 2976 3310 relatum
3011 3258 3114 3305 est.
3151 3247 3264 3303 Rex
3289 3245 3583 3302 Jerusalem
3600 3241 3793 3297 Baldni-

2235 3342 2341 3399 nus
2390 3343 2515 3399 data
2560 3343 2927 3413 redemptione
2974 3357 3005 3398 a
3058 3340 3353 3399 Saracenis
3397 3337 3673 3396 dimittitur
3709 3334 3787 3386 ⁸³⁸.

2235 3427 2393 3508 (Aug.
2423 3432 2538 3507 50.)
2567 3433 2752 3490 Mense
2776 3433 3026 3507 Augusto
3055 3433 3110 3489 in
3126 3433 3273 3489 festo
3297 3432 3469 3489 sancti
3492 3424 3792 3484 Bartolomci

2233 3526 2488 3598 apostoli,
2539 3526 2893 3582 excellentior
2940 3526 3179 3598 dignitas
3226 3524 3552 3595 optimatum
3602 3515 3785 3589 imperii

2231 3619 2346 3675 sive
2373 3618 2696 3674 eminentior
2722 3619 2896 3691 gloria
2923 3618 3204 3685 :ecclesne,
3238 3614 3518 3672 Eurardus
3541 3621 3594 3668 et
3613 3611 3788 3665 Roma-

2231 3726 2337 3765 nus
2355 3710 2518 3781 legati
2540 3711 2851 3780 apostolica:
2866 3709 3045 3777 sedis,
3069 3717 3123 3765 et
3142 3704 3538 3779 archiepiscopi
3558 3718 3673 3759 cum
3691 3699 3788 3771 epi-

2231 3803 2435 3873 scopis,
2471 3819 2536 3858 ex
2561 3803 2817 3858 condicto
2845 3802 2915 3835 ³⁸⁷
2939 3800 3329 3858 convenientes
3351 3796 3651 3869 Moguntite,
3672 3807 3786 3848 con-

2231 3894 2438 3951 sultant
2463 3894 2567 3949 sibi
2589 3903 2646 3949 et
2666 3892 2765 3949 toti
2781 3893 3046 3948 Romano
3068 3890 3321 3962 imperio
3346 3890 3414 3946 de
3438 3883 3789 3944 substituendo

2228 3987 2375 4056 rege.
2418 3984 2715 4042 Lotharius
2744 3986 2850 4041 dux
2883 3984 3187 4050 Saxonum,
3214 3983 3301 4039 vir
3336 3982 3551 4053 sapiens
3577 3987 3628 4033 et
3652 3977 3790 4030 indu-

2229 4076 2421 4143 strius,
2443 4084 2499 4130 et
2529 4077 2915 4132 recclcsiastieo
2932 4076 3043 4147 juri
3081 4076 3332 4143 devotus,
3366 4081 3649 4145 prepotens
3666 4067 3788 4122 divi-

2230 4166 2320 4223 tiis
2356 4175 2412 4222 et
2428 4167 2698 4234 victoriis,
2722 4168 2968 4222 omnium
2993 4182 3221 4222 assensu
3244 4165 3484 4237 eligitur.
3511 4160 3608 4216 llic
3626 4170 3788 4214 mense

2232 4256 2577 4329 Septembrio
2602 4274 2728 4314 cum
2762 4259 2968 4315 eisdem
2994 4259 3187 4330 legatis
3211 4266 3266 4313 et
3290 4257 3509 4314 duobus
3545 4248 3788 4319 archiepi-

2228 4350 2413 4420 scopis
2438 4359 2491 4406 et
2525 4358 2654 4407 octo
2682 4351 2955 4421 episcopis
2982 4359 3038 4406 et
3066 4350 3254 4406 multis
3291 4349 3578 4406 abbatibus
3601 4353 3651 4400 et
3678 4356 3784 4398 cum

2229 4440 2681 4497 eminentioribus
2717 4442 2856 4497 aula:
2883 4441 3080 4513 regalis
3106 4441 3436 4511 primatibus
3476 4430 3787 4508 Aquasgiaui

540 4486 614 4541 ιεε
638 4486 874 4602 litim}?
901 4486 1048 4602 ξτςξο
1072 4489 1360 4602 aereus
1388 4488 1750 4602 εοξηροτξαιίεξ
1775 4498 1922 4602 cry:
1946 4489 2129 4602 ξεξηιξτ
2160 4512 2204 4569 ιι
2232 4486 3489 4602 eain;minatis:ignem}.
3530 4486 3788 4583 i.....:....

543 4595 681 4634 nens
708 4580 870 4646 farm,
901 4580 1109 4650 pridem
1140 4597 1171 4635 a
1211 4579 1682 4653 Nabugodonosor
1724 4590 2031 4652 expugnata
2071 4589 2127 4636 et

540 4668 740 4739 partim
787 4670 1081 4741 captivata,
1135 4680 1189 4727 et
1234 4680 1424 4742 postea
1469 4673 1539 4727 ab
1576 4671 1883 4726 Alexandro
1910 4670 2126 4741 penitus

542 4774 719 4831 usque
759 4761 828 4817 ad
870 4763 1051 4818 solum
1074 4763 1254 4819 diruta
1285 4773 1340 4820 et
1368 4763 1666 4829 destructa,
1689 4763 1785 4819 sed
1809 4763 1965 4833 juxta
1989 4778 2121 4834 pro-

542 4853 730 4923 phetas
760 4863 884 4924 post
908 4856 1249 4927 septuaginta
1270 4870 1448 4911 annos
1471 4852 1779 4910 reediticata
1807 4861 1862 4909 et
1897 4853 1951 4908 in
1981 4854 2126 4909 anti-

538 4960 710 5015 quum
736 4956 937 5002 statum
964 4948 1238 5014 restituta,
1268 4947 1474 5003 nostris
1507 4946 1672 5002 modo
1700 4945 2040 5017 temporibus
2071 4946 2130 5001 in

538 5040 646 5092 line
679 5039 868 5095 mundi
897 5054 930 5093 a
955 5039 1269 5095 christianis
1291 5048 1436 5094 terra
1456 5038 1706 5108 marique
1733 5037 1956 5093 obsessa
1982 5025 2131 5108 c'api-

2231 4624 2605 4694 archipresule
2626 4623 2936 4680 Coloniensi
2971 4623 3026 4679 in
3052 4639 3234 4694 regem
3270 4622 3608 4679 benedicitnr
3633 4628 3681 4673 et
3701 4630 3788 4670 un-

2230 4715 2376 4787 gitur
2402 4715 2570 4787 (Sept.
2606 4717 2717 4788 15),
2750 4716 2902 4771 omni
2923 4705 3072 4773 clero
3101 4725 3156 4771 et
3188 4716 3392 4787 populo
3428 4713 3668 4770 festivum
3691 4705 3788 4778 rpi-

2229 4807 2453 4863 nichion
2476 4808 2905 4865 acclamantibus
2922 4809 3019 4865 ⁸⁸⁸.

2286 4916 2443 4976 uae.
2629 4922 2682 4977 ι.
2812 4921 2899 4977 ιτ.
2944 4920 3081 4994 (18.)
3225 4919 3494 4995 26.(27.)
3633 4916 3683 4970 8.

2301 5035 2486 5092 Hiems
2514 5037 2809 5106 acerrima;
2841 5053 3045 5094 vernus
3084 5038 3248 5093 etiam
3286 5035 3645 5107 periculosus.
3691 5026 3790 5080 [lex

541 5137 649 5197 tur,
685 5138 740 5184 et
766 5127 971 5184 Christi
1022 5128 1251 5199 imperio
1291 5128 1635 5199 snbjugatur.
1685 5126 1833 5200 (Dec.
1867 5126 1980 5197 l2.)
2017 5127 2125 5181 Ca-
2231 5125 2526 5183 Lotharius
2576 5136 2769 5184 contra
2827 5127 3166 5185 Bebemones
3190 5127 3421 5191 vadens,
3471 5118 3788 5195 quorundam

1821 5216 2057 5273 VARIIE
2098 5214 2386 5274 LECTION
2396 5217 2498 5272 ES.

612 5292 682 5324 ⁸¹¹
741 5290 873 5348 Post
915 5292 1025 5347 haec
1075 5291 1218 5345 linea
1262 5306 1437 5345 erasa.
1464 5290 1720 5347 Calamus
1748 5298 2002 5343 mutatur.
2077 5288 2150 5359 Ψ
2178 5286 2233 5341 lu
2268 5288 2456 5343 multis
2483 5316 2556 5328 --
2589 5296 3042 5359 computruerunt
3076 5287 3267 5359 desunt
3292 5287 3417 5359 83".
3447 5286 3544 5339 ια’.

3618 5279 3681 5311 ιιι
3701 5275 3786 5331 δε.

538 5364 752 5430 quentia
777 5379 937 5433 usque
963 5363 1032 5433 ad
1064 5362 1293 5416 medium
1314 5378 1510 5433 annum
1535 5370 1833 5433 sequentem
1863 5376 1968 5413 uno
1999 5358 2208 5433 calamo
2248 5368 2403 5430 atque
2439 5352 2745 5433 atramento
2772 5368 3000 5433 emata
3027 5368 3183 5433 sunt.
3200 5357 3306 5412 Hic
3330 5357 3495 5433 etiam
3523 5352 3685 5433 primo
3711 5362 3791 5433 oo-

540 5432 707 5505 currjt
726 5432 947 5505 (signum
979 5432 1019 5501 ἰ’

1044 5433 1112 5485 ad
1139 5432 1423 5486 sententias
1455 5420 1854 5502 distinguemus
1905 5445 2007 5500 quo
2029 5420 2330 5502 hucusque
2361 5445 2630 5502 nunquam
2691 5430 2884 5485 abhinc
2910 5447 3132 5502 semper
3157 5430 3263 5500 fere
3301 5428 3475 5502 utitur
3510 5420 3784 5502 Ausetanus.

541 5504 610 5535 ³¹⁶
633 5496 889 5559 Calamus
913 5496 1210 5573 pauxillum
1244 5511 1501 5559 mutatur.
1578 5496 1647 5534 ³⁸³
1670 5496 1927 5556 mutatus"
1954 5498 2213 5554 calamus.
2236 5496 2246 5501 ’
2290 5501 2358 5533 ὐ
2381 5496 2496 5555 sive
2522 5502 2851 5558 eminentior
2876 5532 2949 5543 —-
2980 5496 3304 5558 cotidie-teet
3330 5496 3494 5569 paulo
3536 5502 3647 5565 post
3677 5499 3788 5546 cum

537 5574 744 5630 eisdem
766 5602 838 5615 ——
855 5572 1081 5628 veniens
1101 5573 1287 5627 desunt
1310 5573 1449 5628 ΒΓ.

1527 5573 1597 5605 ³⁸⁸
1622 5573 1810 5627 abhinc
1831 5579 2188 5625 atramentum
2206 5582 2469 5626 mutatur.

614 5710 731 5773 (561
805 5708 1151 5767 Saint-Denis
1174 5728 1240 5767 cn
1265 5710 1626 5784 Bruqucroyc,
1667 5710 1721 5765 in
1753 5726 1894 5766 com.

615 5711 763 5852 (33623
803 5779 1149 5852 Nynmegen.

615 5779 763 5855 (ᾇϋῇ
803 5779 1149 5854 Nynmegen.
