3914 6314
113 353 200 412 ω
808 335 1177 393 CHRONICA.
1224 367 1277 374 --
1324 327 1625 388 ANSELMI
1663 327 2010 386 GEMBLAC.
2051 324 2541 383 CONTINIJATIO.

3218 333 3329 388 2.30

113 478 301 526 suorum
327 448 621 532 principum
642 452 932 509 traditione
947 465 1202 523 magnam
1227 446 1462 521 stragem
1496 448 1638 503 mili-
1667 452 1716 509 Α
1743 447 1840 502 tris
1865 446 2117 502 Guilelmi
2162 447 2304 516 regis
2332 445 2654 516 Anglorum.
2687 444 2842 502 Hunc
2873 448 3169 505 Rubertum
3193 453 3326 507 olim

109 574 201 616 tum
230 568 411 627 passus
435 558 536 615 est,
565 546 877 619 quingentis
911 544 1164 600 videlicet
1203 549 1258 598 et
1281 542 1640 613 quadraginta

109 651 273 708 occisis
293 647 376 702 "’.
398 644 455 699 In
484 642 639 714 Syria
678 641 782 695 hoc
810 653 957 694 anno
987 638 1260 693 exercitus
1283 635 1378 690 Dei
1404 635 1488 690 bis
1509 649 1643 689 con-

106 756 294 816 gressus
318 749 396 793 est
426 733 734 791 Saracenis.
770 729 829 786 ln
864 731 1043 801 primo
1091 729 1262 800 prelio
1305 728 1374 783 de
1414 727 1644 797 paganis

107 836 376 892 ceciderunt
418 830 526 885 duo
567 826 719 882 milia
754 823 1058 896 quingenti,
1095 823 1166 878 de
1193 819 1510 878 christianis
1548 833 1644 874 so—

103 923 344 982 lummodo
389 921 487 988 i5;
533 919 592 974 in
637 916 878 973 secundo
928 923 1110 970 autem
1154 930 1266 970 non
1301 915 1640 968 incruentam

103 1015 345 1073 victoriam
364 1014 672 1068 habuerunt
693 1008 997 1066 christiani.
1019 1006 1123 1062 Sed
1145 1006 1396 1077 quamvis
1410 1005 1644 1075 plurima-

102 1125 207 1182 pars
231 1122 410 1163 eorum
450 1103 692 1175 perierit,
729 1109 910 1157 tamen
945 1099 1150 1154 auxilio
1195 1097 1290 1152 Dei
1331 1095 1642 1168 revigorati,

103 1203 272 1271 absque
298 1212 524 1252 numero
544 1196 734 1251 hostes
759 1192 1136 1249 contriverunt
1159 1199 1213 1244 et
1234 1190 1499 1244 vicerunt.
1530 1186 1650 1243 Hoc

101 1307 216 1347 anno
241 1288 412 1345 omnis
433 1303 588 1357 seges
615 1301 763 1357 egra,
810 1291 866 1340 et
905 1284 1078 1338 vineae
1104 1297 1230 1336 cum
1270 1281 1420 1336 omni
1465 1279 1642 1336 fructu

101 1384 315 1437 arborum
338 1379 618 1434 acerrimae
633 1375 722 1430 ⁸⁸⁸.
1092 1409 1094 1411 ›

156 1467 287 1530 ΠΞἹ.
326 1472 388 1527 n.
428 1471 484 1526 2.
524 1470 586 1526 F.
629 1471 718 1527 18.
750 1471 886 1539 (19.)
927 1467 990 1522 A.
1031 1467 1121 1522 27.
1165 1466 1302 1538 (28.)
1343 1464 1409 1520 Η.
1447 1467 1503 1522 9.

153 1567 258 1635 (An.
289 1565 470 1635 “26.)
515 1563 630 1619 Rex
658 1562 954 1617 Lotharius
981 1553 1216 1616 natalem
1242 1559 1457 1614 Domini
1479 1557 1645 1613 Colo-

101 1659 180 1714 ni:e
203 1657 454 1719 celebrat;
482 1656 579 1713 sed
600 1656 1045 1726 archiepiscopus
1068 1669 1165 1711 seu
1187 1661 1481 1725 preventus
1495 1652 1647 1708 infir-

100 1752 270 1816 mitate,
297 1765 389 1806 seu
421 1749 706 1815 simulata,
740 1746 1046 1819 Sigcbergaa
1067 1747 1482 1802 se‘contulerat.
1515 1743 1644 1801 Inde

102 1841 394 1913 Aquasgrani
435 1841 590 1896 venit
629 1841 685 1896 in
732 1839 1063 1909 theophania
1089 1838 1237 1910 (Jan.
1265 1838 1344 1909 6.)
1376 1837 1450 1893 lbi
1481 1838 1643 1909 legati

102 1931 244 1987 liaroli
259 1931 467 1988 comitis
489 1931 852 1997 Morinorum,
868 1931 1074 1988 scilicet
1094 1925 1648 1986 castellanus-Gandte

101 2031 141 2077 et
177 2023 326 2079 abbas
372 2024 440 2079 de
480 2023 659 2080 sancti
693 2022 838 2079 Petri
871 2023 1044 2095 (565),
1091 2023 1160 2078 ad
1191 2038 1318 2078 eum
1353 2030 1647 2089 venerunt,-

103 2117 369 2174 nuntiantes
395 2117 682 2172 dominum
707 2132 870 2172 suum
900 2116 1155 2172 comitem
1185 2115 1422 2171 debitam
1462 2115 1646 2185 subje-

103 2208 292 2262 ctionem
343 2223 403 2263 se
446 2209 504 2262 ei
549 2207 848 2263 facturum.
886 2205 1274 2261 Verumtamen
1325 2204 1644 2275 Lotharingi

103 2297 329 2367 principes
356 2299 424 2352 ab
439 2299 568 2369 ejus
585 2298 859 2369 presentia
889 2297 1294 2353 abstinuerunt.
1317 2295 1480 2353 Novae
1499 2297 1644 2352 enim

104 2389 310 2458 potestati
343 2405 565 2461 semper
587 2407 676 2447 res
702 2407 857 2447 novae
881 2397 1308 2457 convertuntur;
1345 2391 1492 2460 quod
1519 2390 1646 2446 ilico

105 2490 145 2536 et
160 2482 217 2536 ibi
232 2483 408 2552 patuit.
433 2481 577 2538 Nam
599 2483 883 2554 Aquenses
903 2484 1158 2554 oppidani
1179 2490 1233 2539 et
1254 2499 1350 2539 rex
1376 2499 1488 2539 non
1508 2485 1646 2540 bene

107 2581 426 2639 assenserunt,
457 2573 559 2628 sed
589 2572 722 2628 satis
753 2573 1019 2642 injuriose
1059 2588 1119 2629 se
1150 2581 1542 2630 tractaverunt.
1569 2573 1646 2629 De

107 2679 202 2732 rege
229 2675 392 2720 autem
423 2674 480 2720 et
507 2664 790 2720 Friderico
813 2665 952 2726 duce
992 2667 1271 2736 quomodo
1299 2682 1357 2723 se
1385 2667 1642 2735 habeant,

107 2769 190 2809 non
211 2757 328 2812 satis
347 2767 723 2827 compertum;
758 2758 886 2827 quia
915 2773 1018 2828 pro
1039 2760 1318 2815 voluntate
1345 2759 1645 2815 faventium

106 2848 637 2905 etcontmdicentium
691 2864 783 2904 res
826 2858 1197 2906 extenuantur
1239 2861 1334 2907 aut
1375 2852 1646 2908 extollun-

107 2947 186 2993 tur.
227 2939 327 2997 Hoc
366 2941 507 2998 satis
551 2949 734 3013 patet,
786 2943 916 3013 quia
968 2943 1121 3015 gravi
1172 2945 1405 3002 discidio
1451 2945 1647 3000 labun—

106 3041 171 3086 tur
189 3032 261 3088 θ’.

1742 540 1811 594 ab
1846 539 2222 611 liierosolimis
2261 539 2600 609 redeuntem,
2642 555 2708 594 eo
2738 542 2883 611 quod
2907 543 3190 612 prestitam
3227 561 3328 617 pe-

1742 630 1963 685 cuniam
1995 631 2244 686 redibere
2294 631 2574 700 nequibat,
2600 630 2739 686 idem
2765 630 2935 687 frater
2959 649 3094 689 suus
3121 634 3328 692 Guilel-

1743 739 1868 778 mus
1913 733 2009 780 rex
2051 722 2349 794 Anglorum
2395 722 2754 780 Nortmannia
2794 726 3093 795 expulerat,
3124 735 3179 782 et
3206 744 3330 785 eam

1743 817 1847 874 sibi
1890 817 2299 887 subjugaverat,
2344 816 2677 887 fratremque
2706 818 2759 870 in
2790 817 2980 888 Anglia
3004 819 3059 872 in
3081 820 3330 876 custodia

1742 910 1912 965 libera
1925 911 2226 980 redegerat.
2247 908 2360 964 Rex
2376 909 2670 964 Lotharius
2683 908 3064 981 Babenbergen
3086 911 3152 943 ⁸²²
3177 912 3329 985 (565)

1743 1010 2093 1070 pentecOsten
2121 1000 2378 1055 celebrat.
2427 999 2504 1054 lbi
2537 1000 2646 1075 dux
2671 999 2950 1073 qubemite
2980 1016 3104 1056 cum
3144 1005 3332 1062 multis

1744 1092 1967 1146 milibus
2010 1092 2258 1162 equitum
2311 1092 2628 1159 adveniens,
2676 1094 2878 1150 domno
2929 1097 3042 1168 regi
3073 1098 3140 1153 de
3176 1112 3336 1166 supe-

1744 1184 1890 1240 riore
1916 1183 2208 1239 traditione
2236 1183 2529 1254 satisfecit;
2554 1193 2609 1240 et
2641 1201 2854 1253 omnes,
2882 1205 3119 1258 quorum
3144 1206 3336 1260 paren-

1745 1282 1827 1330 tes
1856 1275 1940 1330 vel
1966 1274 2174 1330 amicos
2208 1274 2503 1342 occiderat,
2535 1277 2705 1331 multa
2731 1277 3029 1349 insignium
3053 1281 3332 1335 .dnnorum

1748 1367 2078 1423 exhibitione
2112 1366 2487 1422 reconciliavit
2520 1367 2644 1422 sibi.
2673 1366 2974 1425 Cenobium
3010 1372 3184 1426 sancti
3224 1370 3338 1426 Hu-

1746 1459 1916 1528 g‘oerti
1946 1461 1997 1514 in
2023 1461 2318 1516 Arduenna
2341 1458 2513 1516 Nonis
2540 1459 2692 1526 Julii,
2723 1461 2900 1532 primo
2923 1463 3334 1520 eonticiniono-

1745 1552 1868 1614 ctis.
1890 1567 2015 1608 eum
2037 1552 2294 1608 omnibus
2313 1551 2652 1621 nppendiciis
2682 1553 3032 1610 combustum
3055 1564 3158 1620 est,
3183 1556 3336 1611 salvo

1743 1651 1927 1700 tamen
1970 1644 2228 1700 thesauro
2257 1655 2312 1699 et
2337 1645 2576 1702 armario
2599 1645 2690 1700 ³³³.
2718 1644 2778 1700 In
2810 1661 2951 1718 pago
2985 1646 3334 1716 Lomacensi,

1745 1737 1873 1792 villa
1896 1736 2163 1808 Gerpinas
2188 1737 2338 1809 (566)
2362 1738 2693 1807 paupercula
2714 1739 2913 1794 mulier
2936 1739 2991 1794 in
3020 1738 3210 1795 festiva
3239 1755 3339 1794 no-

1675 1803 1720 1859 B
1745 1842 1829 1888 cte
1849 1803 2024 1888 sancti
2048 1803 2328 1887 Michaelis
2347 1803 2573 1886 crde-um
2591 1833 2806 1900 moluit,
2824 1834 2969 1890 unde
2991 1834 3116 1888 ilico
3141 1850 3337 1905 panem

1745 1925 1954 1982 faciens
1975 1925 2212 1980 azimum
2237 1923 2405 1979 coxit.
2435 1922 2608 1990 Quem
2624 1924 2755 1979 dum
2778 1923 3055 1997 frangeret
3083 1927 3152 1980 ad
3173 1926 3340 1981 eden-

1745 2021 1897 2085 dum,
1923 2019 2246 2090 sanguinem
2266 2024 2322 2073 et
2341 2025 2540 2088 aquam
2563 2016 2768 2074 elicuit.
3124 2057 3126 2060 μ

1818 2113 1976 2168 “2s.
2084 2113 2139 2168 5.
2393 2111 2483 2167 49.
2521 2110 2660 2183 (20.)
2733 2110 2824 2165 28.
2869 2110 3007 2182 (29.)
3103 2110 3208 2165 ιο.

1815 2205 2064 2262 Domnus
2116 2205 2186 2237 '”
2233 2204 2503 2260 Adelbero
2566 2204 2858 2274 episcopus
2920 2201 3338 2261 Laodicensium

1746 2300 1900 2356 obiit.
1933 2297 2218 2354 Dominica
2258 2297 2367 2363 die,
2400 2297 2454 2352 5.
2495 2295 2721 2350 Kalend.
2758 2295 3060 2362 Februarii,
3092 2295 3340 2350 auditum

1745 2401 1832 2449 est
1856 2392 2159 2448 tonitruum
2185 2389 2329 2446 circa
2357 2389 2550 2444 horam
2588 2403 2813 2443 nonam.
2840 2387 3086 2443 Domnus
3105 2386 3344 2442 Alexan-

1745 2487 1844 2542 der
1897 2485 2318 2540 arcbidiaeonns
2372 2497 2438 2536 ex
2491 2481 2638 2536 clero
2689 2481 2864 2536 sancti
2915 2481 3194 2536 Lamberti
3249 2481 3340 2536 15.

1746 2577 1972 2634 Kalend.
2023 2576 2226 2646 Aprilis
2268 2573 2680 2629 Leodicensium
2716 2583 3076 2630 consecratur
3126 2573 3344 2643 episco-

1745 2687 1850 2741 pus
1885 2671 1974 2724 m.
2007 2667 2145 2723 Cum
2178 2668 2416 2722 intrante
2445 2665 2638 2721 Martio
2660 2682 2890 2724 serenus
2919 2683 3014 2723 aer
3052 2666 3341 2733 arrideret,

1747 2763 1868 2834 ipso
1918 2778 2107 2820 mense
2136 2759 2409 2815 mediante
2455 2759 2639 2813 subito
2667 2767 2816 2814 totus
2845 2760 2901 2813 in
2933 2759 3078 2814 nube
3099 2759 3342 2830 .eogitur,

1745 2865 1801 2912 et
1826 2856 2028 2927 frigore
2056 2855 2214 2926 riget,
2245 2869 2400 2924 aqua:
2435 2847 2641 2925 gelant,
2674 2867 2805 2906 rura
2843 2857 3084 2921 torpent,
3117 2857 3172 2904 et
3199 2863 3348 2903 nunc

1746 2950 1890 3017 nive,
1926 2966 2073 3005 nunc
2102 2950 2245 3022 gelu,
2293 2964 2437 3003 nunc
2479 2946 2680 3017 pluviis
2718 2947 2989 3001 elementa
3031 2943 3341 2998 solvuntur.

1749 3042 2116 3112 Subsequitur
2173 3057 2370 3112 magna
2427 3038 2730 3094 mortalitas
2787 3036 2995 3104 ovium,
3051 3049 3378 3115 agnorum,

158 3125 418 3184 Anathema
441 3128 504 3184 in
537 3128 722 3184 medio
759 3137 936 3195 terrae,
979 3128 1193 3187 facinus
1215 3131 1393 3187 audax
1415 3139 1470 3186 et
1499 3132 1642 3187 indi-
1673 3147 1720 3211 ο
1746 3136 1934 3200 boum,
1963 3148 2279 3190 vaccarum.
2318 3130 2581 3197 Tandem,
2621 3131 2917 3185 miserante
2960 3126 3096 3194 Deo,
3146 3135 3344 3184 cuncta

105 3230 248 3284 gnum,
277 3220 536 3276 omnibus
563 3220 762 3276 seculis
782 3221 1191 3278 vindicandum.
1222 3222 1362 3278 Ecce
1382 3223 1528 3278 enim
1553 3233 1644 3278 so-

105 3303 216 3361 lutus
239 3318 444 3366 satanas
471 3319 660 3367 terras
695 3311 1055 3381 perambulat.
1106 3311 1364 3368 Flandria
1405 3320 1460 3367 et
1507 3311 1645 3368 Bur-

103 3399 280 3467 gundia,
310 3403 472 3474 longo
504 3411 777 3458 terrarum
823 3403 931 3458 situ
970 3403 1234 3474 disiectae,
1268 3406 1561 3474 conjurant
1587 3406 1643 3460 in

105 3493 323 3556 apostasia
363 3492 667 3564 proditoris
714 3493 887 3549 Judre.
955 3495 1189 3561 Quidam
1253 3497 1330 3551 rei
1388 3497 1643 3553 timentes

104 3579 301 3638 damnari
339 3601 436 3656 pro
465 3602 578 3642 suo
607 3587 830 3653 scelere,
854 3587 1139 3642 dominum
1184 3599 1344 3643 suum
1383 3588 1642 3644 Karolum

105 3674 309 3730 comitem
342 3676 686 3732 Morinorum
736 3677 986 3748 Brujeias
1023 3679 1280 3750 jugulant
1322 3680 1376 3734 in
1407 3682 1643 3751 quadam

103 3766 298 3822 tecclesia
339 3769 492 3840 (564)
531 3778 656 3825 ante
683 3770 854 3826 altare
879 3771 1123 3841 psalmos
1149 3781 1456 3828 canentem.
1491 3772 1645 3829 Unus

103 3861 376 3927 atque-idem
424 3869 658 3919 satanas
698 3877 810 3918 uno
837 3863 1140 3934 eodemque
1161 3865 1250 3921 die
1287 3866 1465 3922 simile
1494 3867 1654 3924 nefas-

101 3954 318 4019 presumit
359 3956 415 4012 in
459 3955 805 4028 Burgundia.
862 3956 1188 4014 Damnaticii
1223 3959 1467 4030 quidam,
1514 3956 1645 4017 dum

102 4040 302 4102 difﬁdunt
323 4063 436 4104 sua:
455 4047 651 4115 saluti,
678 4055 867 4119 utpote
894 4048 972 4104 rei
1001 4050 1329 4120 majestatis,
1361 4051 1644 4108 dominum

104 4149 227 4192 suum
249 4138 577 4197 Guilelmum
604 4141 858 4197 comitem
883 4141 1282 4199 Sedunensium
1305 4146 1499 4216 gladiis
1524 4163 1650 4202 con-

100 4225 272 4286 fodiunt
310 4233 364 4288 in
417 4233 663 4306 quadam
704 4235 952 4290 meclesia
1001 4244 1126 4292 ante
1172 4236 1347 4293 altare
1377 4248 1652 4295 orantem.

101 4318 255 4377 Actum
287 4327 530 4382 secunda
572 4325 878 4397 epdomada
923 4328 1372 4400 quadragesimae,
1401 4329 1536 4386 feria
1565 4333 1644 4398 5.,

99 4407 281 4471 Kalend.
311 4415 518 4474 Martii.
560 4417 860 4474 Homicida:
893 4419 998 4476 hac
1038 4421 1130 4476 illa
1163 4421 1534 4493 diﬂ'ugientes,
1565 4424 1650 4479 di—

1747 3227 1814 3283 ad
1857 3226 2084 3297 gratiam
2133 3225 2363 3280 redeunt
2405 3224 2460 3278 in
2505 3222 2723 3278 laetania
2769 3219 2965 3291 majori
3006 3219 3095 3272 ³⁸⁸.
3130 3216 3344 3273 5.1dus

1745 3317 1871 3372 Maii
1901 3317 2034 3372 feria
2063 3318 2119 3383 2,
2145 3317 2387 3372 Colonia:
2415 3315 2638 3386 grandis
2675 3322 2974 3385 tempestas
2997 3320 3187 3369 exorta
3213 3319 3301 3367 est
3324 3328 3340 3378 ;

1746 3408 1950 3463 fulmen
1975 3423 2194 3478 quoque
2217 3408 2524 3477 ingressum
2547 3406 2812 3476 majorem
2836 3404 3141 3460 aecclesiam
3166 3402 3343 3458 sancti

1747 3501 1914 3568 Petri,
1945 3501 2196 3555 dextrum
2245 3498 2532 3552 brachium
2562 3497 2810 3552 cruciﬁxi
2839 3496 3060 3552 discidit
3090 3495 3179 3548 ³⁸⁷.
3209 3494 3342 3550 Orta

1747 3593 2013 3648 seditione
2052 3599 2105 3646 et
2141 3589 2372 3645 discidio
2417 3589 2560 3644 inter
2611 3587 2944 3644 Guilelmum
2980 3585 3235 3642 comitem
3289 3594 3346 3641 et

1747 3683 2011 3752 Morinos,
2037 3681 2413 3738 annitentibus
2457 3680 2676 3752 Equitio
2704 3691 2758 3737 et
2786 3680 3006 3735 Daniele
3044 3679 3349 3748 majoribus

1747 3775 2036 3843 Flandriae,
2079 3775 2377 3830 arcessitur
2407 3773 2778 3852 Theodericus
2825 3773 2972 3828 ﬁlius
3021 3769 3346 3827 Theoderici

1747 3869 1905 3926 ducis
1935 3866 2184 3935 Alxatiae,
2209 3882 2384 3938 nepos
2416 3865 2661 3922 Rotberti
2687 3865 2906 3922 comitis
2937 3863 3227 3929 Flandriae,
3275 3877 3345 3917 ex

1749 3976 1942 4017 sorore
1985 3959 2274 4016 Gertrude.
2314 3957 2422 4016 Sed
2472 3959 2605 4015 dum
2655 3957 2984 4014 Godefridus
3015 3957 3127 4014 dux
3171 3953 3352 4009 Lova-

1750 4055 1957 4111 niensis
2004 4053 2274 4110 Guilelmo
2327 4052 2513 4109 comiti
2563 4051 2961 4117 auxilia-retur,
3025 4047 3352 4120 congressio

1749 4147 1893 4204 facta
1926 4155 2012 4204 est
2054 4146 2352 4217 utriusque.
2371 4145 2644 4201 exercitus
2697 4153 2826 4199 ante
2869 4143 3152 4199 castellum
3197 4139 3352 4212 quod

1749 4241 1951 4298 dicitur
1977 4239 2150 4296 Alost.
2183 4237 2263 4294 lbi
2285 4237 2589 4294 Guilelmus
2611 4251 2798 4292 comes
2817 4236 3089 4307 quendam
3117 4234 3350 4289 militem

1751 4329 2071 4406 aggrediens
2113 4328 2521 4395 monomachia,
2569 4327 2624 4382 in
2653 4327 2848 4382 dextro
2875 4325 3103 4381 brachio
3128 4325 3352 4381 lancea-

1751 4432 1862 4491 tur,
1902 4433 1957 4478 et
1985 4429 2311 4492 surrepente
2328 4406 2700 4487 ‘dracunculo,
2741 4419 2938 4490 quinto
2969 4419 3058 4475 die
3089 4419 3344 4473 mori-tur.

101 4503 236 4559 versis
263 4507 475 4577 injuriis
497 4516 554 4564 et
574 4509 739 4581 digno
764 4510 868 4566 sibi
912 4510 1045 4565 satis
1072 4510 1177 4566 fine
1210 4513 1508 4582 perierunt.
1543 4514 1649 4570 Co-
1681 4496 1725 4549 Ῑ)
1749 4516 2057 4572 Comitatus
2105 4513 2443 4569 Morinorum
2502 4511 2850 4591 Theoderico
2907 4504 3070 4565 datur
3128 4522 3160 4564 a
3223 4524 3352 4580 rege

99 4594 281 4652 mitatus
301 4599 639 4656 Morinorum
665 4616 695 4657 a
718 4601 1015 4658 Ludowico
1040 4617 1164 4675 rege
1185 4603 1523 4661 Francorum
1547 4609 1647 4661 da-

99 4690 166 4737 tur
193 4688 447 4749 Guilelmo
480 4693 598 4749 filio
620 4692 842 4750 Roberti
870 4695 1086 4751 comitis
1111 4694 1504 4765 Nortmanniae,
1533 4699 1646 4755 fra-

1749 4609 2085 4663 Francorum
2130 4605 2449 4670 Ludowico,
2482 4602 2611 4674 quia
2659 4609 2932 4672 cognatus
2955 4601 3076 4671 ejus
3115 4610 3235 4656 erat
3279 4617 3348 4656 ex

1753 4708 2044 4756 matertera
2080 4696 2349 4753 Gertrude
2376 4697 2464 4750 ³⁸⁸.
2517 4693 2787 4748 Mediante
2838 4691 3182 4755 Sentembrio
3224 4693 3348 4764 gelu

1388 4811 1625 4867 VARIAE
1664 4811 2067 4869 LECTIONES.

146 4917 576 5003 atramentum
598 4931 857 4978 mutatur.
937 4921 1009 4955 ³²⁰
1056 4921 1171 4978 Hoc
1209 4953 1292 5003 -δ
1317 4925 1601 5003 acerrima:
1627 4927 1815 4981 desunt
1864 4924 2077 5003 AA._>B§.,
2124 4932 2180 4979 et
2222 4921 2318 4993 qui
2342 4921 2413 5003 in
2446 4937 2578 4978 voce
2613 4940 2631 4973 ι
2664 4921 2914 5003 vicerunt
2944 4919 3195 5003 »_des_init
3215 4921 3344 5003 Aln.

96 4987 259 5066 dubiae
309 4993 579 5066 calamus_
596 5003 752 5066 atque
800 5003 1158 5066 atramentum
1203 4987 1484 5064 pa'ululum
1542 5006 1803 5052 mutatur.
1883 4997 1956 5028 m‘
1988 4987 2305 5065 Detege;-
2342 4992 2605 5066 labuntur
2647 4992 2845 5066 desunt
2877 4990 2942 5046 Α.
2968 4990 3045 5046 lbi
3090 4992 3250 5066 legati
3279 5021 3350 5031 -—

97 5055 310 5136 labuntur
327 5064 520 5118 desunt
545 5055 678 5140 84‘;
695 5065 793 5119 4⁸⁸.
818 5075 868 5120 et
893 5063 1012 5140 Βὸξ.
1039 5066 1130 5140 cui
1141 5055 1428 5140 sequentia
1445 5084 1648 5140 quoque
1678 5069 1983 5140 Anathema
2012 5095 2087 5107 —
2109 5055 2394 5140 redegerat
2415 5065 2622 5140 desunt.
2701 5065 2770 5104 δι’
2809 5061 2924 5118 Rex
2965 5089 3038 5102 —
3059 5055 3352 5122 tradilione

96 5197 150 5228 ιιι

97 5125 142 5206 ξι]
175 5147 350 5188 rasura
407 5143 602 5189 auctor
643 5136 754 5205 ipse
795 5136 1032 5206 scripsit.
1112 5136 1182 5167 ³²³
1221 5125 1525 5206 Cenobium
1560 5125 1633 5180 '——
1661 5139 1905 5194 armario
1947 5138 2136 5191 desunt
2177 5125 2276 5191 Br.
2319 5136 2372 5191 5.
2427 5133 2633 5189 Abhinc
2683 5143 3346 5206 mutatur_ratramentum_.

96 5203 150 5298 ἓξ
180 5217 350 5298 Eatur:
389 5205 638 5298 habitum
666 5203 868 5298 mutat.
1018 5206 1083 5260 A.
1119 5221 1169 5261 e.
1313 5224 1385 5298 lo.
1438 5212 1730 5298 ethstati'm
1778 5209 1923 5298 infra
1969 5206 2214 5298 Domnus
2257 5237 2328 5247 -——
2367 5206 2656 5298 episcppus
2688 5205 2887 5298 dannt.
2912 5203 3030 5260 83'.
3165 5205 3263 5258 4“.
3291 5203 3346 5257 5.

181 5282 403 5329 mutatur
431 5275 697 5330 calamus.
777 5277 846 5309 ³⁸⁸
875 5276 1116 5331 calamus
1152 5285 1418 5333 mutatur.
1495 5280 1565 5312 ⁸¹⁷
1603 5275 1849 5334 calamus
1869 5287 1920 5333 et
1943 5287 2300 5333 atramentum
2328 5275 2627 5332 mutantur.

2726 5277 2796 5313 ³³⁸
2831 5284 3190 5332 atramentum
3232 5289 3353 5326 mu.-

98 5344 230 5422 ἔρωτι
271 5342 397 5422 Orta
424 5345 812 5422 —-__Gerdt_ude
853 5347 942 5422 ita
965 5345 1226 5422 exhibent
1274 5347 1397 5422 85'.
1443 5350 1524 5422 gi”.
1578 5351 1701 5406 4":
1742 5349 2052 5422 Willelmus
2093 5363 2278 5422 comes
2321 5347 2578 5403 Flandrie
2605 5363 2732 5422 cum
2772 5345 3216 5422 Godefridoduce
3235 5343 3347 5422 ιφ

96 5409 328 5492 tliaringie
339 5418 630 5472 castellum
651 5417 802 5492 Aiost
825 5417 1114 5474 obsidione
1154 5419 1358 5489 premit
1379 5437 1418 5492 ;ﬂ
1438 5419 1628 5492 ibique
1652 5421 1936 5476 levissimo
1961 5420 2208 5488 vulnere,
2239 5420 2410 5492 immo
2435 5434 2546 5475 non
2561 5419 2818 5492 vulnere,
2841 5418 2948 5492 sed
2987 5415 3254 5492 insci_s_ura
3270 5413 3352 5492 _iu

97 5490 232 5565 manu
255 5482 542 5565 accepta,
581 5489 746 5556 male,
802 5497 866 5545 ut
917 5482 1174 5560 putatur;
1207 5503 1239 5544 a
1279 5482 1494 5548 medico
1536 5482 1882 5565 potionatus,
1925 5504 2149 5562 repente
2193 5482 2452 5556 moritur,
2481 5490 2779 5558 sed'unde,
2803 5482 3063 5545 nescitur.
3101 5482 3358 5542 Theode-~

99 5555 216 5607 riuis
244 5555 290 5609 ei
328 5555 588 5614 succedit.

320 5740 738 5818 blandiliiensis.

153 5806 282 5876 (564)
318 5812 372 5864 S.
408 5811 708 5869 Donatiani.

1577 5657 1812 5717 NOTAE.

1820 5750 1970 5819 (565)
2011 5748 2340 5819 Mersehnrgi
2366 5748 2662 5819 secundum
2685 5745 2842 5819 alios.

1829 5815 1978 5892 (566)
2016 5815 2336 5890 Gerpinnes,
2369 5834 2530 5888 prope
2551 5815 2856 5880 Charlcroi.
