4012 6482
575 367 679 425 251
723 359 726 361 ’

1755 369 2118 452 ειᾳεθειιτι
2156 367 2684 428 GEMBLACENSIS

3737 361 3856 456 ass.

556 485 720 542 valde
779 483 1036 543 nocivum
1094 485 1300 544 factum
1357 497 1460 556 est,
1524 483 1580 545 in
1628 505 1739 561 quo
1781 491 2054 562 legumina
2101 499 2157 545 et
2187 493 2230 551 Α
2259 489 2395 559 ginis
2440 490 2653 556 matris,
2681 503 2798 560 qua
2837 487 3038 560 peperit
3083 487 3251 543 Deum
3293 476 3551 555 nostrum,
3585 490 3678 561 qui
3704 491 3847 562 ignis

559 576 736 635 vinea:
782 579 1086 650 perierunt,
1130 589 1186 636 et
1229 581 1490 652 quicquid
1542 583 1774 653 exprimi
1820 585 2036 654 potuit,
2098 585 2154 639 in
2258 597 2563 635 consumens
2586 590 2686 648 est,
2720 597 2822 636 non
2842 580 3039 651 poteris
3061 581 3318 652 extingui.
3349 579 3588 638 Discedit
3619 591 3850 640 sanctus

560 671 871 728 acredinem
924 688 1145 728 versum
1197 681 1301 730 est.
1371 673 1430 728 ln
1480 673 1739 730 Flandria
1788 677 1946 732 multi
2001 676 2153 732 fluvii

2255 672 2541 731 Martinus.
2595 675 2796 730 lterum
2844 674 3085 740 rediens,
3132 675 3301 745 jussit
3351 676 3506 732 illum
3550 677 3732 733 redire
3778 676 3850 733 ad

559 763 846 835 sanguinei
891 763 1020 822 facti
1068 773 1215 833 sunt,
1265 775 1320 822 ct
1369 765 1574 822 fossata
1623 767 1874 823 similiter
1910 769 2000 824 η’.
2039 769 2154 824 Rex
2255 776 2487 823 matrem
2531 767 2939 824 misericordiae.
2983 766 3049 821 Et
3090 766 3217 824 ille:
3263 767 3370 822 Aut
3403 778 3567 840 perte
3591 769 3849 836 sanabor,

559 854 852 912 Lotharius
881 857 1039 930 longa
1063 859 1350 916 obsidione
1381 859 1571 914 urbem
1598 859 1812 931 Spiram
1843 863 2032 936 cingit.
2055 865 2152 920 sed

558 947 801 1004 incllicax
840 950 998 1005 redit.
1383 967 1388 972 ·

596 1040 754 1096 me.
832 1042 984 1097 ΒΑ.
1064 1042 1242 1107 rgo.
1274 1043 1411 1116 (21.)
1462 1028 1552 1100 DA.
1583 1046 1672 1101 29.
1718 1045 1855 1117 (50.)
1930 1045 2113 1102 H.ll.

626 1130 764 1187 Cum
818 1134 1056 1190 intrante
1107 1153 1294 1192 mense
1347 1135 1609 1194 Januario
1664 1140 1784 1211 gelu
1829 1141 2147 1212 liqueretur,

554 1232 703 1278 tanta
753 1224 1038 1281 inundatio
1075 1228 1217 1284 nivis
1262 1238 1316 1284 et
1369 1231 1569 1300 pluvia:
1601 1229 1794 1289 fluvios
1841 1241 1895 1288 et
1941 1233 2148 1290 vivaria

553 1315 780 1384 inflavit,
831 1326 891 1373 ut
939 1329 1055 1375 sata
1100 1321 1351 1391 proxima
1383 1322 1653 1379 diluercnt
1697 1333 1751 1380 et
1797 1335 2144 1394 excavarent,

551 1407 746 1464 domos
771 1401 992 1482 quoque
1037 1412 1248 1469 vicinas
1276 1414 1672 1483 subverterent,
1701 1404 1773 1472 let
1817 1434 2063 1488 quaequae
2092 1419 2146 1474 in

548 1499 630 1556 eis
659 1501 879 1557 inventa
927 1504 1218 1574 perderent
1259 1507 1348 1562 “°.
1383 1506 1540 1563 Feria
1595 1509 1647 1563 5.
1698 1510 1916 1578 paschae
1952 1511 2144 1567 bovem

549 1594 835 1665 cujusdam
865 1599 1056 1654 rustici
1087 1609 1332 1656 arantem
1363 1617 1557 1658 cereus
1599 1603 1769 1657 sudor
1795 1604 2041 1670 delibuit,
2089 1606 2144 1661 in

2252 866 2348 912 aut
2390 857 2477 912 hic
2524 859 2746 913 moriar.
2809 856 2877 913 Et
2928 866 3154 914 sanctus
3202 856 3510 916 Martinus:
3573 858 3747 916 Sanat
3802 869 3852 916 te

2252 949 2499 1004 dominus
2526 948 2683 1004 Iesus
2708 949 2954 1006 Christus
2980 950 3220 1020 precibus
3244 951 3432 1005 matris
3458 967 3588 1006 suae.
3643 950 3717 1005 Et
3751 951 3852 1006 hoc

2253 1041 2351 1095 tibi
2371 1042 2620 1112 signum:
2657 1051 2714 1096 tu
2745 1043 2973 1114 primus,
3019 1051 3136 1112 post
3186 1051 3234 1097 te
3282 1059 3374 1097 sea:
3427 1043 3483 1097 in
3537 1043 3636 1096 hac
3689 1044 3852 1097 domo

2250 1133 2599 1190 sanabuntur.
2655 1135 2899 1191 Ceterum
2943 1137 3237 1208 quicunque
3280 1137 3608 1204 advenerim,
3640 1137 3853 1207 [rustra

2249 1225 2586 1282 laborabunt.
2641 1225 2877 1284 Sanctus
2911 1227 3176 1284 Martinus
3213 1228 3465 1286 discedit.
3498 1228 3592 1286 llle
3618 1236 3854 1285 sanatus

2249 1320 2492 1388 predicat
2515 1320 2804 1376 sanitatem
2828 1337 3006 1377 suam.
3030 1320 3182 1377 Multi
3206 1322 3517 1390 conﬂuunt;
3554 1338 3622 1378 ex
3646 1337 3852 1392 magna

2248 1412 2402 1481 copia
2425 1427 2535 1468 non
2559 1421 2825 1469 curantur
2852 1413 2959 1469 nisi
2982 1428 3098 1481 sex,
3123 1414 3266 1470 sicut
3290 1415 3601 1485 predixerat
3621 1423 3856 1469 sanctus

2247 1503 2536 1561 Martinus.
2569 1505 2813 1561 Parisius
2835 1505 3159 1579 confugiunt
3179 1507 3246 1562 ad
3271 1507 3580 1562 tecclesiam
3603 1505 3857 1576 Virginis

2247 1595 2458 1651 matris.
2490 1595 2721 1678 Centum
2748 1605 2802 1651 et
2836 1607 2946 1652 tres
2973 1613 3085 1652 uno
3109 1597 3197 1654 die
3231 1607 3536 1665 sanantur;
3569 1598 3713 1665 duo,
3754 1613 3857 1652 mu

549 1686 805 1754 parochia
831 1685 1259 1746 Gemmelacensi
1291 1691 1381 1746 ⁸³⁸.
1413 1690 1650 1747 Prelium
1674 1695 1817 1763 apud
1860 1693 2143 1750 Duratium
2241 1687 2467 1758 iubente
2523 1705 2619 1745 seu
2668 1689 3015 1759 permittente
3068 1688 3202 1758 Deo.
3253 1705 3364 1745 non
3417 1700 3705 1757 curantur.

551 1776 701 1847 (567)
735 1778 878 1832 inter
903 1779 1274 1837 Alexandrum
1325 1781 1712 1840 Leodicensem
1746 1786 2060 1859 episcopum
2092 1797 2145 1844 et
2181 1840 2217 1859 η
2245 1781 2620 1853 extinguatur.
2673 1782 2832 1854 Apud
2881 1781 3182 1838 Laniacum
3235 1782 3289 1837 in
3344 1782 3435 1838 die
3500 1783 3859 1840 ascensionis

505 1918 510 1922 _
547 1862 897 1921 Godefridum
947 1867 1342 1927 Lovaniensem
1393 1874 1671 1942 comitem,
1727 1876 1784 1931 in
1833 1893 1944 1947 quo
1987 1887 2136 1934 tanta
2179 1862 2218 1894 ⁸³
2244 1874 2532 1931 dominicae
2563 1883 2674 1930 tres
2704 1882 2830 1930 ante
2860 1890 3015 1930 aram
3045 1884 3322 1945 perpetua:
3371 1873 3612 1946 Virginis
3662 1877 3858 1932 extin-

545 1966 754 2028 strages
784 1958 905 2026 fuit,
935 1972 996 2017 ut
1025 1964 1268 2032 peditum
1301 1969 1559 2037 utrinque
1599 1967 1704 2022 824
1747 1985 1979 2026 numero
2008 1971 2142 2026 insi—
2244 1975 2466 2036 guntur.
2517 1965 2888 2026 Transeamus
2929 1967 3000 2022 ad
3040 1965 3400 2023 Suessionum
3431 1966 3736 2024 civitatem.
3777 1966 3856 2023 lbi

544 2050 659 2104 mul
688 2053 1039 2122 opperierint,
1071 2057 1314 2128 exceptis
1343 2058 1431 2114 his
1467 2061 1561 2131 qui
1593 2059 1864 2132 fugientes
1904 2063 1959 2118 in
1988 2079 2144 2136 sege-
2243 2057 2536 2128 specialius
2567 2075 2663 2129 pre
2683 2058 2940 2115 omnibus
2961 2058 3100 2114 locis
3128 2073 3228 2129 per
3255 2057 3521 2114 miracula
3549 2059 3861 2114 innotescit

544 2140 690 2198 tibus
712 2143 796 2197 vel
823 2145 876 2200 in
908 2147 1061 2204 silvis
1094 2149 1364 2206 vulnerati
1404 2152 1704 2222 perierunt,
1749 2163 1804 2211 et
1848 2155 1933 2212 bis
1959 2157 2054 2228 qui
2085 2159 2140 2214 in
2242 2151 2496 2223 gentibus
2527 2151 2624 2208 Dei
2653 2152 2915 2223 genitrin
2955 2151 3032 2206 lbi
3079 2151 3240 2217 muli.
3272 2150 3410 2216 ccci.
3447 2151 3651 2216 Claudi.
3685 2167 3860 2222 Para-

543 2235 703 2305 aquis
743 2237 1007 2307 prefocati
1057 2251 1206 2310 sunt,
1251 2252 1318 2298 et~
1351 2245 1437 2300 his
1486 2247 1581 2316 qui
1629 2247 1698 2302 ad
1746 2263 1846 2303 sua
1905 2249 2140 2319 regressi
2239 2245 2376 2300 litici
2424 2244 2604 2300 curati
2660 2252 2808 2310 sunt,
2859 2250 3111 2298 mortuus
3158 2242 3540 2298 resuscitatus.
3595 2239 3860 2297 Vidimus

543 2326 767 2384 incertis
797 2331 948 2386 horis
973 2342 1026 2388 et
1047 2335 1241 2391 diebus
1270 2337 1473 2392 mortui
1497 2347 1644 2394 sunt.
1691 2338 1898 2395 Horum
1923 2355 2139 2399 summa
2240 2337 2574 2393 horrendum
2597 2336 2878 2406 quiddam.
2933 2334 3079 2406 Ignis
3123 2334 3345 2391 divinus
3398 2348 3616 2400 nasum,
3668 2332 3852 2398 labia,

543 2437 652 2476 non
685 2425 858 2493 potuit
885 2427 1084 2498 colligi.
1112 2427 1306 2484 Actum
1339 2431 1387 2484 7.
1415 2429 1490 2485 ld.
1514 2430 1768 2504 Augusti,
1801 2434 1856 2489 4.
1887 2432 2024 2490 feria
2045 2436 2134 2491 ³³¹.
2238 2436 2484 2482 mentum
2516 2426 2804 2496 cujusdam
2832 2425 3179 2496 ραυρενειιιεε
3223 2424 3473 2480 mulieris
3499 2433 3810 2480 “usserat
3838 2441 3854 2491 ς

545 2511 732 2570 Remis
763 2515 868 2572 hoc
901 2534 1044 2575 anno
1068 2520 1123 2574 in
1154 2523 1358 2591 pascha
1381 2522 1712 2582 Ludowicus
1751 2542 1848 2582 rex
1889 2527 2135 2585 Franco-

2235 2517 2414 2586 fetor,
2472 2519 2672 2574 horror
2730 2519 3029 2573 sentientes
3086 2525 3142 2574 et
3206 2517 3454 2573 videntes
3512 2518 3856 2588 repleverat.

540 2621 664 2660 rum
695 2607 924 2666 elevavit
952 2609 1008 2666 in
1037 2627 1216 2682 regem
1248 2614 1418 2669 ﬁlium
1444 2633 1603 2672 suum
1647 2628 1768 2688 post
1791 2635 1870 2686 se,
1916 2620 1970 2674 in
2012 2637 2136 2692 pre.
2233 2609 2471 2680 Expulsa
2500 2609 2568 2666 de
2588 2609 2753 2664 domo
2789 2608 3022 2681 Virginis
3047 2609 3239 2664 matris
3259 2609 3420 2665 rediit
3447 2609 3515 2664 ad
3545 2609 3848 2679 propriam

541 2700 716 2756 sentis
765 2703 1009 2759 omnium
1051 2705 1433 2776 episc0porum
1469 2717 1522 2764 et
1546 2710 1802 2766 abbatum
1835 2713 1988 2784 regni
2025 2715 2130 2771 sui.
2233 2705 2496 2771 domum;
2531 2719 2632 2774 ιπο
2673 2702 3014 2774 “Fumone,
3044 2716 3143 2772 Ρ¹⁸⁰
3173 2700 3490 2756 inﬁrmitate
3534 2716 3636 2756 sua
3667 2699 3853 2766 δοιθίι

537 2789 854 2850 Pestilentia
895 2797 1136 2852 maxima
1166 2798 1354 2865 boum,
1407 2817 1671 2857 vacarnm
1720 2812 1775 2859 et
1818 2821 2129 2875 porcorum,

2232 2796 2400 2868 gemit
2429 2805 2484 2852 et
2508 2803 2632 2851 orat
2654 2794 2841 2851 dicens
2870 2813 2882 2849 :
2925 2793 3042 2849 Heu
3080 2792 3284 2847 michi!
3315 2802 3485 2848 mater
3521 2792 3849 2846 misericor-

538 2897 817 2952 aprorum,
848 2901 1157 2955 cervorum,
1183 2905 1530 2960 capreorum.
1553 2893 1639 2948 16.
1667 2893 1785 2950 Kal.
1809 2893 2132 2954 Novembris

2231 2890 2338 2945 diae
2363 2905 2541 2944 omnes
2587 2887 2808 2958 excipit,
2838 2886 3043 2941 nullam
3062 2884 3299 2956 expellit,
3329 2894 3504 2956 preter
3534 2902 3614 2940 me
3644 2885 3857 2942 solam.

537 2973 680 3031 facta
739 2986 870 3034 sunt
934 2977 1151 3051 fulgura
1193 2990 1248 3036 et
1300 2984 1564 3050 tonitrua,
1613 2987 1792 3056 primo
1835 2989 2131 3046 conticinio
2232 2982 2396 3050 Deus.
2438 2982 2530 3053 qui
2574 2981 2748 3051 [αεηιδ
2777 2997 2830 3034 εδ
2862 2979 3007 3050 ﬁlius
3039 2979 3249 3048 Ῑθιηίηω
3273 2986 3488 3049 Propter
3534 2977 3860 3032 "11°39'50"-

536 3068 736 3134 noctis,
779 3069 957 3138 prima
1004 3071 1156 3139 luna,
1209 3073 1262 3129 5.
1297 3071 1433 3130 feria
1476 3077 1565 3131 ³³³.
1616 3076 1732 3135 Hoc
1781 3095 1928 3137 anno
1970 3083 2126 3154 plaga
2229 3074 2399 3142 diam,
2442 3090 2575 3127 sana
2622 3089 2706 3126 me
2749 3088 2842 3142 per
2883 3071 3138 3141 feminam
3184 3079 3408 3125 matrem
3435 3078 3585 3124 tuam
3621 3077 3860 3139 propter

534 3154 679 3228 ignis
700 3157 872 3216 divini
891 3159 1214 3230 Carnotum,
1236 3161 1502 3232 Parisius,
1533 3165 1902 3236 Suessionem,
1926 3169 2126 3228 Came—
2153 3199 2195 3256 ρ
2230 3175 2376 3220 luam
2424 3164 2865 3230 mimicordiam.
2921 3162 3128 3230 Οΐθνίιι
3183 3162 3438 3218 exaudi“
3504 3169 3612 3218 εει·
3668 3160 3861 3218 Noae

535 3263 746 3315 racum,
791 3251 1132 3321 Atrebatum,
1179 3262 1235 3310 et
1283 3255 1390 3312 alia
1421 3257 1592 3312 multa
1641 3258 1761 3316 loca
1804 3261 2129 3318 mirabiliter
2162 3251 2195 3256 ⁷
2231 3272 2355 3328 quae
2395 3256 2804 3312 incrastinaseit
2834 3255 2891 3310 in
2919 3255 3229 3322 sabbatum,
3261 3255 3466 3324 recepit
3493 3253 3808 3310 sanitatem
3838 3273 3856 3323 ;

531 3341 798 3411 pervadit,
831 3344 926 3400 sed
949 3345 1255 3403 mirabilius
1280 3364 1377 3418 per
1401 3358 1646 3406 sanctam
1677 3350 1773 3408 Dei
1807 3353 2124 3425 genitricem
2231 3349 2482 3404 restituta
2510 3356 2596 3404 est
2633 3348 2685 3402 οἱ
2731 3363 2864 3403 caro
2903 3363 3028 3415 sua.
3082 3362 3272 3413 nasus.
3321 3346 3489 3411 labia:
3535 3354 3805 3400 mentum
3839 3365 3856 3412 ;

532 3431 762 3489 Mariam
809 3435 1164 3508 extinguitur.
1224 3437 1462 3497 Iuvenes
1510 3443 1733 3508 etenim,
1789 3459 1950 3516 senes
1998 3462 2124 3501 cum
2231 3439 2416 3495 omnia
2471 3440 2692 3510 propria
2748 3454 2849 3495 sua
2905 3455 2972 3496 ex
3039 3438 3253 3510 integro
3325 3438 3550 3508 recepit.
3606 3435 3861 3494 Videres

525 3522 864 3594 junioribus,
912 3527 1154 3601 virgines
1201 3531 1367 3586 etiam
1414 3541 1634 3595 tenerae.
1694 3533 1749 3586 in
1785 3534 2036 3603 pedibus,
2069 3536 2123 3592 in
2229 3530 2412 3585 nobile
2438 3531 2807 3586 miraculum:
2855 3546 2987 3586 caro
3027 3530 3118 3585 illa
3149 3530 3348 3586 similis
3375 3528 3519 3584 facta
3563 3537 3655 3584 est
3678 3530 3860 3585 carni

532 3617 807 3686 manibus,
836 3620 890 3676 in
923 3622 1202 3689 mamillis,
1232 3631 1306 3689 et,
1341 3625 1488 3693 quod
1515 3625 1736 3696 gravius
1755 3635 1859 3694 est,
1891 3627 1946 3682 in
1971 3629 2125 3699 genis

2229 3621 2474 3692 reliquae,
2505 3630 2578 3690 et,
2629 3622 2778 3694 quod
2822 3621 3134 3676 mirabilius
3183 3629 3287 3688 est,
3332 3620 3388 3674 in
3431 3619 3862 3690 conjunctione

527 3717 856 3776 exuruntur,
903 3720 957 3767 et
997 3713 1248 3768 celeriter
1274 3713 1632 3784 extinguntur
1667 3717 1754 3771 ³³⁵.
1787 3717 1945 3788 Apud
1970 3718 2125 3776 Pari-
2227 3715 2412 3770 carnis
2447 3714 2649 3770 veteris
2691 3723 2747 3771 et
2787 3728 2942 3768 novae
2967 3711 3128 3784 quasi
3159 3711 3379 3783 signum
3408 3710 3736 3766 tenuissimi
3772 3712 3861 3765 tili

529 3795 646 3852 sius
673 3799 973 3856 atcclesiola
996 3811 1082 3857 est
1109 3801 1165 3856 in
1194 3802 1401 3858 honore
1432 3804 1606 3859 sancti
1629 3804 1868 3874 Martini,
1912 3807 1969 3862 in
2013 3824 2123 3878 qua
2225 3821 2326 3875 pro
2350 3805 2664 3861 testimonio
2693 3804 2964 3876 apparuit.
3013 3802 3345 3874 Adolescuts
3385 3801 3635 3874 quidam,
3665 3818 3860 3873 quem

527 3889 752 3958 quidam
793 3891 898 3947 hac
926 3893 1243 3952 infirmitate
1271 3895 1524 3953 detentus
1561 3913 1620 3953 se
1664 3900 1942 3969 apportari
1972 3899 2118 3955 fecit.
2223 3895 2503 3953 abbatissa
2547 3896 2795 3968 ejusdem
2837 3894 3117 3963 aecclesiaa,
3171 3895 3264 3950 ubi
3314 3895 3420 3950 ista
3470 3894 3858 3966 gerebantur,

530 3976 635 4034 Ubi
673 3982 804 4036 dum
844 3993 1177 4054 peruoctans
1208 3988 1526 4060 urgentibus
1555 3991 1826 4060 angustiis
1853 3990 2123 4047 vocifera-
2224 3989 2294 4044 ab
2344 3988 2574 4046 infantia
2629 4004 2730 4062 pro
2779 4004 2968 4044 amore
3016 3987 3111 4044 Dei
3160 3989 3451 4055 nutrierat,
3517 3987 3743 4060 surdus
3798 3997 3863 4045 et

527 4082 699 4140 retur,
732 4075 912 4146 primo
936 4079 1116 4136 noctis
1148 4081 1444 4137 conticinio
1487 4083 1642 4138 adest
1663 4091 1888 4139 sanctus
1935 4083 2122 4140 Marti-
2224 4091 2429 4150 mutus,
2455 4083 2585 4138 dum
2616 4083 2673 4137 in
2698 4081 2942 4138 secelesia
2970 4080 3288 4136 meridianis
3315 4080 3472 4136 horis
3487 4079 3858 4150 quiesceret,

525 4180 652 4233 nus,
683 4183 790 4238 qua
812 4168 880 4224 de
898 4185 1066 4228 causa
1086 4172 1311 4229 domum
1339 4190 1496 4231 suam
1523 4175 1785 4232 intrasset
1806 4176 2117 4237 sciscitans.
2221 4175 2399 4231 visum
2427 4184 2530 4242 est,
2556 4175 2699 4246 quod
2736 4175 2920 4231 senior
2940 4173 3186 4244 quidam.
3211 4172 3385 4228 niveis
3408 4171 3636 4227 indutus
3657 4174 3863 4228 vesti-

523 4253 619 4311 llle
644 4257 978 4317 inﬁrmitatis
997 4278 1111 4320 suae
1131 4265 1414 4336 angustias
1434 4266 1841 4333 demonstrans,
1865 4275 1987 4322 orat
2013 4267 2118 4322 sibi
2221 4266 2355 4332 bus,
2409 4281 2571 4322 aures
2615 4274 2670 4321 et
2714 4265 2860 4319 labia
2903 4263 3024 4334 ejus
3077 4278 3245 4318 manu
3299 4278 3399 4318 sua
3440 4269 3863 4332 pertractaret,

524 4347 792 4404 misereri.
834 4349 935 4406 Cui
977 4361 1205 4410 sanctus
1251 4353 1560 4412 Martinus:
1599 4353 1768 4425 Scito,
1818 4355 2018 4428 inquit,
2061 4360 2118 4414 in
2220 4360 2447 4416 dicens:
2488 4358 2612 4426 Dic,
2640 4357 2838 4428 inquit,
2892 4375 2910 4408 ι
2941 4355 3082 4410 Deus
3115 4363 3167 4410 et
3191 4364 3380 4410 sancta
3423 4353 3625 4420 Maria,
3674 4358 3867 4411 misc-

520 4441 675 4495 curia
702 4445 917 4513 superni
957 4443 1169 4501 Iudicis
1200 4448 1487 4503 terribilem
1517 4457 1568 4503 et
1595 4447 1903 4504 horribilem
1932 4450 2118 4506 datam
2221 4453 2409 4508 remini
2443 4452 2565 4506 mei.
2615 4469 2634 4502 ι
2679 4449 2824 4503 Dixit
2852 4449 2996 4514 hoc;
3043 4455 3270 4502 sanatus
3305 4445 3419 4520 agit
3443 4445 3653 4518 gratias
3699 4445 3864 4515 Deo,

515 4535 856 4634 sententiam,
885 4537 1024 4593 hanc
1067 4540 1444 4595 combustiom's
1475 4541 1690 4612 plagam
1738 4558 1831 4612 per
1878 4541 2116 4598 Galliam
2148 4576 2192 4634 υ
2218 4553 2274 4601 et
2293 4543 2473 4598 omnis
2495 4543 2648 4613 plebs
2677 4540 3044 4613 magnilicavit
3075 4537 3267 4629 Deum.
3309 4538 3504 4594 Mulier
3527 4536 3860 4634 deRemis

517 4623 776 4696 desevire;
805 4639 856 4686 et
882 4641 1108 4688 matrem
1133 4635 1514 4690 misericordia:
1533 4635 1772 4706 precibus
1800 4637 2110 4706 optinuisse,
2148 4623 2187 4634 ν
2219 4635 2437 4692 civitate
2461 4633 2686 4691 veniens
2704 4648 2830 4688 cum
2853 4631 2965 4686 filio
2986 4630 3055 4686 ad
3079 4624 3303 4686 domum
3328 4638 3530 4704 sanctae
3552 4627 3865 4702 Virginis,

517 4733 695 4776 omnes
715 4722 816 4777 hac
838 4724 991 4780 clade
1017 4725 1320 4782 laborantes
1343 4736 1393 4782 et
1430 4743 1484 4781 se
1513 4728 1812 4782 invocantes
1841 4729 2116 4782 misertum
2220 4730 2352 4786 dum
2400 4728 2584 4799 querit
2627 4726 2825 4782 animae
2877 4725 3140 4792 salutem,
3194 4725 3396 4780 amittit
3443 4723 3666 4791 filium;
3744 4728 3865 4782 sed

517 4811 608 4868 iri.
643 4813 772 4870 Ideo
807 4816 1056 4873 Parisius
1099 4820 1156 4873 in
1200 4819 1390 4890 templo
1419 4819 1585 4890 ipsius
1623 4828 1825 4873 sancta:
1882 4817 2115 4889 Virginis
2218 4819 2392 4891 gratia
2448 4818 2543 4873 Dei
2587 4816 2922 4873 consolatur.
2995 4813 3167 4871 Filius
3215 4814 3361 4869 enim
3402 4812 3532 4868 dum
3588 4813 3643 4866 in
3706 4829 3872 4872 area

517 4909 707 4962 matris
730 4909 998 4980 deportari
1019 4920 1068 4965 et
1090 4912 1164 4966 ibi
1185 4911 1343 4966 habes
1363 4911 1566 4966 sanari.
1590 4910 1690 4965 Cui
1715 4911 1833 4965 ille:
1864 4910 2116 4967 Omnium
2218 4912 2446 4979 luderet,
2502 4919 2724 4983 repente
2780 4911 2833 4966 in
2883 4920 3104 4983 puteum
3153 4914 3422 4963 vetustate
3474 4905 3872 4961 destructum

516 5004 607 5054 are
647 5001 827 5057 beatus
855 5012 906 5058 et
943 5003 1328 5058 miraculorum
1354 5011 1599 5074 patrator
1624 5003 1848 5069 diceris;
1896 5003 1996 5059 hac
2047 5004 2112 5059 de
2220 5001 2441 5069 decidit,
2480 5010 2533 5057 et
2569 5012 2821 5058 mortuus
2841 5011 2943 5057 est.
2970 5001 3473 5070 Advesperascente
3505 4994 3596 5049 die
3635 4998 3878 5066 quer-it

513 5107 679 5150 causa
725 5097 941 5152 domum
1001 5106 1148 5150 tuam
1199 5096 1484 5150 sanitatem
1510 5112 1603 5166 per
1633 5105 1682 5151 te
1715 5106 2115 5167 recuperaturus
2225 5105 2398 5151 mater
2435 5096 2646 5162 tilium;
2680 5095 2774 5150 sed
2803 5095 2934 5150 dum
2979 5109 3088 5149 non
3134 5089 3342 5146 invenit
3383 5102 3532 5153 cum,
3566 5086 3879 5146 tristatur

512 5187 732 5245 intravi.
769 5189 836 5245 Et
865 5197 1090 5246 sanctus
1120 5188 1386 5244 Martinus
1413 5187 1587 5245 :Sine
1615 5191 1956 5261 permissione
1995 5189 2114 5244 Vir—
2222 5198 2277 5244 ct
2305 5189 2524 5244 clamat.
2570 5189 2880 5245 Accurrunt
2917 5186 3104 5253 vicini,
3143 5183 3394 5240 turbatur
3423 5178 3640 5236 civitas.
3691 5176 3881 5239 Dicit

1825 5305 2058 5363 vuum
2113 5305 2513 5363 LECTIONES.
3317 5289 3335 5317 ‘

1359 5394 1428 5428 ³³⁸⁵
1467 5395 1706 5450 calamus
1761 5405 2021 5450 mutatur.
2137 5397 2203 5428 ³³⁸
2246 5406 2490 5452 mutatur
2541 5395 2798 5450 calamus.
2919 5395 2988 5426 ³³¹
3046 5393 3240 5447 Actum
3295 5421 3368 5431 -—-
3416 5389 3552 5445 feria
3637 5400 3882 5457 postea

586 5397 658 5431 ὐ
695 5398 938 5452 calamus
990 5403 1253 5450 mutatur.

512 5467 727 5522 addidit
776 5467 1076 5521 Anselmus.
1185 5466 1278 5540 _”’7
1329 5465 1541 5540 habitus
1591 5483 1711 5540 cum
1780 5475 2082 5540 atramento
2120 5477 2417 5540 __mutatur.
2477 5465 2758 5537 Sequentes
2825 5465 2988 5540 duas_
3033 5464 3256 5540 paginas
3317 5477 3480 5540 usque
3532 5459 3604 5540 ad
3617 5530 3630 5540 _
3668 5462 3882 5529 ﬁnem

511 5553 566 5592 tt.
591 5540 760 5610 1152.
791 5539 1067 5610 inrasura
1091 5537 1762 5610 scripsitiArnselmusipse,
1796 5547 1850 5593 et
1872 5537 2086 5610 quidem
2118 5537 2235 5593 lloc
2263 5555 2496 5610 anno_-—
2529 5533 2655 5591 cum
2688 5543 2810 5610 toto
2829 5535 3029 5610 oppido
3055 5535 3214 5610 initio
3241 5533 3369 5586 anni
3393 5533 3702 5610 sequentis,
3745 5549 3880 5610 una

510 5609 743 5691 calamo,
775 5609 980 5691 reliqua
1008 5600 1249 5691 pluribus
1279 5609 1523 5691 vicibus._
1575 5600 1968 5691 '_“'§equen'tia
2009 5608 2276 5691 usque-ad
2305 5607 2549 5691 suilicere
2583 5615 2769 5691 posset
2792 5600 2983 5678 iit-ﬁne
3011 5606 3139 5660 anni
3181 5605 3365 5660 desunt
3404 5600 3527 5657 BF.
3562 5601 3711 5668 FZ,
3753 5605 3878 5675 qui

511 5680 594 5736 αἱ(
617 5681 809 5734 habent
842 5677 946 5732 nisi
974 5694 993 5733 :
1035 5678 1278 5736 Parisius
1310 5681 1363 5735 in
1398 5680 1546 5736 :eccl.
1581 5679 1635 5736 b.
1673 5677 1914 5754 Virginis
1938 5677 2130 5736 matris
2163 5679 2268 5732 105
2306 5693 2416 5732 uno
2448 5677 2534 5733 die
2558 5685 2842 5734 sanantur.

2033 5768 2263 5827 ΝΟΤᾸΞ.

584 5863 734 5935 (567)
773 5865 946 5929 Duras
966 5885 1132 5942 prope
1157 5867 1562 5962 Saintv'l‘rond.‘
