3914 6314
106 364 203 421 ιὸἵ

881 352 1254 409 CllRON‘lCA.
1284 380 1355 392 --
1391 347 1865 406 CONTlNUATIO
1902 347 2452 405 GEMBLMZENSIS.

3245 350 3354 415 958

108 479 185 532 nia
223 473 394 545 (372),
423 484 608 526 mense
627 467 799 538 Aprili
830 473 991 522 na‘tus
1010 474 1092 521 est
1125 464 1455 530 infantulus,
1477 474 1674 521 carens
1703 479 1746 536 Α
1779 466 1990 539 thaiius
2018 481 2111 521 rex
2134 474 2189 521 et
2230 464 2541 521 FrideriCus
2573 465 2683 521 dux
2727 464 3029 523 Sacrorum
3066 466 3357 539 paciscun-

106 562 521 633 eolloetcapite,
546 561 750 617 ocelhis
779 560 988 615 habens
1024 558 1079 612 in
1124 557 1357 628 spatulis
1402 556 1493 611 ⁸⁸⁷.
1550 555 1661 611 Lo-

1774 572 1863 615 tur
1885 559 1976 614 ³⁸⁸.

1367 669 1603 725 VARUS
1644 669 2048 727 LECTIONES.

165 773 230 807 "'
281 770 521 823 calamus
575 775 833 821 mutatur.
923 762 1121 818 “'ﬂic
1171 760 1365 816 desinit
1417 776 1606 817 naeuus
1662 762 1927 833 Anselmi.
1968 760 2141 826 Quam
2191 754 2551 833 nullogspatt'o
2594 762 2888 833 interjet'to.
2946 762 3059 816 sine
3090 758 3210 833 ulla
3266 764 3358 819 in-

107 843 374 914 scriptione
408 841 464 895 in
494 839 678 894 eadem
704 838 900 914 pagina
919 851 1137 905 pergens
1160 833 1399 914 sequitur
1430 846 1619 889 manus
1635 834 1795 888 tertia
1830 832 2035 898 eadem,
2062 848 2181 903 quae
2205 849 2259 887 a.
2314 831 2509 888 l085—l
2528 833 2645 888 111.
2673 831 2749 887 in.
2782 834 3043 889 exaravit.
3081 831 3359 906 Pet-tingit

1616 984 1844 1043 NOTAE}.

107 933 158 970 ea
182 903 278 969 tino
305 922 482 966 tenor:
509 925 670 981 usque
693 903 763 963 ad
777 903 1052 963 revocare
1072 903 1447 963 concordiam.

170 1099 309 1171 (δῖε)
336 1093 855 1162 Braine—le-Comte,
886 1092 1027 1153 inter
1054 1088 1204 1145 llalle
1226 1095 1281 1145 et
1314 1084 1491 1143 Mons.

117 1222 3361 1282 Μ’

526 1422 1608 1560 CONTINUATIO
1668 1305 2937 1553 GEMBLACENSIS:

173 1674 316 1731 nso.
358 1672 425 1729 n.
466 1673 550 1727 ll.
621 1670 800 1726 εκεῖ.
841 1668 980 1739 (9.8.)
1052 1667 1228 1723 sse.
1267 1665 1408 1736 (57.)
1487 1662 1630 1717 ll.b.
1716 1662 1757 1721 ιι
1786 1660 1966 1717 solum
2003 1660 2352 1729 laicales,sed
2400 1630 2882 1719 etaecclesiastira:
2927 1681 3193 1735 personae.
3228 1668 3361 1742 [Do-

168 1767 461 1839 Ceuobium
490 1763 668 1821 sancti
697 1760 916 1818 Vedasti
946 1758 1329 1815 Atrabatcnsis
1354 1767 1677 1812 concrema-

114 1871 186 1918 tur
200 1876 317 1916 cum
345 1859 599 1915 claustro
627 1864 683 1912 et
714 1854 947 1911 officinis
973 1861 1030 1910 et
1055 1867 1253 1923 magna
1280 1851 1464 1921 oppidi
1496 1860 1672 1921 parte;

116 1967 197 2006 ree
218 1948 460 2005 meminit
491 1946 694 2017 aliquis
735 1955 927 2002 nostra
965 1951 1125 1999 astate
1155 1951 1235 1997 tot
1262 1941 1443 2007 villas,
1488 1948 1571 1996 tot
1597 1941 1679 1996 ei-

114 2044 298 2103 vitates.
333 2049 416 2095 tot
465 2048 674 2106 castra,
731 2036 930 2108 oppida
960 2035 1045 2090 vel
1086 2033 1407 2104 municipia,
1452 2048 1677 2089 concre-

116 2144 236 2189 mata
263 2130 493 2188 fortuito
519 2131 664 2203 igne,
697 2137 834 2201 quot
855 2128 911 2184 in
945 2127 1111 2198 hujus
1155 2125 1285 2182 anni
1317 2125 1495 2196 spatio
1520 2140 1676 2180 com-

115 2227 250 2282 busta
272 2239 393 2281 esse
431 2224 776 2278 releruntur.
825 2219 1097 2294 [Domnus
1141 2218 1449 2274 Alexander
1484 2216 1679 2272 Leodi-

118 2316 330 2372 eonsium
371 2314 671 2386 episcopus
700 2312 933 2369 moritur
971 2310 1091 2384 ³⁸⁹.]
1120 2311 1413 2366 Anselmus
1451 2320 1679 2366 octavus

118 2410 259 2465 abbas
284 2407 697 2463 Gcmblacensis
722 2403 937 2462 cenohii
955 2403 1125 2471 obiit;
1152 2403 1246 2475 qui
1268 2401 1449 2458 adhuc
1471 2403 1677 2470 vivens,

120 2500 203 2556 etsi
222 2513 442 2570 corpore
475 2497 775 2562 invalidus,
816 2504 998 2551 tamen
1046 2508 1174 2565 erga
1225 2490 1323 2546 Dei
1363 2491 1572 2546 cultum
1626 2496 1681 2545 et

122 2596 484 2669 scripturarum
533 2593 856 2649 exercitium
887 2599 1006 2646 erat
1037 2599 1295 2645 strenuus
1315 2586 1405 2641 “°.
1440 2584 1539 2641 Hic
1564 2601 1681 2642 cro-

124 2689 274 2744 nicam
306 2690 470 2744 istam
502 2703 537 2741 a
565 2687 673 2742 line
707 2684 981 2740 chronica:
1010 2698 1040 2736 a
1067 2679 1350 2751 Sigeberto
1380 2677 1678 2735 venerabili

125 2778 504 2836 Gemblacensis
532 2777 797 2833 :ecelesize
824 2773 1097 2831 monacho
1129 2771 1417 2842 descriptae
1441 2771 1506 2827 ad
1533 2770 1680 2826 hunc

127 2886 271 2941 usque
289 2885 497 2927 annum
531 2866 808 2941 perduxit,
844 2875 899 2923 et
926 2865 1044 2921 visa
1072 2864 1158 2920 vel
1189 2879 1221 2918 a
1251 2863 1504 2919 ﬁdelibus
1540 2863 1681 2917 rela-

127 2962 303 3018 toribus
325 2960 518 3016 audita
538 2967 884 3031 posterorum
910 2955 1119 3012 notitia:
1136 2953 1445 3026 dereliquit.
1463 2953 1682 3010 Discor-

128 3054 210 3110 dia
239 3054 431 3109 malum
483 3067 654 3123 quam
700 3049 1075 3123 perniciosum
1122 3047 1195 3103 sit
1238 3047 1521 3114 omnibus,
1561 3046 1683 3117 plus

125 3149 218 3216 jam
239 3149 430 3203 nostris
460 3143 918 3201 tribulationibus
940 3142 1231 3209 discimus,
1260 3157 1425 3214 quam
1449 3141 1503 3197 in
1528 3142 1682 3198 codi-

130 3242 256 3297 cibus
282 3241 534 3314 legimus.
560 3239 700 3296 Cum
722 3238 868 3295 enim
909 3235 1169 3293 monachi
1207 3251 1334 3290 cum
1372 3234 1682 3306 oppidanis,

129 3333 347 3403 oppidani
372 3350 505 3388 cum
532 3330 819 3387 monachis
857 3345 970 3385 non
1004 3327 1400 3385 concordat-ent
1443 3326 1500 3381 in
1550 3325 1685 3383 sub-

132 3425 352 3481 stituendi
380 3425 607 3481 abbatis
633 3422 896 3479 electione
922 3439 936 3474 :
974 3421 1043 3476 ad
1072 3420 1180 3476 hoc
1218 3434 1395 3490 usque
1422 3417 1688 3489 processit

133 3517 302 3572 malum
347 3516 667 3585 discordiae,
714 3523 776 3569 ut
802 3513 871 3546 '“
912 3513 1025 3568 dux
1063 3509 1423 3568 Lovaniensis
1451 3509 1602 3582 (57⁸5)
1633 3517 1689 3565 et

133 3624 284 3665 comes
308 3608 674 3665 Namucensis
697 3616 857 3677 rupto
892 3605 1046 3677 pacis
1083 3603 1264 3659 ledere
1297 3601 1567 3657 hostiliter
1599 3603 1686 3657 in-

134 3711 197 3755 ter
216 3717 267 3756 se
292 3707 678 3758 concertarent
699 3697 875 3755 multo
899 3706 1165 3774 tempore.
1198 3695 1331 3750 Erat
1361 3703 1545 3750 autem
1568 3712 1688 3771 cer-7

137 3807 236 3849 nere
274 3793 554 3855 miseriam
609 3799 665 3847 et
713 3791 962 3849 omnium
1011 3804 1199 3845 rerum
1242 3786 1685 3861 depredationém

135 3883 574 3951 violentissimam,
596 3882 893 3939 homicidia
914 3882 1201 3963 sepissime
1211 3881 1348 3950 ﬁeri,
1377 3882 1535 3938 villas
1563 3896 1687 3937 cum

136 3969 500 4027 habitatoribus
556 3969 940 4035 concremari,
987 3968 1042 4023 in
1092 3976 1306 4023 tantum
1353 3977 1413 4023 ut
1450 3983 1691 4041 gemme-

137 4057 304 4116 ἰαθεηεὶ
327 4060 533 4134 oppido
565 4075 691 4115 cum
716 4058 1080 4133 parrochiana
1120 4058 1370 4113 mcclesia
1401 4058 1691 4113 combusto

138 4164 238 4205 cum
268 4153 504 4207 maximo
528 4148 954 4205 inhabitantium
978 4148 1244 4220 periculo,
1277 4147 1374 4204 Dei
1405 4148 1690 4203 clementia

139 4243 284 4314 majus
311 4242 737 4309 monasterium,
765 4241 913 4313 quod
951 4248 1036 4296 est
1064 4240 1406 4312 contiguum,
1450 4239 1694 4310 undique

1776 1753 1942 1818 mn'us
1975 1759 2263 1829 Adelbero,
2309 1778 2377 1823 ex
2399 1763 2548 1819 clero
2573 1761 2824 1819 Mettensi
2869 1776 3173 1835 assumtus,
3200 1770 3365 1826 datur

1776 1852 2196 1909 Leodicensium
2245 1855 2537 1925 episcopus
2590 1854 2709 1927 ³⁸³.]
2746 1854 3138 1914 Monasterium
3185 1861 3362 1917 sancti

1776 1943 2010 2000 Dionisii
2036 1945 2092 2000 in
2121 1945 2453 2010 Brokorotht
2479 1946 2823 2002 comburitur
2852 1964 2981 2004 cum
3017 1951 3263 2007 claustro
3309 1960 3364 2008 et

1775 2037 2036 2096 omnibus
2059 2039 2399 2109 appendieiis
2419 2052 2474 2095 et
2502 2039 2722 2110 oppido,
2742 2041 2834 2102 vix
2880 2056 3028 2096 anno
3079 2043 3167 2097 l2.
3202 2052 3363 2098 aute-

1776 2129 1945 2186 rioris
1966 2131 2365 2188 combustionis
2381 2132 2600 2203 expleto
2624 2133 2712 2187 ³⁸³.
2732 2132 2848 2188 Rex
2871 2132 3174 2205 Anglorum
3199 2134 3367 2190 llein-

1778 2221 1929 2278 ricus
1957 2223 2094 2278 obiit
2119 2224 2167 2292 (1
2201 2223 2329 2279 Dec.
2362 2223 2546 2295 H35),
2582 2224 2671 2279 vir
2718 2227 3054 2296 pauperibus
3090 2236 3145 2285 et
3177 2229 3368 2283 accele-

1779 2313 1991 2371 siisDei
2012 2315 2198 2371 multae
2227 2316 2602 2388 benignitatis,
2628 2333 2694 2373 ac
2715 2333 2813 2389 per
2841 2318 2946 2375 hoc
2973 2320 3139 2381 etiam
3180 2321 3368 2376 multa

1779 2406 2140 2463 liberalitatis.
2165 2407 2517 2480 [Ludowicus
2531 2423 2624 2464 rex
2649 2408 2988 2466 Francorum
3020 2412 3155 2467 obiit
3176 2412 3362 2483 (374);

1744 2519 1760 2534 ο
1782 2496 1925 2553 illius
1979 2497 2102 2568 ejus
2148 2499 2733 2570 cquivocussuecedit
2754 2499 2872 2573 '“.]
2923 2500 3038 2557 Rex
3070 2501 3367 2559 Lotbarius

1782 2590 1955 2645 multo
1999 2591 2151 2662 regni
2195 2590 2283 2645 sui
2326 2588 2658 2664 congregato
2702 2586 2977 2661 exercitu,
3019 2582 3248 2649 Romam
3281 2610 3368 2651 se-

1781 2681 1963 2737 cundo
1990 2682 2355 2753 proﬁciscitur
2385 2681 2581 2757 (Sept.)
2604 2685 2839 2740 duorum
2882 2686 2949 2741 de
2985 2687 3112 2742 sede
3141 2695 3367 2758 aposto-

1782 2776 1887 2831 lica
1914 2776 2361 2833 contendentium
2403 2778 2737 2835 discordiam
2769 2779 2837 2835 ad
2874 2779 3028 2850 pacis
3056 2789 3111 2836 et
3142 2780 3370 2837 unitatis

1782 2866 2011 2938 cupiens
2033 2882 2294 2924 revocare
2315 2869 2666 2925 concordiam
2694 2869 2783 2925 ³⁸⁸.

2509 2991 2652 3003 α--ι

1855 3050 2015 3123 Angli
2043 3051 2137 3107 diu
2166 3051 2349 3108 habita
2372 3044 2785 3119 deliberatione,
2809 3068 2971 3124 quem
3014 3053 3373 3110 sublimarent

1785 3145 1938 3217 regio
1957 3146 2180 3201 nomine
2206 3155 2262 3202 et
2287 3148 2520 3215 honore,
2561 3148 2682 3204 sine
2700 3147 2889 3204 liberis
2910 3133 3172 3205 defuncto
3196 3148 3367 3205 Hein-

1786 3236 1902 3293 rico
1930 3253 2074 3309 rege,
2112 3228 2452 3309 Stephanum
2483 3240 2877 3296 consobrinum
2910 3241 3033 3324 ejus
3070 3241 3372 3313 constitue-

1786 3336 1915 3383 runt
1940 3344 2038 3398 pro
2075 3343 2142 3384 eo
2183 3345 2435 3402 regnare.
2472 3330 2633 3387 Mons
2670 3331 3012 3388 Castrilocus
3054 3332 3202 3405 (375)
3244 3347 3371 3400 cum

1787 3420 1989 3491 templo
2016 3429 2220 3478 sancta:
2244 3420 2632 3479 Waldedrudis
2654 3432 2705 3487 et
2737 3432 2851 3479 toto
2880 3439 3019 3506 pene
3041 3424 3206 3510 opido
3234 3439 3371 3480 con-

1787 3521 2063 3567 crematur
2091 3510 2181 3567 ³⁸⁸.

1861 3602 2019 3659 “57.
2219 3602 2486 3675 12.(ll.)
2596 3601 2829 3675 l.(27.)
2941 3604 2994 3677 ι.
3120 3604 3227 3660 -·ι.

1860 3693 1974 3751 Rex
2013 3694 2332 3765 Lotbarius,
2366 3712 2513 3752 anno
2546 3712 2659 3752 uno
2683 3704 2739 3752 et
2760 3695 3042 3752 mensibus
3064 3696 3098 3752 5
3126 3712 3252 3752 cum
3279 3708 3376 3752 ex-

1786 3787 2063 3857 peditione
2091 3787 2317 3843 militari
2363 3789 2420 3843 in
2449 3786 2601 3843 Italia
2633 3778 3027 3855 commoratus,
3064 3788 3135 3844 ah
3164 3787 3376 3860 ingres-

1787 3891 1853 3931 su
1899 3876 2168 3931 abstinuit
2215 3877 2370 3933 urbis
2417 3877 2627 3945 Romae,
2673 3877 2803 3948 quia
2851 3876 3088 3933 duorum
3136 3877 3204 3933 de
3248 3879 3375 3934 sedc

1789 3967 2089 4039 apostolica
2119 3968 2566 4024 contendentium
2616 3968 2787 4039 prclia
2831 3976 2886 4023 et
2939 3967 3238 4024 seditiones
3284 3983 3379 4023 ne-

1786 4059 1968 4130 quivit
2006 4074 2355 4130 compescere
2401 4059 2585 4131 (Mai).
2613 4057 2907 4131 Rogerium
2940 4057 3141 4116 Siciliae
3180 4058 3375 4115 ducem

1790 4152 1897 4209 sibi
1944 4152 2291 4209 resistentem
2352 4153 2548 4209 bellica
2613 4152 3005 4224 congressione
3062 4150 3378 4223 frequenter

1792 4244 2015 4313 atrivit;
2053 4245 2390 4315 provinciam
2425 4246 2547 4318 ejus
2573 4244 2705 4301 cede
2745 4254 2800 4299 et
2840 4243 3093 4300 incendio
3132 4244 3380 4299 devasta-

138 4334 652 4405 grassanteincendio
669 4335 781 4406 jam
808 4349 1158 4401 succensum,
1185 4332 1326 4388 miro
1348 4332 1689 4387 restrinxerit
1719 4355 1766 4415 ο
1792 4336 1908 4404 vit;
1941 4335 2036 4392 sed
2063 4346 2248 4392 tamen
2275 4352 2403 4392 eum
2447 4337 2515 4391 ad
2554 4336 2889 4392 deditionem
2945 4334 3055 4403 non
3090 4333 3375 4409 compulit.

138 4428 288 4483 modo.
314 4428 493 4486 Vicini
528 4428 675 4485 enim
703 4427 946 4483 [luminis
975 4427 1164 4483 alveus
1200 4425 1257 4481 in
1296 4434 1551 4499 stagnum
1575 4426 1688 4480 col—

139 4514 299 4587 lectus,
325 4522 441 4577 rivo
484 4536 591 4577 suo
618 4535 816 4591 magna
844 4534 909 4574 ex
942 4526 1095 4591 parte
1129 4517 1313 4575 subito
1339 4526 1423 4573 est
1451 4532 1687 4573 evacua-

141 4618 227 4676 tus,
254 4614 320 4668 ita
349 4625 403 4670 ut
432 4629 619 4670 arenae
647 4613 769 4684 ejus
799 4619 1159 4668 cernerentur
1199 4610 1689 4667 circumcursanti-

140 4698 222 4756 bus
239 4712 288 4758 et
315 4704 417 4774 his,
446 4705 548 4777 qui
578 4703 916 4760 resistebant
943 4702 1239 4771 hostibus;
1281 4702 1512 4774 ejusque
1544 4716 1687 4774 aqua

142 4792 389 4861 superiusa
412 4793 754 4851 monasterio
782 4793 839 4848 in
871 4793 1095 4848 modum
1116 4784 1334 4863 pluviae,
1364 4793 1686 4849 incendium

143 4895 275 4940 omne
293 4887 547 4944 restinxit
566 4885 665 4944 Dei
700 4885 923 4942 virtute.
943 4883 1027 4942 Ne
1050 4885 1140 4942 cui
1167 4895 1352 4942 autem
1374 4886 1480 4942 hoc
1498 4885 1691 4940 videa-

144 4982 215 5031 tur
232 4977 558 5049 incredibile,
590 4979 780 5036 multa
803 4978 911 5035 hoc
931 4978 1206 5050 hodieque
1222 4984 1555 5034 attestantur
1577 4992 1687 5032 non

1794 4427 1947 4493 Dum,
1968 4443 2101 4503 ergo
2123 4428 2313 4485 varius
2337 4437 2569 4485 eventus
2596 4428 2723 4485 belli
2748 4436 2913 4494 esset,
2945 4435 2999 4481 et
3023 4441 3123 4481 nec
3149 4427 3250 4481 hos
3277 4439 3382 4485 nec

1792 4518 1917 4575 illos
1964 4519 2178 4592 gladius
2232 4516 2621 4586 consumeret,
2683 4535 2780 4574 rex
2840 4516 3134 4572 Lotharius
3202 4524 3380 4572 morte

1793 4619 2086 4682 proventus
2117 4610 2265 4684 (Dec.
2296 4612 2351 4683 5)
2382 4611 2584 4667 bellum
2612 4626 2737 4667 cum
2764 4610 2875 4664 vita
2918 4608 3126 4675 ﬁnivit;
3158 4617 3212 4663 et
3250 4622 3381 4680 pro-

1793 4711 1912 4773 pter
1953 4702 2211 4758 incursus
2246 4700 2488 4772 undique
2534 4699 2939 4773 imminentium
2976 4698 3218 4753 hostium
3268 4712 3380 4753 non

1798 4792 2109 4862 manifeste,
2143 4794 2237 4850 sed
2259 4794 2419 4865 quasi
2449 4794 2662 4850 occulte
2685 4809 2715 4849 a
2740 4792 2857 4849 suis
2878 4792 3103 4861 relatus,
3119 4792 3173 4846 in
3202 4790 3380 4846 Saxo-

1794 4887 1888 4943 nia
1927 4895 2011 4942 est
2048 4887 2374 4943 tumulatus.
2421 4876 2764 4963 [Arnulphus
2799 4902 2866 4943 ex
2891 4885 3161 4952 monacho
3193 4878 3381 4939 Sancti

1790 4977 2040 5035 Nichasii
2102 4977 2293 5035 Remis
2352 4979 2516 5047 datur
2573 4980 2746 5063 abbas
2798 4976 3209 5037 Gemblaeensis
3263 4973 3382 5047 ³⁸⁷.]

1452 5086 1687 5148 VARUE
1717 5091 2120 5165 LECTIONES.
2158 5099 2180 5115 ο

202 5204 260 5288 ’ξ’
282 5207 597 5288 interﬂuens
618 5206 773 5288 addit
793 5223 982 5288 manus
1008 5206 1621 5288 septimq‘eadgrukquw
1663 5206 1822 5288 [ium
1854 5207 2051 5288 codicis
2071 5209 2195 5288 inde
2217 5227 2269 5265 α.
2301 5211 2463 5288 1115.
2500 5210 2692 5288 [lentis
2706 5210 3009 5288 ‘exarauit;
3060 5207 3157 5262 Bl.
3277 5202 3376 5285 ξι.

224 5276 269 5330 '5.
337 5278 406 5311 ³⁸⁸
426 5279 622 5353 qui-—_-
660 5287 917 5353 strenuus
946 5271 1133 5353 desunt
1152 5274 1318 5353 Bl“._
1365 5271 1856 5353 '“_'Discoriliaa—
1878 5279 2170 5353 discordiae
2199 5290 2269 5353 ut,
2288 5281 2676 5353 desunthl.75.
2706 5280 3091 5353 Discordiae:
3122 5273 3381 5353 ecclesia-

292 5344 534 5422 1³⁸³οῆ3³
571 5349 760 5404 dem"
801 5347 922 5422 3??-
951 5349 1029 5422 υτ
1075 5348 1176 5403 4⁸ὀ
1219 5347 1321 5422 3."
1366 5346 1525 5422 ράάϋ
1552 5348 1632 5422 ,ίςι
1671 5349 1723 5403 1ο
1770 5364 1959 5422 manus
1993 5352 2218 5422 quinta;
2250 5352 2346 5408 Bl.
2376 5353 2430 5409 5.
2460 5352 2556 5407 ιη.
2589 5352 2644 5407 2.
2704 5353 2756 5407 δ.
2788 5353 2972 5422 desunt
3011 5346 3244 5422 83'.__§'.
3276 5344 3379 5422 ᾆῖἶτ

151 5410 208 5446 ⁸⁸³
231 5410 712 5494 Monasterium-Z
756 5419 972 5494 expleto
994 5419 1183 5494 deum!
1219 5417 1316 5494 Di.
1488 5417 1645 5494 initio
1688 5419 1850 5494 a_n_t_al_
1863 5410 2374 5494 post'oppidi'parte
2401 5422 2807 5490 collocant
2848 5423 2923 5477 4⁸.
2951 5421 3102 5494 4".“
3126 5416 3195 5494 ξ’)
3229 5413 3382 5468 add”

152 5491 525 5562 manetquanta.
547 5490 651 5565 ΔΒΙ.
680 5489 768 5565 3';
783 5487 1070 5565 ῥίμινεξ.
1104 5489 1209 5565 E2.
1229 5489 1307 5565 5.;
1333 5489 1524 5565 desunt
1546 5487 1642 5559 Fl.
1718 5490 1788 5523 ³⁸³
1807 5487 2018 5565 Desinit
2046 5487 2245 5565 "ri-agnus
2278 5494 2458 5561 tertia,
2490 5488 2683 5565 incipit
2729 5494 2935 5565 quinte.

3034 5487 3104 5519 ⁸⁸⁸
3133 5485 3291 5543 Mons
3311 5509 3385 5524 —-

152 5556 497 5617 mncreinatur
520 5562 711 5617 desunt
732 5560 828 5616 BI.
861 5561 915 5617 Β.
942 5558 957 5601 ⁷η
985 5559 1055 5601 ³⁸³
1080 5560 1236 5619 addit
1269 5556 1813 5616 interlineasma'tua
1839 5561 2067 5631 incerta,
2097 5562 2194 5619 ιη.
2221 5565 2276 5634 '5;
2308 5556 2500 5621 desunt
2530 5556 2626 5619 Bl'.
2651 5556 2830 5621 32'“.
2872 5561 2971 5616 Γ.
2996 5559 3052 5615 5.

358 5761 696 5822 GOdeIridus.
1491 5790 1508 5824 ‹

326 5833 346 5896 )
371 5830 591 5892 Domum
611 5836 731 5895 Kal.
761 5838 901 5896 Ann.
930 5836 1088 5894 H57.

326 5833 346 5902 )
371 5830 591 5892 Domum
611 5836 731 5895 Kal.
761 5838 901 5910 Aug.
930 5836 1088 5894 H57.

1500 5696 1549 5729 ον
1644 5674 1879 5739 ΝΟἹῈ.

1872 5771 2023 5846 (375)
2049 5770 2225 5830 Mons.
