3914 6314
552 359 656 419 εεη

1719 345 2083 406 SlGEBERTl
2117 342 2648 405 osunLACENSts
3674 303 3754 409 ξε.

553 476 680 548 (Au.
711 471 863 528 1158.
895 469 1026 526 Jan.
1058 459 1385 540 25.)'Bruno
1424 463 1838 521 Coloniensium
1866 462 2136 533 archiept-
2166 465 2213 524 Α
2311 459 2473 518 1159.
2721 456 2774 512 2.
3012 457 3066 511 3.
3283 457 3336 512 3.
3539 462 3587 516 9.

554 583 753 637 scopus
784 566 920 620 obiit
948 565 1002 618 in
1030 562 1373 640 expeditione
1396 558 1598 624 Italica,
1623 557 1674 612 6.
1709 573 1854 613 anno
1897 557 1983 612 sui
2008 571 2134 628 pre-

552 661 784 716 sulatus.
811 657 1006 712 Petrus
1035 655 1233 711 Leonis
1263 653 1496 709 decessit
1533 668 1599 706 ex
1628 653 1729 706 hac
1759 651 1890 716 vita,
1919 651 2013 720 qui
2049 665 2137 708 se-

553 745 678 806 dém
721 746 1076 819 apostolicam
1120 747 1353 801 retinere
1385 745 1690 800 conabatur
1746 760 1872 798 cum
1930 743 2139 798 violen-

552 841 648 896 tia.
679 838 963 895 Ecclesiae
985 837 1078 892 Dei
1107 846 1163 892 et
1191 837 1455 908 Gregorio
1483 852 1635 907 papae
1661 852 1766 906 pax
1797 843 1884 890 est
1905 835 2132 902 reddita,

553 939 608 986 et
635 937 990 986 cessaverunt
1019 927 1317 984 seditiones
1346 935 1399 982 et
1425 928 1593 998 prclia
1621 926 1710 980 πθ.

624 1019 873 1074 Prudens
895 1019 1086 1085 lector,
1114 1019 1288 1073 habeo
1312 1018 1408 1072 tibi
1435 1017 1641 1087 aliquid
1672 1017 1876 1082 dicere,
1909 1014 2139 1085 cupiens

553 1110 729 1183 magis
758 1110 942 1166 doceri
971 1126 1134 1181 quam
1167 1111 1382 1166 docere.
1428 1109 1626 1164 Beatus
1657 1107 1954 1179 Gregorius
1983 1107 2136 1176 dicit,

554 1204 947 1260 inconveniens
973 1219 1114 1270 esse,
1139 1219 1201 1258 ea
1239 1219 1362 1274 quae
1390 1211 1580 1258 carent
1623 1201 1906 1272 gravitatis
1945 1200 2140 1256 solidi-

554 1305 684 1362 tate,
712 1296 765 1350 in
795 1295 949 1351 libris
975 1304 1290 1366 amgerere.
1336 1294 1613 1349 Studiosis
1647 1294 1793 1349 enim
1842 1293 2138 1349 lectoribus

553 1401 665 1441 non
697 1394 826 1440 sunt
854 1384 1028 1450 utilia,
1058 1385 1152 1439 sed
1179 1384 1482 1438 fastidiosa.
1513 1383 1626 1438 Hoc
1653 1384 1906 1454 exemplo
1936 1398 2037 1438 nos
2070 1384 2138 1439 de

552 1478 741 1532 multis
788 1492 912 1546 quae
961 1476 1290 1548 contingunt
1343 1476 1747 1531 conscribimus
1795 1489 1990 1546 pauca,
2043 1475 2138 1531 scd

551 1567 911 1625 eminentiora
933 1577 1024 1636 ;ut
1047 1568 1313 1623 habeatur
1341 1568 1643 1624 secundum
1671 1569 1843 1640 legem
1866 1569 2141 1623 chronica

552 1678 736 1718 rerum
773 1671 1050 1731 gestarum
1077 1661 1313 1733 breviter
1340 1661 1549 1732 digesta
1581 1661 1801 1726 veritas,
1849 1669 1905 1715 et
1945 1677 2139 1716 cavea-

555 1761 644 1808 tur
678 1754 888 1809 inutilis
929 1761 984 1808 et
1028 1753 1391 1823 undecunque
1436 1761 1692 1822 congesta
1735 1751 2020 1822 prolixitas
2042 1749 2133 1806 ³⁸⁸.

2306 551 2598 608 Cunradus
2635 550 2830 606 tertius
2859 564 2956 605 rex
2985 549 3149 620 hujus
3177 549 3435 619 nominis,
3463 551 3756 618 Godefridus:

2236 644 2408 701 tilium
2431 642 2710 700 Godefridi
2737 642 2893 698 ducis
2924 641 3058 698 facit
3101 643 3313 713 paterni
3345 644 3558 703 honoris
3594 665 3772 710 sumes--

2235 755 2440 805 sorem,
2490 752 2555 792 ea
2591 737 2829 792 maxime
2853 751 2956 807 pro
2985 751 3176 802 causa,
3226 737 3358 807 quia
3399 754 3509 794 suae
3557 744 3759 814 conjugis

2237 846 2486 888 sororem
2505 830 2557 885 ei
2590 830 2814 885 dederat
2853 845 3102 885 uxorem.
3151 827 3440 888 lleinricus
3469 832 3571 888 dux
3611 834 3760 908 Bajoa-

2237 924 2468 989 ri-arum,
2509 923 2691 978 adhuc
2750 923 3065 979 contrarius
3121 923 3365 978 existens
3393 923 3631 982 Cunrado
3657 934 3758 1002 regi,

2241 1031 2344 1071 nec
2383 1015 2672 1071 attendens
2712 1015 2844 1071 illud
2892 1015 3100 1071 dictum
3150 1016 3442 1072 mundana:
3492 1019 3758 1089 sapientia:

2238 1107 2429 1163 Levius
2477 1108 2543 1178 ﬁt
2587 1108 2870 1178 patientia,
2928 1107 3181 1179 quitquid
3231 1109 3382 1179 nefas
3438 1118 3512 1165 est
3556 1115 3762 1184 corrigere

2239 1199 2424 1273 (Hom,
2460 1200 2548 1254 od.
2577 1198 2619 1265 l,
2641 1200 2755 1271 24).
2789 1199 3187 1255 inremediabili
3207 1199 3404 1256 morbo
3430 1201 3648 1258 tristitiae
3673 1219 3763 1274 per-

2237 1292 2388 1348 venit
2426 1291 2494 1347 ad
2529 1303 2772 1348 extrema
2805 1291 2950 1346 vitae.
2979 1291 3170 1347 Gentis
3213 1293 3760 1365 Anglorumprincipes

2203 1415 2207 1418 λ
2237 1401 2270 1440 a
2300 1400 2426 1456 rege
2455 1400 2556 1440 suo
2581 1384 2992 1450 dissentientes,
3016 1384 3148 1440 dum
3181 1384 3318 1440 alter
3365 1383 3519 1438 alteri
3548 1383 3677 1440 varie
3698 1401 3763 1439 as-

2239 1478 2493 1544 sentitur,
2522 1491 2654 1548 gens
2698 1485 2809 1532 tota
2847 1491 2948 1546 per
2985 1492 3081 1532 eos
3122 1475 3400 1546 afﬂigitur,
3445 1490 3509 1530 eo
3553 1475 3760 1543 deterius,

2239 1588 2350 1642 quo
2371 1572 2517 1627 cives
2547 1579 2607 1625 ut
2645 1571 2829 1626 hostes
2857 1585 2966 1624 non
2995 1569 3258 1637 exterius,
3295 1569 3392 1625 sed
3432 1569 3642 1624 interius
3663 1570 3764 1638 pati-

2240 1673 2348 1719 tur.
2387 1662 2619 1718 Paludes
2651 1671 2707 1717 et
2737 1661 2936 1729 fontes,
2967 1662 3063 1733 qui
3096 1678 3193 1733 per
3218 1662 3431 1732 aliquot
3462 1678 3622 1718 annos
3652 1670 3763 1718 tanta

2239 1755 2551 1812 defecerant
2575 1755 2840 1821 siccitate,
2874 1764 2934 1810 ut
2955 1763 3280 1827 putarentur
3318 1771 3427 1810 non
3454 1771 3605 1826 posse
3627 1756 3765 1810 denuo

554 1844 613 1899 Si
637 1854 819 1900 autem
842 1844 1046 1915 aliquid
1075 1844 1481 1914 conscriptione
1509 1844 1734 1915 dignum
1773 1843 2136 1899 aestimaveris
2168 1837 2212 1900 Β
2241 1849 2490 1914 renuere,
2521 1847 2794 1902 mirantur
2832 1848 2990 1902 multi
3029 1861 3137 1900 non
3169 1846 3350 1901 solum
3388 1845 3576 1913 fluere,
3611 1847 3692 1902 sed
3726 1855 3765 1901 et

551 1952 584 1992 a
619 1938 777 1992 nobis
798 1937 1232 2008 pretermissum,
1265 1937 1529 1992 studiosis
1567 1936 1961 2007 scripturarum
1994 1937 2138 1993 scias

550 2047 674 2088 esse
695 2032 985 2088 dimissum
1013 2049 1028 2099 ;
1074 2030 1204 2102 quia
1239 2046 1350 2085 non
1377 2031 1562 2086 omnia
1601 2045 1896 2100 possumus
1923 2045 2136 2097 omnes,

552 2141 655 2180 nec
708 2126 892 2180 omnia
944 2127 1138 2180 volunt
1183 2140 1406 2193 omnes;
1480 2135 1536 2182 et
1604 2125 1863 2181 laudatur
1913 2126 2136 2198 quidam
2207 2171 2214 2180 .

552 2217 758 2272 dixisse
783 2217 1080 2288 prudenter
1100 2225 1156 2272 et
1177 2217 1419 2274 breviter
1443 2235 1458 2272 :

555 2330 698 2397 Quid
743 2331 862 2386 dem
890 2373 905 2398 ,
947 2331 1076 2403 quid
1129 2348 1234 2385 nou
1285 2332 1453 2386 dem?
1490 2333 1666 2386 renuis
1700 2340 1779 2399 tu,
1815 2332 1956 2403 quod
1987 2331 2139 2403 jubet

1263 2425 1420 2480 alter.

625 2537 784 2593 1158.
894 2537 1056 2594 R.l.
1168 2537 1322 2594 F.2.
1436 2539 1596 2594 A.2.
1708 2537 1773 2595 ll.
1816 2539 1870 2596 8.

628 2653 744 2709 Rex
786 2654 855 2686 ³⁷⁸
889 2653 1190 2719 Dauorum,
1216 2652 1402 2708 audita
1428 2663 1604 2709 morte
1631 2655 1775 2726 regis
1818 2654 2140 2726 Anglorum,

557 2756 682 2801 cutn
711 2747 884 2801 multo
913 2745 1134 2800 navium
1162 2755 1450 2816 apparatu,
1479 2762 1606 2801 cum
1637 2747 1858 2801 militari
1895 2756 1950 2802 et
1982 2748 2144 2818 pede-

557 2839 660 2894 stri
691 2838 956 2904 exercitu,
991 2837 1125 2892 fines
1147 2837 1357 2909 Anglia:
1384 2837 1704 2893 devastabat
1728 2839 1880 2893 omni
1908 2839 2144 2895 crudeli-

558 2931 688 2986 tatis
721 2945 949 3002 genere;
973 2929 1183 2996 dicens,
1209 2938 1622 2986 antecessorum
1655 2931 1988 2986 hereditario
2011 2932 2137 3003 jure

559 3029 614 3076 et
642 3019 994 3076 collimitanei
1044 3020 1216 3076 maris
1251 3020 1531 3076 vicinitate
1569 3022 1675 3079 sibi
1729 3023 1906 3093 magis
1954 3023 2142 3078 deberi

560 3127 790 3183 regnum
818 3111 1045 3182 Angliaa,
1075 3127 1240 3182 quam
1274 3111 1551 3184 Stephano
1575 3113 1692 3186 regi
1735 3123 1794 3176 et
1815 3112 2145 3170 Normannis

560 3221 627 3260 ex
659 3203 938 3260 Wilhelmi
962 3203 1206 3260 bastardi
1227 3203 1574 3276 pervasione.
1591 3203 1708 3261 Rex
1729 3206 2030 3276 Anglorum
2055 3221 2144 3260 re-
2171 3228 2218 3290 ρ

560 3304 761 3369 putans
790 3296 1160 3368 periculosum
1184 3296 1362 3366 primo
1386 3295 1592 3367 impetu
1629 3313 1754 3353 cum
1779 3307 1888 3352 tam
1918 3297 2144 3355 efferato

561 3385 720 3440 hoste
746 3399 856 3438 non
881 3399 947 3439 ex
976 3399 1120 3454 equo
1148 3383 1460 3457 confligere,
1485 3385 1671 3442 habita
1695 3385 1957 3443 dilatione
1985 3396 2040 3442 et
2062 3387 2147 3442 in-

563 3485 744 3546 specta
771 3477 1158 3548 oportunitate,
1199 3477 1478 3548 dispersos
1509 3478 1669 3549 longe
1695 3478 1911 3550 lateque
1955 3487 2012 3534 et
2058 3480 2146 3534 in-

563 3567 778 3624 hiantes
801 3569 982 3640 predaa
1001 3566 1148 3625 facili
1180 3569 1461 3640 superavit
1481 3572 1892 3641 congressione,
1927 3571 2147 3629 multis-

562 3676 670 3732 que
699 3677 893 3717 eorum
919 3661 1219 3718 interfectis
1262 3670 1357 3716 aut
1391 3662 1586 3732 captis,
1620 3661 1862 3732 reliquos
1901 3663 2151 3733 conpulit

561 3768 688 3810 cum
713 3754 981 3811 dedecore
1017 3755 1086 3810 ad
1116 3754 1337 3825 propria
1366 3751 1564 3809 redire.
1587 3752 1719 3809 Post
1749 3764 1979 3809 mortem
2007 3755 2150 3825 regis

564 3845 830 3914 Lotbarii,
895 3861 1006 3902 non
1055 3845 1292 3901 ferentes
1332 3844 1610 3916 principes
1649 3845 1934 3902 Teutonici
1975 3847 2148 3918 regni,

564 3937 802 4006 aliquem
829 3945 1147 3991 extraneum
1171 3953 1202 3990 a
1231 3936 1401 4006 stirpe
1422 3937 1570 4007 regia
1602 3937 1706 3992 sibi
1737 3937 2031 4006 dominari,
2059 3955 2148 3994 re-

567 4041 690 4098 gem
718 4026 1123 4082 constituerunt
1149 4027 1255 4082 sibi
1297 4025 1639 4095 Cunradum,
1674 4029 1852 4084 virum
1895 4031 2031 4102 regii
2061 4047 2152 4102 ge-

569 4115 717 4170 neris
769 4114 951 4187 (Febr.
1000 4115 1118 4185 22.)
1178 4115 1310 4172 Erat
1365 4117 1567 4188 quippe
1619 4133 1688 4174 ex
1734 4135 1924 4176 sorore
1981 4137 2152 4193 nepos

570 4206 812 4263 lleinrici
839 4208 1016 4278 quinti
1047 4209 1213 4280 regis,
1252 4211 1434 4280 quarti
1468 4210 1817 4280 imperatoris
1858 4213 2024 4282 hujus
2055 4229 2154 4267 no-

571 4300 757 4356 minis.
791 4299 1082 4357 lleinricus
1119 4302 1229 4358 dux
1262 4302 1666 4374 Bajoariorum,
1700 4304 1829 4374 quia
1882 4305 1993 4360 filia
2049 4303 2156 4360 Lo-

571 4392 737 4448 tharii
764 4391 988 4465 regisei
1019 4401 1280 4463 nupserat
1301 4401 1355 4448 et
1379 4393 1494 4464 jam
1526 4393 1728 4450 liberos
1751 4410 1817 4449 ex
1865 4410 1930 4450 ea
1976 4411 2158 4451 susce-

572 4493 747 4558 perat,
777 4484 1092 4541 Cunradum
1121 4501 1291 4558 regno
1325 4487 1680 4542 sublimatum
1709 4495 1764 4542 et
1783 4487 2154 4544 sealienatum

2241 1940 2408 1995 solito
2440 1937 2678 2010 majores
2705 1955 2878 2011 aquas
2899 1939 3147 1994 emittere
3176 1938 3266 1992 ³⁷⁸.

2309 2052 2468 2107 1140.
2693 2052 2747 2106 5.
2966 2052 3019 2106 4.
3236 2053 3291 2107 4.
3512 2047 3595 2104 l0.

2311 2165 2560 2238 Eclypsis
2595 2165 2726 2221 solis
2753 2164 2896 2228 facta
2923 2175 3007 2221 est
3035 2166 3088 2220 4.
3119 2161 3261 2220 Non.
3308 2163 3532 2234 Aprilis,
3561 2161 3767 2231 advespe-

2241 2264 2492 2311 rascente
2511 2255 2625 2326 jam
2653 2255 2742 2310 die
2781 2263 2837 2310 et
2870 2257 2987 2311 celo
3022 2253 3383 2310 serenissima
3408 2253 3671 2318 existente,
3708 2249 3766 2305 sol

2241 2348 2402 2418 quasi
2462 2355 2605 2402 tetro
2641 2347 2909 2402 velamine
2941 2348 3230 2402 videbatur
3275 2344 3629 2401 circumfusus
3663 2344 3768 2412 egly-

2244 2440 2388 2510 ptica
2450 2439 2702 2510 caligine.
2738 2437 2941 2494 Exorta
2995 2439 3273 2495 discordia
3324 2439 3463 2493 inter
3503 2437 3766 2491 Alberonem

2243 2534 2560 2604 episc0pum
2586 2531 2977 2588 Lcodicensem
3007 2542 3060 2588 et
3084 2531 3404 2589 lleinricum
3436 2531 3666 2586 comitem
3691 2525 3768 2580 Na-

2245 2640 2584 2703 mucensem,
2616 2625 2788 2678 multa
2814 2624 2943 2680 hinc
2985 2625 3110 2680 inde
3143 2625 3486 2696 contigerunt
3515 2621 3656 2685 mala,
3676 2634 3768 2690 pn-

2245 2721 2328 2776 da:
2363 2729 2417 2776 et
2460 2719 2730 2786 incendia,
2766 2720 2925 2775 cedes
2973 2730 3027 2775 et
3073 2721 3394 2776 homicidia.
3437 2718 3601 2773 Causa
3646 2715 3769 2784 hujus

2245 2809 2533 2866 discordiae
2553 2825 2739 2864 comes
2764 2808 3130 2866 Namucensis
3166 2826 3233 2865 ex
3282 2810 3559 2880 inproviso
3595 2818 3768 2877 aggres-

2247 2919 2343 2958 sus
2365 2902 2610 2972 opidum,
2635 2902 2782 2972 quod
2809 2900 3001 2958 Fossis
3049 2901 3272 2968 dicitur,
3313 2901 3442 2972 quia
3482 2913 3658 2954 nomen
3691 2895 3770 2948 tale

2247 2999 2352 3053 sibi
2376 3000 2468 3053 dat
2497 2999 2637 3053 situs
2686 2998 2804 3068 ipse
2849 2997 2977 3064 loci,
3025 2997 3217 3052 multis
3255 2996 3434 3066 captis
3466 3001 3554 3047 aut
3596 2988 3766 3050 occisis,

2249 3091 2420 3145 multa
2445 3090 2610 3160 preda
2640 3089 2894 3154 abducta,
2925 3088 3147 3159 opidum
3174 3096 3349 3142 totum
3375 3101 3497 3142 cum
3538 3088 3764 3138 monaste-

2251 3184 2333 3238 rio
2365 3183 2509 3238 beati
2543 3169 2773 3237 Foillani
2812 3181 3139 3247 combussit,
3175 3180 3392 3235 edificia
3431 3175 3625 3248 lapidea
3660 3185 3768 3242 que-

2248 3291 2485 3345 cumque
2534 3275 2896 3329 eminentiora
2945 3282 3142 3338 erant,
3203 3271 3496 3327 destruxit.
3538 3263 3767 3321 lleinricus

2245 3384 2436 3424 comes
2485 3365 2936 3438 Lemburgcnsis,
2967 3366 3159 3421 dolens
3208 3381 3266 3420 se
3311 3365 3573 3435 privatum
3611 3359 3768 3412 honore

2246 3459 2498 3523 ducatus,
2536 3473 2702 3528 quem
2731 3466 2883 3527 pater
2906 3473 3041 3512 suus
3083 3465 3137 3512 et
3177 3471 3314 3510 avus
3357 3455 3655 3514 habuerant,
3690 3444 3771 3500 Go-

2247 3548 2458 3605 defrido
2492 3549 2619 3604 duci
2643 3548 2862 3604 rebellis
2884 3556 3022 3614 erat,
3075 3547 3373 3618 contiguos
3399 3544 3499 3602 sibi
3526 3536 3771 3614 possessio-

2249 3655 2379 3695 num
2412 3638 2534 3709 ejus
2571 3638 2779 3693 reditus
2818 3637 3129 3703 invadebat,
3173 3646 3228 3692 et
3276 3635 3456 3692 sicubi
3501 3626 3769 3703 prevalebat.

2249 3729 2383 3784 nulli
2409 3728 2714 3783 amicorum
2743 3727 2862 3799 ejus
2904 3728 3188 3799 parcebat.
3219 3725 3542 3782 Godefridus
3570 3721 3664 3792 dux
3681 3729 3771 3788 gra-

2250 3821 2390 3877 viter
2413 3819 2596 3876 ferens
2619 3820 2968 3875 insolentiam
2994 3819 3136 3890 ejus,
3162 3819 3396 3890 ‘opidunt
3423 3813 3584 3872 sancti
3615 3806 3773 3864 Trudo-

2249 3913 2338 3968 nis
2363 3929 2490 3968 cum
2525 3912 2698 3967 multo
2724 3912 2972 3982 equitum
3004 3911 3361 3981 peditumque
3397 3905 3619 3963 exercitu
3655 3899 3773 3954 obse-

2250 4005 2349 4072 dit,
2380 4005 2529 4060 cives
2557 4004 2625 4058 ad
2660 4002 2992 4058 deditionem
3035 4002 3230 4072 coegit,
3282 3999 3500 4055 obsides
3547 3989 3773 4067 promissa

2253 4097 2359 4152 sibi
2393 4094 2668 4151 fidelitatis
2705 4093 2916 4164 accepit
2942 4093 3032 4146 ⁸⁸η.
3066 4091 3271 4146 Deinde
3294 4105 3422 4146 cum
3451 4085 3624 4143 eodem
3657 4089 3774 4132 exer-

2254 4191 2367 4245 citu
2396 4202 2742 4259 progressus,
2775 4195 2830 4240 et
2869 4184 3094 4256 opidum
3135 4181 3481 4254 Aquasgrani
3531 4178 3772 4247 ingressus.

2254 4301 2378 4340 cum
2408 4283 2580 4338 multo
2605 4289 2888 4352 potentatu
2916 4295 3012 4351 per
3040 4280 3267 4334 biduum
3301 4278 3357 4332 in
3402 4261 3774 4342 sedejudiciaria

2255 4375 2476 4441 resedit,
2501 4375 2816 4429 exactiones
2851 4388 2991 4444 quas
3013 4372 3206 4426 ducem
3234 4363 3593 4436 Lotharingiae
3609 4355 3775 4426 exige":

2257 4467 2484 4522 decebat
2511 4467 2710 4538 exegit,
2733 4465 3000 4536 opidanos
3049 4479 3162 4520 sua:
3195 4459 3441 4518 tidelitati
3475 4447 3712 4512 astrinxit.
3738 4448 3776 4494 ei

573 4538 1091 4650 ἱέέιᾷᾗεηένέίέηέ
1115 4538 2155 4651 ,;°;,;,,',;;,‘,;;,‘,;,‘3,g,g,;}j;;";,;,;;
2189 4585 2232 4642 ι)
2258 4577 2328 4615 ne
2376 4557 2618 4614 Heinrici
2657 4558 2876 4613 comitis
2925 4556 3167 4612 fautores
3217 4561 3424 4618 essent,
3466 4538 3770 4604 ostentatione

572 4671 814 4726 amicitia
844 4680 899 4727 et
927 4672 1184 4727 ﬁdelitate
1221 4672 1520 4740 avertebat.
1565 4670 1722 4744 Hugo
1765 4679 1890 4742 post
1936 4671 2149 4728 Bruno—

574 4779 701 4819 nem
723 4764 884 4820 datus
924 4762 1334 4820 Goloniensium
1367 4763 1836 4834 archiepiscopus,
1877 4763 2006 4818 dum
2043 4763 2153 4819 Ro-

574 4871 722 4910 mam
770 4856 944 4910 adiret
983 4854 1412 4920 consecrandus,
1452 4869 1674 4924 peregre
1711 4863 1798 4910 est
1840 4852 2151 4923 defunctus,

575 4948 737 5018 eique
763 4940 1030 5003 successit
1068 4943 1354 5000 Arnulfus.
1399 4943 1728 5001 Godefridus
1770 4944 2152 5014 Lovaniensis,

575 5036 686 5092 dux
713 5036 1178 5102 Lothariensium,
1208 5050 1467 5106 magnum
1495 5034 1686 5105 patriae
1720 5051 1834 5091 sua:
1855 5036 2043 5103 decus,
2071 5037 2155 5093 vir

577 5143 679 5184 suo
707 5136 951 5198 tempore
970 5137 1024 5183 et
1049 5125 1280 5198 tempori
1306 5137 1361 5182 et
1390 5126 1584 5182 honori
1607 5127 1786 5183 sciens
1809 5143 1868 5183 se
1897 5127 2155 5188 decenter

577 5220 943 5288 conformare,
975 5221 1229 5276 moritur.
1422 5208 1428 5213 ’

2260 4655 2516 4726 potentia:
2539 4669 2654 4710 sua:
2688 4652 2970 4709 deterruit.

2335 4769 2490 4824 “4|.
2717 4768 2772 4822 4.
3008 4767 3061 4822 5.
3279 4765 3314 4820 5
3547 4756 3620 4812 “-

2331 4861 2619 4917 Cunradus
2659 4877 2753 4915 rex
2797 4859 3062 4930 quosdam
3109 4857 3260 4928 regni
3298 4857 3384 4912 sui
3425 4855 3683 4924 Optimatcs
3703 4833 3778 4892 είὶι

2262 4953 2576 5009 resistentes
2599 4953 2745 5024 cogit
2771 4966 2873 5008 suo
2898 4967 3089 5022 parere
3111 4949 3364 5020 imperio.
3396 4940 3781 5024 munitionest

2264 5059 2386 5100 rum
2402 5016 2765 5114 oppugnando
2779 5049 2874 5096 aut
2892 5016 3276 5112 expugnando.
3297 5032 3684 5114 Rex-Anglorum
3697 5016 3782 5071 εω-

2260 5113 2499 5205 phanus,
2535 5113 2644 5188 non
2675 5132 2811 5188 satis
2843 5146 3044 5187 cavens
3075 5131 3272 5186 dubios
3301 5130 3510 5184 animos
3533 5113 3780 5194 principum

2260 5225 2384 5282 ticta
2412 5225 2514 5282 sibi
2544 5225 2786 5282 amicitia
2807 5223 3348 5290 adherentium,dum
3377 5216 3624 5292 quosdam
3641 5208 3782 5262 δοεια

1927 5375 2014 5431 VA
2025 5376 2161 5434 [HE
2194 5378 2602 5438 LECTIONES.

650 5537 722 5611 “‘_
749 5495 879 5590 Post
899 5536 1203 5611 hmcspatio
1241 5537 1398 5611 unius
1427 5535 1595 5611 liuere
1607 5538 1820 5611 relicto,
1850 5539 2048 5611 incipit
2085 5557 2274 5595 manus
2309 5541 2393 5602 1η.
2436 5541 2585 5596 vario
2614 5548 2846 5611 tempore
2872 5541 3105 5596 scribens
3135 5555 3299 5610 usque
3320 5555 3372 5592 α.
3411 5534 3558 5590 1145.
3594 5525 3781 5611 iui-(ig;

579 5605 828 5676 Prudens
859 5637 930 5647 --
952 5605 1107 5676 jubet
1147 5607 1284 5661 alter
1328 5607 1515 5660 desunt
1565 5607 1680 5662 [ξδ’.
1729 5610 1804 5663 4'.
1863 5609 1960 5663 4⁵⁸.

2035 5609 2104 5642 ³⁶⁹
2138 5622 2496 5666 atra-mentum
2549 5609 2807 5666 mutatur.
2887 5611 2956 5643 ’⁷⁸
3001 5609 3239 5665 calamus
3295 5616 3540 5662 mutatur.

3610 5599 3666 5631 ³⁷⁸
3687 5592 3783 5647 Post

581 5678 693 5732 haec
727 5666 971 5752 calamus
1015 5687 1172 5749 atque
1219 5687 1573 5752 atramentum
1607 5689 1864 5734 mutatus.
1939 5680 2010 5752 ³⁷¹ί
2044 5682 2228 5735 eadem
2280 5699 2489 5748 manus,
2543 5697 2662 5752 qua
2716 5682 2876 5738 1152.
2935 5683 3187 5743 correxit,
3216 5688 3267 5752 et
3307 5679 3390 5732 hic
3430 5673 3584 5752 rerbis
3607 5666 3785 5752 civit“:

582 5749 790 5817 accepit
829 5753 1104 5819 expunctis
1148 5749 1519 5818 super-scripsit
1543 5765 1560 5801 :
1587 5751 1867 5819 gobsidere
1896 5751 2062 5814 venit,
2097 5752 2191 5808 sed
2221 5768 2254 5806 0

583 5829 806 5890 accrpto
842 5818 895 5874 in
926 5821 1154 5891 gratiam
1187 5835 1282 5876 eos
1313 5819 1534 5890 recepit.
1579 5818 1781 5874 Eadem
1818 5821 2007 5877 habent
2043 5819 2137 5878 Bt.
2171 5823 2222 5879 5.

2255 5740 2509 5876 Epidani's
2537 5740 2880 5846 obsidionem
2907 5740 3370 5846 provenientibus,
3412 5748 3610 5830 placato
3635 5740 3783 5793 eor!"n

2307 5825 2354 5876 1.
2389 5823 2444 5876 2.
2477 5823 2528 5876 5.
2562 5822 2900 5876 atnonBa.
2939 5823 3080 5876 4.4
3130 5863 3145 5876 .

2307 5825 2354 5879 1.
2389 5823 2444 5878 2.
2477 5823 2528 5877 5.
2562 5833 2618 5876 at
2645 5839 2748 5877 non
2779 5822 3016 5879 Βδτιο.
3047 5824 3145 5879 4".
