3914 6314
143 381 228 439 ’σε
1033 379 1404 440 CHRONICA.
1440 413 1511 423 -—
1544 379 2015 445 CONTINUATIO
2051 380 2601 441 GEMBLACENSIS.

143 504 426 565 expugnare
450 487 656 557 nititur,
694 504 726 546 a
764 487 882 546 suis
917 489 1210 556 derelictus
1247 503 1302 550 et
1338 495 1407 551 ab
1443 494 1696 551 hostibus
1725 505 1772 560 Α
1797 493 2106 560 munitum,
2137 509 2263 550 cum
2303 495 2477 552 multo
2508 488 2932 554 in‘haoitantium
2971 500 3214 571 periculo
3240 519 3380 560 con-

142 583 466 651 interceptus,
502 579 717 649 capitur
747 587 811 636 et-
834 581 1099 637 custodia:
1130 583 1495 654 mancipatur.
1529 583 1695 656 Plaga

141 673 265 748 ignis
289 671 455 728 divini
483 671 685 728 multos
722 672 931 742 adurit;
973 675 1070 730 sed
1115 691 1213 746 per
1247 676 1694 734 intercessionem

139 773 320 825 sanctae
347 762 440 819 Dei
469 751 758 836 genuricls
787 764 972 822 Maria:
989 767 1344 839 aliorumque
1375 777 1694 825 sanctorum

139 857 302 914 multis
324 856 428 912 hac
450 857 756 928 egritudine
783 857 1161 915 laborantibus
1185 861 1562 918 misericordia
1596 861 1695 918 Dei

139 949 376 1006 subvenit.
427 948 539 1005 Rex
581 948 1182 1008 chrosolimitanorum
1224 969 1351 1010 cum
1397 970 1500 1011 suo
1535 971 1694 1011 exer-

138 1045 249 1108 citu,
289 1041 454 1098 fultus
482 1043 688 1098 auxilio
715 1043 1162 1115 Christianorum,
1189 1047 1308 1104 loca
1354 1050 1694 1116 sancta,.ubi

138 1135 278 1206 pedes
319 1133 533 1190 Domini
579 1145 876 1206 steterant,
927 1139 1262 1195 visitantium
1283 1183 1298 1208 ,
1350 1141 1694 1200 Ascalonitas

137 1229 264 1285 omni
293 1238 600 1284 commeatu
637 1231 864 1287 excluso
907 1240 1050 1287 terra
1097 1233 1349 1304 marique
1396 1247 1692 1306 oppugnat,

137 1321 448 1394 quorundam
483 1323 649 1377 etiam
686 1324 925 1379 hostium
961 1335 1142 1380 castra
1177 1326 1565 1398 propinquiora
1601 1344 1687 1384 ex-

137 1423 311 1484 pugnat
340 1413 428 1467 ³⁷³.
459 1413 740 1497 ⁸Αιιεξιικξνο
770 1414 934 1485 hujus
966 1417 1204 1474 nominis
1233 1419 1508 1475 secundus
1550 1419 1692 1475 Leo-

135 1505 402 1561 dicensium
441 1507 755 1578 episcOpus,
800 1508 992 1564 dolens
1025 1507 1369 1567 fraudulenta
1411 1512 1694 1568 invasione

135 1596 322 1651 comitis
350 1594 642 1668 Raginoldi
680 1599 795 1668 jam
833 1614 930 1669 per
975 1599 1006 1653 7
1047 1615 1224 1656 annos
1264 1601 1528 1657 violenter
1558 1603 1691 1657 reti-

136 1688 230 1743 neri
256 1696 494 1744 castrum
524 1688 836 1758 Bulonium,
869 1691 1014 1763 quod
1047 1708 1174 1748 cum
1208 1694 1466 1750 omnibus
1495 1710 1695 1767 appen-

135 1780 264 1835 diciis
305 1781 418 1838 suis
456 1779 720 1839 Otbertns
765 1785 1059 1856 episcopus
1108 1785 1279 1842 multa
1331 1802 1546 1843 summa
1603 1803 1692 1842 ar-

135 1872 252 1942 genti
287 1873 625 1944 adquisierat
664 1877 943 1947 episcopio
983 1876 1324 1946 Leodicensi,
1370 1894 1471 1935 nec
1509 1879 1691 1936 ferens

135 1972 312 2018 tantum
341 1965 573 2023 honoris
605 1977 662 2024 et
702 1970 977 2026 commodi
1006 1971 1074 2026 ad
1115 1986 1345 2042 presens
1393 1973 1498 2029 sibi
1542 1981 1596 2027 et
1631 1973 1689 2027 in

100 2065 378 2125 -posterum
419 2057 633 2114 auferri
671 2059 934 2117 aecclesiae
981 2060 1099 2128 Dei,
1147 2055 1692 2132 Oportunitatem‘cx-

134 2149 394 2217 spectabat,
423 2165 539 2220 qua
563 2150 712 2221 juste
731 2161 1016 2223 repeteret,
1041 2154 1188 2224 quod
1212 2146 1459 2210 aecclesia
1488 2155 1692 2226 injuste

132 2241 373 2297 amiserat.
406 2241 561 2299 Deus
588 2253 794 2311 autem,
835 2245 932 2316 qui
961 2245 1012 2301 ei
1042 2245 1111 2301 ad
1157 2245 1263 2302 hoc
1308 2247 1533 2302 dederat
1561 2247 1692 2304 aﬁ'e-

133 2342 281 2399 ctum,
313 2334 466 2390 bona:
510 2337 780 2393 voluntati
809 2337 931 2408 ejus
958 2337 1109 2394 dedit
1134 2337 1408 2394 eﬁ‘ectum.
1443 2338 1692 2411 lnspecta

133 2425 251 2480 enim
270 2428 661 2497 oportunitate,
687 2439 927 2486 castrum
954 2429 1166 2485 obsedit
1190 2445 1316 2485 cum
1343 2431 1514 2486 multa
1543 2431 1696 2501 equi-

133 2528 224 2572 tum
248 2521 596 2590 peditumque
630 2521 1000 2578 multitudine.
1043 2521 1172 2578 Plus
1200 2531 1384 2579 tamen
1411 2525 1478 2580 de
1503 2523 1692 2580 divino

133 2625 266 2679 quam
303 2611 367 2667 de
405 2613 658 2668 humano
699 2615 979 2671 conﬁdens
1018 2615 1260 2682 auxilio,
1309 2631 1510 2688 corpus
1546 2617 1693 2674 beati

135 2701 369 2759 Lamberti
421 2705 495 2761 ad
566 2706 748 2762 locum
795 2707 1099 2764 obsidionis
1130 2707 1300 2779 jussit
1329 2708 1569 2776 deferri,
1599 2707 1693 2766 sic

135 2809 324 2864 sperans
350 2795 498 2867 quod
543 2796 895 2853 inchoaverat
923 2799 1234 2869 prosperari
1268 2807 1324 2854 et
1371 2799 1686 2856 accelerari.

134 2885 220 2944 Nec
249 2888 542 2946 frustratus
578 2899 662 2946 est
695 2906 791 2962 spe
830 2907 952 2947 sua.
996 2890 1054 2946 In
1091 2891 1280 2962 paucis
1322 2891 1466 2973 enim
1496 2892 1691 2949 diebus

135 2990 334 3036 castrum
360 2981 571 3053 recepit
598 2997 724 3038 cum
753 2982 848 3037 Dei
877 2991 930 3038 et
951 2983 1128 3038 sancti
1156 2981 1433 3039 Lamberti
1463 2983 1688 3051 auxilio,

135 3075 252 3142 quod
285 3075 447 3130 multo
484 3083 758 3146 tempore,
795 3075 1094 3130 multorum
1138 3075 1325 3131 labore
1367 3074 1558 3142 nimio,
1596 3076 1690 3131 vix

135 3165 262 3237 longa
304 3168 634 3224 reddidisset
676 3169 910 3225 obsidio.
959 3167 1174 3236 Quanta
1221 3169 1295 3224 ibi
1339 3169 1687 3240 contigerint,

135 3233 302 3327 quanta
329 3261 490 3317 etiam
530 3277 676 3318 nunc
699 3233 1018 3334 contingant
1044 3262 1112 3316 ad
1137 3277 1337 3332 corpus
1365 3233 1519 3316 beati
1533 3233 1690 3316 Lam;
1715 3233 1758 3292 θ

134 3347 244 3405 ian-ti
273 3353 663 3410 miraculorum
693 3355 951 3426 insignia,
979 3355 1109 3425 quia
1132 3369 1240 3409 non
1262 3363 1347 3410 est
1371 3354 1537 3424 hujus
1565 3369 1690 3424 ope-

135 3444 210 3511 ris,
225 3447 660 3516 prudentioribus
687 3447 1050 3518 relinquimus
1078 3446 1382 3503 estimanda
1402 3447 1508 3514 vel,
1540 3446 1587 3502 si
1607 3446 1689 3503 eis

136 3537 374 3607 placuerit,
401 3539 772 3596 describenda
792 3540 886 3594 ⁸⁷⁸.

190 3631 324 3686 illi.
435 3632 505 3687 R.
552 3632 608 3687 5.
717 3631 780 3687 F.
822 3631 875 3687 6.
986 3631 1052 3686 Α.
1093 3630 1148 3686 6.
1264 3629 1459 3687 Η.12.

188 3721 281 3778 Rex
292 3725 358 3756 ⁸⁷⁵
383 3725 718 3797 Anglorum,
749 3724 1074 3795 quibusdam
1107 3723 1258 3795 pacis
1282 3723 1691 3781 conditionibus

137 3813 308 3870 solutus
338 3831 367 3870 a
399 3815 660 3886 captione
702 3831 809 3886 qua
849 3815 1162 3882 tenebatur,
1207 3815 1405 3870 iterum
1451 3814 1693 3888 Anglicas

137 3905 716 3979 gentiprincipatur'".
746 3907 861 3963 Rex
888 3907 1224 3963 Francorum
1249 3907 1560 3980 frequenter
1581 3926 1694 3966 am-

136 4011 327 4055 monens
361 4009 415 4056 et
459 4015 568 4071 per
607 4015 666 4056 se
703 4009 757 4056 et
791 4016 887 4071 per
925 4000 1132 4072 legatos
1176 4016 1309 4056 suos
1347 4000 1690 4058 Tietbaldum

138 4091 348 4146 comitem
377 4092 769 4160 Blesiensium,
813 4109 882 4149 ne
907 4093 1176 4149 violenter
1205 4093 1487 4150 invaderet
1514 4102 1570 4149 et
1600 4109 1660 4150 re
1685 4126 1692 4134 -

138 4179 298 4239 tineret
320 4185 524 4253 aliena,
571 4201 698 4241 cum
735 4185 786 4241 ei
823 4185 958 4242 satis
994 4201 1266 4257 superque
1293 4195 1518 4256 possent
1544 4186 1694 4242 suﬁiu

138 4287 236 4328 cere
277 4279 487 4348 propria
526 4317 541 4345 ,
589 4269 999 4344 I'an'imapdvertit
1020 4320 1035 4345 ,
1104 4292 1280 4348 eaque
1327 4277 1693 4334 ammonendo

137 4365 330 4434 dicebat,
357 4370 546 4425 surdis
565 4369 793 4426 auribus
809 4369 1008 4437 audiri,
1023 4369 1372 4440 decrevitque
1397 4370 1692 4441 pugnando

139 4470 298 4526 agere,
349 4477 418 4517 ne
469 4468 665 4532 posset
708 4461 1004 4516 contemni.
1057 4459 1302 4530 Denique
1348 4475 1474 4516 cum
1520 4461 1692 4516 multo

1798 586 2073 642 cremarit.
2113 585 2170 642 in
2195 588 2303 644 hoc
2333 589 2519 660 przelio
2539 589 2627 645 vel
2651 590 2904 648 incendio
2933 595 3102 664 capti,
3137 596 3250 652 cesi
3283 603 3383 653 aut

1801 679 2158 746 concremati,
2186 680 2254 735 ad
2283 682 2432 736 mille
2465 681 2795 752 quingentos
2840 692 2968 739 sunt
3009 686 3268 750 estimati.
3315 687 3376 743 ln

1795 772 1996 828 vicinia
2031 771 2357 830 Lovaniensi
2388 776 2494 830 mel
2535 775 2760 830 stillavit
2799 776 2866 831 de
2885 777 3018 833 cazlo
3059 779 3114 833 in
3157 781 3379 836 modum

1796 865 2011 936 pluvias,
2046 866 2194 936 quod
2245 883 2433 922 verum
2469 869 2575 923 mel
2605 868 2777 924 fuisse
2823 870 3190 940 probaverunt
3223 873 3380 928 multi

1795 957 1938 1024 visu,
1970 967 2134 1029 gustu
2159 966 2214 1013 et
2238 960 2684 1016 contrectatione.
2716 960 3042 1018 Godefridus
3061 963 3248 1033 junior
3269 965 3381 1020 dux

1795 1048 2164 1122 Lotbaringiae
2202 1059 2401 1121 quarto
2443 1068 2589 1107 anno
2630 1053 2714 1108 sui
2757 1053 2990 1109 ducatus
3029 1055 3265 1110 moritur
3287 1055 3380 1111 π’.

1794 1139 2085 1198 Cunradus
2125 1158 2222 1197 rex
2256 1143 2311 1196 in
2345 1143 2506 1214 opido
2546 1144 2694 1215 quod
2732 1142 3129 1201 Frankenefort
3159 1146 3381 1215 dicitur,

1795 1249 1919 1289 cum
1947 1231 2118 1288 multa
2147 1235 2453 1305 frequentia
2484 1236 2812 1306 optimatum
2847 1237 3000 1307 regni
3027 1237 3137 1304 sui,
3169 1236 3380 1292 curiam

1792 1326 1986 1381 habuit
2011 1325 2161 1398 (Jun.
2198 1327 2272 1395 7),
2314 1335 2370 1383 et
2408 1344 2532 1400 quae
2559 1329 2933 1384 confirmanda
2959 1337 3147 1397 erant,
3191 1345 3380 1385 eorum
3480 1383 3482 1385 ,

1794 1418 2023 1474 consilio
2069 1429 2124 1474 et
2163 1418 2371 1490 judicio
2399 1421 2761 1489 conﬁrmavit,
2797 1430 2852 1477 et
2896 1422 3219 1494 corrigenda
3254 1437 3381 1479 cor-

1793 1509 1954 1564 rexit.
2003 1507 2207 1566 Deinde
2253 1526 2378 1566 cum
2431 1526 2541 1566 non
2572 1512 2744 1566 multo
2784 1513 3045 1567 comitatu
3093 1527 3383 1584 aggressus

1793 1596 2060 1665 quosdam
2099 1596 2420 1655 Sclavorum
2462 1600 2692 1657 rebelles
2723 1617 2951 1672 regnum
2989 1599 3380 1672 inquietantes,

1793 1703 1924 1756 non,
1957 1697 2018 1744 ut
2044 1691 2274 1761 putavit,
2305 1707 2400 1748 eos
2428 1691 2728 1762 imparatos
2773 1693 2998 1761 invenit,
3040 1694 3272 1764 ideoque
3296 1689 3382 1749 vi-

1793 1781 1966 1837 riliter
1993 1782 2375 1840 resistentibus
2400 1785 2469 1840 ad
2495 1786 2687 1840 horam
2715 1785 2900 1842 cessit.
2930 1784 3043 1842 Nec
3065 1787 3240 1842 multo
3259 1794 3384 1856 post

1722 1866 1766 1921 Β
1792 1871 2028 1929 incautis
2077 1875 2468 1944 superveniens
2517 1875 2849 1946 improvisus
2874 1917 2890 1943 ,
2941 1877 3145 1932 multos
3190 1891 3383 1932 eorum

1792 1955 1935 2037 cepit
1972 1973 2068 2022 aut
2107 1967 2329 2034 occidit,
2374 1969 2578 2023 multos
2613 1983 2802 2024 eorum
2848 1967 2902 2022 in
2941 1967 3128 2039 fugam
3170 1983 3382 2034 versos,

1792 2057 1848 2112 in
1876 2057 2100 2123 ﬁumen,
2131 2059 2280 2130 quod
2309 2060 2628 2131 contiguum
2659 2067 2799 2126 erat,
2827 2059 3106 2127 demersit,
3143 2059 3385 2130 reliquos

1791 2150 1964 2205 multa
1999 2165 2218 2206 summa
2250 2151 2482 2222 gratiam
2511 2166 2669 2207 suam
2697 2151 3028 2208 redimentes
3059 2152 3127 2207 ad
3154 2151 3386 2206 deditio-

1792 2259 1918 2298 nem
1948 2243 2230 2316 compulit.
2277 2243 2336 2299 In
2379 2245 2641 2314 parochia
2669 2244 3051 2301 Gemblarensi
3097 2252 3260 2300 natus
3301 2251 3387 2300 est

1790 2348 1928 2403 puer
1955 2342 2362 2403 monstruosus,
2393 2335 2488 2407 qui
2522 2335 2788 2392 miraculo
2815 2345 2870 2391 et
2897 2336 3112 2391 horrori
3143 2349 3204 2390 se
3233 2334 3384 2406 aspi-

1791 2427 2066 2483 cientibus
2094 2426 2217 2483 fuit.
2801 2415 2804 2418 ’

1865 2531 2024 2586 1145.
2241 2529 2295 2585 6.
2514 2528 2568 2585 7.
2784 2529 2837 2585 7.
3045 2532 3150 2587 15.

1865 2622 2113 2696 Regnum
2137 2623 2206 2655 ³⁷⁸
2230 2621 2568 2678 Francorum
2595 2638 2849 2695 magnam
2875 2623 3078 2692 patitur
3099 2624 3386 2705 perturba.-

1790 2712 1998 2768 tionem
2019 2712 2309 2780 bellorum,
2332 2728 2430 2783 per
2450 2711 2781 2767 discordiam
2809 2713 2955 2783 regis
2970 2722 3023 2768 et
3052 2715 3384 2785 principum,

1791 2805 1934 2861 inter
1962 2819 2107 2876 quos
2135 2805 2412 2860 eminebat
2439 2802 2754 2861 Tietbaldus
2786 2820 2970 2862 comes
3001 2805 3380 2862 Blesiensium.

1792 2895 1908 2952 Rex
1935 2896 2258 2969 Anglorum,
2283 2897 2513 2953 necdum
2539 2906 2733 2968 pacato
2754 2912 2923 2968 regno
2947 2913 3068 2965 suo,
3096 2909 3384 2954 contuma-

1791 3006 1883 3046 ces
1914 2989 2209 3062 subjugare
2243 2990 2478 3056 volebat,
2517 2991 2611 3045 sed
2647 3005 2756 3044 non
2783 2990 3018 3058 valebat,
3051 2991 3179 3062 quia
3212 2999 3381 3046 tutam

1791 3083 1952 3138 ﬁdem
2005 3097 2277 3154 nusquam
2325 3082 2670 3153 reperiebat,
2708 3090 2764 3137 et
2814 3091 3044 3138 conatus
3093 3097 3224 3139 suos
3273 3099 3383 3140 non

1791 3175 2104 3246 prosperari
2136 3174 2228 3230 sed
2259 3172 2515 3230 frustrari
2542 3173 2778 3228 dolebat.
2810 3171 3101 3230 Cunradus
3130 3189 3225 3230 rex
3251 3190 3386 3230 con-

1790 3266 1957 3322 cessit
1984 3265 2095 3320 ﬁlio
2124 3264 2404 3321 Godefridi
2447 3264 2607 3321 ducis
2630 3264 2869 3334 junioris
2915 3264 3096 3320 adhuc
3132 3265 3383 3335 puerulo,

1789 3354 2050 3426 quicquid
2079 3353 2327 3410 beneﬁcii
2355 3353 2441 3410 vel
2472 3354 2700 3410 honoris
2725 3362 3099 3410 antecessores
3133 3355 3253 3425 ejus
3281 3354 3386 3409 ha-

1788 3447 2020 3503 buerant
2048 3445 2115 3501 de
2142 3461 2306 3499 manu
2337 3444 2704 3514 imperatoris.
2745 3443 2951 3515 Pagani
2980 3445 3148 3500 vicini
3181 3443 3383 3500 Hiero-

1790 3537 2118 3596 solimitanis
2139 3537 2475 3603 cbristianis,
2495 3538 2696 3607 pertesi
2721 3537 2988 3591 malorum
3009 3547 3062 3592 et
3083 3537 3385 3607 frequentis

1791 3631 2214 3704 oppugnationis
2233 3629 2683 3695 Christianorum,
2719 3637 2938 3700 pactum
2968 3629 3120 3699 pacis
3144 3629 3387 3685 inierunt

1792 3740 1917 3782 cum
1948 3723 2059 3792 eis,
2097 3731 2152 3779 et
2185 3731 2381 3792 terras,
2420 3736 2560 3793 quas
2590 3721 2672 3777 eis
2703 3719 2989 3777 christiani
3025 3719 3382 3788 abstulerant,

1791 3825 1990 3888 etquae
2021 3816 2240 3873 ineuitae
2270 3822 2448 3882 erant,
2481 3814 2587 3870 sub
2620 3813 2825 3870 tributo
2855 3813 3110 3869 colendas
3131 3828 3387 3884 suscepe-

1794 3918 1924 3964 runt
1949 3909 2017 3964 ab
2044 3908 2144 3964 eis.
2174 3907 2471 3980 Gregorius
2496 3906 2765 3978 papa,qui
2787 3915 2841 3962 et
2854 3904 3226 3972 Innocentius,
3249 3905 3386 3960 obiit

1793 3999 1963 4074 (Sept.
1993 4001 2109 4070 24).
2143 3999 2326 4068 Wido,
2352 4001 2447 4072 qui
2477 4008 2532 4055 et
2564 3998 2910 4065 Caelestinus,
2945 4014 3081 4070 papa
3117 3999 3382 4055 succedit.

1865 4091 2023 4146 1144.
2243 4090 2294 4144 7.
2517 4089 2570 4144 8.
2791 4088 2845 4144 8.
3067 4088 3154 4144 14.

1863 4186 2049 4244 Hiems
2079 4187 2186 4243 hoc
2218 4203 2366 4243 anno
2394 4187 2675 4244 nimietate
2712 4187 2908 4259 pluvia:
2941 4195 2997 4242 et
3023 4194 3189 4242 vento
3221 4185 3386 4240 vehe-

1791 4277 1960 4333 menti
1989 4277 2297 4348 periculosa
2325 4270 2504 4333 extitit
2540 4285 2596 4332 et
2633 4276 2920 4344 damnosa,
2959 4275 3014 4330 in
3045 4283 3280 4341 tantum,
3326 4283 3387 4330 ut

1793 4368 1982 4434 silvas,
2033 4366 2252 4438 templa,
2300 4374 2480 4422 turres
2521 4375 2576 4422 et
2613 4365 2846 4433 ediﬁcia,
2890 4381 3014 4437 qum
3053 4365 3386 4436 putabantur

1793 4458 2107 4514 ﬁrmissima
2133 4500 2148 4525 ,
2201 4467 2292 4514 aut
2345 4457 2593 4513 funditus
2633 4456 2999 4522 subverterit,
3049 4464 3146 4511 aut
3186 4471 3385 4526 magna

138 4550 358 4608 comitatu
395 4569 695 4626 aggressus
723 4561 966 4609 castrum
996 4553 1138 4623 ejus,
1181 4551 1328 4623 quod
1363 4551 1689 4608 Vitreiacum
1723 4601 1769 4626 ἣ
1793 4567 1861 4605 ex
1889 4558 2043 4620 parte
2070 4550 2422 4605 destruxerit.
2454 4549 2637 4615 Wido,
2675 4547 2769 4619 qui
2809 4557 2862 4603 ct
2899 4546 3248 4614 Caelestinus,
3288 4546 3384 4626 qui

139 4637 322 4709 dicitur,
351 4625 623 4714 opidanos
649 4653 703 4699 et
728 4643 929 4699 milites
959 4642 1060 4699 sibi
1092 4643 1408 4698 resistentes
1434 4651 1529 4698 aut
1548 4643 1692 4714 cepit
1726 4625 1770 4658 ν
1798 4641 2057 4696 Romanae
2083 4641 2346 4697 ecclesia:
2376 4640 2535 4695 £63!"
2567 4639 2896 4710 presidebat,
2928 4639 3064 4695 obiit
3089 4638 3279 4712 (Mart.
3301 4625 3381 4710 9).

139 4739 211 4783 aut
243 4733 451 4790 occidit.
491 4731 672 4804 Opido
714 4748 1016 4802 succenso,
1065 4733 1120 4788 in
1157 4741 1370 4788 tantum
1414 4733 1557 4806 ignis
1596 4749 1692 4789 ex-
1797 4735 2111 4800 Gerardus,
2159 4733 2252 4805 qui
2293 4741 2346 4788 et
2389 4731 2623 4800 Lucius,
2667 4747 2805 4803 papa
2852 4731 3137 4787 successit.
3188 4729 3384 4786 Fames

139 4823 302 4890 crevit,
348 4833 408 4880 ut
451 4825 622 4882 etiam
660 4834 935 4894 castrum,
987 4826 1136 4897 quod
1171 4827 1226 4882 in
1263 4841 1328 4882 eo
1372 4837 1492 4882 erat
1535 4826 1692 4882 valde
1799 4824 2123 4898 gravissima
2157 4824 2264 4879 hoc
2293 4839 2439 4879 anno
2471 4823 2675 4878 multos
2715 4821 2938 4889 aﬁlixit;
2980 4820 3185 4878 multos
3225 4821 3385 4892 panis

1307 4927 1319 4952 δ
1350 4913 1435 4970 VA
1445 4915 1582 4971 RIE
1620 4913 2030 4970 LECTIONES.

193 4979 252 5054 τη
287 4981 573 5054 Sequentia
611 4985 837 5040 multum
891 4984 1190 5041 decurtavit
1238 4985 1362 5041 ΒΓ.
1459 4987 1529 5020 ’τι
1568 4985 1674 5041 Hic
1703 4985 1800 5040 F2.
1831 4985 1984 5038 addit
2008 5000 2028 5038 :
2083 5005 2102 5037 ι
2143 4983 2452 5041 Ludovicus
2497 4998 2594 5038 rex
2637 4983 2976 5038 Francorum
3009 4983 3384 5054 adolescentia

139 5049 290 5108 adhuc
313 5046 588 5138 concessit
621 5057 851 5138 ecclesie
873 5055 1227 5138 Puturicensi
1248 5057 1569 5138 libertatem
1617 5057 1852 5128 eligendi
1881 5056 1937 5110 in
1993 5056 2468 5138 archiepiscopum
2508 5070 2671 5138 quem
2702 5055 2904 5138 vellent
2943 5063 3172 5125 excepto
3218 5046 3383 5138 Petro

141 5133 338 5207 gognato
367 5124 642 5207 “emerici
700 5127 1035 5207 cancellarii,
1082 5128 1396 5207 juravitque
1422 5128 1642 5207 publice
1691 5124 1854 5197 super
1879 5134 2072 5207 sancta
2100 5124 2397 5207 evvangelia
2445 5125 2592 5207 quod
2633 5141 2691 5182 se
2728 5126 2943 5207 vivente
2980 5124 3090 5207 non
3129 5133 3249 5180 erat
3291 5124 3383 5207 ille

141 5187 326 5278 [tam
361 5197 831 5278 archiepiscopus:
884 5197 989 5265 Qui
1021 5187 1218 5278 tamen
1270 5187 1480 5278 eiectus.
1505 5191 1735 5278 Romam
1760 5187 2050 5278 profectus
2083 5206 2164 5252 est
2202 5187 2658 5278 etvconsc'cratus
2701 5211 2733 5250 a
2785 5196 3010 5252 domino
3063 5194 3383 5278 Innocentio

141 5259 527 5350 {ﬁcanteregem
552 5259 786 5350 puerum
813 5259 1194 5350 instruendum
1220 5278 1276 5325 et
1297 5270 1662 5350 cohibendum
1687 5284 1756 5323 ne
1773 5259 1981 5350 'talibus
2003 5277 2304 5350 assuescat,
2327 5277 2382 5350 et
2406 5267 2606 5350 adjecit
2630 5282 2956 5350 veram__non
3005 5281 3127 5323 esse
3155 5266 3380 5350 liberta-

142 5336 352 5412 tem‘ubi
396 5336 527 5412 quis
556 5336 847 5412 excipitur
901 5355 933 5396 a
995 5341 1242 5412 principe
1272 5341 1379 5397 nisi
1411 5339 1550 5397 forte
1598 5339 1852 5412 docuerit
1895 5354 2102 5412 coram
2158 5336 2534 5412 ecclesiastico
2565 5338 2750 5412 judice
2785 5337 2937 5394 illum
2966 5351 3094 5412 non
3125 5337 3380 5412 es_se_eli-

140 5406 366 5483 mum.
399 5406 559 5465 Tunc
589 5406 1084 5483 enim-auditur'ut
1111 5406 1254 5468 alius
1282 5427 1379 5467 rex
1405 5411 1638 5483 exclusit
1667 5410 2138 5483 archiepiscopum
2166 5411 2483 5483 redeuntem
2513 5406 2607 5465 sed
2653 5424 2780 5465 eum
2814 5422 3002 5483 com_e_s
3033 5406 3384 5483 Theobaldus

140 5477 316 5546 recepit
340 5479 407 5552 _in
455 5488 599 5536 terra
638 5475 778 5536 sua'.
828 5483 879 5538 ei
918 5498 1111 5539 omnes
1144 5483 1376 5539 ecclesie
1419 5482 1762 5538 obediebant.
1805 5475 2120 5552 Indignatus
2159 5491 2244 5537 est
2287 5481 2359 5536 ob
2397 5480 2502 5534 hoc
2540 5495 2642 5552 rex
2688 5479 2873 5536 comiti
2921 5475 3234 5552 Theobaldo
3259 5517 3274 5532 .
3325 5485 3382 5533 et

141 5548 446 5629 omnes_fere
480 5565 736 5629 proceres
780 5553 1220 5629 excitavit__ut_ei
1254 5569 1380 5629 opm
1417 5569 1544 5629 rege
1601 5567 1856 5629 guerram
1885 5547 2167 5629 inferrent.
2212 5571 2264 5629 I_
2312 5552 2381 5583 ³⁷⁸
2420 5560 2589 5606 totum
2622 5549 2758 5629 hunc
2798 5563 3021 5629 armant
3049 5547 3158 5629 alia
3189 5564 3379 5629 manus

141 5621 373 5705 ﬁguravit,
423 5618 632 5676 calamo
663 5625 932 5705 continuo.
989 5695 1000 5705 _
1035 5625 1106 5657 ⁸⁴¹⁶
1147 5623 1250 5678 Hic
1279 5624 1378 5678 F2.
1415 5618 1566 5705 addit
1659 5641 1677 5674 ε
1705 5621 2126 5705 Comes‘Radlis
2153 5625 2340 5705 regine
2389 5636 2647 5705 sororem
2687 5621 2877 5705 ducit.
3145 5618 3380 5702 conjuge

142 5697 400 5774 Euagrege
436 5703 766 5774 precurante
780 5711 891 5774 per
917 5695 1207 5774 episcopos
1248 5711 1382 5774 sues
1421 5695 1740 5774 divorciuln_
1751 5701 1979 5774 negata
1988 5689 2298 5774 audiepcia
2307 5693 2528 5774 mulieri
2557 5733 2572 5746 .
2589 5699 2655 5774 _et
2691 5691 2796 5774 hoc
2833 5691 2888 5746 in
2921 5689 3182 5774 invidiam
3207 5689 3380 5746 comi-

142 5755 202 5836 tis
226 5755 537 5820 Theobaidi.
568 5784 586 5818 ι
626 5793 636 5800 -
663 5766 732 5799 ’τ’
771 5755 1174 5825 (ξοόθῑῖ-ἣιυεέ-
1195 5766 1430 5823 moritur
1454 5767 1642 5830 desunt
1665 5764 1785 5823 83‘.
1818 5755 1893 5822 ἕ.
1924 5765 2026 5820 4“.
2099 5764 2170 5799 ³⁷⁸
2210 5765 2556 5836 redit_manus
2587 5763 2666 5822 1η.
2701 5759 2910 5815 calamo
2937 5762 3185 5817 continuo
3217 5774 3380 5832 usque
3445 5833 3448 5836 ~

147 5823 202 5879 οὔ
237 5845 402 5890 vocem
439 5836 770 5896 destruxerit
804 5823 968 5894 initio
995 5837 1123 5892 anni
1166 5838 1462 5914 sequentis.
1513 5824 1522 5830 ’
1785 5862 1788 5868 ι
2346 5830 2365 5839 ’
3027 5866 3033 5870 ·
3229 5875 3232 5878 ~
