3914 6314
119 264 214 321 265

177 393 327 448 1147.
456 391 522 446 R.
552 391 637 445 10.
753 391 814 446 F.
845 391 929 446 11.
1048 391 1111 446 Α.
1143 394 1226 446 ll.
1369 391 1435 446 11.
1481 393 1535 446 5.

988 277 1355 364 CllRONlt]A.
1397 293 1465 318 '——
1506 275 1912 332 AUCTARIUM
1953 275 2480 334 GEMBLACENSE.

3254 285 3365 342 ξας

1709 393 1753 448 Α
1780 390 2038 447 aecclesia:
2069 393 2400 462 tractavitet
2429 393 2792 450 conﬁrmavit.
2823 394 2968 452 tuter
3007 398 3110 452 alia
3151 401 3364 468 statuit,

164 482 452 543 Cunradus
483 499 577 539 rex
607 482 924 540 Heinricum
955 484 1126 539 ﬁlium
1159 501 1322 540 suum
1346 483 1674 555 Aquisgraui
1774 490 1837 538 ut
1866 481 2084 538 decreta
2111 482 2412 539 Innocentii
2439 500 2592 555 papae
2619 486 3021 556 predecessor-is
3049 491 3134 545 sui
3170 497 3288 547 rata
3311 504 3366 548 et

99 584 145 637 in
175 596 348 650 regem
401 580 663 635 sublimat
707 579 1051 651 (Mart.50),
1101 594 1170 634 ne
1218 589 1341 649 post
1387 577 1671 633 decessum

98 687 239 731 suum
267 687 502 743 regnum
531 672 739 743 absque
767 672 1013 742 principe
1047 678 1374 735 remaneret,
1405 683 1460 726 et
1489 671 1672 740 aliqua

97 780 261 821 rerum
290 763 636 833 perturbatio
667 751 996 819 moveretur:
1052 761 1206 818 Multi
1241 760 1670 818 ehristlanorum

97 874 178 929 per
206 872 353 913 mare
378 857 674 929 Anglicum
702 854 933 927 profecti
963 854 1032 910 ad
1058 854 1410 910 debellandos
1437 852 1670 908 Sarace-

98 968 202 1018 nos,
233 950 458 1006 tandem
503 964 728 1006 emenso
773 948 912 1004 mari
950 947 1006 1002 in
1050 945 1324 1003 Gallitiam
1355 946 1499 1018 apud
1531 945 1670 1002 San-

96 1056 223 1102 ctum
243 1041 514 1098 Iacobum
536 1043 934 1114 applicuerunt.
967 1041 1035 1096 Et
1063 1041 1188 1096 inde
1211 1049 1494 1099 moventes
1519 1056 1672 1096 exer-

96 1137 266 1198 citum,
298 1143 672 1203 pervenerunt
714 1132 782 1188 ad
813 1132 1005 1187 urbem
1045 1131 1443 1186 Saracenorum
1476 1139 1669 1201 poten-

98 1227 363 1292 tissimam,
395 1241 524 1296 quae
551 1242 620 1281 ex
664 1225 888 1281 nomine
932 1223 1232 1280 conditoris
1262 1223 1553 1280 Ulixibona
1578 1223 1667 1279 di-

97 1318 248 1383 citur;
297 1317 392 1372 ubi
448 1318 605 1373 vario
642 1317 770 1373 belli
799 1325 997 1373 eventu
1026 1331 1153 1372 cum
1183 1315 1471 1372 Saracenis
1499 1317 1665 1374 dimi-

97 1417 277 1474 cantes,
310 1407 612 1478 adjuvante
639 1408 771 1475 Deo,
813 1408 972 1478 potiti
1002 1416 1131 1464 sunt
1158 1409 1408 1475 victoria,
1439 1417 1492 1464 et
1527 1409 1667 1466 occi-

98 1499 160 1555 sis
198 1499 277 1555 vel
315 1501 704 1556 exterminatis
757 1497 1089 1567 Saracenis,
1139 1499 1330 1555 urbem
1384 1498 1558 1570 ipsam
1610 1511 1666 1554 et

97 1607 286 1647 omnem
331 1591 388 1646 in
449 1593 691 1649 circuitu
737 1592 996 1648 viciniam
1047 1591 1230 1662 quiete
1279 1592 1660 1663 possederunt.

96 1683 312 1754 Eclypsis
363 1684 506 1740 solis
555 1683 699 1740 facta
747 1693 832 1740 est
877 1685 1026 1740 circa
1060 1684 1278 1739 tertiam
1307 1684 1499 1739 horam
1529 1683 1659 1752 diei,

97 1772 122 1822 7
140 1770 241 1826 Kal.
268 1771 618 1830 Novembris.
649 1773 890 1831 Necdum
919 1789 1138 1846 quoque
1166 1774 1232 1830 ad
1257 1789 1458 1844 purum
1481 1774 1666 1830 redin-

98 1870 275 1932 tegrato
303 1864 476 1918 solari
532 1865 761 1932 lumine,
801 1865 896 1921 sed
931 1865 1125 1921 adhuc
1154 1863 1490 1920 circumfuso
1515 1865 1662 1936 ecly-

100 1956 215 2024 ptica
242 1957 499 2028 caligine,
535 1959 750 2014 stellam
779 1959 1205 2029 conspicabilem
1253 1959 1309 2014 in
1353 1975 1478 2016 aere
1505 1961 1664 2016 multi

96 2056 442 2116 suspexerunt.
475 2048 726 2105 Fuerunt
749 2050 913 2106 etiam
943 2051 1058 2117 alii,
1087 2050 1184 2120 qui
1215 2051 1493 2118 dixerunt,
1519 2067 1578 2107 se
1606 2051 1660 2106 in

97 2136 192 2205 ipso
233 2139 358 2194 orbe
412 2139 555 2197 solis
605 2141 952 2212 majestatem
1012 2141 1253 2196 divinam
1303 2142 1548 2210 vidisse,
1595 2159 1663 2199 eo

95 2229 230 2285 modo
256 2246 360 2301 quo
381 2247 412 2287 a
436 2232 746 2302 pictoribus
768 2233 824 2288 in
856 2232 1010 2288 libris
1033 2233 1251 2305 depingi
1283 2233 1439 2289 solet.
1468 2233 1527 2289 In
1559 2251 1659 2290 na-

95 2317 170 2370 tali
197 2317 400 2375 Domini
429 2320 646 2377 fulmen
693 2322 890 2393 irrupit
930 2325 1194 2394 templum
1239 2321 1657 2396 Hierosolymis,

96 2416 138 2464 et
168 2409 225 2466 de
253 2412 511 2467 columna
563 2429 630 2468 ex
662 2413 937 2484 lapidibus
981 2413 1146 2481 facta,
1190 2431 1314 2485 quae
1369 2415 1659 2486 sepulchro

99 2497 275 2556 Domini
298 2504 556 2574 proxima
586 2515 723 2573 erat,
747 2506 885 2561 duos
910 2506 1118 2576 lapides
1138 2507 1372 2578 grandes
1391 2508 1654 2565 excussit.

99 2588 200 2647 Inde
221 2593 282 2648 ad
306 2593 493 2650 locum
529 2595 835 2667 baptisterii
871 2611 1222 2667 percurrens,
1254 2597 1490 2668 lapidem
1517 2616 1660 2655 mar-

100 2684 236 2740 meris
269 2701 596 2754 concavum,
627 2687 734 2759 ~qui
777 2703 978 2758 aquam
1024 2688 1280 2758 baptismi
1321 2689 1654 2760 continebat,

99 2777 367 2833 minutatim
397 2779 693 2852 confregit.
723 2780 962 2852 Indeque
985 2780 1043 2835 in
1079 2789 1321 2838 montem
1354 2783 1499 2856 Syou
1530 2800 1656 2856 per—

100 2869 272 2935 volans,
328 2873 534 2928 turrim
585 2873 830 2930 basilicae
871 2873 1299 2944 pulcherrimam
1346 2891 1411 2932 ex
1457 2893 1654 2950 magna

99 2969 218 3028 parte
235 2962 511 3036 perfregit.

156 3053 287 3107 1M8.
513 3055 598 3109 11.
817 3056 906 3111 12.
1111 3057 1200 3113 12.
1420 3059 1472 3114 4.

153 3143 414 3203 Cunradus
438 3157 499 3203 et
524 3146 850 3204 Ludowicus
875 3164 1051 3221 reges,
1079 3151 1173 3221 qui
1205 3152 1483 3221 superiore
1505 3168 1651 3208 anno

101 3249 196 3288 cum
219 3237 414 3294 inﬁnito
439 3239 693 3294 exercitu
710 3238 940 3309 profecti
970 3238 1186 3295 fuerant
1207 3249 1360 3296 trans
1391 3258 1560 3308 mare,
1592 3237 1653 3298 ut

101 3339 299 3395 paganos
337 3329 702 3396 debellarent,
730 3329 900 3384 nichil
932 3345 1194 3400 prospere
1225 3327 1505 3398 fecerunt;
1556 3331 1651 3386 sed

101 3420 236 3474 tantis
259 3422 533 3477 exercitus
555 3436 746 3476 eorum
787 3420 1006 3476 attritus
1037 3428 1121 3475 est
1163 3419 1503 3488 infortuniis,
1535 3431 1651 3476 tum

103 3507 232 3575 fame,
255 3520 361 3566 tum
396 3513 762 3579 mortalitate,
794 3522 909 3567 tum
933 3511 1080 3567 ferro
1105 3512 1367 3579 hostium,
1393 3521 1454 3568 ut
1482 3514 1548 3569 de
1573 3521 1653 3568 tot

104 3599 284 3657 milibus
326 3611 434 3657 tam
493 3602 732 3672 copiosae
783 3602 1148 3659 multitudinis
1178 3603 1269 3658 vix
1295 3604 1455 3674 pauci
1487 3619 1650 3673 repa-

103 3691 355 3748 triaverint.
388 3695 457 3750 Et
487 3696 744 3764 quamvis
765 3695 1000 3761 occulto,
1025 3711 1136 3765 quo
1158 3695 1420 3760 nescitur,
1444 3693 1538 3749 Dei
1560 3695 1652 3764 ju-

103 3780 215 3837 dicio
229 3785 336 3841 haec
359 3787 685 3854 acciderint,
717 3797 936 3842 constat
958 3795 1164 3852 tamen,
1195 3787 1324 3856 quia
1347 3787 1401 3840 in
1433 3787 1649 3843 hostico

104 3870 175 3925 illo
193 3877 341 3931 multa
369 3879 605 3946 scelera,
628 3879 799 3933 multa
825 3878 1013 3934 illicita
1054 3887 1110 3933 et
1135 3878 1402 3948 ﬂagitiosa
1436 3887 1649 3948 patrata

105 3974 201 4017 sunt
217 3966 277 4019 ab
295 3968 388 4034 eis,
423 3978 485 4023 et
513 3969 582 4022 ob
615 3969 718 4023 hoc
744 3969 823 4023 ira
853 3967 949 4023 Dei
975 3969 1302 4024 ascendente
1342 3985 1506 4038 super
1530 3984 1645 4038 eos,

105 4058 246 4112 omnis
283 4070 514 4116 conatus
545 4075 734 4115 eorum
766 4061 822 4115 in
850 4077 1084 4116 vacuum
1112 4061 1296 4117 cessit.
1341 4060 1451 4116 Nec
1493 4061 1649 4118 facile

105 4139 300 4202 invenies
323 4149 434 4205 sive
461 4150 518 4203 in
545 4150 826 4220 hystoriis,
852 4150 965 4206 sive
990 4151 1045 4204 in
1070 4152 1380 4217 annalibus,
1406 4152 1552 4222 quod
1578 4153 1647 4207 ah

104 4239 282 4293 exordio
320 4242 742 4297 christianitatis
770 4259 944 4313 usque
971 4243 1039 4297 ad
1066 4251 1284 4313 tempus
1322 4243 1466 4298 istud
1494 4252 1645 4301 tanta

105 4330 346 4388 multitudo
368 4335 562 4406 populi
586 4333 682 4390 Dei
707 4345 814 4390 tam
839 4336 1020 4391 subito
1044 4346 1099 4392 et
1121 4344 1230 4390 tam
1263 4337 1646 4393 miserabiliter

1774 572 2094 628 inconvulsa
2140 583 2562 643 permanerent;
2623 566 2883 649 quicquid
2931 590 3114 636 autem
3165 581 3362 642 Petrus

1775 667 1975 724 Leonis
2001 669 2347 740 pseudopapa
2387 677 2654 726 statuerat
2687 671 2768 726 vel
2811 673 3186 740 ordinaverat,
3231 675 3358 730 irri-

1774 768 1889 814 tum
1912 760 2222 830 haberetur,
2247 763 2602 835 promulgans
2623 764 2950 819 sententiam
2977 764 3058 820 sic
3085 783 3098 820 :
3126 765 3359 820 Ordina-

1773 852 1938 907 tiones
1961 853 2131 923 [actas
2156 871 2188 908 a
2210 853 2324 922 ﬁlio
2347 854 2498 910 Petri
2519 853 2708 910 Leonis
2733 865 2782 910 et
2805 857 2870 910 ab
2893 856 3017 911 aliis
3041 857 3359 912 scismaticis

1769 952 1821 999 et
1845 944 2107 1013 hereticis,
2147 962 2460 1002 concitamus
2492 956 2544 1003 et
2583 949 2770 1003 irritas
2812 965 2924 1005 esse
2973 965 3262 1005 censemus.
3299 950 3359 1008 In

1770 1036 1874 1092 hac
1901 1027 2110 1109 synodo
2147 1037 2416 1096 adductus
2449 1048 2533 1097 est
2561 1041 2910 1112 supradictus
2935 1041 3211 1098 hereticus
3246 1041 3358 1096 Eu-

1769 1143 1896 1194 nus,
1919 1136 1973 1182 et
1998 1137 2340 1198 presentatus
2361 1147 2514 1201 papae
2536 1148 2566 1186 a
2594 1132 2832 1202 quodam
2855 1134 3123 1189 catholico
3138 1133 3354 1189 Britan-

1769 1217 1872 1272 niae
1901 1218 2175 1289 episeopo.
2223 1220 2323 1277 llic
2371 1222 2534 1294 igitur
2577 1222 2632 1278 iu
2683 1224 2961 1280 audientia
3004 1225 3252 1280 omnium
3283 1211 3352 1281 de

1767 1324 1866 1364 sua
1913 1325 2167 1379 perversa
2217 1312 2398 1370 heresi
2444 1315 2729 1372 discussus
2754 1325 2809 1370 et
2842 1317 3147 1385 convictus,
3184 1318 3354 1374 vitam

1766 1396 1987 1467 quidem
2035 1407 2090 1454 et
2132 1403 2374 1457 membra
2401 1444 2416 1470 ,
2468 1404 2728 1475 episcopo
2763 1406 2858 1476 qui
2902 1420 3027 1461 eum
3057 1408 3361 1463 adduxerat

1764 1488 2165 1558 expostulante,
2213 1493 2455 1560 retinuit,
2487 1496 2582 1550 sed
2611 1505 2790 1552 tamen
2820 1507 3077 1568 precepto
3112 1514 3266 1568 papae
3297 1499 3351 1554 in

1764 1580 2014 1635 custodia
2061 1583 2352 1655 relegatus,
2382 1596 2432 1640 et
2467 1587 2541 1642 ibi
2577 1597 2702 1658 post
2730 1604 2841 1644 non
2871 1591 3107 1646 multum
3155 1600 3359 1662 tempo-

1766 1670 1845 1727 ris
1873 1680 2123 1729 mort-uus
2147 1684 2251 1730 est.
2298 1675 2357 1731 In
2402 1679 2502 1734 hac
2535 1681 2746 1752 synodo
2784 1682 3208 1754 archiepiscopi,
3243 1685 3359 1755 cpi:-

1769 1766 1922 1835 scopi
1950 1774 2006 1820 et
2036 1768 2262 1824 abbates
2292 1785 2468 1840 usque
2508 1771 2580 1826 ad
2626 1772 2774 1828 mille
2819 1781 3042 1829 centum
3089 1775 3359 1830 resedisse

1767 1856 2046 1913 dicuntur.
2076 1859 2340 1916 Tcrrores
2377 1861 2445 1917 de
2475 1863 2610 1918 caelo
2635 1873 2690 1918 et
2709 1873 3064 1935 tempestates
3092 1867 3234 1922 ultra
3266 1883 3359 1922 so-

1762 1948 1944 2016 litum,
1986 1951 2123 2006 alias
2159 1951 2505 2018 clementius,
2541 1953 2679 2008 alias
2719 1954 3102 2012 inclementius
3142 1957 3358 2013 accide-

1768 2046 1914 2094 runt.
1947 2038 2134 2096 Mense
2173 2040 2392 2110 Martio,
2429 2042 2464 2097 8
2503 2041 2622 2097 Kal.
2654 2044 2880 2114 Aprilis,
2917 2061 3042 2102 cum
3077 2047 3196 2103 dies
3236 2048 3353 2118 jam

1765 2131 1832 2186 ad
1852 2147 2135 2202 vesperam
2186 2134 2494 2200 inclinaret,
2521 2135 2845 2207 gravissima
2890 2137 3043 2193 fuere
3087 2139 3354 2206 tonitrua,

1763 2235 1892 2276 cum
1915 2221 2120 2293 ingenti
2143 2224 2570 2282 choruscatione
2592 2234 2646 2281 et
2672 2229 2975 2297 procellosa
3005 2230 3208 2300 pluvia.
3234 2229 3356 2286 Non

1762 2321 1947 2368 autem
1973 2315 2156 2370 evenit
2184 2324 2336 2383 tunc,
2367 2317 2515 2387 quod
2535 2317 2645 2373 alio
2675 2327 2918 2390 tempore
2949 2321 3166 2376 evenire
3193 2321 3352 2389 solet,

1761 2414 1823 2460 ut
1853 2421 2022 2462 sonus
2045 2407 2133 2462 ille
2166 2407 2233 2463 ad
2263 2424 2427 2464 aures
2456 2410 2741 2465 hominum
2767 2413 3026 2482 paulatim
3050 2415 3351 2484 perveniat,

1763 2511 1828 2552 ac
1849 2497 2042 2553 deinde
2063 2513 2276 2555 crescat
2298 2501 2351 2554 in
2384 2502 2595 2572 majus;
2626 2503 2721 2558 sed
2744 2504 2818 2562 ita
2843 2514 3067 2574 repente
3087 2514 3141 2560 et
3169 2506 3352 2578 inspe-

1760 2597 1877 2645 rate
1906 2589 2179 2661 increpuit
2204 2591 2392 2664 fragor
2419 2593 2509 2650 ille
2538 2595 2790 2662 tonitrui,
2821 2605 2882 2651 ut
2905 2613 3100 2654 omnes
3127 2599 3224 2668 qui
3251 2615 3352 2654 au-

1757 2681 1996 2749 dierunt,
2043 2698 2243 2754 magno
2285 2693 2433 2741 metu
2482 2694 2540 2742 et
2587 2687 2972 2744 ammiratione
3009 2699 3348 2748 concuteret.

1757 2771 1889 2827 ltem
1924 2789 2112 2830 mense
2138 2774 2287 2832 Julio
2314 2777 2370 2832 in
2399 2777 2636 2834 diversis
2675 2779 2812 2837 locis
2849 2796 3049 2853 magna
3078 2782 3350 2846 tonitrua-.-

1755 2880 1878 2919 rum
1925 2874 1979 2920 et
2018 2865 2413 2938 fulgurautium
2465 2879 2849 2942 tempestatum
2898 2873 3178 2930 detonavit
3219 2891 3348 2947 pro-

1755 2957 1919 3024 cella;
1966 2959 2061 3014 sed
2089 2959 2145 3014 in
2170 2968 2355 3016 castro
2377 2961 2731 3018 Laudunensi
2757 2965 2880 3035 plus
2903 2981 3069 3036 quam
3096 2967 3234 3024 alias
3262 2968 3348 3024 vis

1679 3082 1724 3145 ο
1758 3051 2097 3118 tempestatis
2130 3052 2378 3109 deseviit.
2410 3052 2546 3110 Nam
2571 3055 2625 3110 in
2655 3059 2995 3114 monasterio
3017 3061 3192 3116 sancti
3217 3059 3349 3115 Vin-

1756 3141 1940 3207 centii,
1965 3157 2088 3196 cum
2113 3146 2367 3202 monachi
2392 3147 2807 3218 completorium
2830 3161 3110 3219 canerent,
3136 3152 3344 3208 fulmen

1754 3231 1952 3302 irrupit
1979 3234 2285 3304 basilicam,
2316 3245 2372 3293 et
2411 3238 2550 3296 duos
2573 3240 2877 3296 monachos
2907 3241 2962 3296 iu
2994 3242 3164 3298 choro
3193 3251 3345 3298 stau-

1755 3330 1835 3376 tcs
1859 3325 2133 3391 percussit
2169 3334 2224 3380 ct
2258 3327 2529 3396 extinxit;
2576 3329 2703 3385 inde
2725 3331 2792 3385 ad
2819 3330 3000 3401 majus
3022 3333 3195 3387 altare
3218 3347 3344 3403 per-

1751 3415 1962 3480 volans,
1997 3415 2170 3484 pallas
2217 3418 2412 3486 lineas,
2457 3435 2580 3490 quae
2609 3422 2781 3477 altare
2808 3423 3078 3490 velabant,
3106 3425 3337 3480 exussit.

1751 3505 1963 3561 Accidit
2005 3516 2185 3562 autem
2238 3509 2312 3564 ibi
2362 3509 2622 3580 quiddam
2672 3512 2950 3581 mirabile,
2993 3515 3122 3586 quia
3166 3516 3344 3586 major

1751 3599 1918 3669 palla,
1945 3616 2067 3670 quae
2091 3601 2326 3672 desuper
2357 3609 2530 3656 totum
2556 3603 2724 3657 altare
2753 3603 3046 3672 ambiebat,
3071 3606 3196 3661 aliis
3225 3607 3343 3676 pal-

1749 3691 1817 3747 lis
1845 3693 2184 3762 ardentibus,
2216 3693 2409 3749 ardere
2457 3711 2566 3751 non
2611 3695 2807 3765 potuit.
2858 3695 3068 3752 Dicitur
3133 3706 3338 3763 autem,

1749 3784 1897 3854 quod
1925 3785 2033 3840 alia
2064 3786 2235 3840 multa
2279 3785 2334 3840 in
2380 3786 2572 3842 eadem
2603 3787 2830 3843 basilica
2857 3803 2925 3844 ex
2954 3789 3067 3844 ictu
3093 3789 3342 3844 fulminis

1749 3876 2098 3942 acciderunt;
2148 3877 2244 3932 sed
2279 3877 2554 3933 sulliciunt
2593 3879 2696 3934 ista
2742 3879 2810 3934 ad
2867 3880 3338 3952 cognoscendum,

1748 3975 1988 4034 quantus
2033 3967 2106 4022 sit
2137 3974 2310 4022 terror
2343 3966 2544 4022 divinae
2582 3969 2963 4026 districtionis.
3008 3970 3342 4026 Cameracus

1748 4057 1942 4113 civitas
1970 4073 2037 4112 ex
2068 4074 2267 4129 magna
2291 4068 2444 4129 parte
2473 4059 2558 4114 sui
2591 4060 2844 4117 incendio
2869 4063 3246 4134 conﬂagravit,
3285 4072 3342 4118 et

1735 4149 2062 4219 .principalis
2083 4152 2327 4207 aecclesia
2355 4168 2480 4207 cum
2507 4154 2748 4210 claustro
2775 4164 2830 4211 et
2849 4156 3054 4228 palatio
3074 4156 3338 4228 episcopi,

1747 4241 2144 4296 monasterium
2182 4244 2345 4298 etiam
2379 4244 2522 4299 beati
2553 4246 2822 4302 Autberti.
2873 4246 2989 4303 Hoc
3026 4249 3192 4302 etiam
3237 4264 3340 4303 au-

1748 4351 1822 4397 no
1839 4337 1909 4369 ³⁸⁸
1931 4338 2280 4394 combustum
2311 4348 2398 4393 est
2429 4337 2741 4393 ccenobium
2775 4337 2950 4394 sancti
2999 4337 3248 4408 Sepulcri
3282 4339 3339 4394 in

104 4416 343 4487 deperierit
365 4468 380 4491 ,
432 4427 580 4482 sicut
627 4444 772 4482 nunc
808 4426 1011 4482 factum
1059 4437 1161 4484 est.
1203 4427 1479 4498 Eugenius
1509 4443 1646 4498 papa
1678 4435 1726 4495 ι)
1751 4429 1940 4484 eadem
1968 4430 2123 4497 urbe,
2151 4431 2340 4501 paucis
2368 4430 2529 4486 annis
2554 4446 2584 4484 a
2613 4431 2784 4501 priori
2816 4431 2936 4502 ejus
2959 4431 3340 4488 combustione

103 4509 280 4567 collecta
323 4519 562 4588 generali
610 4519 820 4590 synodo
856 4518 1062 4586 Remis,
1095 4519 1266 4574 multa
1299 4535 1463 4589 super
1494 4529 1639 4574 statu

1748 4523 2061 4576 transactis.

1331 4611 1565 4667 VARIAE
1608 4612 2010 4669 LECTIONES.

155 4695 210 4728 ³³⁸
233 4699 326 4755 llic
347 4705 542 4758 desinit
571 4704 669 4758 F3.
705 4704 893 4758 ultimo
922 4704 1051 4774 folio
1074 4706 1292 4758 amisso.

115 4831 1526 4870 m—

1529 4847 1754 4860 ..Α--ο

1525 4847 3330 4882 ηω-ᾙ--ῂπξεπ

581 5000 1537 5135 AUCTARIUM
1599 5008 2742 5141 GEMBLACENSE

104 5213 166 5278 tt,
197 5233 363 5272 manus
404 5237 447 5274 ε.
479 5218 600 5275 XII
637 5222 852 5290 scripsit
887 5230 1002 5289 post
1037 5237 1089 5274 a.
1121 5220 1296 5290 1151,
1336 5230 1386 5274 et
1432 5230 1556 5275 ante
1584 5238 1636 5275 a.

304 5290 458 5343 1157.
501 5290 702 5344 Eadem
730 5289 917 5344 habent
944 5290 1064 5344 85‘.
1095 5289 1191 5344 Fl.
1230 5291 1284 5344 ‘3.
1325 5291 1377 5345 5.

155 5397 256 5453 771.
287 5401 457 5473 Caput
501 5403 769 5459 Johannis
814 5405 1064 5474 baptista:
1111 5406 1180 5459 ab
1211 5405 1538 5461 Alexandria
1583 5406 1637 5460 in

103 5485 401 5557 Aquitaniam
434 5497 756 5552 transfertur
788 5499 892 5553 hoc
936 5499 1118 5567 riuulo.
1168 5498 1402 5565 Quidam
1452 5501 1639 5556 lauda-

104 5576 199 5635 bilis
218 5585 328 5640 vita:
357 5589 676 5655 monachus,
708 5591 930 5645 nomine
959 5590 1287 5659 Felicianus,
1336 5609 1402 5648 ex
1433 5592 1636 5650 Gallia-

107 5683 196 5723 rum
222 5678 472 5743 partibus,
499 5697 621 5733 cum
647 5682 837 5750 paucis
867 5682 1034 5736 sociis
1071 5681 1484 5740 "ierosolimam
1514 5699 1631 5758 gra-

379 5793 643 5853 Parnor..
690 5795 869 5856 CLX.

1748 5225 1822 5279 tia
1873 5226 2140 5282 orationis
2180 5229 2353 5295 adiit,
2400 5237 2456 5284 et
2503 5237 2628 5300 post
2652 5231 2865 5300 expleta
2893 5230 2997 5301 pire
3023 5228 3331 5286 devotionis

1746 5317 2027 5388 obsequia,
2057 5321 2300 5391 angelica
2329 5322 2658 5378 allocutione
2681 5323 3068 5387 commonitus,
3100 5324 3331 5375 Alexan-

1744 5409 1919 5465 driam
1940 5413 2218 5482 expetivit,
2251 5423 2304 5470 ct
2326 5423 2489 5485 caput
2516 5415 2764 5486 baptista:
2789 5414 3015 5485 Joannis
3039 5431 3072 5469 a
3102 5415 3241 5477 loco,
3269 5415 3324 5468 in

1745 5518 1854 5572 quo
1883 5503 2011 5558 olim
2043 5520 2074 5558 a
2103 5505 2424 5577 Theophila,
2466 5507 2712 5576 ejusdem
2757 5508 2908 5563 urhis
2929 5507 3206 5576 episcopo,
3235 5521 3326 5563 re-

1745 5595 2023 5649 conditum
2055 5595 2250 5665 fuerat,
2281 5600 2470 5654 eodem
2518 5601 2711 5670 angelo
2755 5597 3028 5653 revelante
3074 5597 3321 5659 sustulit,

1740 5693 1792 5739 ct
1823 5683 1890 5739 ad
1918 5685 2266 5755 Aquitaniam
2316 5689 2368 5743 in
2420 5689 2696 5745 territorio
2743 5687 3056 5758 Eugelismo
3108 5688 3322 5745 detulit.

2935 5809 2940 5814 ’
2967 5805 3008 5866 9
