3914 6314
608 246 717 330 267

1782 264 2141 322 SICEBERTI
2176 263 2702 321 GEMBLACENSIS
3701 277 3775 332 258

609 374 836 455 Pipinns
860 371 955 436 rex
984 372 1115 435 tunc
1138 379 1454 435 morabatur
1488 362 1687 434 ibidem
1715 378 1769 433 in
1798 378 2018 449 palatio,
2043 375 2189 446 quod
2219 380 2267 438 Α
2367 375 2489 431 691.
2521 375 2614 447 (γ.
2635 375 2847 447 Lamb.)
2873 376 3018 432 Gens
3042 373 3516 448 TbeSSandrorum,
3535 399 3640 438 cum
3654 403 3779 458 usque

611 473 958 546 Angiriacum
987 472 1204 538 dicitur,
1252 485 1610 541 cernensque,
1633 471 1738 540 per
1767 484 1893 524 eum
1915 468 2186 523 cotidiana

607 556 877 639 indigenis
945 563 1206 619 beneﬁcia
1234 604 1248 628 ,
1291 561 1504 631 sibique
1556 562 1776 616 crebras
1814 563 1889 614 ex
1937 551 2187 613 hostibus

604 656 945 728 Aquitanicis
982 654 1240 710 victorias
1278 652 1586 723 provenire,
1625 651 1758 721 regii
1788 650 1968 721 operis
1999 649 2187 704 basili-

605 765 748 803 cam-
772 747 1099 814 construxit,
1157 759 1264 799 non
1296 745 1454 814 longe
1495 759 1526 797 a
1567 742 1820 797 Vulturni
1850 741 2092 796 ﬂuminis
2120 741 2188 795 li-

604 849 740 908 tore,
768 851 820 894 et
847 839 901 892 in
931 854 994 893 ea
1019 837 1228 892 ciboria
1254 843 1570 891 constructo
1601 833 1818 888 miriﬁci
1864 833 2067 902 operis,
2100 845 2188 886 ca-

602 941 704 1004 put
725 933 982 988 decenter
1008 916 1332 984 adornatum
1360 927 1665 982 recondidit
1689 924 2048 996 precursoris.
2073 923 2186 978 Mo-

601 1017 905 1079 nacbOrum
927 1007 1089 1077 etiam
1113 1019 1562 1076 coenobium‘illic
1583 1017 1884 1084 constituit,
1909 1023 1963 1070 et
1982 1015 2184 1084 prediis

598 1117 763 1187 regiis
793 1115 1080 1185 magnifice
1102 1099 1394 1168 ditavit’".

671 1207 794 1260 876.
836 1204 992 1259 Rollo
1013 1205 1123 1259 dux
1151 1201 1543 1257 Normanniam
1567 1217 1691 1256 cum
1716 1201 1832 1254 suis
1861 1201 2180 1270 penetravit,

598 1305 651 1352 ct
681 1297 750 1352 55
778 1297 938 1352 annis
975 1297 1027 1350 in
1051 1311 1112 1350 ea
1146 1295 1410 1367 regnavit.
1444 1292 1526 1347 Ab
1558 1293 1661 1348 hoc
1690 1293 1968 1348 derivatur
1988 1308 2184 1364 geneaa

599 1387 742 1456 logia
788 1387 989 1442 ducum
1023 1385 1463 1440 Normannornm
1492 1393 1546 1438 et
1598 1399 1821 1453 regum,
1861 1384 1955 1453 qui
1995 1399 2062 1438 ex
2101 1383 2182 1439 eis

602 1479 738 1547 nati,
781 1478 1101 1548 prci‘ucrunt
1130 1477 1477 1547 postmodum
1508 1476 1652 1547 genti
1682 1475 2002 1546 Anglorum.

602 1614 683 1673 1η.
711 1615 921 1668 natione
943 1599 1266 1683 Leodiensis,
1289 1612 1378 1683 qni
1408 1621 1456 1665 et
1500 1629 1552 1664 ιι.
1585 1611 2176 1683 1157-11457exaravit.

671 1683 876 1738 Eadem
921 1685 1108 1737 habent
1164 1682 1427 1752 B5'.(cui
1472 1683 1657 1734 desunt
1702 1682 1826 1752 987.
1857 1682 1981 1736 991.
2017 1682 2175 1737 1012.

672 1753 828 1807 1057.
885 1754 1042 1808 1012.
1096 1753 1252 1808 1048.
1313 1751 1470 1806 1072.
1520 1751 1704 1822 1092.)
1757 1751 1854 1806 F1.
1914 1752 1967 1806 2.
2017 1752 2181 1823 (deest

675 1823 860 1895 1042.)
891 1825 943 1877 5.

591 1945 596 1949 ‘
670 1935 795 1990 465.
819 1935 1021 2012 ,(ϐιιεδ.
1047 1935 1208 2009 Ton.)
1238 1938 1430 1992 Annus
1452 1952 1696 2008 presens,
1725 1937 1818 2007 qui
1843 1946 1928 1993 est
1952 1947 2181 1994 atrans-

597 2036 659 2082 tu
715 2029 888 2083 sancti
932 2027 1151 2082 Martini
1185 2028 1274 2096 64,
1311 2028 1738 2084 reverentissimi
1782 2029 2031 2099 corporis
2062 2029 2182 2100 ejus

526 2123 534 2130 ”
603 2121 960 2177 translatione
999 2122 1312 2192 insignitur.
1347 2121 1485 2176 Cum
1513 2123 1660 2177 enim
1712 2138 1776 2177 ea
1816 2125 2180 2194 prerogativa,

599 2230 709 2283 qua
729 2214 936 2280 vivens,
969 2213 1133 2269 etiam
1177 2223 1427 2270 mortuus
1462 2214 1876 2285 incomparabili
1901 2216 2182 2287 signorum

598 2305 902 2375 fulguraret
960 2306 1471 2383 claritatezbeatus
1515 2306 1839 2377 Perpetuus,
1895 2307 2183 2364 Turonicaa

599 2395 837 2450 civitatis
860 2396 1108 2462 antistes,
1149 2411 1246 2466 pro
1277 2397 1447 2466 priori
1477 2397 1687 2452 cdicula
1709 2398 1973 2467 templum
1999 2398 2183 2452 multa:

600 2488 932 2554 ambitionis,
967 2488 1100 2543 adeo
1125 2497 1183 2542 ut
1212 2498 1431 2543 centum
1461 2497 1514 2544 et
1537 2490 1740 2560 vigenti
1763 2490 2178 2560 columpnarum

599 2579 738 2632 mira
792 2578 1150 2649 dispositione
1205 2580 1499 2635 subnixum
1534 2589 1706 2635 totum
1753 2589 2178 2649 concameraret,

600 2687 764 2740 super
809 2687 935 2726 eum
974 2672 1263 2739 editicavit,
1307 2688 1618 2743 corpusque
1665 2682 1913 2728 sanctum
1942 2690 1972 2726 a
1997 2665 2180 2742 sepul-

599 2764 734 2818 chro
764 2764 1054 2842 elevatum,
1086 2764 1118 2818 4
1162 2762 1345 2819 Nonas
1385 2763 1535 2831 Julii,
1567 2781 1751 2819 annuo
1778 2765 2027 2819 videlicet
2047 2780 2180 2820 con-

600 2845 926 2910 seérationis
961 2855 1081 2924 ejus
1125 2855 1178 2932 in
1211 2857 1528 2931 episcopum
1579 2856 1688 2924 die,
1732 2856 1786 2909 in
1816 2856 1954 2921 loco,
1986 2855 2041 2909 in
2072 2841 2182 2925 quo

599 2962 747 3001 nunc
793 2956 1104 3022 veneratur,
1156 2948 1403 3018 angelico
1439 2933 1852 3024 fretusauxilio
1879 2950 2177 3016 transtulit,

599 3039 889 3109 ipsumque
925 3041 1184 3110 templum
1207 3041 1397 3096 eodem
1421 3042 1808 3098 nichilominus
1829 3041 1916 3098 die
1938 3053 2182 3112 postmo-
2209 3067 2251 3124 ε

599 3131 728 3186 dum
761 3131 1048 3187 dedicavit.
1075 3131 1231 3187 Unde
1273 3131 1352 3198 ﬁt,
1387 3141 1446 3187 ut
1477 3135 1581 3210 sub
1607 3150 1718 3188 uno
1747 3135 1834 3189 die
1868 3135 2067 3205 triplici
2089 3151 2182 3191 oc-

599 3229 862 3295 currente.
881 3221 1192 3295 festivitate,
1217 3219 1569 3298 ordinatione
1583 3226 1790 3280 scilicet
1815 3213 2179 3297 episcopatus,

601 3316 954 3371 translatione
996 3316 1263 3386 corporis,
1294 3316 1634 3373 dedicatione
1681 3317 1921 3374 basilicae
1965 3334 2099 3385 sum,
2145 3319 2181 3374 4

597 3406 784 3464 Nonas
830 3407 958 3464 Julii
992 3410 1274 3464 annuatim
1310 3409 1502 3466 beatus
1529 3410 1794 3466 Martinus
1838 3410 2182 3482 sollempnis-

599 3500 737 3556 sima
766 3503 931 3557 totius
960 3502 1427 3572 comprovintialis
1470 3501 1654 3572 populi
1691 3502 2063 3572 frequentetur
2083 3503 2180 3558 de-

598 3593 836 3647 votione.
864 3591 1042 3649 Locus
1066 3601 1268 3659 autem,
1303 3593 1358 3646 in
1390 3608 1499 3662 quo
1521 3594 1954 3647 sacratissimum
1983 3608 2182 3663 corpus

596 3683 717 3754 ejus
745 3683 996 3754 quiescit,
1033 3685 1101 3738 ab
1142 3684 1279 3737 urbe
1307 3682 1577 3736 Turonica
1607 3683 1944 3738 occidentem
1990 3699 2181 3740 versus

601 3775 749 3830 brevi
774 3775 1125 3844 interjacentc
1145 3774 1320 3843 campi
1338 3773 1558 3843 planitie
1582 3773 1914 3843 disparatus,
1940 3784 2181 3830 castrum

600 3885 804 3922 novum
832 3876 1076 3933 vocatur,
1109 3866 1200 3920 ubi
1233 3866 1287 3918 in
1320 3865 1564 3934 predicto
1594 3867 1813 3936 templo,
1844 3867 1946 3921 sub
1976 3867 2183 3924 ciborio

601 3972 757 4022 auro,
802 3965 1047 4027 argento,
1103 3955 1440 4027 gemmisque
1468 3956 1683 4022 vestito,
1733 3943 1986 4012 decenter
2009 3958 2180 4013 collo-

601 4055 805 4112 catum,
834 4055 981 4101 tanta
1015 4046 1403 4100 miraculorum
1428 4045 1732 4101 illustratur
1756 4049 2179 4118 magniﬁcentia,

601 4147 662 4194 ut
688 4146 803 4193 toto
822 4138 1237 4194 christianitatis
1259 4139 1389 4194 orbe
1409 4139 1760 4208 apostolicam
1788 4140 2012 4212 gloriam
2043 4141 2182 4211 opti-

604 4240 726 4285 neat
759 4231 848 4284 ³⁸⁸.

677 4322 800 4377 564.
835 4322 934 4378 llic
965 4322 1258 4378 Lotbarius
1303 4323 1592 4378 ccnobium
1615 4324 1789 4378 sancti
1836 4322 2078 4380 Medardi
2125 4323 2182 4378 in

2291 466 2359 522 ad
2387 467 2440 522 id
2468 467 2732 537 temporis
2759 467 3024 522 idolatriae
3052 468 3332 524 erroribus
3351 480 3486 525 esset
3510 472 3680 541 dedita,
3693 492 3778 546 pre-

2287 557 2557 613 dicatione
2587 558 2762 613 sancti
2797 555 3073 613 Lamberti
3104 557 3463 629 Trajectensis
3513 564 3711 636 episcopi
3732 570 3778 624 ad

2287 649 2449 705 ﬁdem
2484 649 2689 704 Christi
2715 650 3064 704 convertitur}
3081 651 3169 706 ⁸⁹¹.

2360 740 2482 795 710.
2516 739 2728 796 Extunc
2766 739 2929 812 Legia
2957 743 3216 809 exaltata,
3243 750 3297 799 et
3324 743 3380 798 in
3409 743 3581 799 urbem
3604 755 3672 802 est
3694 763 3779 804 am-

2285 833 2452 902 pliata
2473 833 2563 888 ³⁸³.

2359 924 2480 979 711.
2515 924 2598 996 (S.
2633 923 2769 980 Oda.
2809 963 2824 978 .
2866 965 2881 980 .
2923 967 2938 979 .
2975 926 3203 998 quievit)
3241 918 3295 981 in
3315 928 3438 983 villa
3464 943 3610 999 super
3626 925 3781 987 Mosam

2287 1016 2410 1082 sita,
2438 1032 2562 1086 qua:
2585 1017 2784 1072 dicitur
2808 1016 3160 1073 Ammanium
3195 1020 3285 1074 ³⁹ο.

2358 1108 2480 1162 714.
2511 1107 2746 1164 Sanctus
2775 1107 3052 1165 Hubertus
3075 1112 3382 1166 construxit
3402 1121 3453 1167 et
3481 1112 3704 1170 reditibus
3722 1114 3780 1168 di-

2285 1201 2418 1256 tavit
2441 1203 2838 1257 monasterium
2862 1203 3037 1258 sancti
3075 1202 3221 1258 Petri
3244 1204 3300 1258 in
3329 1203 3522 1260 Leodio
3546 1205 3621 1259 ³⁸⁹.

2357 1294 2481 1349 755.
2513 1293 2682 1366 (Obiit
2725 1302 2950 1350 sanctus
2983 1292 3303 1364 ,llubertus)
3334 1295 3570 1352 Succedit
3593 1295 3780 1351 Florber-

2283 1392 2372 1440 tus
2400 1385 2489 1440 ³⁸³.

2356 1476 2476 1530 771.
2503 1475 2646 1531 Idem
2670 1493 2764 1532 rex
2781 1476 3086 1548 (Pippinus)
3108 1475 3236 1532 fecit
3265 1476 3466 1532 fontem
3489 1473 3780 1540 lacunarium,

2283 1569 2350 1624 de
2381 1584 2491 1639 quo
2523 1585 2552 1623 a
2573 1569 2786 1643 duobus
2810 1568 2921 1624 fere
2947 1570 3172 1624 milibus
3201 1569 3305 1637 sub
3336 1577 3495 1634 terra,
3517 1584 3606 1638 per
3627 1568 3781 1622 ediﬁcia

2283 1662 2635 1727 cementaria,
2669 1661 2723 1716 in
2753 1660 3014 1730 palatium
3042 1661 3163 1730 ejus
3205 1660 3534 1729 aqueductus
3568 1658 3781 1721 inﬂuebat,

2285 1761 2339 1808 et
2370 1753 2545 1822 ipsam
2567 1752 2815 1807 dividens
2836 1768 3056 1821 aquam,
3082 1751 3137 1805 in
3161 1751 3442 1806 basilicam
3463 1751 3620 1805 sancti
3635 1748 3784 1804 Johan-

2285 1847 2371 1903 nis
2423 1846 2690 1916 baptistaz,
2721 1860 2818 1915 per
2865 1844 3068 1900 ferrum
3099 1853 3154 1899 et
3194 1860 3271 1901 aes
3310 1842 3613 1908 introduxit,
3641 1842 3713 1905 ita,
3745 1848 3784 1891 ut

2285 1937 2388 1990 sub
2436 1937 2645 1992 ciborio
2687 1951 2784 2005 per
2835 1951 3200 1990 marmoream
3267 1935 3565 1990 columnam
3615 1930 3785 1986 interius

2284 2041 2579 2080 concavam
2611 2025 2880 2091 ebulliret,
2905 2025 3088 2095 ibique
3126 2023 3269 2078 sacri
3290 2022 3614 2093 baptismatis
3635 2019 3783 2074 ablatio

2284 2117 2340 2171 in
2371 2118 2578 2173 honore
2597 2117 2801 2172 domini
2830 2116 3141 2172 nostriJesu
3163 2117 3371 2172 Christi
3400 2111 3781 2171 etsanctiJohaa—

2284 2207 2650 2276 nisbaptistaa
2677 2205 2848 2272 ﬁeret,
2895 2215 3058 2274 atque
3096 2207 3292 2260 iterum
3338 2205 3392 2259 in
3440 2205 3551 2273 ipsa
3575 2201 3783 2257 lacunaria

2285 2307 2569 2352 remearet.
2597 2296 2712 2352 Hoc
2747 2297 3032 2352 ccnobium
3058 2297 3312 2368 Angelisz
3348 2304 3564 2350 vocatur
3589 2294 3668 2347 ³⁸⁸.

2356 2387 2480 2442 849.
2509 2385 2608 2456 (De
2635 2383 2694 2440 S.
2736 2384 2963 2456 Helena)
2999 2386 3283 2440 recondita
3331 2385 3387 2439 in
3425 2383 3631 2440 cenobio
3663 2379 3786 2436 sancti

2283 2479 2452 2546 Petri,
2477 2479 2625 2549 quod
2650 2478 3020 2550 Altumvyleyr
3041 2478 3259 2534 dicitur.

2354 2568 2478 2625 890.
2511 2568 2725 2623 France
2747 2569 3036 2638 episcopus
3081 2569 3380 2639 adquisivit
3401 2563 3698 2637 episc0patui
3718 2562 3786 2616 ιε-

2283 2661 2456 2732 giensi
2485 2660 2756 2715 abbatiam
2781 2660 3104 2716 Lobiensem
3126 2669 3179 2716 et
3202 2659 3590 2731 preposituram
3614 2657 3787 2712 Fossen-

2283 2770 2396 2809 sem
2425 2770 2549 2808 cum
2573 2753 2910 2824 appendiciis
2939 2751 3075 2809 Suis.

2355 2843 2478 2898 958.
2513 2842 2796 2914 (Erluinus
2837 2859 2891 2912 p.
2932 2858 2983 2897 a.
3014 2842 3104 2913 G.)
3133 2858 3164 2898 a
3192 2843 3519 2913 quibusdam
3567 2835 3786 2895 contrariis

2284 2943 2486 2990 sancta:
2523 2935 2774 3006 religioni
2805 2935 2874 2967 ³⁹⁰
2913 2935 2972 3004 (l.
3009 2925 3061 2988 ο.
3089 2935 3189 3006 p.).

2354 3025 2763 3081 987.‘Succedit
2794 3024 3147 3081 Heriwardus
3173 3025 3348 3096 (576).

2357 3119 2481 3173 991.
2509 3117 2656 3174 Obiit
2705 3117 3016 3174 ﬂervardus
3059 3119 3260 3185 abbas;
3314 3115 3549 3173 succedit
3589 3112 3783 3167 Erluinus

2275 3210 2483 3282 junior.
2751 3240 2754 3241 ν

2353 3303 2511 3358 1012.
2545 3303 2728 3359 Abbas
2749 3303 3005 3358 Erluinus
3030 3303 3216 3372 junior
3242 3302 3382 3358 obit.

2353 3395 2510 3450 1057.
2563 3396 2651 3466 (Α.
2700 3395 2888 3466 Leod.)
2941 3394 3092 3450 Obiit
3141 3393 3483 3464 Reginardus
3531 3390 3785 3462 episc0p15;

2282 3487 2523 3542 succedit
2549 3485 2842 3540 Niliardus.

2358 3577 2512 3632 1042.
2541 3577 2674 3650 (1b.)
2699 3577 2845 3632 Obiit
2867 3576 3140 3632 Nihardus
3162 3575 3472 3646 episcopus.

2353 3668 2506 3721 1018.
2536 3667 2730 3721 Abbati
2760 3666 2980 3720 Olberto
3004 3667 3246 3720 succedit
3265 3665 3451 3738 Mysac
3481 3662 3632 3736 (576).

2355 3759 2512 3813 1072.
2536 3758 2874 3836 Obiitabbas
2904 3758 3116 3830 Mysac;
3155 3759 3400 3813 succedit
3427 3756 3712 3810 Tietmarus.

2355 3850 2512 3906 1092.
2565 3849 2710 3906 Obiit
2753 3849 3060 3904 Tietmarus
3114 3849 3314 3916 abbas;
3372 3847 3601 3904 succedit
3637 3841 3790 3896 Lictaro

2282 3943 2405 3998 dus.

2392 4059 2472 4112 16.
2505 4074 2694 4111 manus
2745 4073 2791 4111 ε.
2824 4055 3110 4180 ΧΙΙῈῑῗεάἑ
3126 4055 3373 4178 ;5εαάεηι
3417 4052 3598 4106 habent
3624 4045 3720 4100 35‘.

2357 4240 2513 4295 1010.
2555 4239 2613 4294 ln
2665 4239 2894 4294 cenobio
2921 4237 3232 4292 Florinensi
3261 4251 3364 4307 pro
3391 4232 3611 4297 clericis,
3655 4225 3728 4297 qui
3747 4219 3792 4275 ad

2285 4333 2390 4388 hoc
2437 4347 2613 4402 usque
2658 4340 2871 4400 tempus
2913 4328 3292 4384 deserviebant
3343 4327 3441 4394 ibi,
3465 4317 3688 4379 monachi
3705 4318 3793 4369 sunt

605 4413 918 4472 Suessionis
961 4416 1179 4472 civitate
1200 4417 1506 4472 construxit
1547 4425 1601 4472 ct
1636 4417 1783 4488 regia
1811 4418 2179 4475 muniﬁcentia
2209 4406 2260 4466 ι)
2286 4423 2585 4478 constituti.

606 4509 833 4576 dotavit,
859 4510 987 4564 etin
1017 4525 1083 4565 eo
1112 4510 1403 4580 sepultura:
1427 4511 1605 4564 locum
1638 4511 1846 4580 accepit
1875 4510 1964 4565 ⁸⁸³.

677 4602 799 4656 502.
853 4601 951 4657 Hic
979 4601 1305 4674 (Gregorius)
1335 4603 1590 4670 decrevit,
1619 4612 1678 4658 ut
1703 4605 1956 4659 monachi
1984 4603 2038 4656 in
2071 4603 2184 4659 om-

603 4691 690 4745 cio
720 4693 1071 4747 sacerdotalis
1101 4695 1301 4763 gradus
1331 4703 1555 4748 utantur
1574 4703 1838 4763 potestate
1878 4695 2079 4765 ligandi
2103 4703 2186 4748 at-

579 4796 710 4851 ;que
731 4782 975 4836 solvendi
1000 4784 1088 4836 ³⁸³.

675 4870 798 4924 651.
845 4869 944 4925 Cui
977 4871 1270 4943 (Remaclo)
1312 4874 1577 4928 successit
1609 4873 1661 4926 in
1692 4873 1988 4942 pontiﬁcali
2037 4874 2183 4945 regi-

605 4961 752 5014 mine
780 4971 1003 5017 sanctus
1029 4962 1385 5018 Tlieodardus
1412 4965 1480 4995 ⁸⁸⁵³
1511 4963 1615 5035 (Cf.
1654 4964 1792 5017 Ann.
1812 4963 2036 5032 »Laub.).

675 5035 798 5107 688.
824 5052 1176 5111 Innocentius
1206 5055 1332 5110 58'"
1363 5056 1515 5126 pacis
1543 5057 1793 5111 osculum
1823 5055 2063 5111 decrevit
2086 5056 2181 5111 da-

604 5145 654 5200 ri
684 5145 770 5199 390.

2355 4514 2515 4568 1015.
2549 4512 2833 4567 Baldricus
2863 4511 3155 4581 episcopus
3175 4509 3546 4564 Florinensem
3585 4497 3794 4557 abbatiam

2285 4605 2580 4676 adquisivit
2604 4604 2656 4658 ei
2680 4604 2767 4658 cui
2798 4611 3012 4672 preerat
3036 4601 3359 4656 Leodicensi
3385 4590 3730 4682 episcopatui-_
3764 4671 3773 4682 .

2360 4695 2516 4750 1088.
2568 4693 2956 4749 Monasterium
3005 4691 3177 4747 sancti
3229 4689 3497 4745 Johannis
3542 4687 3592 4739 in
3608 4677 3796 4746 _Florini5

2285 4793 2669 4840 concrematur
2696 4798 2841 4837 anno
2884 4781 3222 4851 sexagesimo
3261 4777 3502 4834 secundo
3531 4787 3633 4830 sua:
3652 4776 3796 4824 conse-

2289 4876 2569 4931 orationis.

2364 4990 2434 5044 1t.
2467 5003 2655 5041 manus
2705 5003 2751 5040 δ.
2793 4984 2916 5038 XII
2943 5001 3026 5039 ex.
3059 4984 3261 5037 Eadem
3295 4984 3486 5038 habent
3528 4980 3615 5034 F1.
3639 4976 3682 5028 2.
3707 4972 3747 5024 5.

2839 5057 2947 5127 (cui
2986 5054 3126 5108 deest
3151 5053 3332 5125 1135).

2362 5150 2518 5204 115⁸5.
2553 5149 2664 5204 Rex
2697 5149 2995 5218 Anglorum
3028 5145 3316 5201 Heinricus
3357 5143 3493 5200 obiit
3530 5151 3693 5196 mense
3726 5128 3799 5182 Βε-

1899 5288 2134 5344 VARUE
2171 5288 2574 5346 LECTlONES.

675 5397 743 5430 ³⁸⁷
773 5399 1046 5478 partimin
1092 5415 1282 5478 rasam
1311 5383 1568 5478 diturum.
1593 5399 1874 5478 linearttm,
1925 5398 2137 5478 reliqua
2179 5398 2236 5451 in
2276 5392 2529 5478 margine.
2589 5399 2722 5478 Tun}
2784 5401 2867 5460 1η·
2905 5399 3099 5478 "4.19?"
3133 5415 3152 5454 δ
3202 5397 3364 5478 ῩΞῙἝΘ
3395 5393 3580 5449 folium
3609 5385 3666 5442 ad

609 5467 824 5551 signum
851 5471 898 5535 0,
929 5471 1063 5555 etnin.
1087 5470 1369 5555 folii‘cersi
1398 5471 1634 5555 mqrgine
1659 5471 1826 5540 pergit
1855 5484 1873 5521 :
1979 5467 2125 5555 Ide‘m
2154 5478 2253 5522 etc.
2282 5479 2341 5523 ut
2369 5467 2553 5525 statim
2582 5471 2825 5525 dabimus
2853 5467 2980 5555 ,διώ
3019 5471 3103 5530 1η.

3216 5469 3285 5501 ³⁸⁸
3315 5468 3372 5521 in
3397 5479 3598 5518 rasura.
3686 5452 3739 5484 ³³³
3761 5452 3800 5495 ω

609 5538 862 5610 margine.
905 5572 907 5574 η
940 5540 1006 5574 ³⁹⁰
1046 5542 1182 5594 inter
1207 5540 1393 5595 lineas.
1471 5538 1614 5596 391in
1642 5538 1830 5595 rasura
1861 5539 2018 5593 unius
2058 5538 2235 5592 linere.
2291 5596 2300 5602 _

2107 5628 2334 5686 ΝΟΤᾹΞ.

683 5717 829 5789 (576)
859 5689 1278 5777 Gemblacensis.
