4012 6444
518 365 614 420 271

1704 355 2064 415 SlGEBEliTI
2104 357 2632 416 GEMBLACENSIS

3685 361 3795 418 272

515 479 827 548 Omnesque
861 475 990 531 huic
1013 475 1236 532 decreto
1265 475 1496 532 rebelles
1518 474 2024 542 anathematizavit,
2050 483 2105 530 et
2133 479 2179 539 Α
2209 491 2407 532 manus
2437 477 2520 532 vel
2544 491 2725 547 genua
2753 490 2848 532 seu
2877 476 2987 532 alio
3015 475 3258 547 quolibet
3288 476 3472 544 modo,
3502 491 3629 532 cum
3653 493 3794 548 qua-

518 571 623 628 nisi
650 570 1052 639 resipiscerent,
1085 569 1230 623 bona
1264 583 1455 623 eorum
1487 567 1758 638 publicari
1781 567 1874 621 ⁸⁸³.

590 662 750 718 10.18.
791 660 1006 716 Odiloni
1033 659 1385 716 Cluniacensi
1423 658 1576 732 [iugo
1601 658 1944 715 venerandus
1970 659 2104 714 sub-

517 754 763 812 stituitur
795 752 888 808 ⁸⁸⁵.

590 845 749 901 1076.
791 843 1100 906 Lietbertus
1155 843 1444 915 episcopus
1495 840 1912 898 Cameracensis
1957 841 2104 910 obit,

519 938 609 994 cui
661 937 940 993 Gerardus
987 935 1231 993 succedit
1256 937 1347 992 δοδ.
1396 935 1698 992 Balduinus
1746 951 1904 1006 puer,
1938 933 2108 990 frater

518 1031 732 1087 Arnulfi
757 1030 926 1086 occisi
962 1030 1029 1085 ad
1082 1029 1446 1103 Donengium,
1486 1029 1704 1104 bellavit
1729 1036 1919 1084 contra
1944 1043 2105 1083 exer-

520 1127 692 1182 citum
737 1125 919 1195 patrui
961 1125 1047 1179 sui
1080 1122 1324 1190 Roberti,
1356 1139 1520 1194 quem
1578 1122 1872 1194 pugnando
1909 1120 2108 1184 devicit

520 1216 610 1271 ⁸⁸⁵.
650 1216 808 1288 (Gelu
852 1257 866 1270 .
911 1256 924 1270 .
967 1211 984 1270 ⁷.
1032 1257 1044 1271 .
1084 1215 1280 1287 usque)
1321 1217 1375 1270 in
1424 1216 1605 1272 medio
1633 1215 1834 1286 Aprilis
1877 1215 2105 1284 mensis,

519 1309 677 1379 cujus
701 1309 950 1364 soliditas
973 1309 1190 1382 duravit
1220 1325 1396 1379 usque
1422 1307 1544 1364 Kal.
1575 1309 1778 1380 Aprilis
1800 1308 1888 1364 “7.

599 1400 758 1456 1079.
797 1400 914 1456 lloc
950 1416 1096 1457 anno
1145 1401 1420 1472 inceptum
1447 1409 1534 1456 est
1573 1401 1884 1457 coenobium
1932 1403 2106 1458 sancti

521 1492 841 1560 Salvatoris,
890 1494 945 1548 in
997 1494 1175 1550 insula
1234 1510 1355 1565 quae
1403 1494 1605 1550 dicitur
1638 1494 2034 1565 Aquicinctus,
2075 1510 2105 1550 a

517 1587 654 1641 viris
713 1587 1020 1642 illustribus
1059 1587 1288 1643 Siehero
1337 1587 1588 1643 videlicet
1655 1595 1818 1658 atque
1861 1585 2108 1642 Waltero

519 1679 608 1732 “’8.
642 1676 747 1744 Qui
795 1679 1054 1734 Sicherus
1091 1680 1325 1736 habebat
1353 1695 1581 1736 uxorem
1620 1679 1843 1736 nomine
1889 1680 2108 1736 Mathilo

517 1771 664 1838 dem,
713 1772 950 1826 nobilem
1003 1773 1223 1843 quidem
1283 1773 1580 1841 natalibus,
1635 1774 1730 1829 sed
1779 1774 2102 1830 nobiliorem

518 1865 800 1929 moribus;
854 1879 978 1934 quae
1008 1864 1298 1935 conjugem
1346 1881 1508 1920 suum
1540 1865 1789 1920 crebrius
1829 1865 2108 1921 monendo

517 1955 585 2010 ad
612 1956 715 2010 hoc
742 1971 880 2025 opus
909 1955 1338 2026 aggrediendum
1367 1956 1651 2022 incitavit,
1688 1957 1812 2012 ideo
1843 1956 2105 2024 maxime,

515 2045 664 2118 quod
697 2056 946 2102 sanetum
974 2047 1247 2118 quendam
1277 2047 1616 2104 Gordanium
1653 2047 1788 2103 inibi
1828 2049 2106 2119 quondam

516 2137 893 2192 heremiticam
929 2137 1099 2192 vitam
1141 2138 1365 2195 duxisse
1394 2137 1688 2196 ferebatur.
1721 2138 1876 2195 Unde
1903 2139 2106 2196 factum

515 2237 620 2295 est,
642 2237 702 2283 ut
726 2228 921 2300 prefati
943 2230 1048 2284 viri
1072 2230 1202 2286 hinc
1223 2232 1416 2286 crebro
1438 2232 1808 2302 colloquentes
1837 2247 1896 2288 se
1916 2241 2110 2288 mutuo

518 2320 902 2388 hortarentur;
939 2331 993 2377 et
1023 2323 1406 2391 deliberantes,
1440 2325 1722 2379 Ansellum
1774 2323 1840 2379 de
1882 2322 2108 2378 Ribodi-

515 2420 702 2468 monte
731 2413 1132 2469 nobilissimum
1158 2415 1334 2470 virum
1362 2416 1584 2484 adeunt,
1607 2426 1660 2472 et
1688 2418 1758 2472 ab
1785 2433 1852 2473 eo
1872 2417 2109 2473 insulam
2138 2465 2148 2475 .

515 2505 689 2571 illam,
719 2506 847 2576 quia
883 2507 970 2562 sui
1024 2516 1141 2562 erat
1169 2507 1334 2578 juris,
1371 2509 1696 2578 deposcunt.
1747 2510 1818 2563 At
1855 2509 2110 2566 Ansellus

517 2599 703 2653 audita
737 2600 1010 2669 peticione
1065 2616 1258 2655 eorum
1299 2602 1520 2672 gavisus
1555 2609 1638 2657 est
1674 2603 1851 2669 valde,
1880 2613 1934 2658 et
1991 2603 2110 2659 sine

515 2689 774 2744 dilatione
803 2691 974 2762 gratis
1005 2692 1152 2762 quod
1189 2693 1475 2763 petebatur
1511 2695 1802 2751 concessit.
1830 2694 2018 2766 Itaque
2042 2710 2108 2752 ex

517 2781 772 2835 condicto
803 2783 1012 2851 pariter
1043 2793 1420 2853 properantes,
1457 2784 1758 2841 Gerardum
1800 2786 2112 2842 Cameraca:

517 2872 673 2926 urbis
731 2875 1005 2942 presulem
1051 2875 1466 2946 aggrediuntur,
1503 2877 1572 2932 ad
1640 2877 1799 2948 cujus
1849 2878 2111 2935 diocesim

518 2973 649 3020 tunc
678 2965 834 3021 locus
869 2967 956 3022 ille
981 2968 1315 3037 pertinebat;
1343 2969 1474 3038 quid
1513 2969 1700 3024 animo
1730 2978 1942 3040 gerant,
1977 2986 2112 3040 pan-

517 3059 687 3124 dunt;
718 3067 770 3113 et
795 3059 924 3129 quia
959 3059 1079 3129 ejus
1102 3060 1450 3130 parrochiani
1479 3071 1656 3130 erant,
1683 3072 1743 3116 ut
1766 3071 1893 3118 voto
1921 3047 2136 3119 eorum.

2209 568 2333 624 dam
2360 569 2834 626 animadversione
2866 571 3213 641 prohibebat,
3239 571 3427 628 dicens
3452 587 3511 628 se
3539 574 3623 629 eis’
3649 574 3801 631 hunc

2208 673 2418 713 morem
2446 659 2748 731 indulgere,
2779 659 3105 732 futurosque
3134 669 3262 732 post
3294 676 3353 717 se
3374 663 3656 718 asserebat
3687 664 3798 719 bu—

2202 749 2359 821 jusee
2381 761 2663 808 exactores
2689 753 3008 810 reverentie.
3043 751 3152 810 Nec
3175 753 3280 811 ista
3296 762 3480 810 tamen
3502 754 3801 815 referentes

2206 844 2263 900 in
2309 859 2406 900 eos
2451 843 2782 912 invehimur,
2812 845 2906 916 qui
2936 846 3055 901 haec
3079 860 3234 902 more
3267 845 3664 903 :ecclesiastico
3690 847 3797 903 sibi

2207 946 2570 1008 congruenter
2591 939 2782 993 sinunt
2823 938 2962 993 ﬁeri.
3002 937 3255 995 Prefatus
3285 939 3529 1010 pontifex
3563 955 3800 996 cernens

2206 1028 2424 1085 eosdem
2451 1027 2652 1086 fratres
2671 1031 2815 1086 haud
2845 1031 3082 1103 segniter
3110 1031 3316 1088 instare
3361 1033 3528 1089 rebus
3551 1031 3799 1105 (emptis,

2181 1121 2435 1176 eandem
2477 1122 2782 1178 mcclesiam
2829 1123 3164 1178 omnimodis
3210 1131 3478 1194 quantum
3521 1122 3802 1194 prevaluit

2206 1217 2499 1285 libertavit,
2533 1226 2730 1287 praeter
2755 1217 2900 1289 quod
2940 1217 3196 1274 baculum
3227 1217 3510 1289 regiminis
3543 1219 3598 1273 in
3624 1233 3800 1273 manu

2209 1323 2308 1364 sua
2338 1307 2581 1375 retinuit,
2610 1316 2671 1363 ut
2697 1308 2749 1363 ei
2778 1308 2951 1377 daret,
2979 1325 3141 1380 quem
3174 1309 3277 1365 sibi
3308 1309 3659 1381 congregatio
3697 1325 3800 1366 ca-

2207 1401 2404 1456 nonice
2455 1401 2698 1473 eligeret.
2729 1399 2984 1457 Preterea
3014 1400 3244 1458 contulit
3277 1400 3359 1457 eis
3389 1402 3623 1472 quedam
3656 1403 3802 1458 alta—

2206 1494 2289 1550 ria
2313 1495 2458 1562 ;-sed
2485 1502 2540 1550 et
2570 1495 2856 1550 innumera
2891 1494 3153 1565 impendit
3174 1491 3459 1550 beneﬁcia.
3493 1493 3627 1550 Erat
3646 1493 3806 1550 enim

2193 1588 2264 1642 ‘in
2318 1585 2565 1642 aecclesia
2612 1595 2815 1642 sanetae
2865 1585 3051 1642 Maria:
3078 1585 3488 1654 Cameracensi,
3532 1586 3622 1640 cui
3655 1586 3806 1642 idem

2207 1678 2483 1735 Gerardus
2505 1687 2720 1750 preerat
2741 1678 3059 1750 episcopus,
3080 1677 3418 1734 venerabilis
3436 1677 3683 1733 decanus
3707 1693 3810 1732 no-

2207 1772 2357 1827 mine
2382 1769 2559 1843 llugo,
2592 1771 2688 1842 qui
2720 1778 2830 1825 tam
2859 1770 3094 1826 eundem
3123 1769 3442 1841 episcopum
3465 1784 3633 1840 quam
3661 1769 3810 1825 alios

2137 1844 2181 1906 Β
2208 1863 2394 1920 ﬁdeles
2416 1863 2566 1920 viros
2595 1861 3023 1920 Cameracenses
3042 1862 3328 1934 utriusque
3355 1861 3566 1918 ordinis
3587 1862 3810 1916 anima—

2208 1955 2322 2024 bat,
2354 1965 2414 2011 ut
2450 1955 2702 2011 liberales
2729 1956 3027 2012 existerent
3070 1954 3376 2027 prescripto
3402 1954 3656 2010 cenobio.
3683 1952 3813 2025 Ipse

2209 2062 2430 2117 quoque
2460 2060 2678 2102 omnem
2703 2061 2842 2117 pene
2875 2045 3243 2102 substantiam
3281 2060 3437 2101 suam
3471 2044 3565 2101 illo
3593 2059 3809 2100 conve-

2210 2137 2402 2206 hebat;
2423 2139 2565 2194 unde
2593 2140 2987 2195 monasterium
3013 2147 3068 2195 et
3091 2139 3402 2196 habitacula
3419 2138 3656 2195 fratrum
3677 2153 3813 2195 cum

2211 2229 2558 2285 xenodochio
2577 2229 2832 2299 primitus
2854 2229 3162 2285 aedificavit.

2284 2320 2442 2375 1080.
2467 2321 2706 2392 Contigit
2732 2321 2897 2376 etiam
2919 2322 3024 2379 hoc
3049 2329 3295 2392 tempore
3315 2320 3430 2378 Deo
3447 2320 3815 2392 permittente

2212 2413 2552 2468 concremari
2599 2413 2967 2485 Aquicinense
3024 2414 3340 2470 coenobium
3398 2429 3497 2484 per
3529 2413 3812 2472 incuriam

2211 2504 2443 2561 fratrum
2495 2506 2588 2574 δυ’,
2617 2506 2747 2578 quia
2786 2506 3010 2577 quidam
3053 2521 3084 2562 e
3113 2505 3377 2562 fratribus
3398 2520 3628 2576 vespere
3663 2506 3814 2561 lecto

2213 2612 2317 2655 suo
2344 2597 2560 2653 incaute
2589 2596 2986 2653 circumferens
3020 2597 3228 2664 lumen,
3280 2606 3502 2668 repente
3553 2597 3817 2653 accendit

2213 2700 2475 2758 stramen,
2512 2705 2750 2759 moxque
2803 2690 2984 2760 paries
3029 2689 3318 2759 proximus
3349 2690 3546 2744 stratui
3585 2689 3814 2745 flamma

2212 2785 2484 2840 lambente
2515 2784 2783 2850 aduritur,
2816 2793 2872 2838 et
2904 2799 2971 2838 ex
3018 2799 3084 2839 eo
3112 2791 3309 2838 caetera
3342 2782 3436 2852 (cf.
3471 2783 3613 2838 Ann.
3643 2783 3778 2855 Aq.)

2286 2876 2443 2930 1084.
2475 2874 2674 2932 Comes
2703 2874 3006 2931 Montensis
3028 2874 3334 2931 Balduinus
3367 2889 3598 2930 uxorem
3647 2876 3817 2931 duxit

2213 2965 2362 3022 Idam
2386 2965 2478 3020 δίο.

2289 3057 2447 3113 1086.
2482 3057 2746 3113 Richildis
2773 3056 3058 3113 eomitissa
3099 3056 3236 3112 obit.
3262 3056 3330 3088 ⁸⁵⁸
3358 3055 3495 3128 Ub.)
3522 3054 3638 3112 Hoc
3659 3070 3816 3110 anno

517 3151 782 3204 assentiat
801 3191 815 3217 ,
860 3159 1185 3221 exposcunt.
1238 3150 1449 3218 Quibus
1499 3153 1702 3210 auditis
1764 3157 2110 3213 venerandus
2138 3189 2180 3247 Ο
2214 3158 2531 3206 consecrata
2554 3157 2639 3204 est
2665 3149 2910 3205 aecelesia
2938 3150 3104 3220 hujus
3127 3149 3521 3220 Aquicinensis
3542 3148 3816 3214 emnobii,

515 3241 763 3312 pontifex
813 3244 1174 3300 libentissime
1216 3245 1428 3312 annuit,
1462 3255 1792 3316 receptoque
1825 3245 1996 3304 fundo
2045 3249 2114 3305 de
2148 3241 2180 3247 ⁷
2215 3241 2270 3296 in
2302 3242 2508 3296 honore
2535 3241 2745 3296 domini
2793 3243 2969 3296 nostri
3019 3241 3150 3297 Jesu
3196 3241 3403 3298 Christi
3447 3241 3817 3312 ejusdemque

514 3347 684 3387 manu
729 3332 958 3400 Anselli,
989 3335 1135 3405 quod
1190 3335 1258 3390 ab
1304 3350 1371 3390 eo
1417 3337 1474 3390 in
1519 3337 1842 3392 beneficium
1873 3340 2110 3408 tenebat,

521 3439 649 3477 cum
723 3425 1088 3479 harundineto
1157 3426 1439 3496 adjacente
1511 3425 1591 3481 eis
1669 3427 1909 3482 tradidit.
1992 3428 2112 3496 Quo

517 3523 776 3584 accepto,
855 3515 1168 3569 emnobium
1242 3515 1353 3569 illic
1415 3524 1735 3571 construere
1793 3531 2110 3587 coeperunt,

522 3610 580 3656 et
611 3601 678 3657 de
707 3603 823 3658 suis
862 3604 1078 3660 allodiis
1115 3613 1490 3674 competenter
1512 3616 1675 3675 prout
1704 3616 1957 3676 poterant
1979 3609 2115 3667 dita-

514 3703 734 3750 verunt.
797 3696 1175 3768 Adgregantur
1223 3698 1299 3752 ibi
1350 3697 1461 3752 Deo
1503 3698 1684 3753 devoti
1718 3699 1843 3767 viri,
1884 3717 1942 3756 se
1983 3718 2111 3760 cum

516 3785 854 3845 facultatulis
894 3790 1008 3845 suis
1035 3788 1262 3846 Christo
1287 3790 1648 3857 devoventes,
1678 3791 1798 3861 ejus
1843 3810 1970 3867 grex
2005 3813 2110 3867 pu-

517 3879 678 3936 sillus
728 3896 850 3935 esse
901 3880 1210 3951 gestientes.
1253 3879 1499 3946 Quorum
1534 3897 1724 3939 curam
1775 3897 2110 3944 memoratus

519 3971 706 4041 presul
737 3987 954 4041 gerens,
984 3971 1123 4026 duos
1151 3987 1220 4026 ex
1250 3972 1536 4027 monachis
1572 3971 1970 4034 Hasnoniensis
1997 3994 2114 4035 cae-

518 4064 669 4118 nobii
703 4064 945 4118 honesta:
969 4064 1093 4118 vita:
1115 4063 1183 4118 ad
1236 4063 1603 4124 instituendos
1633 4084 1728 4124 eos
1755 4069 1835 4124 eis
1862 4071 2043 4138 misit;
2079 4086 2111 4127 e

521 4157 721 4227 quibus
751 4157 847 4212 uni
870 4156 1073 4214 Alardo
1097 4157 1321 4215 nomine
1371 4175 1558 4216 curam
1590 4178 1780 4218 eorum
1811 4165 2107 4230 commisit,

530 4250 780 4307 abbatem
815 4252 1108 4307 ordinavit.
1135 4251 1210 4308 De
1239 4269 1349 4324 quo
1377 4255 1506 4324 quia
1542 4271 1599 4311 se
1614 4257 1833 4312 occasio
1863 4257 2108 4326 prebuit,

519 4344 652 4399 libet
700 4345 891 4415 paucis
948 4345 1192 4415 aperire,
1244 4347 1402 4416 cujus
1453 4347 1817 4418 simplicitatis
1844 4347 2111 4420 cujusque

517 4432 782 4490 bonitatis
817 4433 1002 4490 fuerit.
1033 4434 1083 4491 ls
1109 4436 1333 4505 etenim,
1367 4438 1414 4493 si
1451 4455 1541 4495 res
1574 4439 1835 4509 exigeret,
1885 4449 1944 4494 ut
1969 4455 2109 4507 quo-

2214 3333 2494 3404 genitricis
2541 3341 2744 3388 saneta:
2782 3332 2986 3399 Mariae,
3026 3349 3060 3388 a
3083 3334 3290 3389 domno
3321 3333 3566 3389 Gerardo
3602 3334 3814 3387 Came-

2212 3425 2429 3480 racensi
2480 3424 2766 3494 episcopo,
2795 3425 3186 3496 decretumque
3227 3426 3298 3481 ab
3326 3425 3520 3480 eodem
3549 3424 3816 3496 praesule,

2211 3526 2274 3572 ut
2315 3516 2584 3573 festivitas
2637 3517 2855 3572 illorum
2897 3526 3239 3585 sanctorum,
3289 3531 3527 3588 quorum
3577 3517 3816 3588 pignera

2212 3607 2323 3662 huc
2379 3607 2540 3661 allata
2609 3604 2856 3674 fuerant,
2923 3607 3075 3662 omni
3119 3621 3267 3662 anno
3327 3614 3523 3678 agatur
3587 3606 3647 3662 in
3707 3607 3820 3662 hoc

2213 3697 2334 3752 loco
2369 3695 2459 3750 δ”.

2288 3786 2446 3842 1087.
2479 3783 2625 3842 Obiit
2678 3785 2934 3854 Alardus,
2977 3787 3190 3858 primus
3217 3788 3387 3843 abbas
3427 3787 3597 3859 hujus
3634 3788 3819 3860 Aqui-

2213 3876 2454 3932 einensis
2500 3877 2792 3945 meelesiaa;
2849 3876 2983 3949 (1b.)
3020 3877 3109 3934 cui
3146 3879 3414 3935 successit
3457 3879 3714 3936 Alelmus
3747 3896 3816 3936 ex

2212 3967 2548 4024 Normannia
2577 3970 2643 4024 de
2678 3970 2933 4025 emnobio
2962 3971 3123 4026 Becci
3153 3971 3244 4026 "’.

2282 4061 2439 4116 1088.
2472 4060 2620 4116 Obiit
2646 4062 2891 4117 Alelmus
2914 4063 3190 4118 secundus
3213 4063 3383 4119 abbas
3416 4062 3820 4134 Aquicinensis

2212 4154 2470 4210 coenobii.
2502 4153 2635 4226 (1b.)
2668 4154 2773 4221 Qui
2808 4163 3026 4226 quanta:
3072 4155 3333 4211 bonitatis
3364 4155 3547 4223 fuerit,
3594 4156 3816 4227 experti

2213 4255 2344 4302 sunt
2377 4244 2767 4313 febricitantes,
2795 4247 2927 4302 dum
2954 4247 3022 4302 ad
3068 4247 3340 4303 tumulum
3370 4247 3492 4319 ejus
3527 4249 3817 4304 dormien-

2215 4342 2314 4406 tes,
2355 4337 2562 4394 febrem
2614 4355 2738 4394 cum
2783 4355 2980 4394 somno
3016 4340 3216 4410 saepius
3260 4340 3666 4410 deposuerunt.
3711 4339 3817 4395 Cui

2213 4429 2480 4486 successit
2502 4427 2846 4484 Haimericus
2863 4428 3243 4485 Atrebatensis
3257 4431 3587 4498 monachus,
3608 4429 3815 4486 litteris

523 4541 689 4594 quam
718 4527 971 4598 progredi
994 4528 1293 4598 debuisset,
1325 4546 1435 4585 non
1467 4531 1747 4584 meliorem
1775 4547 1976 4601 equum
2007 4533 2110 4588 sibi

2221 4522 2458 4578 eruditus
2485 4522 2575 4575 ⁸⁸⁵.

521 4617 776 4687 eligebat,
807 4619 902 4673 sed
948 4627 1002 4674 et
1042 4637 1186 4691 saepe
1229 4622 1472 4689 animal,
1509 4637 1619 4691 quo
1665 4623 1981 4692 vehebatur,
2014 4641 2110 4680 ca-

521 4707 694 4778 pistro
723 4724 824 4779 pro
855 4707 1008 4766 freno
1034 4713 1273 4782 regebat.
1307 4712 1693 4768 Residentibus
1734 4716 2022 4792 monachis
2053 4717 2107 4770 in

521 4801 786 4870 claustro,
824 4803 878 4857 in
901 4803 1084 4859 medio
1109 4821 1301 4859 eorum
1328 4806 1577 4871 sedebat,
1605 4813 1660 4860 et
1687 4807 1854 4862 veluti
1881 4809 2112 4880 quilibet

522 4908 589 4948 ex
616 4893 698 4950 eis
717 4909 844 4950 eum
876 4896 1171 4951 sobrietate
1206 4913 1266 4951 se
1293 4897 1505 4966 agebat,
1531 4896 1874 4953 familiariter
1901 4900 1983 4955 eis
2004 4902 2112 4956 eol-

522 4986 774 5056 loquens,
803 4999 858 5044 et
884 4989 1168 5043 dominum
1192 5003 1382 5043 eorum
1426 5005 1484 5044 se
1514 5005 1636 5044 esse
1661 4991 2008 5048 obliviscens.
2052 4995 2110 5050 Si

523 5078 649 5149 quis
677 5079 728 5133 ei
748 5081 1150 5137 venerationem
1184 5081 1496 5152 impendere
1525 5082 1785 5140 voluisset
1812 5087 2112 5144 osculando

2281 4634 2438 4690 1090.
2471 4633 2547 4690 Ea
2578 4643 2900 4706 tempestate
2969 4636 3120 4692 venit
3158 4635 3546 4707 Aquicinetum
3579 4634 3816 4706 quidam

2213 4725 2518 4779 monachus
2552 4724 2772 4778 nomine
2795 4724 3117 4793 Gelduinus,
3144 4727 3242 4796 qui
3281 4741 3346 4780 ex
3371 4724 3648 4779 monacho
3675 4723 3817 4779 Lau—

2213 4815 2444 4868 dunensi
2485 4815 2654 4870 abbas
2701 4815 2888 4870 Sancti
2931 4815 3212 4873 Michaelis
3251 4818 3320 4872 de
3366 4815 3685 4882 Terrascia,
3729 4832 3820 4870 re-

2211 4905 2339 4959 licta
2400 4905 2618 4959 abbatia
2664 4904 2735 4959 ob
2785 4919 3030 4962 amorem
3067 4905 3164 4962 Dei
3191 4949 3206 4974 ,
3274 4908 3524 4962 reclusus
3565 4905 3810 4960 eﬂieitur

2217 4996 2530 5068 Aquicineti
2559 4996 2649 5050 “'.

2290 5087 2447 5143 1092.
2475 5086 2750 5145 Gerardus
2777 5090 3067 5160 episcopus
3082 5087 3499 5145 Cameracensis
3518 5086 3635 5142 obit
3662 5084 3818 5158 (ἰὰ),

1798 5195 2033 5253 νΑῐὶΙᾹΞ
2067 5197 2358 5254 LECTION
2369 5198 2471 5253 ES.

594 5261 667 5294 ⁸⁰³
697 5263 902 5340 addunt
1089 5266 1145 5340 2.
1200 5265 1302 5319 4“.
1351 5265 1429 5336 (in
1478 5283 1668 5320 rasura
1724 5284 1906 5340 manu,
1951 5270 2114 5340 paulo
2146 5269 2278 5336 alia,
2303 5269 2420 5323 'sed
2451 5269 2608 5339 plane
2631 5271 2826 5340 cowva)
2868 5270 2965 5326 C1.
3007 5272 3087 5327 2'.
3118 5275 3170 5328 5.
3203 5271 3269 5327 D.
3300 5271 3364 5327 E.
3404 5270 3602 5325 Hii-scit
3621 5287 3684 5340 p.
3721 5269 3813 5324 42.

524 5342 660 5413 recte
683 5334 931 5399 ostendit,
958 5333 1217 5413 Karolum
1247 5351 1306 5390 eo
1337 5333 1476 5413 anno
1508 5354 1837 5413 nequaquam
1860 5333 2040 5395 Romae
2070 5342 2234 5413 fuisse
2249 5333 2274 5405 ;’
2291 5340 2380 5413 sed
2421 5333 2585 5405 errat,
2619 5357 2780 5413 quu_m
2809 5333 2965 5396 illum
2990 5343 3166 5398 locum
3189 5361 3222 5397 a
3260 5341 3533 5413 Sigeberto
3557 5333 3814 5413 in'cltro-

526 5405 680 5474 nicon
709 5413 989 5474 receptant,
1017 5405 1090 5474 ab,
1130 5406 1422 5474 insequenti
1451 5405 1631 5460 autent

1676 5410 1906 5485 qup‘dant
1935 5411 2192 5485 maliaclto
2219 5411 2447 5485 deletum
2482 5410 2656 5485 putat:
2709 5410 3014 5485 Sigebertus
3067 5410 3537 5485 mnquqntjllugn
3593 5411 3812 5485 Itaput't:

527 5472 862 5544 Ceteruntcf.
893 5472 1036 5528 Man.
1066 5473 1191 5544 Leg.
1225 5472 1288 5543 II,
1322 5477 1376 5531 2.
1410 5477 1531 5532 160.
1555 5487 1664 5532 not.
1687 5472 1698 5478 ’
1744 5478 1812 5510 W’
1837 5481 2042 5535 addunt
2089 5481 2187 5536 Cl.
2215 5482 2292 5537 2'.
2323 5483 2375 5536 5.
2406 5472 2493 5535 4‘:
2518 5481 2580 5534 Ι).
2611 5481 2671 5535 Ε.
2749 5472 2820 5514 ⁸⁵⁵
2851 5483 3055 5537 addunt
3103 5472 3199 5538 Bt:
3237 5484 3292 5538 2.
3341 5482 3440 5537 C1.
3475 5481 3555 5535 2'.
3603 5472 3676 5535 5..
3744 5478 3818 5510 “‘

526 5545 730 5597 addunt
764 5543 859 5597 Bl.
888 5544 942 5597 2.
974 5545 1072 5599 4“.
1103 5543 1155 5600 5.
1187 5545 1284 5601 C1.
1317 5548 1374 5602 2‘
1408 5549 1462 5604 5.
1489 5548 1552 5602 Ι).
1583 5547 1646 5602 Ε.
1724 5549 1794 5581 ⁸⁰⁷
1825 5551 2028 5606 addunt
2049 5551 2149 5607 Cl.
2173 5553 2251 5606 2'.
2283 5555 2334 5607 5.
2367 5552 2444 5607 Δι’.

2520 5551 2591 5583 ’⁵⁸⁸
2616 5551 2820 5606 addunt
2845 5553 2942 5608 ΒΞ.
2975 5553 3074 5608 Cl.
3099 5555 3176 5608 2'.
3203 5553 3266 5608 D.
3293 5552 3354 5606 E.
3387 5552 3594 5605 Eadem
3612 5549 3816 5604 habent

524 5611 622 5693 BI.
655 5615 730 5667 4‘.
765 5614 863 5668 4".
896 5615 948 5668 5.
973 5613 1107 5693 05η¹
1124 5617 1213 5669 sed
1261 5619 1314 5670 hi
1343 5620 1548 5693 adfigunt
1574 5621 1737 5693 etiam
1767 5625 2064 5693 sequentia,
2102 5640 2219 5693 qum
2245 5623 2596 5693 ililisidcsunt.
2674 5623 2746 5693 δέ’
2776 5625 2980 5678 addunt
3014 5625 3110 5679 B2.
3168 5625 3221 5679 5.
3252 5623 3462 5693 C1.72‘.
3495 5619 3818 5693 Sequenti};

526 5685 653 5752 quia
682 5713 750 5722 ——
793 5693 985 5740 caztera
1019 5686 1170 5740 habet
1222 5705 1355 5741 unus
1399 5689 1494 5745 BS.
1571 5691 1642 5722 “°
1669 5691 1794 5744 add.

1874 5692 1918 5744 l.
1954 5693 2006 5745 5.
2039 5689 2138 5746 Cl'.
2166 5693 2242 5746 2‘.
2274 5692 2335 5746 D.
2373 5692 2434 5747 E.
2511 5693 2577 5724 ⁵¹¹
2613 5692 2741 5746 add.
2781 5693 2877 5748 BI.
2914 5695 2968 5748 2.
3005 5697 3082 5750 ι’.
3134 5695 3233 5749 4“.
3263 5695 3315 5750 5.
3347 5692 3445 5747 CI.
3481 5692 3558 5745 2'.
3595 5689 3657 5745 ’5.
3743 5689 3817 5719 ⁸¹¹

914 5754 1011 5834 (ξι.
1050 5757 1132 5834 2:.
1162 5759 1252 5834 cui
1271 5759 1575 5834 ___ltujus,_et
1613 5761 1666 5834 in
1700 5762 1907 5834 honore
1928 5761 2235 5834 —_—7Mari§e,
2255 5771 2315 5834 _et
2347 5764 2740 5834 decretumque
2761 5797 2831 5806 -—
2858 5766 2980 5822 loco
3009 5765 3219 5822 desunt.
3298 5765 3368 5799 ⁸³³
3399 5763 3528 5818 add.
3565 5761 3668 5818 B5.
3707 5757 3812 5815 C1.

527 5823 604 5877 2-.
681 5825 1162 5882 ιιιατιά.ιιδ.ρι.
1240 5827 1310 5860 ιιδ
1343 5823 1828 5904 auertat".
1863 5831 1916 5886 5.
1946 5831 2129 5887 0-1.2-
2161 5823 2320 5886 5:1).
