3914 6314
173 302 274 360 275

1086 291 1457 350 CHRONICA.
1501 325 1570 333 —
1607 292 2017 350 AUCTAlllUM
2055 293 2538 363 AQUICINENSE.

3318 302 3423 359 επ
3461 261 3470 265 Α

175 415 286 492 [qui
326 422 587 469 nostrum
625 408 935 465 coenobium
971 407 1128 464 valde
1160 410 1349 464 dilexit
1375 418 1429 464 et
1455 409 1750 466 sublimare
1780 415 1824 472 Α
1855 409 2026 478 patrie
2049 410 2184 480 legis
2212 410 2382 476 ducti,
2415 424 2474 464 se
2499 409 2709 468 multuo
2742 411 3043 479 trucidant;
3075 413 3168 468 alii
3200 415 3266 469 ad
3293 425 3430 469 tem~

165 506 394 564 studuit.
430 503 590 559 Unde
638 509 904 558 statutum
933 511 1037 569 est,
1068 509 1130 557 ut
1157 501 1225 556 ad
1260 501 1486 558 missam
1521 501 1748 556 matuti-

176 598 343 654 nalem
382 595 618 661 cotidie,
648 593 698 649 si
727 592 1110 649 defunctorum
1140 601 1256 662 est,
1288 594 1516 649 collecta
1549 609 1648 663 pro
1683 607 1750 649 eo

173 700 221 747 et
241 691 357 760 ejus
385 686 730 757 coepiscopis
760 685 1000 741 secundo
1039 685 1162 740 loco
1193 685 1410 740 dicatur
1434 683 1551 756 “°.]
1581 683 1750 739 Cual-

171 782 362 838 cberus
409 780 462 834 ei
496 777 743 834 succedit
769 777 860 831 “7.
907 775 966 831 In
1010 777 1274 834 suburbio
1306 775 1639 833 Tornacensi
1681 775 1752 832 ad

173 871 646 942 septentrionalem
691 869 904 940 plagam
949 867 1102 924 urbis
1146 868 1543 923 monasterium
1577 867 1752 923 sancti

175 964 380 1020 Martini
425 971 753 1019 construere
796 960 988 1031 incipit
1038 959 1154 1016 Odo
1204 959 1648 1027 Aurelianensis,
1719 959 1752 1014 6

176 1056 302 1112 Non.
369 1054 547 1123 Maii,
596 1055 686 1111 die
725 1027 1022 1111 dominico.
1080 1052 1159 1108 Ex
1223 1053 1477 1109 condicto
1517 1027 1788 1122 namque.

179 1148 406 1220 predicta
430 1147 524 1204 die
564 1162 630 1204 eo
654 1146 972 1213 adveniens,
1000 1145 1294 1201 comitante
1335 1145 1439 1200 sibi
1468 1141 1754 1214 sollcmpni

178 1239 520 1311 processione
566 1237 770 1295 domno
822 1235 1086 1292 Radbodo
1150 1235 1396 1306 ejusdem
1442 1235 1595 1291 urbis
1640 1233 1756 1304 epi-

180 1345 352 1400 scopo,
381 1337 438 1385 et
471 1330 692 1387 clericis
722 1329 828 1386 sibi
874 1329 1136 1400 subjectis
1163 1329 1425 1384 aecclesiae
1448 1329 1617 1384 beatae
1659 1326 1754 1382 Dei

181 1421 447 1496 genitricis
487 1421 676 1479 Maria:
724 1437 853 1479 cum
883 1422 1072 1493 pepuli
1112 1421 1352 1476 maxima
1386 1417 1753 1489 multitudine,

182 1515 346 1570 locum
375 1514 447 1570 ab
481 1514 677 1570 eodem
709 1513 952 1585 suscepit
981 1513 1258 1584 episcopo,
1291 1529 1402 1568 una
1420 1529 1567 1571 .cum
1613 1528 1756 1583 qua-

184 1615 292 1661 tuor
322 1603 590 1662 fratribus
633 1619 820 1661 secum
849 1604 1053 1661 ibidem
1098 1603 1211 1660 Deo
1237 1602 1552 1658 militaturis
1569 1602 1753 1673 regula

184 1697 432 1752 canonica
470 1697 578 1753 sub
613 1697 802 1753 habitu
858 1696 1116 1753 clericali.
1146 1695 1252 1762 Qui
1291 1695 1409 1752 Odo
1446 1694 1756 1750 Aurelianis

185 1789 456 1857 oriundus,
488 1788 728 1846 Tornaci
765 1797 896 1847 tunc
927 1789 1190 1860 temporis
1235 1789 1576 1855 scolasticus,
1601 1787 1752 1841 nullo

184 1885 575 1956 Cisalpinorum
611 1884 836 1941 inferior
859 1884 1002 1939 fama
1039 1883 1416 1941 celebrabatur
1457 1882 1755 1937 dialecticae

187 1977 306 2034 artis
341 1986 782 2048 casterarumque
806 1977 1116 2033 liberalium
1165 1975 1414 2032 scientia.
1451 1974 1571 2042 Qua
1599 1990 1667 2029 ex
1697 1990 1756 2031 re

188 2070 540 2140 undequaque
572 2071 642 2126 ad
671 2086 798 2126 eum
841 2069 1056 2126 clericis
1090 2067 1511 2134 conﬂuentibus,
1543 2082 1688 2122 unus
1725 2081 1756 2122 e

189 2163 450 2234 peregrina
478 2163 873 2233 superveniens
900 2161 1123 2234 regione
1149 2161 1375 2216 anulum
1419 2173 1647 2214 aureum
1680 2158 1756 2212 illi

189 2252 386 2321 optulit,
420 2253 476 2307 in
498 2256 634 2324 'quo
679 2253 1024 2308 monosticon
1080 2253 1184 2308 hoc
1231 2250 1551 2321 inscriptum
1606 2249 1753 2304 fuit:

190 2342 372 2397 Anulus
403 2342 646 2398 Odonem
688 2344 835 2399 decet
870 2359 1062 2397 aureus
1097 2341 1478 2396 Aureliensem.
1518 2339 1646 2396 Haec
1672 2355 1759 2395 re-

188 2435 410 2503 tulimus,
451 2444 513 2494 ut
541 2451 613 2491 ex
640 2435 725 2491 his
748 2434 1094 2506 conjiciatur,
1119 2443 1384 2504 quantum
1416 2433 1559 2503 apud
1591 2446 1758 2486 unam

189 2525 429 2596 regalium
483 2526 862 2582 ecclesiarum
909 2527 1174 2582 honorem
1215 2525 1415 2580 habere
1467 2535 1672 2594 posset,
1711 2523 1758 2578 si

191 2617 271 2670 illo
304 2617 666 2686 tetendisset;
725 2617 856 2673 dum
887 2618 1081 2672 maluit
1132 2616 1355 2673 Christo
1393 2617 1655 2673 adhcrere
1701 2615 1758 2670 in

193 2705 296 2762 loco
324 2709 606 2780 pauperiei
643 2716 698 2766 et
731 2708 1041 2780 indigentia;
1072 2707 1162 2763 δίε.

254 2816 401 2872 1095.
455 2816 734 2874 Ecclesia
764 2818 941 2874 sancti
979 2817 1195 2889 Georgii
1230 2816 1601 2874 Hesdiniensis
1645 2826 1758 2872 tra-

193 2905 322 2962 ditur
369 2910 634 2966 tecclesiae
679 2910 1033 2980 Aquicinensi
1074 2911 1164 2964 “9.
1197 2908 1313 2965 Odo
1341 2909 1762 2965 Aurelianensis

199 3000 536 3058 invalescente
557 3002 842 3073 religionis
863 3001 1074 3057 fervore
1101 3001 1484 3056 monachicum
1514 3001 1759 3055 habitum

197 3109 290 3148 una
314 3109 431 3150 cum
447 3095 648 3151 ceteris
675 3094 939 3151 fratribus
964 3093 1194 3164 suscipit
1219 3109 1403 3150 secum
1434 3093 1488 3147 in
1519 3093 1625 3148 hoc
1647 3096 1762 3148 mo;-
1790 3108 1831 3165 ρ

200 3187 413 3242 nasterio
443 3187 624 3243 sancti
662 3186 879 3242 Martini
914 3185 1279 3241 Tornacensis
1332 3183 1664 3239 constitutis.
1695 3182 1761 3238 Et

199 3275 308 3346 quia
337 3285 482 3335 tanta
511 3277 663 3334 fama
687 3278 813 3345 viri,
843 3285 904 3334 ut
944 3277 1302 3348 prediximus,
1332 3276 1761 3346 circumquaque

200 3368 390 3440 diﬂusa,
418 3379 746 3442 tantumque
771 3371 954 3425 lumen
986 3370 1089 3425 sub
1125 3369 1308 3424 modio
1336 3368 1504 3424 latere
1533 3368 1626 3423 diu
1649 3382 1759 3422 non

201 3461 385 3529 potuit:
431 3462 530 3519 Dei
556 3462 922 3528 ordinatione,
953 3460 1050 3532 qui
1094 3476 1222 3516 eum
1273 3460 1440 3516 altius
1483 3459 1538 3514 in
1577 3467 1760 3529 poste-

203 3567 305 3607 rum
336 3555 632 3610 sublimare
652 3552 997 3625 disponebat,
1025 3559 1222 3608 cunct'a
1258 3552 1609 3623 congregatio
1643 3551 1758 3622 jam

203 3637 295 3697 Deo
319 3641 576 3713 largiente
603 3643 949 3699 numerosior
973 3642 1178 3711 adulta,
1207 3642 1457 3697 unanimi
1482 3642 1760 3699 voluntate

204 3733 400 3804 parique
424 3745 555 3792 voto
582 3735 836 3791 eundem.
864 3733 1108 3790 Odonem
1154 3734 1406 3789 abbatem
1441 3733 1544 3788 sibi
1575 3732 1757 3806 prefe-

204 3823 281 3890 cit,
307 3840 526 3883 assensu
553 3825 804 3882 Radbodi
831 3825 945 3896 jam
986 3824 1214 3896 predicti
1237 3824 1516 3895 'episcopi.
1557 3822 1659 3879 Cui
1700 3824 1757 3879 in

205 3922 386 3972 tantum
412 3918 599 3974 divina
627 3917 800 3990 gratia
824 3916 1000 3984 aﬂuit,
1025 3925 1086 3972 ut
1112 3932 1238 3972 cum
1266 3925 1391 3972 ante
1416 3916 1536 3987 ejus
1558 3916 1760 3971 adven-

206 4012 301 4059 tum
324 4005 458 4063 idem
482 4008 643 4064 locus
678 4022 774 4077 per
805 4004 910 4061 500
932 4004 1047 4062 fere
1067 4020 1242 4061 annos
1269 4004 1522 4061 desertus
1543 4003 1754 4073 fuisset,

207 4107 288 4149 nec
323 4096 614 4168 quicquam
644 4096 869 4152 omnino
898 4095 1335 4166 appenditiorum
1365 4095 1609 4162 haberet,
1634 4095 1757 4165 plus

203 4198 345 4252 quam
379 4187 442 4242 70
467 4188 772 4244 monachos
809 4186 952 4242 infra
983 4187 1049 4241 l2
1073 4202 1248 4243 annos
1284 4188 1339 4242 in
1365 4202 1431 4242 eo
1461 4202 1757 4258 congrega-

205 4276 335 4345 verit,
368 4280 698 4336 constructis
744 4279 1138 4336 sufﬁcientibus
1183 4279 1264 4335 eis
1304 4277 1556 4346 ofﬁcinis,
1605 4286 1754 4332 tanta

205 4380 433 4436 agrorum
465 4371 826 4442 amplitudine
845 4371 1116 4441 adquisita
1140 4379 1398 4441 tantaque
1425 4369 1752 4437 substantia,

1849 517 1952 571 pus
2008 517 2067 557 se
2117 503 2338 556 credere
2395 501 2743 569 simulantes,
2793 512 2917 573 post
2965 505 3032 560 ad
3083 504 3452 572 Judaismum

1850 594 2205 649 revolvuntur
2254 593 2343 647 δ”.
2402 593 2581 661 (inter
2635 596 2898 666 principes
2947 613 3100 650 cruce
3151 599 3432 670 signatos)

1850 685 2104 742 Ansellus
2163 686 2231 742 de
2277 684 2692 753 Ribodimonte,
2737 685 2995 742 fundator
3043 688 3454 759 AquicinensiS,

1851 779 2108 836 aacclesize
2127 780 2215 834 ⁸⁸³.
3153 823 3166 841 .

1920 869 2076 926 1099.
2128 871 2458 928 Christianis
2505 870 2715 928 Turcos
2761 870 2974 927 fortiter
3013 871 3432 940 debellantibus,

1853 976 2150 1032 eorumque
2193 962 2369 1018 urbes.
2388 970 2442 1018 et
2489 972 2671 1018 castra
2699 962 2804 1017 sibi
2849 963 3103 1018 bellando
3132 963 3430 1018 vendican-

1852 1053 2021 1120 tibus,
2044 1053 2425 1124 contigitapud
2448 1054 2719 1124 quoddam
2745 1055 3174 1110 munitissimum
3189 1064 3434 1110 castrum

1855 1144 2076 1200 nomine
2118 1143 2349 1214 Archas,
2403 1145 2484 1202 cis
2520 1144 2857 1201 Hierusalem
2896 1153 3021 1202 octo
3056 1146 3438 1201 mansionibus

1855 1237 2042 1306 situm,
2073 1238 2276 1292 multos
2310 1238 2489 1308 perire
2519 1253 2740 1306 eorum;
2772 1255 2898 1294 cum
2931 1240 3135 1310 quibus
3162 1248 3216 1296 et
3247 1240 3438 1295 Ansel-

1854 1329 1942 1386 lus
1973 1331 2040 1386 de
2092 1329 2473 1385 Ribodimonte
2504 1331 2680 1402 lapide
2722 1347 3016 1402 percussus
3047 1332 3102 1386 in
3138 1334 3315 1403 capite
3345 1348 3439 1387 oc-

1855 1420 2091 1486 cumbit,
2134 1420 2239 1476 hoc
2279 1421 2624 1477 solummodo
2652 1430 2778 1492 post
2813 1431 3094 1492 acceptum
3132 1423 3330 1478 vulnus
3356 1431 3439 1477 tcr

1855 1519 2106 1581 repetens
2135 1511 2361 1566 verbum
2391 1530 2403 1565 :
2452 1511 2594 1566 Deus
2623 1511 2818 1575 adiuva
2851 1529 2929 1565 me
2958 1512 3046 1567 δη.

1930 1602 2086 1658 1100.
2128 1603 2421 1660 Rotbcrtus
2451 1620 2635 1660 comes
2666 1604 3078 1662 Flandrensium
3111 1622 3140 1659 a
3177 1605 3439 1662 Hieroso-

1855 1695 2003 1752 limis
2066 1697 2399 1766 repatrians,
2453 1697 2646 1752 detulit
2695 1714 2879 1753 secum
2930 1698 3214 1753 brachium
3265 1697 3442 1755 sancti

1857 1787 2071 1860 Georgii
2113 1789 2375 1856 martiris,
2413 1790 2558 1859 quod
2585 1789 2844 1844 :ecclesia:
2870 1789 3225 1858 Aquicinensi
3261 1799 3442 1844 trans-

1855 1881 2005 1937 misit
2054 1881 2123 1912 ⁸⁵⁸⁵
2185 1880 2305 1952 [per
2358 1881 2725 1936 venerandum
2782 1879 3144 1934 Haimericum
3191 1880 3441 1933 abbatem

1855 1971 2030 2041 ipsius
2075 1971 2183 2027 loci
2217 1972 2427 2027 illatum
2473 1970 2781 2042 Aquicintti
2813 1972 2878 2025 l2
2916 1971 3033 2025 Kal.
3073 1970 3203 2026 Julii
3232 1969 3302 2002 δ”
3341 1968 3435 2041 (cf.

1855 2065 1994 2120 Ann.
2032 2063 2203 2138 Aq.)].

1929 2177 2085 2232 “02.
2129 2177 2289 2248 (Ann.
2329 2176 2455 2248 Aq.)
2497 2175 2642 2232 Obiit
2671 2175 3010 2232 llaimericus
3039 2174 3242 2232 tercius
3277 2174 3446 2230 abbas

1858 2269 2260 2341 Aquicincnsis,
2293 2269 2382 2323 cui
2409 2267 2673 2323 successit
2708 2266 3008 2323 Gelduinus
3033 2267 3124 2322 “7.

1932 2381 2089 2436 1105.
2153 2380 2404 2437 Manasse
2463 2380 2847 2437 Cameracensi
2909 2381 3166 2451 episcopo
3222 2388 3445 2450 accepto

1859 2474 2184 2530 monachico
2217 2474 2426 2540 habitu,
2462 2472 2600 2540 Odo,
2639 2475 2850 2543 primus
2887 2475 3056 2529 abbas
3095 2490 3159 2530 ex
3191 2474 3444 2530 caanobio

1859 2565 2034 2621 sancti
2068 2565 2286 2620 Martini
2318 2565 2683 2622 Tornacensis
2726 2567 3002 2634 aecclesize,
3037 2566 3092 2621 in
3129 2566 3448 2637 episcopatu

1859 2659 1909 2714 ei
1947 2658 2181 2714 succedit
2221 2658 2311 2713 Μ.
3425 2660 3427 2662 ’

1858 2773 1860 2776 ’
1933 2771 2089 2827 1109.
2131 2770 2276 2828 Obiit
2312 2771 2477 2827 etiam
2505 2770 2797 2828 Anselmus
2829 2770 3271 2842 archiepiscopus
3296 2770 3448 2826 Can-

1864 2864 2084 2931 tuarize;
2119 2872 2171 2919 et
2194 2862 2350 2937 llugo
2386 2864 2555 2919 abbas
2594 2862 3003 2930 Cluniacersis;
3053 2864 3142 2919 cui
3181 2865 3451 2920 successit

1862 2954 2090 3012 Pontius
2115 2956 2204 3011 δ”.
2244 2955 2358 3012 Hoc
2383 2956 2546 3011 etiam
2571 2971 2715 3010 anno
2747 2954 3067 3022 Gelduinus,
3101 2964 3297 3026 quarto
3326 2956 3449 3011 loco

1863 3046 2172 3118 Aquicincti
2196 3047 2386 3116 abbas,
2419 3047 2704 3102 fastidiens
2736 3063 2877 3102 onus
2901 3048 3202 3119 regiminis,
3235 3048 3449 3118 potius--

1865 3153 1972 3209 que
2015 3138 2219 3208 eligens
2249 3138 2430 3193 ocium
2481 3137 2609 3193 olim
2649 3145 2783 3192 acta:
2827 3137 3170 3206 reclusionis,
3229 3138 3451 3208 reliquit

1863 3245 2050 3286 curam
2099 3230 2428 3298 animarum,
2474 3237 2528 3285 et
2573 3229 2770 3285 iterum
2812 3229 3036 3285 effectus
3074 3239 3156 3285 est
3203 3230 3449 3284 reclusus

1862 3317 2005 3387 apud
2028 3315 2289 3371 Sanctum
2317 3316 2599 3372 Bertinum
2641 3315 2734 3388 (cf.
2778 3316 2898 3387 5b.).
2936 3317 3038 3371 Cui
3081 3317 3346 3372 successit
3392 3317 3449 3370 in

1863 3425 1995 3467 cura
2029 3407 2290 3480 pastorali
2328 3407 2642 3474 Rotbertus,
2689 3407 2935 3478 ejusdem
2978 3407 3215 3463 cmnobii
3253 3423 3448 3462 mona—

1861 3503 2018 3570 chus,
2046 3501 2140 3571 qui
2158 3499 2393 3570 qualiter
2413 3499 2618 3555 electus
2639 3498 2823 3567 fuerit,
2847 3501 3175 3569 supersedeo
3197 3516 3446 3565 narrare,

1860 3609 1930 3649 ne
1975 3593 2272 3664 quemlibet
2318 3592 2556 3649 offendat
2599 3608 2780 3649 sermo
2824 3593 3104 3648 relationis
3132 3603 3330 3648 nostrae
3353 3593 3445 3647 “ll.

1860 3684 1975 3741 Hoc
2008 3700 2153 3742 anno
2193 3700 2352 3741 sacro
2395 3685 2518 3756 igne
2544 3685 2702 3739 multi
2750 3685 3139 3751 accenduntur,
3184 3685 3448 3741 membris

1859 3779 2035 3836 instar
2071 3779 2370 3835 carbonum
2409 3777 2842 3850 nigrescentibus
2879 3776 2966 3831 ⁸⁸³.

1931 3913 2088 3968 1111.
2127 3912 2399 3970 Robertus
2423 3912 2813 3984 Aquicinensis
2841 3911 3075 3967 coenobii
3099 3909 3325 3980 quintus
3348 3909 3448 3964 ab~

1858 4006 1979 4073 bas,
2010 4021 2151 4076 aegre
2187 4005 2389 4074 ferens,
2431 4005 2788 4062 insectatione
2820 4004 3183 4076 quorumdam
3221 4002 3446 4058 saecula-

1858 4097 2000 4153 rium
2045 4098 2232 4153 vexari
2280 4098 2582 4153 accelesiam
2631 4097 2737 4154 sibi
2784 4097 3066 4163 creditam,
3117 4093 3281 4149 simul
3316 4092 3448 4163 quia

1857 4189 1962 4245 hoc
1989 4189 2040 4244 ei
2069 4189 2460 4260 imputabatur,
2493 4189 2725 4246 consilio
2766 4196 2990 4259 accepto
3037 4185 3245 4242 dimisit
3274 4184 3444 4238 abba-

1857 4280 2011 4349 tiam,
2064 4281 2387 4337 succedente
2433 4280 2483 4336 ei
2532 4281 2737 4338 domno
2789 4279 2977 4334 Alviso
3023 4277 3092 4310 ⁸³²
3150 4275 3446 4350 [monacho

1859 4371 2140 4442 Sithiensi,
2169 4381 2358 4443 postea
2388 4373 2645 4444 episcopo
2679 4369 3025 4427 Atrebatensi
3050 4370 3119 4401 ⁸⁵³³
3153 4367 3246 4440 (cf.
3281 4370 3353 4422 ib.
3374 4365 3441 4438 )].

205 4473 293 4526 que
309 4463 830 4532 jsuperbabundaret
874 4463 942 4518 ad
984 4462 1326 4518 necessarios
1354 4478 1488 4517 usus
1512 4470 1624 4518 tam
1663 4477 1756 4517 su-
1787 4448 1832 4504 Ῑ)
1929 4464 2086 4525 1150.
2127 4465 2370 4522 Domnus
2394 4465 2651 4520 Aibertus
2678 4480 2742 4518 ex
2765 4464 3034 4518 monacho
3056 4460 3446 4531 Crispinicnsis

206 4552 604 4614 pervenientium
630 4553 932 4624 hospitum,
961 4568 1126 4623 quam
1160 4551 1582 4608 inhabitantium
1630 4566 1752 4606 mo-

205 4640 472 4702 nachorum
499 4645 590 4700 διο.

263 4730 405 4789 1095.
439 4735 680 4807 Expulso
719 4736 789 4792 ab
833 4735 1150 4807 episcopatu
1185 4735 1567 4792 Cameracensi
1596 4735 1750 4792 Wal-

206 4818 363 4892 chero,
390 4825 666 4884 Manasses
690 4828 742 4884 ei
774 4828 1017 4884 succedit
1050 4829 1138 4882 ηε.

263 4912 402 4972 1096.
449 4918 776 4989 (eliminant)
804 4918 988 4990 Aliqui
1020 4918 1320 4986 Judeorum
1350 4920 1465 4977 zelo
1514 4922 1745 4978 tenendc

1859 4557 2091 4612 caanobii
2122 4556 2269 4627 (577)
2301 4572 2531 4612 assensu
2556 4565 2611 4609 et
2639 4571 2912 4610 consensu
2953 4553 3227 4608 Lamberti
3277 4552 3446 4607 abba-

1856 4649 1926 4704 tis
1957 4649 2125 4706 claret
2153 4649 2208 4703 in
2240 4647 2412 4704 Gallia
2443 4647 2720 4713 reclusus;
2756 4647 2840 4702 vir
2875 4645 3079 4701 nostris
3113 4645 3447 4715 temporibus

1855 4739 2011 4804 nulli,
2042 4746 2137 4794 aut
2161 4737 2272 4794 fere
2307 4737 2589 4794 rarissimo
2629 4738 3050 4808 comparandus.
3107 4735 3208 4792 Hic
3249 4735 3445 4808 viginti

1856 4837 2091 4899 quatuor
2123 4829 2282 4886 annis
2327 4829 2398 4884 ab
2445 4828 2596 4884 omni
2634 4844 2776 4900 pane
2814 4829 3099 4895 abstinuit,
3137 4836 3193 4899 et
3221 4827 3443 4883 totidem

1853 4921 1923 4976 ab
1947 4922 2099 4976 omni
2130 4929 2284 4992 potu,
2313 4920 2554 4992 exceptis
2583 4921 2824 4990 duobus;
2866 4921 3012 4992 quod
3052 4921 3203 4978 dictu
3238 4920 3441 4974 mirum

1439 5072 1672 5130 VARIAE
1711 5073 2109 5133 LECTIONES.

266 5183 716 5257 f"qui—_dicatur
734 5188 887 5243 habet
907 5205 1041 5242 unus
1059 5188 1153 5242 B5.
1230 5187 1298 5219 “7
1338 5187 1464 5241 add.
1493 5186 1589 5242 Β1.
1620 5187 1674 5242 2.
1703 5188 1778 5242 4‘.
1814 5188 1847 5242 4

209 5251 450 5322 defuerint
479 5258 555 5315 Ex
584 5257 1331 5330 condicto—indigentizeH‘.
1361 5257 1564 5313 4“.C5.

211 5321 384 5356 ut...”
429 5327 493 5356 Dl
547 5330 582 5356 α
641 5331 709 5356 ι..
765 5330 794 5356 ε
845 5327 912 5356 tu
966 5329 1022 5356 ac
1067 5330 1097 5356 τι
1159 5329 1206 5356 ιθ
1262 5327 1305 5356 n
1357 5326 1394 5356 Ir
1527 5327 1564 5356 ιι

290 5327 404 5382 add.
429 5327 522 5384 Bl.
547 5330 603 5384 2.
633 5331 730 5385 4“.
762 5330 816 5384 5.
845 5327 942 5384 01.
966 5326 1051 5382 ΞἾ
1066 5330 1119 5382 5.
1149 5326 1230 5383 4‘.
1262 5327 1324 5382 D.
1357 5326 1415 5381 E.

210 5386 270 5420 ⁸⁸⁸
303 5397 416 5451 add.
455 5399 576 5454 85?
610 5399 707 5453 01.
747 5399 824 5455 2⁸.
863 5400 914 5453 5.
956 5400 1033 5454 4⁸.
1073 5397 1136 5453 Ι).

211 5457 258 5513 3.
317 5463 376 5498 ⁵³⁷
411 5470 528 5523 add.
570 5469 668 5525 135.
709 5469 807 5524 C5.
902 5469 973 5500 "°
1009 5468 1136 5524 add.

1853 5191 1912 5244 “.
1940 5190 1992 5245 5.
2019 5189 2116 5246 Cl.
2147 5191 2224 5247 2‘.
2243 5191 2296 5246 5.
2330 5189 2393 5245 D.
2428 5188 2523 5245 F5.
2601 5189 2669 5221 ⁸¹⁸
2693 5188 2820 5243 add.
2853 5187 2947 5241 BI.
2974 5186 3030 5256 2.
3065 5185 3172 5256 (cui
3213 5185 3438 5256 fortasse

1758 5258 1884 5332 agr}.
1918 5259 2060 5332 B4“.
2091 5263 2146 5316 in
2168 5278 2336 5332 marg.
2369 5261 2601 5332 115.ηο1.

1527 5327 1598 5362 ⁵³³
1625 5327 1752 5382 add.
1786 5327 1906 5384 B5‘.
1937 5331 2033 5387 01.
2067 5332 2143 5387 2‘.
2179 5332 2231 5386 5.
2265 5327 2341 5386 Ρ.
2371 5331 2433 5384 Ι).
2469 5331 2531 5384 Ε.

1209 5398 1278 5473 +35
1315 5397 1454 5473 ράά.
1481 5395 1576 5473 Bt.
1614 5398 2116 5473 ειιοξ-ξηίηιανα.
2143 5403 2197 5458 5.
2237 5401 2332 5456 Cl.
2375 5401 2451 5455 2'.
2493 5401 2650 5473 5.1).
2693 5401 2761 5473 ξ.
2803 5397 2897 5473 ,ιξο
2935 5394 3201 5473 gdd,__BI_.
3243 5396 3296 5473 εξ.
3333 5395 3432 5473 Cj.

902 5469 973 5500 m
1009 5468 1136 5524 add.
1178 5468 1274 5522 Bl.
1309 5469 1364 5522 2.
1394 5468 1480 5522 ar.
1521 5469 1620 5526 4".
1662 5470 1714 5524 δ.
1755 5469 1852 5524 01.
1893 5472 1968 5525 ρ’.
1999 5468 2147 5526 5.ἰ1⁶

213 5527 268 5560 ⁸³⁸
298 5535 410 5590 add.
448 5536 538 5594 B2.
581 5540 634 5594 5.
673 5538 769 5595 01.
812 5541 864 5594 5.
940 5539 1008 5571 ⁴³¹
1045 5539 1170 5594 add.
1212 5538 1304 5594 Bl.
1344 5539 1397 5593 2.
1439 5539 1490 5594 5.
1529 5539 1624 5594 01.
1663 5541 1739 5594 2‘.
1783 5540 1835 5594 5.

2715 5259 2786 5291 "°
2814 5257 2938 5312 add.
2973 5254 3080 5309 Bl.‘
3102 5257 3178 5309 κί’.
3206 5255 3304 5308 4⁵⁸.
3333 5254 3433 5308 05.

2634 5331 2702 5363 ⁸⁸³
2730 5329 2857 5384 add.
2889 5327 2983 5380 Bl.
3022 5327 3075 5381 5.
3111 5324 3231 5379 C2'.
3269 5325 3322 5379 5.
3352 5325 3431 5379 4⁸.

2355 5473 2423 5502 δ”
2461 5471 2664 5525 addunt
2699 5465 2809 5524 BL'
2840 5469 2894 5522 2.
2935 5467 2989 5521 5.
3027 5463 3123 5520 01.
3165 5467 3218 5520 5.
3262 5467 3314 5521 5.
3368 5465 3432 5522 Ι).

2355 5588 2357 5594 _
2397 5540 2492 5596 ΒΞ.
2537 5541 2588 5596 5.
2625 5540 2720 5596 01.
2763 5541 2814 5591 5.
2909 5537 2976 5568 ’⁸³³
3029 5535 3156 5591 add.
3217 5535 3314 5593 01.
3373 5537 3429 5600 5.

1999 5472 2062 5527 5.
2093 5472 2168 5527 4‘.
2211 5473 2262 5526 5.

1971 5541 2030 5596 D.
2129 5543 2197 5574 ⁸³³
2235 5542 2357 5597 add.
2397 5540 2492 5596 ΒΞ.
2537 5541 2588 5596 5.
2625 5540 2720 5596 01.
2763 5541 2814 5591 5.

1893 5472 1968 5525 2‘.

1877 5543 1926 5594 5.

1683 5633 1906 5690 NOTAE.

277 5713 402 5788 (577)
440 5720 678 5794 Crespin,
703 5723 861 5778 dimc.
893 5723 1318 5779 Cameracensis.
