3914 6314
499 373 605 431 275

497 596 669 636 conus
705 579 951 651 diligenti
988 579 1113 636 stilo
1150 577 1439 635 elucidavit
1474 577 1561 633 ⁵⁸⁸.
1636 651 1642 659 ι

571 672 728 726 1151.
771 671 1038 727 Defuncto
1059 672 1261 727 domno
1297 670 1535 726 Rohcrto
1579 670 1919 728 Atrebatensi
1958 671 2075 742 epi-

498 779 686 833 scopo.
721 764 985 818 successit
1013 746 1061 818 ei
1102 763 1154 817 in
1196 761 1511 833 pontificatu
1556 761 1793 817 domnus
1836 761 2100 829 Alvisus,‘

499 854 889 924 A-qnicinensis
909 854 1168 909 :ecclesize
1201 861 1387 908 sextus
1418 853 1587 908 abbas
1616 852 1706 920 ⁸³⁸,
1750 853 1834 908 vir
1868 869 2081 925 magnae

499 945 776 1017 religionis
815 955 869 1001 et
916 947 1205 1019 singularis
1247 946 1551 1002 severitatis
1584 945 1676 1018 (cf.
1704 946 1823 1016 ib.).
1878 945 1979 1002 Cui
2021 947 2078 1002 in

499 1037 853 1108 Aquicinensi
886 1040 1131 1096 :ecclesia
1170 1038 1520 1095 substituitur
1549 1039 1783 1095 domnus
1806 1032 2087 1095 Gozvinus‘

499 1132 764 1202 septimus
792 1132 960 1189 abbas
990 1131 1078 1187 ⁸³⁸.
1661 1152 1664 1156 λ
2092 1122 2099 1131 ’

576 1224 732 1279 1154.
776 1223 887 1281 Hoc
914 1236 1155 1296 tempore
1178 1224 1400 1296 capella,
1438 1241 1468 1281 a
1504 1223 1708 1282 domno
1730 1225 1949 1281 Aiberto
1966 1224 2081 1295 jam

498 1316 709 1388 pridem
746 1328 920 1388 cepta,
950 1318 1058 1375 Deo
1087 1319 1299 1374 volente
1334 1328 1386 1374 et
1410 1320 1706 1375 auxiliante
1730 1328 1813 1374 est
1839 1328 2078 1391 peracta.

500 1408 585 1463 Ad
617 1408 775 1479 cujus
815 1410 1251 1466 benedictionem
1284 1410 1566 1467 Lietardus
1606 1411 2082 1467 Camerace'nsium

500 1500 789 1571 episcopus
837 1501 1117 1569 invitatur,
1172 1510 1226 1558 et
1276 1517 1402 1557 cum
1440 1518 1636 1573 magno
1678 1502 1918 1573 tripudio
1962 1518 2083 1558 eam

500 1592 692 1648 devote
714 1593 1005 1649 benedixit.
1047 1591 1179 1660 Quzc
1203 1609 1300 1664 per
1325 1592 1397 1647 40
1418 1593 1531 1648 dies
1560 1593 1629 1648 ab
1656 1594 1911 1648 omnibus
1947 1608 2085 1663 pene

500 1670 751 1755 partibus
777 1684 928 1754 regni
957 1683 1053 1740 Dei
1078 1684 1339 1749 instinctu
1373 1686 1448 1739 ita
1485 1682 1881 1754 frequentatur,
1908 1694 1969 1739 ut
1994 1684 2086 1739 vix

501 1787 597 1833 aut
626 1794 925 1849 numquam
954 1778 1131 1834 adhuc
1152 1777 1224 1810 ⁸⁸⁷
1247 1779 1524 1833 hominem
1548 1778 1832 1832 mortalem
1857 1778 1985 1833 huic
2011 1777 2087 1832 si-

500 1872 687 1928 milem
738 1888 900 1927 nemo
946 1873 1161 1928 viderit.
1218 1873 1337 1940 Quo
1378 1882 1622 1945 tempore
1661 1875 1912 1931 similiter
1943 1874 2086 1945 apud

501 1961 815 2019 Oscannum
854 1966 924 2020 ab
956 1966 1214 2037 episcopo
1252 1964 1508 2021 Remensi
1532 1966 1776 2020 aacclesia
1801 1981 2088 2021 consecra-

500 2061 621 2123 tur;
654 2057 743 2111 cui
766 2056 1230 2127 archiepisc0pus,
1253 2057 1493 2128 episcopi
1508 2066 1562 2111 et
1586 2057 1808 2112 abbates
1835 2071 2088 2127 compro-

498 2146 749 2203 vintiales
773 2146 1035 2215 faventes,
1068 2148 1493 2215 multitudinem,
1520 2148 1779 2203 domuum
1806 2146 2086 2206 Aibertum

500 2236 963 2310 frequentantem,
1000 2240 1289 2311 prohibere
1323 2249 1603 2311 ceperunt,
1629 2250 1682 2295 et
1716 2241 1783 2297 de
1808 2241 1875 2296 e'o
1916 2240 2088 2295 multa

501 2331 822 2388 infamando
849 2333 1048 2400 dicere,
1090 2347 1213 2403 quae
1257 2332 1483 2388 reticere
1525 2333 1722 2387 melius
1752 2331 2084 2403 putavimus.

501 2425 562 2480 In
598 2434 809 2481 tantum
841 2426 986 2481 enim
1008 2441 1198 2481 eorum
1224 2426 1491 2496 prcvaluit
1520 2409 1817 2495 contentio,
1840 2435 1901 2482 ut
1921 2441 2087 2482 causa

500 2519 844 2590 probationis
901 2520 970 2575 ad
1038 2535 1166 2576 eum
1235 2518 1513 2576 mitterent
1583 2521 1835 2575 abbatem
1901 2519 2088 2586 Sancti

501 2610 735 2665 Amandi
774 2610 1037 2666 domuum
1072 2611 1343 2677 Ahsalou,
1379 2620 1435 2667 et
1470 2611 1739 2667 abbatem
1760 2610 1946 2666 Sancti
1988 2609 2087 2666 Se-

501 2700 679 2772 pulcri
726 2700 873 2773 (378)
913 2700 1229 2767 Parvinum,
1258 2710 1441 2755 utrum
1473 2701 1597 2755 talis
1623 2716 1687 2756 ac
1716 2709 1899 2757 tantus
1920 2708 2086 2768 esset,

507 2792 725 2862 qualem
760 2791 903 2847 fama
928 2792 995 2848 de
1026 2808 1092 2848 eo
1119 2791 1317 2847 dili'usa
1354 2807 1514 2847 aures
1538 2791 1783 2847 omnium
1827 2792 2087 2863 percelle-

505 2891 614 2937 rat.
641 2881 759 2949 Qui
793 2882 912 2952 ejus
946 2883 1236 2938 sanctitate
1280 2892 1579 2954 comperta,
1614 2898 1712 2953 per
1747 2883 1931 2939 omnia
1971 2883 2089 2938 lau-

504 2973 698 3029 dantes
742 2973 937 3041 Deum,
981 2974 1049 3030 ad
1097 2989 1193 3030 eos
1238 2989 1271 3029 a
1317 2974 1516 3045 quibus
1558 2975 1712 3032 missi
1749 2974 1966 3031 fuerant
2002 2990 2089 3032 re-

506 3065 657 3121 diere
695 3065 784 3122 ⁸³⁸.
1739 3051 1745 3059 ’

500 3146 502 3149 ’
581 3158 739 3214 1155.
789 3158 936 3215 Obiit
980 3161 1217 3217 domnus
1255 3160 1511 3216 Aibertus
1551 3160 1657 3232 piae
1696 3160 1995 3231 memoriae,
2034 3168 2089 3217 et

505 3249 667 3306 nobis
703 3260 1024 3322 perpetuum
1060 3268 1333 3309 merorem
1378 3253 1598 3324 reliquit
1640 3253 1901 3309 absentiae
1952 3269 2085 3321 suae,

505 3358 654 3398 anno
686 3344 1081 3402 incarnationis
1107 3345 1322 3402 Domini
1355 3346 1513 3414 1155,
1539 3344 1863 3402 inclusionis
1903 3353 2087 3401 autem

507 3453 622 3493 suae
650 3438 740 3507 25,
770 3439 860 3497 die
882 3449 1072 3497 sancto
1098 3441 1314 3512 pascha:
1333 3441 1423 3497 ⁸³³.

1214 3562 1358 3574 .—

576 3624 735 3681 1149.
884 3624 952 3680 Β.
994 3626 1080 3681 12.
1201 3625 1289 3681 .F.
1340 3626 1430 3681 15.
1571 3625 1637 3679 Α.
1686 3625 1773 3679 15.
1915 3621 1982 3677 Η.
2031 3623 2085 3679 5.

574 3716 858 3772 Conradus
907 3733 1002 3771 rex
1044 3715 1509 3771 Tbeutonicorum
1538 3720 1592 3768 et
1632 3711 1961 3767 Ludowicus
1994 3726 2091 3767 rex

505 3804 842 3862 Francorum
870 3805 1212 3876 procinctum
1243 3804 1484 3870 soivunt,
1512 3812 1565 3857 et
1587 3803 1705 3857 sine
1734 3802 1846 3857 ullo
1866 3816 2091 3873 prospe-

504 3897 684 3953 ritatis
710 3906 907 3953 eventu
942 3897 1012 3951 ab
1052 3896 1247 3951 itinere
1281 3893 1771 3950 Jherosolimorum
1804 3902 2089 3951 revertun-

504 3997 619 4056 tur,
650 4004 951 4059 numquam
984 3986 1169 4042 audita
1198 3995 1347 4042 tanta
1370 3984 1687 4043 infelicitate
1714 3987 1851 4043 tanti
1881 3987 2091 4043 exerci-

503 4090 618 4136 tus.
687 4080 847 4151 (Ann.
895 4078 1118 4148 Btand.)
1168 4078 1406 4151 Hyemps
1454 4079 1777 4151 gravissima
1832 4086 2091 4150 quattuor

506 4171 792 4226 mensibus
830 4171 1058 4226 invaluit
1093 4180 1145 4228 et
1181 4170 1468 4243 prevaluit.

576 4258 735 4315 1150.
991 4261 1075 4315 15.
1326 4261 1414 4315 14.
1681 4260 1770 4316 14.

578 4348 711 4406 Orta
735 4360 820 4407 est
840 4352 1113 4406 contentio
1134 4351 1273 4407 inter
1297 4349 1590 4406 Henricum
1612 4350 1929 4420 episcopum
1954 4348 2094 4405 Leo-

1675 373 2039 431 SICEBERTI
2075 374 2602 436 GEMBLACENSIS

497 484 600 546 e'st.
644 487 815 558 Cujus
834 487 1000 544 vitam
1035 485 1308 543 Robertus
1338 464 1788 543 Ostrevandensis
1810 487 2082 544 archidia-
2104 487 2159 548 Α
2252 489 2392 545 1152

2034 4259 2141 4316 6.’

3639 391 3728 450 276

2624 492 2710 546 is.
2954 491 3041 545 16.
3336 495 3424 550 ιδ.
3680 498 3731 560 ιι

2251 580 2413 653 (Ann.
2447 581 2673 654 Bland.)
2702 580 2991 639 Conradus
3021 583 3320 653 imperator
3341 586 3485 642 diem
3510 590 3728 650 ultimum

2180 670 2417 738 claudit;
2442 673 2531 727 cui
2557 672 2823 729 successit
2852 671 3195 741 Fredericus,
3224 676 3586 734 consobrinus
3614 681 3727 750 ejus.

2178 761 2238 817 In
2281 763 2526 819 ecclesia
2575 765 2750 821 sancti
2788 763 3021 832 Nicolai,
3079 780 3200 836 quae.
3239 774 3550 823 constructa
3580 778 3654 825 est
3684 773 3729 828 in

2181 855 2344 926 opido
2370 855 2723 925 Brusellensi,
2756 865 2944 913 sancta
2994 856 3164 912 Maria
3202 857 3380 915 Mater
3405 857 3531 917 Jesu
3559 859 3731 919 Christi

2180 958 2401 1019 operata
2425 957 2509 1005 est
2528 950 2697 1005 multa
2714 949 2995 1006 miracula.
3011 948 3144 1021 (1b.)
3158 949 3433 1007 Ecclesia
3458 953 3733 1010 sanctiBer-

2164 1040 2282 1107 ,tini
2312 1057 2437 1097 cum
2465 1041 2721 1097 omnibus
2752 1041 3088 1112 appendiciis
3127 1042 3243 1097 suis
3272 1042 3557 1098 combusta
3588 1053 3662 1099 est
3687 1046 3732 1100 in

2181 1129 2302 1201 ipso
2342 1128 2485 1185 festo
2517 1131 2691 1186 sancti
2719 1130 2945 1199 Bertini,
2973 1130 3105 1187 dum
3136 1133 3532 1204 matutinorum
3567 1134 3735 1191 solemo

2183 1220 2312 1293 pnia
2346 1221 2665 1293 agebantur.

2254 1315 2414 1371 usa.
2654 1387 2660 1392 η
2692 1316 2745 1371 ι.
2997 1316 3085 1372 17.
3342 1317 3435 1373 t7.
3687 1318 3732 1375 9.

2254 1405 2488 1478 Eclipsis
2522 1406 2656 1464 solis
2681 1405 2826 1463 facta
2851 1414 2936 1463 est
2968 1406 3001 1460 7
3032 1405 3152 1463 Kal.
3177 1406 3343 1467 Febr.
3385 1407 3444 1462 in
3471 1408 3508 1462 2
3540 1407 3684 1476 feria;
3707 1409 3737 1466 5

2184 1499 2311 1556 ldus
2334 1498 2616 1555 Februarii
2640 1500 2694 1555 in
2717 1499 2901 1555 2feria
2920 1501 3225 1556 tonitruum
3246 1501 3495 1557 auditum
3515 1510 3607 1558 est.
3626 1499 3735 1573 (11.)

2185 1589 2460 1661 Eugenius
2480 1604 2620 1661 papa
2646 1591 2791 1646 diem
2821 1590 3077 1646 ultimum
3113 1592 3325 1647 claudit
3353 1584 3544 1662 (379);
3574 1607 3735 1648 succe-

2186 1682 2267 1738 dit
2299 1682 2347 1737 ei
2376 1680 2665 1739 Konradus
2695 1681 2857 1738 158“
2883 1698 3043 1753 papa,
3070 1680 3287 1738 Sancta:
3315 1680 3533 1737 Sabina:
3553 1682 3736 1752 episeo-

2150 1789 2312 1844 Lpus.
2362 1771 2691 1830 Anastasius
2741 1773 3028 1844 apellatus,
3072 1774 3317 1831 vicarius
3369 1773 3573 1829 domini
3613 1786 3737 1844 papae

2186 1866 2584 1939 predecessoris
2609 1866 2715 1923 sui.
2750 1865 2994 1923 Domnus
3014 1881 3233 1939 quoque
3253 1866 3582 1933 Bernardus,
3600 1865 3736 1922 abbas

2185 1963 2623 2033 Clarevallensis,
2668 1963 2762 2035 qui
2791 1964 2951 2034 quasi
2994 1961 3191 2019 lucifer
3230 1970 3481 2031 exortus,
3526 1960 3736 2017 ordinem

2186 2067 2437 2113 nostrum
2486 2057 2815 2127 illustrabat,
2860 2056 3114 2129 migravit
3151 2056 3220 2113 ad
3258 2055 3552 2111 Dominum
3588 2052 3732 2126 (380);

2134 2144 2169 2167 '
2187 2151 2345 2221 cujus
2374 2142 2487 2205 vita
2515 2156 2570 2206 et
2592 2149 2839 2205 doctrina
2872 2148 2929 2203 in
2968 2155 3181 2203 tantum
3228 2148 3466 2215 excellit,
3499 2155 3557 2201 ut
3584 2145 3735 2200 minus

2187 2244 2277 2311 sit,
2315 2242 2575 2313 quicquid
2622 2243 2676 2297 in
2728 2241 2849 2312 ejus
2890 2241 3050 2297 laude
3088 2241 3295 2296 dictum
3351 2238 3533 2296 fuerit.
3585 2236 3736 2293 Turbo

2186 2334 2523 2403 gravissima:
2558 2332 2895 2404 tempestatis
2927 2348 3026 2405 per
3058 2333 3196 2388 lines
3224 2340 3449 2388 nostros
3478 2330 3614 2385 viam
3639 2342 3734 2383 mo-

2185 2424 2339 2492 litus,
2369 2424 2527 2496 quasi
2558 2424 2773 2479 sulcum
2796 2424 3021 2493 ducens,
3049 2423 3214 2479 unius
3249 2423 3365 2478 diei
3401 2422 3587 2479 itinere
3610 2433 3734 2491 quae-

2186 2532 2294 2589 que
2318 2518 2464 2572 velut
2491 2515 2726 2572 ﬂammis
2770 2516 2995 2587 depasta
3035 2530 3393 2584 consumens,
3420 2512 3636 2587 lugenda
3660 2525 3734 2566 ve-

2186 2609 2348 2681 stigia
2405 2608 2645 2683 reliquit.
2707 2608 2865 2681 (Aug.
2918 2608 3031 2680 19.)
3074 2606 3315 2663 Ascalon
3369 2614 3526 2677 capta
3568 2611 3643 2661 est
3679 2601 3734 2657 ab

2186 2703 2430 2759 exercitu
2459 2702 2696 2771 Domini,
2728 2703 2822 2774 qui
2848 2712 2933 2761 est
2953 2701 3362 2772 Jhcrosolimis,
3386 2710 3442 2758 et
3469 2710 3733 2773 possessas

2188 2800 2420 2866 nostris;
2445 2797 2617 2854 multo
2644 2805 2823 2854 tamen
2848 2796 3033 2855 labore
3059 2813 3123 2854 ac
3149 2790 3413 2864 diuturno
3441 2795 3594 2861 bello,
3620 2790 3733 2846 mul-

2188 2892 2259 2948 tis
2287 2894 2453 2948 etiam
2489 2891 2748 2963 periculis
2784 2900 2839 2948 et
2872 2882 3131 2965 gravibus
3172 2892 3396 2949 damnis
3431 2891 3577 2963 prius
3608 2903 3733 2944 exer-

2188 2986 2302 3041 citu
2331 2986 2549 3041 alllicto.
2569 2985 2816 3058 Namque
2835 2986 2904 3019 “'
2926 2986 3117 3041 diebus
3138 2994 3348 3042 sanctae
3370 2986 3466 3041 Dei
3498 2979 3734 3055 genitricis

2187 3076 2556 3148 purificationi
2580 3076 2866 3147 proximis,
2898 3091 2994 3131 rex
3020 3074 3523 3148 Hierosolymorum
3551 3072 3733 3145 procin-

2114 3193 2160 3255 C
2190 3179 2339 3225 ctum
2367 3184 2615 3237 movens,
2652 3169 2928 3224 civitatem
2949 3167 3149 3224 diffuso
3167 3169 3416 3225 exercitu
3441 3163 3655 3228 vallavit,
3689 3168 3732 3216 et

2189 3278 2365 3334 usque
2390 3261 2446 3317 in
2479 3260 2678 3317 festum
2702 3261 3095 3331 assumpt‘ionis
3118 3260 3373 3331 ejusdem
3391 3256 3731 3315 sacratissima

2190 3354 2431 3427 Virginis
2476 3370 2661 3410 meras
2702 3354 2987 3425 protraxit.
3027 3352 3288 3409 Proxima
3330 3366 3462 3424 ergo
3499 3350 3582 3405 die
3615 3346 3732 3401 illius

2190 3446 2548 3503 sacratissimi
2590 3445 2713 3502 festi
2764 3446 2960 3500 turrim
2996 3460 3121 3501 cum
3158 3445 3276 3501 suis
3319 3437 3730 3500 machinamentis

2190 3553 2351 3593 muro
2372 3537 2642 3603 admovit;
2669 3544 2724 3591 et
2755 3535 2989 3591 artificio
3040 3535 3402 3591 subterraneo
3447 3540 3615 3589 actum
3646 3534 3728 3591 est,

2189 3638 2253 3686 ut
2272 3644 2465 3686 murus
2495 3630 2697 3684 cadens
2723 3628 2893 3683 latum
2922 3628 3229 3698 ingressum
3255 3626 3465 3682 nostris
3489 3621 3727 3695 praeberet.

2189 3720 2407 3777 Primus
2434 3719 2743 3791 prepositus
2769 3727 2823 3773 et
2854 3718 2962 3773 dux
3014 3717 3161 3772 illius
3193 3715 3489 3782 exercitus,
3521 3711 3607 3783 qui
3640 3707 3726 3762 fra-

2170 3821 2360 3869 ternm
2390 3810 2666 3868 societatis
2710 3807 3051 3881 professione
3095 3807 3297 3877 templo
3342 3806 3587 3869 militant,
3630 3810 3730 3853 cum

2191 3920 2293 3962 suo
2335 3918 2509 3959 cuneo
2557 3902 2772 3972 irrupit,
2811 3909 2865 3956 et
2911 3915 3087 3970 usque
3137 3898 3204 3953 ad
3253 3899 3487 3969 plateam
3533 3886 3731 3949 civitatis

2191 3995 2407 4067 agmine
2437 4010 2663 4051 suorum
2699 3993 2934 4063 stipatus
2971 3991 3312 4062 perveniens,
3361 3988 3577 4062 gradum
3607 3979 3727 4044 fixit;

2192 4089 2267 4143 ibi
2322 4096 2535 4143 artatus
2576 4084 2844 4157 angustiis
2878 4084 3203 4156 platearum,
3256 4080 3510 4138 maceriis
3535 4076 3728 4135 cinctui.

2191 4189 2247 4235 et
2273 4178 2852 4250 superimminentibus
2873 4183 3141 4231 tectorum
3178 4174 3510 4237 domatibus,
3538 4177 3587 4224 et
3608 4158 3729 4221 omni

2191 4280 2346 4343 parte
2375 4269 2687 4327 continente
2708 4267 2870 4324 turba
2897 4267 3325 4333 circumventus,
3350 4260 3665 4337 Opprimitnr,
3688 4258 3730 4307 α

2193 4381 2320 4423 cum
2349 4364 2500 4420 omni
2525 4365 2685 4420 turba
2720 4378 2947 4418 suorum
2988 4361 3369 4417 obtruncatur.
3407 4357 3631 4425 Quorum
3665 4358 3731 4402 ca-

507 4449 785 4505 dicensem
809 4456 862 4504 et
889 4446 1179 4503 Henricum
1213 4446 1469 4501 comitem
1492 4444 1910 4501 Namucensem.
1936 4443 2092 4501 Unde
2193 4461 2304 4532 pira
2335 4459 2388 4514 in
2412 4473 2581 4513 unum
2604 4454 2885 4513 cumulum
2913 4462 3050 4519 sunt.
3062 4460 3342 4523 congesta,
3375 4459 3434 4507 ut
3458 4446 3564 4518 regi
3591 4440 3731 4507 Baby'

508 4550 837 4614 congregato
882 4541 1138 4612 utrinque
1194 4540 1436 4597 exercitu
1491 4538 1793 4611 congressi.
1845 4538 2093 4608 superior
2119 4531 2170 4592 Ῑ)
2195 4546 2354 4601 limite
2381 4558 2481 4614 pro
2509 4542 2665 4614 signo
2700 4540 2942 4596 victoria;
2963 4546 3334 4604 ostentarent;
3381 4545 3596 4605 corpora
3628 4534 3731 4579 vero

507 4633 690 4689 factus
722 4634 1032 4704 episcopus,
1056 4647 1165 4687 non
1200 4632 1318 4688 sine
1349 4632 1648 4687 multorum
1694 4632 1825 4687 cede
1860 4630 2088 4686 victoria

509 4726 717 4798 potitus
753 4735 853 4781 est.

584 4816 742 4870 1151.
984 4815 1071 4869 14.
1311 4814 1398 4869 15.
1665 4812 1752 4867 15.
2036 4809 2086 4864 7.

588 4905 824 4963 Fructus
850 4915 991 4962 terra
1016 4905 1209 4961 habuit
1232 4905 1458 4972 uberes;
1483 4911 1566 4960 set
1586 4904 1894 4974 pluviarum
1925 4902 2090 4957 inun-

512 5001 733 5057 datione
780 5017 812 5056 a
856 5000 1145 5057 festivitate
1196 5000 1368 5056 sancti
1391 4998 1658 5054 Johannis
1678 5013 1852 5068 usque
1879 4996 1947 5052 ad
1973 5011 2093 5051 me-

513 5092 666 5149 dium
688 5091 922 5162 Augusti
958 5092 1141 5147 omnia
1173 5098 1437 5159 vastante,
1481 5090 1571 5145 vix
1614 5089 1684 5144 ad
1722 5089 2094 5145 maturitatem

510 5184 787 5257 perduxit.
831 5181 968 5238 Nam
998 5184 1188 5238 vinum
1216 5192 1271 5238 et
1299 5182 1467 5239 ceteri
1493 5181 1705 5236 fructus
1726 5196 1791 5237 ex
1816 5174 1975 5252 parte
1999 5181 2095 5236 de-

493 5275 791 5344 fecerunt;
823 5286 877 5331 et
907 5275 1054 5347 quod
1084 5276 1151 5331 de
1178 5275 1300 5330 uvis
1325 5274 1613 5331 collectum
1637 5282 1742 5341 cst,
1786 5273 1843 5328 in
1880 5288 2099 5329 acorem
2134 5324 2139 5329 .

494 5408 497 5413 ν
513 5384 733 5426 versum
756 5377 861 5425 εει.

2195 4638 2252 4691 in
2281 4649 2444 4690 muro
2469 4630 2886 4703 suspenderunt,
2910 4630 3067 4685 nobis
3088 4629 3537 4698 impreperantes,
3561 4627 3609 4675 et
3631 4626 3729 4669 vel“

2197 4728 2282 4784 bis
2304 4725 2653 4797 blasphemiae
2678 4722 2975 4779 exercitum
3004 4720 3100 4776 Dei
3122 4716 3499 4791 provocantes.
3531 4706 3731 4768 Tandem

2197 4817 2372 4875 nostri
2403 4816 2460 4870 in
2492 4814 2726 4869 Domino
2754 4810 3065 4878 confortati,
3107 4810 3472 4866 devotissimis
3503 4797 3730 4873 supplica-

2196 4909 2439 4965 tionibus
2459 4922 2518 4962 se
2541 4905 2772 4960 Domino
2792 4903 3216 4969 committentes,
3259 4910 3316 4956 et
3344 4906 3538 4957 saneta
3555 4890 3637 4947 Dei
3660 4897 3731 4956 8⁸⁸

2182 5000 2380 5057 'nitrici
2408 4982 2533 5053 vota
2562 4997 2843 5062 facientes,
2881 4995 3040 5051 tertia
3071 4994 3160 5050 die
3183 4994 3252 5049 ad
3279 5006 3495 5048 murum
3526 4988 3730 5040 accesse-

2200 5100 2350 5159 runt,
2387 5090 2749 5147 instrumenta
2782 5086 2995 5153 bellica,
3031 5083 3315 5142 machinas
3340 5091 3393 5138 et
3429 5078 3629 5168 balistas
3658 5063 3732 5168 ati-

2203 5190 2514 5249 movcrunt,
2555 5181 2659 5237 fide
2692 5185 3028 5236 constantes.
3070 5175 3219 5231 Crux
3249 5168 3379 5230 vero
3421 5163 3661 5257 dominica
3687 5163 3728 5209 in

2204 5276 2457 5332 manibus
2480 5272 2802 5345 patriarchae
2838 5270 3033 5341 agmen
3076 5267 3419 5339 precedebat.
3474 5256 3597 5315 Tum
3628 5258 3731 5304 ἵετο

2207 5369 2409 5424 virtute
2432 5360 2651 5421 Domini
2676 5361 2986 5429 manifesta,
3012 5358 3258 5432 percussi
3304 5365 3431 5415 sunt
3465 5360 3633 5410 omnes
3649 5351 3729 5395 (π’

1819 5458 1907 5515 VA
1918 5457 2054 5513 ma:
2098 5440 2504 5515 LECTIONES.

586 5552 658 5628 ιξξ
694 5552 820 5608 add.
858 5553 955 5608 Bt.
997 5554 1051 5609 5.
1121 5553 1191 5587 ιτα
1229 5554 1357 5628 add.
1398 5551 1589 5628 82:5.
1666 5552 1745 5628 δι’,
1773 5552 1900 5607 add.
1941 5552 2042 5610 Bs.
2117 5551 2187 5585 ιιτ
2218 5553 2297 5606 ita
2340 5551 2598 5622 conjicio;
2641 5548 2709 5606 ad
2754 5547 2851 5602 Bt.

517 5621 587 5653 ιδ’)
612 5621 859 5694 Namque
884 5654 955 5664 -η
981 5640 1237 5696 possessa
1261 5625 1448 5680 desunt
1480 5622 1574 5678 Βὸ.

2948 5545 3020 5579 διε
3040 5544 3165 5601 add.
3218 5508 3319 5599 'Bl.
3410 5529 3604 5592 ικαάᾱ.
3650 5518 3727 5575 BI-

2029 5691 2259 5751 NOTAE.

591 5786 743 5852 (578)
781 5786 1212 5846 Cameracensis.

592 5857 742 5928 (579)
783 5856 843 5910 n.
881 5857 911 5910 7
936 5857 1083 5914 Julii.

2280 5786 2428 5857 (580)
2466 5784 2526 5839 Ι).
2566 5784 2630 5839 21
2673 5784 2809 5853 Aug.
