3914 6314
123 377 204 432 281
943 365 1312 420 CIIRONICA.
1353 395 1422 404 —
1461 363 1871 420 AUCTARIUM
1910 366 2464 422 AFFLIGEMENSE.

3244 355 3351 431 232

119 485 368 559 mysteriis.
395 481 544 536 Unde
569 481 657 550 fit,
684 489 737 533 ut
760 479 1000 533 Romana
1019 479 1239 533 ecclesia
1263 479 1668 548 o/feratazimos
1699 485 1743 535 A
1840 479 1996 532 1035.
2033 479 2091 532 In
2121 479 2318 534 diebus
2348 478 2606 555 Ragineri
2650 479 2948 552 Longicolli
2984 484 3242 542 traditum
3266 495 3347 544 est

117 597 271 654 panes,
290 584 498 648 propter
537 574 684 643 quod
726 571 983 625 Dominus
1011 573 1126 625 sine
1159 571 1272 624 ulla
1303 572 1674 624 commixtione

115 671 314 741 suscepit
349 683 589 732 carnem,
619 667 757 720 sicut
787 667 1043 734 scriptum
1071 672 1149 718 est
1177 679 1195 716 :
1233 683 1251 716 ι
1291 663 1513 716 Verbum
1551 678 1674 716 caro

115 766 288 833 factum
313 767 411 825 est,
455 765 508 812 et
539 756 819 810 'liabitavit
867 756 923 808 in
967 754 1136 808 nobis.
1169 773 1187 805 ι
1227 752 1316 808 Sic
1343 754 1516 806 azimo
1542 769 1676 824 pane

115 855 305 924 e/iicitur
343 865 536 918 corpus
572 847 794 904 Christi.
849 846 993 900 Nam
1039 855 1202 901 cetere
1244 846 1457 901 ecclesie
1486 863 1674 916 supra-

117 949 233 999 dicte
253 943 477 1011 offerunt
510 941 888 1010 fermentatum
918 955 1013 1009 pro
1045 955 1127 1006 eo,
1155 939 1292 1015 quod
1323 938 1531 992 verbum
1577 933 1676 1009 pa;

117 1037 196 1087 tris
221 1033 458 1086 indutum
483 1038 564 1084 est
587 1047 747 1084 carne
773 1039 823 1082 et
860 1037 936 1083 est
976 1045 1125 1082 verus
1160 1029 1300 1083 Deus
1329 1037 1376 1081 et
1410 1045 1557 1082 verus
1583 1029 1677 1082 Ito-

117 1144 205 1190 mo,
230 1127 303 1178 ita
331 1131 386 1176 ut
437 1121 822 1191 fermentatum
854 1121 1224 1175 commiscetur
1258 1121 1459 1191 farina,
1497 1130 1545 1175 et
1573 1123 1677 1191 efﬁ-

115 1217 230 1268 citur
251 1228 435 1282 corpus
479 1211 704 1265 Domini
747 1213 915 1264 nostri
943 1209 1073 1265 Jesu
1106 1210 1306 1266 Christi
1339 1227 1536 1265 verum.
1574 1208 1676 1265 Sed

113 1319 259 1362 tamen
287 1318 393 1362 tam
419 1307 672 1362 Romana
701 1304 942 1369 ecclesia,
967 1320 1126 1374 quam
1160 1313 1324 1358 cetere
1345 1303 1678 1374 supranomi-

112 1413 211 1456 nate
229 1402 439 1457 ecclesie
474 1417 578 1472 pro
626 1398 921 1455 inviolabili
952 1398 1077 1467 ﬁde,
1115 1405 1224 1451 tam
1259 1397 1490 1451 azimum
1519 1413 1677 1467 quam

112 1496 458 1563 fermentatum
481 1493 619 1547 dum
647 1492 925 1557 sumimus,
948 1506 1110 1543 unum
1133 1505 1318 1559 corpus
1341 1487 1555 1542 Domini
1580 1504 1710 1568 no-m

111 1586 194 1637 stri
217 1583 339 1638 Iesu
373 1583 590 1640 Christi
620 1584 858 1654 efﬁcitur.
909 1580 1278 1638 Certissimum
1327 1588 1501 1634 autem
1539 1577 1696 1633 sicut

112 1664 314 1728 dir-intus
362 1674 616 1728 divinum
663 1674 880 1727 interest
920 1681 1336 1737 sacramentum,
1392 1670 1678 1724 secundum

110 1766 225 1835 quod
245 1766 465 1836 legimus
487 1766 548 1818 in
566 1765 838 1834 evangelio
864 1779 882 1817 :
919 1783 938 1816 ‹
973 1762 1167 1817 Mulier
1194 1763 1313 1831 illa,
1337 1779 1435 1834 que
1465 1769 1677 1831 accepto

1777 569 2146 624 fraudulenter
2176 579 2416 625 castrum
2443 571 2585 641 quod
2615 572 2815 628 dicitur
2835 575 3048 643 Eiham,
3087 587 3140 634 et
3161 579 3348 638 datum

1775 668 1859 714 est
1907 660 2174 715 Balduino
2216 659 2468 727 Barbato,
2506 662 2601 732 qui
2654 674 2899 720 castrum
2959 665 3206 726 funditus
3251 669 3345 726 de-

1778 752 1996 808 struxit.

1850 840 2006 895 1065.
2047 839 2163 897 Hoc
2198 840 2254 895 in
2295 855 2442 896 anno
2489 842 2778 897 cenobium
2816 841 3144 900 Eihamense
3182 861 3213 900 a
3236 845 3354 902 Bal-

1777 929 1946 986 duino
1975 931 2175 986 comite
2205 939 2259 985 et
2281 930 2472 985 Athela
2503 931 2785 987 comitissa
2812 943 3187 990 constructum
3207 945 3310 991 est.

1839 1021 1998 1076 1085.
2055 1021 2224 1092 (Hist.
2279 1021 2422 1092 Am.)
2469 1022 2848 1094 Allligemense
2899 1027 3186 1082 cenobium
3227 1029 3353 1095 tale,

1779 1115 2076 1170 auxiliante
2112 1114 2242 1182 Deo,
2271 1115 2506 1186 sumpsit
2527 1117 2834 1172 exordium.
2873 1117 3196 1176 Predicante
3227 1119 3358 1176 We—

1777 1206 2007 1272 therico,
2034 1221 2192 1262 servo
2222 1204 2339 1274 Dei,
2365 1207 2460 1276 qui
2489 1206 2650 1277 quasi
2685 1208 2843 1264 stella
2869 1211 3138 1265 matutina
3161 1211 3214 1264 in
3241 1227 3357 1266 me-

1778 1297 1869 1352 dio
1896 1296 2109 1363 nebule,
2153 1295 2453 1366 eﬂ‘ugandis
2495 1297 2921 1354 obscuritatibus
2961 1301 3164 1356 erroris
3192 1316 3359 1370 appa-

1777 1390 1908 1456 ruit,
1950 1389 2201 1446 conversi
2238 1389 2482 1460 quinque
2518 1390 2720 1447 milites
2748 1389 2866 1447 suis
2907 1390 3116 1462 integre
3155 1407 3359 1446 renun-

1779 1481 1938 1537 tiant.
1976 1479 2120 1536 Inter
2154 1496 2294 1551 quos
2325 1480 2599 1538 Gerardus
2627 1481 2810 1553 Niger,
2843 1483 2938 1554 qui
2967 1485 3164 1540 ceteris
3189 1485 3364 1541 excel-

1779 1561 1978 1629 lentior
2031 1573 2336 1641 videbatur,
2375 1575 2617 1631 doctoris
2661 1575 2746 1630 sui
2781 1577 3014 1634 consilio
3063 1578 3360 1654 animatus,

1776 1681 1905 1723 cum
1934 1667 2101 1723 sociis
2122 1667 2302 1722 locum
2336 1666 2580 1738 Aﬂligem
2610 1667 2838 1736 dictum,
2861 1670 3002 1726 sicut
3023 1670 3262 1738 nomine,
3281 1669 3363 1726 sic

1780 1758 1930 1814 omni
1956 1759 2210 1814 barbarie
2243 1758 2532 1829 incultum,
2564 1760 2765 1830 quippe
2794 1761 2889 1832 qui
2915 1763 3360 1818 latrocinantium

113 1822 335 1923 lernunlo
362 1854 652 1908 abscondit
675 1822 731 1907 in
762 1855 936 1924 farine
956 1862 1075 1908 sata
1100 1855 1226 1921 tria,
1257 1822 1420 1907 donec
1449 1822 1644 1922 fermen
1665 1877 1678 1891 -
1705 1822 1753 1884 Β
1780 1854 1994 1902 tantum
2039 1849 2433 1914 conventiculis
2471 1858 2634 1919 aptus
2680 1859 2820 1920 erat,
2843 1853 3097 1909 aliflcare
3121 1863 3176 1910 et
3206 1855 3360 1910 clau-

114 1953 256 1998 tatum
283 1954 358 1999 est
390 1953 569 1998 totum
596 1963 644 2000 ι.
680 1943 876 1999 Mulier
902 1945 1109 1999 videtur
1156 1944 1287 1999 mihi
1315 1960 1426 1999 esse
1469 1950 1680 2013 aposto-

111 2035 197 2088 lica
221 2035 536 2105 predicatio,
568 2034 651 2089 vel
681 2034 924 2103 ecclesia,
952 2051 1050 2105 que
1072 2035 1139 2090 de
1179 2035 1397 2089 diversis
1437 2034 1678 2104 partibus

113 2136 398 2196 congregata
422 2134 524 2181 est.
561 2127 676 2182 Ilec
700 2126 844 2181 tollit
870 2127 1203 2197 fermentum,
1240 2127 1296 2180 id
1323 2135 1400 2181 est
1427 2126 1680 2180 noticiam

112 2217 176 2271 rel
196 2217 607 2289 intelligentiam
630 2227 939 2274 sanctarum
961 2220 1369 2289 scripturarum,
1395 2228 1444 2272 et
1468 2219 1682 2272 abscon-

112 2309 177 2361 dit
209 2309 332 2363 illud
362 2312 420 2364 in
455 2311 639 2381 farine
661 2319 783 2366 sata
816 2312 941 2377 tria,
979 2319 1035 2365 ut
1065 2311 1286 2381 spiritus
1328 2321 1376 2365 et
1410 2312 1592 2365 anima
1629 2319 1680 2364 et

113 2415 271 2469 corpus
295 2402 350 2454 in
384 2419 556 2455 unum
605 2403 822 2456 redacta
844 2403 983 2456 inter
1020 2419 1074 2457 se
1095 2418 1199 2456 non
1240 2401 1554 2472 discrepent,
1589 2401 1679 2455 sed

120 2492 367 2560 impetrent
391 2511 424 2548 a
451 2503 632 2564 patre,
675 2495 929 2564 quicquid
960 2495 1226 2564 petierint.
1264 2494 1452 2548 Amen.

176 2583 314 2639 1005.
351 2583 458 2641 Iste
485 2587 605 2641 dux
635 2585 963 2642 Godefridus
993 2586 1173 2641 dictus
1205 2594 1289 2641 est
1312 2585 1674 2642 Eibamensis.

121 2672 227 2728 Erat
246 2685 421 2731 autem
452 2676 657 2744 Eiham
703 2677 963 2748 oppidum
991 2685 1046 2732 et
1087 2686 1332 2733 castrum
1376 2677 1682 2732 munitissi-

119 2778 242 2816 mum
265 2765 432 2833 (389),
463 2774 522 2821 et
565 2765 725 2821 sedes
771 2765 1091 2836 principalis
1130 2767 1362 2823 ducatus
1389 2767 1544 2838 regni
1575 2766 1680 2823 Lo-

121 2853 303 2909 tharici.
335 2854 438 2922 Qui
459 2857 579 2912 dux
607 2855 936 2912 Godefridus
965 2856 1124 2912 duxit
1152 2857 1486 2926 Mathildem,
1511 2859 1680 2913 tiliam

121 2942 403 3003 Herimanni
444 2949 610 3006 ducis
655 2947 956 3015 Saxonum,
997 2949 1220 3004 viduam
1265 2950 1510 3004 relictam
1557 2949 1681 3004 Bal-

124 3035 294 3091 dewini
336 3041 582 3106 comitis,
611 3039 706 3109 qui
739 3048 858 3094 erat
891 3039 1036 3095 filius
1066 3038 1275 3095 Arnulﬁ
1304 3041 1487 3112 magni
1529 3057 1679 3095 mar--

1782 1945 1959 1994 strum
1990 1939 2044 1993 in
2066 1953 2132 1995 eo
2161 1947 2444 1995 exstruere
2469 1941 2784 2012 aggreditur
2805 1943 2894 1998 ⁸⁸⁸.

1855 2051 2012 2106 1086.
2043 2051 2178 2126 (Ιὸ.)
2219 2055 2617 2127 Amigemensis
2647 2058 2880 2114 cmuobii
2912 2059 3247 2127 fundatores,
3265 2059 3362 2132 qui
3446 2059 3448 2061 ’

1782 2143 2039 2199 omnibus
2060 2145 2305 2215 abjcctis,
2331 2146 2404 2202 ita
2423 2147 2554 2201 nudi
2581 2147 2651 2202 ad
2671 2148 3032 2204 editicandum
3060 2149 3362 2206 claustrum

1782 2244 2170 2303 convenerant,
2193 2245 2254 2294 ut
2289 2237 2458 2292 nichil
2485 2253 2694 2307 secum,
2723 2250 2903 2310 preter
2931 2255 3101 2310 panes
3132 2249 3264 2308 tres,
3287 2241 3367 2296 di—

1781 2327 2009 2381 midium
2037 2345 2258 2386 caseum
2287 2339 2341 2386 et
2366 2347 2537 2402 pauca
2573 2331 2906 2388 ferramenta
2927 2333 3241 2400 detulerint,
3272 2335 3364 2389 vix

1784 2419 1956 2475 tribus
2005 2421 2166 2477 annis
2197 2424 2424 2490 exactis,
2475 2439 2506 2478 a
2543 2423 2786 2480 Gcrardo
2819 2424 3202 2480 Cameracensi
3249 2427 3366 2496 epi-

1783 2527 1949 2582 scopo
1978 2512 2032 2566 in
2068 2513 2279 2568 honore
2311 2515 2687 2584 apostolorum
2728 2515 2874 2570 Petri
2909 2529 2963 2572 et
3003 2515 3158 2571 Pauli
3191 2517 3369 2572 eccle-

1781 2603 1920 2658 siam
1948 2603 2189 2658 dedicari
2215 2603 2442 2660 faciunt.
2468 2605 2764 2660 Comitissa
2793 2606 2961 2661 Adela
2985 2623 3110 2661 cum
3137 2606 3358 2662 duobus

1781 2695 1908 2750 ﬁliis
1934 2696 2070 2762 suis,
2106 2695 2360 2752 Heinrico
2383 2706 2438 2753 et
2469 2696 2782 2765 Godefrido,
2809 2699 2877 2752 ad
2898 2699 3261 2754 ediﬁcandum
3291 2699 3371 2754 in-

1781 2785 1857 2842 ibi
1911 2787 2224 2843 emnobium
2277 2789 2512 2844 eundem
2574 2789 2754 2845 locum
2813 2791 3064 2845 libertate
3125 2790 3367 2846 donavit.

1781 2875 2014 2932 Predicti
2058 2877 2259 2934 fratres
2303 2880 2626 2947 monachos,
2667 2897 2697 2934 a
2740 2880 2942 2951 quibus
2982 2881 3368 2936 monachicum

1783 2969 2028 3024 ordinem
2059 2970 2353 3039 discerent,
2386 2972 2491 3027 sibi
2527 2972 2950 3027 adsociaverunt
2978 2971 3073 3044 (V.
3108 2972 3368 3043 Amulﬁ.)

1782 3059 2065 3128 Arnulfus,
2123 3060 2468 3119 Suessonicse
2526 3063 2762 3119 civitatis
2810 3064 3122 3134 episcopus,
3175 3065 3369 3135 spiritu

123 3122 342 3224 ξδίξωξξχ
372 3126 448 3183 De
472 3145 589 3224 (ιξια
619 3128 762 3224 idem
802 3128 1130 3186 GOdeﬁ'idus
1161 3131 1347 3202 εειιιιῑι
1373 3139 1485 3186 "es
1510 3131 1676 3199 ﬁlios,
1705 3161 1750 3224 ρ
1781 3122 2083 3222 prophetie,
2112 3153 2352 3223 puritate
2376 3155 2508 3223 vite,
2532 3163 2586 3211 et
2605 3122 2886 3211 miraculis
2907 3122 3235 3210 venerabilis
3266 3155 3362 3211 cla-

125 3209 463 3287 Godelridum,
505 3221 896 3291 Gozcelonem,
924 3223 1301 3280 Hezcelonem.
1335 3225 1564 3283 Hezcelo
1585 3243 1680 3283 co-

126 3319 237 3371 mes,
265 3320 380 3377 post
413 3323 652 3368 mortem
683 3315 860 3382 ducis,
897 3324 1142 3370 castrum
1178 3315 1370 3371 Eiham
1402 3333 1526 3372 cum
1557 3335 1683 3389 pro-

126 3393 274 3450 vincia
302 3397 663 3457 Brabantensi
691 3405 932 3475 suscepit
958 3413 1014 3460 et
1056 3406 1149 3461 diu
1181 3407 1372 3461 tenuit.
1411 3405 1510 3463 Hic
1534 3409 1678 3464 enim

128 3489 283 3552 genuit
306 3490 473 3548 filium
500 3495 729 3550 nomine
751 3494 1168 3565 llerimannum,
1186 3507 1241 3554 et
1262 3498 1431 3554 ﬁlium
1459 3501 1684 3556 nomine

129 3572 449 3652 Berthildem;
476 3587 577 3656 qui
601 3586 730 3640 dum
759 3588 942 3642 adhuc
963 3589 1196 3659 juvenes
1221 3599 1426 3656 essent,
1441 3591 1682 3648 defuncti

131 3679 255 3739 sunt,
292 3682 340 3728 et
367 3676 419 3729 in
451 3677 688 3732 ecclesia
712 3678 855 3749 apud
880 3679 1103 3735 Felseka
1128 3682 1346 3752 sepulti.
1369 3682 1474 3749 Qui
1497 3692 1683 3753 postea

133 3760 288 3818 multis
323 3767 721 3823 miraculorum
763 3769 935 3840 signis
975 3771 1311 3840 claruerunt,
1338 3774 1433 3829 sed
1480 3791 1512 3829 a
1549 3774 1684 3831 Ver-

132 3848 430 3915 dunensibus
461 3861 754 3917 monachis
787 3861 994 3926 furtive
1035 3864 1202 3919 ablati
1249 3874 1396 3920 sunt.
1441 3865 1682 3923 Alteram

132 3956 317 4016 Quoque
365 3951 537 4007 tiliam
590 3953 814 4009 tradidit
858 3956 1052 4025 nuptui
1087 3955 1373 4026 Reginero,
1415 3957 1683 4016 Monteusi

132 4041 306 4107 comiti,
335 4044 501 4101 simul
537 4062 661 4102 cum
694 4055 806 4102 tota
835 4049 1122 4118 lprovincia
1150 4049 1527 4108 Brabantensi.
1575 4052 1682 4108 De-

133 4125 232 4183 inde
252 4148 364 4190 cum
387 4139 580 4194 omnia
609 4155 708 4194 sua
740 4139 807 4194 ad
836 4149 1022 4194 votum
1055 4143 1383 4210 ordinasset,
1415 4145 1606 4200 relicto
1627 4145 1683 4199 in

133 4233 294 4279 manus
323 4226 583 4301 Regineri
612 4239 796 4286 castro
819 4239 873 4285 et
893 4232 1175 4299 comitatu,
1208 4236 1350 4303 apud
1366 4233 1707 4290 Verdunum.

135 4307 326 4372 etl'ectus
347 4329 428 4376 est
467 4322 792 4377 monachus.

189 4403 414 4466 1007.1ιι
469 4411 729 4468 Gandavo
774 4413 1041 4468 adventus
1083 4414 1332 4484 corporis
1376 4417 1551 4470 sancti
1593 4416 1683 4471 Li-

132 4492 220 4547 vini
242 4495 585 4579 Hibernensis
621 4505 1018 4575 archiepisc0pi
1047 4515 1101 4560 et
1130 4507 1384 4579 martyris
1421 4509 1676 4579 piissimi,
1707 4505 1759 4564 D

137 4580 188 4634 l6
207 4583 310 4642 Kal.
337 4577 488 4664 Sept.
519 4593 608 4648 ⁸⁸⁸.

187 4673 324 4733 1030.
361 4682 562 4738 Comes
583 4681 906 4750 Balduinus,
935 4685 1027 4754 qui
1054 4685 1233 4742 dictus
1269 4697 1353 4743 est
1385 4687 1675 4756 Barbatus,

135 4773 438 4850 tongregatis
478 4773 786 4828 marchisiae
826 4789 941 4829 sua:
981 4785 1296 4832 sanctorum
1333 4781 1678 4850 corporibus,

137 4848 354 4941 liavonis,
392 4863 807 4936 Wandregisili,
850 4865 1105 4936 Amandi,
1157 4868 1407 4938 Vedasti,
1432 4848 1676 4941 _Bertini,

137 4939 387 5021 Wiunoci,
433 4971 559 5010 cum
630 4956 752 5010 aliis
818 4957 1309 5018 innumerabilibus
1364 4973 1677 5020 sanctorum

139 5034 378 5110 reliquiis,
426 5055 676 5116 presente
730 5046 955 5118 Ilugone
998 5049 1350 5107 Noviomensi
1420 5055 1678 5126 episcopo

85 5133 92 5138 ’
139 5137 240 5220 Cum
262 5134 372 5191 aliis
411 5138 659 5208 pluribus
706 5140 944 5210 episcopi
971 5157 997 5195 s
1018 5149 1072 5196 et
1105 5143 1415 5212 abbatibus,
1448 5163 1678 5220 congre-

142 5219 253 5280 Katis
283 5228 440 5285 totius
460 5230 612 5300 regni
635 5231 719 5285 sui
749 5231 1076 5300 primatibus
1115 5236 1258 5304 apud
1286 5236 1678 5307 Aldenardum,

141 5317 293 5371 Pacem
313 5318 376 5373 ab
399 5321 548 5374 omni
575 5321 775 5391 populo
803 5321 1148 5392 conjuratam
1191 5325 1395 5382 ﬁrmari
1423 5327 1565 5383 fecit.

1785 3243 1922 3311 ruit;
1965 3243 2266 3301 Aldenbort
2290 3245 2441 3319 (590)
2490 3248 2547 3302 in
2591 3248 2822 3304 ecclesia
2861 3248 3037 3304 sancti
3081 3247 3229 3305 Petri
3273 3247 3371 3306 Dei

1784 3344 1920 3390 nutu
1950 3337 2234 3408 sepelitur.

1852 3448 2010 3505 1087.
2051 3449 2298 3506 Domnus
2330 3449 2651 3520 Fulgentius
2686 3451 2853 3522 hujus
2896 3453 3114 3508 cenobii
3157 3453 3370 3524 primus

1784 3542 1952 3597 abbas
1991 3543 2094 3598 hoc
2121 3557 2267 3598 anno
2291 3543 2496 3598 electus
2529 3543 2690 3598 estin
2712 3542 3006 3599 festivitate
3031 3545 3208 3600 sancti
3233 3543 3372 3600 Mar-

1784 3632 1885 3686 tini
1911 3632 1980 3668 “5
2017 3633 2188 3704 (Hist.
2216 3633 2362 3706 Αῃι.)
2386 3632 2542 3705 Hugo
2565 3633 2735 3690 abbas
2757 3633 3140 3691 Cluniacensis
3170 3636 3372 3705 pietate

1786 3723 2036 3795 insignis,
2063 3725 2395 3782 discretione
2421 3725 2738 3798 precipuus,
2763 3726 3052 3782 sanctitate
3073 3733 3126 3782 et
3149 3726 3371 3798 religio-

1787 3837 1854 3876 ne
1889 3819 2071 3873 clarus
2101 3818 2351 3873 habetur.

1855 3909 2014 3964 1088.
2047 3907 2182 3980 (1b.)
2211 3907 2324 3963 Hoc
2352 3923 2497 3964 anno
2522 3909 2760 3964 domnus
2788 3907 3127 3979 Fulgentius,
3157 3907 3369 3978 primus

1786 4000 1950 4069 hujus
1983 3997 2195 4053 cenobii
2239 3997 2430 4065 abbas,
2473 4006 2828 4054 consecratus
2858 4005 2944 4052 est
2983 3997 3040 4051 in
3076 3996 3371 4052 festivitate

1785 4087 1962 4145 sancti
1985 4086 2232 4160 Georgii.

1856 4201 2019 4259 1091.
2051 4203 2186 4275 (1b.)
2219 4201 2431 4258 Nobilis
2457 4201 2543 4256 vir
2564 4199 2936 4256 Heribrandus
2960 4201 3143 4256 divina
3165 4201 3371 4255 revela-

1785 4297 1932 4354 tione
1972 4295 2309 4354 ammonitus
2355 4309 2386 4349 a
2427 4301 2618 4348 sancto
2638 4293 2820 4361 Petro,
2863 4309 2922 4349 se
2951 4309 2981 4348 a
3016 4294 3371 4348 damnatione

1783 4390 1976 4445 videns
2000 4389 2334 4454 absolutum,
2365 4385 2510 4456 apud
2541 4385 2824 4457 Alllighem
2857 4385 2924 4464 ad
2953 4385 3370 4441 conversionem

1783 4481 1950 4536 venit.
1989 4479 2094 4547 Qui
2125 4478 2404 4534 tricesimo
2433 4477 2522 4532 die
2565 4493 2695 4532 mox
2725 4494 2754 4531 a
2778 4477 2890 4532 Deo
2921 4487 3166 4532 vocatur.
3193 4475 3370 4544 Quem

1785 4572 1956 4628 secuti
1989 4571 2233 4642 quinque
2265 4571 2359 4624 lilii
2402 4570 2541 4640 ejus,
2568 4568 2738 4624 frater
2776 4585 2996 4639 quoque
3047 4569 3228 4639 magni
3269 4584 3370 4622 no-

1784 4662 1950 4719 minis
1975 4673 2029 4718 et
2065 4663 2327 4733 potentic,
2363 4662 2585 4716 nomine
2613 4660 2968 4732 lggelbertus,
3002 4655 3196 4716 omnes
3237 4669 3368 4715 ton-

1784 4755 1950 4811 sorati
2005 4755 2073 4809 ad
2136 4753 2364 4809 celestes
2413 4753 2704 4807 thesauros
2766 4758 2982 4806 terrena
3037 4751 3369 4821 patrimonia

1784 4846 2202 4902 transtulerunt.

1859 4959 2018 5014 1095.
2057 4956 2432 5023 Lanirancus,
2469 4953 2880 5011 Cantuariensis
2918 4955 3148 5010 ecclesie
3189 4956 3371 5010 archi-

1785 5053 2074 5123 episcopus
2102 5051 2244 5106 diem
2279 5050 2534 5103 ultimum
2574 5047 2796 5103 claudit.
2850 5045 2953 5101 Cui
2981 5047 3222 5102 succedit
3252 5047 3368 5100 An-

1786 5147 2010 5211 selmus,
2048 5145 2156 5199 vita
2200 5151 2255 5198 et
2294 5141 2542 5197 doctrina
2584 5140 2899 5210 precipuus,
2931 5139 3032 5194 llos
3065 5139 3366 5209 presulum,

1785 5237 1878 5291 lux
1910 5237 2103 5306 patrie,
2129 5251 2226 5305 per
2255 5233 2438 5288 omnia
2481 5231 2726 5285 imitator
2753 5229 3022 5299 magistri,
3061 5228 3156 5299 qui
3196 5235 3252 5283 et
3284 5226 3369 5280 di—

1786 5345 1945 5384 versa
1981 5328 2245 5399 opuscula
2273 5322 2603 5393 conscripsit
2627 5322 2796 5391 (39-1).

1373 5439 1606 5495 VARIAS
1654 5439 2060 5495 LECTIONES.

199 5511 256 5546 “‘
273 5518 396 5597 ⁸Ηιιξε
422 5525 475 5577 in
497 5525 795 5597 cod._addit
819 5543 1004 5597 manus
1029 5528 1191 5596 paulo
1223 5533 1498 5585 recentior.
1574 5531 1646 5564 ⁸⁸⁸
1662 5531 1792 5587 Hcce
1821 5541 1870 5586 et
1896 5527 2458 5586 codiccCcmblacensi
2492 5541 2679 5580 manus
2697 5524 2754 5579 1λ
2773 5521 2982 5576 addidit
3006 5521 3074 5591 (et
3098 5517 3219 5576 inde
3238 5517 3363 5588 F3),

1608 5668 1838 5726 NOTAE.

149 5587 192 5630 ιιι
212 5589 392 5661 opinor,
412 5612 475 5649 ea:
497 5597 610 5666 ipso
620 5587 819 5650 'nostro
841 5595 961 5650 85‘.

368 5734 601 5808 ﬁenham
628 5737 741 5790 sive
765 5736 1018 5802 Eenaem,
1049 5755 1216 5808 prope
1245 5738 1615 5793 Oudenaarde.

203 5793 325 5869 (590)
361 5802 684 5877 Oudcnburg
715 5824 878 5878 prope
908 5793 1176 5876 (istm-ult";
1217 5809 1284 5863 cf.
1326 5810 1540 5873 Contin,
1578 5810 1675 5866 Ur-

1787 5739 2140 5809 sicampiuam
2172 5756 2220 5792 a.
2255 5736 2406 5809 1087.

1865 5805 2013 5878 (59⁷1)
2055 5809 2138 5864 Cf.
2171 5808 2388 5864 (ἶυιιιὶη.
2427 5805 2861 5878 Ursicampinam
2893 5824 2941 5861 a.
2977 5805 3127 5861 1097.
