3914 6314
457 398 563 454 283

461 600 625 668 hujus
671 595 910 651 nominis
957 593 1191 650 Tornaci
1237 590 1540 660 perimitur.
1582 588 1837 645 Succedit
1873 586 2037 642 frater

459 691 582 761 ejus
606 687 952 744 Godefridus.

535 801 673 857 1096
709 801 877 872 (Hist.
905 800 1048 870 Am.)
1071 797 1162 853 lda
1184 793 1591 851 Boloniensium
1619 791 1900 848 comitissa
1929 796 2039 844 tra-

463 895 784 952 diditnobis
809 893 1117 958 ecclesiam,
1143 906 1264 961 qua:
1285 898 1368 944 est
1398 889 1452 942 in
1481 888 1612 941 villa
1631 885 1889 954 Genapia,
1913 897 2040 938 cum

463 986 690 1042 decimis
725 995 779 1040 et
808 985 1078 1039 universis
1109 984 1227 1054 ejus
1252 981 1537 1046 reditibus,
1575 975 2041 1049 consentientibus

464 1078 590 1132 ﬁliis
631 1076 750 1146 ejus
784 1075 1076 1130 Godeﬁ-ido
1117 1075 1275 1140 duce,
1317 1071 1613 1126 Eustachio
1647 1077 1700 1124 et
1752 1067 2037 1121 Balduino.

463 1167 610 1222 Idem
662 1166 1161 1238 Godefridusdux,
1213 1164 1357 1218 ﬁlius
1404 1163 1542 1232 ejus,
1588 1161 1643 1213 in
1687 1159 1875 1213 eadem
1915 1157 2042 1211 villa

463 1260 704 1330 quinque
734 1274 956 1314 mansos
985 1267 1127 1312 terre
1162 1257 1320 1311 nobis
1352 1255 1593 1319 donavit,
1630 1253 1697 1306 ad
1742 1266 1882 1321 quos
1925 1250 2042 1319 ipsa

464 1359 655 1420 postea
675 1349 938 1424 quasdam
969 1358 1149 1418 partes
1180 1346 1650 1415 circumjacentes,
1681 1343 1839 1413 plane
1875 1355 2043 1394 unum

467 1442 825 1507 continentes,
858 1440 912 1494 in
937 1448 1288 1512 augmentum
1315 1437 1604 1493 concessit.

537 1554 696 1610 1099.
728 1555 860 1626 (1b.)
888 1554 1090 1642 Cellam
1129 1552 1426 1607 Fraxinam
1469 1551 1703 1606 domnus
1729 1546 2045 1618 Fulgentius

467 1648 638 1703 abbas
672 1648 910 1717 suscepit
939 1646 1251 1717 regendam.

540 1738 698 1794 “00.
733 1738 867 1810 (1b.)
910 1737 1115 1792 Cellam
1157 1735 1332 1792 sancti
1362 1734 1591 1790 Andreae
1629 1747 1796 1803 prope
1837 1731 2045 1802 Brugas

771 458 776 461 η
1589 381 1952 441 SIGEBERTI
1990 369 2514 437 GEMBLACENSIS

533 507 689 562 1095.
741 468 1052 576 (lluinricus
1102 515 1286 556 comes
1331 496 1709 568 Lovaniensis)
1762 495 2036 551 secundus
2065 502 2114 559 Α
2209 495 2366 549 1149.
2585 492 2671 545 12.
2740 489 2868 562 ‘_F.
2916 490 2997 544 ιδ.

3602 366 3715 425 εει

3136 487 3200 542 Α.
3244 488 3331 541 15.
3486 484 3552 540 Η.
3594 487 3645 541 5.

2209 586 2387 657 (Auct.
2416 567 3266 654 Acquic.)hnperatorConradus
3289 587 3344 633 et
3370 594 3465 632 rex
3493 576 3720 631 Francie

2138 677 2464 733 Ludowicus
2493 677 2610 730 sine
2639 662 2751 729 ullo
2784 673 2975 728 eﬁeclu
3010 672 3349 742 procinctum
3387 669 3627 733 solvunt,
3667 677 3724 722 et

2139 770 2207 824 ab
2254 769 2446 823 itinere
2491 760 2975 821 liieroso‘limorum
3013 770 3382 827 revertuntur,
3422 773 3724 829 numquam

2141 857 2327 918 audita
2353 870 2504 917 tanta
2529 846 2847 914 infelicitate
2869 856 3005 911 tanti
3035 855 3329 910 exercitus.
3362 851 3588 924 Hiemps
3610 865 3728 922 gra-

2139 955 2364 1010 vissima
2392 955 2425 1008 4
2453 936 2984 1008 [ηθηςίὶιυεὶἰιναιιιίι
3005 956 3060 1002 et
3087 946 3389 1018 praevaluit.

2212 1058 2370 1114 “50.
2601 1056 2686 1110 15.
2768 1051 2772 1053 ’
2918 1052 3007 1106 14.
3229 1049 3313 1104 14.
3601 1045 3651 1099 6.

2211 1161 2386 1231 (Auct.
2415 1158 2626 1229 Aquic.)
2657 1154 2786 1210 Orta
2815 1163 2898 1209 est
2929 1151 3205 1208 contentio
3239 1151 3382 1204 inter
3407 1146 3731 1202 Heinricum

2142 1260 2458 1330 episc0pum
2486 1255 2861 1318 Leodiensem,
2891 1261 2943 1306 et
2972 1249 3284 1305 Heinricum
3318 1247 3575 1301 comitem
3616 1242 3731 1298 Na-

2143 1365 2482 1406 mucensem.
2518 1347 2715 1403 Comes
2743 1345 2985 1415 quidem,
3011 1351 3072 1398 ut
3107 1340 3512 1403 dominaretur,
3547 1337 3733 1389 inten-

2054 1464 2057 1466 ·
2144 1444 2338 1508 debat;
2389 1441 2699 1511 episcopus,
2731 1445 2791 1491 ut
2835 1436 2920 1491 sui
2973 1435 3042 1489 ab
3091 1433 3209 1504 ejus
3255 1428 3633 1486 dominatione
3683 1432 3739 1479 et

2145 1535 2295 1606 gravi
2343 1531 2697 1606 oppressione
2745 1529 3126 1591 liberarentur,
3176 1522 3476 1592 satagebat.
3537 1517 3739 1572 Milites

2146 1625 2360 1683 comitis
2411 1624 2466 1677 in
2520 1620 2794 1692 quandam
2826 1618 3034 1682 villam,
3067 1630 3174 1685 que
3220 1622 3450 1667 vocatur
3499 1607 3741 1677 Hoylon,

2147 1723 2535 1778 convenerant,
2567 1727 2800 1783 quorum
2847 1724 3012 1775 unus,
3056 1706 3150 1777 qui
3197 1705 3381 1774 potior
3424 1699 3738 1761 videbatur,

467 1831 631 1886 sitam
659 1831 894 1885 domnus
921 1830 1091 1884 abbas
1118 1827 1436 1898 Fulgentius
1458 1826 1698 1894 suscepit
1726 1796 2039 1894 regendam.
2075 1849 2118 1902 Β
2147 1834 2344 1874 manus
2369 1818 2425 1871 in
2468 1816 2804 1885 episcopum,
2841 1819 2900 1865 ut
2932 1824 3056 1865 eum
3110 1812 3350 1876 caperet,
3381 1800 3579 1871 injecit
3603 1817 3618 1865 ;
3650 1796 3745 1853 sed

540 1945 697 2000 “00.
733 1944 1027 2000 Anselmus
1055 1944 1455 2011 Laudunensis,
1477 1945 1689 2014 {doctor
1731 1945 2038 2006 doctorum,

467 2042 748 2110 preclarus
781 2041 1041 2107 habetur;
1075 2041 1167 2110 qui
1197 2055 1307 2093 non
1343 2039 1444 2095 soli
1476 2039 1579 2094 sibi
1617 2039 1903 2105 laboravit,
1948 2037 2044 2092 sed

470 2133 526 2186 in
557 2134 668 2187 vita
703 2149 802 2188 sua
840 2132 1322 2187 multos'e'rudiens
1369 2141 1491 2201 post
1527 2140 1755 2186 mortem
1797 2139 2060 2200 posteros-

468 2225 660 2279 beatos
683 2225 828 2292 fecit,
854 2242 995 2295 quos
1017 2226 1234 2295 scriptis
1261 2226 1376 2280 suis
1397 2224 1608 2280 ditavit.

546 2356 702 2411 “05.
745 2357 1064 2413 lmmunitas
1086 2357 1716 2429 Aﬁligemensisecelesie
1732 2358 1895 2412 etiam
1919 2371 2050 2427 apo—

472 2445 663 2500 stolica
691 2449 1013 2502 auctoritate
1039 2466 1068 2502 a
1099 2449 1520 2520 Paschali'papa
1548 2449 1871 2504 corrobatur
1904 2462 2050 2502 anno

473 2536 505 2591 6
529 2539 872 2606 pontiﬁcatus
893 2540 1030 2609 ejus.
1057 2539 1298 2595 Domnus
1320 2539 1638 2612 Fulgentius
1659 2540 1827 2595 abbas
1846 2540 2048 2606 locum,

474 2629 568 2697 qui
590 2628 782 2684 Forest
811 2631 1031 2697 dicitur,
1065 2633 1312 2701 suscipit.

550 2743 708 2798 “19.
755 2743 960 2799 Cellam
989 2746 1044 2799 in
1077 2745 1381 2801 Bornehem
1407 2746 1559 2817 (592)
1612 2745 1848 2802 domnus
1887 2745 2055 2800 abbas

476 2830 796 2902 Fulgentius
832 2837 1071 2904 suscepit
1111 2837 1423 2905 regendam,
1470 2837 1715 2891 tradente
1743 2837 1956 2901 abbate,
2003 2844 2058 2890 et

449 2925 758 2988 ,canonicis
780 2926 900 2995 ejus
929 2927 1212 2982 monachis
1236 2926 1413 2993 factis,
1437 2929 1561 2998 quia
1585 2943 1679 2998 per
1698 2943 1792 2983 cos
1815 2927 1926 2998 regi
1950 2943 2056 2998 non

479 3026 693 3087 poterat
726 3018 815 3073 “‘5.

2144 1912 2261 1982 ipse
2286 1926 2346 1966 se
2373 1909 2442 1964 ab
2467 1922 2533 1963 eo
2563 1905 2896 1975 subripiens,
2925 1902 3098 1955 iratus
3124 1913 3254 1970 suos
3277 1895 3345 1949 ad
3367 1907 3564 1948 eorum
3614 1888 3744 1944 sub-

2148 1980 2455 2056 versionem
2509 1996 2726 2063 fortiter
2774 1986 3352 2051 incitavit.-Tandem,
3399 1980 3594 2037 nescio
3638 1992 3746 2047 quo

2146 2075 2468 2156 infortunio,
2493 2086 2722 2153 ecclesia
2749 2097 3012 2139 succensa
3033 2087 3137 2146 est,
3157 2086 3211 2132 et
3231 2084 3443 2138 omnes,
3472 2070 3572 2140 qui
3603 2069 3660 2121 in
3684 2083 3747 2122 ea

2146 2181 2521 2254 confugerant,
2549 2175 2818 2234 combusti
2851 2181 2998 2239 sunt,
3024 2166 3519 2233 miserabiliterque
3562 2158 3746 2230 perie-

2152 2249 2487 2344 runt..v(lb.)'
2543 2269 2784 2324 Tandem
2822 2269 3150 2334 congregato
3192 2256 3446 2325 utrinque
3476 2249 3748 2314 exercitu,

2149 2364 2426 2438 congressi
2467 2370 2623 2428 sunt;
2662 2360 2951 2429 episcopus
2983 2354 3232 2424 superior
3272 2349 3453 2404 factus
3483 2353 3593 2399 est.
3644 2339 3750 2395 Co-

2152 2435 2338 2514 mitem
2367 2439 2593 2525 fugavit,
2629 2452 2696 2507 de
2719 2450 2835 2504 suis
2877 2446 3214 2517 potentiores
3259 2441 3428 2510 cepit,
3479 2435 3580 2492 sed
3617 2449 3748 2489 cum

2154 2547 2455 2617 miserabili
2476 2547 2604 2615 cede
2639 2544 2936 2599 multorum
2959 2538 3186 2593 victoria
3207 2534 3410 2605 potitus
3433 2539 3540 2585 est.

2172 2687 2178 2691 .
2231 2640 2390 2696 1151.
2526 2675 2530 2679 ι
2616 2636 2702 2692 14.
2926 2631 3015 2686 15.
3236 2627 3318 2680 15.
3623 2619 3679 2676 7.

2232 2740 2412 2809 (Auct.
2443 2734 2660 2808 Aquic.)
2708 2733 2945 2788 Fructus
2992 2738 3139 2786 terra
3168 2727 3362 2781 uberes
3397 2721 3617 2784 habuit,
3661 2719 3753 2774 sed

2157 2839 2470 2911 pluviarum
2504 2833 2858 2891 inundatione
2891 2848 2922 2885 a
2952 2815 3245 2885 festivitate
3278 2823 3452 2882 sancti
3478 2819 3753 2881 Johannis

2159 2955 2333 3009 usque
2355 2939 2423 2991 ad
2453 2935 2690 2990 medium
2716 2931 3020 3002 Augustum
3054 2927 3238 2983 omnia
3261 2930 3532 2988 vastante,
3554 2921 3654 2973 vix
3685 2916 3748 2972 ad

2160 3037 2526 3092 maturitatem
2555 3032 2823 3104 perduxit.
2852 3027 2990 3082 Nam
3018 3027 3208 3082 vinum
3237 3033 3293 3079 et
3343 3021 3510 3078 ceteri
3538 3019 3756 3073 fructus

493 3174 495 3176 ·
557 3155 713 3210 1120.
746 3154 890 3211 Obiit.
912 3156 1146 3212 domnus
1173 3155 1491 3227 Fulgentius
1528 3156 1699 3212 abbas
1722 3153 1933 3225 primus
1958 3152 2058 3208 Af-

2171 3153 2360 3209 magna
2383 3152 2450 3191 ex
2472 3142 2624 3206 parte
2649 3131 2983 3194 defecerunt,
3023 3135 3076 3182 et
3113 3124 3262 3195 quod
3293 3123 3360 3178 de
3404 3120 3531 3175 uvis
3583 3117 3753 3173 colle-

2201 3239 2214 3247 .
2279 3246 2305 3247 η
2483 3228 2530 3247 ,μ
2575 3240 2784 3247 _--_-_
2817 3235 3033 3247 Mm...
3067 3224 3149 3247 Μ.

483 3249 834 3321 ﬂigemensis,
877 3251 986 3320 qui
1028 3251 1172 3304 bono
1223 3248 1427 3304 Christi
1477 3250 1644 3304 odore
1686 3265 1784 3304 sua
1845 3246 2061 3303 ornavit

484 3350 734 3412 tempora
767 3359 942 3412 usque
986 3342 1052 3397 ad
1089 3342 1618 3397 consummationem
1646 3342 1772 3396 vite.
1807 3339 2063 3395 Succedit

485 3433 724 3488 domnus
774 3433 984 3489 Franco
1031 3437 1272 3490 secundo
1313 3435 1436 3490 loco
1489 3435 1659 3489 abbas
1711 3433 2060 3496 constitutus,

486 3540 614 3579 vere
645 3526 700 3579 in
739 3526 926 3580 multis
970 3526 1280 3581 laudabilis.
1315 3517 1604 3580 Basilicam
1631 3524 2063 3594 Aﬁligemensem

487 3615 753 3684 fundavit,
782 3617 934 3673 libris
965 3627 1018 3672 et
1040 3617 1376 3673 ornamentis
1404 3633 1525 3671 eam
1558 3614 1852 3681 decoravit,
1880 3612 2068 3683 predia

488 3710 784 3780 ampliavit,
811 3711 1126 3782 religionem
1151 3711 1495 3766 conﬁrmavit
1513 3709 1602 3762 “7.

563 3801 721 3855 “2‘2.
759 3799 1100 3868 Norhbertus
1129 3801 1342 3855 claruit.
1506 3843 1512 3848 .
1633 3851 1636 3854 .

557 3891 714 3944 “'26.
758 3891 1057 3946 Balduinus
1096 3891 1418 3958 Gandensis,
1449 3890 1659 3960 primus
1701 3889 1841 3944 inter
1863 3886 2072 3958 primos

491 3981 744 4035 Flandrie
775 3989 829 4034 et
865 3980 1172 4047 Brabant-ie,
1214 3980 1632 4050 principumque
1670 3978 1939 4048 princeps,
1987 3990 2075 4030 se-

495 4073 620 4126 culo
645 4072 975 4128 renuncians
1007 4081 1342 4138 tonsoratur,
1371 4071 1769 4141 dcfunctusque
1790 4071 1843 4124 in
1877 4067 2076 4138 templo

493 4164 834 4235 Aﬁligemnie
861 4167 1120 4236 sepelitur
1144 4165 1236 4220 ⁷⁸⁵⁸.

2167 3239 2314 3286 ctum
2350 3236 2454 3296 est,
2482 3228 2539 3282 in
2570 3240 2789 3282 acorem
2817 3235 3037 3278 versum
3066 3224 3170 3272 est.

2233 3328 2392 3384 1152.
2621 3326 2708 3380 15.
2943 3319 3030 3374 16.
3246 3315 3334 3369 16.
3635 3310 3690 3363 8.

2238 3444 2416 3517 (Auct.
2450 3431 2664 3514 Aquic.)
2688 3437 2971 3497 Conradus
2995 3434 3288 3503 imperator
3310 3429 3452 3483 diem
3495 3424 3753 3517 ultimum

2169 3534 2400 3600 claudit;
2436 3511 2522 3588 cui
2550 3528 2817 3588 successit
2841 3523 3163 3579 Fredericus
3193 3519 3571 3572 Romanorum
3595 3511 3754 3577 ϐου,

2169 3625 2532 3682 consobrinus
2597 3622 2736 3691 ejus,
2799 3614 3059 3673 concordi
3116 3609 3423 3684 principum
3480 3603 3755 3660 sententia

2171 3726 2393 3781 electus.
2425 3720 2482 3775 ln
2513 3718 2742 3775 ecclesia
2788 3713 2960 3770 sancti
2999 3709 3226 3774 Nicolai,
3263 3720 3370 3776 que
3430 3707 3751 3756 constructa

2172 3818 2332 3882 estin
2358 3815 2519 3886 opido
2552 3807 2906 3873 Brusellensi,
2955 3811 3152 3861 sancta»
3186 3798 3355 3853 Maria
3401 3802 3581 3849 mater
3634 3790 3761 3845 Jesu

2175 3881 2379 3966 Christi
2395 3881 2626 3976 operata
2651 3910 2736 3959 est
2767 3908 2918 3954 tanta
2949 3893 3234 3958 miracula,
3259 3887 3403 3960 quod
3435 3901 3466 3940 a
3499 3881 3763 3953 tempori-

2173 4003 2276 4057 bus
2299 3999 2670 4071 apostolorum
2709 3993 2843 4048 adeo
2884 4002 3077 4059 magna
3101 3992 3156 4040 et
3197 3976 3503 4050 frequentia
3541 3976 3599 4029 in
3656 3983 3761 4028 tam

2177 4077 2333 4150 brevi.
2361 4103 2606 4160 tempore
2659 4098 2932 4153 nusquam
3000 4079 3111 4134 sint
3161 4068 3363 4129 audita.
3414 4068 3556 4122 Dum
3614 4065 3760 4120 enim

2179 4199 2452 4242 consensu
2476 4157 2698 4234 abbatis
2729 4169 3124 4244 Aﬁligemensis
3147 4175 3201 4222 et
3243 4161 3474 4218 consilio
3499 4157 3759 4218 fratrum,

569 4258 728 4312 “'54.
769 4255 1014 4314 Domnus
1063 4259 1277 4314 Franco
1331 4257 1604 4315 secundus
1654 4257 1822 4311 abbas
1871 4254 2080 4320 Afﬂige-
2181 4274 2442 4329 feretrum
2486 4269 2618 4324 illud
2644 4267 2698 4320 in
2732 4266 2940 4319 honore
2965 4267 3154 4316 sancte
3186 4253 3374 4318 Marie,
3407 4265 3546 4305 auro
3575 4257 3632 4302 et
3685 4261 3766 4299 ar-

499 4350 704 4405 mensis
731 4351 963 4404 moritur
987 4370 1000 4417 ;
1043 4350 1297 4406 Albertus
1325 4349 1568 4405 succedit
1596 4349 1686 4402 "‘7.

570 4441 728 4495 “'56.
768 4395 1014 4496 Domnus
1062 4390 1519 4496 Albertuasyabb’as
1549 4390 1944 4508 hmigemensis
1987 4390 2082 4506 pa-

2183 4375 2344 4437 gente
2402 4359 2778 4433 operiendum,
2829 4354 2898 4410 ab
2945 4343 3174 4407 ecclesia
3225 4341 3548 4399 Waverensi
3620 4337 3762 4409 (395)

2185 4471 2310 4511 cum
2342 4451 2536 4507 ceteris
2570 4446 2816 4518 reliquiis
2868 4457 2974 4513 que
3025 4440 3082 4494 in
3129 4436 3317 4492 eadem
3382 4429 3761 4487 continentur,

502 4529 718 4585 storalis
749 4546 879 4585 cure
906 4531 1087 4586 honus
1109 4530 1364 4602 deponit;
1394 4528 1629 4584 domnus
1669 4526 1865 4581 Petrus
1888 4541 2082 4581 succe-
2116 4525 2160 4580 D
2187 4546 2382 4600 fuisset
2411 4543 2633 4597 aHawm
2652 4581 2666 4606 ν
2700 4546 2753 4592 ει
2783 4537 2837 4590 in
2862 4531 3092 4588 ecclesia
3131 4527 3303 4584 smmi
3346 4521 3559 4577 Nicolai
3593 4533 3748 4573 re“-

503 4621 581 4676 dit
619 4621 706 4676 “7.

574 4715 731 4769 “59.
773 4714 989 4785 Dejecta
1021 4723 1104 4770 est
1128 4722 1341 4770 vetusta
1365 4712 1713 4768 Eihamensis
1745 4709 1997 4774 ecclesia,
2030 4715 2085 4763 et

505 4805 718 4874 incepta
745 4813 828 4860 est
853 4821 1015 4872 nova,
1044 4822 1073 4859 a
1106 4804 1390 4859 Snellardo
1423 4803 1637 4858 abbate.
1673 4801 1756 4855 Ab
1800 4801 1906 4855 isto
1938 4811 2084 4852 anno

507 4897 650 4966 cepit
681 4895 856 4952 fames
885 4897 952 4951 12
984 4913 1159 4952 annos
1191 4897 1515 4967 perdurans.

499 5062 502 5065 .
579 5011 738 5065 “40.
789 5010 1079 5068 Heinricus
1139 5027 1344 5078 comes,
1402 5010 1549 5064 ﬁlius
1581 5008 1756 5064 ducis
1809 5004 2088 5062 Godefridi

509 5105 792 5176 superiore
838 5121 983 5160 anno
1016 5101 1278 5171 defu‘ucti,
1335 5104 1528 5159 militie
1572 5101 1791 5173 cingulo
1841 5098 2090 5168 deposito

491 5197 908 5277 .Aflligcmensis
956 5200 1258 5252 monachus
1303 5196 1503 5263 factus,
1555 5193 1772 5250 celestis
1803 5189 1994 5245 militie
2025 5190 2095 5244 si—

510 5289 801 5360 gnaculum
850 5287 1088 5358 accepit,
1144 5295 1199 5342 et
1243 5287 1353 5341 cito
1399 5294 1626 5340 vocatus
1663 5299 1694 5337 a
1732 5281 1845 5336 Deo
1886 5279 2090 5349 migra-

509 5380 588 5436 vit
613 5381 702 5434 ⁸⁵⁸.

2187 4645 2369 4692 renter
2399 4636 2657 4696 locatum,
2682 4627 2866 4684 statim
2909 4630 3168 4695 cperante
3217 4617 3400 4672 divina
3425 4613 3653 4677 virtute,
3679 4622 3766 4679 per

2189 4728 2382 4783 merita
2415 4725 2646 4798 gloriose
2670 4718 2904 4791 Virginis
2939 4714 3053 4770 ceci
3084 4713 3281 4775 visum,
3314 4705 3466 4763 surdi
3502 4701 3766 4761 auditum,

2190 4819 2367 4877 claudi
2391 4794 2637 4888 gressum
2668 4810 2957 4880 recipiunt,
2984 4814 3039 4861 et
3082 4812 3161 4858 tot
3198 4798 3401 4855 inﬁrmi
3435 4795 3607 4850 variis
3655 4794 3769 4847 lan-

2194 4883 2457 4982 guoribus
2483 4904 2748 4976 oppressi,
2773 4918 2804 4956 a
2850 4896 3093 4970 paschali
3124 4888 3463 4948 hebdomada
3494 4901 3672 4956 usque
3720 4883 3768 4938 in

2195 4979 2337 5060 diem
2368 4996 2665 5055 nativitatis
2690 4992 2863 5049 sancti
2892 4987 3179 5050 Johannis,
3219 4982 3507 5038 sanitatem
3537 4979 3770 5046 optatam

2199 5091 2478 5150 consecuti
2514 5096 2661 5144 sunt.
2696 5085 2755 5139 Si
2798 5083 2997 5138 fratres
3029 5075 3339 5146 supradicte
3386 5070 3634 5128 ecclesiae
3680 5067 3772 5120 hec

2197 5201 2293 5255 per
2331 5182 2544 5253 singula
2573 5178 2683 5234 stili
2719 5174 2896 5231 ofﬁcio
2923 5170 3165 5226 ﬁdelium
3192 5164 3473 5223 memoria:
3499 5171 3772 5217 commen-

2198 5252 2440 5334 dassent,
2475 5288 2586 5325 non
2621 5282 2849 5339 parvum
2877 5263 3131 5317 volumen
3167 5257 3402 5330 posteris
3427 5252 3773 5324 profuturum

2200 5363 2674 5435 conscripsissent.
2714 5357 2831 5413 Hoc
2858 5357 3002 5412 bono
3049 5351 3218 5407 odore
3260 5356 3374 5404 tota
3417 5340 3697 5416 provincia
3724 5337 3774 5390 in

1801 5461 2058 5540 vanus
2102 5479 2508 5559 LECTIONES.

583 5589 653 5622 "’°
685 5589 812 5643 [hcc
835 5598 883 5642 et
914 5589 1035 5653 ΒΓ,
1060 5589 1138 5642 ι1⁶¹
1169 5586 1378 5640 habent.
1449 5584 1516 5614 “7
1546 5579 1674 5635 Ηωσ
1706 5579 1760 5632 in
1793 5576 1915 5642 BF,
1945 5576 2023 5629 4“
2049 5581 2256 5653 tantum
2287 5555 2493 5653 eat-tant,
2517 5569 2571 5622 in
2600 5566 2697 5620 133‘
2729 5579 2832 5618 non
2857 5561 3134 5631 leguntur;
3167 5556 3256 5610 sed
3280 5560 3520 5624 apparet,
3545 5565 3606 5606 ea
3626 5564 3658 5599 a
3694 5555 3769 5595 ιιι·

515 5663 653 5716 mine
686 5661 787 5712 nisi
813 5659 875 5712 ab
902 5642 1117 5712 auctore
1137 5654 1488 5728 Aﬁligemcnsi
1517 5652 1750 5722 profecto
1775 5663 1915 5712 esse;
1953 5645 2089 5701 unde
2115 5644 2200 5698 hic
2222 5642 2540 5696 exhibemus.

2026 5731 2257 5790 NOTAE.

588 5847 736 5918 (392)
776 5845 917 5899 inter
943 5843 1096 5897 Alost
1127 5849 1178 5896 et
1203 5836 1590 5909 Autwerpiam.

2283 5823 2428 5895 (593)
2465 5821 2700 5887 \Vawre,
2724 5834 2828 5874 non
2859 5813 3048 5887 procul
3075 5830 3104 5868 a
3129 5809 3425 5866 Waterloo.
