3914 6314
91 424 181 480 235
307 379 318 386 ’
933 393 1306 476 ςΗκοΝιεΑζ
1345 450 1413 458 -
1453 416 1654 473 Αυετι

1758 417 1863 474 ΠΜ
1904 420 2453 478 AFFLIGEMENSE.

3206 422 3312 480 286

90 539 220 596 brevi
243 553 517 608 respersa;
550 551 655 591 non
692 538 868 592 solum
913 553 976 592 ex
1009 537 1231 603 nostris,
1271 534 1365 590 sed
1392 533 1554 588 etiam
1580 549 1647 588 cx
1677 537 1719 594 Α
1749 537 2007 606 quicquid
2038 538 2091 591 in
2119 538 2237 606 ejus
2273 516 2430 591 laude
2459 520 2661 592 dictum
2687 534 2865 590 fuerit.
2891 534 3000 590 Nec
3026 552 3190 605 parva
3212 540 3315 592 mi—

91 630 227 683 valde
253 627 481 682 remotis
528 626 768 697 partibus
819 626 995 681 factus
1029 636 1110 682 est
1155 641 1459 682 concursus
1507 623 1645 678 divi~

92 731 188 776 tuin
210 728 259 774 et
284 734 620 788 pauperum;
651 719 863 774 diverse
886 719 1046 774 etatis
1084 727 1140 776 et
1165 718 1452 786 utriusque
1481 730 1646 770 sexus

91 811 253 865 ﬁdeles
309 825 438 864 cum
505 809 871 864 oblationibus
929 811 1050 864 suis
1113 817 1484 864 convenerunt
1516 847 1531 870 ,
1593 814 1648 860 et

91 911 274 956 tantam
304 900 616 970 pecuniam,
647 916 754 970 que
782 917 890 954 non
922 899 1080 954 facile
1114 897 1390 952 numerari
1436 901 1644 966 potest,

91 994 176 1046 hac
203 992 411 1045 ratione
441 991 786 1046 dividendam
820 991 1165 1056 obtulerunt;
1211 988 1408 1059 partim
1441 987 1649 1043 scilicet

91 1083 134 1136 in
162 1081 554 1136 sustentatione
583 1097 906 1152 pauperum,
934 1082 1132 1152 partim
1163 1081 1217 1135 in
1253 1079 1650 1136 restauratione

89 1172 443 1236 ecclesiarum,
478 1172 674 1242 partim
706 1172 762 1227 in
822 1187 958 1228 usus
1016 1170 1246 1226 fratrum
1321 1170 1378 1225 in
1420 1169 1648 1224 ecclesia

90 1261 469 1333 liaﬁligemensi
491 1264 578 1318 vel
607 1262 924 1318 Waverensi
950 1262 1059 1318 Deo
1084 1253 1650 1317 servientium.Abbas

91 1357 231 1410 etiam
251 1354 692 1426 Hamigemensis
718 1364 772 1411 et
795 1354 990 1411 fratres
1018 1354 1137 1424 ejus
1161 1353 1367 1423 pedites
1389 1367 1560 1422 usque
1581 1351 1650 1409 ad

92 1451 245 1519 ipsum
297 1449 530 1518 opidum
583 1455 976 1516 convenerunt,
1026 1447 1120 1503 ubi
1184 1446 1323 1502 albis
1375 1445 1558 1500 vestiti
1597 1453 1650 1500 et

91 1541 252 1610 cappis
279 1539 482 1608 induti,
513 1541 917 1610 processionem
956 1538 1303 1595 multitudine
1342 1537 1646 1592 monacho-

91 1647 192 1684 rum
223 1632 528 1701 composite
551 1640 606 1686 et
630 1632 860 1688 honeste
878 1632 1297 1698 ordinaverunt;
1333 1640 1386 1684 et
1416 1631 1496 1686 sic
1522 1645 1653 1686 can-

91 1725 250 1790 tando,
275 1723 448 1778 Deum
494 1732 550 1780 et
595 1725 715 1794 ejus
744 1725 1060 1796 genitricem
1111 1722 1493 1789 collaudando,
1527 1738 1653 1778 cum

92 1832 258 1886 magna
283 1817 457 1887 gloria
489 1825 544 1872 et
569 1816 836 1887 applausu
883 1816 1293 1886 totiusfpopuli,
1329 1817 1422 1888 qui
1454 1832 1516 1873 ea
1565 1815 1654 1874 die

93 1908 320 1961 dicuntur
373 1907 494 1962 fere
523 1906 592 1964 ad
619 1909 688 1963 50
718 1909 868 1966 milia
917 1912 1261 1978 convenisse,
1311 1911 1368 1965 in
1421 1910 1652 1966 ecclesia

93 1999 242 2053 sancti
275 1997 492 2054 Nicolai
542 2001 902 2056 intraverunt.
954 2000 1207 2056 Attestati
1263 2009 1392 2056 sunt
1445 2000 1651 2068 ﬁdeles,

93 2105 364 2158 numquam
401 2105 464 2145 se
495 2091 682 2162 aliquo
715 2100 1008 2158 conventu,
1040 2091 1135 2162 qui
1193 2091 1368 2147 factus
1419 2091 1490 2146 sit
1550 2091 1653 2145 ali-

93 2181 302 2248 quando,
320 2182 437 2237 sive
455 2182 806 2252 imperatoris
825 2183 1344 2254 sivejussugllomani
1358 2183 1652 2253 pontiﬁcis,

95 2286 184 2328 tam
213 2277 502 2331 honestam
533 2286 588 2332 et
619 2285 728 2331 tam
752 2277 888 2332 bene
910 2278 1214 2332 ordinatam
1246 2276 1654 2346 processionem

94 2367 284 2421 vidisse.
316 2367 610 2434 Quoddam
643 2369 865 2439 insuper
889 2369 1240 2436 beneficium,
1278 2369 1423 2438 quod
1444 2383 1553 2422 non
1573 2376 1658 2422 est

97 2457 285 2512 silentio
313 2459 766 2528 pretereundum,
795 2459 904 2514 imo
955 2475 1120 2529 super
1158 2468 1338 2514 cetera
1371 2473 1654 2514 commen-

97 2547 327 2615 dandum,
382 2549 508 2618 ipsa
572 2549 808 2618 gloriosa
844 2548 1077 2603 Domina
1132 2548 1364 2602 contulit
1399 2556 1514 2602 toto
1563 2548 1656 2602 illo

99 2645 311 2708 tempore
339 2640 598 2694 ﬁdelibus
621 2641 770 2706 suis;
797 2656 893 2716 per
938 2639 1085 2710 quod
1119 2639 1258 2693 bella
1299 2639 1490 2706 multa,
1549 2653 1656 2708 que

95 2731 188 2800 jam
221 2732 515 2802 instigante
551 2732 790 2802 maligno
821 2732 1092 2786 concitata
1135 2729 1371 2796 fuerant,
1403 2739 1459 2784 et
1508 2729 1655 2784 sedi-

99 2822 249 2878 tiones
280 2823 570 2892 consopite
593 2823 936 2894 quieverunt.
967 2821 1116 2878 Dum
1157 2821 1302 2877 enim
1335 2838 1400 2877 ex
1423 2821 1656 2876 diversis

100 2915 318 2982 partibus
351 2915 517 2970 multi
573 2914 978 2982 convenissent,
1044 2915 1110 2970 de
1167 2915 1366 2986 quibus
1408 2913 1656 2967 auditum

101 3013 185 3070 est,
212 3005 350 3075 quod
394 3005 609 3060 inimici
645 3014 830 3061 essent
887 3006 954 3060 ad
997 3005 1249 3075 invicem,
1301 3005 1487 3060 statim
1538 3004 1658 3059 sine

102 3096 193 3150 ulla
218 3098 500 3152 exactione
547 3097 777 3168 peeunie
825 3097 910 3152 vei
969 3098 1212 3167 qualibet
1257 3096 1653 3162 satisfactione,

1749 629 1917 684 raculi
1970 629 2148 698 portio
2176 638 2277 695 est,
2326 628 2471 698 quod
2519 627 2625 681 hoc
2663 643 2807 681 anno
2855 635 3002 679 tanta
3053 626 3313 683 sterilitas

1747 720 1894 790 agris
1938 720 2144 774 nostris
2193 720 2458 784 incubuit,
2497 719 2642 788 quod
2689 718 2779 772 vix
2831 717 3064 770 duorum
3115 719 3197 771 vel
3247 721 3315 773 ad

1745 811 1913 867 trium
1945 812 2217 865 mensium
2260 811 2416 865 nobis
2456 811 2654 864 victum
2697 809 2909 864 suffecit
2939 807 3118 862 omnis
3157 811 3314 878 copia

1748 903 1955 959 mensis
1994 912 2197 957 nostre.
2233 902 2422 973 (Ibid.)
2451 901 2636 957 Turbo
2677 903 2995 972 gravissime
3023 913 3317 973 tempesta-

1746 993 1817 1048 tis
1845 1011 1942 1064 per
1987 995 2121 1050 lines
2169 1003 2389 1050 nostros
2433 995 2576 1049 viam
2621 996 2861 1059 molitus,
2894 995 3051 1065 quasi
3103 996 3317 1051 sulcum

1747 1085 1974 1151 ducens,
1995 1085 2160 1139 unius
2184 1085 2286 1139 diei
2309 1085 2500 1140 itinere
2530 1101 2743 1155 queque
2772 1086 2916 1140 velut
2942 1077 3176 1140 ﬂammis
3220 1086 3317 1139 de-

1748 1185 1902 1248 pasta
1945 1192 2294 1242 consumens,
2335 1177 2564 1247 lugenda
2598 1177 2821 1248 vestigia
2855 1177 3090 1246 reliquit.
3124 1162 3320 1246 (lbid.)

1749 1269 1984 1324 Ascalon
2007 1276 2164 1338 capta
2197 1278 2280 1324 est
2303 1270 2370 1324 ab
2394 1271 2634 1325 exercitu
2660 1269 2903 1336 Domini,
2931 1271 3023 1339 qui
3065 1278 3148 1325 est
3196 1268 3322 1322 llic-

1749 1360 2062 1431 rosolymis,
2092 1369 2145 1414 et
2179 1376 2431 1430 possessa
2473 1377 2503 1416 a
2531 1363 2771 1428 nostris;
2821 1363 2991 1416 multo
3024 1370 3206 1415 tamen
3238 1361 3324 1414 la—

1750 1450 1881 1506 bore
1920 1467 1984 1506 ac
2023 1451 2284 1505 diuturno
2316 1452 2475 1518 bello,
2521 1452 2707 1506 multis
2759 1452 2922 1506 etiam
2969 1451 3226 1521 periculis
3270 1459 3324 1504 et

1751 1543 2007 1614 gravibus
2055 1542 2270 1598 damnis
2319 1543 2471 1612 prius
2519 1544 2758 1599 exercitu
2801 1543 3016 1598 aﬁlicto.
3074 1540 3324 1610 Namque

1751 1632 1944 1688 diebus
1968 1641 2153 1688 sancte
2181 1631 2276 1687 Dei
2306 1633 2585 1704 genitricis
2623 1632 2988 1703 puriﬁcationi
3037 1630 3324 1700 proximis,

1753 1741 1848 1780 rex
1871 1723 2367 1796 Hierosolymorum
2404 1725 2738 1794 procinctum
2779 1725 2967 1790 movit,
3011 1731 3196 1792 portas
3223 1722 3326 1774 oh-

1757 1817 1917 1884 sedit,
1944 1826 1998 1872 et
2037 1833 2224 1872 muros
2270 1817 2507 1872 civitatis
2545 1816 2742 1871 diﬁ‘uso
2788 1815 3026 1871 exercitu
3087 1813 3324 1878 vallavit,

1757 1909 2040 1965 nocturnis
2091 1909 2359 1976 excubiis,
2410 1909 2609 1963 diurno
2656 1908 2796 1961 bello
2853 1907 2934 1962 eis
2991 1906 3332 1959 incessanter

1757 2003 2070 2069 imminens,
2103 2019 2278 2072 usque
2308 2003 2361 2055 in
2403 2001 2601 2056 festum
2639 1988 3034 2068 assumptionis
3081 1997 3331 2066 ejusdem

1757 2095 2126 2150 sacratissime
2153 2093 2390 2165 Virginis
2411 2109 2594 2148 moras
2633 2092 2973 2162 pertrahens,
3023 2098 3077 2144 et
3147 2087 3332 2142 infati-

1757 2182 1950 2253 gabilis
1986 2184 2305 2253 perdurans.
2333 2182 2586 2236 Proxima
2613 2197 2743 2252 ergo
2765 2181 2850 2235 die
2881 2180 3025 2234 illius
3073 2177 3333 2234 sacratis-

1757 2274 1884 2329 simi
1932 2273 2077 2342 festi,
2110 2263 2305 2329 turrim
2346 2289 2471 2328 cum
2502 2275 2618 2329 suis
2670 2271 3126 2328 machinamentis
3171 2285 3332 2324 muro
3371 2265 3376 2269 ’

1758 2371 2025 2438 admovit;
2053 2380 2108 2426 et
2130 2370 2362 2426 artiﬁcio
2390 2370 2745 2425 subterraneo
2779 2377 2959 2422 actum
2991 2374 3093 2434 est,
3126 2375 3187 2420 ut
3211 2381 3333 2419 mu-

1759 2464 2101 2538 rus-cadens
2159 2463 2331 2516 latum
2385 2463 2692 2532 ingressum
2774 2459 2979 2514 nostris
3054 2456 3322 2526 preberet.

1759 2552 1945 2624 Itaque
1988 2553 2162 2608 nostri
2197 2562 2367 2607 ruunt
2399 2563 2460 2608 et
2487 2553 2740 2617 irruunt;
2771 2550 2982 2620 primus
3021 2546 3331 2617 prepositus

1757 2653 1813 2701 et
1847 2646 1955 2700 dux
1987 2645 2133 2700 illius
2156 2643 2447 2709 exercitus,
2485 2637 2592 2713 qui
2613 2642 2850 2696 fraterne
2879 2638 3156 2695 societatis
3200 2651 3329 2707 pro-

1759 2736 1997 2793 fessione
2027 2737 2227 2805 templo
2260 2736 2517 2800 militant,
2567 2749 2692 2788 cum
2728 2748 2829 2789 suo
2879 2745 3058 2787 cuneo
3115 2727 3333 2798 irrt‘pit,

1759 2836 1812 2882 et
1832 2844 2006 2898 usque
2059 2827 2127 2882 ad
2174 2827 2408 2897 plateam
2484 2825 2761 2891 civitatis,
2837 2823 3053 2895 agmine
3107 2837 3335 2877 suorum

1761 2919 2031 2989 stipatus,
2085 2919 2444 2990 perveniens,
2501 2917 2728 2988 gradum
2777 2916 2920 2982 ﬁxit;
2986 2914 3060 2968 ibi
3129 2922 3338 2968 artatus

1761 3011 2029 3083 angustiis
2098 3011 2442 3081 platearum,
2503 3007 2756 3062 maceriis
2828 3006 3081 3071 cinctus,
3136 3012 3190 3058 et
3243 3019 3340 3058 su-

1761 3103 2274 3173 perimminentibus
2345 3097 2991 3166 tectorum‘domatibus,
3058 3102 3114 3149 et
3185 3091 3336 3148 omni

103 3201 190 3255 que
214 3188 346 3243 inter
371 3189 657 3244 seculares
683 3188 738 3241 in
765 3187 1082 3257 hujusmodi
1104 3187 1335 3258 negotiis
1358 3187 1496 3241 solet
1517 3186 1654 3252 ﬁeri,
1761 3205 1914 3265 parte
1943 3194 2248 3250 conﬂuente
2278 3193 2437 3248 turba
2476 3193 2900 3254 circumventus,
2927 3185 3257 3257 opprimitur
3283 3191 3338 3238 et

98 3279 202 3334 solo
231 3279 319 3334 Dei
351 3282 554 3336 timore
590 3289 643 3335 et
673 3296 862 3335 amore
893 3280 1139 3349 piissime
1170 3281 1364 3335 matris
1399 3280 1654 3349 correpti,

105 3369 377 3428 interventu
432 3372 676 3427 ﬁdelium
729 3372 783 3425 in
818 3388 953 3442 pace
987 3371 1325 3427 reconciliati
1365 3381 1512 3428 sunt.
1544 3370 1660 3427 Hoc

106 3462 234 3518 ﬁnito
262 3475 508 3535 tempore
530 3465 758 3519 relatum
797 3473 881 3520 est
911 3463 1167 3519 feretrum
1197 3465 1256 3517 in
1287 3480 1452 3534 supra
1476 3463 1656 3518 nomi-

105 3565 264 3611 natam
289 3559 579 3613 ecclesiam
604 3573 730 3613 cum
755 3557 1020 3626 reliquiis,
1050 3572 1152 3612 nec
1177 3564 1357 3610 tamen
1408 3564 1522 3611 toto
1566 3556 1660 3610 illo

107 3664 228 3704 anno
255 3651 412 3706 desiit
459 3661 633 3705 mater
659 3650 1030 3705 miscricordie
1059 3666 1089 3705 a
1116 3649 1284 3719 ceptis
1324 3650 1468 3705 circa
1505 3645 1660 3715 inﬁr-

107 3756 205 3796 mos
247 3741 545 3798 beneﬁciis.
580 3742 772 3813 (lbid.)
799 3742 1042 3798 Ecclesia
1094 3741 1493 3798 sanctiBertini
1534 3758 1658 3798 cum

107 3835 330 3890 omnibus
390 3835 728 3906 appendiciis
789 3835 904 3891 suis
958 3836 1242 3890 combusta
1287 3843 1372 3889 est
1419 3836 1472 3888 in
1539 3835 1661 3904 ipso

107 3922 223 3979 festo
247 3928 422 3984 sancti
455 3925 676 3995 Bertini,
721 3927 850 3982 dum
902 3927 1296 3982 matutinorum
1342 3927 1660 3998 sollempnia

109 4016 402 4085 agebantur.

164 4107 307 4164 1155.
443 4107 512 4162 Β.
555 4108 606 4163 1.
743 4107 805 4164 F.
847 4109 931 4164 Π.
1063 4109 1128 4164 Α.
1174 4110 1259 4164 l7.
1388 4107 1453 4164 Η.
1497 4109 1550 4164 9.

167 4197 327 4266 (Auct.
358 4198 610 4270 Aquic.)
660 4198 891 4270 Eclipsis
952 4201 1084 4255 solis
1131 4200 1274 4257 facta
1329 4210 1412 4256 est
1455 4200 1485 4252 7
1539 4199 1657 4254 Kal.

109 4285 216 4341 Feb.
240 4289 342 4344 in?
369 4289 540 4357 feria;
572 4291 606 4346 5
655 4289 782 4346 Idus
833 4289 1116 4346 Februarii
1156 4292 1212 4346 in
1253 4292 1288 4345 2
1333 4291 1467 4346 feria
1513 4292 1660 4346 toni~

110 4385 265 4436 truum
287 4383 536 4438 auditum
565 4393 668 4439 est.
713 4383 1087 4441 Brusellenses
1138 4385 1356 4456 opidani
1404 4385 1660 4454 injuriam

111 4485 248 4538 quam
269 4475 530 4544 preterito
551 4491 694 4530 anno
740 4476 920 4531 abbati
949 4485 1002 4530 et
1027 4475 1289 4530 fratribus
1313 4476 1432 4545 ejus
1476 4484 1661 4545 utpote

1762 3292 1884 3344 eum
1922 3287 2072 3342 omni
2104 3287 2260 3341 turba
2307 3301 2532 3362 suorum
2563 3285 2940 3338 obtruncatur.
2965 3279 3211 3345 Quorum
3241 3291 3339 3332 ca-

1759 3379 1872 3450 pita
1899 3380 1954 3433 in
1983 3394 2150 3432 unum
2173 3377 2454 3432 cumulum
2479 3384 2609 3430 sunt
2632 3382 2912 3443 congesta,
2930 3380 2991 3426 ut
3019 3371 3130 3442 regi
3159 3369 3336 3440 Baby-

1760 3471 1906 3525 lonie
1939 3485 2038 3539 pro
2074 3469 2231 3539 signo
2261 3467 2486 3522 victorie
2509 3471 2884 3529 ostentarent;
2933 3476 3164 3531 corpcra
3205 3473 3338 3515 vero

1761 3564 1817 3618 in
1868 3577 2027 3617 muro
2081 3560 2502 3631 suspenderunt,
2558 3560 2720 3615 nobis
2757 3559 3214 3628 improperantes,
3283 3562 3340 3606 et

1759 3656 1942 3712 verbis
1965 3654 2302 3726 blasphemie
2325 3654 2623 3708 exercitum
2647 3652 2740 3708 Dei
2788 3657 3168 3722 provocantes.
3196 3647 3341 3700 Tan-

1761 3747 1882 3801 dem
1910 3746 2085 3800 nostri
2131 3745 2185 3799 iu
2237 3743 2466 3798 Domino
2491 3743 2778 3800 confortati
2810 3741 2921 3812 regi
2958 3739 3231 3802 dicebant,
3277 3744 3341 3790 ut

1759 3838 1990 3891 viriliter
2013 3844 2298 3907 pugnaret,
2323 3845 2377 3891 et
2419 3836 2486 3891 de
2507 3833 2599 3888 Dei
2651 3830 3027 3888 misericordia
3059 3831 3188 3881 ~non
3241 3825 3337 3878 de-

1763 3937 2056 4000 speraret,
2129 3928 2287 3997 cujus
2363 3937 2496 3982 tunc
2568 3926 2806 3980 maxime
2900 3923 3094 3978 adesse
3199 3916 3337 3972 solet

1763 4019 2046 4083 auxilium,
2078 4034 2202 4072 cum
2231 4017 2384 4072 deest
2415 4033 2515 4073 nec
2538 4027 2789 4088 speratur
2825 4015 3148 4068 humanum.
3181 4004 3338 4074 Quod

1757 4103 1891 4181 ergo
1913 4109 2336 4165 Christianorum
2359 4109 2580 4179 pr0prie
2616 4107 2912 4179 presidium
2945 4112 3049 4171 est,
3113 4096 3336 4156 confes-

1764 4203 1918 4257 sione
1941 4211 2312 4272 peccatorum,
2363 4204 2788 4258 elemosinarum
2839 4201 3107 4272 largitate,
3158 4206 3213 4252 et
3248 4197 3341 4251 de-

1763 4294 2063 4348 votissimis
2089 4295 2578 4364 supplicationibus
2602 4293 2902 4349 seDomino
2921 4281 3339 4354 committentes,

1767 4393 1822 4460 et
1856 4393 2044 4440 sancte
2077 4383 2171 4439 Dei
2203 4385 2467 4454 genetrici
2496 4393 2631 4438 vota
2660 4383 2942 4447 facientes,
2975 4379 3130 4434 tertia
3159 4378 3245 4432 die
3271 4376 3339 4431 ad

1765 4493 1982 4531 murum
2038 4485 2407 4542 accesserunt,
2465 4475 2829 4530 instrumenta
2866 4473 3076 4536 bellica,
3128 4468 3341 4523 machi—

111 4559 332 4622 homines
379 4567 518 4622 dura
553 4567 763 4622 cervice
803 4576 858 4622 et
881 4569 937 4622 in
985 4585 1086 4623 sua
1138 4568 1406 4623 sententia
1461 4567 1660 4622 mentis
1692 4566 1738 4625 D
1767 4585 1866 4624 nas
1889 4577 1943 4623 et
1978 4567 2203 4622 balistas
2240 4567 2617 4631 admoverunt,
2662 4566 2766 4619 ﬁde
2804 4571 3140 4618 constantes.
3191 4558 3342 4613 Crux

113 4653 350 4713 obstinate
381 4659 696 4726 intulerant,
727 4659 828 4715 hoc
856 4676 1000 4715 anno
1021 4670 1398 4730 correxerunt,
1423 4659 1526 4715 hoc
1555 4659 1661 4714 sci-

114 4743 218 4800 licet
257 4750 419 4805 modo
452 4770 465 4803 :
505 4751 634 4820 quia
688 4751 794 4820 ipsi
846 4751 1134 4805 Dominam
1197 4760 1441 4807 nostram
1481 4781 1547 4790 —
1581 4751 1661 4806 sic

113 4837 235 4892 enim
265 4841 413 4896 aiunt
439 4841 590 4915 (594)
631 4873 696 4881 —
728 4843 794 4897 de
817 4843 1045 4898 ecclesia
1094 4843 1416 4900 Waverensi
1466 4843 1660 4899 devote

115 4933 157 4978 et
179 4928 443 4987 humiliter
471 4932 740 4999 tollentes,
767 4949 890 4988 eum
933 4935 1141 4989 honore
1193 4919 1569 5004 susceperunt,
1606 4943 1662 4990 et

115 5032 199 5072 suo
245 5031 480 5093 tempore
531 5025 754 5094 paciﬁce
791 5034 844 5080 et
889 5041 1013 5081 cum
1062 5026 1259 5096 gaudio
1310 5028 1655 5082 remiserunt.

117 5107 279 5183 (Ibid.)
320 5115 594 5187 Eugenius
631 5133 767 5187 papa
801 5117 944 5172 diem
985 5118 1238 5172 ultimum
1269 5119 1499 5186 claudit;
1527 5136 1654 5175 suc-

117 5202 233 5256 cedit
249 5206 293 5259 ei
323 5205 612 5263 Konradus
643 5207 826 5275 158M,
876 5207 1073 5265 Sancte
1118 5209 1317 5266 Sabine
1345 5212 1651 5282 episcopus,

116 5289 409 5352 Anastasius
435 5299 756 5367 appellatus,
784 5299 1022 5355 vicarius
1043 5301 1250 5354 domini
1282 5317 1419 5372 pape
1461 5302 1652 5372 prede-

118 5387 325 5441 cessoris
357 5389 464 5443 sui.
492 5388 735 5444 Domnus
756 5407 976 5461 quoque
1009 5391 1320 5448 Bernardus
1349 5392 1518 5447 abbas
1533 5392 1656 5447 Cla-

117 5473 420 5543 revallensis,
464 5479 558 5548 qui
623 5481 781 5550 quasi
843 5480 1036 5536 lucifer
1079 5491 1345 5549 exortus,
1407 5483 1654 5537 ordinem

120 5572 334 5621 nostrum
360 5569 688 5638 illustrabat,
727 5571 982 5642 migravit
1022 5573 1090 5627 ad
1141 5573 1464 5640 Dominum;
1499 5575 1657 5645 cujus

119 5651 208 5708 Vita
249 5667 300 5712 et
338 5661 584 5717 doctrina
617 5663 670 5716 in
699 5671 909 5718 tantum
945 5665 1178 5734 excellit,
1230 5677 1290 5722 ut
1331 5668 1514 5723 minus
1563 5667 1654 5734 sit,

1762 4673 1893 4712 vero
1916 4655 2193 4710 dominica
2223 4657 2278 4710 in
2306 4655 2561 4709 manibus
2592 4652 2900 4724 patriarche
2930 4664 3120 4720 agmen
3157 4662 3344 4718 prece-

1763 4749 1945 4817 debat,
1981 4750 2348 4805 certissimum
2394 4746 2623 4800 victorie
2678 4743 2895 4815 pignus,
2943 4740 3089 4811 quod
3130 4754 3344 4808 semper

1763 4841 1967 4896 nostris
1995 4841 2051 4894 in
2097 4840 2353 4894 omnibus
2397 4837 2582 4908 preliis
2640 4835 2758 4890 fuit.
2795 4833 2933 4888 Tum
2984 4845 3114 4886 vero
3170 4831 3345 4883 virtus

1768 4931 1983 4987 Domini
2040 4931 2331 4986 manifeSta
2384 4929 2515 4996 fuit,
2552 4928 2764 4999 linguas
2807 4925 3153 4995 blasphemas
3211 4921 3344 4975 edo-

1766 5023 1923 5090 muit,
1940 5032 1994 5078 et
2015 5038 2231 5078 omnem
2249 5021 2632 5078 conﬁdentiam
2659 5019 3019 5089 superborum
3048 5013 3263 5083 dejecit,
3292 5021 3345 5066 et

1764 5117 2000 5172 consilio
2031 5115 2335 5185 dissipavit.
2369 5113 2466 5168 Vir
2492 5113 2581 5167 ille
2606 5112 2699 5183 qui
2730 5103 2955 5182 presens
2978 5107 3098 5172 fuit,
3127 5113 3181 5159 et
3195 5102 3344 5158 omni

1762 5216 2003 5278 tempore
2033 5207 2378 5263 obsiditionis
2405 5206 2459 5259 in
2484 5205 2726 5260 exercitu
2755 5202 2991 5267 duravit,
3016 5197 3162 5269 quod
3188 5194 3341 5258 vidit,

1767 5303 1926 5358 nobis
1950 5302 2214 5357 narravit.
2244 5299 2495 5354 Percussi
2524 5307 2652 5353 sunt
2679 5313 2874 5351 omnes
2913 5294 3157 5356 cecitate,
3187 5290 3260 5342 ita
3285 5295 3344 5340 ut

1768 5410 1894 5450 cum
1923 5396 2159 5449 molares
2194 5393 2398 5463 lapides
2420 5390 2618 5445 balista
2647 5404 2749 5444 suo
2795 5388 3001 5456 impetu
3054 5384 3109 5436 in
3161 5379 3342 5434 medio

1767 5503 1960 5542 corum
1991 5487 2283 5549 emitteret,
2312 5484 2493 5538 nullus
2518 5480 2753 5552 lapidem
2781 5479 3084 5532 venientem
3104 5469 3340 5534 viderit,

1770 5589 1830 5633 ut
1861 5596 1891 5634 a
1914 5580 2035 5635 loco
2061 5579 2296 5642 cederet,
2329 5577 2606 5644 ietumque
2626 5571 2822 5642 lapidis
2853 5568 3169 5624 declinaret.
3199 5561 3341 5629 Quid

1773 5671 1985 5727 multa?
2018 5670 2193 5727 coacti
2221 5677 2368 5735 sunt,
2393 5681 2558 5738 quam
2582 5669 2930 5736 negaverant,
2949 5658 3044 5713 Dei
3093 5652 3341 5713 conﬁteri

1576 5778 1803 5834 ΝΟΤᾸΞ.

188 5853 261 5917 Ῑῦἷ)
272 5855 314 5934 1)
342 5845 726 5925 Solve—Datne.
