3914 6314
613 381 720 434 287

1749 373 2104 432 SIGEBERTI
2143 370 2668 430 GEMBLACENSIS
3699 371 3774 428 233

613 487 866 548 virtutem
888 535 906 559 ,
933 499 988 547 et
1039 507 1200 562 quem
1254 490 1724 560 biasphcmabant,
1774 504 1997 544 suorum
2057 503 2180 544 esse
2209 492 2252 548 Α
2282 486 2524 542 hostium
2563 475 2695 538 non'
2727 483 2984 552 ignorans
3021 479 3269 547 insidias,
3300 488 3468 536 totum
3502 481 3777 550 procinctum

613 583 825 638 ﬁdelem
848 590 1213 652 protectorem.
1227 589 1280 636 et
1302 581 1623 652 adjutorem.
1639 580 1780 650 Ergo
1802 580 1943 633 ultra
1965 577 2181 634 differre

614 691 725 730 non
752 675 1012 742 valentes,
1042 675 1311 729 civitatem
1340 675 1395 727 in
1437 690 1632 728 manus
1686 672 1827 744 regis
1852 672 2098 738 tradunt,
2129 680 2182 726 et

613 784 680 822 ex
707 767 798 821 illo
825 775 1065 835 tempore
1085 765 1318 820 Ascalon
1347 773 1531 820 nostra
1546 765 1686 818 facta
1717 773 1818 830 est,
1847 771 1901 817 et
1926 779 1958 817 a
1980 762 2181 817 nostris

612 874 888 929 possessa.
942 857 1090 912 Istud
1141 858 1282 911 inter
1319 857 1558 911 maxime
1607 856 1855 910 miranda
1913 854 2180 909 miracula

613 950 938 1004 miraculum
963 965 1084 1005 esse
1123 949 1352 1016 videtur,
1411 948 1554 1019 quod
1605 947 1735 1002 urbs
1789 946 1890 1002 150
1939 947 2180 1001 turribus

614 1041 903 1111 prevalidis
924 1041 1151 1107 munita,
1188 1049 1241 1095 et
1262 1040 1535 1095 cenaculis
1564 1038 1843 1094 domatum
1897 1037 1952 1091 in
1988 1037 2181 1108 plateis

614 1130 731 1184 suis
764 1130 920 1200 quasi
954 1137 1137 1201 crypta
1161 1129 1452 1200 laqueariis
1476 1136 1802 1198 supertecta,
1829 1135 1883 1182 et
1913 1128 2180 1197 quodam-

613 1223 776 1276 modo
801 1222 1256 1293 inexpugnabilis,
1290 1221 1508 1276 tandem
1546 1219 1838 1289 aliquando
1880 1218 2024 1273 vinci
2078 1233 2179 1288 po-

614 1315 746 1380 tuit,
800 1316 945 1385 quod
989 1315 1043 1369 in
1082 1315 1341 1387 hystoriis
1368 1324 1611 1370 veterum
1652 1330 1925 1384 nusquam
1956 1314 2174 1385 legitur.

684 1407 843 1460 1154.
955 1406 1112 1462 R.2.
1222 1406 1284 1461 F.
1326 1406 1410 1461 18.
1521 1405 1587 1460 Α.
1630 1405 1716 1460 18.
1829 1404 1896 1460 II.
1933 1405 2022 1460 10.

685 1500 864 1571 (Auct.
899 1501 1111 1572 Aquic.)
1133 1500 1458 1557 Anastasius
1489 1515 1627 1570 papa
1675 1516 1743 1556 ex
1777 1499 1881 1556 hac
1928 1500 2038 1555 vita
2081 1500 2178 1555 de-

614 1594 812 1658 cessit;
840 1593 1078 1649 succedit
1109 1594 1159 1649 ei
1201 1593 1474 1649 Adrianus
1506 1591 1698 1660 159³³,
1725 1602 1884 1648 antea
1924 1591 2181 1648 Nicolaus

613 1684 814 1752 dictus,
837 1685 1122 1754 episcopus
1149 1684 1492 1740 Albanensis.
1520 1683 1633 1739 Rex
1667 1685 1722 1740 in
1747 1684 1938 1756 Anglia
1971 1685 2179 1741 consti-

613 1783 764 1832 tutus
783 1784 867 1831 est
898 1775 1204 1843 Heinricus,
1248 1775 1406 1845 cujus
1441 1790 1576 1830 avus
1607 1773 1711 1828 fuit
1738 1774 1828 1829 ille
1871 1790 2102 1846 magnus
2127 1781 2182 1829 et

611 1867 856 1923 famosus
889 1867 1079 1939 Anglic
1108 1883 1202 1922 rex
1234 1865 1538 1922 Ileinricus.
1594 1865 1728 1920 Filia
1758 1881 1994 1936 namque
2036 1866 2174 1936 ejus,

611 1975 717 2029 que
745 1959 1059 2029 imperatori
1079 1969 1266 2029 nupta,
1297 1957 1610 2028 imperati-ix
1641 1957 1942 2025 dicebatur,
1981 1964 2035 2012 et
2061 1965 2180 2012 erat

611 2052 799 2106 comiti
823 2051 1194 2122 Andegavensi
1228 2050 1284 2105 in
1308 2050 1563 2120 conjugio
1589 2056 1714 2118 post
1747 2049 1867 2118 ejus
1892 2063 2175 2104 excessum

611 2145 885 2214 copulata,
954 2146 1123 2212 hunc,
1169 2145 1262 2214 qui
1307 2144 1469 2198 modo
1522 2152 1714 2214 regnat
1766 2143 1940 2214 (395),
1991 2143 2059 2198 de
2115 2159 2179 2198 eo

613 2236 872 2306 suscepit,
902 2245 955 2290 et
981 2235 1176 2291 fratres
1200 2236 1339 2306 ejus.
1365 2234 1469 2301 Qui
1499 2250 1622 2290 cum
1646 2234 1826 2290 adhuc
1846 2235 2055 2289 lactens
2077 2235 2182 2289 sub

612 2329 776 2383 ubere
813 2326 1042 2382 nutricis
1096 2337 1241 2383 esset
1282 2326 1538 2382 defuncto
1587 2341 1689 2380 avo
1754 2326 1874 2397 ejus
1925 2324 2181 2382 Heiurico

611 2435 756 2490 rege,
795 2436 918 2474 cum
942 2419 1213 2475 cunabulo
1244 2419 1300 2473 in
1339 2418 1592 2487 Angliam
1623 2418 1943 2488 deportatus
1971 2426 2074 2484 est,
2126 2427 2182 2473 et

611 2510 685 2565 ibi
706 2511 968 2566 electione
1020 2511 1266 2566 omnium
1300 2509 1627 2580 principum,
1661 2509 1804 2564 datis
1833 2508 2179 2580 juramentis,

611 2600 670 2653 in
701 2615 868 2671 regno
905 2602 1257 2656 conﬁrmatus
1283 2607 1385 2654 est.
1419 2597 1485 2651 Et
1507 2598 1634 2667 quia
1661 2597 1762 2652 sub
1793 2613 1958 2650 manu
1983 2611 2181 2665 procu-

613 2691 810 2752 ratoris
832 2706 1006 2761 usque
1045 2691 1110 2746 ad
1133 2690 1402 2761 legitimos
1427 2703 1601 2743 annos
1630 2703 1755 2742 eum
1780 2687 1986 2742 servari
2022 2701 2182 2756 opor-

615 2781 780 2848 tebat,
806 2783 1010 2838 electus
1035 2791 1119 2838 est
1159 2797 1344 2837 comes
1374 2780 1679 2850 Stephanus
1727 2788 1992 2849 cognatus
2040 2778 2179 2849 ejus,

613 2873 709 2942 qui
731 2888 954 2945 regnum
981 2881 1209 2944 regeret,
1245 2882 1300 2929 et
1325 2889 1450 2928 eum
1494 2872 1770 2927 educaret.
1797 2870 1902 2937 Qui
1948 2869 2180 2940 Stepha-

615 2980 720 3019 nus
750 2980 780 3018 a
811 2964 1146 3034 principibus
1181 2979 1508 3034 persuasus.
1529 2972 1584 3017 et
1619 2976 1810 3016 eorum
1855 2960 2182 3015 adulationi-

613 3056 719 3114 bus
740 3055 904 3114 nimis
942 3071 1116 3129 prono
1142 3055 1326 3115 favore
1360 3072 1420 3115 se
1466 3055 1758 3126 inclinans,
1804 3053 2183 3127 supplantator

2280 581 2508 637 ecclesie
2531 578 2702 635 sancti
2733 576 2877 631 Petri
2904 583 3149 630 armatus
3184 574 3623 644 circumdederat;
3649 578 3778 634 donec

2283 674 2539 728 omnibus
2569 669 2796 740 expletis
2818 684 2944 724 cum
2985 668 3315 736 imperatore
3338 667 3671 737 egrederetur.
3698 667 3779 724 Ro-

2281 765 2449 831 mani,
2484 772 2592 818 tam
2627 763 2831 832 pudore
2863 775 3028 830 quam
3079 759 3265 814 dolore
3320 758 3500 813 animo
3547 760 3779 827 concitato,

2279 855 2606 926 quibusdam
2641 853 2896 919 residuis,
2945 866 3086 922 quos
3134 850 3383 905 incautos
3432 862 3779 919 occupaverant,

2281 946 2601 1013 interfectis,
2649 960 2775 1000 cum
2860 943 3190 1012 imperatore
3234 940 3674 1011 congrediuntur;
3714 943 3780 996 sed

2279 1054 2407 1094 mox
2431 1040 2486 1094 in
2512 1037 2695 1109 fugam
2717 1036 2880 1102 versi,
2913 1034 2982 1089 ad
3037 1031 3249 1088 Tiberis
3295 1031 3505 1086 alveum
3554 1041 3778 1102 coguntur.

2279 1130 2480 1199 Quanti
2506 1131 2562 1184 in
2607 1143 2904 1201 congressu
2933 1123 3254 1191 ceciderint,
3304 1122 3493 1195 quanti
3535 1122 3586 1176 in
3615 1121 3781 1176 ﬂumine

2279 1221 2551 1278 submersi
2581 1220 2711 1288 sint,
2738 1219 2956 1288 scriptis
2993 1203 3339 1275 committere
3375 1227 3482 1268 non
3511 1211 3680 1268 audeo.
3702 1211 3779 1265 lm-

2279 1322 2496 1385 perator
2522 1313 2697 1369 victor
2747 1308 3069 1382 regreditur.
3101 1309 3285 1363 Floret
3332 1305 3628 1375 imperium,
3647 1311 3691 1358 et
3710 1302 3779 1356 do-

2279 1405 2463 1460 minus
2488 1419 2672 1459 rerum
2705 1403 2954 1459 sublimis
2992 1401 3274 1458 attollitur.
3315 1395 3498 1454 Multis
3548 1394 3683 1449 annis
3703 1402 3780 1446 su.

2280 1495 2481 1552 rilitate
2505 1503 2650 1551 terre
2683 1503 2738 1550 et
2785 1493 3220 1549 necessariorum
3260 1487 3491 1560 penuria
3515 1484 3656 1540 nobis
3675 1481 3782 1538 labo-

2279 1585 2550 1652 rantibus,
2571 1586 2677 1642 hoc
2700 1601 2844 1641 anno
2865 1585 3048 1640 tritico
3070 1582 3295 1638 omnino
3330 1577 3619 1642 deﬁciente,
3659 1576 3702 1629 in
3721 1575 3780 1629 ul-

2281 1678 2415 1734 timo
2448 1678 2783 1746 discrimine,
2837 1677 2969 1748 quid
3017 1675 3288 1747 agendum
3340 1675 3503 1737 esset,
3545 1667 3628 1722 vix
3654 1667 3782 1724 anxiis

2281 1768 2458 1840 potuit
2478 1783 2783 1824 occurrere.
2819 1766 2880 1822 In
2923 1767 3028 1822 hoc
3060 1774 3240 1822 tamen
3269 1763 3342 1818 ad
3393 1761 3631 1817 ultimum
3677 1757 3781 1812 stetit

2281 1861 2571 1928 sententia,
2598 1869 2659 1915 ut
2682 1859 2912 1930 pecunia
2932 1868 3125 1914 mutuo
3149 1856 3455 1912 amicorum
3491 1852 3587 1907 fide
3604 1857 3781 1918 sumpta,

2279 1967 2589 2009 emeremus
2616 1951 2780 2006 victui
2810 1950 3136 2008 necessaria.
3195 1947 3450 2002 Misimus
3491 1958 3609 2014 ergo
3641 1940 3782 1995 fratres

2281 2053 2501 2107 nostros
2535 2044 2591 2098 in
2632 2044 2794 2098 aliam
2823 2047 3099 2115 regionem
3117 2083 3133 2110 ,
3163 2040 3262 2112 qui
3291 2037 3521 2096 sollicite
3542 2033 3781 2104 injunctum

2281 2124 2560 2208 negotium
2593 2145 2988 2207 exsequuntur,
3014 2144 3069 2191 et
3107 2147 3364 2189 remenso
3384 2131 3586 2195 itinere,
3616 2138 3780 2182 onerata

2281 2241 2417 2280 nave
2442 2225 2544 2281 iter
2573 2234 2858 2296 carpentes
2888 2225 2954 2279 ad
3003 2223 3226 2294 Opidum
3250 2218 3608 2274 Aldenardum
3633 2214 3782 2269 dictum

2281 2324 2664 2387 pervenerunt.
2692 2315 2789 2371 Est
2816 2316 2891 2370 ibi
2917 2315 3092 2381 locus,
3112 2313 3167 2366 in
3199 2326 3312 2381 quo
3339 2306 3631 2364 molendina
3659 2312 3701 2359 et
3718 2319 3780 2358 ca-

2281 2415 2505 2474 tarecte,
2533 2421 2640 2476 que
2668 2421 2938 2477 aquarum
2984 2403 3277 2460 transitum
3315 2398 3610 2468 suscipiunt
3628 2403 3672 2449 et
3696 2393 3781 2446 red-

2284 2500 2440 2567 dunt,
2473 2499 2547 2554 ita
2592 2507 2885 2570 angustum
2915 2506 2969 2552 et
2992 2493 3363 2566 periculosum
3411 2490 3631 2546 efﬁciunt
3653 2487 3778 2556 ipsum

2283 2593 2487 2658 locum,
2519 2601 2577 2647 ut
2606 2591 2762 2647 navis
2795 2598 2984 2645 nostra
3012 2586 3335 2652 transitura,
3392 2579 3688 2637 ﬁrmissimis
3726 2575 3782 2627 fu-

2283 2684 2446 2744 nibus
2473 2682 2722 2754 ligaturis
2743 2681 2888 2751 posti
2918 2679 3140 2734 astricta
3168 2683 3466 2742 teneretur,
3489 2673 3640 2728 donec
3659 2669 3781 2739 ipsam

2283 2775 2550 2832 caribdim
2584 2774 2835 2830 evaderet
2862 2783 2916 2828 et
2942 2768 3320 2842 pertransiret.
3351 2765 3493 2836 Ergo
3527 2770 3658 2817 tanta
3689 2773 3780 2814 mu-

2283 2868 2410 2934 tela,
2444 2875 2598 2922 tanto
2623 2865 2909 2922 conamine
2951 2862 3104 2918 navis
3151 2860 3219 2915 ad
3268 2858 3418 2912 illam
3445 2853 3712 2924 voraginem
3745 2856 3782 2902 et

2284 2960 2599 3031 precipitem
2655 2971 2878 3013 cursum
2926 2969 3066 3024 aque
3112 2949 3398 3006 frementis
3449 2946 3671 3007 adducta,
3706 2941 3780 3031 imo

2285 3029 2543 3122 impulsa,
2569 3051 2624 3104 in
2664 3048 2843 3104 medio
2870 3046 3081 3100 fervore
3116 3041 3295 3097 insani
3342 3046 3491 3094 estus
3525 3035 3626 3092 suis
3656 3029 3778 3102 presi-

613 3157 670 3205 et
693 3149 936 3219 proditor
966 3149 1160 3217 factus,
1199 3165 1428 3221 regnum
1474 3149 1673 3204 invasit
1728 3156 1781 3203 et
1833 3146 2026 3202 tenuit.
2068 3143 2183 3206 Hoc
2211 3171 2252 3235 ρ
2286 3143 2392 3204 diis
2427 3142 2762 3203 destituitur.
2807 3137 3107 3199 Solvuntur
3163 3131 3496 3235 retinacula,
3522 3130 3778 3235 rumpunt?-

611 3247 891 3310 comperto
916 3251 1088 3296 mater
1110 3258 1275 3312 supra
1314 3242 1535 3296 modum
1583 3239 1830 3296 mulieris
1858 3240 2044 3294 animo
2094 3248 2181 3295 at-

608 3331 802 3385 tolitur
826 3339 881 3386 et
906 3330 1178 3399 eii‘eratur,
1209 3347 1310 3388 nec
1341 3348 1495 3387 mora
1514 3332 1899 3399 intercedente,
1930 3329 2182 3404 Angliam

611 3437 739 3476 cum
769 3423 1008 3478 exercitu
1051 3423 1380 3495 ingreditur;
1410 3424 1598 3480 multis
1627 3434 1681 3480 et
1707 3424 1966 3495 gravibus
1997 3423 2183 3494 preliis

613 3513 943 3580 commissis,
967 3516 1136 3572 multa
1165 3516 1422 3572 audacter
1452 3531 1614 3586 opera
1643 3516 1896 3587 patravit.
1928 3514 2012 3571 Ad
2056 3515 2185 3572 ulti-

603 3621 784 3673 .num,
815 3617 938 3677 post
973 3607 1234 3678 plurimos
1262 3624 1458 3675 annos,
1483 3608 1598 3677 jam
1628 3609 1813 3663 adulto
1861 3610 1953 3664 illo
1985 3608 2185 3679 juvene

612 3697 724 3752 ﬁlio
777 3713 899 3765 suo,
947 3698 1224 3770 Stephano
1258 3701 1422 3755 etiam
1475 3700 1676 3764 subito,
1707 3715 1808 3755 nec
1859 3700 1992 3756 satis
2057 3707 2184 3754 nota

545 3840 547 3842 .
603 3797 790 3845 morte
825 3789 1103 3860 defuncto,
1137 3791 1310 3847 ﬁlium
1340 3807 1502 3847 suum
1552 3790 1867 3847 Heinricum
1915 3792 1972 3846 in
2016 3806 2185 3862 regno

612 3881 918 3936 constituit.

690 3975 848 4030 1155.
932 3979 944 3992 ⁹
1081 3975 1134 4030 5.
1352 3975 1438 4031 19.
1662 3975 1712 4030 1.
1943 3975 2030 4029 11.

688 4066 868 4136 (Auct.
909 4064 1123 4138 Aquic.)
1169 4065 1470 4136 Imperator
1525 4066 1867 4134 Fredericus,
1926 4066 2184 4136 preterito

599 4173 761 4212 anno
797 4155 1092 4226 profectus,
1124 4159 1228 4214 hoc
1276 4173 1420 4213 anno
1446 4157 1675 4211 Romam
1723 4159 1968 4227 pervenit
2002 4157 2186 4213 multis

2286 3239 2466 3307 funes,
2489 3239 2778 3307 omnisque
2805 3243 3036 3291 conatus
3068 3229 3387 3284 frustratur.
3418 3222 3573 3279 Navis
3598 3213 3780 3291 preripiti

2285 3347 2451 3390 cursu
2501 3328 2723 3386 violenti
2751 3325 2930 3382 amnis
2982 3332 3157 3394 rapta,
3191 3335 3343 3375 nunc
3395 3328 3602 3374 sursum
3642 3309 3780 3378 ejecta.

2284 3437 2430 3480 nunc
2449 3421 2503 3475 in
2529 3420 2639 3474 imo
2660 3416 3000 3488 precipitata,
3025 3411 3242 3467 tandem
3265 3409 3335 3464 ad
3358 3415 3569 3479 pontem
3591 3399 3670 3472 qui
3698 3409 3781 3466 pro-

2285 3515 2468 3570 ximus
2481 3519 2618 3579 erat,
2634 3507 2906 3564 undarum
2927 3502 3289 3562 concursione
3307 3509 3363 3556 et
3376 3497 3598 3553 violenta
3613 3499 3782 3545 concus-

2285 3607 2440 3666 sione
2460 3602 2740 3674 propulsa,
2757 3597 2978 3670 impegit
2999 3596 3054 3650 in
3079 3602 3293 3665 postem
3319 3591 3533 3646 ﬁrmum
3551 3591 3606 3674 et
3623 3581 3781 3674 fortem,

2285 3695 2381 3768 qui
2401 3669 2741 3750 sustentabat
2761 3669 2978 3760 pontem
2993 3704 3008 3753 ;
3022 3699 3184 3755 quem
3207 3691 3430 3753 pontem
3442 3669 3782 3743 confregitﬁpsa

2285 3786 2498 3842 nullum
2526 3780 2871 3852 dispendium
2913 3791 3076 3850 passa
3121 3773 3294 3830 libero
3337 3780 3394 3827 et
3447 3779 3624 3826 securo
3665 3769 3782 3814 cursu

2284 3877 2620 3952 pertransiit.
2647 3873 2786 3941 Quid
2818 3871 2886 3927 ad
2941 3871 3046 3924 hoc
3073 3867 3355 3923 dicemus?
3403 3856 3631 3952 largitori

2285 3937 2409 4024 rum
2450 3937 2696 4023 omnium
2742 3961 2945 4034 gratias
2993 3973 3240 4030 agamus.
3297 3951 3490 4028 (Ibid.)
3531 3937 3785 4038 Godefridlts

2281 4059 2488 4130 iunior,
2537 4058 2650 4113 dux
2688 4052 3078 4124 Lotharingize,
3130 4049 3299 4104 ﬁliam
3355 4041 3583 4103 Heinrici
3625 4037 3784 4130 comm?

2287 4113 2709 4223 'Lemburgensis
2756 4147 2813 4202 in
2849 4113 3104 4214 conjugio
3149 4140 3378 4197 sortitus
3413 4145 3528 4201 est;
3567 4142 3648 4200 per

615 4248 670 4302 in
703 4217 892 4304 itinere
925 4217 1206 4309 laboribus
1256 4249 1494 4315 attritus,
1542 4257 1597 4303 et
1639 4217 1868 4304 diversis
1919 4249 2187 4304 hostiliter
2288 4244 2507 4299 tandem
2530 4217 2707 4296 rebus
2735 4237 2992 4296 omnibus
3021 4248 3167 4315 pace
3192 4227 3529 4300 compositis,
3577 4217 3785 4315 ςοξὶιθηξξθ

616 4339 1040 4407 obsistentibus;
1103 4355 1242 4410 quos
1299 4355 1489 4396 omnes
1513 4347 1627 4394 tam
1670 4340 1966 4410 sagacitate
1995 4356 2186 4411 'quam

613 4433 815 4490 virtute
841 4433 910 4468 “'
936 4433 1230 4503 superavit,
1275 4441 1331 4488 et
1376 4432 1443 4486 ad
1495 4431 1825 4486 deditionem
1873 4440 2036 4502 atque
2060 4431 2184 4486 sub-

2289 4335 2452 4404 longo
2489 4344 2732 4400 tempore
2779 4305 3077 4400 protracta,
3115 4312 3178 4379 ea
3210 4319 3520 4376 conditione
3571 4307 3696 4404 ﬁnita
3711 4305 3782 4404 θξξζ

2289 4387 2705 4480 utiaodefridus
2745 4387 3129 4475 conﬁrmatum
3174 4413 3275 4467 sibi
3305 4411 3575 4467 ducatum,
3598 4398 3693 4454 sine
3710 4387 3785 4480 ulla

627 4479 814 4490 """"'
936 4479 1230 4503 '“r""'"r
1277 4479 1331 4488 "'
1376 4479 1443 4486 "“'
1499 4479 1825 4486 “'“"""""‘
1873 4479 1928 4486 “’“
1972 4479 2035 4487 ""
2060 4479 2160 4486 “”’”
2302 4479 2306 4480 ⁷
2338 4479 2341 4480 ⁷
3566 4495 3577 4506 .

609 4524 901 4595 jectionem
945 4523 1239 4594 compulit;
1269 4523 1530 4578 Romanis
1579 4522 1914 4592 principibus
1933 4479 2187 4576 1manda—
2214 4506 2263 4566 Ι)
2292 4515 2745 4579 contradictione,
2782 4507 3119 4565 advocatiam
3150 4504 3326 4560 sancti
3349 4499 3622 4556 Trudonts,

615 4615 713 4683 vit,
743 4625 803 4670 ut
830 4633 954 4672 eum
977 4633 1101 4673 cum
1132 4632 1263 4686 pace
1298 4616 1659 4686 susciperent,
1686 4622 1742 4669 et
1787 4613 2182 4684 subjectionem

614 4717 726 4758 non
746 4717 1020 4775 negarent.
1053 4705 1208 4772 Quod
1241 4706 1319 4760 illi
1347 4704 1574 4776 pecunie
1597 4702 1867 4758 inhiantes
1895 4711 2183 4758 contuma-

614 4793 750 4850 citer
775 4805 1129 4863 rennuerunt,
1161 4797 1422 4862 dicentes,
1446 4795 1593 4866 quod
1621 4793 1728 4849 nisi
1781 4793 1846 4848 ad
1896 4809 2034 4864 quas
2071 4792 2185 4848 vel-

614 4882 726 4937 lent
751 4884 1088 4941 conditiones
1116 4886 1503 4954 acquiesceret,
1528 4885 1678 4953 ipsos
1726 4899 1835 4938 non
1882 4881 2177 4952 subjectos,

612 4973 709 5030 sed
744 4975 928 5032 hostes
953 4977 1194 5032 sentiret.
1233 4976 1532 5047 Imperator
1556 4990 1770 5045 semper
1792 4989 1982 5030 eorum
2027 4973 2182 5028 inex-

612 5066 812 5138 pletam
840 5069 1132 5126 avariciam
1157 5085 1441 5140 respuens,
1482 5069 1712 5125 Romam
1751 5076 1967 5126 armata
2015 5083 2182 5123 manu

613 5159 950 5231 ingreditur;
999 5178 1193 5233 papam
1227 5162 1528 5218 Adrianum
1582 5163 1820 5218 amicum
1880 5173 1936 5218 et
1994 5170 2182 5232 aptum

613 5250 717 5306 sibi
743 5250 1045 5319 inveniens,
1077 5255 1132 5309 in
1159 5255 1388 5310 ecclesia
1418 5255 1589 5312 sancti
1620 5254 1767 5310 Petri
1806 5254 2184 5310 benedictione

613 5343 969 5400 conﬁrmatur
1009 5344 1066 5403 et
1093 5355 1406 5402 coronatur.
1455 5345 1677 5402 Interim
1720 5345 1992 5402 exercitus
2039 5343 2181 5413 ejus,

2290 4610 2402 4665 lum
2433 4600 2582 4661 Rode
2629 4571 2889 4668 obtineat,
2943 4607 3108 4668 atque
3145 4595 3416 4658 omnium,
3463 4601 3562 4659 que
3602 4571 3785 4670 possidet

2289 4699 2432 4754 idem
2463 4712 2666 4762 comes,
2691 4702 2816 4762 post
2861 4693 3144 4746 decessum
3173 4686 3295 4756 ejus
3325 4681 3643 4762 medietatem
3680 4676 3784 4762 δεξει-

2292 4752 2467 4861 piens,
2492 4752 2821 4841 hereditario
2844 4782 2967 4852 jure
2995 4752 3283 4836 successor
3306 4775 3417 4828 ﬁat.
3463 4761 3700 4861 Αηξοιάυδ

2289 4855 2492 4937 reticus
2526 4885 2581 4932 et
2610 4874 2952 4932 scismaticus
2977 4871 3044 4926 de
3090 4866 3294 4932 Brixia,
3342 4857 3626 4930 discipulus
3661 4855 3784 4908 ωακισ

2290 4973 2387 5031 stri
2417 4972 2563 5027 Petri
2586 4968 2850 5033 Abailart,
2876 4981 2904 5019 a
2930 4963 3170 5033 quinque
3197 4953 3507 5028 apostolicis
3535 4944 3783 5002 excommu-

2289 5067 2532 5120 nicatur:
2560 5061 2777 5116 tandem
2810 5057 2912 5112 sub
2950 5053 3191 5107 Adriano
3220 5063 3358 5119 papa
3405 5046 3588 5135 13‘1"?”

2289 5160 2456 5224 ditur,
2486 5169 2684 5224 corpus
2721 5151 2840 5221 ejus
2865 5149 2987 5218 igne
3016 5150 3291 5200 crematur
3316 5147 3370 5195 et
3409 5123 3654 5193 combusti
3679 5123 3784 5175 ἀπ’

2280 5239 2380 5308 res
2402 5249 2459 5304 in
2492 5243 2747 5320 Tybcrim
2776 5238 3157 5312 projiciuntur.

1894 5452 2130 5510 νΑιιυΕ
2166 5445 2568 5507 LECTIONES.
3582 5501 3593 5510 _
3647 5494 3675 5510 _,

683 5545 754 5617 “3
774 5563 867 5605 sea:
893 5548 1094 5617 priores
1148 5547 1303 5617 hujus
1356 5549 1496 5602 vocis
1527 5546 1732 5617 litteras
1769 5547 1822 5599 in
1876 5546 2050 5598 codice
2070 5543 2236 5598 erasit
2262 5539 2520 5602 Iliacus;
2573 5531 2900 5589 rcstituimus
2925 5541 3012 5585 eat
3034 5540 3097 5581 ex
3126 5520 3390 5586 Alberico,
3416 5523 3553 5583 cujus
3575 5495 3780 5558 lernamm

613 5615 911 5686 conjectura
933 5615 1335 5674 assecutus'erat
1378 5617 1437 5676 V.
1471 5617 1537 5672 D.
1567 5615 1689 5674 Car.
1727 5617 2024 5685 Grotcfcnd.

683 5803 833 5874 (595)
858 5801 1001 5860 Obiit
1029 5821 1078 5860 ει.
1112 5804 1262 5861 uso.
