3914 6314
111 225 209 283 289

174 338 335 394 1156.
495 332 574 393 Β.
613 337 664 393 4.
811 332 877 393 ΡΣ
901 339 992 393 20.
1103 340 1168 394 Α.
1199 338 1253 392 ‘2.
1401 335 1468 391 II.
1501 337 1586 390 12.

173 430 515 487 Fredericus
562 430 860 500 imperator
889 430 1097 502 judicio
1135 440 1189 486 et
1225 428 1457 486 consilio
1493 428 1708 499 episco-

106 539 294 598 porum
329 532 388 578 et
429 523 911 594 archiepiscorum
960 524 1148 579 relicta
1187 538 1358 578 uxore
1399 537 1520 588 sua,
1556 521 1712 576 duxit

108 618 266 673 ﬁliam
301 615 544 671 comitis
574 615 1048 688 Burgundionum,
1093 614 1340 670 Reinaldi
1371 614 1614 678 nomine,
1643 613 1723 668 de

109 713 240 764 ultre
265 707 526 764 Saonam
547 726 564 777 ;
595 725 758 780 quam
775 717 1004 780 patruus
1025 724 1159 764 suus
1179 723 1363 764 comes
1384 706 1710 762 Wilbelmus

107 809 217 858 arta
258 800 445 856 turris
485 801 747 857 custodia
775 802 869 857 diu
910 802 1152 857 clausam
1190 807 1460 866 tenuerat,
1501 807 1563 854 ut
1587 814 1710 854 eam

108 893 352 963 perderet
374 900 434 947 et
461 893 828 949 hereditatem
847 893 966 963 ejus
988 891 1360 947 fraudulenter
1377 891 1675 962 preriperet
1687 909 1705 960 ;

109 986 193 1046 sed
226 983 338 1039 Deo
370 985 692 1042 miserante
723 986 790 1041 de
826 986 1081 1040 manibus
1113 985 1234 1056 ejus
1258 985 1506 1050 liberata,
1534 983 1708 1053 impe-

110 1077 268 1132 ratori
309 1076 366 1131 in
410 1077 748 1149 conjugium
782 1077 1032 1148 copulata
1068 1085 1169 1132 est.
1203 1075 1490 1131 Heinricus
1519 1076 1711 1145 junior

109 1185 194 1223 rex
215 1168 564 1237 Anglorum,
592 1171 890 1226 exercitum
917 1170 1200 1240 copiosum
1223 1176 1278 1224 et
1297 1183 1554 1239 magnum
1581 1168 1706 1222 belli

111 1270 447 1330 apparatum,
479 1277 654 1331 quem
684 1269 1043 1332 proposuerat
1075 1261 1274 1316 ducere
1288 1260 1342 1314 in
1369 1259 1704 1326 Hiberniam,

109 1363 164 1407 ut
199 1367 318 1407 eam
356 1367 470 1407 suo
512 1353 767 1408 dominio
806 1353 1142 1424 subjugaret,
1184 1350 1517 1422 fratremque
1545 1367 1706 1407 suum

115 1444 331 1500 consilio
365 1444 770 1515 episcoporum
811 1455 864 1501 et
905 1445 1284 1516 religiosorum
1335 1443 1581 1498 virorum
1623 1443 1706 1498 illi

112 1535 277 1590 insule
311 1551 509 1607 regem
563 1537 942 1603 constitueret,
979 1535 1245 1591 convertit
1289 1543 1479 1590 contra
1521 1549 1704 1606 regem

115 1626 482 1695 Francorum;
516 1628 630 1685 hac
656 1629 864 1685 scilicet
887 1629 954 1684 de
974 1643 1163 1695 causa,
1187 1627 1317 1698 quia
1337 1642 1564 1682 uxorem
1585 1627 1705 1697 ejus

115 1717 175 1770 ab
215 1731 279 1771 eo
332 1717 600 1774 relictam
656 1718 712 1773 in
766 1718 1178 1774 matrimonium
1221 1716 1484 1783 duxerat,
1543 1716 1704 1786 cujus

117 1805 502 1876 patrimonium
554 1807 692 1862 satis
729 1822 988 1878 magnum
1033 1813 1089 1860 et
1135 1807 1398 1875 amplum,
1443 1804 1702 1860 ducatum

117 1897 305 1952 scilicet
347 1896 662 1968 Aquitanie
691 1906 744 1953 et
781 1898 965 1954 omnia
1013 1897 1118 1968 ipsi
1166 1896 1524 1967 subjacentia,
1576 1911 1704 1968 rege

119 1988 538 2058 contradicente,
599 1989 879 2060 possidere
934 1988 1315 2044 contendebat.
1361 1986 1489 2043 Inde
1520 1987 1701 2058 gravis

119 2087 166 2134 et
190 2080 343 2150 longa
369 2081 666 2136 contentio
691 2081 835 2136 inter
855 2095 952 2136 eos
972 2089 1161 2136 exorta
1183 2088 1286 2148 est,
1308 2079 1381 2136 ita
1403 2079 1542 2136 utin
1568 2095 1700 2149 par-

120 2171 250 2230 tibus
269 2171 571 2243 utriusque
599 2173 754 2246 regni
780 2173 1092 2229 viderentur
1121 2174 1286 2229 urbes
1315 2173 1545 2240 destrui,
1575 2172 1701 2228 ville

123 2271 169 2317 et
191 2263 341 2332 opida
383 2265 650 2332 cremari,
686 2265 1003 2331 homicidia,
1046 2264 1465 2335 depredationes
1513 2279 1699 2319 rerum

123 2355 345 2410 omnium
376 2355 656 2411 violenter
675 2355 815 2423 ﬁeri,
846 2363 901 2412 et
921 2372 952 2411 a
973 2356 1232 2428 Pyreneis
1252 2355 1532 2411 montibus
1561 2370 1699 2426 pene

126 2446 183 2500 ad
200 2445 327 2503 ﬁnes
346 2446 615 2504 Flandrie
640 2449 747 2505 hoc
769 2449 974 2504 malum
998 2448 1156 2520 quasi
1180 2448 1348 2519 pestis
1374 2448 1698 2520 gravissima

128 2537 529 2596 intolerabiliter
559 2541 824 2613 grassari.

189 2631 332 2686 1157.
562 2634 617 2689 5.
831 2633 923 2688 21.
1137 2632 1192 2688 5.
1409 2632 1498 2687 15.

187 2720 554 2780 Theodericus
583 2740 769 2780 comes
793 2723 1068 2791 Flandrie,
1087 2723 1203 2794 jam
1233 2723 1395 2779 tertio
1421 2721 1698 2794 profectus

133 2831 235 2869 cum
270 2817 606 2886 quibusdam
644 2817 981 2888 principibus
1007 2825 1151 2872 terre
1193 2831 1312 2883 sue,
1337 2817 1501 2872 ducta
1530 2817 1696 2872 etiam

132 2922 278 2963 uxore
302 2924 399 2964 sua
451 2911 578 2966 zelo
614 2909 704 2980 pio
752 2908 1058 2965 devotionis
1095 2923 1346 2975 accensa,
1386 2924 1511 2964 cum
1554 2924 1694 2979 qua-

999 219 1370 279 CHRONICA.
1408 248 1478 260 σ-
1515 215 1923 274 AUCTARIUM
1966 215 2520 276 AFFLIGEMENSE.

3283 230 3391 288 290

1734 339 1784 398 Α
1813 335 1962 390 milia
1997 334 2063 391 de
2091 337 2207 392 suis
2233 337 2550 405 amiserant,
2578 353 2774 411 magna
2805 341 3064 402 instantia
3089 356 3144 402 et
3167 347 3387 409 fortitu-

1811 429 1938 485 dine
1958 439 2294 500 superatum,
2316 433 2510 504 positis
2535 433 2588 486 in
2613 448 2679 487 eo
2701 434 2964 493 militibus
2985 440 3236 498 obtinuit.
3260 444 3389 502 Inde

1810 522 1956 578 circa
1995 523 2172 578 natale
2208 523 2424 580 Domini
2459 525 2806 583 Antiochiam
2856 533 3100 602 veniens,
3137 537 3246 592 duo
3291 555 3384 595 ea-

1811 616 1964 672 stella
1985 613 2197 672 Ilarenc
2231 626 2285 672 et
2307 617 2491 674 Femie
2511 620 2820 690 acquisivit,
2844 624 3063 680 tertium
3085 628 3385 698 destruxit;

1809 715 1866 763 et
1895 722 2238 779 quecumque
2264 709 2517 782 princeps
2543 710 2712 782 ipsius
2738 712 3079 774 Raimundus
3104 720 3312 775 incuria
3335 734 3390 778 et

1809 797 2064 854 insolenti
2111 800 2414 856 temeritate
2461 802 2754 871 amiserat,
2810 803 3004 862 Turcis
3056 807 3389 867 irruentibus

1809 907 1935 947 cum
1970 893 2207 946 maxima
2229 899 2385 962 parte
2408 894 2680 949 exercitus
2709 895 2795 950 sui
2837 895 3074 962 occisus,
3104 897 3218 968 ipse
3259 900 3390 954 viri-

1807 983 1930 1038 liter
1959 999 2127 1055 agens
2171 987 2530 1055 recuperavit.
2565 985 2768 1042 Deinde
2811 992 3134 1058 progressus
3163 990 3218 1043 in
3245 991 3388 1045 ulte-

1808 1074 1984 1140 riora,
2049 1072 2337 1129 Cesaream
2395 1075 2736 1146 Cappadocie
2801 1076 3042 1144 obsedit,
3106 1079 3387 1134 obsessam

1807 1175 2004 1235 quarto
2029 1165 2116 1219 die
2137 1165 2299 1234 cepit,
2327 1173 2382 1220 et
2407 1167 2534 1236 quia
2568 1167 2802 1221 retinere
2829 1182 2938 1222 non
2980 1169 3176 1238 potuit,
3201 1179 3390 1240 utpote

1807 1273 1840 1312 a
1873 1257 2077 1312 nostris
2118 1257 2276 1328 longe
2316 1259 2572 1328 positam,
2633 1259 2940 1326 destruxit;
2977 1269 3033 1314 et
3086 1260 3166 1316 sic
3205 1261 3388 1317 omnia

1806 1363 2066 1420 prospere
2096 1364 2284 1420 agens,
2321 1351 2389 1405 ad
2427 1366 2558 1407 suos
2590 1350 3006 1406 Hierosolimam
3034 1369 3160 1408 cum
3191 1341 3388 1425 magna

1805 1442 1977 1513 gloria
2023 1450 2078 1496 et
2129 1442 2328 1512 gaudio
2378 1444 2806 1498 christianorum
2853 1460 3138 1513 reversus,
3187 1446 3388 1502 ibidem

1770 1567 1772 1570 -
1804 1531 2028 1594 biennio
2071 1543 2440 1591 commoratus
2479 1546 2584 1593 est.
2631 1537 2782 1593 Uxor
2807 1539 2926 1608 ejus
2968 1539 3229 1596 Betlianie
3262 1541 3392 1597 reli-

1807 1623 1986 1696 gionis
2009 1625 2257 1681 habitum
2291 1628 2552 1698 suscepit.
2585 1629 2976 1686 Brandeburcli
3018 1633 3301 1687 castellum
3333 1631 3390 1688 in

1805 1725 1952 1772 terra
2000 1715 2320 1773 Sclavorum
2380 1728 2532 1776 trans
2585 1721 2797 1790 Albim,
2854 1738 2951 1792 per
3003 1724 3148 1792 quod
3192 1725 3388 1795 pagani

1803 1809 2135 1866 christianos
2178 1810 2414 1881 graviter
2455 1813 2793 1883 allligcbant,
2844 1815 3100 1870 Albertus
3143 1816 3391 1872 marchio

1802 1915 1989 1957 comes
2031 1902 2087 1958 in
2128 1901 2366 1959 Saxonia
2395 1904 2641 1973 obsedit,
2677 1907 2840 1976 cepit,
2886 1907 3188 1978 positisque
3235 1909 3292 1962 in
3321 1922 3391 1964 eo

1802 1991 2068 2048 militibus
2105 1991 2331 2049 Sclavos
2355 1995 2682 2063 humiliavit,
2711 2011 2776 2051 ac
2795 2013 2893 2068 per
2920 1998 3025 2052 hoc
3057 1998 3390 2056 christianos

1767 2109 1772 2113 κ
1801 2082 1938 2139 ﬁnes
1958 2083 2191 2139 multum
2209 2083 2472 2139 dilatavit.
2495 2084 2817 2141 Fredericus
2839 2087 3133 2157 imperator
3147 2088 3389 2144 secundo

1801 2174 1859 2230 in
1896 2173 2130 2243 Italiam,
2169 2177 2384 2246 plenius
2418 2192 2540 2231 eam
2569 2177 2986 2250 subjugaturus,
3025 2180 3193 2234 movit
3233 2196 3388 2236 exer-

1800 2266 1970 2321 citum
2006 2283 2132 2322 cum
2161 2268 2300 2324 duce
2331 2263 2593 2324 Bobemie
2629 2277 2683 2324 et
2713 2270 2908 2325 ceteris
2941 2272 3095 2344 regni
3126 2272 3211 2326 sui
3234 2274 3387 2342 prin—

1799 2358 2030 2429 cipibus
2069 2361 2244 2432 (597).
2277 2361 2582 2418 Cenobium
2630 2361 3042 2430 Gemblacense,
3087 2365 3232 2434 quod
3263 2374 3389 2422 ante

1798 2465 1976 2508 annos
2002 2452 2219 2508 circiter
2243 2452 2314 2506 20
2338 2468 2666 2509 succensum
2682 2451 2833 2524 (598)
2860 2454 2954 2508 sed
2985 2453 3078 2508 Dei
3101 2457 3388 2512 clementia

1797 2550 1854 2598 et
1902 2542 2176 2614 suffragiis
2227 2551 2573 2611 sanctorum,
2616 2558 2851 2614 quorum
2908 2545 3135 2615 reliquie
3187 2546 3240 2600 in
3297 2547 3388 2602 illa

1798 2633 2150 2688 continentur
2171 2633 2425 2700 ecclesia,
2455 2632 2613 2704 aquis
2658 2633 2725 2688 de
2750 2634 2903 2689 alveo
2941 2636 3107 2690 vieini
3145 2637 3388 2696 fluminis

1797 2724 2022 2779 elevatis
2051 2732 2108 2778 et
2143 2724 2478 2780 monasterio
2511 2722 2819 2795 superfusis
2852 2726 3194 2794 restinctum,
3226 2729 3389 2784 modo

1799 2816 1894 2871 tali
1939 2816 2180 2885 presidio
2222 2816 2566 2883 destitutum,
2615 2816 2832 2872 occulto
2881 2816 2978 2872 Dei
3019 2818 3226 2888 judicio
3262 2835 3387 2873 cum

1798 2909 2040 2964 claustro
2065 2919 2120 2964 et
2153 2909 2348 2965 ceteris
2385 2908 2614 2965 olIicinis
2647 2917 2871 2980 totoque
2921 2911 3120 2982 oppido
3161 2911 3388 2966 combu-

136 2998 402 3072 dringentis
426 3003 705 3058 militibus
731 3010 785 3057 et
801 3002 1032 3072 copioso
1056 3000 1184 3055 belli
1211 3009 1475 3070 apparatu
1505 3000 1698 3056 Hiero—
1723 3025 1766 3083 ρ
1798 3009 1944 3060 stum
1967 3010 2072 3056 est.

134 3094 373 3162 solimam,
409 3095 702 3166 Philippus
724 3095 868 3150 ﬁlius
905 3095 1024 3164 ejus
1055 3093 1374 3150 comitatum
1409 3093 1691 3163 suscepit;

138 3201 271 3254 quem
297 3187 540 3256 justicia,
571 3187 833 3243 fortitudo
857 3195 912 3242 et
934 3185 1232 3243 liberalitas
1255 3184 1511 3240 omnibus
1539 3184 1696 3240 bonis

137 3275 426 3333 laudabilem
462 3288 518 3334 et
544 3277 836 3332 amabilem
879 3275 1027 3332 fecit.
1056 3275 1233 3342 Quam
1267 3273 1419 3347 (596)
1457 3290 1524 3330 ea
1554 3282 1697 3330 tem-

139 3376 314 3434 pestate
348 3369 402 3424 in
431 3377 591 3425 tanta
618 3367 1027 3440 perturbatione
1048 3375 1104 3423 et
1137 3367 1516 3437 desperatione
1540 3367 1696 3422 inve-

141 3456 221 3523 nit,
257 3468 311 3514 ut
345 3461 457 3530 jam
503 3461 768 3531 timerent
805 3476 865 3516 se
915 3460 1119 3515 ﬁnibus
1157 3459 1274 3514 suis
1316 3459 1534 3529 expelli,
1573 3458 1696 3512 loca

145 3557 302 3605 sancta
321 3553 575 3623 gentibus
594 3552 1008 3624 prophananda,
1030 3559 1312 3620 totamque
1336 3559 1539 3605 terram
1567 3564 1697 3620 pos-

141 3637 383 3698 sidendam
414 3645 677 3716 relinqui.
723 3644 963 3700 Noradin
993 3643 1162 3710 enim,
1205 3641 1490 3713 Sanguinii
1528 3642 1696 3710 ﬁlius,

145 3741 276 3800 rupto
300 3736 443 3805 pacis
483 3737 693 3794 {uadere
719 3737 899 3808 primo
940 3734 1256 3805 improvisis
1282 3734 1694 3804 superveniens,

146 3821 210 3878 eis
233 3840 544 3899 congressus
583 3830 878 3900 superavit.
909 3827 1162 3884 Secundo
1202 3827 1261 3882 in
1287 3827 1474 3898 vigilia
1503 3835 1696 3897 pente-

147 3924 293 3972 costes
315 3921 692 3993 congrediens,
723 3919 836 3974 fere
872 3925 1161 3975 sexcentos
1191 3917 1248 3972 in
1285 3916 1528 3973 exercitu
1564 3931 1695 3986 pro-

148 4002 294 4072 batos,
314 4012 581 4081 quosdam
611 4010 818 4082 templi,
842 4009 1114 4081 quosdam
1136 4007 1283 4080 regis
1303 4007 1506 4062 milites
1531 4006 1694 4077 cepit,

153 4102 333 4170 occidit,
363 4123 549 4181 regem
588 4108 678 4163 vix
708 4106 836 4178 fuga
874 4106 1123 4176 elapsum
1155 4110 1474 4174 ceterosque
1499 4102 1557 4157 in
1603 4117 1700 4157 ca-

152 4199 292 4251 urum
322 4195 536 4257 Belinas
570 4200 806 4271 impulit,
849 4207 1183 4267 terramque,
1223 4209 1401 4265 usque
1420 4193 1697 4249 maritima

150 4284 272 4340 nullo
291 4291 572 4349 resistente
591 4291 965 4364 progrediens,
1003 4290 1172 4345 multa
1195 4303 1264 4343 ex
1289 4288 1419 4344 cede
1437 4287 1692 4344 vastavit.

1869 3092 2028 3146 1158.
2239 3091 2292 3148 6.
2520 3093 2611 3146 22.
2821 3094 2876 3148 4.
3085 3095 3170 3149 14.

1867 3183 2159 3239 Frederico
2191 3185 2517 3254 imperatore
2551 3185 2608 3240 in
2647 3183 2803 3240 Italia
2841 3186 3038 3256 posito,
3075 3187 3389 3243 civitatibus

1797 3282 1854 3331 et
1893 3275 2122 3331 urbibus
2175 3275 2440 3344 subactis,
2487 3277 2677 3344 duces,
2729 3276 2959 3334 comites
3012 3286 3066 3334 et
3111 3279 3387 3349 principes

1798 3373 1944 3422 terre
1977 3366 2046 3422 ad
2079 3382 2205 3422 eum
2244 3369 2444 3438 partim
2492 3368 2690 3424 timore
2715 3371 2916 3439 partim
2958 3385 3145 3426 amore
3190 3386 3390 3426 conve-

1797 3466 2018 3524 nerunt,
2054 3458 2296 3514 debitam
2331 3460 2380 3515 ei
2412 3459 2821 3537 .subjectionem
2867 3469 2920 3514 et
2946 3462 3308 3516 reverentiam
3336 3461 3387 3517 ei

1796 3550 2166 3606 exbibuerunt
2187 3550 2346 3622 (Aug.
2376 3551 2455 3621 6.)
2478 3551 2719 3621 exceptis
2742 3550 3259 3621 Mediolanensibus,
3292 3553 3386 3623 qui

1798 3641 1941 3698 sicut
1978 3641 2460 3712 predecessoribus
2493 3641 2633 3711 ejus,
2679 3641 2753 3697 ita
2779 3642 2884 3711 ipsi
2913 3657 3132 3713 quoque
3155 3641 3387 3700 rebelles

1796 3733 2114 3788 extiterunt.
2168 3730 2287 3802 Ipse
2345 3732 2554 3802 absque
2607 3732 2719 3787 ulla
2776 3731 3037 3788 dilatione
3091 3749 3190 3789 sua
3249 3750 3387 3790 usus

1798 3825 2128 3903 constantia,
2169 3823 2445 3880 civitatem
2483 3824 2715 3890 obsedit,
2760 3833 2815 3880 et
2853 3825 3106 3895 quamvis
3155 3825 3388 3882 interius

1799 3916 2082 3984 baberent,
2135 3924 2198 3971 ut
2240 3916 2464 3983 dicitur,
2506 3915 2576 3971 60
2610 3915 2762 3970 milia
2802 3923 3159 3984 armatorum,
3207 3917 3387 3988 primo

1797 4018 1981 4064 tamen
2003 4017 2057 4064 et
2089 4009 2328 4064 secundo
2349 4023 2647 4080 congressu
2670 4009 2841 4063 multa
2869 4017 3050 4079 strage
3067 4007 3386 4065 humiliatos

1798 4101 1868 4157 ad
1915 4100 2246 4156 deditionem
2295 4099 2587 4170 compulit,
2638 4108 2696 4154 ut
2749 4099 2855 4153 200
2913 4100 2980 4155 de
3026 4085 3388 4156 nobilioribus

1800 4194 2038 4250 civitatis
2060 4194 2212 4264 pacis
2242 4193 2462 4248 obsides
2493 4192 2708 4259 darent,
2737 4199 2792 4246 et
2826 4207 3230 4263 quamcumque
3253 4207 3389 4248 con-

1799 4289 2062 4345 ditionem
2089 4287 2193 4343 sibi
2230 4287 2300 4342 ab
2330 4301 2396 4342 eo
2437 4285 2751 4358 impositam
2782 4285 3142 4356 susciperent.
3173 4283 3386 4352 Quibus

153 4369 198 4427 In
222 4386 352 4436 tanto
379 4384 574 4442 timore
595 4386 806 4457 positos
835 4384 1101 4440 Dominus
1124 4382 1342 4454 adjutor
1377 4381 1433 4436 in
1462 4390 1694 4452 oportu-
1726 4381 1772 4437 D
1799 4380 2035 4451 acceptis
2081 4387 2136 4434 et
2191 4377 2600 4434 conditionibus
2650 4383 2996 4432 sacramento
3048 4373 3384 4430 conﬁrmatis

151 4465 390 4542 nitatibus,
419 4477 473 4533 in
503 4477 877 4545 tribulatione,
905 4493 1003 4548 per
1030 4476 1286 4532 comitem
1318 4475 1694 4545 supradictum

156 4553 238 4612 hoc
256 4565 401 4622 modo
437 4570 753 4626 consolatus
787 4577 889 4626 est.
921 4569 1043 4641 Ipse
1071 4582 1308 4638 namque
1335 4566 1429 4622 Dei
1457 4566 1698 4623 conlisus

157 4647 401 4724 adlutorio,
440 4670 494 4717 et
521 4671 708 4718 sancte
737 4663 938 4728 crucis,
964 4677 1072 4732 que
1114 4661 1169 4714 in
1197 4659 1440 4714 exercitu
1482 4658 1696 4714 fereba-

159 4743 244 4807 tur,
267 4751 492 4810 munitus
522 4755 827 4827 signaculo,
867 4755 1124 4825 adjuncto
1153 4752 1258 4808 sibi
1292 4767 1419 4822 rege
1441 4751 1700 4807 audacter

159 4845 456 4916 congressus,
501 4849 744 4906 Noradin
780 4867 904 4907 cum
939 4850 1056 4905 suis
1079 4847 1376 4918 superavit,
1409 4854 1698 4916 superatos

163 4921 438 5013 bumiliavit,
459 4943 777 4999 humiliatos
806 4943 874 4998 ad
896 4957 1084 5013 pacem
1114 4939 1443 5011 poscendam
1469 4954 1699 5008 compu-

161 5012 230 5114 lit:
252 5021 544 5101 Castellum,
591 5035 739 5107 quod
783 5012 960 5090 Cavea
1011 5033 1234 5100 dicitur,
1285 5032 1493 5087 nostris
1539 5030 1699 5086 valde

165 5107 394 5190 infestum,
414 5127 611 5198 quippe
641 5127 736 5198 qui
758 5143 856 5198 per
895 5125 1029 5182 illud
1055 5124 1199 5181 intra
1232 5125 1264 5177 7
1293 5139 1468 5179 annos
1491 5121 1605 5178 fere
1631 5121 1699 5176 I5

1804 4469 1970 4542 (Sept.
2019 4469 2075 4535 8)
2152 4466 2314 4538 quasi
2361 4481 2609 4533 securus,
2657 4465 2959 4520 exercitum
3009 4464 3282 4533 quosdam.
3327 4463 3385 4517 in

1799 4561 2040 4634 propria,
2074 4559 2344 4630 quosdam
2380 4559 2434 4612 in
2464 4559 2695 4612 hiberna
2728 4557 2967 4623 dimisit;
3001 4556 3116 4625 ipse
3145 4556 3200 4610 in
3230 4555 3385 4611 Italia

1800 4671 1859 4712 se
1880 4655 2142 4719 retinens,
2156 4640 2290 4723 plus
2314 4659 2369 4707 et
2390 4651 2572 4722 justus
2595 4650 2665 4705 ab
2696 4649 2953 4704 omnibus
2979 4649 3300 4719 appellatus,
3331 4656 3389 4704 et

1801 4747 2074 4804 secundus
2113 4753 2239 4816 post
2276 4743 2537 4798 Karolum
2578 4741 2832 4813 Magnum
2859 4741 3082 4812 justicia
3108 4749 3162 4796 et
3186 4741 3387 4811 pietate

1799 4849 1884 4896 est
1917 4839 2153 4894 habitus.
2185 4837 2408 4892 Interim
2438 4845 2619 4891 tamen
2645 4850 2744 4890 sua
2775 4834 2896 4889 ocia
2926 4833 3033 4904 piis
3064 4833 3142 4888 rei
3169 4833 3387 4904 publice

1800 4947 2101 5003 perornans
2149 4929 2410 5001 negociis,
2454 4927 2698 4983 Laudam
2735 4927 3032 4992 civitatem,
3069 4941 3233 4995 quam
3273 4923 3387 4978 Me—

1800 5024 2150 5078 diolanenses
2175 5022 2582 5086 destruxerant,
2609 5018 2664 5072 in
2693 5017 2884 5072 tutiori
2918 5017 3041 5071 loco
3062 5015 3382 5070 translatam

1799 5116 2082 5175 restruxit.
2105 5113 2336 5170 Cumam
2370 5127 2610 5184 quoque,
2634 5107 2800 5182 quam
2820 5109 2962 5164 idem
2989 5107 3084 5163 Dei
3118 5116 3173 5162 et
3205 5105 3273 5137 "”
3295 5103 3383 5160 sui

1391 5235 1622 5292 VARIE
1660 5231 2065 5291 LECTIONES.

168 5317 378 5448 “magi
413 5339 464 5387 et
503 5332 667 5386 erasit
721 5331 961 5398 Mirceus,
1002 5338 1059 5385 ut
1083 5330 1309 5397 videtur,
1352 5328 1444 5399 qui
1484 5326 1673 5381 laudes
1712 5324 1985 5380 Friderici
2030 5332 2080 5378 et
2126 5324 2183 5378 in
2214 5323 2397 5378 codice
2451 5319 2623 5376 delere
2653 5317 2898 5383 studuit;
2937 5311 3265 5370 restituimur
3315 5325 3383 5368 ex

246 5523 791 5609 IIierosolymam
817 5537 1042 5594 scilicet.
1495 5606 1518 5609 _
1603 5465 2084 5609 (ROTEpdroccssit.

244 5592 478 5668 397)lloc
509 5592 724 5663 factum
774 5592 994 5663 demum
1041 5606 1202 5672 1158,
1248 5623 1436 5662 mense
1489 5606 1691 5673 Junio;

176 5668 286 5718 ³³³³10
320 5673 444 5732 enim
494 5679 629 5737 1157
673 5679 968 5750 imperator
996 5679 1137 5736 ultra
1182 5668 1695 5751 Burgumliamuon

1866 5605 2016 5678 (398)
2047 5605 2112 5659 A.
2142 5603 2301 5659 H36.
