3914 6314
593 278 713 334 291'

591 392 776 446 hostes
819 370 954 461 pene
1007 391 1411 459 destruxerant,
1475 390 1759 446 renovavit
1811 400 1865 446 et
1915 390 2165 445 munivit.

660 484 820 538 1159.
899 483 964 538 Β.
1011 484 1060 538 7.
1193 484 1255 539 F.
1292 485 1381 538 25.
1527 483 1591 538 Α.
1634 484 1685 538 5.
1833 481 1898 538 Η.
1940 484 2024 539 15.

651 571 818 642 (Sept.
866 571 941 642 1.)
981 571 1254 628 Adrianus
1291 587 1430 642 papa
1471 572 1612 627 diem
1650 572 1901 626 ultimum
1941 572 2164 627 claudit.

587 661 868 718 Rolandus
904 665 1262 720 canecllarius
1297 674 1348 718 ct
1375 663 1704 722 Octavianus
1739 665 2019 736 presbyter
2047 681 2169 720 car-

585 754 784 809 dinalis
814 755 880 808 de
915 764 1114 825 papatu
1148 757 1502 811 contendunt.
1545 755 1753 810 Bellum
1783 757 2166 827 gravissimum

586 855 770 900 ortum
824 857 943 901 erat
1001 857 1126 904 ante
1175 865 1348 904 annos
1397 851 1614 905 circiter
1663 849 1735 904 ‘20
1784 851 1924 905 inter
1973 851 2166 907 ducem

584 936 810 994 Lovanii
845 939 1197 994 Godcfridum
1217 941 1513 1010 juniorem,
1545 950 1599 996 et
1630 941 1934 996 Walterum
1963 959 2167 1015 cogno-

588 1039 773 1085 mento
811 1031 1047 1086 Bertold.
1092 1031 1234 1087 Puer
1276 1034 1496 1102 quidem
1543 1032 1865 1088 Godefridus
1903 1035 2079 1090 adhuc
2108 1037 2163 1090 in

583 1124 740 1177 cunis
764 1124 1008 1193 jacebat;
1042 1125 1197 1178 turba
1237 1133 1422 1180 autem
1462 1126 1846 1180 seditiosorum
1880 1127 2163 1197 utriusque

580 1213 751 1279 partis
782 1229 969 1282 pacem
1008 1214 1280 1268 turbabat.
1317 1213 1474 1269 Unde
1511 1231 1764 1284 magnum
1796 1216 1996 1270 malum
2039 1234 2163 1286 pro-

580 1303 767 1369 cessit,
786 1312 837 1357 et
861 1305 1016 1374 quasi
1035 1305 1306 1374 quoddam
1326 1305 1636 1375 contagium
1655 1315 1856 1360 terram
1879 1307 2162 1378 utriusque

580 1393 800 1447 invasit.
838 1393 1089 1464 Agricole
1118 1395 1262 1449 enim
1285 1395 1443 1449 bonis
1477 1397 1591 1450 suis
1622 1397 1859 1465 spoliati,
1892 1398 2076 1453 miseri
2108 1408 2162 1454 et

576 1485 794 1538 exsules
833 1485 899 1538 de
946 1485 1145 1540 finibus
1190 1486 1305 1541 suis
1337 1495 1463 1541 sunt
1492 1489 1735 1558 egressi;
1775 1497 1916 1542 terra
1946 1490 2160 1545 deserta

576 1574 974 1631 habitatoribus
1010 1578 1214 1632 inculta
1250 1579 1531 1633 remansit.
1577 1579 1706 1633 Erat
1743 1595 1963 1635 cernere
1991 1581 2159 1636 mise-

574 1663 735 1731 riam,
761 1666 1031 1733 incendia,
1061 1668 1371 1734 homicidia,
1407 1686 1589 1724 rerum
1619 1670 1862 1724 omnium
1893 1671 2157 1740 depreda-

575 1755 751 1810 tiones
779 1757 1043 1811 violenter
1080 1759 1219 1825 fieri,
1266 1758 1379 1813 fere
1402 1775 1498 1828 per
1523 1776 1696 1815 annos
1723 1761 1813 1828 20,
1845 1762 2016 1816 donec
2053 1762 2157 1818 hoc

575 1861 720 1901 anno
757 1857 952 1918 quarto
987 1850 1128 1905 bello
1159 1843 1575 1922 Grinbergensis
1602 1852 1750 1923 (599)
1773 1855 2159 1925 urbs-antiqua

570 1941 680 1994 ruit
706 1940 883 2013 (Vino.
907 1942 1037 1996 Ᾰὶη.
1069 1960 1128 2011 ιι,
1155 1944 1302 2014 565),
1329 1946 1526 1999 multos
1551 1941 1823 2000 demin'ata
1837 1962 1933 2016 per
1955 1963 2155 2016 annos;

569 2042 919 2103 castrumque
973 2051 1231 2104 magnum
1276 2045 1329 2090 et
1371 2035 1664 2104 famosum,
1713 2037 1860 2108 quod
1916 2038 2158 2095 humana

567 2123 768 2178 virtute
796 2125 886 2178 vix
916 2127 1147 2194 poterat,
1170 2126 1320 2195 justo
1351 2126 1447 2180 Dei
1488 2127 1695 2196 judicio
1721 2128 2066 2184 combustum
2105 2137 2159 2184 et

569 2216 640 2271 ad
684 2217 861 2270 solum
893 2233 1067 2286 usque
1100 2218 1342 2272 dirutum
1385 2227 1487 2274 est.
1530 2219 1742 2274 Accidit
1777 2220 1882 2274 hoc
1921 2220 1976 2275 in
2021 2219 2158 2276 festo

569 2309 744 2362 sancti
789 2309 1038 2378 Remigii.
1085 2309 1274 2380 Itaque
1321 2311 1469 2364 omni
1510 2311 1714 2365 auxilio
1752 2311 2074 2380 destitutus,
2124 2329 2156 2368 a

566 2399 766 2452 comite
787 2398 1041 2454 Flandrie
1067 2400 1380 2469 derelictus,
1413 2402 1501 2458 cui
1531 2402 1632 2458 soli
1656 2401 2008 2469 innitebatur,
2029 2418 2155 2458 eum

565 2487 724 2556 duce,
771 2506 893 2546 sero
917 2499 1120 2558 tamen,
1171 2493 1227 2547 in
1274 2509 1466 2564 pacem
1502 2496 1680 2551 rediit.
1725 2496 2155 2553 Mediolanenses

564 2582 784 2638 violatis
809 2577 1166 2640 sacramentis
1195 2595 1458 2652 castrum,
1490 2587 1546 2641 in
1574 2603 1684 2658 quo
1717 2589 2014 2659 imperator
2037 2589 2155 2644 the-

568 2687 764 2727 sauros
802 2689 934 2728 suos
968 2674 1316 2744 deposuerat,
1351 2677 1631 2744 invadunt,
1660 2679 1863 2735 milites
1902 2681 2154 2736 custodes

567 2764 779 2818 castelli
829 2766 1082 2836 capiunt,
1135 2769 1422 2825 thesauros
1470 2770 1762 2840 diripiunt,
1818 2772 2154 2842 ulteriusque

565 2857 996 2926 progredientes,
1042 2859 1250 2914 amicos
1285 2858 1406 2938 ejus
1444 2871 1496 2916 et
1533 2862 1933 2918 confoederatos
1971 2865 2152 2933 impu-

567 2955 754 3015 gnant.
797 2945 1072 3017 lpse~ltoc
1102 2939 1511 3019 audito,'ultra
1563 2970 1728 3023 quam
1780 2955 1927 3009 credi
1975 2963 2155 3024 potest

566 3038 869 3092 ammirans
911 3047 965 3095 et
999 3041 1299 3098 exhorrens
1344 3059 1534 3098 eorum
1569 3045 1871 3116 perfidiam,
1915 3047 2154 3101 decrevit

566 3125 664 3182 Dei
699 3137 753 3197 et
789 3145 946 3184 suam
976 3129 1231 3200 injuriam
1265 3133 1332 3188 de
1351 3118 1583 3189 crimine
1614 3135 1946 3192 inﬁdelitatis
1968 3137 2150 3194 debito

564 3217 768 3274 talione
820 3221 1225 3278 vindicandam.
1277 3207 1404 3296 ’(Αη.
1453 3225 1637 3296 1160.)
1691 3226 1914 3284 Obsedit
1967 3225 2152 3302 itaque

566 3308 872 3366 Criminum
896 3312 1042 3384 (400)
1060 3321 1302 3370 castrum
1329 3317 1462 3373 satis
1492 3319 1784 3386 munitum,
1816 3321 1871 3375 in
1903 3337 2014 3391 quo
2035 3331 2152 3377 erat

565 3403 805 3475 maxima
834 3404 1117 3461 tlducia'et
1157 3395 1651 3479 fortitudo'eorum,
1691 3413 1978 3469 obsessum
2007 3414 2151 3484 cepit

565 3491 714 3563 (Jan.
741 3495 853 3566 26),
883 3500 1407 3568 captum'dcstruxit,
1435 3503 1635 3558 milites
1657 3504 1752 3574 qui
1773 3504 1828 3557 in
1852 3520 1916 3560 eo
1940 3505 2147 3560 inventi

564 3593 713 3652 sunt,
736 3587 846 3641 vita
874 3588 1106 3646 donatos
1130 3591 1281 3646 abire
1305 3594 1576 3662 permisit,
1608 3595 1704 3649 sed
1728 3603 1781 3649 et
1807 3609 2148 3666 quecumque

563 3671 1054 3735 Mediolauensium
1096 3668 1272 3749 erant,
1323 3669 1754 3754 circumquaque
1786 3686 1990 3740 vastari
2018 3703 2144 3756 pre-

562 3769 724 3838 cepit.

633 3859 790 3914 1160.
1011 3861 1066 3915 8.
1279 3865 1370 3919 24.
1588 3868 1641 3922 6.
1864 3869 1950 3923 16.

633 3949 926 4006 lleinricus
948 3968 1044 4006 rex
1070 3952 1371 4024 Anglorum
1410 3957 1577 4012 ﬁliam
1618 3957 1896 4030 Stephani,
1928 3969 2143 4032 neptem

560 4057 716 4096 suam
772 4043 1240 4100 sanctimonialem
1294 4057 1349 4102 et
1403 4049 1735 4107 abbatissam
1790 4052 1846 4106 in
1902 4053 2142 4110 claustro

560 4143 956 4202 consecratam,
986 4147 1174 4192 contra
1204 4139 1287 4196 fas
1323 4141 1502 4213 legum
1540 4143 1755 4199 Matheo
1789 4145 1901 4200 filio
1926 4148 2140 4203 comitis

557 4223 812 4282 Flaudrie
837 4229 985 4283 dedit
1008 4245 1257 4298 uxorem,
1287 4246 1344 4287 ut
1373 4249 1470 4303 per
1503 4251 1624 4290 eam
1655 4237 1973 4292 comitatum
2005 4239 2137 4300 reti-

557 4330 711 4375 neret
741 4321 1144 4381 Boloniensem.
1173 4326 1240 4382 Et
1266 4330 1395 4399 quia
1423 4347 1625 4400 sponsa
1655 4332 1767 4388 Deo
1799 4333 1998 4402 dicata,
2029 4351 2138 4391 non

1719 271 2082 329 SIGEBERTI
2119 267 2644 329 GEMBLACENSIS

3691 295 3771 353 292

2202 394 2247 451 Α
2275 383 2392 443 bus
2407 389 2580 459 regni,
2604 390 2862 459 preterito
2882 407 3028 450 anno
3052 395 3124 451 ab
3151 397 3468 468 imperatore
3491 410 3566 457 ter
3588 419 3779 467 vocatus.

2270 478 2516 546 Quorum
2552 482 2786 537 adventu
2808 485 3008 554 Oppido
3033 487 3250 557 letatus,
3284 492 3507 547 consilio
3532 497 3785 568 principum

2269 572 2454 626 statim
2506 573 2720 628 obsedit
2747 590 2814 628 ex
2851 576 3003 632 omni
3055 589 3209 648 parte
3258 581 3623 653 Mediolanum,
3661 593 3780 649 ctita

2267 664 2534 718 coartavit
2577 681 2692 732 eos,
2748 675 2811 721 ut
2857 684 2968 723 non
3014 669 3275 727 haberent
3313 683 3618 743 potestatem
3657 679 3782 739 libere

2266 755 2575 824 egrediench
2619 757 2704 812 vel
2751 757 3112 830 ingrediendi,
3157 765 3372 820 emendi
3419 767 3525 822 vel'
3548 772 3778 830 vendendi.

2267 843 2470 901 Timuit
2516 848 2662 904 enim
2692 859 2914 921 propter
2953 855 3311 911 reverentiam
3357 860 3683 918 ecclesiarum
3715 883 3781 921 ar-

2265 948 2409 994 mata
2433 941 2598 995 manu
2630 942 2875 1014 ingredi;
2907 954 2962 1000 et
2985 956 3042 1004 ut
3061 959 3313 1018 parceret
3352 953 3619 1021 militibus,
3645 959 3719 1028 qui
3742 963 3779 1021 in

2264 1033 2670 1101 congressione,
2704 1043 2764 1089 ut
2793 1039 2994 1093 assolet
3015 1039 3154 1107 fieri,
3186 1043 3360 1098 occidi
3384 1055 3609 1113 possent,
3638 1052 3780 1111 maluit

2263 1123 2407 1179 fame
2429 1127 2698 1194 cruciatos
2726 1129 2793 1183 ad
2822 1129 3154 1188 deditionem
3184 1136 3454 1205 compelli.
3478 1136 3588 1207 Ipse
3612 1140 3777 1200 interim

2261 1216 2460 1270 cotidie
2501 1218 2817 1274 elemosinis
2862 1236 3164 1292 pauperum
3211 1226 3530 1295 insistebat;
3568 1229 3776 1289 decimam

2260 1314 2472 1376 partem
2509 1308 2754 1362 omnium
2784 1311 3058 1367 redituum
3084 1330 3309 1369 suorum
3349 1320 3657 1387 pauperibus
3685 1338 3776 1378 ero-

2261 1396 2453 1465 gabat,
2503 1399 2770 1454 estimans
2821 1415 2879 1455 se
2931 1403 3128 1459 melius
3176 1405 3488 1462 elemosinis
3538 1425 3776 1480 pauperum

2259 1498 2425 1552 quam
2467 1486 2634 1542 armis
2683 1487 2915 1542 militum
2948 1505 3110 1558 posse
3159 1493 3398 1548 vincere.
3450 1495 3562 1565 Ipse
3611 1499 3710 1568 pius
3740 1513 3778 1556 et

2259 1572 2488 1629 dilectus
2527 1577 2781 1632 omnibus
2814 1579 3034 1636 habitus
3065 1591 3170 1650 est,
3218 1592 3280 1638 ut
3321 1585 3484 1641 duces
3520 1599 3568 1642 et
3605 1592 3777 1647 comites

2261 1660 2532 1718 Guillelmi
2561 1667 2704 1736 regis
2734 1666 2915 1723 Sicilie
2943 1670 3224 1726 dominum
3255 1689 3417 1730 suum
3445 1677 3717 1737 desererent
3741 1695 3777 1739 et

2192 1748 2228 1804 ll
2258 1753 2326 1808 ad
2374 1755 2550 1824 ipsum
2601 1772 2660 1812 se
2699 1743 3029 1816 conferrent.
3085 1761 3436 1838 ,Baldewinus
3487 1770 3685 1838 quintus
3712 1790 3776 1829 rex

2261 1843 2600 1901 Jherusalem
2636 1848 2745 1904 vita
2786 1849 3059 1920 decessit;
3091 1851 3404 1912 Amalricus
3433 1856 3590 1914 frater
3625 1861 3720 1932 ejus
3742 1865 3776 1918 ei

2261 1939 2542 1994 successit.
3817 1953 3819 1955 ·

2330 2029 2488 2084 usa.
2651 2031 2793 2087 .to.
3008 2036 3099 2091 ac.
3353 2039 3432 2112 8.,
3614 2042 3686 2096 l8.

2328 2142 2759 2202 Mediolanenses
2803 2147 3108 2217 obsidione,
3153 2149 3320 2219 fame,
3364 2153 3558 2224 inopia,
3610 2157 3775 2228 etquod

2258 2243 2342 2289 est
2375 2235 2615 2306 gravius,
2653 2237 2920 2293 seditione
2947 2241 3199 2308 coartati,
3228 2258 3330 2312 per
3354 2243 3690 2300 internuntios
3711 2261 3774 2316 pe-

2258 2333 2381 2380 tunt
2409 2326 2478 2381 ab
2510 2327 2836 2398 imperatore
2869 2330 3338 2403 misericordiam;
3372 2343 3571 2391 tantum
3611 2349 3663 2391 ut
3697 2338 3774 2390 vita

2257 2420 2548 2489 donentur,
2582 2425 2800 2478 Omnem
2829 2425 3197 2482 conditionem
3238 2429 3311 2483 ab
3358 2429 3476 2500 ipso
3503 2431 3772 2500 propositam

2256 2513 2583 2583 promittunt
2638 2529 2698 2570 se
2753 2515 3046 2572 sustinere.
3085 2517 3345 2576 Kalendis
3405 2521 3577 2591 itaque
3625 2521 3772 2586 Martii,

2257 2620 2450 2660 omnes
2492 2620 2590 2675 per
2643 2612 2854 2663 turmas
2905 2623 3034 2665 suas
3080 2620 3305 2679 exeunt,
3357 2613 3507 2688 prius
3538 2613 3770 2682 principes,

2255 2703 2376 2765 post
2404 2711 2499 2751 eos
2532 2697 2743 2753 nobiles
2785 2707 2840 2753 et
2877 2700 3100 2768 milites,
3125 2702 3335 2773 gladios
3365 2705 3602 2760 manibus
3631 2714 3770 2758 tenen-

2256 2793 2359 2854 tes,
2385 2788 2543 2858 quasi
2565 2798 2751 2844 essent
2780 2786 2859 2845 rei
2883 2792 3190 2863 majestatis
3215 2803 3270 2850 et
3291 2796 3604 2865 proditores,
3625 2796 3770 2850 deinde

2255 2879 2629 2949 promiscuum
2661 2881 2878 2951 vulgus,
2929 2881 3154 2940 funibus
3196 2887 3338 2941 colla
3387 2887 3582 2953 innexi,
3608 2886 3654 2940 in
3682 2886 3767 2940 cili-

2257 2967 2379 3034 ciis,
2418 2969 2606 3025 cinere
2628 2971 2898 3041 capitibus
2931 2975 3170 3044 aspersis
3192 2977 3259 3031 ad
3302 2978 3466 3047 pedes
3495 2976 3768 3046 imperatoris

2179 3091 2220 3150 Ο
2252 3052 2314 3112 in
2363 3060 2585 3115 modum
2639 3063 2821 3120 crucis
2865 3080 2924 3120 se
2967 3075 3340 3136 prosternunt.
3385 3069 3672 3138 Imperator,
3700 3066 3764 3136 qui

2252 3160 2730 3220 pr0posuerateos
2758 3153 2823 3208 ad
2851 3163 3117 3212 terrorem
3153 3158 3388 3214 aliorum
3428 3159 3636 3214 diversis
3671 3173 3764 3226 sup—

2251 3241 2429 3311 pliciis
2458 3244 2792 3312 interimere,
2829 3246 2940 3301 vita
2971 3247 3220 3318 donatos,
3257 3251 3528 3321 rebusque
3570 3264 3765 3304 necessa-

2241 3335 2366 3401 riis,
2402 3345 2664 3406 quantum
2712 3353 2897 3393 secum
2930 3339 3070 3396 ferre
3098 3351 3372 3412 poterant,
3404 3342 3674 3406 concessis,
3697 3353 3765 3409 per

2249 3427 2501 3498 regiones
2536 3429 2810 3499 dispersit,
2845 3431 2918 3487 ita
2949 3441 3009 3486 ut
3049 3449 3158 3487 non
3179 3434 3448 3505 baberent
3471 3433 3704 3488 licentiam
3723 3430 3759 3481 in

2246 3518 2521 3574 civitatem
2585 3522 2820 3591 amplius
2868 3525 3203 3591 revertendi;
3248 3523 3444 3601 dejnde
3489 3524 3635 3594 jussit
3669 3534 3762 3575 suos

2246 3611 2522 3666 civitatem
2567 3611 2795 3682 ingredi,
2848 3629 3059 3680 muros,
3113 3624 3314 3682 turres,
3374 3617 3479 3670 alta
3506 3624 3566 3672 .et
3584 3612 3760 3683 superba

2244 3701 2465 3772 fastigia
2509 3711 2564 3758 et
2585 3703 2796 3758 ediﬁcia
2823 3705 3030 3760 destrui
3051 3736 3122 3745 —-
3152 3707 3328 3762 tribus
3371 3717 3543 3762 tamen
3577 3702 3762 3775 pepercit

2242 3793 2507 3860 ecclesiis,
2559 3802 2747 3850 sancte
2781 3794 2970 3863 Marie,
3022 3798 3198 3852 sancti
3247 3797 3512 3864 Mauricii,
3541 3806 3590 3852 et
3629 3793 3759 3850 sancti

2241 3885 2536 3953 Ambrosii,
2565 3902 2691 3941 cum
2712 3886 2939 3944 oﬂicinis
2963 3889 3309 3958 clericorum,
3335 3889 3631 3946 oﬂicialibus
3649 3887 3758 3955 ipso-

2238 3991 2382 4042 rum,
2420 3977 2675 4033 domibus
2725 3985 2779 4032 et
2819 3979 3208 4049 indempnitate
3247 3997 3435 4036 rerum
3463 3993 3688 4037 concessa
3711 4004 3757 4013 -

2237 4069 2477 4125 erarium
2507 4070 2782 4140 publicum
2825 4071 2928 4126 sibi
2977 4073 3264 4128 reservari.
3307 4071 3612 4136 Placentini,
3635 4067 3755 4121 Bolo-

2218 4161 2478 4228 ‘nienses,
2512 4161 2846 4229 Brixienses,
2891 4161 3391 4222 Mediolanensibus
3428 4173 3600 4220 contra
3630 4161 3756 4226 impe‘

2217 4260 2474 4307 -ratorem
2498 4252 2884 4320 confmderati,
2920 4258 3169 4327 exemplo
3208 4273 3401 4319 eorum
3440 4256 3618 4319 territi,
3644 4264 3753 4306 eamv

2236 4344 2358 4399 dem
2400 4345 2726 4400 humilitatis
2767 4347 3186 4417 subjectionem,
3222 4351 3383 4420 quasi
3410 4349 3483 4405 rei
3511 4339 3752 4416 majestatis

557 4424 819 4478 sponsum
863 4414 956 4469 sed
1007 4415 1312 4472 adulterum
1363 4436 1582 4477 summo
1634 4423 1747 4494 regi
1794 4426 2131 4496 superduxit,
2165 4414 3560 4509 1)substratiimperatorisvpedibus,ieiibibuerunt,
3590 4414 3752 4505 lipsius-

555 4501 694 4557 bella
735 4513 788 4560 et
824 4507 1115 4565 seditiones
1145 4510 1400 4568 inimicus
1437 4514 1577 4569 inter
1602 4525 1811 4587 patrem
1845 4526 1900 4572 et
1936 4519 2129 4588 lilium,

553 4594 697 4650 inter
738 4597 960 4655 fratrem
997 4611 1050 4656 et
1085 4601 1306 4659 fratrem
1342 4608 1651 4663 concitavit.
1686 4608 1996 4666 Fridericus
2025 4611 2131 4666 ἰηι-

553 4699 771 4758 perator
797 4709 922 4748 cum
956 4696 1182 4764 videret,
1225 4708 1446 4768 propter
1489 4703 1819 4771 paucitatem
1859 4704 2132 4760 exercitus

555 4779 984 4841 Mediolanenses
1033 4797 1221 4842 contra
1271 4806 1331 4844 se
1376 4792 1699 4849 insolentius
1751 4809 1928 4864 agere,
1983 4795 2132 4850 misit

553 4884 650 4939 per
669 4887 859 4928 omnes
881 4874 1016 4931 fines
1036 4879 1187 4948 regni
1211 4880 1317 4947 sui,
1343 4889 1402 4935 ut
1423 4883 1666 4938 venirent
1685 4883 1735 4938 ei
1761 4885 1816 4937 in
1841 4884 2126 4951 auxilium,

552 4970 608 5015 et
646 4963 867 5032 juravit,
919 4982 976 5021 se
1043 4985 1152 5023 non
1193 4987 1536 5028 recessurum
1587 4990 1618 5028 a
1667 4975 1902 5041 civitate,
1956 4976 2131 5031 donec

551 5063 957 5124 caperet-eam.
1011 5058 1080 5114 Ut
1131 5071 1310 5116 autem
1373 5065 1477 5118 hoc
1525 5065 1897 5135 juramentum
1948 5077 2128 5122 ratum

551 5156 813 5215 maneret,
856 5149 1176 5221 designavit,
1221 5155 1267 5209 si
1306 5154 1445 5211 forte
1487 5158 1596 5212 vita
1645 5159 1946 5227 decederet,
1989 5161 2127 5217 duos

549 5236 929 5307 imperatores,
978 5242 1148 5298 ﬁlium
1193 5245 1428 5302 Conradi
1474 5250 1875 5318 predecessoris
1913 5251 2019 5319 sui,
2072 5262 2127 5308 et

546 5338 670 5398 post
705 5347 828 5385 eum
859 5330 1173 5390 Heinricum
1195 5338 1387 5393 ducem
1418 5339 1671 5398 Saxonie.

621 5422 777 5477 1161.
1031 5429 1084 5482 9.
1267 5431 1358 5486 ‘25.
1539 5434 1588 5488 7.
1789 5436 1875 5490 17.

617 5511 955 5574 Convenerat
985 5522 1256 5578 exercitus
1301 5540 1530 5596 magnus
1557 5542 1624 5582 ex
1666 5527 1921 5582 omnibus
1956 5529 2125 5598 parti-

2239 4546 2347 4601 que
2397 4529 2730 4601 indulgentia
2769 4531 2986 4586 veniam
3023 4532 3394 4602 optinuerunt.
3452 4531 3626 4586 Fames
3661 4537 3750 4594 gra-

2236 4621 2464 4677 vissima
2488 4622 2543 4676 in
2574 4631 2782 4676 tantum
2828 4623 3116 4693 prevaluit,
3147 4633 3209 4680 ut
3234 4627 3451 4680 modius
3479 4620 3624 4677 tritici
3654 4630 3748 4670 ven--

2238 4713 2459 4767 deretur
2482 4711 2551 4766 50
2571 4720 2626 4768 et
2646 4728 2711 4767 eo
2727 4714 2962 4783 amplius
2985 4715 3173 4771 solidis
3197 4714 3542 4772 Lovaniensis
3564 4713 3746 4764 monete.

2237 4805 2518 4874 multaque
2558 4804 2707 4858 milia
2760 4805 3047 4860 hominum
3095 4806 3239 4862 fame
3301 4807 3617 4878 periissent,
3668 4793 3747 4850 nisi

2202 4895 2505 4951 vDominus
2559 4880 2816 4966 pauperis
2889 4899 3080 4969 populi
3146 4899 3487 4955 alllictioncm
3530 4887 3747 4961 respexis-

2237 4995 2340 5042 set.
2371 4987 2490 5057 lpse
2511 4988 2656 5042 enim
2687 4989 2781 5058 qui
2806 4989 3040 5058 percutit
3064 4999 3118 5045 et
3153 4990 3420 5060 medetur,
3465 4987 3595 5044 dedit
3623 4976 3745 5051 spiri—

2236 5089 2352 5134 tum
2380 5079 2584 5134 bonum
2608 5079 2664 5133 in
2692 5079 3225 5150 cordibusﬁdelium
3251 5097 3490 5144 suorum,
3518 5076 3652 5144 cujus
3683 5069 3742 5122 in—

2233 5171 2436 5227 stinctu
2483 5171 2690 5241 largam
2740 5186 2964 5225 manum
2997 5173 3065 5226 ad
3113 5188 3376 5242 pauperes
3421 5167 3739 5232 extenderunt.

2231 5277 2531 5332 eorumque
2580 5260 2819 5330 inopiam
2869 5277 2968 5316 sua
2997 5262 3368 5318 habundantia
3399 5257 3740 5330 suppleverunt.

2230 5361 2284 5408 et
2315 5353 2519 5423 largius
2549 5369 2712 5422 quam
2748 5353 3042 5422 aliquando
3068 5355 3274 5409 nostris
3301 5351 3611 5423 temporibus
3635 5339 3739 5396 vidi‘

2225 5460 2370 5510 mus,
2409 5460 2507 5498 sua
2530 5459 2624 5498 cos
2649 5444 2968 5498 liberalitate
3016 5443 3468 5500 sustentaverunt.
3496 5441 3738 5510 Impera“)?

2227 5534 2548 5590 Fredericus
2587 5550 2617 5588 a
2640 5550 2766 5607 rege
2809 5533 3147 5592 Francorum
3183 5537 3454 5602 invitatus,
3497 5541 3548 5587 ut
3570 5525 3737 5585 sublato

2024 5622 2252 5681 ΝΟΤᾸΕ.

636 5695 760 5769 399)
792 5699 966 5775 Prope
995 5705 1300 5766 Vilvordam
1344 5712 1676 5771 occidentem
1714 5732 1924 5773 versus.

2302 5716 2450 5790 (400)
2479 5717 2750 5775 Cremam.
