3914 6314
181 272 305 331 195

178 384 496 444 schismate
535 379 778 434 Romane
817 377 1048 434 ecclesie
1080 395 1187 448 pax
1233 381 1389 432 ﬁrma
1441 377 1776 443 redderetur,
1807 380 1856 438 Α
1955 373 2114 428 1165.

179 475 489 532 concilium
530 471 586 525 in
631 470 908 526 territorio
931 468 1325 546 Besuntionum
1355 468 1490 522 Dolo
1531 468 1656 523 villa
1682 483 1780 523 su—

175 583 286 638 per
322 565 563 621 Sennam
593 563 840 630 ﬂuvium,
875 561 930 616 in
960 561 1317 616 decollatione
1355 560 1527 615 sancti
1573 559 1780 637 Johan-

175 659 274 714 nis
313 657 556 728 haptiste
598 654 946 719 convocavit;
982 653 1076 707 sed
1117 653 1172 706 in
1206 660 1358 706 tanto
1389 659 1654 716 conventu
1694 666 1782 706 re-

177 767 347 822 gum,
372 750 597 813 ducum,
629 747 914 811 comitum,
949 744 1508 814 archiepiscoporum,
1568 743 1782 812 cpisco-

175 824 394 912 porum
443 848 499 896 et
549 840 840 903 abbatum,
894 835 1380 891 Clarevallcnsium
1443 833 1674 888 consilio
1725 841 1780 886 et

178 914 468 988 instinctu
485 947 610 999 rege
641 928 868 982 Francie
894 927 962 980 ab
985 926 1314 994 imperatore
1340 938 1550 989 averso,
1576 922 1780 992 quique

179 1024 312 1080 sine
344 1024 569 1089 effectu,
611 1021 801 1075 eadem
829 1027 883 1073 et
936 1018 1115 1073 adhuc
1136 1016 1381 1086 graviore
1427 1022 1782 1084 permanente

177 1096 496 1180 discordia,
523 1156 526 1158 .
549 1112 605 1165 in
632 1096 730 1166 sua
757 1109 1073 1164 redierunt.
1116 1106 1452 1176 Desponsata
1493 1104 1602 1158 ﬁlia
1639 1104 1781 1174 regis

175 1206 538 1261 Francorum
593 1204 706 1258 ﬁlio
751 1202 894 1272 regis
941 1199 1273 1270 Anglorum,
1323 1197 1597 1252 contentio
1648 1210 1781 1249 con-

179 1298 428 1367 quievit,
456 1305 508 1350 et
528 1312 634 1365 pax
662 1295 821 1364 plena
849 1292 989 1346 inter
1013 1306 1109 1345 eos
1139 1287 1413 1343 convenit.

1055 263 1420 322 CIIRONICA.
1463 292 1532 302 —
1570 257 2039 317 CONTINUATIO
2077 257 2584 326 AQUICINCTINA.

3358 269 3465 335 291

3171 378 3238 436 Η.
3286 383 3331 437 1.

1954 465 2199 536 Corpora.
2245 464 2411 520 trium
2454 482 2736 537 magorum
2780 483 2811 522 a
2852 467 3115 527 Reinaldo
3153 471 3465 532 Coloniensi

1882 557 2054 612 electo
2075 557 2141 611 de
2162 557 2388 612 ecclesia
2411 557 2646 628 quadam
2670 560 2876 614 civitati
2911 560 3301 620 Mediolancnsi
3328 582 3463 621 con-

1884 649 2030 719 tigua
2074 650 2333 704 translata
2366 658 2512 717 sunt,
2540 660 2592 704 et
2622 668 2744 705 cum
2773 668 2970 723 magno
3006 657 3204 725 gaudio
3230 667 3281 711 et
3310 659 3464 713 exul-

1884 738 2090 793 tatione
2119 738 2284 796 totius
2305 737 2602 810 provincie,
2632 743 2980 810 proccssione
3008 745 3333 800 mirabiliter
3368 763 3462 801 or-

1883 830 2071 884 dinata
2107 845 2208 885 nec
2231 829 2392 885 simili
2421 832 2676 887 omnibus
2713 841 2860 887 retro
2889 836 3086 890 seculis
3113 836 3229 891 visa
3256 838 3339 892 vel
3366 855 3465 892 au-

1885 921 2017 988 dita,
2053 921 2262 976 civitati
2306 921 2622 979 Coloniensi
2645 925 2794 979 illata
2838 934 2892 980 et
2933 927 2986 980 in
3031 929 3260 983 ecclesia
3291 931 3464 985 sancti

1884 1011 2030 1066 Petri
2057 1013 2295 1082 reposita
2324 1022 2472 1070 sunt.
2510 1015 2566 1069 Si
2605 1017 2728 1086 quis
2751 1018 2867 1072 vult
2901 1019 3061 1087 scire,
3092 1021 3367 1089 quomodo
3398 1022 3466 1075 de

1885 1105 2134 1173 partibus
2160 1105 2276 1160 suis
2304 1108 2569 1161 translata
2600 1109 2709 1162 sint
2737 1107 3290 1181 ConstantinOpolim,
3321 1121 3374 1166 et
3399 1113 3465 1167 de

1883 1195 2359 1266 Constantinopoli
2394 1197 2781 1267 Mediolanum,
2827 1201 2880 1256 id
2923 1202 2977 1256 in
3024 1203 3250 1257 ecclesia
3291 1205 3465 1257 sancti

1883 1285 2028 1341 Petri
2050 1285 2392 1343 Coloniensis
2416 1289 2670 1345 inveniet.

2265 371 2435 428 11.11
2560 373 2624 428 F.
2663 374 2750 429 27.
2861 376 2926 431 A.
2969 379 3021 433 9.

209 1449 2814 1474 Μ
1289 1472 1359 1474 _
1363 1467 2632 1474 _———_—_—,

696 1600 1772 1757 CONTINUATIO
1866 1619 2996 1771 AQUICINCTINA

252 1881 344 1934 De
378 1880 480 1933 hac
511 1875 924 1937 continuatione,
974 1870 1208 1924 omnium
1243 1864 1796 1940 prtestantissimaiﬁt
1845 1861 1901 1912 in
1953 1860 2142 1940 ultimo
2185 1863 2376 1918 saltem
2427 1866 2676 1919 decennio
2721 1866 2881 1940 [actis
2906 1882 3100 1933 cowva,
3121 1869 3238 1936 jam
3265 1871 3466 1940 egimus

176 1931 291 2006 σοί
314 1931 429 2004 '29.
462 1931 662 2002 Damus
699 1945 860 2016 primi
894 1931 1153 2012 integram
1180 1955 1206 1992 e
1244 1931 1435 1992 'codice
1469 1933 1673 2006 egregio
1701 1931 1799 1998 BS,
1831 1947 1981 2000 quem
2008 1939 2182 1987 tamen
2205 1950 2307 1987 non
2331 1952 2439 1990 esse
2466 1931 2852 2006 autoyrap'lmm
2890 1931 3143 2005 auctoris,
3195 1931 3354 2010 supra
3389 1941 3468 1996 v’i-

177 2024 370 2076 dimus
402 2019 507 2074 col.
533 2018 622 2071 15.

252 2149 460 2205 Brevis
483 2114 747 2218 epilogus.
787 2142 1055 2199 Eusebius
1095 2137 1581 2209 bvstoriographus
1616 2133 1785 2188 Cesa-
1816 2134 1862 2193 Β
1890 2140 1999 2188 tus.
2054 2132 2192 2189 Nam
2242 2137 2538 2192 multorum
2587 2139 2787 2207 anime,
2840 2140 2934 2211 qui
2968 2141 3041 2196 ibi
3074 2158 3105 2197 a
3151 2142 3468 2207 Sarracenis

179 2242 397 2299 riensis
449 2241 736 2310 episcopus
793 2237 1015 2307 scripsit
1053 2234 1320 2306 principia
1363 2231 1528 2301 hujus
1550 2226 1784 2284 volumi-

179 2334 296 2399 nis,
324 2330 511 2386 veraci
543 2329 668 2383 stilo
705 2327 910 2383 futuris
947 2327 1236 2381 insinuans
1269 2321 1671 2378 successionem
1699 2335 1786 2374 re-

181 2440 320 2494 gum
343 2430 399 2477 et
415 2420 614 2476 seriem
639 2430 968 2489 temporum,
982 2433 1013 2472 a
1027 2417 1307 2471 nativitate
1318 2414 1534 2468 Abrahe
1553 2411 1786 2482 patriar-

181 2517 286 2570 che
322 2519 506 2584 usque
553 2512 620 2566 ad
667 2511 986 2566 vicesimum
1037 2506 1382 2564 Constantini
1426 2505 1607 2575 magni
1636 2503 1788 2574 prin-

181 2605 332 2676 cipis
396 2618 626 2658 annum.
685 2600 918 2670 Scripsit
963 2607 1144 2654 autem
1190 2599 1386 2663 Grece;
1455 2604 1538 2651 set
1595 2595 1787 2650 beatus

179 2694 551 2752 Jheronimus
596 2692 874 2748 transtulit
938 2690 1150 2745 Latine.
1199 2689 1246 2742 A
1299 2687 1557 2742 vicesimo
1605 2694 1784 2740 autem

182 2802 340 2842 anno
369 2784 722 2840 Constantini
758 2798 933 2854 usque
968 2783 1037 2836 ad
1085 2788 1314 2835 mortem
1344 2778 1588 2833 Valentis
1618 2777 1788 2846 impe-

180 2879 397 2934 ratoris
448 2877 589 2931 idem
644 2877 837 2931 beatus
879 2873 1234 2929 Jheronimus
1263 2871 1508 2942 digessit.
1544 2870 1590 2923 A
1613 2869 1788 2938 primo

186 2983 328 3024 vero
364 2981 516 3020 anno
539 2964 785 3019 Gratiani
837 2979 1012 3033 usque
1049 2963 1117 3016 ad
1157 2969 1388 3016 mortem
1431 2957 1790 3013 Valentiniani

181 3058 432 3130 junioris
456 3057 551 3110 ﬁlii
592 3055 852 3122 Placidie,
896 3055 1132 3125 Prosper
1165 3053 1336 3108 sancti
1362 3051 1651 3121 Augustini
1679 3049 1790 3104 dis-

185 3151 414 3220 cipulus
445 3149 776 3218 composuit.
817 3147 1021 3202 Deinde
1053 3144 1356 3216 Sigibertus
1397 3143 1791 3199 Gemblaucen-

188 3243 266 3299 sis
297 3240 631 3307 monachus,
669 3241 752 3294 vir
775 3239 909 3294 satis
937 3238 1229 3302 litteratus,
1261 3235 1423 3290 altius
1451 3241 1721 3303 repetens,
1749 3247 1781 3287 a

188 3334 376 3403 primo
400 3347 549 3386 anno
570 3331 732 3402 primi
757 3327 1051 3383 Theodosii
1081 3341 1257 3396 usque
1284 3325 1350 3379 ad
1375 3323 1667 3394 septimum
1694 3339 1792 3376 an-

190 3441 329 3478 num
357 3423 578 3478 ilenrici
624 3422 801 3492 quinti
851 3421 1017 3490 hujus
1041 3418 1280 3472 nominis
1325 3415 1669 3486 imperatoris
1693 3414 1789 3469 de-
1832 3458 1868 3492 ί.

1886 2223 2154 2280 interfecti
2181 2237 2308 2282 sunt
2331 2237 2384 2283 et
2407 2228 2550 2284 fame
2573 2230 2873 2300 perierunt,
2904 2248 3000 2301 per
3023 2232 3117 2288 Dei
3153 2237 3468 2294 misericor-

1884 2317 2029 2372 diam
2081 2320 2228 2375 salve
2279 2321 2421 2377 facte
2465 2331 2611 2378 sunt.
2662 2323 2806 2378 Inter
2838 2325 3162 2382 Balduinum
3215 2331 3469 2386 comitem

1884 2409 2220 2467 Montenscm
2276 2422 2331 2469 et
2383 2414 2629 2470 Sibillam
2691 2417 3028 2473 comitissam
3077 2419 3470 2476 Flandrensem

1885 2510 2005 2556 orta
2026 2501 2321 2571 discordia,
2345 2503 2546 2559 milites
2589 2503 2949 2561 Flandrenses
2992 2507 3045 2560 in
3075 2524 3214 2578 pago
3241 2509 3468 2564 Austre-

1885 2594 2097 2650 batensi
2139 2596 2406 2651 incendiis
2455 2607 2508 2652 et
2555 2597 2762 2667 rapinis
2802 2598 3033 2668 patriam
3076 2601 3466 2656 demoliuntur.

1885 2685 1967 2740 Ad
1992 2687 2137 2742 hanc
2179 2687 2508 2743 discordiam
2562 2689 2952 2759 paciﬁcandam
2996 2689 3209 2746 Sansun
3240 2709 3470 2749 venera-

1885 2778 2011 2834 bilis
2041 2778 2326 2836 Remensis
2350 2782 2794 2852 archiepiscopus
2822 2799 2946 2837 cum
2981 2784 3309 2854 quibusdam
3359 2786 3474 2856 epi—

1887 2871 2068 2940 scopis
2119 2871 2477 2940 suﬁ‘raganeis
2505 2875 2619 2929 suis
2655 2875 2834 2939 venit;
2868 2883 2949 2929 set
2981 2875 3306 2945 quibuslam
3353 2893 3472 2931 ma-

1887 2961 2067 3018 livolis
2096 2979 2287 3033 pacem
2317 2965 2686 3032 turbantibus,
2716 2981 2908 3035 parum
2940 2965 3189 3035 profecit.
3230 2967 3472 3035 Ecclesia

1889 3049 2285 3108 Hasnoniensis
2309 3061 2440 3109 tunc
2465 3055 2534 3108 ab
2559 3055 2748 3110 eodem
2779 3055 3190 3127 archiepiscopo
3227 3059 3473 3114 dedicata

1887 3153 1990 3198 est.
2026 3143 2159 3215 (1b.)
2186 3144 2422 3216 Hyemps
2458 3147 2780 3218 gravissima
2816 3157 3050 3218 quatuor
3081 3150 3361 3206 mensibus
3387 3151 3473 3206 in-

1889 3236 2059 3290 valuit
2087 3244 2142 3290 et
2169 3238 2458 3306 prevaluit.

1963 3327 2122 3382 1150.
2351 3330 2439 3383 14.
2658 3332 2745 3386 15.
2971 3333 3059 3388 15.
3314 3335 3366 3390 7.

1958 3417 2330 3475 Theodericus
2352 3435 2538 3475 comes
2564 3420 2916 3478 Flandrensis
2939 3427 3229 3482 revertitur
3255 3427 3324 3482 ab
3343 3426 3474 3484 Jhe-

191 3514 440 3583 scripsit.
472 3512 601 3567 Post
628 3491 756 3566 hinc
776 3511 1070 3565 Anselmus
1095 3508 1264 3563 abbas
1290 3505 1599 3576 supradicto
1621 3504 1786 3559 Gem-
1814 3491 1858 3555 C
1891 3511 2187 3566 rosolimis,
2233 3511 2339 3578 Qui
2369 3521 2678 3568 commotus
2722 3529 2821 3584 pro
2871 3514 3092 3585 injuria,
3137 3534 3314 3587 quam,
3348 3519 3475 3572 Bal-

191 3607 510 3662 blaucensis
533 3605 784 3671 ecclesie,
823 3620 853 3659 a
889 3603 1122 3672 septimo
1160 3616 1306 3670 anno
1344 3599 1565 3655 Henrici
1613 3614 1788 3669 usque

192 3698 262 3752 ad
286 3697 644 3751 undecimum
671 3712 873 3750 annum
913 3692 1160 3749 Lotharii
1199 3692 1544 3761 imperatoris
1565 3707 1672 3762 que
1698 3706 1785 3746 se-

191 3797 400 3846 cuntur
431 3789 702 3858 apposuit.
751 3786 980 3856 Reliqua
1008 3799 1158 3851 vero,
1195 3797 1302 3853 que
1331 3784 1400 3838 ab
1433 3798 1578 3838 anno
1613 3783 1789 3838 unde-

195 3884 344 3938 cimo
369 3881 619 3936 Lotharii
655 3865 830 3952 usque
864 3880 932 3935 ad
957 3893 1161 3933 annum
1203 3877 1342 3930 12ιιιιῐὶ
1376 3875 1616 3931 Conradi
1647 3875 1789 3947 regis

196 3976 404 4045 scripta
436 3983 582 4041 sunt,
628 3974 752 4044 quis
787 3972 1075 4042 scripserit
1123 3970 1466 4040 ignoramus.
1497 3968 1544 4020 A
1567 3969 1656 4038 115°
1686 3983 1786 4022 au-

193 4078 306 4123 tem
334 4083 483 4123 anno
510 4066 748 4122 Conradi
774 4066 921 4138 regis
949 4063 1455 4118 Theuthonicorum
1479 4069 1532 4116 et
1558 4061 1645 4115 11°
1676 4059 1787 4113 Lu-

199 4161 379 4215 dovici
409 4160 575 4229 hujus
609 4157 848 4213 nominis
875 4156 1092 4226 septimi
1138 4154 1284 4225 regis
1313 4151 1676 4218 Francorum,
1699 4165 1790 4206 r0-

201 4263 331 4326 gatu
373 4252 720 4322 quorundam
759 4249 990 4304 fratrum
1015 4247 1492 4319 Aquicinensium,
1545 4250 1598 4300 et
1636 4252 1788 4314 post.-

199 4348 430 4403 modum
452 4345 777 4404 auctoritate
807 4342 1063 4415 Symonis
1086 4341 1331 4412 ejusdem
1352 4337 1582 4396 ecclesie
1623 4336 1789 4390 abba-

196 4440 270 4496 tis
296 4438 470 4510 (401),
509 4437 731 4508 quidam
757 4436 1062 4492 monachus
1083 4433 1328 4504 ejusdem
1360 4429 1590 4486 ecclesie
1625 4427 1790 4481 fami-

194 4533 549 4598 liarissimus,
578 4529 924 4585 mediocriter
962 4527 1251 4590 litteratus,
1278 4538 1455 4592 usque
1483 4515 1540 4575 in
1584 4519 1788 4574 calcem

194 4623 494 4679 voluminis
547 4621 829 4691 sequentia
879 4617 1152 4689 apposuit.
1182 4616 1382 4670 Audita
1422 4611 1596 4684 magis
1624 4626 1788 4681 quam

194 4715 310 4770 visa
335 4713 579 4783 scripsit,
619 4721 804 4781 etque
843 4727 874 4764 a
919 4710 1170 4765 ﬁdelibus
1211 4707 1535 4762 relatoribus
1561 4703 1786 4769 audivit,

1888 3604 2090 3660 duinus
2121 3619 2305 3660 comes
2331 3604 2633 3661 Montensis
2664 3607 2925 3675 prcterito
2971 3623 3116 3661 anno
3149 3623 3247 3663 sue
3273 3608 3477 3664 fecerat

1889 3697 2070 3764 uxori,
2109 3706 2454 3752 contra-eum
2504 3691 2804 3773 exercitum
2849 3698 3039 3752 movit.
3081 3698 3150 3753 At
3175 3698 3475 3756 Balduinus

1890 3789 1956 3844 de
1982 3788 2098 3844 suis
2125 3787 2336 3842 viribus
2357 3787 2628 3854 difﬁdens,
2658 3785 2955 3864 Henricum
2987 3788 3303 3859 episcopum
3329 3789 3441 3846 Leo
3464 3821 3474 3831 ο

1889 3879 2164 3936 dicensein
2196 3888 2251 3935 et
2295 3878 2589 3935 Henricum
2621 3881 2878 3957 comitem
2912 3879 3306 3938 Namuccnsem
3338 3900 3471 3939 con-

1891 3980 1974 4026 tra
2028 3971 2394 4027 Flandrenses
2447 3971 2694 4027 adduxit.
2747 3971 2840 4027 Set
2889 3972 3315 4031 Flandrensibus
3372 3989 3474 4032 suo

1889 4079 2042 4119 more
2072 4063 2304 4118 viriliter
2348 4065 2804 4134 repugnantibus,
2852 4065 3068 4136 inglorii
3113 4069 3182 4122 ad
3219 4083 3319 4123 sua
3347 4077 3476 4124 sunt

1890 4157 2097 4212 reversi
2168 4155 2532 4212 Namucensis
2589 4174 2774 4214 comes
2830 4166 2884 4213 et
2940 4158 3290 4216 Leodicensis
3359 4160 3477 4230 epi-

1890 4263 2110 4318 scopus.
2139 4249 2316 4320 (Auct.
2347 4249 2561 4320 Aquic.)
2585 4248 2715 4305 Orta
2743 4259 2824 4306 est
2848 4252 3128 4306 contentio
3157 4253 3296 4306 inter
3332 4251 3477 4306 Hen-

1890 4341 2068 4395 ricum
2107 4342 2424 4412 episcopum
2471 4342 2861 4397 Leodicensem
2887 4351 2941 4398 et
2978 4342 3270 4399 Henricum
3299 4342 3474 4398 comi—

1892 4439 1999 4484 tem
2022 4430 2441 4486 Namucensem.
2477 4431 2626 4488 Unde
2649 4441 2977 4504 congregato
3006 4434 3281 4503 utrimque
3314 4448 3473 4489 exer-

1891 4522 2002 4577 citu
2045 4525 2349 4594 congressi,
2379 4524 2627 4593 superior
2654 4523 2832 4580 factus
2865 4525 3174 4595 episcopus,
3205 4542 3314 4580 non
3357 4527 3476 4581 sine

1890 4615 2190 4669 multorum
2223 4616 2352 4670 cede
2385 4615 2615 4670 victoria
2639 4616 2846 4687 potitus
2869 4624 2972 4671 est.

1965 4707 2121 4762 1151.
2314 4708 2435 4761 15.
2665 4707 2753 4762 16.
2864 4759 2868 4766 ,
2959 4708 3073 4762 16.
3327 4709 3380 4764 8.

195 4815 542 4875 posterorum
570 4803 752 4857 notice
791 4801 1100 4870 dereliquit.
1136 4799 1387 4878 Litterati
1429 4799 1575 4853 enim
1611 4796 1784 4852 nostri
1820 4830 1862 4884 Β
1963 4799 2274 4854 Ludovicus
2312 4814 2408 4853 rex
2453 4797 2792 4854 Francorum
2841 4801 3073 4856 consxlio
3107 4800 3294 4856 domni
3341 4801 3475 4858 Ber-

197 4894 364 4950 seculi
390 4893 479 4947 liis
497 4891 780 4946 intendere
802 4905 902 4960 pro
916 4890 1118 4944 nichilo
1143 4890 1371 4956 ducunt,
1390 4897 1445 4943 et
1466 4886 1785 4959 hujusmodi

197 4987 526 5056 scripturam
559 4984 922 5054 vilipendunt.

270 5077 428 5131 1149.
544 5074 612 5129 R.
656 5075 742 5129 1'5.
853 5073 916 5127 F.
958 5073 1047 5128 14.
1161 5073 1226 5127 A.
1269 5073 1356 5127 1.1.
1519 5070 1584 5125 Η.
1627 5070 1680 5124 6.

271 5169 446 5238 (Auct.
479 5167 696 5238 Aquic.)
742 5165 902 5221 Anno
951 5166 1005 5220 d.
1064 5166 1101 5219 i.
1146 5165 1314 5235 .1149.
1372 5163 1656 5219 Conradus
1686 5176 1782 5216 rex

201 5259 705 5315 Theuthomcorum
731 5266 786 5313 et
813 5256 1123 5312 Ludovicus
1147 5272 1242 5312 rex
1272 5255 1608 5310 Francorum
1651 5268 1780 5324 pro-

202 5353 436 5409 cinctum
489 5351 727 5416 solvunt,
775 5358 830 5405 et
882 5350 1000 5405 sine
1029 5349 1140 5404 ullo
1185 5347 1564 5418 prosperitatis
1592 5347 1784 5401 eﬂ'ectu

203 5445 483 5498 abitinere
526 5441 1018 5497 Jherosolimorum
1061 5448 1454 5506 revertuntur;
1502 5455 1783 5508 nunquam

203 5537 384 5593 audita
426 5545 580 5602 tanta
626 5535 942 5592 infelicitate
965 5534 1238 5607 corporali
1270 5533 1556 5590 christiani
1578 5533 1785 5590 exerci-

279 5709 513 5783 (-101)A.
558 5709 887 5767 1174-1201.

1447 5788 1478 5804 τ.

1889 4889 2045 4944 nardi
2113 4888 2326 4943 abbatis
2390 4887 2806 4944 Clarevallcnsis
2866 4889 3176 4946 Aanordem
3248 4906 3476 4948 ux0rcm

1857 4995 2047 5036 suam
2078 4979 2402 5050 repudiavit,
2457 4989 2512 5035 et
2557 4981 2816 5035 ducatum
2857 4981 3152 5050 Aquitanie
3197 4983 3477 5052 provincie

1890 5072 2093 5127 amisit.
2124 5071 2254 5126 Erat
2273 5073 2419 5127 enim
2446 5072 2555 5126 lilia
2585 5072 2742 5127 ducis
2765 5072 3078 5142 Aquitanie.
3109 5075 3321 5128 Aanors
3344 5088 3476 5128 vero

1889 5163 2168 5234 quondam
2192 5163 2379 5233 regina
2406 5161 2662 5229 Henrico,
2691 5162 2803 5216 ﬁlio
2835 5161 3081 5216 Gaufridi
3123 5162 3337 5218 comitis
3364 5161 3477 5214 An-

1854 5301 1856 5303 .
1889 5257 2242 5327 degavorum,
2268 5255 2362 5324 qui
2388 5263 2578 5324 postea
2617 5253 2672 5307 in
2718 5253 2911 5325 Anglia
2954 5255 3221 5324 regnavit,
3255 5253 3472 5321 nupsit;

1860 5381 1862 5383 ›
1890 5349 2079 5418 sicque
2107 5347 2351 5416 predicta
2376 5347 2571 5400 mulier
2598 5346 2665 5401 de
2692 5361 2870 5416 regno,
2894 5347 2962 5400 ad
2987 5361 3214 5415 regnum
3239 5344 3470 5412 transiit.

1857 5487 1862 5492 .
1890 5438 2089 5494 chuit
2116 5447 2296 5493 autem
2321 5454 2387 5493 ex
2409 5454 2472 5493 ea
2493 5448 2728 5509 quatuor
2753 5439 2892 5492 ﬁlios
2910 5479 2924 5503 ,
2951 5435 3246 5489 llenricum
3272 5451 3451 5505 regem

1888 5533 1986 5604 qui
2015 5542 2140 5589 ante
2165 5543 2376 5604 patrem
2412 5533 2566 5600 obiit,
2598 5531 2931 5588 Richardum
2976 5547 3176 5604 regem,
3213 5528 3307 5599 qui
3335 5527 3478 5599 patri

1698 5643 1929 5703 NOTJE.
