3914 6314
463 295 572 350 295

1596 243 1977 339 διοεΒΕιιτὶ
1996 278 2521 336 GEMBLACENSIS

3620 287 3728 342 296

463 403 746 470 successit,
795 398 1118 457 Gaul‘ridum
1151 397 1414 452 comitum
1463 393 1783 460 Brittannie,
1835 400 1889 448 et
1935 391 2035 446 Jo-
2067 394 2112 453 A
2141 399 2248 445 tur.
2301 389 2439 447 Huic
2486 391 2826 459 Constantia,
2881 407 3039 448 soror
3079 392 3340 450 Ludovici
3389 394 3728 452 Francorum

462 500 701 553 hannem
741 493 836 565 qui
867 493 1070 548 dicitur
1114 491 1232 545 sine
1271 498 1441 554 terra;
1480 495 1590 542 tres
1629 500 1846 556 quoque
1879 485 2040 552 ﬁlias,

461 603 695 659 quarum
743 602 852 639 una
879 583 1066 653 nupsit
1091 581 1207 651 regi
1238 579 1514 649 Hispanie,
1544 593 1778 649 sequens
1809 577 1921 648 regi
1959 575 2045 630 Si-

462 679 607 743 cilie,
657 676 826 730 tercia
855 674 982 728 duci
1015 670 1270 726 Saxonie.
1326 667 1463 722 Nam
1513 668 1580 722 de
1620 683 1744 738 rege
1771 665 2044 720 Ludovico

463 769 600 822 duas
631 772 894 837 genuerat
922 763 1080 828 ﬁlias,
1109 775 1343 831 quorum
1366 759 1538 829 prima
1585 755 1770 826 nupsit
1813 753 2045 809 Henrico

464 857 650 914 comiti
693 854 1078 925 Campanensi,
1113 867 1346 922 sequens
1376 848 1687 904 Theobaldo
1725 846 1879 901 fratri
1926 847 2045 916 ejus

465 949 654 1003 comiti
682 947 946 1002 Blesensi.
977 944 1284 999 Ludovicus
1337 959 1432 996 rex
1463 940 1800 995 Francorum
1847 955 2045 994 secun-

465 1040 591 1095 dam
628 1039 782 1092 duxit
813 1021 1038 1091 uxorem
1077 1033 1452 1090 Constantiam
1478 1033 1643 1086 ﬁliam
1675 1030 1818 1101 regis
1848 1029 2045 1099 Hispa~

466 1131 575 1198 nie,
625 1131 760 1185 satis
824 1129 1168 1198 religiosam;
1216 1141 1282 1180 ex
1340 1140 1448 1194 qua
1487 1123 1673 1194 genuit
1715 1121 1851 1176 duas
1885 1121 2043 1189 ﬁlias,

465 1237 701 1290 quarum
729 1235 837 1274 una
866 1218 1050 1288 nupsit
1086 1217 1318 1271 Henrico
1347 1215 1458 1285 regi
1497 1212 1725 1284 juniori,
1757 1213 1868 1267 ﬁlio
1899 1211 2045 1267 Hen—

464 1313 565 1367 rici
615 1311 914 1382 Anglorum
964 1309 1130 1380 regis,
1178 1309 1347 1362 altera
1372 1321 1500 1362 vero
1545 1305 1656 1359 ﬁlio
1707 1305 2047 1375 imperatoris

465 1402 1076 1473 Constantiuopolitani.
1109 1401 1287 1473 (Auct.
1345 1398 1560 1470 Aquic.)
1608 1396 1844 1452 Fructus
1903 1405 2047 1451 terra

466 1497 659 1551 habuit
681 1497 895 1561 uberes,
920 1503 1002 1548 set
1022 1492 1327 1563 pluviarum
1365 1489 1716 1544 inundatione
1758 1505 1788 1542 a
1843 1487 2049 1542 festivi-

467 1598 578 1644 tate
606 1588 780 1644 sancti
808 1585 1073 1642 Johannis
1097 1599 1272 1653 usque
1302 1582 1369 1637 ad
1392 1582 1631 1636 medium
1661 1580 1887 1650 Augusti
1926 1595 2046 1635 om-

467 1683 560 1737 nia
583 1688 853 1746 vastante,
889 1680 980 1733 vix
1003 1679 1071 1733 ad
1093 1677 1462 1732 maturitatem
1505 1673 1775 1743 perduxit.
1804 1671 1941 1726 Nam
1968 1672 2046 1726 vi-

467 1787 600 1826 num
632 1779 686 1826 et
723 1769 890 1825 ceteri
913 1768 1127 1823 fruetus
1167 1782 1234 1822 ex
1265 1774 1420 1837 parte
1447 1762 1780 1828 defecerunt,
1813 1771 1866 1817 et
1900 1762 2046 1832 quod

466 1865 534 1920 de
561 1863 681 1918 uvis
712 1862 997 1918 collectum
1025 1867 1130 1926 est,
1177 1859 1232 1913 in
1281 1872 1498 1913 acorem
1530 1870 1747 1910 versum
1780 1863 1880 1909 est.
1913 1853 2045 1925 (1b.)

466 1953 528 2009 In
552 1955 769 2011 civitate
799 1951 1143 2008 Atrebatensi
1166 1961 1291 2021 post
1316 1950 1474 2005 beate
1497 1940 1759 2002 memorie
1781 1947 2047 2000 domnum

468 2048 716 2103 Alvisum
747 2046 1085 2116 episcopum,
1110 2044 1205 2116 qui
1229 2043 1283 2097 in
1308 2041 1652 2112 expeditione
1673 2037 2050 2094 Jherosolimi-

467 2150 593 2194 tana
626 2139 835 2194 obierat
884 2137 1056 2207 (7.02),
1107 2135 1391 2191 ordinatur
1419 2133 1780 2189 Godesealeus
1821 2139 2049 2202 quartus

469 2231 778 2301 episcopus.

541 2321 700 2375 1152.

540 2414 720 2483 (Auct.
747 2411 872 2482 Aq.)
904 2409 1192 2465 Conradus
1237 2423 1332 2462 rex
1360 2407 1504 2462 diem
1537 2405 1733 2462 clausit
1770 2405 2044 2459 ultimum.

469 2504 772 2575 Optimates
807 2518 937 2557 vero
977 2502 1130 2573 regni
1167 2508 1223 2555 et
1270 2499 1511 2570 episcopi
1557 2499 1613 2552 in
1651 2513 1823 2551 unum
1861 2512 2052 2552 conve-

471 2597 704 2663 nientes,
739 2596 1021 2666 elegerunt
1058 2592 1246 2663 (Mart.
1294 2591 1350 2661 9)
1392 2590 1743 2647 Fredericum
1784 2589 2049 2644 illustrem

465 2687 686 2753 ducem,
734 2685 905 2740 ﬁlium
972 2683 1248 2739 Frederici
1295 2683 1451 2737 ducis
1501 2680 1828 2736 Suavorum.
1872 2679 2048 2750 Hujus

471 2779 727 2834 avunculi
765 2777 986 2832 fuerunt
1012 2775 1297 2830 Conradus
1341 2781 1844 2844 supramemoratus
1879 2773 2051 2843 impe-

472 2878 643 2934 rator,
677 2878 732 2924 et
754 2867 1024 2924 Henricus
1044 2869 1156 2923 dux
1196 2867 1627 2932 Austrasiorum,
1671 2873 1824 2935 pater
1867 2865 2051 2936 regine

472 2961 757 3032 Hungarii.
790 2959 922 3031 (1b.)
944 2959 1003 3012 In
1031 2959 1261 3014 ecclesia
1285 2958 1457 3013 sancti
1482 2956 1748 3024 Nicholai,
1780 2971 1885 3026 que
1919 2970 2051 3010 con-

1419 2313 1609 2368 Α.17.
1673 2297 1678 2303 ’
1725 2309 1792 2365 H.
1867 2293 1934 2366 9.‘

812 2317 878 2373 Β.
921 2316 1007 2372 16.
1119 2315 1180 2370 F.
1222 2315 1306 2370 17.

443 3071 445 3073 ί
473 3060 682 3107 structa
709 3058 793 3104 est
819 3049 873 3103 in
899 3049 1098 3119 oppido
1125 3047 1478 3113 Brusellensi,
1510 3055 1698 3102 sancta
1728 3045 1897 3100 Maria
1927 3061 2050 3101 ma-
2077 3083 2119 3140 Ο

473 3151 555 3198 ter
579 3141 706 3197 Jesu
730 3141 932 3196 Christi
955 3140 1126 3194 multa
1147 3140 1409 3194 miracula
1436 3147 1655 3208 operata
1680 3146 1783 3193 est.
1808 3136 2051 3193 Ecclesia

472 3233 649 3288 sancti
681 3231 886 3286 Bertini
920 3233 1204 3287 combusta
1234 3239 1317 3286 est
1354 3247 1478 3286 cum
1507 3230 1762 3286 omnibus
1789 3230 2050 3300 appendi-

473 3325 565 3379 tiis
589 3324 723 3392 suis,
765 3324 822 3377 in
851 3323 968 3393 ipso
997 3323 1134 3378 festo
1178 3323 1353 3378 sancti
1393 3322 1619 3388 Bertini,
1655 3322 1786 3377 dum
1829 3321 2050 3376 matuti-

471 3431 673 3470 norum
700 3416 1021 3486 sollempnia
1053 3423 1362 3486 agerentur,
1406 3429 1532 3470 cum
1557 3429 1754 3486 magna
1778 3422 1930 3484 parte
1956 3427 2053 3484 op-

471 3506 605 3577 pidi.

544 3599 704 3660 “53.
954 3600 1006 3654 1.
1227 3598 1314 3654 18.
1523 3595 1610 3650 18.
1829 3595 1915 3650 10.

542 3691 720 3762 (Auct.
744 3690 960 3762 Aquic.)
990 3690 1238 3762 Eclypsis
1263 3690 1395 3744 solis
1417 3688 1562 3743 facta
1583 3697 1666 3742 cst.
1694 3686 1724 3740 7
1747 3686 1864 3742 Kal.
1889 3687 2048 3742 Febr.

472 3781 529 3836 in
569 3783 604 3836 2
633 3782 789 3838 feria.
824 3784 858 3837 5
887 3782 964 3836 Id.
1002 3782 1248 3851 ejusdem
1286 3780 1495 3834 mensis
1539 3779 1596 3832 in
1633 3779 1669 3832 2
1706 3777 1840 3833 feria
1869 3780 2053 3834 audita

472 3882 603 3930 sunt
626 3875 885 3928 tonitrua.
911 3873 1186 3943 Eugenius
1213 3887 1350 3942 papa
1379 3871 1542 3939 obiit;
1570 3871 1811 3926 succedit
1834 3873 1884 3926 ei
1904 3871 2051 3926 Con-

471 3967 641 4020 radus
676 3966 836 4021 166ιι³
865 3981 1004 4036 papa
1035 3963 1353 4020 Sabinensis
1391 3965 1702 4033 episcopus,
1729 3963 2052 4019 Anastasius

474 4057 794 4126 appellatus,
835 4066 978 4111 etate
1024 4057 1352 4127 grandevus,
1402 4056 1642 4111 vicarius
1693 4055 1879 4110 domni
1917 4071 2054 4126 pape

473 4145 879 4215 predecessoris
900 4147 1006 4202 sui.
1039 4145 1285 4202 Domnus
1307 4161 1526 4217 quoque
1552 4146 1861 4204 Bernardus
1884 4148 2052 4202 abbas

473 4236 914 4304 Clarevallensis,
958 4238 1054 4307 qui
1096 4238 1256 4307 quasi
1290 4238 1483 4292 lucifer
1511 4249 1734 4295 exortus
1771 4240 2054 4295 monachi—

437 4344 601 4383 'cum
638 4329 885 4384 ordinem
928 4330 1258 4396 illustrabat,
1313 4331 1568 4402 migravit
1619 4333 1686 4386 ad
1737 4331 2048 4386 Dominum.

2145 487 2317 557 regis,
2353 497 2632 556 nupserat.
2675 486 2890 541 Mortuo
2933 495 3115 541 autem
3164 485 3491 554 Eustachio,
3540 490 3728 544 comiti
3779 498 3784 500 '

2148 576 2335 634 Sancti
2354 579 2526 650 Egidii
2547 581 2786 635 secundo
2809 579 3060 649 copulata
3078 578 3545 634 estmatrimonio.
3567 579 3730 636 Vario

2145 679 2344 725 eventu
2388 671 2677 727 adversum
2735 669 3071 742 Stephanum
3115 686 3302 742 regem
3345 670 3647 742 Anglorum
3694 687 3731 728 a

2147 760 2401 829 Henrico,
2428 763 2540 818 ﬁlio
2569 764 2785 820 comitis
2805 765 3244 836 Andegavorum,
3280 772 3574 835 pugnatur.
3607 762 3732 820 Ste-

2146 855 2360 924 phanus
2390 871 2484 911 rex
2517 856 2816 927 Anglorum
2852 855 3086 912 Henrico
3123 865 3356 927 cognato
3396 871 3502 913 suo
3535 871 3734 913 ream.

2146 946 2382 1002 ciliatur.

2218 1039 2378 1094 1151.
2621 1041 2676 1094 2.
2899 1041 2985 1096 19.
3188 1041 3276 1096 19.
3501 1042 3591 1096 11.

2219 1131 2395 1201 (Auct.
2432 1131 2647 1203 Aquic.)
2690 1131 2933 1188 Romane
2974 1131 3205 1188 ecclesie
3243 1133 3403 1187 167ιι·
3441 1133 3734 1189 ordinatur

2147 1223 2435 1292 episcopus
2469 1222 2763 1291 Adrianus,
2804 1224 2898 1294 qui
2938 1232 2994 1278 et
3033 1222 3350 1292 Nicholaus,
3396 1224 3734 1281 Albanensis
3781 1215 3790 1223 ’

2148 1313 2436 1382 episcopus
2484 1313 2645 1368 annis
2681 1314 2734 1368 6.
2770 1313 3079 1384 Stephanus
3125 1329 3223 1370 rex
3259 1315 3452 1388 Anglie
3491 1331 3735 1384 veneno,

2149 1412 2209 1458 ut
2232 1404 2453 1474 quidam
2479 1414 2751 1472 asserunt,
2783 1407 2838 1460 in
2863 1408 2986 1462 cibo
3027 1418 3245 1477 sumpto
3273 1409 3455 1465 subito
3493 1411 3738 1465 moritur

2151 1491 2293 1563 (Oct.
2325 1493 2451 1564 25);
2486 1495 2574 1549 cui
2604 1495 2872 1550 successit
2907 1495 3195 1552 Heinricus
3223 1513 3394 1568 nepos
3429 1497 3557 1567 ejus
3585 1498 3734 1568 (5b.),

2149 1586 2473 1656 cujusavus
2520 1585 2624 1640 fuit
2656 1586 2745 1641 ille
2797 1586 3043 1642 famosus
3085 1604 3180 1643 rex
3207 1589 3398 1659 Anglic
3433 1587 3732 1645 Henricus.

2148 1676 2285 1730 Filia
2314 1692 2548 1747 namque
2570 1677 2708 1748 ejus,
2738 1694 2844 1748 que
2879 1678 3192 1749 imperatori
3221 1690 3390 1750 nupta
3409 1680 3737 1750 imperatrix

2149 1769 2449 1835 dicebatur,
2496 1777 2550 1824 et
2593 1778 2711 1824 erat
2747 1771 2935 1825 comiti
2971 1771 3346 1841 Andegavensi
3386 1780 3560 1842 nupta
3615 1783 3741 1842 post

2145 1875 2433 1914 excessum
2487 1860 2862 1930 imperatoris,
2911 1863 3285 1932 supradictum
3329 1861 3637 1919 Henricum
3685 1873 3740 1919 et

2146 1951 2342 2007 fratres
2370 1952 2490 2022 ejus
2511 1952 2577 2007 de
2607 1967 2674 2007 eo
2700 1953 2957 2024 suscepit.
3003 1953 3107 2021 Qui
3136 1970 3262 2010 cum
3292 1955 3472 2010 adhuc
3520 1955 3738 2011 lactens

2147 2045 2249 2100 sub
2271 2045 2436 2099 ubere
2471 2045 2702 2100 nutricis
2733 2054 2897 2112 esset,
2925 2044 3181 2101 defuncto
3207 2061 3310 2101 avo
3343 2047 3466 2117 ejus
3493 2045 3738 2102 Henrico

2146 2152 2272 2206 rege
2293 2137 2349 2191 in
2371 2136 2622 2207 Angliam
2649 2137 2986 2207 deportatus,
3011 2138 3277 2194 electione
3305 2139 3556 2194 omnium
3584 2139 3739 2208 prin-

2146 2227 2350 2296 cipum,
2385 2227 2528 2282 datis
2545 2227 2872 2298 juramentis
2915 2228 2973 2283 in
3006 2244 3176 2301 regno
3221 2229 3591 2287 conﬁrmatus
3631 2241 3736 2288 est.

2147 2318 2366 2375 Electus
2403 2329 2489 2375 est
2514 2321 2680 2375 etiam
2709 2336 2892 2377 comes
2942 2321 3252 2392 Stephanus
3290 2331 3562 2393 cognatus
3592 2323 3736 2392 ejus,

2147 2411 2241 2482 qui
2267 2428 2492 2483 regnum
2519 2421 2730 2483 regeret
2761 2422 2816 2469 et
2843 2413 3109 2469 infantem
3137 2414 3412 2469 educaret.
3455 2412 3570 2480 Qui
3614 2413 3738 2470 Ste-

2145 2505 2360 2575 phanus
2383 2521 2412 2559 a
2444 2505 2782 2576 principibus
2816 2522 3135 2576 persuasus,
3170 2523 3400 2578 regnum
3437 2507 3656 2563 invasit
3687 2518 3740 2564 et

2147 2597 2343 2652 tenuit.
2394 2596 2510 2652 Hoc
2569 2607 2879 2667 comperto,
2934 2597 3554 2670 imperatrix,Angliam
3609 2615 3739 2654 cum

2131 2689 2388 2744 ‘exercitu
2425 2689 2760 2760 ingreditur,
2807 2697 2863 2744 et
2906 2691 3111 2745 auxilio
3151 2689 3336 2746 fratris
3371 2691 3461 2746 sui
3507 2690 3740 2747 Roherti

2149 2781 2366 2837 comitis
2393 2781 2462 2836 de
2485 2779 2935 2847 Claudioeestria,
2967 2781 3152 2837 multis
3180 2789 3233 2836 et
3255 2781 3512 2852 gravibus
3546 2781 3742 2850 pretiis

2150 2872 2480 2940 commissis,
2527 2873 2697 2927 multa
2747 2873 3006 2928 audacter
3050 2888 3214 2942 opera
3249 2873 3609 2942 perpetravit.
3660 2872 3739 2927 Ad

2149 2964 2405 3022 ultimum
2449 2972 2571 3034 post
2597 2965 2864 3034 plurimos
2892 2979 3066 3020 annos
3111 2963 3223 3020 ﬁlio
3257 2980 3358 3020 suo
3383 2964 3594 3034 juvene
3619 2965 3736 3034 jam

2151 3055 2358 3122 adulto,
2390 3053 2666 3124 Stephano
2689 3056 2870 3111 subito
2891 3055 3170 3123 defuncto,
3197 3056 3365 3110 ﬁlium
3393 3072 3561 3111 suum
3595 3055 3740 3110 Hen-

2151 3151 2327 3206 ricum
2347 3167 2528 3222 regem
2557 3153 2859 3208 constituit.
2890 3152 3194 3209 Willelmus
3221 3153 3488 3224 Yprensis
3529 3170 3740 3226 cogno-

2152 3249 2336 3296 mento
2361 3241 2656 3298 Bastardus
2683 3257 2808 3298 cum
2830 3244 2946 3299 suis
2974 3243 3260 3311 militibus,
3291 3244 3419 3314 quia
3449 3244 3738 3315 Stephano

2151 3333 2266 3404 regi
2299 3333 2526 3400 faverat,
2563 3350 2593 3389 a
2630 3334 2865 3391 Henrico
2910 3347 3036 3407 rege
3077 3337 3146 3392 ab
3176 3336 3370 3408 Anglia
3416 3338 3736 3407 expellitur.

2153 3424 2459 3481 Willelmus
2487 3439 2670 3481 comes
2699 3425 3040 3482 Boloniensis
3060 3428 3127 3482 ad
3150 3429 3384 3499 graciam
3413 3428 3562 3499 regis
3587 3426 3740 3482 Heu--

2153 3515 2254 3571 rici
2279 3525 2333 3571 et
2363 3531 2552 3586 pacem
2594 3518 2894 3588 reducitur,
2925 3527 2980 3574 et
3006 3534 3200 3577 omnes
3243 3520 3514 3575 bellorum
3549 3530 3740 3577 motus

2155 3607 2211 3662 in
2236 3607 2431 3680 Anglia
2455 3610 2734 3665 sedantur.

2225 3700 2383 3755 1155.
2633 3702 2686 3756 5.
2901 3703 2990 3758 20.
3230 3704 3256 3757 1
3269 3744 3282 3757 .
3505 3703 3599 3758 12.

2226 3790 2404 3861 (Auct.
2431 3790 2645 3862 Aquic.)
2680 3792 3004 3849 Fredericus
3026 3809 3121 3849 rex
3146 3793 3404 3864 preterito
3429 3809 3579 3848 anno
3612 3809 3740 3865 pro-

2155 3879 2328 3936 fectus
2357 3880 2585 3937 Romam
2610 3885 2874 3953 pervenit,
2907 3886 3094 3941 multis
3125 3887 3179 3940 in
3221 3886 3415 3940 itinere
3449 3885 3740 3941 laboribus

2153 3973 2392 4041 attritus,
2432 3983 2486 4029 et
2529 3975 2758 4031 diversis
2803 3978 3072 4032 hostiliter
3115 3978 3541 4045 obsistentibus;
3595 3995 3740 4049 quos

2153 4079 2345 4119 omnes
2371 4065 2438 4119 ad
2464 4065 2856 4136 subjectionem
2885 4076 2940 4122 et
2963 4067 3291 4122 deditionem
3318 4069 3610 4138 compulit.
3653 4069 3741 4125 Set

2153 4171 2279 4211 cum
2327 4172 2360 4212 a
2399 4156 2664 4214 Romanis
2711 4160 3050 4230 principibus
3101 4161 3326 4215 minime
3375 4161 3737 4231 reciperetur,

2144 4239 2386 4304 Romam
2408 4261 2617 4306 armata
2652 4267 2818 4306 manu
2845 4252 3177 4322 ingreditur;
3207 4267 3404 4322 papam
3423 4251 3738 4308 Adrianum

2154 4342 2392 4398 amicum
2427 4342 2530 4397 sibi
2559 4351 2614 4398 et
2649 4352 2836 4412 aptum
2882 4345 3189 4413 experiens,
3213 4345 3270 4398 in
3296 4344 3528 4399 ecclesia
3558 4345 3740 4400 sancti

475 4419 648 4490 Cujus
688 4421 796 4475 vita
829 4430 883 4476 ct
923 4421 1175 4477 doctrina
1201 4422 1256 4475 in
1281 4431 1492 4476 tantum
1518 4423 1750 4489 excellit,
1788 4432 1847 4478 ut
1871 4424 2054 4480 minus
2083 4411 2130 4472 ί)
2156 4432 2301 4488 Petri
2329 4411 2708 4490 benedictione
2742 4411 3010 4505 imperiali
3039 4437 3395 4490 conﬁrmatur
3423 4443 3478 4490 et
3507 4451 3739 4491 corona.

388 4509 394 4514 ’
476 4511 566 4577 sit,
584 4509 852 4582 quicquid
875 4513 928 4567 in
951 4513 1070 4583 ejus
1099 4513 1260 4568 laude
1277 4513 1482 4568 dictum
1509 4513 1690 4568 fuerit.
1719 4513 1903 4570 Turbo
1931 4530 2056 4586 gra—

475 4604 697 4660 vissime
747 4607 1081 4676 tempestatis
1126 4621 1222 4676 per
1262 4606 1397 4662 ﬁnes
1441 4607 1583 4661 viam
1623 4607 1846 4663 molitus
1895 4607 2055 4677 quasi

477 4695 692 4750 sulcum
749 4698 974 4765 ducens,
1026 4699 1190 4754 unius
1238 4699 1346 4753 diei
1403 4699 1596 4754 itinere
1650 4714 1866 4769 queque
1907 4700 2056 4754 velut

476 4787 712 4844 flammis
735 4789 990 4860 depastus
1020 4807 1369 4857 consumens,
1401 4791 1631 4860 lugenda
1672 4792 1900 4862 vestigia
1927 4791 2056 4848 reli-

477 4879 616 4948 quit.
653 4881 886 4935 Ascalon
919 4889 1075 4951 capta
1101 4891 1184 4937 est
1212 4898 1244 4936 a
1290 4881 1507 4936 Domini
1539 4883 1805 4950 exercitu,
1836 4885 1930 4954 qui
1970 4894 2055 4940 est

477 4969 879 5039 Jherosolimis,
922 4981 976 5027 et
1019 4987 1276 5042 possessa
1328 4989 1358 5027 a
1396 4975 1620 5040 nostris,
1660 4975 1832 5030 multo
1873 4984 2054 5031 tamen

478 5065 666 5119 labore
693 5079 758 5120 ac
794 5066 1053 5120 diuturno
1088 5065 1248 5132 bello,
1287 5066 1474 5120 multis
1510 5067 1673 5120 etiam
1708 5067 1966 5136 periculis
2002 5077 2056 5123 et

477 5158 733 5229 gravibus
755 5158 1002 5228 dampnis
1027 5165 1215 5211 nostro
1237 5158 1390 5226 prius
1417 5158 1656 5212 exercitu
1681 5158 1896 5214 afﬂicto.
1927 5159 2058 5215 Erat

433 5250 435 5253 ’
476 5248 609 5304 urbs
638 5248 729 5302 illa
765 5248 862 5302 l50
893 5249 1135 5304 turribus
1160 5250 1450 5319 prevalidis
1480 5250 1712 5319 munita,
1735 5260 1789 5306 et
1819 5267 2053 5308 cenacu-

474 5340 546 5394 lis
574 5341 854 5396 domatum
889 5341 943 5395 in
968 5341 1162 5412 plateis
1191 5343 1304 5398 suis
1339 5343 1498 5413 quasi
1538 5344 1710 5413 cripta
1753 5345 2049 5416 laqueariis

476 5442 805 5504 superteeta,
829 5443 882 5489 et
918 5436 1320 5505 quodammodo
1363 5438 1819 5507 inexpugnabilis.
1849 5440 2049 5496 Eusta-

476 5525 635 5582 chius
676 5527 821 5582 ﬁlius
853 5525 1112 5598 Stephani
1143 5533 1287 5604 regis
1329 5536 1520 5609 Anglic
1557 5537 1611 5592 in
1645 5535 1837 5606 Anglia
1884 5536 2050 5590 mori-

2155 4533 2264 4580 tur.
2310 4525 2534 4580 lnterim
2575 4527 2847 4582 exercitus
2886 4527 3006 4596 ejus
3048 4535 3223 4582 totum
3269 4527 3614 4597 procinctum
3652 4544 3737 4583 ec-

2155 4616 2319 4671 clesie
2363 4617 2506 4672 beati
2556 4616 2703 4672 Petri
2752 4617 3203 4684 circumdederat,
3253 4617 3428 4672 donec
3474 4620 3736 4674 omnibus

2152 4709 2380 4779 expletis
2409 4725 2532 4764 cum
2573 4709 2899 4779 imperatore
2933 4709 3298 4780 egrederetur.
3336 4708 3573 4763 Romani
3607 4711 3734 4780 qui-

2155 4801 2404 4856 busdam
2430 4801 2684 4867 residuis,
2725 4817 2864 4872 quos
2911 4801 3160 4856 incautos
3189 4812 3615 4870 occupaverant,
3657 4802 3737 4856 in-

2158 4892 2416 4961 terfectis,
2461 4909 2588 4949 cum
2631 4893 2960 4963 imperatore
2993 4891 3452 4964 congrediuntur;
3486 4900 3572 4947 set
3605 4907 3735 4947 mox

2155 4983 2211 5037 in
2237 4982 2421 5055 fugam
2447 4983 2611 5051 versi,
2636 4985 2705 5040 ad
2730 4983 2942 5038 Tiberis
2965 4985 3176 5039 alveum
3209 4991 3498 5054 coguntur.
3529 4981 3734 5050 Quanti

2155 5076 2211 5131 in
2235 5078 2623 5149 congressione
2659 5078 2991 5144 ceciderunt,
3036 5077 3227 5147 quanti
3254 5077 3308 5130 in
3334 5075 3562 5130 ﬂumine
3603 5077 3733 5130 sub-

2154 5169 2319 5225 mersi
2348 5178 2495 5237 sunt,
2528 5171 2746 5240 scriptis
2793 5170 3134 5227 committere
3181 5185 3292 5224 non
3327 5169 3524 5225 audeo.
3564 5167 3731 5238 Impe-

2156 5270 2307 5316 rator
2332 5262 2506 5317 victor
2541 5261 2863 5332 regreditur.
2896 5261 3221 5317 Godefridus
3243 5261 3434 5330 junior
3476 5261 3588 5316 dux
3627 5262 3734 5317 Lo-

2154 5353 2426 5425 tharingie
2469 5355 2634 5409 ﬁliam
2683 5353 2902 5409 Henrici
2955 5355 3172 5409 comitis
3206 5353 3633 5425 Lemburgensis
3675 5355 3729 5408 in

2154 5446 2410 5516 conjugio
2439 5447 2665 5502 sortitus
2692 5455 2811 5514 est;
2859 5461 2955 5516 per
2987 5445 3134 5516 quod
3169 5446 3386 5500 tandem
3417 5445 3587 5501 rebus
3613 5460 3730 5500 om-

2154 5539 2316 5594 nibus
2369 5554 2502 5609 pace
2552 5539 2889 5610 compositis,
2949 5539 3226 5596 eontentio
3270 5540 3436 5610 longo
3485 5546 3727 5609 tempore

2003 5629 2232 5690 NOTAE.

545 5705 693 5778 (402)
733 5707 796 5761 A.
831 5709 989 5778 1M7,
1014 5713 1312 5769 secundum
1339 5715 1572 5770 Annales
1604 5717 1998 5787 Aquicinenses
