  <div class='ocr_page' id='page_1' title='image "/cluster/home/n/w/nwhite01/storage/ocr_20150623/160/hvd.32044015473846/154.png"; bbox 0 0 3914 6314; ppageno 0'>
   <div class='ocr_carea' id='block_1_1' title="bbox 105 308 202 367">
    <p class='ocr_par' dir='ltr' id='par_1_1' title="bbox 105 308 202 367">
     <span class='ocr_line' id='line_1_1' title="bbox 105 308 202 367; baseline -0.062 0"><span class='ocrx_word' id='word_1_1' title='bbox 105 308 202 367; x_wconf 66' lang='grc' dir='ltr'><strong><em>Ξθτ</em></strong></span> 
     </span>
    </p>
   </div>
   <div class='ocr_carea' id='block_1_2' title="bbox 964 304 2511 383">
    <p class='ocr_par' dir='ltr' id='par_1_2' title="bbox 964 304 2511 383">
     <span class='ocr_line' id='line_1_2' title="bbox 964 304 2511 383; baseline 0.007 -18"><span class='ocrx_word' id='word_1_2' title='bbox 964 306 1341 366; x_wconf 79' lang='lat' dir='ltr'><strong><em>CHRONICA.</em></strong></span> <span class='ocrx_word' id='word_1_3' title='bbox 1377 338 1449 349; x_wconf 83' lang='lat'><strong><em>-——</em></strong></span> <span class='ocrx_word' id='word_1_4' title='bbox 1487 304 1966 367; x_wconf 83' lang='lat' dir='ltr'><strong><em>CONTINUATIO</em></strong></span> <span class='ocrx_word' id='word_1_5' title='bbox 2000 307 2511 383; x_wconf 84' lang='lat' dir='ltr'><strong><em>AQUICINCTINA.</em></strong></span> 
     </span>
    </p>
   </div>
   <div class='ocr_carea' id='block_1_3' title="bbox 3265 326 3387 395">
    <p class='ocr_par' dir='ltr' id='par_1_3' title="bbox 3265 326 3387 395">
     <span class='ocr_line' id='line_1_3' title="bbox 3265 326 3387 395; baseline 0 -5"><span class='ocrx_word' id='word_1_6' title='bbox 3265 326 3387 395; x_wconf 58' lang='grc' dir='ltr'><strong><em>ωδ</em></strong></span> 
     </span>
    </p>
   </div>
   <div class='ocr_carea' id='block_1_4' title="bbox 103 421 3370 520">
    <p class='ocr_par' dir='ltr' id='par_1_4' title="bbox 103 421 3370 520">
     <span class='ocr_line' id='line_1_4' title="bbox 103 421 3370 520; baseline 0.008 -41"><span class='ocrx_word' id='word_1_7' title='bbox 103 428 372 479; x_wconf 83' lang='lat' dir='ltr'><strong><em>contracta</em></strong></span> <span class='ocrx_word' id='word_1_8' title='bbox 419 437 489 478; x_wconf 81' lang='lat' dir='ltr'><strong><em>ea</em></strong></span> <span class='ocrx_word' id='word_1_9' title='bbox 536 421 851 499; x_wconf 84' lang='lat' dir='ltr'><strong><em>conditione</em></strong></span> <span class='ocrx_word' id='word_1_10' title='bbox 904 422 1056 481; x_wconf 81' lang='lat' dir='ltr'><strong><em>ﬁnita</em></strong></span> <span class='ocrx_word' id='word_1_11' title='bbox 1111 434 1215 520; x_wconf 56' lang='lat' dir='ltr'><strong><em>est,</em></strong></span> <span class='ocrx_word' id='word_1_12' title='bbox 1264 433 1322 481; x_wconf 87' lang='lat' dir='ltr'><strong><em>ut</em></strong></span> <span class='ocrx_word' id='word_1_13' title='bbox 1361 422 1689 481; x_wconf 81' lang='lat' dir='ltr'><strong><em>Godefridus</em></strong></span> <span class='ocrx_word' id='word_1_14' title='bbox 1715 425 1766 490; x_wconf 74' lang='grc' dir='ltr'><strong>Α</strong></span> <span class='ocrx_word' id='word_1_15' title='bbox 1792 424 2027 483; x_wconf 86' lang='lat' dir='ltr'><strong><em>debitum</em></strong></span> <span class='ocrx_word' id='word_1_16' title='bbox 2048 429 2352 488; x_wconf 74' lang='lat' dir='ltr'><strong><em>exhibemus</em></strong></span> <span class='ocrx_word' id='word_1_17' title='bbox 2378 433 2645 506; x_wconf 83' lang='lat' dir='ltr'><strong><em>honorem,</em></strong></span> <span class='ocrx_word' id='word_1_18' title='bbox 2673 456 2706 493; x_wconf 88' lang='lat' dir='ltr'><strong><em>a</em></strong></span> <span class='ocrx_word' id='word_1_19' title='bbox 2734 436 2944 513; x_wconf 88' lang='lat' dir='ltr'><strong><em>quibus,</em></strong></span> <span class='ocrx_word' id='word_1_20' title='bbox 2980 443 3220 508; x_wconf 78' lang='lat' dir='ltr'><strong><em>videlicet</em></strong></span> <span class='ocrx_word' id='word_1_21' title='bbox 3242 465 3370 520; x_wconf 85' lang='lat' dir='ltr'><strong><em>pro-</em></strong></span> 
     </span>
    </p>
   </div>
   <div class='ocr_carea' id='block_1_5' title="bbox 100 509 3370 610">
    <p class='ocr_par' dir='ltr' id='par_1_5' title="bbox 100 509 3370 610">
     <span class='ocr_line' id='line_1_5' title="bbox 100 509 3370 610; baseline 0.009 -40"><span class='ocrx_word' id='word_1_22' title='bbox 100 511 473 570; x_wconf 75' lang='lat' dir='ltr'><strong><em>eonﬁrmatum</em></strong></span> <span class='ocrx_word' id='word_1_23' title='bbox 507 513 613 570; x_wconf 89' lang='lat' dir='ltr'><strong><em>sibi</em></strong></span> <span class='ocrx_word' id='word_1_24' title='bbox 641 514 902 571; x_wconf 80' lang='lat' dir='ltr'><strong><em>ducatum</em></strong></span> <span class='ocrx_word' id='word_1_25' title='bbox 948 514 1124 573; x_wconf 90' lang='lat' dir='ltr'><strong><em>sancti</em></strong></span> <span class='ocrx_word' id='word_1_26' title='bbox 1161 509 1456 583; x_wconf 76' lang='lat' dir='ltr'><strong><em>&#39;I‘rudonis,</em></strong></span> <span class='ocrx_word' id='word_1_27' title='bbox 1483 515 1680 572; x_wconf 89' lang='lat' dir='ltr'><strong><em>castel—</em></strong></span> <span class='ocrx_word' id='word_1_28' title='bbox 1782 517 2108 585; x_wconf 74' lang='lat' dir='ltr'><strong><em>genitoribus</em></strong></span> <span class='ocrx_word' id='word_1_29' title='bbox 2146 524 2366 592; x_wconf 85' lang='lat' dir='ltr'><strong><em>nostris,</em></strong></span> <span class='ocrx_word' id='word_1_30' title='bbox 2401 534 2453 590; x_wconf 85' lang='lat' dir='ltr'><strong><em>et</em></strong></span> <span class='ocrx_word' id='word_1_31' title='bbox 2498 528 2643 600; x_wconf 80' lang='lat' dir='ltr'><strong><em>regni</em></strong></span> <span class='ocrx_word' id='word_1_32' title='bbox 2682 509 2997 603; x_wconf 81' lang='lat' dir='ltr'><strong><em>dignitatem</em></strong></span> <span class='ocrx_word' id='word_1_33' title='bbox 3042 509 3370 610; x_wconf 79' lang='lat' dir='ltr'><strong><em>suscepimus</em></strong></span> 
     </span>
    </p>
   </div>
   <div class='ocr_carea' id='block_1_6' title="bbox 99 602 1678 680">
    <p class='ocr_par' dir='ltr' id='par_1_6' title="bbox 99 602 1678 680">
     <span class='ocr_line' id='line_1_6' title="bbox 99 602 1678 680; baseline 0.002 -19"><span class='ocrx_word' id='word_1_34' title='bbox 99 608 199 661; x_wconf 75' lang='lat' dir='ltr'><strong><em>Iun</em></strong></span> <span class='ocrx_word' id='word_1_35' title='bbox 238 602 398 660; x_wconf 72' lang='lat' dir='ltr'><strong><em>Bede</em></strong></span> <span class='ocrx_word' id='word_1_36' title='bbox 440 607 705 677; x_wconf 88' lang='lat' dir='ltr'><strong><em>optineat,</em></strong></span> <span class='ocrx_word' id='word_1_37' title='bbox 736 616 902 678; x_wconf 85' lang='lat' dir='ltr'><strong><em>atque</em></strong></span> <span class='ocrx_word' id='word_1_38' title='bbox 926 607 1174 664; x_wconf 89' lang='lat' dir='ltr'><strong><em>omnium</em></strong></span> <span class='ocrx_word' id='word_1_39' title='bbox 1204 623 1313 679; x_wconf 87' lang='lat' dir='ltr'><strong><em>que</em></strong></span> <span class='ocrx_word' id='word_1_40' title='bbox 1339 607 1678 680; x_wconf 77' lang='lat' dir='ltr'><strong><em>possidebat,</em></strong></span> 
     </span>
    </p>
   </div>
   <div class='ocr_carea' id='block_1_7' title="bbox 97 697 1676 770">
    <p class='ocr_par' dir='ltr' id='par_1_7' title="bbox 97 697 1676 770">
     <span class='ocr_line' id='line_1_7' title="bbox 97 697 1676 770; baseline 0.002 -17"><span class='ocrx_word' id='word_1_41' title='bbox 97 697 226 753; x_wconf 85' lang='lat' dir='ltr'><strong><em>idem</em></strong></span> <span class='ocrx_word' id='word_1_42' title='bbox 263 710 459 752; x_wconf 91' lang='lat' dir='ltr'><strong><em>comes</em></strong></span> <span class='ocrx_word' id='word_1_43' title='bbox 505 707 627 768; x_wconf 87' lang='lat' dir='ltr'><strong><em>post</em></strong></span> <span class='ocrx_word' id='word_1_44' title='bbox 663 698 947 755; x_wconf 80' lang='lat' dir='ltr'><strong><em>decessum</em></strong></span> <span class='ocrx_word' id='word_1_45' title='bbox 992 699 1114 770; x_wconf 87' lang='lat' dir='ltr'><strong><em>ejus</em></strong></span> <span class='ocrx_word' id='word_1_46' title='bbox 1153 698 1497 756; x_wconf 83' lang='lat' dir='ltr'><strong><em>medietatem</em></strong></span> <span class='ocrx_word' id='word_1_47' title='bbox 1527 701 1676 757; x_wconf 82' lang='lat' dir='ltr'><strong><em>acci-</em></strong></span> 
     </span>
    </p>
   </div>
   <div class='ocr_carea' id='block_1_8' title="bbox 96 786 1673 862">
    <p class='ocr_par' dir='ltr' id='par_1_8' title="bbox 96 786 1673 862">
     <span class='ocr_line' id='line_1_8' title="bbox 96 786 1673 862; baseline 0.001 -19"><span class='ocrx_word' id='word_1_48' title='bbox 96 787 256 860; x_wconf 84' lang='lat' dir='ltr'><strong><em>piens,</em></strong></span> <span class='ocrx_word' id='word_1_49' title='bbox 292 786 631 845; x_wconf 82' lang='lat' dir='ltr'><strong><em>hereditario</em></strong></span> <span class='ocrx_word' id='word_1_50' title='bbox 650 788 776 859; x_wconf 89' lang='lat' dir='ltr'><strong><em>jure</em></strong></span> <span class='ocrx_word' id='word_1_51' title='bbox 809 790 1126 860; x_wconf 39' lang='lat' dir='ltr'><strong><em>possidente</em></strong></span> <span class='ocrx_word' id='word_1_52' title='bbox 1150 789 1213 846; x_wconf 90' lang='lat' dir='ltr'><strong><em>In</em></strong></span> <span class='ocrx_word' id='word_1_53' title='bbox 1242 790 1422 847; x_wconf 86' lang='lat' dir='ltr'><strong><em>insula</em></strong></span> <span class='ocrx_word' id='word_1_54' title='bbox 1447 790 1673 862; x_wconf 70' lang='lat' dir='ltr'><strong><em>Aquici&#39;—</em></strong></span> 
     </span>
    </p>
   </div>
   <div class='ocr_carea' id='block_1_9' title="bbox 96 879 1675 954">
    <p class='ocr_par' dir='ltr' id='par_1_9' title="bbox 96 879 1675 954">
     <span class='ocr_line' id='line_1_9' title="bbox 96 879 1675 954; baseline 0.003 -20"><span class='ocrx_word' id='word_1_55' title='bbox 96 879 234 935; x_wconf 89' lang='lat' dir='ltr'><strong><em>nensi</em></strong></span> <span class='ocrx_word' id='word_1_56' title='bbox 255 879 517 936; x_wconf 87' lang='lat' dir='ltr'><strong><em>dedicata</em></strong></span> <span class='ocrx_word' id='word_1_57' title='bbox 538 888 620 937; x_wconf 90' lang='lat' dir='ltr'><strong><em>est</em></strong></span> <span class='ocrx_word' id='word_1_58' title='bbox 641 881 873 936; x_wconf 84' lang='lat' dir='ltr'><strong><em>ecclesia</em></strong></span> <span class='ocrx_word' id='word_1_59' title='bbox 902 882 1061 937; x_wconf 82' lang='lat' dir='ltr'><strong><em>beate</em></strong></span> <span class='ocrx_word' id='word_1_60' title='bbox 1083 882 1180 937; x_wconf 89' lang='lat' dir='ltr'><strong><em>Dei</em></strong></span> <span class='ocrx_word' id='word_1_61' title='bbox 1207 882 1487 954; x_wconf 78' lang='lat' dir='ltr'><strong><em>genitricis</em></strong></span> <span class='ocrx_word' id='word_1_62' title='bbox 1507 881 1675 938; x_wconf 85' lang='lat' dir='ltr'><strong><em>Marie</em></strong></span> 
     </span>
    </p>
   </div>
   <div class='ocr_carea' id='block_1_10' title="bbox 93 971 1561 1046">
    <p class='ocr_par' dir='ltr' id='par_1_10' title="bbox 93 971 1561 1046">
     <span class='ocr_line' id='line_1_10' title="bbox 93 971 1561 1046; baseline 0.003 -21"><span class='ocrx_word' id='word_1_63' title='bbox 93 985 119 1025; x_wconf 82' lang='lat' dir='ltr'><strong><em>a</em></strong></span> <span class='ocrx_word' id='word_1_64' title='bbox 146 971 480 1029; x_wconf 80' lang='lat' dir='ltr'><strong><em>Godescaleo</em></strong></span> <span class='ocrx_word' id='word_1_65' title='bbox 507 972 853 1030; x_wconf 84' lang='lat' dir='ltr'><strong><em>Atrebatensi</em></strong></span> <span class='ocrx_word' id='word_1_66' title='bbox 874 974 1154 1046; x_wconf 84' lang='lat' dir='ltr'><strong><em>episcopo,</em></strong></span> <span class='ocrx_word' id='word_1_67' title='bbox 1186 990 1375 1030; x_wconf 87' lang='lat' dir='ltr'><strong><em>mense</em></strong></span> <span class='ocrx_word' id='word_1_68' title='bbox 1393 973 1561 1030; x_wconf 74' lang='lat' dir='ltr'><strong><em>Iulio.</em></strong></span> 
     </span>
    </p>
   </div>
   <div class='ocr_carea' id='block_1_11' title="bbox 155 1056 1538 1122">
    <p class='ocr_par' dir='ltr' id='par_1_11' title="bbox 155 1056 1538 1122">
     <span class='ocr_line' id='line_1_11' title="bbox 155 1056 1538 1122; baseline 0.004 -7"><span class='ocrx_word' id='word_1_69' title='bbox 155 1056 304 1117; x_wconf 75' lang='lat' dir='ltr'><strong><em>H56.</em></strong></span> <span class='ocrx_word' id='word_1_70' title='bbox 422 1062 495 1120; x_wconf 72' lang='grc' dir='ltr'><strong><em>Β.</em></strong></span> <span class='ocrx_word' id='word_1_71' title='bbox 534 1065 589 1119; x_wconf 72' lang='grc'><strong>4.</strong></span> <span class='ocrx_word' id='word_1_72' title='bbox 721 1065 783 1119; x_wconf 85' lang='lat' dir='ltr'><strong><em>F.</em></strong></span> <span class='ocrx_word' id='word_1_73' title='bbox 821 1065 910 1120; x_wconf 70' lang='lat'><strong><em>9!.</em></strong></span> <span class='ocrx_word' id='word_1_74' title='bbox 1048 1067 1114 1122; x_wconf 85' lang='lat' dir='ltr'><strong><em>A.</em></strong></span> <span class='ocrx_word' id='word_1_75' title='bbox 1149 1068 1206 1122; x_wconf 73' lang='lat'><strong><em>2.</em></strong></span> <span class='ocrx_word' id='word_1_76' title='bbox 1353 1065 1419 1121; x_wconf 83' lang='grc' dir='ltr'><strong>Η.</strong></span> <span class='ocrx_word' id='word_1_77' title='bbox 1453 1067 1538 1121; x_wconf 80' lang='grc'><strong>15.</strong></span> 
     </span>
    </p>
   </div>
   <div class='ocr_carea' id='block_1_12' title="bbox 154 1153 1676 1230">
    <p class='ocr_par' dir='ltr' id='par_1_12' title="bbox 154 1153 1676 1230">
     <span class='ocr_line' id='line_1_12' title="bbox 154 1153 1676 1230; baseline 0.005 -22"><span class='ocrx_word' id='word_1_78' title='bbox 154 1153 477 1212; x_wconf 83' lang='lat' dir='ltr'><strong><em>Frederieus</em></strong></span> <span class='ocrx_word' id='word_1_79' title='bbox 530 1156 847 1228; x_wconf 88' lang='lat' dir='ltr'><strong><em>imperator,</em></strong></span> <span class='ocrx_word' id='word_1_80' title='bbox 898 1159 1366 1215; x_wconf 81' lang='lat' dir='ltr'><strong><em>consentientibus</em></strong></span> <span class='ocrx_word' id='word_1_81' title='bbox 1408 1158 1676 1230; x_wconf 52' lang='lat' dir='ltr'><strong><em>archiepi-</em></strong></span> 
     </span>
    </p>
   </div>
   <div class='ocr_carea' id='block_1_13' title="bbox 92 1245 1672 1321">
    <p class='ocr_par' dir='ltr' id='par_1_13' title="bbox 92 1245 1672 1321">
     <span class='ocr_line' id='line_1_13' title="bbox 92 1245 1672 1321; baseline 0.003 -20"><span class='ocrx_word' id='word_1_82' title='bbox 92 1246 258 1316; x_wconf 79' lang='lat' dir='ltr'><strong><em>scOpis</em></strong></span> <span class='ocrx_word' id='word_1_83' title='bbox 285 1253 340 1300; x_wconf 89' lang='lat' dir='ltr'><strong><em>et</em></strong></span> <span class='ocrx_word' id='word_1_84' title='bbox 366 1245 646 1318; x_wconf 83' lang='lat' dir='ltr'><strong><em>episcopis</em></strong></span> <span class='ocrx_word' id='word_1_85' title='bbox 694 1246 1019 1304; x_wconf 84' lang='lat' dir='ltr'><strong><em>Theutoniei</em></strong></span> <span class='ocrx_word' id='word_1_86' title='bbox 1048 1249 1226 1321; x_wconf 82' lang='lat' dir='ltr'><strong><em>regni,</em></strong></span> <span class='ocrx_word' id='word_1_87' title='bbox 1250 1263 1480 1304; x_wconf 79' lang='lat' dir='ltr'><strong><em>uxorem</em></strong></span> <span class='ocrx_word' id='word_1_88' title='bbox 1513 1263 1672 1305; x_wconf 89' lang='lat' dir='ltr'><strong><em>suam</em></strong></span> 
     </span>
    </p>
   </div>
   <div class='ocr_carea' id='block_1_14' title="bbox 95 1338 1672 1412">
    <p class='ocr_par' dir='ltr' id='par_1_14' title="bbox 95 1338 1672 1412">
     <span class='ocr_line' id='line_1_14' title="bbox 95 1338 1672 1412; baseline 0.005 -20"><span class='ocrx_word' id='word_1_89' title='bbox 95 1338 276 1408; x_wconf 83' lang='lat' dir='ltr'><strong><em>injuste</em></strong></span> <span class='ocrx_word' id='word_1_90' title='bbox 315 1338 555 1407; x_wconf 84' lang='lat' dir='ltr'><strong><em>dimisit,</em></strong></span> <span class='ocrx_word' id='word_1_91' title='bbox 591 1347 647 1395; x_wconf 87' lang='lat' dir='ltr'><strong><em>et</em></strong></span> <span class='ocrx_word' id='word_1_92' title='bbox 685 1340 814 1397; x_wconf 89' lang='lat' dir='ltr'><strong><em>inde</em></strong></span> <span class='ocrx_word' id='word_1_93' title='bbox 862 1356 1119 1412; x_wconf 86' lang='lat' dir='ltr'><strong><em>magnam</em></strong></span> <span class='ocrx_word' id='word_1_94' title='bbox 1163 1340 1267 1397; x_wconf 90' lang='lat' dir='ltr'><strong><em>sibi</em></strong></span> <span class='ocrx_word' id='word_1_95' title='bbox 1304 1340 1672 1400; x_wconf 88' lang='lat' dir='ltr'><strong><em>calamitatem</em></strong></span> 
     </span>
    </p>
   </div>
   <div class='ocr_carea' id='block_1_15' title="bbox 94 1430 1666 1505">
    <p class='ocr_par' dir='ltr' id='par_1_15' title="bbox 94 1430 1666 1505">
     <span class='ocr_line' id='line_1_15' title="bbox 94 1430 1666 1505; baseline 0.004 -21"><span class='ocrx_word' id='word_1_96' title='bbox 94 1430 302 1499; x_wconf 75' lang='lat' dir='ltr'><strong><em>paravit.</em></strong></span> <span class='ocrx_word' id='word_1_97' title='bbox 332 1430 458 1502; x_wconf 89' lang='lat' dir='ltr'><strong><em>Ipse</em></strong></span> <span class='ocrx_word' id='word_1_98' title='bbox 500 1440 685 1489; x_wconf 89' lang='lat' dir='ltr'><strong><em>autem</em></strong></span> <span class='ocrx_word' id='word_1_99' title='bbox 712 1433 1014 1505; x_wconf 80' lang='lat' dir='ltr'><strong><em>imperator</em></strong></span> <span class='ocrx_word' id='word_1_100' title='bbox 1038 1435 1202 1490; x_wconf 83' lang='lat' dir='ltr'><strong><em>aliam</em></strong></span> <span class='ocrx_word' id='word_1_101' title='bbox 1229 1433 1387 1490; x_wconf 81' lang='lat' dir='ltr'><strong><em>duxit</em></strong></span> <span class='ocrx_word' id='word_1_102' title='bbox 1415 1449 1666 1503; x_wconf 84' lang='lat' dir='ltr'><strong><em>uxorem,</em></strong></span> 
     </span>
    </p>
   </div>
   <div class='ocr_carea' id='block_1_16' title="bbox 96 1522 1670 1599">
    <p class='ocr_par' dir='ltr' id='par_1_16' title="bbox 96 1522 1670 1599">
     <span class='ocr_line' id='line_1_16' title="bbox 96 1522 1670 1599; baseline 0.004 -22"><span class='ocrx_word' id='word_1_103' title='bbox 96 1522 242 1578; x_wconf 76' lang='lat' dir='ltr'><strong><em>ﬁliam</em></strong></span> <span class='ocrx_word' id='word_1_104' title='bbox 302 1526 601 1597; x_wconf 83' lang='lat' dir='ltr'><strong><em>cujusdam</em></strong></span> <span class='ocrx_word' id='word_1_105' title='bbox 648 1527 808 1583; x_wconf 88' lang='lat' dir='ltr'><strong><em>ducis</em></strong></span> <span class='ocrx_word' id='word_1_106' title='bbox 856 1526 1346 1599; x_wconf 76' lang='lat' dir='ltr'><strong><em>Burgundionum,</em></strong></span> <span class='ocrx_word' id='word_1_107' title='bbox 1401 1528 1670 1599; x_wconf 80' lang='lat' dir='ltr'><strong><em>virginem</em></strong></span> 
     </span>
    </p>
   </div>
   <div class='ocr_carea' id='block_1_17' title="bbox 94 1616 1671 1692">
    <p class='ocr_par' dir='ltr' id='par_1_17' title="bbox 94 1616 1671 1692">
     <span class='ocr_line' id='line_1_17' title="bbox 94 1616 1671 1692; baseline 0.003 -22"><span class='ocrx_word' id='word_1_108' title='bbox 94 1616 394 1687; x_wconf 79' lang='lat' dir='ltr'><strong><em>elegantem.</em></strong></span> <span class='ocrx_word' id='word_1_109' title='bbox 435 1620 622 1691; x_wconf 81' lang='lat' dir='ltr'><strong><em>(Auct.</em></strong></span> <span class='ocrx_word' id='word_1_110' title='bbox 648 1619 867 1692; x_wconf 81' lang='lat' dir='ltr'><strong><em>Aquic.)</em></strong></span> <span class='ocrx_word' id='word_1_111' title='bbox 906 1620 1213 1692; x_wconf 87' lang='lat' dir='ltr'><strong><em>Philippus,</em></strong></span> <span class='ocrx_word' id='word_1_112' title='bbox 1241 1620 1390 1676; x_wconf 84' lang='lat' dir='ltr'><strong><em>ﬁlius</em></strong></span> <span class='ocrx_word' id='word_1_113' title='bbox 1423 1617 1671 1676; x_wconf 37' lang='lat' dir='ltr'><strong><em>Theodes</em></strong></span> 
     </span>
    </p>
   </div>
   <div class='ocr_carea' id='block_1_18' title="bbox 98 1709 1671 1780">
    <p class='ocr_par' dir='ltr' id='par_1_18' title="bbox 98 1709 1671 1780">
     <span class='ocr_line' id='line_1_18' title="bbox 98 1709 1671 1780; baseline 0.001 -15"><span class='ocrx_word' id='word_1_114' title='bbox 98 1709 419 1768; x_wconf 84' lang='lat' dir='ltr'><strong><em>ricieomitis</em></strong></span> <span class='ocrx_word' id='word_1_115' title='bbox 459 1712 906 1780; x_wconf 84' lang='lat' dir='ltr'><strong><em>Flandrensium,</em></strong></span> <span class='ocrx_word' id='word_1_116' title='bbox 938 1712 1103 1768; x_wconf 84' lang='lat' dir='ltr'><strong><em>tiliam</em></strong></span> <span class='ocrx_word' id='word_1_117' title='bbox 1136 1712 1350 1767; x_wconf 80' lang='lat' dir='ltr'><strong><em>Rodulti</em></strong></span> <span class='ocrx_word' id='word_1_118' title='bbox 1379 1711 1671 1766; x_wconf 81' lang='lat' dir='ltr'><strong><em>Viroman-</em></strong></span> 
     </span>
    </p>
   </div>
   <div class='ocr_carea' id='block_1_19' title="bbox 100 1782 1744 1873">
    <p class='ocr_par' dir='ltr' id='par_1_19' title="bbox 100 1782 1744 1873">
     <span class='ocr_line' id='line_1_19' title="bbox 100 1782 1744 1873; baseline -0.001 -16"><span class='ocrx_word' id='word_1_119' title='bbox 100 1802 326 1858; x_wconf 89' lang='lat' dir='ltr'><strong><em>densium</em></strong></span> <span class='ocrx_word' id='word_1_120' title='bbox 367 1803 597 1859; x_wconf 88' lang='lat' dir='ltr'><strong><em>comitis</em></strong></span> <span class='ocrx_word' id='word_1_121' title='bbox 638 1801 926 1873; x_wconf 83' lang='lat' dir='ltr'><strong><em>Elizabeth</em></strong></span> <span class='ocrx_word' id='word_1_122' title='bbox 971 1806 1199 1858; x_wconf 80' lang='lat' dir='ltr'><strong><em>uxorem</em></strong></span> <span class='ocrx_word' id='word_1_123' title='bbox 1242 1800 1397 1857; x_wconf 87' lang='lat' dir='ltr'><strong><em>ducit</em></strong></span> <span class='ocrx_word' id='word_1_124' title='bbox 1430 1801 1664 1857; x_wconf 89' lang='lat' dir='ltr'><strong><em>Belvaei.</em></strong></span> <span class='ocrx_word' id='word_1_125' title='bbox 1701 1782 1744 1841; x_wconf 73' lang='grc' dir='ltr'><strong><em>Β</em></strong></span> 
     </span>
    </p>
   </div>
   <div class='ocr_carea' id='block_1_20' title="bbox 95 1891 1669 1966">
    <p class='ocr_par' dir='ltr' id='par_1_20' title="bbox 95 1891 1669 1966">
     <span class='ocr_line' id='line_1_20' title="bbox 95 1891 1669 1966; baseline 0.003 -21"><span class='ocrx_word' id='word_1_126' title='bbox 95 1892 396 1951; x_wconf 79' lang='lat' dir='ltr'><strong><em>Fredericus</em></strong></span> <span class='ocrx_word' id='word_1_127' title='bbox 441 1895 746 1966; x_wconf 82' lang='lat' dir='ltr'><strong><em>imperator</em></strong></span> <span class='ocrx_word' id='word_1_128' title='bbox 774 1892 805 1949; x_wconf 84' lang='lat' dir='ltr'><strong><em>a</em></strong></span> <span class='ocrx_word' id='word_1_129' title='bbox 852 1909 989 1965; x_wconf 85' lang='lat' dir='ltr'><strong><em>papa</em></strong></span> <span class='ocrx_word' id='word_1_130' title='bbox 1022 1893 1267 1950; x_wconf 83' lang='lat' dir='ltr'><strong><em>Adriano</em></strong></span> <span class='ocrx_word' id='word_1_131' title='bbox 1306 1902 1363 1949; x_wconf 90' lang='lat' dir='ltr'><strong><em>et</em></strong></span> <span class='ocrx_word' id='word_1_132' title='bbox 1396 1891 1669 1949; x_wconf 85' lang='lat' dir='ltr'><strong><em>Rollando</em></strong></span> 
     </span>
    </p>
   </div>
   <div class='ocr_carea' id='block_1_21' title="bbox 94 1985 1674 2058">
    <p class='ocr_par' dir='ltr' id='par_1_21' title="bbox 94 1985 1674 2058">
     <span class='ocr_line' id='line_1_21' title="bbox 94 1985 1674 2058; baseline 0.001 -18"><span class='ocrx_word' id='word_1_133' title='bbox 94 1986 399 2042; x_wconf 85' lang='lat' dir='ltr'><strong><em>cancellario</em></strong></span> <span class='ocrx_word' id='word_1_134' title='bbox 449 2000 558 2057; x_wconf 86' lang='lat' dir='ltr'><strong><em>pro</em></strong></span> <span class='ocrx_word' id='word_1_135' title='bbox 606 1987 798 2042; x_wconf 82' lang='lat' dir='ltr'><strong><em>uxoris</em></strong></span> <span class='ocrx_word' id='word_1_136' title='bbox 850 2002 951 2043; x_wconf 90' lang='lat' dir='ltr'><strong><em>sue</em></strong></span> <span class='ocrx_word' id='word_1_137' title='bbox 1004 1985 1181 2058; x_wconf 90' lang='lat' dir='ltr'><strong><em>prime</em></strong></span> <span class='ocrx_word' id='word_1_138' title='bbox 1231 1985 1470 2042; x_wconf 89' lang='lat' dir='ltr'><strong><em>divortio</em></strong></span> <span class='ocrx_word' id='word_1_139' title='bbox 1512 1985 1674 2042; x_wconf 83' lang='lat' dir='ltr'><strong><em>vehe-</em></strong></span> 
     </span>
    </p>
   </div>
   <div class='ocr_carea' id='block_1_22' title="bbox 94 2077 1673 2151">
    <p class='ocr_par' dir='ltr' id='par_1_22' title="bbox 94 2077 1673 2151">
     <span class='ocr_line' id='line_1_22' title="bbox 94 2077 1673 2151; baseline 0.001 -20"><span class='ocrx_word' id='word_1_140' title='bbox 94 2085 278 2132; x_wconf 83' lang='lat' dir='ltr'><strong><em>menter</em></strong></span> <span class='ocrx_word' id='word_1_141' title='bbox 297 2078 579 2150; x_wconf 77' lang='lat' dir='ltr'><strong><em>arguitur.</em></strong></span> <span class='ocrx_word' id='word_1_142' title='bbox 618 2077 780 2145; x_wconf 85' lang='lat' dir='ltr'><strong><em>Quod</em></strong></span> <span class='ocrx_word' id='word_1_143' title='bbox 805 2078 895 2135; x_wconf 90' lang='lat' dir='ltr'><strong><em>ille</em></strong></span> <span class='ocrx_word' id='word_1_144' title='bbox 920 2093 1049 2151; x_wconf 85' lang='lat' dir='ltr'><strong><em>egre</em></strong></span> <span class='ocrx_word' id='word_1_145' title='bbox 1073 2078 1275 2146; x_wconf 83' lang='lat' dir='ltr'><strong><em>ferens,</em></strong></span> <span class='ocrx_word' id='word_1_146' title='bbox 1300 2078 1673 2135; x_wconf 84' lang='lat' dir='ltr'><strong><em>eardinalibus</em></strong></span> 
     </span>
    </p>
   </div>
   <div class='ocr_carea' id='block_1_23' title="bbox 96 2164 1667 2243">
    <p class='ocr_par' dir='ltr' id='par_1_23' title="bbox 96 2164 1667 2243">
     <span class='ocr_line' id='line_1_23' title="bbox 96 2164 1667 2243; baseline 0.002 -21"><span class='ocrx_word' id='word_1_147' title='bbox 96 2164 333 2226; x_wconf 79' lang='lat' dir='ltr'><strong><em>Romanis</em></strong></span> <span class='ocrx_word' id='word_1_148' title='bbox 372 2170 669 2228; x_wconf 80' lang='lat' dir='ltr'><strong><em>introitum</em></strong></span> <span class='ocrx_word' id='word_1_149' title='bbox 717 2172 999 2228; x_wconf 82' lang='lat' dir='ltr'><strong><em>civitatum</em></strong></span> <span class='ocrx_word' id='word_1_150' title='bbox 1039 2180 1095 2228; x_wconf 88' lang='lat' dir='ltr'><strong><em>et</em></strong></span> <span class='ocrx_word' id='word_1_151' title='bbox 1128 2171 1485 2229; x_wconf 87' lang='lat' dir='ltr'><strong><em>ecclesiarum</em></strong></span> <span class='ocrx_word' id='word_1_152' title='bbox 1514 2172 1667 2243; x_wconf 81' lang='lat' dir='ltr'><strong><em>regni</em></strong></span> 
     </span>
    </p>
   </div>
   <div class='ocr_carea' id='block_1_24' title="bbox 94 2259 497 2318">
    <p class='ocr_par' dir='ltr' id='par_1_24' title="bbox 94 2259 497 2318">
     <span class='ocr_line' id='line_1_24' title="bbox 94 2259 497 2318; baseline 0.002 -3"><span class='ocrx_word' id='word_1_153' title='bbox 94 2260 168 2315; x_wconf 85' lang='lat' dir='ltr'><strong><em>sui</em></strong></span> <span class='ocrx_word' id='word_1_154' title='bbox 192 2259 497 2318; x_wconf 76' lang='lat' dir='ltr'><strong><em>interdixit.</em></strong></span> 
     </span>
    </p>
   </div>
   <div class='ocr_carea' id='block_1_25' title="bbox 151 2353 1532 2424">
    <p class='ocr_par' dir='ltr' id='par_1_25' title="bbox 151 2353 1532 2424">
     <span class='ocr_line' id='line_1_25' title="bbox 151 2353 1532 2424; baseline 0.003 -17"><span class='ocrx_word' id='word_1_155' title='bbox 151 2353 295 2410; x_wconf 72' lang='lat'><strong><em>“57.</em></strong></span> <span class='ocrx_word' id='word_1_156' title='bbox 569 2356 623 2411; x_wconf 63' lang='grc' dir='ltr'><strong>δ.</strong></span> <span class='ocrx_word' id='word_1_157' title='bbox 837 2356 928 2411; x_wconf 73' lang='lat'><strong><em>22.</em></strong></span> <span class='ocrx_word' id='word_1_158' title='bbox 1113 2419 1118 2424; x_wconf 49' lang='grc'><em>,</em></span> <span class='ocrx_word' id='word_1_159' title='bbox 1164 2354 1228 2410; x_wconf 78' lang='lat'><strong><em>5.</em></strong></span> <span class='ocrx_word' id='word_1_160' title='bbox 1445 2357 1532 2411; x_wconf 70' lang='lat' dir='ltr'><strong><em>tt.</em></strong></span> 
     </span>
    </p>
   </div>
   <div class='ocr_carea' id='block_1_26' title="bbox 151 2442 1669 2518">
    <p class='ocr_par' dir='ltr' id='par_1_26' title="bbox 151 2442 1669 2518">
     <span class='ocr_line' id='line_1_26' title="bbox 151 2442 1669 2518; baseline 0.001 -19"><span class='ocrx_word' id='word_1_161' title='bbox 151 2442 412 2501; x_wconf 73' lang='lat' dir='ltr'><strong><em>Adrianus</em></strong></span> <span class='ocrx_word' id='word_1_162' title='bbox 439 2461 586 2518; x_wconf 88' lang='lat' dir='ltr'><strong><em>papa</em></strong></span> <span class='ocrx_word' id='word_1_163' title='bbox 612 2455 667 2503; x_wconf 92' lang='lat' dir='ltr'><strong><em>et</em></strong></span> <span class='ocrx_word' id='word_1_164' title='bbox 691 2445 1016 2503; x_wconf 81' lang='lat' dir='ltr'><strong><em>Fred‘ericus</em></strong></span> <span class='ocrx_word' id='word_1_165' title='bbox 1042 2447 1364 2517; x_wconf 88' lang='lat' dir='ltr'><strong><em>imperator,</em></strong></span> <span class='ocrx_word' id='word_1_166' title='bbox 1387 2453 1510 2502; x_wconf 89' lang='lat' dir='ltr'><strong><em>orta</em></strong></span> <span class='ocrx_word' id='word_1_167' title='bbox 1526 2446 1669 2501; x_wconf 89' lang='lat' dir='ltr'><strong><em>inter</em></strong></span> 
     </span>
    </p>
   </div>
   <div class='ocr_carea' id='block_1_27' title="bbox 99 2534 1669 2607">
    <p class='ocr_par' dir='ltr' id='par_1_27' title="bbox 99 2534 1669 2607">
     <span class='ocr_line' id='line_1_27' title="bbox 99 2534 1669 2607; baseline 0.001 -18"><span class='ocrx_word' id='word_1_168' title='bbox 99 2549 146 2589; x_wconf 89' lang='lat' dir='ltr'><strong><em>se</em></strong></span> <span class='ocrx_word' id='word_1_169' title='bbox 183 2535 453 2591; x_wconf 86' lang='lat' dir='ltr'><strong><em>simultate</em></strong></span> <span class='ocrx_word' id='word_1_170' title='bbox 501 2552 602 2607; x_wconf 87' lang='lat' dir='ltr'><strong><em>pro</em></strong></span> <span class='ocrx_word' id='word_1_171' title='bbox 647 2536 882 2593; x_wconf 82' lang='lat' dir='ltr'><strong><em>diversis</em></strong></span> <span class='ocrx_word' id='word_1_172' title='bbox 927 2538 1134 2605; x_wconf 89' lang='lat' dir='ltr'><strong><em>causis,</em></strong></span> <span class='ocrx_word' id='word_1_173' title='bbox 1188 2535 1450 2606; x_wconf 87' lang='lat' dir='ltr'><strong><em>epistolas</em></strong></span> <span class='ocrx_word' id='word_1_174' title='bbox 1501 2534 1669 2591; x_wconf 90' lang='lat' dir='ltr'><strong><em>nimis</em></strong></span> 
     </span>
    </p>
   </div>
   <div class='ocr_carea' id='block_1_28' title="bbox 98 2626 1673 2696">
    <p class='ocr_par' dir='ltr' id='par_1_28' title="bbox 98 2626 1673 2696">
     <span class='ocr_line' id='line_1_28' title="bbox 98 2626 1673 2696; baseline -0.004 -10"><span class='ocrx_word' id='word_1_175' title='bbox 98 2630 312 2686; x_wconf 80' lang='lat' dir='ltr'><strong><em>mordaci</em></strong></span> <span class='ocrx_word' id='word_1_176' title='bbox 358 2645 624 2686; x_wconf 87' lang='lat' dir='ltr'><strong><em>sermone</em></strong></span> <span class='ocrx_word' id='word_1_177' title='bbox 655 2630 723 2685; x_wconf 87' lang='lat' dir='ltr'><strong><em>ad</em></strong></span> <span class='ocrx_word' id='word_1_178' title='bbox 762 2630 1088 2685; x_wconf 80' lang='lat' dir='ltr'><strong><em>alterutrum</em></strong></span> <span class='ocrx_word' id='word_1_179' title='bbox 1137 2627 1516 2684; x_wconf 90' lang='lat' dir='ltr'><strong><em>eonscribunt.</em></strong></span> <span class='ocrx_word' id='word_1_180' title='bbox 1549 2626 1673 2696; x_wconf 84' lang='lat' dir='ltr'><strong><em>Epi-</em></strong></span> 
     </span>
    </p>
   </div>
   <div class='ocr_carea' id='block_1_29' title="bbox 97 2719 1663 2793">
    <p class='ocr_par' dir='ltr' id='par_1_29' title="bbox 97 2719 1663 2793">
     <span class='ocr_line' id='line_1_29' title="bbox 97 2719 1663 2793; baseline -0.001 -17"><span class='ocrx_word' id='word_1_181' title='bbox 97 2723 211 2776; x_wconf 87' lang='lat' dir='ltr'><strong><em>stola</em></strong></span> <span class='ocrx_word' id='word_1_182' title='bbox 249 2721 483 2777; x_wconf 80' lang='lat' dir='ltr'><strong><em>Adriani</em></strong></span> <span class='ocrx_word' id='word_1_183' title='bbox 536 2736 673 2793; x_wconf 86' lang='lat' dir='ltr'><strong><em>pape</em></strong></span> <span class='ocrx_word' id='word_1_184' title='bbox 717 2722 786 2777; x_wconf 82' lang='lat' dir='ltr'><strong><em>ad</em></strong></span> <span class='ocrx_word' id='word_1_185' title='bbox 831 2719 1189 2777; x_wconf 86' lang='lat' dir='ltr'><strong><em>Frederieum</em></strong></span> <span class='ocrx_word' id='word_1_186' title='bbox 1228 2719 1616 2790; x_wconf 87' lang='lat' dir='ltr'><strong><em>imperatorem</em></strong></span> <span class='ocrx_word' id='word_1_187' title='bbox 1650 2738 1663 2774; x_wconf 88' lang='lat'><strong>:</strong></span> 
     </span>
    </p>
   </div>
   <div class='ocr_carea' id='block_1_30' title="bbox 98 2810 1669 2881">
    <p class='ocr_par' dir='ltr' id='par_1_30' title="bbox 98 2810 1669 2881">
     <span class='ocr_line' id='line_1_30' title="bbox 98 2810 1669 2881; baseline 0.003 -19"><span class='ocrx_word' id='word_1_188' title='bbox 98 2811 332 2865; x_wconf 75' lang='lat' dir='ltr'><strong><em>Adrianus</em></strong></span> <span class='ocrx_word' id='word_1_189' title='bbox 355 2812 642 2881; x_wconf 84' lang='lat' dir='ltr'><strong><em>episcopus</em></strong></span> <span class='ocrx_word' id='word_1_190' title='bbox 674 2827 854 2866; x_wconf 86' lang='lat' dir='ltr'><strong><em>servus</em></strong></span> <span class='ocrx_word' id='word_1_191' title='bbox 877 2828 1147 2866; x_wconf 85' lang='lat' dir='ltr'><strong><em>servorum</em></strong></span> <span class='ocrx_word' id='word_1_192' title='bbox 1179 2810 1297 2880; x_wconf 78' lang='lat' dir='ltr'><strong><em>Dei,</em></strong></span> <span class='ocrx_word' id='word_1_193' title='bbox 1324 2810 1516 2866; x_wconf 88' lang='lat' dir='ltr'><strong><em>dilecto</em></strong></span> <span class='ocrx_word' id='word_1_194' title='bbox 1551 2811 1669 2881; x_wconf 85' lang='lat' dir='ltr'><strong><em>ﬁlio</em></strong></span> 
     </span>
    </p>
   </div>
   <div class='ocr_carea' id='block_1_31' title="bbox 97 2898 1665 2973">
    <p class='ocr_par' dir='ltr' id='par_1_31' title="bbox 97 2898 1665 2973">
     <span class='ocr_line' id='line_1_31' title="bbox 97 2898 1665 2973; baseline 0.003 -21"><span class='ocrx_word' id='word_1_195' title='bbox 97 2898 142 2952; x_wconf 87' lang='lat' dir='ltr'><strong><em>in</em></strong></span> <span class='ocrx_word' id='word_1_196' title='bbox 159 2898 355 2955; x_wconf 78' lang='lat' dir='ltr'><strong><em>Christo</em></strong></span> <span class='ocrx_word' id='word_1_197' title='bbox 379 2900 675 2956; x_wconf 70' lang='lat' dir='ltr'><strong><em>Frederico</em></strong></span> <span class='ocrx_word' id='word_1_198' title='bbox 691 2898 1051 2957; x_wconf 82' lang='lat' dir='ltr'><strong><em>Romanorum</em></strong></span> <span class='ocrx_word' id='word_1_199' title='bbox 1074 2903 1405 2973; x_wconf 81' lang='lat' dir='ltr'><strong><em>imperatori,</em></strong></span> <span class='ocrx_word' id='word_1_200' title='bbox 1430 2902 1665 2957; x_wconf 78' lang='lat' dir='ltr'><strong><em>salutem</em></strong></span> 
     </span>
    </p>
   </div>
   <div class='ocr_carea' id='block_1_32' title="bbox 96 2992 1667 3066">
    <p class='ocr_par' dir='ltr' id='par_1_32' title="bbox 96 2992 1667 3066">
     <span class='ocr_line' id='line_1_32' title="bbox 96 2992 1667 3066; baseline 0.003 -23"><span class='ocrx_word' id='word_1_201' title='bbox 96 2998 135 3043; x_wconf 85' lang='lat' dir='ltr'><strong><em>et</em></strong></span> <span class='ocrx_word' id='word_1_202' title='bbox 155 2993 494 3061; x_wconf 84' lang='lat' dir='ltr'><strong><em>apostolicam</em></strong></span> <span class='ocrx_word' id='word_1_203' title='bbox 537 2993 972 3049; x_wconf 84' lang='lat' dir='ltr'><strong><em>benedictionem.</em></strong></span> <span class='ocrx_word' id='word_1_204' title='bbox 1013 2992 1125 3049; x_wconf 71' lang='lat' dir='ltr'><strong><em>Lex</em></strong></span> <span class='ocrx_word' id='word_1_205' title='bbox 1163 2995 1367 3061; x_wconf 86' lang='lat' dir='ltr'><strong><em>divina,</em></strong></span> <span class='ocrx_word' id='word_1_206' title='bbox 1397 2994 1538 3049; x_wconf 84' lang='lat' dir='ltr'><strong><em>sicut</em></strong></span> <span class='ocrx_word' id='word_1_207' title='bbox 1569 3010 1667 3066; x_wconf 60' lang='grc' dir='ltr'><strong><em>ραι</em></strong></span> 
     </span>
    </p>
   </div>
   <div class='ocr_carea' id='block_1_33' title="bbox 98 3085 1660 3159">
    <p class='ocr_par' dir='ltr' id='par_1_33' title="bbox 98 3085 1660 3159">
     <span class='ocr_line' id='line_1_33' title="bbox 98 3085 1660 3159; baseline 0.003 -25"><span class='ocrx_word' id='word_1_208' title='bbox 98 3095 237 3139; x_wconf 83' lang='lat' dir='ltr'><strong><em>rentes</em></strong></span> <span class='ocrx_word' id='word_1_209' title='bbox 288 3086 678 3141; x_wconf 75' lang='lat' dir='ltr'><strong><em>honorantibus</em></strong></span> <span class='ocrx_word' id='word_1_210' title='bbox 725 3088 827 3142; x_wconf 83' lang='lat' dir='ltr'><strong><em>vite</em></strong></span> <span class='ocrx_word' id='word_1_211' title='bbox 883 3087 1254 3159; x_wconf 79' lang='lat' dir='ltr'><strong><em>longevitatem</em></strong></span> <span class='ocrx_word' id='word_1_212' title='bbox 1308 3085 1660 3158; x_wconf 76' lang='lat' dir='ltr'><strong><em>repromittit&#39;,</em></strong></span> 
     </span>
    </p>
   </div>
   <div class='ocr_carea' id='block_1_34' title="bbox 98 3174 1662 3249">
    <p class='ocr_par' dir='ltr' id='par_1_34' title="bbox 98 3174 1662 3249">
     <span class='ocr_line' id='line_1_34' title="bbox 98 3174 1662 3249; baseline 0.005 -24"><span class='ocrx_word' id='word_1_213' title='bbox 98 3174 163 3228; x_wconf 87' lang='lat' dir='ltr'><strong><em>ita</em></strong></span> <span class='ocrx_word' id='word_1_214' title='bbox 205 3176 637 3232; x_wconf 86' lang='lat' dir='ltr'><strong><em>maledicentibus</em></strong></span> <span class='ocrx_word' id='word_1_215' title='bbox 696 3179 842 3249; x_wconf 88' lang='lat' dir='ltr'><strong><em>patri</em></strong></span> <span class='ocrx_word' id='word_1_216' title='bbox 893 3188 942 3233; x_wconf 89' lang='lat' dir='ltr'><strong><em>et</em></strong></span> <span class='ocrx_word' id='word_1_217' title='bbox 998 3178 1161 3232; x_wconf 87' lang='lat' dir='ltr'><strong><em>matri</em></strong></span> <span class='ocrx_word' id='word_1_218' title='bbox 1214 3179 1530 3234; x_wconf 87' lang='lat' dir='ltr'><strong><em>sententiam</em></strong></span> <span class='ocrx_word' id='word_1_219' title='bbox 1576 3179 1662 3233; x_wconf 89' lang='lat' dir='ltr'><strong><em>ni-</em></strong></span> 
     </span>
    </p>
   </div>
   <div class='ocr_carea' id='block_1_35' title="bbox 96 3267 1665 3327">
    <p class='ocr_par' dir='ltr' id='par_1_35' title="bbox 96 3267 1665 3327">
     <span class='ocr_line' id='line_1_35' title="bbox 96 3267 1665 3327; baseline 0.003 -7"><span class='ocrx_word' id='word_1_220' title='bbox 96 3267 373 3324; x_wconf 82' lang='lat' dir='ltr'><strong><em>chilominus</em></strong></span> <span class='ocrx_word' id='word_1_221' title='bbox 440 3271 635 3327; x_wconf 83' lang='lat' dir='ltr'><strong><em>mortis</em></strong></span> <span class='ocrx_word' id='word_1_222' title='bbox 684 3270 933 3326; x_wconf 82' lang='lat' dir='ltr'><strong><em>intendit.</em></strong></span> <span class='ocrx_word' id='word_1_223' title='bbox 1001 3269 1259 3326; x_wconf 85' lang='lat' dir='ltr'><strong><em>Veritatis</em></strong></span> <span class='ocrx_word' id='word_1_224' title='bbox 1310 3279 1489 3325; x_wconf 87' lang='lat' dir='ltr'><strong><em>autem</em></strong></span> <span class='ocrx_word' id='word_1_225' title='bbox 1544 3284 1665 3326; x_wconf 79' lang='lat' dir='ltr'><strong><em>voce</em></strong></span> 
     </span>
    </p>
   </div>
   <div class='ocr_carea' id='block_1_36' title="bbox 94 3357 1660 3433">
    <p class='ocr_par' dir='ltr' id='par_1_36' title="bbox 94 3357 1660 3433">
     <span class='ocr_line' id='line_1_36' title="bbox 94 3357 1660 3433; baseline 0.003 -23"><span class='ocrx_word' id='word_1_226' title='bbox 94 3357 337 3429; x_wconf 79' lang='lat' dir='ltr'><strong><em>docemur,</em></strong></span> <span class='ocrx_word' id='word_1_227' title='bbox 368 3362 504 3433; x_wconf 82' lang='lat' dir='ltr'><strong><em>quia</em></strong></span> <span class='ocrx_word' id='word_1_228' title='bbox 555 3361 726 3415; x_wconf 86' lang='lat' dir='ltr'><strong><em>omnis</em></strong></span> <span class='ocrx_word' id='word_1_229' title='bbox 766 3361 857 3432; x_wconf 84' lang='lat' dir='ltr'><strong><em>qui</em></strong></span> <span class='ocrx_word' id='word_1_230' title='bbox 896 3377 951 3416; x_wconf 86' lang='lat' dir='ltr'><strong><em>se</em></strong></span> <span class='ocrx_word' id='word_1_231' title='bbox 988 3360 1227 3429; x_wconf 71' lang='lat' dir='ltr'><strong><em>exultat,</em></strong></span> <span class='ocrx_word' id='word_1_232' title='bbox 1269 3360 1660 3430; x_wconf 83' lang='lat' dir='ltr'><strong><em>humiliabitur,</em></strong></span> 
     </span>
    </p>
   </div>
   <div class='ocr_carea' id='block_1_37' title="bbox 96 3451 1663 3525">
    <p class='ocr_par' dir='ltr' id='par_1_37' title="bbox 96 3451 1663 3525">
     <span class='ocr_line' id='line_1_37' title="bbox 96 3451 1663 3525; baseline 0.004 -24"><span class='ocrx_word' id='word_1_233' title='bbox 96 3459 135 3502; x_wconf 86' lang='lat' dir='ltr'><strong><em>et</em></strong></span> <span class='ocrx_word' id='word_1_234' title='bbox 163 3453 240 3521; x_wconf 88' lang='lat' dir='ltr'><strong><em>qui</em></strong></span> <span class='ocrx_word' id='word_1_235' title='bbox 281 3470 333 3507; x_wconf 90' lang='lat' dir='ltr'><strong><em>se</em></strong></span> <span class='ocrx_word' id='word_1_236' title='bbox 356 3453 642 3520; x_wconf 87' lang='lat' dir='ltr'><strong><em>humiliat,</em></strong></span> <span class='ocrx_word' id='word_1_237' title='bbox 684 3453 1043 3508; x_wconf 77' lang='lat' dir='ltr'><strong><em>exaltabitur.‘</em></strong></span> <span class='ocrx_word' id='word_1_238' title='bbox 1080 3451 1434 3525; x_wconf 81' lang='lat' dir='ltr'><strong><em>Quapropter,</em></strong></span> <span class='ocrx_word' id='word_1_239' title='bbox 1474 3452 1663 3508; x_wconf 84' lang='lat' dir='ltr'><strong><em>dilecte</em></strong></span> 
     </span>
    </p>
   </div>
   <div class='ocr_carea' id='block_1_38' title="bbox 98 3541 1660 3616">
    <p class='ocr_par' dir='ltr' id='par_1_38' title="bbox 98 3541 1660 3616">
     <span class='ocr_line' id='line_1_38' title="bbox 98 3541 1660 3616; baseline 0.004 -23"><span class='ocrx_word' id='word_1_240' title='bbox 98 3541 155 3593; x_wconf 79' lang='lat' dir='ltr'><strong><em>mi</em></strong></span> <span class='ocrx_word' id='word_1_241' title='bbox 184 3543 234 3596; x_wconf 85' lang='lat' dir='ltr'><strong><em>in</em></strong></span> <span class='ocrx_word' id='word_1_242' title='bbox 281 3543 514 3599; x_wconf 86' lang='lat' dir='ltr'><strong><em>Domino</em></strong></span> <span class='ocrx_word' id='word_1_243' title='bbox 556 3545 674 3615; x_wconf 85' lang='lat' dir='ltr'><strong><em>ﬁli,</em></strong></span> <span class='ocrx_word' id='word_1_244' title='bbox 717 3562 874 3615; x_wconf 88' lang='lat' dir='ltr'><strong><em>super</em></strong></span> <span class='ocrx_word' id='word_1_245' title='bbox 925 3545 1212 3616; x_wconf 82' lang='lat' dir='ltr'><strong><em>prudentia</em></strong></span> <span class='ocrx_word' id='word_1_246' title='bbox 1263 3554 1356 3599; x_wconf 91' lang='lat' dir='ltr'><strong><em>tua</em></strong></span> <span class='ocrx_word' id='word_1_247' title='bbox 1403 3560 1507 3599; x_wconf 90' lang='lat' dir='ltr'><strong><em>non</em></strong></span> <span class='ocrx_word' id='word_1_248' title='bbox 1548 3560 1660 3600; x_wconf 84' lang='lat' dir='ltr'><strong><em>me-</em></strong></span> 
     </span>
    </p>
   </div>
   <div class='ocr_carea' id='block_1_39' title="bbox 98 3633 1660 3709">
    <p class='ocr_par' dir='ltr' id='par_1_39' title="bbox 98 3633 1660 3709">
     <span class='ocr_line' id='line_1_39' title="bbox 98 3633 1660 3709; baseline 0.003 -23"><span class='ocrx_word' id='word_1_249' title='bbox 98 3633 314 3692; x_wconf 86' lang='lat' dir='ltr'><strong><em>diocriter</em></strong></span> <span class='ocrx_word' id='word_1_250' title='bbox 364 3639 741 3706; x_wconf 86' lang='lat' dir='ltr'><strong><em>admiramur,</em></strong></span> <span class='ocrx_word' id='word_1_251' title='bbox 787 3638 927 3709; x_wconf 87' lang='lat' dir='ltr'><strong><em>quod</em></strong></span> <span class='ocrx_word' id='word_1_252' title='bbox 973 3639 1125 3693; x_wconf 89' lang='lat' dir='ltr'><strong><em>beato</em></strong></span> <span class='ocrx_word' id='word_1_253' title='bbox 1173 3636 1334 3692; x_wconf 89' lang='lat' dir='ltr'><strong><em>Petro</em></strong></span> <span class='ocrx_word' id='word_1_254' title='bbox 1384 3644 1435 3692; x_wconf 89' lang='lat' dir='ltr'><strong><em>et</em></strong></span> <span class='ocrx_word' id='word_1_255' title='bbox 1478 3642 1660 3691; x_wconf 83' lang='lat' dir='ltr'><strong><em>sancte</em></strong></span> 
     </span>
    </p>
   </div>
   <div class='ocr_carea' id='block_1_40' title="bbox 99 3717 1659 3799">
    <p class='ocr_par' dir='ltr' id='par_1_40' title="bbox 99 3717 1659 3799">
     <span class='ocr_line' id='line_1_40' title="bbox 99 3717 1659 3799; baseline 0.001 -21"><span class='ocrx_word' id='word_1_256' title='bbox 99 3721 295 3783; x_wconf 78' lang='lat' dir='ltr'><strong><em>Romans</em></strong></span> <span class='ocrx_word' id='word_1_257' title='bbox 342 3717 565 3785; x_wconf 75' lang='lat' dir='ltr'><strong><em>ecclesia</em></strong></span> <span class='ocrx_word' id='word_1_258' title='bbox 604 3728 690 3783; x_wconf 87' lang='lat' dir='ltr'><strong><em>illi</em></strong></span> <span class='ocrx_word' id='word_1_259' title='bbox 731 3729 1008 3784; x_wconf 87' lang='lat' dir='ltr'><strong><em>commisse</em></strong></span> <span class='ocrx_word' id='word_1_260' title='bbox 1050 3745 1154 3783; x_wconf 88' lang='lat' dir='ltr'><strong><em>non</em></strong></span> <span class='ocrx_word' id='word_1_261' title='bbox 1209 3728 1465 3799; x_wconf 81' lang='lat' dir='ltr'><strong><em>quantum</em></strong></span> <span class='ocrx_word' id='word_1_262' title='bbox 1500 3726 1659 3781; x_wconf 73' lang='lat' dir='ltr'><strong><em>debe~</em></strong></span> 
     </span>
    </p>
   </div>
   <div class='ocr_carea' id='block_1_41' title="bbox 102 3818 1659 3879">
    <p class='ocr_par' dir='ltr' id='par_1_41' title="bbox 102 3818 1659 3879">
     <span class='ocr_line' id='line_1_41' title="bbox 102 3818 1659 3879; baseline 0 -7"><span class='ocrx_word' id='word_1_263' title='bbox 102 3835 165 3874; x_wconf 84' lang='lat' dir='ltr'><strong><em>res</em></strong></span> <span class='ocrx_word' id='word_1_264' title='bbox 204 3823 540 3879; x_wconf 79' lang='lat' dir='ltr'><strong><em>reverentiam</em></strong></span> <span class='ocrx_word' id='word_1_265' title='bbox 587 3820 831 3877; x_wconf 80' lang='lat' dir='ltr'><strong><em>exhibere</em></strong></span> <span class='ocrx_word' id='word_1_266' title='bbox 886 3821 1101 3877; x_wconf 85' lang='lat' dir='ltr'><strong><em>videris.</em></strong></span> <span class='ocrx_word' id='word_1_267' title='bbox 1166 3818 1234 3875; x_wconf 85' lang='lat' dir='ltr'><strong><em>In</em></strong></span> <span class='ocrx_word' id='word_1_268' title='bbox 1283 3819 1475 3874; x_wconf 90' lang='lat' dir='ltr'><strong><em>litteris</em></strong></span> <span class='ocrx_word' id='word_1_269' title='bbox 1518 3819 1659 3873; x_wconf 89' lang='lat' dir='ltr'><strong><em>enim</em></strong></span> 
     </span>
    </p>
   </div>
   <div class='ocr_carea' id='block_1_42' title="bbox 100 3910 1658 3983">
    <p class='ocr_par' dir='ltr' id='par_1_42' title="bbox 100 3910 1658 3983">
     <span class='ocr_line' id='line_1_42' title="bbox 100 3910 1658 3983; baseline 0 -20"><span class='ocrx_word' id='word_1_270' title='bbox 100 3911 154 3963; x_wconf 82' lang='lat' dir='ltr'><strong><em>ad</em></strong></span> <span class='ocrx_word' id='word_1_271' title='bbox 184 3929 266 3967; x_wconf 84' lang='lat' dir='ltr'><strong><em>nos</em></strong></span> <span class='ocrx_word' id='word_1_272' title='bbox 304 3915 486 3970; x_wconf 87' lang='lat' dir='ltr'><strong><em>missis</em></strong></span> <span class='ocrx_word' id='word_1_273' title='bbox 516 3929 710 3968; x_wconf 83' lang='lat' dir='ltr'><strong><em>nomen</em></strong></span> <span class='ocrx_word' id='word_1_274' title='bbox 735 3920 884 3967; x_wconf 87' lang='lat' dir='ltr'><strong><em>tuum</em></strong></span> <span class='ocrx_word' id='word_1_275' title='bbox 927 3922 1107 3967; x_wconf 88' lang='lat' dir='ltr'><strong><em>nostro</em></strong></span> <span class='ocrx_word' id='word_1_276' title='bbox 1144 3911 1422 3983; x_wconf 88' lang='lat' dir='ltr'><strong><em>preponis;</em></strong></span> <span class='ocrx_word' id='word_1_277' title='bbox 1456 3910 1512 3964; x_wconf 88' lang='lat' dir='ltr'><strong><em>in</em></strong></span> <span class='ocrx_word' id='word_1_278' title='bbox 1553 3924 1658 3981; x_wconf 90' lang='lat' dir='ltr'><strong><em>quo</em></strong></span> 
     </span>
    </p>
   </div>
   <div class='ocr_carea' id='block_1_43' title="bbox 101 4001 1657 4078">
    <p class='ocr_par' dir='ltr' id='par_1_43' title="bbox 101 4001 1657 4078">
     <span class='ocr_line' id='line_1_43' title="bbox 101 4001 1657 4078; baseline -0.002 -19"><span class='ocrx_word' id='word_1_279' title='bbox 101 4001 357 4076; x_wconf 69' lang='lat' dir='ltr'><strong><em>insolentie,</em></strong></span> <span class='ocrx_word' id='word_1_280' title='bbox 382 4024 448 4063; x_wconf 85' lang='lat' dir='ltr'><strong><em>ne</em></strong></span> <span class='ocrx_word' id='word_1_281' title='bbox 473 4006 651 4063; x_wconf 84' lang='lat' dir='ltr'><strong><em>dicam</em></strong></span> <span class='ocrx_word' id='word_1_282' title='bbox 677 4007 1002 4078; x_wconf 85' lang='lat' dir='ltr'><strong><em>arrogantie,</em></strong></span> <span class='ocrx_word' id='word_1_283' title='bbox 1026 4014 1206 4060; x_wconf 89' lang='lat' dir='ltr'><strong><em>notam</em></strong></span> <span class='ocrx_word' id='word_1_284' title='bbox 1236 4004 1488 4059; x_wconf 79' lang='lat' dir='ltr'><strong><em>incurris.</em></strong></span> <span class='ocrx_word' id='word_1_285' title='bbox 1514 4001 1657 4068; x_wconf 83' lang='lat' dir='ltr'><strong><em>Quid</em></strong></span> 
     </span>
    </p>
   </div>
   <div class='ocr_carea' id='block_1_44' title="bbox 100 4092 1657 4168">
    <p class='ocr_par' dir='ltr' id='par_1_44' title="bbox 100 4092 1657 4168">
     <span class='ocr_line' id='line_1_44' title="bbox 100 4092 1657 4168; baseline 0.003 -24"><span class='ocrx_word' id='word_1_286' title='bbox 100 4092 244 4149; x_wconf 86' lang='lat' dir='ltr'><strong><em>dicam</em></strong></span> <span class='ocrx_word' id='word_1_287' title='bbox 267 4097 328 4151; x_wconf 88' lang='lat' dir='ltr'><strong><em>de</em></strong></span> <span class='ocrx_word' id='word_1_288' title='bbox 354 4097 624 4168; x_wconf 89' lang='lat' dir='ltr'><strong><em>ﬁdelitate</em></strong></span> <span class='ocrx_word' id='word_1_289' title='bbox 652 4096 804 4151; x_wconf 89' lang='lat' dir='ltr'><strong><em>beato</em></strong></span> <span class='ocrx_word' id='word_1_290' title='bbox 825 4096 988 4152; x_wconf 91' lang='lat' dir='ltr'><strong><em>Petro</em></strong></span> <span class='ocrx_word' id='word_1_291' title='bbox 1022 4106 1074 4151; x_wconf 90' lang='lat' dir='ltr'><strong><em>et</em></strong></span> <span class='ocrx_word' id='word_1_292' title='bbox 1098 4096 1246 4151; x_wconf 86' lang='lat' dir='ltr'><strong><em>nobis</em></strong></span> <span class='ocrx_word' id='word_1_293' title='bbox 1271 4105 1375 4151; x_wconf 90' lang='lat' dir='ltr'><strong><em>ate</em></strong></span> <span class='ocrx_word' id='word_1_294' title='bbox 1394 4095 1657 4167; x_wconf 85' lang='lat' dir='ltr'><strong><em>promissa</em></strong></span> 
     </span>
    </p>
   </div>
   <div class='ocr_carea' id='block_1_45' title="bbox 101 4185 1656 4261">
    <p class='ocr_par' dir='ltr' id='par_1_45' title="bbox 101 4185 1656 4261">
     <span class='ocr_line' id='line_1_45' title="bbox 101 4185 1656 4261; baseline 0.005 -25"><span class='ocrx_word' id='word_1_295' title='bbox 101 4193 138 4236; x_wconf 83' lang='lat' dir='ltr'><strong><em>et</em></strong></span> <span class='ocrx_word' id='word_1_296' title='bbox 154 4185 339 4256; x_wconf 79' lang='lat' dir='ltr'><strong><em>jurata,</em></strong></span> <span class='ocrx_word' id='word_1_297' title='bbox 370 4190 639 4261; x_wconf 80' lang='lat' dir='ltr'><strong><em>quomodo</em></strong></span> <span class='ocrx_word' id='word_1_298' title='bbox 666 4205 785 4245; x_wconf 86' lang='lat' dir='ltr'><strong><em>eam</em></strong></span> <span class='ocrx_word' id='word_1_299' title='bbox 814 4189 1071 4257; x_wconf 73' lang='lat' dir='ltr'><strong><em>observes,</em></strong></span> <span class='ocrx_word' id='word_1_300' title='bbox 1095 4190 1188 4260; x_wconf 91' lang='lat' dir='ltr'><strong><em>qui</em></strong></span> <span class='ocrx_word' id='word_1_301' title='bbox 1228 4189 1294 4243; x_wconf 89' lang='lat' dir='ltr'><strong><em>ab</em></strong></span> <span class='ocrx_word' id='word_1_302' title='bbox 1330 4188 1414 4243; x_wconf 90' lang='lat' dir='ltr'><strong><em>his</em></strong></span> <span class='ocrx_word' id='word_1_303' title='bbox 1446 4189 1538 4261; x_wconf 88' lang='lat' dir='ltr'><strong><em>qui</em></strong></span> <span class='ocrx_word' id='word_1_304' title='bbox 1576 4188 1656 4243; x_wconf 89' lang='lat' dir='ltr'><strong><em>dii</em></strong></span> 
     </span>
    </p>
   </div>
   <div class='ocr_carea' id='block_1_46' title="bbox 102 4278 1654 4350">
    <p class='ocr_par' dir='ltr' id='par_1_46' title="bbox 102 4278 1654 4350">
     <span class='ocr_line' id='line_1_46' title="bbox 102 4278 1654 4350; baseline 0.006 -25"><span class='ocrx_word' id='word_1_305' title='bbox 102 4283 199 4327; x_wconf 72' lang='lat' dir='ltr'><strong><em>sunt</em></strong></span> <span class='ocrx_word' id='word_1_306' title='bbox 214 4286 259 4330; x_wconf 86' lang='lat' dir='ltr'><strong><em>et</em></strong></span> <span class='ocrx_word' id='word_1_307' title='bbox 275 4278 372 4346; x_wconf 82' lang='lat' dir='ltr'><strong><em>ﬁlii</em></strong></span> <span class='ocrx_word' id='word_1_308' title='bbox 394 4278 617 4334; x_wconf 75' lang='grc' dir='ltr'><strong><em>Επειεὶ</em></strong></span> <span class='ocrx_word' id='word_1_309' title='bbox 639 4296 839 4345; x_wconf 85' lang='lat' dir='ltr'><strong><em>omnes,</em></strong></span> <span class='ocrx_word' id='word_1_310' title='bbox 868 4280 1129 4350; x_wconf 81' lang='lat' dir='ltr'><strong><em>episcopis</em></strong></span> <span class='ocrx_word' id='word_1_311' title='bbox 1158 4279 1382 4347; x_wconf 84' lang='lat' dir='ltr'><strong><em>scilicet,</em></strong></span> <span class='ocrx_word' id='word_1_312' title='bbox 1405 4279 1654 4336; x_wconf 85' lang='lat' dir='ltr'><strong><em>hominu-</em></strong></span> 
     </span>
    </p>
   </div>
   <div class='ocr_carea' id='block_1_47' title="bbox 102 4361 1647 4442">
    <p class='ocr_par' dir='ltr' id='par_1_47' title="bbox 102 4361 1647 4442">
     <span class='ocr_line' id='line_1_47' title="bbox 102 4361 1647 4442; baseline 0.005 -25"><span class='ocrx_word' id='word_1_313' title='bbox 102 4361 219 4430; x_wconf 80' lang='lat' dir='ltr'><strong><em>gittnt</em></strong></span> <span class='ocrx_word' id='word_1_314' title='bbox 241 4370 483 4439; x_wconf 83' lang='lat' dir='ltr'><strong><em>requiris,</em></strong></span> <span class='ocrx_word' id='word_1_315' title='bbox 507 4369 827 4440; x_wconf 87' lang='lat' dir='ltr'><strong><em>ﬁdelitatem</em></strong></span> <span class='ocrx_word' id='word_1_316' title='bbox 855 4371 1047 4442; x_wconf 77' lang='lat' dir='ltr'><strong><em>exigis,</em></strong></span> <span class='ocrx_word' id='word_1_317' title='bbox 1084 4386 1273 4425; x_wconf 88' lang='lat' dir='ltr'><strong><em>manus</em></strong></span> <span class='ocrx_word' id='word_1_318' title='bbox 1305 4386 1488 4426; x_wconf 87' lang='lat' dir='ltr'><strong><em>eorum</em></strong></span> <span class='ocrx_word' id='word_1_319' title='bbox 1523 4388 1647 4425; x_wconf 87' lang='lat' dir='ltr'><strong><em>con-</em></strong></span> 
     </span>
    </p>
   </div>
   <div class='ocr_carea' id='block_1_48' title="bbox 1779 608 3373 695">
    <p class='ocr_par' dir='ltr' id='par_1_48' title="bbox 1779 608 3373 695">
     <span class='ocr_line' id='line_1_48' title="bbox 1779 608 3373 695; baseline 0.018 -35"><span class='ocrx_word' id='word_1_320' title='bbox 1779 614 1832 659; x_wconf 91' lang='lat' dir='ltr'><strong><em>et</em></strong></span> <span class='ocrx_word' id='word_1_321' title='bbox 1866 608 2134 668; x_wconf 87' lang='lat' dir='ltr'><strong><em>honorem.</em></strong></span> <span class='ocrx_word' id='word_1_322' title='bbox 2166 612 2446 687; x_wconf 87' lang='lat' dir='ltr'><strong><em>Nusquam</em></strong></span> <span class='ocrx_word' id='word_1_323' title='bbox 2468 619 2607 673; x_wconf 88' lang='lat' dir='ltr'><strong><em>enim</em></strong></span> <span class='ocrx_word' id='word_1_324' title='bbox 2629 631 2750 677; x_wconf 89' lang='lat' dir='ltr'><strong><em>ante</em></strong></span> <span class='ocrx_word' id='word_1_325' title='bbox 2772 632 3008 695; x_wconf 88' lang='lat' dir='ltr'><strong><em>tempora</em></strong></span> <span class='ocrx_word' id='word_1_326' title='bbox 3032 608 3373 689; x_wconf 76' lang='lat' dir='ltr'><strong><em>Constantini</em></strong></span> 
     </span>
    </p>
   </div>
   <div class='ocr_carea' id='block_1_49' title="bbox 1779 696 3371 792">
    <p class='ocr_par' dir='ltr' id='par_1_49' title="bbox 1779 696 3371 792">
     <span class='ocr_line' id='line_1_49' title="bbox 1779 696 3371 792; baseline 0.016 -39"><span class='ocrx_word' id='word_1_327' title='bbox 1779 696 2037 758; x_wconf 85' lang='lat' dir='ltr'><strong><em>Silvester</em></strong></span> <span class='ocrx_word' id='word_1_328' title='bbox 2064 705 2239 777; x_wconf 87' lang='lat' dir='ltr'><strong><em>regale</em></strong></span> <span class='ocrx_word' id='word_1_329' title='bbox 2267 708 2473 781; x_wconf 87' lang='lat' dir='ltr'><strong><em>aliquid</em></strong></span> <span class='ocrx_word' id='word_1_330' title='bbox 2505 710 2750 768; x_wconf 86' lang='lat' dir='ltr'><strong><em>habuisse</em></strong></span> <span class='ocrx_word' id='word_1_331' title='bbox 2778 716 3104 786; x_wconf 85' lang='lat' dir='ltr'><strong><em>dinoscitur;</em></strong></span> <span class='ocrx_word' id='word_1_332' title='bbox 3144 729 3225 776; x_wconf 85' lang='lat' dir='ltr'><strong><em>set</em></strong></span> <span class='ocrx_word' id='word_1_333' title='bbox 3251 723 3371 792; x_wconf 84' lang='lat' dir='ltr'><strong><em>ejus</em></strong></span> 
     </span>
    </p>
   </div>
   <div class='ocr_carea' id='block_1_50' title="bbox 1774 791 3372 879">
    <p class='ocr_par' dir='ltr' id='par_1_50' title="bbox 1774 791 3372 879">
     <span class='ocr_line' id='line_1_50' title="bbox 1774 791 3372 879; baseline 0.016 -35"><span class='ocrx_word' id='word_1_334' title='bbox 1774 791 1992 859; x_wconf 79' lang='lat' dir='ltr'><strong><em>pietatis</em></strong></span> <span class='ocrx_word' id='word_1_335' title='bbox 2039 801 2371 855; x_wconf 85' lang='lat' dir='ltr'><strong><em>concessione</em></strong></span> <span class='ocrx_word' id='word_1_336' title='bbox 2393 819 2500 872; x_wconf 77' lang='lat' dir='ltr'><strong><em>pan:</em></strong></span> <span class='ocrx_word' id='word_1_337' title='bbox 2530 804 2739 859; x_wconf 89' lang='lat' dir='ltr'><strong><em>reddita</em></strong></span> <span class='ocrx_word' id='word_1_338' title='bbox 2781 815 2858 862; x_wconf 88' lang='lat' dir='ltr'><strong><em>est</em></strong></span> <span class='ocrx_word' id='word_1_339' title='bbox 2886 809 3125 879; x_wconf 87' lang='lat' dir='ltr'><strong><em>ecclesie,</em></strong></span> <span class='ocrx_word' id='word_1_340' title='bbox 3150 791 3372 870; x_wconf 79' lang='lat' dir='ltr'><strong><em>libertas</em></strong></span> 
     </span>
    </p>
   </div>
   <div class='ocr_carea' id='block_1_51' title="bbox 1779 886 3368 974">
    <p class='ocr_par' dir='ltr' id='par_1_51' title="bbox 1779 886 3368 974">
     <span class='ocr_line' id='line_1_51' title="bbox 1779 886 3368 974; baseline 0.014 -37"><span class='ocrx_word' id='word_1_341' title='bbox 1779 886 2050 956; x_wconf 85' lang='lat' dir='ltr'><strong><em>restituta,</em></strong></span> <span class='ocrx_word' id='word_1_342' title='bbox 2077 897 2127 944; x_wconf 92' lang='lat' dir='ltr'><strong><em>et</em></strong></span> <span class='ocrx_word' id='word_1_343' title='bbox 2147 892 2397 964; x_wconf 85' lang='lat' dir='ltr'><strong><em>quicquid</em></strong></span> <span class='ocrx_word' id='word_1_344' title='bbox 2423 895 2578 951; x_wconf 88' lang='lat' dir='ltr'><strong><em>hodie</em></strong></span> <span class='ocrx_word' id='word_1_345' title='bbox 2615 906 2841 968; x_wconf 88' lang='lat' dir='ltr'><strong><em>papatus</em></strong></span> <span class='ocrx_word' id='word_1_346' title='bbox 2872 909 3037 956; x_wconf 75' lang='lat' dir='ltr'><strong><em>uester</em></strong></span> <span class='ocrx_word' id='word_1_347' title='bbox 3068 903 3244 974; x_wconf 84' lang='lat' dir='ltr'><strong><em>regale</em></strong></span> <span class='ocrx_word' id='word_1_348' title='bbox 3267 906 3368 960; x_wconf 81' lang='lat' dir='ltr'><strong><em>ha-</em></strong></span> 
     </span>
    </p>
   </div>
   <div class='ocr_carea' id='block_1_52' title="bbox 1777 976 3373 1064">
    <p class='ocr_par' dir='ltr' id='par_1_52' title="bbox 1777 976 3373 1064">
     <span class='ocr_line' id='line_1_52' title="bbox 1777 976 3373 1064; baseline 0.014 -33"><span class='ocrx_word' id='word_1_349' title='bbox 1777 976 1894 1033; x_wconf 88' lang='lat' dir='ltr'><strong><em>bere</em></strong></span> <span class='ocrx_word' id='word_1_350' title='bbox 1934 980 2249 1052; x_wconf 82' lang='lat' dir='ltr'><strong><em>dinoscitur,</em></strong></span> <span class='ocrx_word' id='word_1_351' title='bbox 2294 985 2581 1058; x_wconf 84' lang='lat' dir='ltr'><strong><em>largitione</em></strong></span> <span class='ocrx_word' id='word_1_352' title='bbox 2607 989 2909 1062; x_wconf 81' lang='lat' dir='ltr'><strong><em>principum</em></strong></span> <span class='ocrx_word' id='word_1_353' title='bbox 2949 994 3168 1064; x_wconf 84' lang='lat' dir='ltr'><strong><em>optinet.</em></strong></span> <span class='ocrx_word' id='word_1_354' title='bbox 3221 995 3373 1053; x_wconf 85' lang='lat' dir='ltr'><strong><em>Unde</em></strong></span> 
     </span>
    </p>
   </div>
   <div class='ocr_carea' id='block_1_53' title="bbox 1783 1070 3372 1159">
    <p class='ocr_par' dir='ltr' id='par_1_53' title="bbox 1783 1070 3372 1159">
     <span class='ocr_line' id='line_1_53' title="bbox 1783 1070 3372 1159; baseline 0.014 -36"><span class='ocrx_word' id='word_1_355' title='bbox 1783 1086 1903 1124; x_wconf 88' lang='lat' dir='ltr'><strong><em>cum</em></strong></span> <span class='ocrx_word' id='word_1_356' title='bbox 1933 1070 2169 1128; x_wconf 84' lang='lat' dir='ltr'><strong><em>Romano</em></strong></span> <span class='ocrx_word' id='word_1_357' title='bbox 2194 1078 2439 1148; x_wconf 88' lang='lat' dir='ltr'><strong><em>pontiﬁci</em></strong></span> <span class='ocrx_word' id='word_1_358' title='bbox 2470 1080 2775 1152; x_wconf 84' lang='lat' dir='ltr'><strong><em>scribimus,</em></strong></span> <span class='ocrx_word' id='word_1_359' title='bbox 2797 1083 2923 1154; x_wconf 87' lang='lat' dir='ltr'><strong><em>jure</em></strong></span> <span class='ocrx_word' id='word_1_360' title='bbox 2947 1094 2997 1141; x_wconf 90' lang='lat' dir='ltr'><strong><em>et</em></strong></span> <span class='ocrx_word' id='word_1_361' title='bbox 3022 1087 3237 1159; x_wconf 86' lang='lat' dir='ltr'><strong><em>antique</em></strong></span> <span class='ocrx_word' id='word_1_362' title='bbox 3266 1105 3372 1144; x_wconf 75' lang='lat' dir='ltr'><strong><em>no—</em></strong></span> 
     </span>
    </p>
   </div>
   <div class='ocr_carea' id='block_1_54' title="bbox 1776 1172 3369 1252">
    <p class='ocr_par' dir='ltr' id='par_1_54' title="bbox 1776 1172 3369 1252">
     <span class='ocr_line' id='line_1_54' title="bbox 1776 1172 3369 1252; baseline 0.014 -38"><span class='ocrx_word' id='word_1_363' title='bbox 1776 1176 1894 1215; x_wconf 89' lang='lat' dir='ltr'><strong><em>men</em></strong></span> <span class='ocrx_word' id='word_1_364' title='bbox 1922 1172 2158 1219; x_wconf 90' lang='lat' dir='ltr'><strong><em>nostrum</em></strong></span> <span class='ocrx_word' id='word_1_365' title='bbox 2194 1176 2365 1223; x_wconf 82' lang='lat' dir='ltr'><strong><em>vestro</em></strong></span> <span class='ocrx_word' id='word_1_366' title='bbox 2404 1172 2762 1242; x_wconf 88' lang='lat' dir='ltr'><strong><em>preponimus.</em></strong></span> <span class='ocrx_word' id='word_1_367' title='bbox 2807 1175 2888 1229; x_wconf 86' lang='lat' dir='ltr'><strong><em>Ab</em></strong></span> <span class='ocrx_word' id='word_1_368' title='bbox 2914 1175 2997 1232; x_wconf 87' lang='lat' dir='ltr'><strong><em>his</em></strong></span> <span class='ocrx_word' id='word_1_369' title='bbox 3033 1186 3230 1248; x_wconf 87' lang='lat' dir='ltr'><strong><em>autem,</em></strong></span> <span class='ocrx_word' id='word_1_370' title='bbox 3273 1182 3369 1252; x_wconf 87' lang='lat' dir='ltr'><strong><em>qui</em></strong></span> 
     </span>
    </p>
   </div>
   <div class='ocr_carea' id='block_1_55' title="bbox 1774 1249 3367 1335">
    <p class='ocr_par' dir='ltr' id='par_1_55' title="bbox 1774 1249 3367 1335">
     <span class='ocr_line' id='line_1_55' title="bbox 1774 1249 3367 1335; baseline 0.014 -31"><span class='ocrx_word' id='word_1_371' title='bbox 1774 1249 1854 1305; x_wconf 88' lang='lat' dir='ltr'><strong><em>dii</em></strong></span> <span class='ocrx_word' id='word_1_372' title='bbox 1876 1261 1999 1307; x_wconf 90' lang='lat' dir='ltr'><strong><em>sunt</em></strong></span> <span class='ocrx_word' id='word_1_373' title='bbox 2022 1271 2116 1325; x_wconf 89' lang='lat' dir='ltr'><strong><em>per</em></strong></span> <span class='ocrx_word' id='word_1_374' title='bbox 2139 1257 2475 1329; x_wconf 85' lang='lat' dir='ltr'><strong><em>adoptionem</em></strong></span> <span class='ocrx_word' id='word_1_375' title='bbox 2496 1269 2547 1318; x_wconf 88' lang='lat' dir='ltr'><strong><em>et</em></strong></span> <span class='ocrx_word' id='word_1_376' title='bbox 2586 1264 2790 1335; x_wconf 86' lang='lat' dir='ltr'><strong><em>regalia</em></strong></span> <span class='ocrx_word' id='word_1_377' title='bbox 2825 1276 3010 1322; x_wconf 86' lang='lat' dir='ltr'><strong><em>nostra</em></strong></span> <span class='ocrx_word' id='word_1_378' title='bbox 3053 1277 3226 1325; x_wconf 89' lang='lat' dir='ltr'><strong><em>tenent</em></strong></span> <span class='ocrx_word' id='word_1_379' title='bbox 3269 1249 3367 1326; x_wconf 83' lang='lat' dir='ltr'><strong><em>cur</em></strong></span> 
     </span>
    </p>
   </div>
   <div class='ocr_carea' id='block_1_56' title="bbox 1774 1341 3362 1433">
    <p class='ocr_par' dir='ltr' id='par_1_56' title="bbox 1774 1341 3362 1433">
     <span class='ocr_line' id='line_1_56' title="bbox 1774 1341 3362 1433; baseline 0.014 -37"><span class='ocrx_word' id='word_1_380' title='bbox 1774 1341 2138 1418; x_wconf 75' lang='lat' dir='ltr'><strong><em>hominag‘ium</em></strong></span> <span class='ocrx_word' id='word_1_381' title='bbox 2182 1358 2234 1404; x_wconf 91' lang='lat' dir='ltr'><strong><em>et</em></strong></span> <span class='ocrx_word' id='word_1_382' title='bbox 2283 1342 2485 1423; x_wconf 86' lang='lat' dir='ltr'><strong><em>regalia</em></strong></span> <span class='ocrx_word' id='word_1_383' title='bbox 2526 1367 2865 1414; x_wconf 87' lang='lat' dir='ltr'><strong><em>sacramenta</em></strong></span> <span class='ocrx_word' id='word_1_384' title='bbox 2910 1375 3016 1415; x_wconf 89' lang='lat' dir='ltr'><strong><em>non</em></strong></span> <span class='ocrx_word' id='word_1_385' title='bbox 3063 1363 3362 1433; x_wconf 72' lang='lat' dir='ltr'><strong><em>exigamus,</em></strong></span> 
     </span>
    </p>
   </div>
   <div class='ocr_carea' id='block_1_57' title="bbox 1774 1438 3368 1511">
    <p class='ocr_par' dir='ltr' id='par_1_57' title="bbox 1774 1438 3368 1511">
     <span class='ocr_line' id='line_1_57' title="bbox 1774 1438 3368 1511; baseline 0.013 -21"><span class='ocrx_word' id='word_1_386' title='bbox 1774 1449 1895 1492; x_wconf 87' lang='lat' dir='ltr'><strong><em>cum</em></strong></span> <span class='ocrx_word' id='word_1_387' title='bbox 1933 1438 2027 1493; x_wconf 86' lang='lat' dir='ltr'><strong><em>ille</em></strong></span> <span class='ocrx_word' id='word_1_388' title='bbox 2064 1450 2243 1496; x_wconf 83' lang='lat' dir='ltr'><strong><em>noster</em></strong></span> <span class='ocrx_word' id='word_1_389' title='bbox 2259 1450 2311 1497; x_wconf 90' lang='lat' dir='ltr'><strong><em>et</em></strong></span> <span class='ocrx_word' id='word_1_390' title='bbox 2344 1452 2511 1500; x_wconf 84' lang='lat' dir='ltr'><strong><em>uester</em></strong></span> <span class='ocrx_word' id='word_1_391' title='bbox 2548 1463 2700 1503; x_wconf 81' lang='lat' dir='ltr'><strong><em>verus</em></strong></span> <span class='ocrx_word' id='word_1_392' title='bbox 2737 1449 3018 1505; x_wconf 89' lang='lat' dir='ltr'><strong><em>institutor</em></strong></span> <span class='ocrx_word' id='word_1_393' title='bbox 3047 1452 3113 1506; x_wconf 90' lang='lat' dir='ltr'><strong><em>ab</em></strong></span> <span class='ocrx_word' id='word_1_394' title='bbox 3156 1452 3368 1511; x_wconf 82' lang='lat' dir='ltr'><strong><em>homine</em></strong></span> 
     </span>
    </p>
   </div>
   <div class='ocr_carea' id='block_1_58' title="bbox 1774 1530 3365 1617">
    <p class='ocr_par' dir='ltr' id='par_1_58' title="bbox 1774 1530 3365 1617">
     <span class='ocr_line' id='line_1_58' title="bbox 1774 1530 3365 1617; baseline 0.013 -36"><span class='ocrx_word' id='word_1_395' title='bbox 1774 1544 1889 1600; x_wconf 86' lang='lat' dir='ltr'><strong><em>rege</em></strong></span> <span class='ocrx_word' id='word_1_396' title='bbox 1916 1530 2079 1585; x_wconf 87' lang='lat' dir='ltr'><strong><em>nichil</em></strong></span> <span class='ocrx_word' id='word_1_397' title='bbox 2105 1534 2391 1605; x_wconf 86' lang='lat' dir='ltr'><strong><em>accipiens,</em></strong></span> <span class='ocrx_word' id='word_1_398' title='bbox 2428 1546 2478 1591; x_wconf 90' lang='lat' dir='ltr'><strong><em>et</em></strong></span> <span class='ocrx_word' id='word_1_399' title='bbox 2521 1541 2702 1594; x_wconf 89' lang='lat' dir='ltr'><strong><em>omnia</em></strong></span> <span class='ocrx_word' id='word_1_400' title='bbox 2737 1540 2870 1596; x_wconf 89' lang='lat' dir='ltr'><strong><em>bona</em></strong></span> <span class='ocrx_word' id='word_1_401' title='bbox 2908 1543 3151 1599; x_wconf 87' lang='lat' dir='ltr'><strong><em>omnibus</em></strong></span> <span class='ocrx_word' id='word_1_402' title='bbox 3181 1546 3365 1617; x_wconf 83' lang='lat' dir='ltr'><strong><em>confe-</em></strong></span> 
     </span>
    </p>
   </div>
   <div class='ocr_carea' id='block_1_59' title="bbox 1773 1624 3362 1708">
    <p class='ocr_par' dir='ltr' id='par_1_59' title="bbox 1773 1624 3362 1708">
     <span class='ocr_line' id='line_1_59' title="bbox 1773 1624 3362 1708; baseline 0.013 -34"><span class='ocrx_word' id='word_1_403' title='bbox 1773 1636 1911 1687; x_wconf 89' lang='lat' dir='ltr'><strong><em>rens,</em></strong></span> <span class='ocrx_word' id='word_1_404' title='bbox 1936 1624 2027 1693; x_wconf 86' lang='lat' dir='ltr'><strong><em>qui</em></strong></span> <span class='ocrx_word' id='word_1_405' title='bbox 2055 1640 2152 1694; x_wconf 87' lang='lat' dir='ltr'><strong><em>pro</em></strong></span> <span class='ocrx_word' id='word_1_406' title='bbox 2176 1642 2230 1680; x_wconf 88' lang='lat' dir='ltr'><strong><em>se</em></strong></span> <span class='ocrx_word' id='word_1_407' title='bbox 2253 1636 2303 1680; x_wconf 89' lang='lat' dir='ltr'><strong><em>et</em></strong></span> <span class='ocrx_word' id='word_1_408' title='bbox 2332 1644 2427 1697; x_wconf 85' lang='lat' dir='ltr'><strong><em>pro</em></strong></span> <span class='ocrx_word' id='word_1_409' title='bbox 2458 1628 2621 1686; x_wconf 83' lang='lat' dir='ltr'><strong><em>Petro</em></strong></span> <span class='ocrx_word' id='word_1_410' title='bbox 2649 1649 2862 1689; x_wconf 87' lang='lat' dir='ltr'><strong><em>censum</em></strong></span> <span class='ocrx_word' id='word_1_411' title='bbox 2892 1637 3062 1691; x_wconf 87' lang='lat' dir='ltr'><strong><em>cesari</em></strong></span> <span class='ocrx_word' id='word_1_412' title='bbox 3087 1637 3362 1708; x_wconf 73' lang='lat' dir='ltr'><strong><em>persolvit,</em></strong></span> 
     </span>
    </p>
   </div>
   <div class='ocr_carea' id='block_1_60' title="bbox 1771 1716 3366 1797">
    <p class='ocr_par' dir='ltr' id='par_1_60' title="bbox 1771 1716 3366 1797">
     <span class='ocr_line' id='line_1_60' title="bbox 1771 1716 3366 1797; baseline 0.012 -31"><span class='ocrx_word' id='word_1_413' title='bbox 1771 1722 1821 1767; x_wconf 87' lang='lat' dir='ltr'><strong><em>et</em></strong></span> <span class='ocrx_word' id='word_1_414' title='bbox 1845 1716 2140 1787; x_wconf 72' lang='lat' dir='ltr'><strong><em>exemplum</em></strong></span> <span class='ocrx_word' id='word_1_415' title='bbox 2160 1718 2309 1773; x_wconf 85' lang='lat' dir='ltr'><strong><em>dedit</em></strong></span> <span class='ocrx_word' id='word_1_416' title='bbox 2338 1719 2503 1789; x_wconf 75' lang='lat' dir='ltr'><strong><em>vobis,</em></strong></span> <span class='ocrx_word' id='word_1_417' title='bbox 2534 1732 2594 1776; x_wconf 91' lang='lat' dir='ltr'><strong><em>ut</em></strong></span> <span class='ocrx_word' id='word_1_418' title='bbox 2620 1733 2671 1778; x_wconf 89' lang='lat' dir='ltr'><strong><em>et</em></strong></span> <span class='ocrx_word' id='word_1_419' title='bbox 2694 1741 2782 1780; x_wconf 81' lang='lat' dir='ltr'><strong><em>vos</em></strong></span> <span class='ocrx_word' id='word_1_420' title='bbox 2811 1727 2888 1780; x_wconf 88' lang='lat' dir='ltr'><strong><em>ita</em></strong></span> <span class='ocrx_word' id='word_1_421' title='bbox 2911 1727 3150 1797; x_wconf 79' lang='lat' dir='ltr'><strong><em>faciatis,</em></strong></span> <span class='ocrx_word' id='word_1_422' title='bbox 3176 1730 3366 1786; x_wconf 85' lang='lat' dir='ltr'><strong><em>doceat</em></strong></span> 
     </span>
    </p>
   </div>
   <div class='ocr_carea' id='block_1_61' title="bbox 1771 1805 3365 1887">
    <p class='ocr_par' dir='ltr' id='par_1_61' title="bbox 1771 1805 3365 1887">
     <span class='ocr_line' id='line_1_61' title="bbox 1771 1805 3365 1887; baseline 0.012 -30"><span class='ocrx_word' id='word_1_423' title='bbox 1771 1819 1859 1859; x_wconf 75' lang='lat' dir='ltr'><strong><em>vos</em></strong></span> <span class='ocrx_word' id='word_1_424' title='bbox 1890 1805 1969 1859; x_wconf 88' lang='lat' dir='ltr'><strong><em>ita</em></strong></span> <span class='ocrx_word' id='word_1_425' title='bbox 1992 1807 2171 1862; x_wconf 87' lang='lat' dir='ltr'><strong><em>dicens</em></strong></span> <span class='ocrx_word' id='word_1_426' title='bbox 2195 1824 2214 1861; x_wconf 89' lang='lat'><strong><em>:</em></strong></span> <span class='ocrx_word' id='word_1_427' title='bbox 2253 1828 2271 1860; x_wconf 74' lang='grc' dir='ltr'><strong><em>ι</em></strong></span> <span class='ocrx_word' id='word_1_428' title='bbox 2302 1809 2507 1866; x_wconf 86' lang='lat' dir='ltr'><strong><em>Discite</em></strong></span> <span class='ocrx_word' id='word_1_429' title='bbox 2535 1830 2569 1868; x_wconf 92' lang='lat' dir='ltr'><strong><em>a</em></strong></span> <span class='ocrx_word' id='word_1_430' title='bbox 2593 1831 2694 1884; x_wconf 88' lang='lat' dir='ltr'><strong><em>me,</em></strong></span> <span class='ocrx_word' id='word_1_431' title='bbox 2719 1817 2847 1887; x_wconf 88' lang='lat' dir='ltr'><strong><em>quia</em></strong></span> <span class='ocrx_word' id='word_1_432' title='bbox 2872 1819 3018 1872; x_wconf 88' lang='lat' dir='ltr'><strong><em>mitis</em></strong></span> <span class='ocrx_word' id='word_1_433' title='bbox 3040 1835 3159 1874; x_wconf 86' lang='lat' dir='ltr'><strong><em>sum</em></strong></span> <span class='ocrx_word' id='word_1_434' title='bbox 3185 1828 3237 1875; x_wconf 89' lang='lat' dir='ltr'><strong><em>et</em></strong></span> <span class='ocrx_word' id='word_1_435' title='bbox 3262 1821 3365 1875; x_wconf 75' lang='lat' dir='ltr'><strong><em>hu&quot;-</em></strong></span> 
     </span>
    </p>
   </div>
   <div class='ocr_carea' id='block_1_62' title="bbox 1771 1897 3364 1980">
    <p class='ocr_par' dir='ltr' id='par_1_62' title="bbox 1771 1897 3364 1980">
     <span class='ocr_line' id='line_1_62' title="bbox 1771 1897 3364 1980; baseline 0.01 -29"><span class='ocrx_word' id='word_1_436' title='bbox 1771 1897 1920 1953; x_wconf 87' lang='lat' dir='ltr'><strong><em>milis</em></strong></span> <span class='ocrx_word' id='word_1_437' title='bbox 1947 1900 2121 1955; x_wconf 89' lang='lat' dir='ltr'><strong><em>corde.</em></strong></span> <span class='ocrx_word' id='word_1_438' title='bbox 2151 1921 2171 1952; x_wconf 73' lang='grc' dir='ltr'><strong><em>ι</em></strong></span> <span class='ocrx_word' id='word_1_439' title='bbox 2223 1900 2331 1956; x_wconf 84' lang='lat' dir='ltr'><strong><em>Aut</em></strong></span> <span class='ocrx_word' id='word_1_440' title='bbox 2370 1903 2539 1974; x_wconf 87' lang='lat' dir='ltr'><strong><em>igitur</em></strong></span> <span class='ocrx_word' id='word_1_441' title='bbox 2580 1906 2815 1978; x_wconf 85' lang='lat' dir='ltr'><strong><em>episcopi</em></strong></span> <span class='ocrx_word' id='word_1_442' title='bbox 2850 1909 3053 1980; x_wconf 87' lang='lat' dir='ltr'><strong><em>regalia</em></strong></span> <span class='ocrx_word' id='word_1_443' title='bbox 3089 1911 3239 1966; x_wconf 89' lang='lat' dir='ltr'><strong><em>nobis</em></strong></span> <span class='ocrx_word' id='word_1_444' title='bbox 3276 1912 3364 1968; x_wconf 77' lang='lat' dir='ltr'><strong><em>di-</em></strong></span> 
     </span>
    </p>
   </div>
   <div class='ocr_carea' id='block_1_63' title="bbox 1772 1990 3363 2074">
    <p class='ocr_par' dir='ltr' id='par_1_63' title="bbox 1772 1990 3363 2074">
     <span class='ocr_line' id='line_1_63' title="bbox 1772 1990 3363 2074; baseline 0.01 -31"><span class='ocrx_word' id='word_1_445' title='bbox 1772 1990 2007 2059; x_wconf 87' lang='lat' dir='ltr'><strong><em>mittant,</em></strong></span> <span class='ocrx_word' id='word_1_446' title='bbox 2044 2001 2139 2047; x_wconf 86' lang='lat' dir='ltr'><strong><em>aut</em></strong></span> <span class='ocrx_word' id='word_1_447' title='bbox 2177 1994 2227 2048; x_wconf 89' lang='lat' dir='ltr'><strong><em>si</em></strong></span> <span class='ocrx_word' id='word_1_448' title='bbox 2266 1995 2361 2049; x_wconf 88' lang='lat' dir='ltr'><strong><em>hec</em></strong></span> <span class='ocrx_word' id='word_1_449' title='bbox 2387 1995 2491 2051; x_wconf 85' lang='lat' dir='ltr'><strong><em>sibi</em></strong></span> <span class='ocrx_word' id='word_1_450' title='bbox 2521 1997 2681 2052; x_wconf 86' lang='lat' dir='ltr'><strong><em>utilia</em></strong></span> <span class='ocrx_word' id='word_1_451' title='bbox 2717 1998 3099 2069; x_wconf 86' lang='lat' dir='ltr'><strong><em>judicaverint,</em></strong></span> <span class='ocrx_word' id='word_1_452' title='bbox 3128 2019 3227 2074; x_wconf 87' lang='lat' dir='ltr'><strong><em>que</em></strong></span> <span class='ocrx_word' id='word_1_453' title='bbox 3260 2003 3363 2059; x_wconf 76' lang='lat' dir='ltr'><strong><em>Dei</em></strong></span> 
     </span>
    </p>
   </div>
   <div class='ocr_carea' id='block_1_64' title="bbox 1773 2079 3360 2154">
    <p class='ocr_par' dir='ltr' id='par_1_64' title="bbox 1773 2079 3360 2154">
     <span class='ocr_line' id='line_1_64' title="bbox 1773 2079 3360 2154; baseline 0.008 -20"><span class='ocrx_word' id='word_1_454' title='bbox 1773 2079 1902 2148; x_wconf 87' lang='lat' dir='ltr'><strong><em>Deo,</em></strong></span> <span class='ocrx_word' id='word_1_455' title='bbox 1928 2089 1979 2135; x_wconf 88' lang='lat' dir='ltr'><strong><em>et</em></strong></span> <span class='ocrx_word' id='word_1_456' title='bbox 2002 2099 2101 2154; x_wconf 88' lang='lat' dir='ltr'><strong><em>que</em></strong></span> <span class='ocrx_word' id='word_1_457' title='bbox 2127 2085 2324 2139; x_wconf 87' lang='lat' dir='ltr'><strong><em>cesaris</em></strong></span> <span class='ocrx_word' id='word_1_458' title='bbox 2352 2095 2474 2140; x_wconf 87' lang='lat' dir='ltr'><strong><em>sunt</em></strong></span> <span class='ocrx_word' id='word_1_459' title='bbox 2495 2088 2667 2142; x_wconf 87' lang='lat' dir='ltr'><strong><em>cesari</em></strong></span> <span class='ocrx_word' id='word_1_460' title='bbox 2694 2087 2940 2145; x_wconf 86' lang='lat' dir='ltr'><strong><em>reddant.</em></strong></span> <span class='ocrx_word' id='word_1_461' title='bbox 2974 2089 3360 2147; x_wconf 84' lang='lat' dir='ltr'><strong><em>Cardinalibus</em></strong></span> 
     </span>
    </p>
   </div>
   <div class='ocr_carea' id='block_1_65' title="bbox 1770 2174 3363 2253">
    <p class='ocr_par' dir='ltr' id='par_1_65' title="bbox 1770 2174 3363 2253">
     <span class='ocr_line' id='line_1_65' title="bbox 1770 2174 3363 2253; baseline 0.008 -27"><span class='ocrx_word' id='word_1_462' title='bbox 1770 2174 1950 2244; x_wconf 88' lang='lat' dir='ltr'><strong><em>utique</em></strong></span> <span class='ocrx_word' id='word_1_463' title='bbox 1976 2176 2162 2230; x_wconf 78' lang='lat' dir='ltr'><strong><em>vestris</em></strong></span> <span class='ocrx_word' id='word_1_464' title='bbox 2202 2175 2381 2232; x_wconf 88' lang='lat' dir='ltr'><strong><em>clause</em></strong></span> <span class='ocrx_word' id='word_1_465' title='bbox 2403 2187 2527 2233; x_wconf 89' lang='lat' dir='ltr'><strong><em>sunt</em></strong></span> <span class='ocrx_word' id='word_1_466' title='bbox 2550 2178 2787 2248; x_wconf 89' lang='lat' dir='ltr'><strong><em>ecclesie,</em></strong></span> <span class='ocrx_word' id='word_1_467' title='bbox 2818 2191 2878 2235; x_wconf 91' lang='lat' dir='ltr'><strong><em>ut</em></strong></span> <span class='ocrx_word' id='word_1_468' title='bbox 2901 2197 3005 2236; x_wconf 88' lang='lat' dir='ltr'><strong><em>non</em></strong></span> <span class='ocrx_word' id='word_1_469' title='bbox 3028 2192 3245 2253; x_wconf 83' lang='lat' dir='ltr'><strong><em>pateant</em></strong></span> <span class='ocrx_word' id='word_1_470' title='bbox 3282 2184 3363 2238; x_wconf 77' lang='lat' dir='ltr'><strong><em>ci-</em></strong></span> 
     </span>
    </p>
   </div>
   <div class='ocr_carea' id='block_1_66' title="bbox 1770 2255 3361 2345">
    <p class='ocr_par' dir='ltr' id='par_1_66' title="bbox 1770 2255 3361 2345">
     <span class='ocr_line' id='line_1_66' title="bbox 1770 2255 3361 2345; baseline 0.009 -27"><span class='ocrx_word' id='word_1_471' title='bbox 1770 2255 1989 2332; x_wconf 75' lang='lat' dir='ltr'><strong><em>oitates;</em></strong></span> <span class='ocrx_word' id='word_1_472' title='bbox 2013 2268 2139 2337; x_wconf 87' lang='lat' dir='ltr'><strong><em>quia</em></strong></span> <span class='ocrx_word' id='word_1_473' title='bbox 2175 2283 2278 2322; x_wconf 89' lang='lat' dir='ltr'><strong><em>non</em></strong></span> <span class='ocrx_word' id='word_1_474' title='bbox 2309 2269 2545 2324; x_wconf 87' lang='lat' dir='ltr'><strong><em>videmus</em></strong></span> <span class='ocrx_word' id='word_1_475' title='bbox 2573 2271 2951 2341; x_wconf 84' lang='lat' dir='ltr'><strong><em>predicatores,</em></strong></span> <span class='ocrx_word' id='word_1_476' title='bbox 2997 2283 3077 2329; x_wconf 87' lang='lat' dir='ltr'><strong><em>set</em></strong></span> <span class='ocrx_word' id='word_1_477' title='bbox 3107 2275 3361 2345; x_wconf 72' lang='lat' dir='ltr'><strong><em>predum-‘-</em></strong></span> 
     </span>
    </p>
   </div>
   <div class='ocr_carea' id='block_1_67' title="bbox 1770 2358 3360 2437">
    <p class='ocr_par' dir='ltr' id='par_1_67' title="bbox 1770 2358 3360 2437">
     <span class='ocr_line' id='line_1_67' title="bbox 1770 2358 3360 2437; baseline 0.007 -27"><span class='ocrx_word' id='word_1_478' title='bbox 1770 2372 1883 2423; x_wconf 85' lang='lat' dir='ltr'><strong><em>res;</em></strong></span> <span class='ocrx_word' id='word_1_479' title='bbox 1912 2372 2015 2412; x_wconf 86' lang='lat' dir='ltr'><strong><em>non</em></strong></span> <span class='ocrx_word' id='word_1_480' title='bbox 2052 2358 2199 2429; x_wconf 86' lang='lat' dir='ltr'><strong><em>pacis</em></strong></span> <span class='ocrx_word' id='word_1_481' title='bbox 2223 2358 2707 2429; x_wconf 84' lang='lat' dir='ltr'><strong><em>administratores,</em></strong></span> <span class='ocrx_word' id='word_1_482' title='bbox 2736 2372 2815 2416; x_wconf 84' lang='lat' dir='ltr'><strong><em>set</em></strong></span> <span class='ocrx_word' id='word_1_483' title='bbox 2843 2365 3062 2434; x_wconf 88' lang='lat' dir='ltr'><strong><em>pecunie</em></strong></span> <span class='ocrx_word' id='word_1_484' title='bbox 3084 2373 3360 2437; x_wconf 85' lang='lat' dir='ltr'><strong><em>raptores;</em></strong></span> 
     </span>
    </p>
   </div>
   <div class='ocr_carea' id='block_1_68' title="bbox 1770 2449 3360 2525">
    <p class='ocr_par' dir='ltr' id='par_1_68' title="bbox 1770 2449 3360 2525">
     <span class='ocr_line' id='line_1_68' title="bbox 1770 2449 3360 2525; baseline 0.007 -23"><span class='ocrx_word' id='word_1_485' title='bbox 1770 2464 1875 2503; x_wconf 87' lang='lat' dir='ltr'><strong><em>non</em></strong></span> <span class='ocrx_word' id='word_1_486' title='bbox 1921 2449 2064 2505; x_wconf 86' lang='lat' dir='ltr'><strong><em>orbis</em></strong></span> <span class='ocrx_word' id='word_1_487' title='bbox 2105 2453 2550 2521; x_wconf 84' lang='lat' dir='ltr'><strong><em>corroboratores,</em></strong></span> <span class='ocrx_word' id='word_1_488' title='bbox 2587 2463 2667 2509; x_wconf 88' lang='lat' dir='ltr'><strong><em>set</em></strong></span> <span class='ocrx_word' id='word_1_489' title='bbox 2695 2456 2912 2525; x_wconf 87' lang='lat' dir='ltr'><strong><em>pecunie</em></strong></span> <span class='ocrx_word' id='word_1_490' title='bbox 2949 2455 3097 2511; x_wconf 86' lang='lat' dir='ltr'><strong><em>ultra</em></strong></span> <span class='ocrx_word' id='word_1_491' title='bbox 3140 2458 3360 2514; x_wconf 79' lang='lat' dir='ltr'><strong><em>modum</em></strong></span> 
     </span>
    </p>
   </div>
   <div class='ocr_carea' id='block_1_69' title="bbox 1769 2539 3355 2619">
    <p class='ocr_par' dir='ltr' id='par_1_69' title="bbox 1769 2539 3355 2619">
     <span class='ocr_line' id='line_1_69' title="bbox 1769 2539 3355 2619; baseline 0.006 -26"><span class='ocrx_word' id='word_1_492' title='bbox 1769 2539 2103 2596; x_wconf 81' lang='lat' dir='ltr'><strong><em>insatiabiles</em></strong></span> <span class='ocrx_word' id='word_1_493' title='bbox 2158 2542 2476 2600; x_wconf 84' lang='lat' dir='ltr'><strong><em>corrosores.</em></strong></span> <span class='ocrx_word' id='word_1_494' title='bbox 2529 2543 2665 2600; x_wconf 86' lang='lat' dir='ltr'><strong><em>Cum</em></strong></span> <span class='ocrx_word' id='word_1_495' title='bbox 2711 2546 2998 2615; x_wconf 84' lang='lat' dir='ltr'><strong><em>viderimus</em></strong></span> <span class='ocrx_word' id='word_1_496' title='bbox 3037 2562 3125 2602; x_wconf 91' lang='lat' dir='ltr'><strong><em>eos</em></strong></span> <span class='ocrx_word' id='word_1_497' title='bbox 3168 2546 3355 2619; x_wconf 80' lang='lat' dir='ltr'><strong><em>quales</em></strong></span> 
     </span>
    </p>
   </div>
   <div class='ocr_carea' id='block_1_70' title="bbox 1769 2632 3356 2708">
    <p class='ocr_par' dir='ltr' id='par_1_70' title="bbox 1769 2632 3356 2708">
     <span class='ocr_line' id='line_1_70' title="bbox 1769 2632 3356 2708; baseline 0.004 -23"><span class='ocrx_word' id='word_1_498' title='bbox 1769 2633 1991 2703; x_wconf 78' lang='lat' dir='ltr'><strong><em>requirit</em></strong></span> <span class='ocrx_word' id='word_1_499' title='bbox 2024 2632 2288 2702; x_wconf 84' lang='lat' dir='ltr'><strong><em>Ecclesia,</em></strong></span> <span class='ocrx_word' id='word_1_500' title='bbox 2316 2643 2586 2704; x_wconf 87' lang='lat' dir='ltr'><strong><em>portantes</em></strong></span> <span class='ocrx_word' id='word_1_501' title='bbox 2618 2652 2822 2706; x_wconf 84' lang='lat' dir='ltr'><strong><em>pacem,</em></strong></span> <span class='ocrx_word' id='word_1_502' title='bbox 2855 2636 3218 2692; x_wconf 76' lang='lat' dir='ltr'><strong><em>illuminantes</em></strong></span> <span class='ocrx_word' id='word_1_503' title='bbox 3253 2654 3356 2708; x_wconf 89' lang='lat' dir='ltr'><strong><em>pa-</em></strong></span> 
     </span>
    </p>
   </div>
   <div class='ocr_carea' id='block_1_71' title="bbox 1769 2726 3359 2799">
    <p class='ocr_par' dir='ltr' id='par_1_71' title="bbox 1769 2726 3359 2799">
     <span class='ocr_line' id='line_1_71' title="bbox 1769 2726 3359 2799; baseline 0.004 -20"><span class='ocrx_word' id='word_1_504' title='bbox 1769 2726 1950 2792; x_wconf 88' lang='lat' dir='ltr'><strong><em>triam,</em></strong></span> <span class='ocrx_word' id='word_1_505' title='bbox 1979 2727 2286 2781; x_wconf 76' lang='lat' dir='ltr'><strong><em>assiste&#39;tites</em></strong></span> <span class='ocrx_word' id='word_1_506' title='bbox 2326 2742 2483 2783; x_wconf 83' lang='lat' dir='ltr'><strong><em>cause</em></strong></span> <span class='ocrx_word' id='word_1_507' title='bbox 2506 2727 2790 2782; x_wconf 86' lang='lat' dir='ltr'><strong><em>humilium</em></strong></span> <span class='ocrx_word' id='word_1_508' title='bbox 2816 2727 2873 2781; x_wconf 89' lang='lat' dir='ltr'><strong><em>in</em></strong></span> <span class='ocrx_word' id='word_1_509' title='bbox 2894 2729 3144 2799; x_wconf 82' lang='lat' dir='ltr'><strong><em>equitate,</em></strong></span> <span class='ocrx_word' id='word_1_510' title='bbox 3174 2736 3359 2785; x_wconf 43' lang='lat' dir='ltr'><strong><em>neces;</em></strong></span> 
     </span>
    </p>
   </div>
   <div class='ocr_carea' id='block_1_72' title="bbox 1764 2819 3354 2892">
    <p class='ocr_par' dir='ltr' id='par_1_72' title="bbox 1764 2819 3354 2892">
     <span class='ocr_line' id='line_1_72' title="bbox 1764 2819 3354 2892; baseline 0.003 -20"><span class='ocrx_word' id='word_1_511' title='bbox 1764 2819 1925 2873; x_wconf 89' lang='lat' dir='ltr'><strong><em>sariis</em></strong></span> <span class='ocrx_word' id='word_1_512' title='bbox 1949 2831 2037 2874; x_wconf 87' lang='lat' dir='ltr'><strong><em>eos</em></strong></span> <span class='ocrx_word' id='word_1_513' title='bbox 2054 2820 2332 2891; x_wconf 79' lang='lat' dir='ltr'><strong><em>stipendiis</em></strong></span> <span class='ocrx_word' id='word_1_514' title='bbox 2354 2828 2403 2875; x_wconf 87' lang='lat' dir='ltr'><strong><em>et</em></strong></span> <span class='ocrx_word' id='word_1_515' title='bbox 2429 2830 2722 2876; x_wconf 87' lang='lat' dir='ltr'><strong><em>commeatu</em></strong></span> <span class='ocrx_word' id='word_1_516' title='bbox 2745 2831 3043 2878; x_wconf 88' lang='lat' dir='ltr'><strong><em>sustentare</em></strong></span> <span class='ocrx_word' id='word_1_517' title='bbox 3070 2838 3175 2877; x_wconf 87' lang='lat' dir='ltr'><strong><em>non</em></strong></span> <span class='ocrx_word' id='word_1_518' title='bbox 3193 2823 3354 2892; x_wconf 58' lang='lat' dir='ltr'><strong><em>di/fea</em></strong></span> 
     </span>
    </p>
   </div>
   <div class='ocr_carea' id='block_1_73' title="bbox 1766 2910 3353 2985">
    <p class='ocr_par' dir='ltr' id='par_1_73' title="bbox 1766 2910 3353 2985">
     <span class='ocr_line' id='line_1_73' title="bbox 1766 2910 3353 2985; baseline 0.004 -20"><span class='ocrx_word' id='word_1_519' title='bbox 1766 2926 1960 2966; x_wconf 87' lang='lat' dir='ltr'><strong><em>remus.</em></strong></span> <span class='ocrx_word' id='word_1_520' title='bbox 1991 2910 2331 2968; x_wconf 82' lang='lat' dir='ltr'><strong><em>Ilumilitatis</em></strong></span> <span class='ocrx_word' id='word_1_521' title='bbox 2359 2924 2554 2981; x_wconf 84' lang='lat' dir='ltr'><strong><em>autem,</em></strong></span> <span class='ocrx_word' id='word_1_522' title='bbox 2577 2931 2675 2985; x_wconf 89' lang='lat' dir='ltr'><strong><em>que</em></strong></span> <span class='ocrx_word' id='word_1_523' title='bbox 2699 2924 2876 2970; x_wconf 84' lang='lat' dir='ltr'><strong><em>custos</em></strong></span> <span class='ocrx_word' id='word_1_524' title='bbox 2895 2926 2974 2971; x_wconf 86' lang='lat' dir='ltr'><strong><em>est</em></strong></span> <span class='ocrx_word' id='word_1_525' title='bbox 3000 2919 3276 2983; x_wconf 81' lang='lat' dir='ltr'><strong><em>virtutum,</em></strong></span> <span class='ocrx_word' id='word_1_526' title='bbox 3300 2927 3353 2974; x_wconf 89' lang='lat' dir='ltr'><strong><em>et</em></strong></span> 
     </span>
    </p>
   </div>
   <div class='ocr_carea' id='block_1_74' title="bbox 1766 3002 3353 3075">
    <p class='ocr_par' dir='ltr' id='par_1_74' title="bbox 1766 3002 3353 3075">
     <span class='ocr_line' id='line_1_74' title="bbox 1766 3002 3353 3075; baseline 0.005 -20"><span class='ocrx_word' id='word_1_527' title='bbox 1766 3002 2191 3057; x_wconf 87' lang='lat' dir='ltr'><strong><em>mansuetudinis</em></strong></span> <span class='ocrx_word' id='word_1_528' title='bbox 2217 3012 2381 3057; x_wconf 85' lang='lat' dir='ltr'><strong><em>vestre</em></strong></span> <span class='ocrx_word' id='word_1_529' title='bbox 2408 3019 2512 3056; x_wconf 90' lang='lat' dir='ltr'><strong><em>non</em></strong></span> <span class='ocrx_word' id='word_1_530' title='bbox 2537 3004 2813 3058; x_wconf 89' lang='lat' dir='ltr'><strong><em>minimam</em></strong></span> <span class='ocrx_word' id='word_1_531' title='bbox 2841 3014 3021 3060; x_wconf 87' lang='lat' dir='ltr'><strong><em>notam</em></strong></span> <span class='ocrx_word' id='word_1_532' title='bbox 3049 3007 3353 3075; x_wconf 70' lang='lat' dir='ltr'><strong><em>incurritis&#39;,</em></strong></span> 
     </span>
    </p>
   </div>
   <div class='ocr_carea' id='block_1_75' title="bbox 1767 3089 3350 3163">
    <p class='ocr_par' dir='ltr' id='par_1_75' title="bbox 1767 3089 3350 3163">
     <span class='ocr_line' id='line_1_75' title="bbox 1767 3089 3350 3163; baseline 0.005 -20"><span class='ocrx_word' id='word_1_533' title='bbox 1767 3106 1886 3144; x_wconf 90' lang='lat' dir='ltr'><strong><em>cum</em></strong></span> <span class='ocrx_word' id='word_1_534' title='bbox 1920 3089 2225 3161; x_wconf 86' lang='lat' dir='ltr'><strong><em>hujusmodi</em></strong></span> <span class='ocrx_word' id='word_1_535' title='bbox 2252 3092 2546 3161; x_wconf 85' lang='lat' dir='ltr'><strong><em>questiones</em></strong></span> <span class='ocrx_word' id='word_1_536' title='bbox 2572 3092 2816 3163; x_wconf 82' lang='lat' dir='ltr'><strong><em>religioni</em></strong></span> <span class='ocrx_word' id='word_1_537' title='bbox 2842 3110 2946 3148; x_wconf 89' lang='lat' dir='ltr'><strong><em>non</em></strong></span> <span class='ocrx_word' id='word_1_538' title='bbox 2967 3094 3193 3150; x_wconf 79' lang='lat' dir='ltr'><strong><em>multant</em></strong></span> <span class='ocrx_word' id='word_1_539' title='bbox 3219 3113 3350 3151; x_wconf 77' lang='lat' dir='ltr'><strong><em>con-</em></strong></span> 
     </span>
    </p>
   </div>
   <div class='ocr_carea' id='block_1_76' title="bbox 1767 3182 3357 3257">
    <p class='ocr_par' dir='ltr' id='par_1_76' title="bbox 1767 3182 3357 3257">
     <span class='ocr_line' id='line_1_76' title="bbox 1767 3182 3357 3257; baseline 0.005 -22"><span class='ocrx_word' id='word_1_540' title='bbox 1767 3182 1988 3252; x_wconf 78' lang='lat' dir='ltr'><strong><em>ferentes</em></strong></span> <span class='ocrx_word' id='word_1_541' title='bbox 2034 3182 2362 3238; x_wconf 86' lang='lat' dir='ltr'><strong><em>secularibus</em></strong></span> <span class='ocrx_word' id='word_1_542' title='bbox 2412 3185 2649 3254; x_wconf 87' lang='lat' dir='ltr'><strong><em>personis</em></strong></span> <span class='ocrx_word' id='word_1_543' title='bbox 2696 3188 3012 3257; x_wconf 86' lang='lat' dir='ltr'><strong><em>proponitis.</em></strong></span> <span class='ocrx_word' id='word_1_544' title='bbox 3064 3187 3357 3243; x_wconf 84' lang='lat' dir='ltr'><strong><em>Provideat</em></strong></span> 
     </span>
    </p>
   </div>
   <div class='ocr_carea' id='block_1_77' title="bbox 1762 3271 3353 3347">
    <p class='ocr_par' dir='ltr' id='par_1_77' title="bbox 1762 3271 3353 3347">
     <span class='ocr_line' id='line_1_77' title="bbox 1762 3271 3353 3347; baseline 0.005 -23"><span class='ocrx_word' id='word_1_545' title='bbox 1762 3271 1940 3341; x_wconf 87' lang='lat' dir='ltr'><strong><em>itaque</em></strong></span> <span class='ocrx_word' id='word_1_546' title='bbox 1960 3271 2255 3340; x_wconf 87' lang='lat' dir='ltr'><strong><em>paternitas</em></strong></span> <span class='ocrx_word' id='word_1_547' title='bbox 2276 3280 2469 3340; x_wconf 86' lang='lat' dir='ltr'><strong><em>vestra,</em></strong></span> <span class='ocrx_word' id='word_1_548' title='bbox 2501 3289 2564 3327; x_wconf 90' lang='lat' dir='ltr'><strong><em>ne</em></strong></span> <span class='ocrx_word' id='word_1_549' title='bbox 2589 3273 2717 3329; x_wconf 85' lang='lat' dir='ltr'><strong><em>dum</em></strong></span> <span class='ocrx_word' id='word_1_550' title='bbox 2749 3274 2884 3329; x_wconf 85' lang='lat' dir='ltr'><strong><em>talia</em></strong></span> <span class='ocrx_word' id='word_1_551' title='bbox 2910 3283 3104 3343; x_wconf 86' lang='lat' dir='ltr'><strong><em>monet,</em></strong></span> <span class='ocrx_word' id='word_1_552' title='bbox 3141 3293 3239 3347; x_wconf 87' lang='lat' dir='ltr'><strong><em>que</em></strong></span> <span class='ocrx_word' id='word_1_553' title='bbox 3267 3276 3353 3332; x_wconf 87' lang='lat' dir='ltr'><strong><em>di-</em></strong></span> 
     </span>
    </p>
   </div>
   <div class='ocr_carea' id='block_1_78' title="bbox 1761 3360 3351 3437">
    <p class='ocr_par' dir='ltr' id='par_1_78' title="bbox 1761 3360 3351 3437">
     <span class='ocr_line' id='line_1_78' title="bbox 1761 3360 3351 3437; baseline 0.003 -23"><span class='ocrx_word' id='word_1_554' title='bbox 1761 3376 1866 3432; x_wconf 84' lang='lat' dir='ltr'><strong><em>gna</em></strong></span> <span class='ocrx_word' id='word_1_555' title='bbox 1895 3376 1999 3414; x_wconf 88' lang='lat' dir='ltr'><strong><em>non</em></strong></span> <span class='ocrx_word' id='word_1_556' title='bbox 2026 3360 2291 3427; x_wconf 88' lang='lat' dir='ltr'><strong><em>ducimus,</em></strong></span> <span class='ocrx_word' id='word_1_557' title='bbox 2316 3360 2693 3430; x_wconf 80' lang='lat' dir='ltr'><strong><em>o/fendiculum</em></strong></span> <span class='ocrx_word' id='word_1_558' title='bbox 2720 3373 2882 3433; x_wconf 89' lang='lat' dir='ltr'><strong><em>ponat</em></strong></span> <span class='ocrx_word' id='word_1_559' title='bbox 2924 3364 3058 3432; x_wconf 88' lang='lat' dir='ltr'><strong><em>illis,</em></strong></span> <span class='ocrx_word' id='word_1_560' title='bbox 3083 3365 3177 3437; x_wconf 87' lang='lat' dir='ltr'><strong><em>qui</em></strong></span> <span class='ocrx_word' id='word_1_561' title='bbox 3210 3366 3351 3423; x_wconf 81' lang='lat' dir='ltr'><strong><em>velut</em></strong></span> 
     </span>
    </p>
   </div>
   <div class='ocr_carea' id='block_1_79' title="bbox 1763 3451 3353 3530">
    <p class='ocr_par' dir='ltr' id='par_1_79' title="bbox 1763 3451 3353 3530">
     <span class='ocr_line' id='line_1_79' title="bbox 1763 3451 3353 3530; baseline 0.004 -24"><span class='ocrx_word' id='word_1_562' title='bbox 1763 3452 1833 3506; x_wconf 91' lang='lat' dir='ltr'><strong><em>ad</em></strong></span> <span class='ocrx_word' id='word_1_563' title='bbox 1859 3451 2103 3507; x_wconf 89' lang='lat' dir='ltr'><strong><em>umbram</em></strong></span> <span class='ocrx_word' id='word_1_564' title='bbox 2125 3453 2412 3507; x_wconf 84' lang='lat' dir='ltr'><strong><em>serotinum</em></strong></span> <span class='ocrx_word' id='word_1_565' title='bbox 2455 3454 2537 3507; x_wconf 92' lang='lat' dir='ltr'><strong><em>ori</em></strong></span> <span class='ocrx_word' id='word_1_566' title='bbox 2566 3462 2734 3510; x_wconf 85' lang='lat' dir='ltr'><strong><em>vestro</em></strong></span> <span class='ocrx_word' id='word_1_567' title='bbox 2771 3473 2925 3511; x_wconf 89' lang='lat' dir='ltr'><strong><em>aures</em></strong></span> <span class='ocrx_word' id='word_1_568' title='bbox 2956 3474 3082 3513; x_wconf 89' lang='lat' dir='ltr'><strong><em>suas</em></strong></span> <span class='ocrx_word' id='word_1_569' title='bbox 3112 3460 3353 3530; x_wconf 85' lang='lat' dir='ltr'><strong><em>arrigere</em></strong></span> 
     </span>
    </p>
   </div>
   <div class='ocr_carea' id='block_1_80' title="bbox 1760 3544 3349 3620">
    <p class='ocr_par' dir='ltr' id='par_1_80' title="bbox 1760 3544 3349 3620">
     <span class='ocr_line' id='line_1_80' title="bbox 1760 3544 3349 3620; baseline 0.007 -22"><span class='ocrx_word' id='word_1_570' title='bbox 1760 3544 2036 3614; x_wconf 80' lang='lat' dir='ltr'><strong><em>festinant.</em></strong></span> <span class='ocrx_word' id='word_1_571' title='bbox 2064 3544 2189 3600; x_wconf 90' lang='lat' dir='ltr'><strong><em>Non</em></strong></span> <span class='ocrx_word' id='word_1_572' title='bbox 2206 3547 2346 3601; x_wconf 88' lang='lat' dir='ltr'><strong><em>enim</em></strong></span> <span class='ocrx_word' id='word_1_573' title='bbox 2367 3563 2644 3616; x_wconf 86' lang='lat' dir='ltr'><strong><em>possumus</em></strong></span> <span class='ocrx_word' id='word_1_574' title='bbox 2667 3564 2772 3603; x_wconf 86' lang='lat' dir='ltr'><strong><em>non</em></strong></span> <span class='ocrx_word' id='word_1_575' title='bbox 2793 3552 3101 3620; x_wconf 89' lang='lat' dir='ltr'><strong><em>respondere</em></strong></span> <span class='ocrx_word' id='word_1_576' title='bbox 3122 3554 3349 3619; x_wconf 84' lang='lat' dir='ltr'><strong><em>auditis;</em></strong></span> 
     </span>
    </p>
   </div>
   <div class='ocr_carea' id='block_1_81' title="bbox 1759 3637 3348 3714">
    <p class='ocr_par' dir='ltr' id='par_1_81' title="bbox 1759 3637 3348 3714">
     <span class='ocr_line' id='line_1_81' title="bbox 1759 3637 3348 3714; baseline 0.006 -24"><span class='ocrx_word' id='word_1_577' title='bbox 1759 3653 1878 3691; x_wconf 87' lang='lat' dir='ltr'><strong><em>eum</em></strong></span> <span class='ocrx_word' id='word_1_578' title='bbox 1913 3637 2150 3709; x_wconf 77' lang='lat' dir='ltr'><strong><em>superbia</em></strong></span> <span class='ocrx_word' id='word_1_579' title='bbox 2193 3638 2555 3694; x_wconf 86' lang='lat' dir='ltr'><strong><em>detestabilem</em></strong></span> <span class='ocrx_word' id='word_1_580' title='bbox 2593 3639 2814 3696; x_wconf 88' lang='lat' dir='ltr'><strong><em>bestiam</em></strong></span> <span class='ocrx_word' id='word_1_581' title='bbox 2856 3659 3019 3714; x_wconf 88' lang='lat' dir='ltr'><strong><em>usque</em></strong></span> <span class='ocrx_word' id='word_1_582' title='bbox 3061 3645 3132 3698; x_wconf 91' lang='lat' dir='ltr'><strong><em>ad</em></strong></span> <span class='ocrx_word' id='word_1_583' title='bbox 3169 3645 3348 3700; x_wconf 88' lang='lat' dir='ltr'><strong><em>sedem</em></strong></span> 
     </span>
    </p>
   </div>
   <div class='ocr_carea' id='block_1_82' title="bbox 1759 3728 3347 3802">
    <p class='ocr_par' dir='ltr' id='par_1_82' title="bbox 1759 3728 3347 3802">
     <span class='ocr_line' id='line_1_82' title="bbox 1759 3728 3347 3802; baseline 0.006 -20"><span class='ocrx_word' id='word_1_584' title='bbox 1759 3728 1900 3783; x_wconf 88' lang='lat' dir='ltr'><strong><em>beati</em></strong></span> <span class='ocrx_word' id='word_1_585' title='bbox 1926 3728 2076 3784; x_wconf 90' lang='lat' dir='ltr'><strong><em>Petri</em></strong></span> <span class='ocrx_word' id='word_1_586' title='bbox 2096 3731 2215 3800; x_wconf 88' lang='lat' dir='ltr'><strong><em>jam</em></strong></span> <span class='ocrx_word' id='word_1_587' title='bbox 2244 3741 2477 3802; x_wconf 82' lang='lat' dir='ltr'><strong><em>reptasse</em></strong></span> <span class='ocrx_word' id='word_1_588' title='bbox 2506 3732 2797 3788; x_wconf 82' lang='lat' dir='ltr'><strong><em>videamus.</em></strong></span> <span class='ocrx_word' id='word_1_589' title='bbox 2831 3734 2966 3789; x_wconf 90' lang='lat' dir='ltr'><strong><em>Paci</em></strong></span> <span class='ocrx_word' id='word_1_590' title='bbox 2995 3735 3347 3791; x_wconf 79' lang='lat' dir='ltr'><strong><em>ecclesiastica</em></strong></span> 
     </span>
    </p>
   </div>
   <div class='ocr_carea' id='block_1_83' title="bbox 1759 3819 3340 3898">
    <p class='ocr_par' dir='ltr' id='par_1_83' title="bbox 1759 3819 3340 3898">
     <span class='ocr_line' id='line_1_83' title="bbox 1759 3819 3340 3898; baseline 0.007 -25"><span class='ocrx_word' id='word_1_591' title='bbox 1759 3819 1883 3874; x_wconf 89' lang='lat' dir='ltr'><strong><em>bene</em></strong></span> <span class='ocrx_word' id='word_1_592' title='bbox 1902 3821 2252 3890; x_wconf 87' lang='lat' dir='ltr'><strong><em>providentes,</em></strong></span> <span class='ocrx_word' id='word_1_593' title='bbox 2287 3839 2488 3893; x_wconf 89' lang='lat' dir='ltr'><strong><em>semper</em></strong></span> <span class='ocrx_word' id='word_1_594' title='bbox 2514 3823 2756 3879; x_wconf 85' lang='lat' dir='ltr'><strong><em>valeatis.</em></strong></span> <span class='ocrx_word' id='word_1_595' title='bbox 2802 3823 2898 3882; x_wconf 84' lang='lat' dir='ltr'><strong><em>IIis</em></strong></span> <span class='ocrx_word' id='word_1_596' title='bbox 2927 3827 3165 3897; x_wconf 81' lang='lat' dir='ltr'><strong><em>reiectis,</em></strong></span> <span class='ocrx_word' id='word_1_597' title='bbox 3198 3842 3340 3898; x_wconf 84' lang='lat' dir='ltr'><strong><em>papa</em></strong></span> 
     </span>
    </p>
   </div>
   <div class='ocr_carea' id='block_1_84' title="bbox 1758 3898 3345 3991">
    <p class='ocr_par' dir='ltr' id='par_1_84' title="bbox 1758 3898 3345 3991">
     <span class='ocr_line' id='line_1_84' title="bbox 1758 3898 3345 3991; baseline 0.006 -26"><span class='ocrx_word' id='word_1_598' title='bbox 1758 3919 1906 3966; x_wconf 88' lang='lat' dir='ltr'><strong><em>totus</em></strong></span> <span class='ocrx_word' id='word_1_599' title='bbox 1935 3898 1987 3966; x_wconf 87' lang='lat' dir='ltr'><strong><em>in</em></strong></span> <span class='ocrx_word' id='word_1_600' title='bbox 2021 3912 2403 3983; x_wconf 86' lang='lat' dir='ltr'><strong><em>imperatorem</em></strong></span> <span class='ocrx_word' id='word_1_601' title='bbox 2431 3915 2728 3984; x_wconf 76' lang='lat' dir='ltr'><strong><em>invehitur,</em></strong></span> <span class='ocrx_word' id='word_1_602' title='bbox 2757 3925 2813 3972; x_wconf 91' lang='lat' dir='ltr'><strong><em>et</em></strong></span> <span class='ocrx_word' id='word_1_603' title='bbox 2839 3932 3222 3990; x_wconf 86' lang='lat' dir='ltr'><strong><em>quoscumque</em></strong></span> <span class='ocrx_word' id='word_1_604' title='bbox 3243 3935 3345 3991; x_wconf 80' lang='lat' dir='ltr'><strong><em>po-</em></strong></span> 
     </span>
    </p>
   </div>
   <div class='ocr_carea' id='block_1_85' title="bbox 1757 4003 3345 4081">
    <p class='ocr_par' dir='ltr' id='par_1_85' title="bbox 1757 4003 3345 4081">
     <span class='ocr_line' id='line_1_85' title="bbox 1757 4003 3345 4081; baseline 0.006 -24"><span class='ocrx_word' id='word_1_605' title='bbox 1757 4010 1885 4071; x_wconf 89' lang='lat' dir='ltr'><strong><em>test,</em></strong></span> <span class='ocrx_word' id='word_1_606' title='bbox 1916 4003 1986 4059; x_wconf 89' lang='lat' dir='ltr'><strong><em>ab</em></strong></span> <span class='ocrx_word' id='word_1_607' title='bbox 2005 4019 2072 4059; x_wconf 91' lang='lat' dir='ltr'><strong><em>eo</em></strong></span> <span class='ocrx_word' id='word_1_608' title='bbox 2098 4005 2279 4060; x_wconf 82' lang='lat' dir='ltr'><strong><em>verbis</em></strong></span> <span class='ocrx_word' id='word_1_609' title='bbox 2305 4014 2359 4061; x_wconf 86' lang='lat' dir='ltr'><strong><em>et</em></strong></span> <span class='ocrx_word' id='word_1_610' title='bbox 2388 4007 2605 4078; x_wconf 86' lang='lat' dir='ltr'><strong><em>scriptis</em></strong></span> <span class='ocrx_word' id='word_1_611' title='bbox 2632 4009 2829 4064; x_wconf 68' lang='lat' dir='ltr'><strong><em>avertit</em></strong></span> <span class='ocrx_word' id='word_1_612' title='bbox 2851 4009 3022 4081; x_wconf 66' lang='lat'><strong><em>(405).</em></strong></span> <span class='ocrx_word' id='word_1_613' title='bbox 3061 4010 3345 4067; x_wconf 84' lang='lat' dir='ltr'><strong><em>Italienses</em></strong></span> 
     </span>
    </p>
   </div>
   <div class='ocr_carea' id='block_1_86' title="bbox 1757 4096 3344 4172">
    <p class='ocr_par' dir='ltr' id='par_1_86' title="bbox 1757 4096 3344 4172">
     <span class='ocr_line' id='line_1_86' title="bbox 1757 4096 3344 4172; baseline 0.006 -21"><span class='ocrx_word' id='word_1_614' title='bbox 1757 4105 1949 4151; x_wconf 87' lang='lat' dir='ltr'><strong><em>contra</em></strong></span> <span class='ocrx_word' id='word_1_615' title='bbox 1980 4096 2363 4167; x_wconf 89' lang='lat' dir='ltr'><strong><em>imperatorem</em></strong></span> <span class='ocrx_word' id='word_1_616' title='bbox 2395 4099 2695 4169; x_wconf 89' lang='lat' dir='ltr'><strong><em>rebellant;</em></strong></span> <span class='ocrx_word' id='word_1_617' title='bbox 2724 4101 2840 4172; x_wconf 88' lang='lat' dir='ltr'><strong><em>ipse</em></strong></span> <span class='ocrx_word' id='word_1_618' title='bbox 2879 4115 3010 4158; x_wconf 85' lang='lat' dir='ltr'><strong><em>vero</em></strong></span> <span class='ocrx_word' id='word_1_619' title='bbox 3032 4104 3101 4159; x_wconf 88' lang='lat' dir='ltr'><strong><em>ad</em></strong></span> <span class='ocrx_word' id='word_1_620' title='bbox 3123 4119 3219 4160; x_wconf 91' lang='lat' dir='ltr'><strong><em>eos</em></strong></span> <span class='ocrx_word' id='word_1_621' title='bbox 3247 4103 3344 4160; x_wconf 54' lang='lat' dir='ltr'><strong><em>de-</em></strong></span> 
     </span>
    </p>
   </div>
   <div class='ocr_carea' id='block_1_87' title="bbox 1755 4187 3346 4263">
    <p class='ocr_par' dir='ltr' id='par_1_87' title="bbox 1755 4187 3346 4263">
     <span class='ocr_line' id='line_1_87' title="bbox 1755 4187 3346 4263; baseline 0.006 -20"><span class='ocrx_word' id='word_1_622' title='bbox 1755 4187 2037 4244; x_wconf 89' lang='lat' dir='ltr'><strong><em>bellandos</em></strong></span> <span class='ocrx_word' id='word_1_623' title='bbox 2059 4188 2269 4245; x_wconf 87' lang='lat' dir='ltr'><strong><em>Italiam</em></strong></span> <span class='ocrx_word' id='word_1_624' title='bbox 2311 4190 2464 4261; x_wconf 88' lang='lat' dir='ltr'><strong><em>petit.</em></strong></span> <span class='ocrx_word' id='word_1_625' title='bbox 2506 4190 2710 4248; x_wconf 89' lang='lat' dir='ltr'><strong><em>Contra</em></strong></span> <span class='ocrx_word' id='word_1_626' title='bbox 2745 4208 2912 4263; x_wconf 87' lang='lat' dir='ltr'><strong><em>quem</em></strong></span> <span class='ocrx_word' id='word_1_627' title='bbox 2945 4193 3228 4252; x_wconf 87' lang='lat' dir='ltr'><strong><em>Italienses</em></strong></span> <span class='ocrx_word' id='word_1_628' title='bbox 3254 4211 3346 4252; x_wconf 84' lang='lat' dir='ltr'><strong><em>ur-</em></strong></span> 
     </span>
    </p>
   </div>
   <div class='ocr_carea' id='block_1_88' title="bbox 1756 4280 3343 4349">
    <p class='ocr_par' dir='ltr' id='par_1_88' title="bbox 1756 4280 3343 4349">
     <span class='ocr_line' id='line_1_88' title="bbox 1756 4280 3343 4349; baseline 0.004 -12"><span class='ocrx_word' id='word_1_629' title='bbox 1756 4280 1917 4337; x_wconf 88' lang='lat' dir='ltr'><strong><em>bibus</em></strong></span> <span class='ocrx_word' id='word_1_630' title='bbox 1949 4289 2006 4337; x_wconf 90' lang='lat' dir='ltr'><strong><em>et</em></strong></span> <span class='ocrx_word' id='word_1_631' title='bbox 2035 4282 2275 4338; x_wconf 85' lang='lat' dir='ltr'><strong><em>castellis</em></strong></span> <span class='ocrx_word' id='word_1_632' title='bbox 2300 4283 2547 4349; x_wconf 87' lang='lat' dir='ltr'><strong><em>munitis,</em></strong></span> <span class='ocrx_word' id='word_1_633' title='bbox 2572 4299 2632 4339; x_wconf 92' lang='lat' dir='ltr'><strong><em>se</em></strong></span> <span class='ocrx_word' id='word_1_634' title='bbox 2659 4285 2727 4339; x_wconf 85' lang='lat' dir='ltr'><strong><em>ad</em></strong></span> <span class='ocrx_word' id='word_1_635' title='bbox 2756 4284 3133 4342; x_wconf 87' lang='lat' dir='ltr'><strong><em>rebellandum</em></strong></span> <span class='ocrx_word' id='word_1_636' title='bbox 3156 4288 3343 4344; x_wconf 63' lang='lat' dir='ltr'><strong><em>accin:</em></strong></span> 
     </span>
    </p>
   </div>
   <div class='ocr_carea' id='block_1_89' title="bbox 1755 4372 3343 4445">
    <p class='ocr_par' dir='ltr' id='par_1_89' title="bbox 1755 4372 3343 4445">
     <span class='ocr_line' id='line_1_89' title="bbox 1755 4372 3343 4445; baseline 0.006 -18"><span class='ocrx_word' id='word_1_637' title='bbox 1755 4381 1912 4445; x_wconf 89' lang='lat' dir='ltr'><strong><em>gunt,</em></strong></span> <span class='ocrx_word' id='word_1_638' title='bbox 1937 4388 2173 4444; x_wconf 87' lang='lat' dir='ltr'><strong><em>eumque</em></strong></span> <span class='ocrx_word' id='word_1_639' title='bbox 2193 4372 2559 4430; x_wconf 85' lang='lat' dir='ltr'><strong><em>Mediolanum</em></strong></span> <span class='ocrx_word' id='word_1_640' title='bbox 2582 4375 2854 4431; x_wconf 90' lang='lat' dir='ltr'><strong><em>hostiliter</em></strong></span> <span class='ocrx_word' id='word_1_641' title='bbox 2878 4377 3207 4437; x_wconf 86' lang='lat' dir='ltr'><strong><em>adheuntem</em></strong></span> <span class='ocrx_word' id='word_1_642' title='bbox 3230 4396 3343 4437; x_wconf 92' lang='lat' dir='ltr'><strong><em>non</em></strong></span> 
     </span>
    </p>
   </div>
   <div class='ocr_carea' id='block_1_90' title="bbox 101 4462 3343 4538">
    <p class='ocr_par' dir='ltr' id='par_1_90' title="bbox 101 4462 3343 4538">
     <span class='ocr_line' id='line_1_90' title="bbox 101 4462 3343 4538; baseline 0.006 -30"><span class='ocrx_word' id='word_1_643' title='bbox 101 4467 295 4514; x_wconf 77' lang='lat' dir='ltr'><strong><em>secretas</em></strong></span> <span class='ocrx_word' id='word_1_644' title='bbox 340 4462 588 4517; x_wconf 81' lang='lat' dir='ltr'><strong><em>manibus</em></strong></span> <span class='ocrx_word' id='word_1_645' title='bbox 634 4464 739 4517; x_wconf 83' lang='lat' dir='ltr'><strong><em>tuis</em></strong></span> <span class='ocrx_word' id='word_1_646' title='bbox 781 4463 1026 4532; x_wconf 78' lang='lat' dir='ltr'><strong><em>inuectis,</em></strong></span> <span class='ocrx_word' id='word_1_647' title='bbox 1062 4472 1112 4517; x_wconf 91' lang='lat' dir='ltr'><strong><em>et</em></strong></span> <span class='ocrx_word' id='word_1_648' title='bbox 1154 4462 1433 4533; x_wconf 79' lang='lat' dir='ltr'><strong><em>manifeste</em></strong></span> <span class='ocrx_word' id='word_1_649' title='bbox 1477 4462 1651 4533; x_wconf 83' lang='lat' dir='ltr'><strong><em>factus</em></strong></span> <span class='ocrx_word' id='word_1_650' title='bbox 1684 4472 1729 4536; x_wconf 72' lang='grc' dir='ltr'><strong><em>ι)</em></strong></span> <span class='ocrx_word' id='word_1_651' title='bbox 1757 4465 2044 4536; x_wconf 88' lang='lat' dir='ltr'><strong><em>recipiunt.</em></strong></span> <span class='ocrx_word' id='word_1_652' title='bbox 2087 4465 2390 4536; x_wconf 87' lang='lat' dir='ltr'><strong><em>Imperator</em></strong></span> <span class='ocrx_word' id='word_1_653' title='bbox 2417 4472 2626 4533; x_wconf 76' lang='lat' dir='ltr'><strong><em>autem,</em></strong></span> <span class='ocrx_word' id='word_1_654' title='bbox 2654 4470 2980 4538; x_wconf 77' lang='lat' dir='ltr'><strong><em>expugnatis</em></strong></span> <span class='ocrx_word' id='word_1_655' title='bbox 3014 4468 3343 4526; x_wconf 42' lang='lat' dir='ltr'><strong><em>munitionis</em></strong></span> 
     </span>
    </p>
   </div>
   <div class='ocr_carea' id='block_1_91' title="bbox 102 4549 1649 4623">
    <p class='ocr_par' dir='ltr' id='par_1_91' title="bbox 102 4549 1649 4623">
     <span class='ocr_line' id='line_1_91' title="bbox 102 4549 1649 4623; baseline 0.006 -22"><span class='ocrx_word' id='word_1_656' title='bbox 102 4549 220 4604; x_wconf 82' lang='lat' dir='ltr'><strong><em>nobis</em></strong></span> <span class='ocrx_word' id='word_1_657' title='bbox 238 4555 557 4623; x_wconf 86' lang='lat' dir='ltr'><strong><em>contrarius,</em></strong></span> <span class='ocrx_word' id='word_1_658' title='bbox 585 4555 954 4611; x_wconf 87' lang='lat' dir='ltr'><strong><em>cardinalibus</em></strong></span> <span class='ocrx_word' id='word_1_659' title='bbox 983 4573 1016 4610; x_wconf 91' lang='lat' dir='ltr'><strong><em>a</em></strong></span> <span class='ocrx_word' id='word_1_660' title='bbox 1046 4555 1209 4610; x_wconf 89' lang='lat' dir='ltr'><strong><em>latere</em></strong></span> <span class='ocrx_word' id='word_1_661' title='bbox 1231 4563 1409 4611; x_wconf 88' lang='lat' dir='ltr'><strong><em>nostro</em></strong></span> <span class='ocrx_word' id='word_1_662' title='bbox 1432 4556 1649 4611; x_wconf 88' lang='lat' dir='ltr'><strong><em>directis</em></strong></span> 
     </span>
    </p>
   </div>
   <div class='ocr_carea' id='block_1_92' title="bbox 103 4644 1649 4719">
    <p class='ocr_par' dir='ltr' id='par_1_92' title="bbox 103 4644 1649 4719">
     <span class='ocr_line' id='line_1_92' title="bbox 103 4644 1649 4719; baseline 0.005 -25"><span class='ocrx_word' id='word_1_663' title='bbox 103 4652 183 4694; x_wconf 74' lang='lat' dir='ltr'><strong><em>son</em></strong></span> <span class='ocrx_word' id='word_1_664' title='bbox 217 4644 377 4700; x_wconf 82' lang='lat' dir='ltr'><strong><em>solum</em></strong></span> <span class='ocrx_word' id='word_1_665' title='bbox 420 4645 697 4715; x_wconf 82' lang='lat' dir='ltr'><strong><em>ecclesias,</em></strong></span> <span class='ocrx_word' id='word_1_666' title='bbox 745 4648 837 4702; x_wconf 87' lang='lat' dir='ltr'><strong><em>sed</em></strong></span> <span class='ocrx_word' id='word_1_667' title='bbox 883 4649 1045 4703; x_wconf 87' lang='lat' dir='ltr'><strong><em>etiam</em></strong></span> <span class='ocrx_word' id='word_1_668' title='bbox 1089 4647 1329 4702; x_wconf 84' lang='lat' dir='ltr'><strong><em>civitates</em></strong></span> <span class='ocrx_word' id='word_1_669' title='bbox 1379 4648 1525 4719; x_wconf 87' lang='lat' dir='ltr'><strong><em>regni</em></strong></span> <span class='ocrx_word' id='word_1_670' title='bbox 1571 4649 1649 4701; x_wconf 89' lang='lat' dir='ltr'><strong><em>tui</em></strong></span> 
     </span>
    </p>
   </div>
   <div class='ocr_carea' id='block_1_93' title="bbox 102 4731 1647 4810">
    <p class='ocr_par' dir='ltr' id='par_1_93' title="bbox 102 4731 1647 4810">
     <span class='ocr_line' id='line_1_93' title="bbox 102 4731 1647 4810; baseline 0.005 -26"><span class='ocrx_word' id='word_1_671' title='bbox 102 4731 315 4791; x_wconf 79' lang='lat' dir='ltr'><strong><em>claudis?</em></strong></span> <span class='ocrx_word' id='word_1_672' title='bbox 348 4737 619 4810; x_wconf 83' lang='lat' dir='ltr'><strong><em>Resipisce</em></strong></span> <span class='ocrx_word' id='word_1_673' title='bbox 647 4739 834 4810; x_wconf 87' lang='lat' dir='ltr'><strong><em>igitur,</em></strong></span> <span class='ocrx_word' id='word_1_674' title='bbox 866 4739 1135 4809; x_wconf 87' lang='lat' dir='ltr'><strong><em>resipisce,</em></strong></span> <span class='ocrx_word' id='word_1_675' title='bbox 1163 4738 1261 4793; x_wconf 88' lang='lat' dir='ltr'><strong><em>tibi</em></strong></span> <span class='ocrx_word' id='word_1_676' title='bbox 1302 4737 1647 4806; x_wconf 87' lang='lat' dir='ltr'><strong><em>consulimus,</em></strong></span> 
     </span>
    </p>
   </div>
   <div class='ocr_carea' id='block_1_94' title="bbox 102 4824 1647 4891">
    <p class='ocr_par' dir='ltr' id='par_1_94' title="bbox 102 4824 1647 4891">
     <span class='ocr_line' id='line_1_94' title="bbox 102 4824 1647 4891; baseline 0.002 -10"><span class='ocrx_word' id='word_1_677' title='bbox 102 4824 202 4891; x_wconf 67' lang='lat' dir='ltr'><strong><em>quia</em></strong></span> <span class='ocrx_word' id='word_1_678' title='bbox 234 4829 353 4884; x_wconf 80' lang='lat' dir='ltr'><strong><em>dum</em></strong></span> <span class='ocrx_word' id='word_1_679' title='bbox 402 4849 438 4885; x_wconf 91' lang='lat' dir='ltr'><strong><em>a</em></strong></span> <span class='ocrx_word' id='word_1_680' title='bbox 483 4831 633 4886; x_wconf 87' lang='lat' dir='ltr'><strong><em>nobis</em></strong></span> <span class='ocrx_word' id='word_1_681' title='bbox 678 4831 1131 4886; x_wconf 87' lang='lat' dir='ltr'><strong><em>consecrationem</em></strong></span> <span class='ocrx_word' id='word_1_682' title='bbox 1166 4836 1219 4886; x_wconf 89' lang='lat' dir='ltr'><strong><em>et</em></strong></span> <span class='ocrx_word' id='word_1_683' title='bbox 1258 4846 1507 4886; x_wconf 87' lang='lat' dir='ltr'><strong><em>coronam</em></strong></span> <span class='ocrx_word' id='word_1_684' title='bbox 1537 4847 1647 4884; x_wconf 53' lang='lat' dir='ltr'><strong><em>meo</em></strong></span> 
     </span>
    </p>
   </div>
   <div class='ocr_carea' id='block_1_95' title="bbox 104 4917 1648 4993">
    <p class='ocr_par' dir='ltr' id='par_1_95' title="bbox 104 4917 1648 4993">
     <span class='ocr_line' id='line_1_95' title="bbox 104 4917 1648 4993; baseline 0.003 -23"><span class='ocrx_word' id='word_1_685' title='bbox 104 4917 259 4984; x_wconf 73' lang='lat' dir='ltr'><strong><em>tueris,</em></strong></span> <span class='ocrx_word' id='word_1_686' title='bbox 288 4920 414 4976; x_wconf 83' lang='lat' dir='ltr'><strong><em>dum</em></strong></span> <span class='ocrx_word' id='word_1_687' title='bbox 453 4922 761 4977; x_wconf 88' lang='lat' dir='ltr'><strong><em>inconcessa</em></strong></span> <span class='ocrx_word' id='word_1_688' title='bbox 789 4929 995 4993; x_wconf 88' lang='lat' dir='ltr'><strong><em>captas,</em></strong></span> <span class='ocrx_word' id='word_1_689' title='bbox 1035 4937 1097 4976; x_wconf 88' lang='lat' dir='ltr'><strong><em>ne</em></strong></span> <span class='ocrx_word' id='word_1_690' title='bbox 1142 4937 1388 4976; x_wconf 88' lang='lat' dir='ltr'><strong><em>concessa</em></strong></span> <span class='ocrx_word' id='word_1_691' title='bbox 1434 4920 1648 4991; x_wconf 89' lang='lat' dir='ltr'><strong><em>perdas,</em></strong></span> 
     </span>
    </p>
   </div>
   <div class='ocr_carea' id='block_1_96' title="bbox 105 5010 1647 5089">
    <p class='ocr_par' dir='ltr' id='par_1_96' title="bbox 105 5010 1647 5089">
     <span class='ocr_line' id='line_1_96' title="bbox 105 5010 1647 5089; baseline 0.003 -28"><span class='ocrx_word' id='word_1_692' title='bbox 105 5011 172 5060; x_wconf 76' lang='lat' dir='ltr'><strong><em>lue</em></strong></span> <span class='ocrx_word' id='word_1_693' title='bbox 193 5010 447 5089; x_wconf 84' lang='lat' dir='ltr'><strong><em>nobilitati</em></strong></span> <span class='ocrx_word' id='word_1_694' title='bbox 472 5014 738 5068; x_wconf 83' lang='lat' dir='ltr'><strong><em>timemus.</em></strong></span> <span class='ocrx_word' id='word_1_695' title='bbox 785 5013 930 5068; x_wconf 84' lang='lat' dir='ltr'><strong><em>Data</em></strong></span> <span class='ocrx_word' id='word_1_696' title='bbox 964 5012 1217 5068; x_wconf 88' lang='lat' dir='ltr'><strong><em>Preneste</em></strong></span> <span class='ocrx_word' id='word_1_697' title='bbox 1259 5012 1294 5067; x_wconf 91' lang='lat'><strong>8</strong></span> <span class='ocrx_word' id='word_1_698' title='bbox 1325 5010 1455 5067; x_wconf 84' lang='lat' dir='ltr'><strong><em>Kal.</em></strong></span> <span class='ocrx_word' id='word_1_699' title='bbox 1485 5011 1647 5066; x_wconf 78' lang='lat' dir='ltr'><strong><em>Julii.</em></strong></span> 
     </span>
    </p>
   </div>
   <div class='ocr_carea' id='block_1_97' title="bbox 104 5092 1653 5177">
    <p class='ocr_par' dir='ltr' id='par_1_97' title="bbox 104 5092 1653 5177">
     <span class='ocr_line' id='line_1_97' title="bbox 104 5092 1653 5177; baseline 0 -20"><span class='ocrx_word' id='word_1_700' title='bbox 104 5092 409 5175; x_wconf 74' lang='lat' dir='ltr'><strong><em>Reseriptum</em></strong></span> <span class='ocrx_word' id='word_1_701' title='bbox 437 5106 786 5177; x_wconf 87' lang='lat' dir='ltr'><strong><em>imperatoris</em></strong></span> <span class='ocrx_word' id='word_1_702' title='bbox 809 5107 878 5163; x_wconf 87' lang='lat' dir='ltr'><strong><em>ad</em></strong></span> <span class='ocrx_word' id='word_1_703' title='bbox 907 5105 1139 5162; x_wconf 89' lang='lat' dir='ltr'><strong><em>eundem</em></strong></span> <span class='ocrx_word' id='word_1_704' title='bbox 1167 5121 1179 5159; x_wconf 68' lang='grc' dir='ltr'>π</span> <span class='ocrx_word' id='word_1_705' title='bbox 1208 5105 1524 5160; x_wconf 87' lang='lat' dir='ltr'><strong><em>Fredericus</em></strong></span> <span class='ocrx_word' id='word_1_706' title='bbox 1553 5103 1653 5158; x_wconf 88' lang='lat' dir='ltr'><strong><em>Dei</em></strong></span> 
     </span>
    </p>
   </div>
   <div class='ocr_carea' id='block_1_98' title="bbox 105 5193 1649 5268">
    <p class='ocr_par' dir='ltr' id='par_1_98' title="bbox 105 5193 1649 5268">
     <span class='ocr_line' id='line_1_98' title="bbox 105 5193 1649 5268; baseline 0.004 -25"><span class='ocrx_word' id='word_1_707' title='bbox 105 5193 248 5256; x_wconf 79' lang='lat' dir='ltr'><strong><em>gratia</em></strong></span> <span class='ocrx_word' id='word_1_708' title='bbox 308 5197 669 5252; x_wconf 82' lang='lat' dir='ltr'><strong><em>Romanorum</em></strong></span> <span class='ocrx_word' id='word_1_709' title='bbox 737 5199 1027 5268; x_wconf 86' lang='lat' dir='ltr'><strong><em>imperator</em></strong></span> <span class='ocrx_word' id='word_1_710' title='bbox 1087 5212 1289 5267; x_wconf 87' lang='lat' dir='ltr'><strong><em>semper</em></strong></span> <span class='ocrx_word' id='word_1_711' title='bbox 1358 5202 1649 5266; x_wconf 82' lang='lat' dir='ltr'><strong><em>augustas,</em></strong></span> 
     </span>
    </p>
   </div>
   <div class='ocr_carea' id='block_1_99' title="bbox 105 5276 1649 5355">
    <p class='ocr_par' dir='ltr' id='par_1_99' title="bbox 105 5276 1649 5355">
     <span class='ocr_line' id='line_1_99' title="bbox 105 5276 1649 5355; baseline 0.004 -27"><span class='ocrx_word' id='word_1_712' title='bbox 105 5276 305 5338; x_wconf 75' lang='lat' dir='ltr'><strong><em>Adriano</em></strong></span> <span class='ocrx_word' id='word_1_713' title='bbox 327 5287 540 5342; x_wconf 78' lang='lat' dir='ltr'><strong><em>ecclesia</em></strong></span> <span class='ocrx_word' id='word_1_714' title='bbox 579 5286 839 5341; x_wconf 86' lang='lat' dir='ltr'><strong><em>catholice</em></strong></span> <span class='ocrx_word' id='word_1_715' title='bbox 875 5303 1081 5340; x_wconf 91' lang='lat' dir='ltr'><strong><em>summo</em></strong></span> <span class='ocrx_word' id='word_1_716' title='bbox 1112 5284 1374 5355; x_wconf 79' lang='lat' dir='ltr'><strong><em>pontiﬁci,</em></strong></span> <span class='ocrx_word' id='word_1_717' title='bbox 1408 5280 1649 5337; x_wconf 90' lang='lat' dir='ltr'><strong><em>omnibus</em></strong></span> 
     </span>
    </p>
   </div>
   <div class='ocr_carea' id='block_1_100' title="bbox 107 5370 1646 5453">
    <p class='ocr_par' dir='ltr' id='par_1_100' title="bbox 107 5370 1646 5453">
     <span class='ocr_line' id='line_1_100' title="bbox 107 5370 1646 5453; baseline 0.001 -23"><span class='ocrx_word' id='word_1_718' title='bbox 107 5370 317 5433; x_wconf 61' lang='lat' dir='ltr'><strong><em>dherere</em></strong></span> <span class='ocrx_word' id='word_1_719' title='bbox 340 5397 436 5452; x_wconf 86' lang='lat' dir='ltr'><strong><em>que</em></strong></span> <span class='ocrx_word' id='word_1_720' title='bbox 467 5383 603 5452; x_wconf 89' lang='lat' dir='ltr'><strong><em>cepit</em></strong></span> <span class='ocrx_word' id='word_1_721' title='bbox 626 5380 782 5437; x_wconf 76' lang='lat' dir='ltr'><strong><em>Iesus</em></strong></span> <span class='ocrx_word' id='word_1_722' title='bbox 812 5381 985 5453; x_wconf 77' lang='lat' dir='ltr'><strong><em>facere</em></strong></span> <span class='ocrx_word' id='word_1_723' title='bbox 1009 5388 1059 5435; x_wconf 88' lang='lat' dir='ltr'><strong><em>et</em></strong></span> <span class='ocrx_word' id='word_1_724' title='bbox 1089 5382 1292 5435; x_wconf 85' lang='lat' dir='ltr'><strong><em>docere.</em></strong></span> <span class='ocrx_word' id='word_1_725' title='bbox 1342 5378 1454 5433; x_wconf 75' lang='lat' dir='ltr'><strong><em>Lex</em></strong></span> <span class='ocrx_word' id='word_1_726' title='bbox 1475 5378 1646 5448; x_wconf 86' lang='lat' dir='ltr'><strong><em>justi-</em></strong></span> 
     </span>
    </p>
   </div>
   <div class='ocr_carea' id='block_1_101' title="bbox 106 5463 1646 5544">
    <p class='ocr_par' dir='ltr' id='par_1_101' title="bbox 106 5463 1646 5544">
     <span class='ocr_line' id='line_1_101' title="bbox 106 5463 1646 5544; baseline 0.006 -32"><span class='ocrx_word' id='word_1_727' title='bbox 106 5463 168 5516; x_wconf 85' lang='lat' dir='ltr'><strong><em>cie</em></strong></span> <span class='ocrx_word' id='word_1_728' title='bbox 200 5470 460 5544; x_wconf 82' lang='lat' dir='ltr'><strong><em>unicuique</em></strong></span> <span class='ocrx_word' id='word_1_729' title='bbox 488 5474 628 5544; x_wconf 89' lang='lat' dir='ltr'><strong><em>quod</em></strong></span> <span class='ocrx_word' id='word_1_730' title='bbox 653 5491 806 5528; x_wconf 88' lang='lat' dir='ltr'><strong><em>suum</em></strong></span> <span class='ocrx_word' id='word_1_731' title='bbox 840 5483 917 5528; x_wconf 90' lang='lat' dir='ltr'><strong><em>est</em></strong></span> <span class='ocrx_word' id='word_1_732' title='bbox 950 5474 1198 5528; x_wconf 86' lang='lat' dir='ltr'><strong><em>restituit.</em></strong></span> <span class='ocrx_word' id='word_1_733' title='bbox 1233 5469 1356 5526; x_wconf 87' lang='lat' dir='ltr'><strong><em>Non</em></strong></span> <span class='ocrx_word' id='word_1_734' title='bbox 1381 5470 1523 5525; x_wconf 88' lang='lat' dir='ltr'><strong><em>enim</em></strong></span> <span class='ocrx_word' id='word_1_735' title='bbox 1549 5485 1646 5539; x_wconf 90' lang='lat' dir='ltr'><strong><em>pa-</em></strong></span> 
     </span>
    </p>
   </div>
   <div class='ocr_carea' id='block_1_102' title="bbox 109 5560 1644 5639">
    <p class='ocr_par' dir='ltr' id='par_1_102' title="bbox 109 5560 1644 5639">
     <span class='ocr_line' id='line_1_102' title="bbox 109 5560 1644 5639; baseline 0.003 -22"><span class='ocrx_word' id='word_1_736' title='bbox 109 5560 303 5618; x_wconf 61' lang='lat' dir='ltr'><strong><em>iﬂtlibus</em></strong></span> <span class='ocrx_word' id='word_1_737' title='bbox 322 5568 510 5621; x_wconf 84' lang='lat' dir='ltr'><strong><em>nostris</em></strong></span> <span class='ocrx_word' id='word_1_738' title='bbox 528 5566 864 5639; x_wconf 87' lang='lat' dir='ltr'><strong><em>derogamus,</em></strong></span> <span class='ocrx_word' id='word_1_739' title='bbox 883 5567 1071 5637; x_wconf 86' lang='lat' dir='ltr'><strong><em>quibus</em></strong></span> <span class='ocrx_word' id='word_1_740' title='bbox 1095 5566 1151 5619; x_wconf 88' lang='lat' dir='ltr'><strong><em>in</em></strong></span> <span class='ocrx_word' id='word_1_741' title='bbox 1167 5565 1262 5618; x_wconf 87' lang='lat' dir='ltr'><strong><em>hoc</em></strong></span> <span class='ocrx_word' id='word_1_742' title='bbox 1287 5580 1443 5635; x_wconf 90' lang='lat' dir='ltr'><strong><em>regno</em></strong></span> <span class='ocrx_word' id='word_1_743' title='bbox 1465 5575 1644 5622; x_wconf 87' lang='lat' dir='ltr'><strong><em>nostra</em></strong></span> 
     </span>
    </p>
   </div>
   <div class='ocr_carea' id='block_1_103' title="bbox 1755 4557 3342 4634">
    <p class='ocr_par' dir='ltr' id='par_1_103' title="bbox 1755 4557 3342 4634">
     <span class='ocr_line' id='line_1_103' title="bbox 1755 4557 3342 4634; baseline 0.002 -20"><span class='ocrx_word' id='word_1_744' title='bbox 1755 4558 1860 4614; x_wconf 90' lang='lat' dir='ltr'><strong><em>bus</em></strong></span> <span class='ocrx_word' id='word_1_745' title='bbox 1899 4573 2007 4629; x_wconf 87' lang='lat' dir='ltr'><strong><em>que</em></strong></span> <span class='ocrx_word' id='word_1_746' title='bbox 2043 4566 2234 4613; x_wconf 87' lang='lat' dir='ltr'><strong><em>contra</em></strong></span> <span class='ocrx_word' id='word_1_747' title='bbox 2264 4568 2324 4613; x_wconf 88' lang='lat' dir='ltr'><strong><em>se</em></strong></span> <span class='ocrx_word' id='word_1_748' title='bbox 2351 4567 2526 4625; x_wconf 90' lang='lat' dir='ltr'><strong><em>erant,</em></strong></span> <span class='ocrx_word' id='word_1_749' title='bbox 2552 4557 2918 4625; x_wconf 85' lang='lat' dir='ltr'><strong><em>Mediolanum</em></strong></span> <span class='ocrx_word' id='word_1_750' title='bbox 2939 4558 3169 4616; x_wconf 84' lang='lat' dir='ltr'><strong><em>obsidet.</em></strong></span> <span class='ocrx_word' id='word_1_751' title='bbox 3203 4560 3342 4634; x_wconf 86' lang='lat' dir='ltr'><strong><em>(1b.)</em></strong></span> 
     </span>
    </p>
   </div>
   <div class='ocr_carea' id='block_1_104' title="bbox 1757 4640 3344 4709">
    <p class='ocr_par' dir='ltr' id='par_1_104' title="bbox 1757 4640 3344 4709">
     <span class='ocr_line' id='line_1_104' title="bbox 1757 4640 3344 4709; baseline 0.004 -6"><span class='ocrx_word' id='word_1_752' title='bbox 1757 4644 2127 4705; x_wconf 83' lang='lat' dir='ltr'><strong><em>Theodericus</em></strong></span> <span class='ocrx_word' id='word_1_753' title='bbox 2182 4664 2366 4705; x_wconf 89' lang='lat' dir='ltr'><strong><em>comes</em></strong></span> <span class='ocrx_word' id='word_1_754' title='bbox 2408 4648 2664 4705; x_wconf 80' lang='lat' dir='ltr'><strong><em>Flandrie</em></strong></span> <span class='ocrx_word' id='word_1_755' title='bbox 2707 4640 2876 4705; x_wconf 89' lang='lat' dir='ltr'><strong><em>tercio</em></strong></span> <span class='ocrx_word' id='word_1_756' title='bbox 2926 4649 3344 4709; x_wconf 89' lang='lat' dir='ltr'><strong><em>Iherosolimam</em></strong></span> 
     </span>
    </p>
   </div>
   <div class='ocr_carea' id='block_1_105' title="bbox 1757 4738 3342 4813">
    <p class='ocr_par' dir='ltr' id='par_1_105' title="bbox 1757 4738 3342 4813">
     <span class='ocr_line' id='line_1_105' title="bbox 1757 4738 3342 4813; baseline 0.003 -18"><span class='ocrx_word' id='word_1_757' title='bbox 1757 4739 1892 4812; x_wconf 88' lang='lat' dir='ltr'><strong><em>petit</em></strong></span> <span class='ocrx_word' id='word_1_758' title='bbox 1915 4755 2039 4797; x_wconf 91' lang='lat' dir='ltr'><strong><em>cum</em></strong></span> <span class='ocrx_word' id='word_1_759' title='bbox 2085 4740 2275 4796; x_wconf 84' lang='lat' dir='ltr'><strong><em>Sibilla</em></strong></span> <span class='ocrx_word' id='word_1_760' title='bbox 2304 4740 2555 4813; x_wconf 81' lang='lat' dir='ltr'><strong><em>conjuge.</em></strong></span> <span class='ocrx_word' id='word_1_761' title='bbox 2592 4738 2727 4797; x_wconf 87' lang='lat' dir='ltr'><strong><em>Post</em></strong></span> <span class='ocrx_word' id='word_1_762' title='bbox 2758 4754 2994 4812; x_wconf 86' lang='lat' dir='ltr'><strong><em>quorum</em></strong></span> <span class='ocrx_word' id='word_1_763' title='bbox 3031 4742 3342 4800; x_wconf 78' lang='lat' dir='ltr'><strong><em>discessum</em></strong></span> 
     </span>
    </p>
   </div>
   <div class='ocr_carea' id='block_1_106' title="bbox 1756 4830 3343 4906">
    <p class='ocr_par' dir='ltr' id='par_1_106' title="bbox 1756 4830 3343 4906">
     <span class='ocr_line' id='line_1_106' title="bbox 1756 4830 3343 4906; baseline 0 -17"><span class='ocrx_word' id='word_1_764' title='bbox 1756 4830 2040 4905; x_wconf 87' lang='lat' dir='ltr'><strong><em>Philippus</em></strong></span> <span class='ocrx_word' id='word_1_765' title='bbox 2083 4833 2229 4890; x_wconf 82' lang='lat' dir='ltr'><strong><em>ﬁlius</em></strong></span> <span class='ocrx_word' id='word_1_766' title='bbox 2271 4849 2462 4890; x_wconf 89' lang='lat' dir='ltr'><strong><em>eorum</em></strong></span> <span class='ocrx_word' id='word_1_767' title='bbox 2509 4833 2774 4890; x_wconf 84' lang='lat' dir='ltr'><strong><em>adversus</em></strong></span> <span class='ocrx_word' id='word_1_768' title='bbox 2822 4832 3080 4906; x_wconf 84' lang='lat' dir='ltr'><strong><em>Symonis</em></strong></span> <span class='ocrx_word' id='word_1_769' title='bbox 3107 4835 3175 4891; x_wconf 86' lang='lat' dir='ltr'><strong><em>de</em></strong></span> <span class='ocrx_word' id='word_1_770' title='bbox 3220 4832 3343 4891; x_wconf 80' lang='grc' dir='ltr'><strong><em>Οἰιί</em></strong></span> 
     </span>
    </p>
   </div>
   <div class='ocr_carea' id='block_1_107' title="bbox 1758 4926 3343 4983">
    <p class='ocr_par' dir='ltr' id='par_1_107' title="bbox 1758 4926 3343 4983">
     <span class='ocr_line' id='line_1_107' title="bbox 1758 4926 3343 4983; baseline -0.001 -1"><span class='ocrx_word' id='word_1_771' title='bbox 1758 4926 1861 4982; x_wconf 88' lang='lat' dir='ltr'><strong><em>sibi</em></strong></span> <span class='ocrx_word' id='word_1_772' title='bbox 1890 4927 2064 4983; x_wconf 88' lang='lat' dir='ltr'><strong><em>subici</em></strong></span> <span class='ocrx_word' id='word_1_773' title='bbox 2093 4927 2327 4982; x_wconf 89' lang='lat' dir='ltr'><strong><em>nolentis</em></strong></span> <span class='ocrx_word' id='word_1_774' title='bbox 2353 4927 2755 4982; x_wconf 87' lang='lat' dir='ltr'><strong><em>contumaciam</em></strong></span> <span class='ocrx_word' id='word_1_775' title='bbox 2792 4926 3155 4983; x_wconf 84' lang='lat' dir='ltr'><strong><em>edomandam</em></strong></span> <span class='ocrx_word' id='word_1_776' title='bbox 3184 4941 3343 4983; x_wconf 83' lang='lat' dir='ltr'><strong><em>exer-</em></strong></span> 
     </span>
    </p>
   </div>
   <div class='ocr_carea' id='block_1_108' title="bbox 1759 5014 3344 5089">
    <p class='ocr_par' dir='ltr' id='par_1_108' title="bbox 1759 5014 3344 5089">
     <span class='ocr_line' id='line_1_108' title="bbox 1759 5014 3344 5089; baseline -0.001 -15"><span class='ocrx_word' id='word_1_777' title='bbox 1759 5018 1928 5074; x_wconf 90' lang='lat' dir='ltr'><strong><em>citum</em></strong></span> <span class='ocrx_word' id='word_1_778' title='bbox 1969 5018 2156 5085; x_wconf 89' lang='lat' dir='ltr'><strong><em>ducit,</em></strong></span> <span class='ocrx_word' id='word_1_779' title='bbox 2210 5028 2265 5073; x_wconf 92' lang='lat' dir='ltr'><strong><em>et</em></strong></span> <span class='ocrx_word' id='word_1_780' title='bbox 2317 5014 2429 5074; x_wconf 88' lang='lat' dir='ltr'><strong><em>Inci</em></strong></span> <span class='ocrx_word' id='word_1_781' title='bbox 2484 5019 2770 5074; x_wconf 84' lang='lat' dir='ltr'><strong><em>castellum</em></strong></span> <span class='ocrx_word' id='word_1_782' title='bbox 2820 5016 3035 5074; x_wconf 87' lang='lat' dir='ltr'><strong><em>obsidet</em></strong></span> <span class='ocrx_word' id='word_1_783' title='bbox 3084 5026 3139 5075; x_wconf 89' lang='lat' dir='ltr'><strong><em>et</em></strong></span> <span class='ocrx_word' id='word_1_784' title='bbox 3193 5019 3344 5089; x_wconf 82' lang='lat' dir='ltr'><strong><em>capit</em></strong></span> 
     </span>
    </p>
   </div>
   <div class='ocr_carea' id='block_1_109' title="bbox 1756 5105 3351 5179">
    <p class='ocr_par' dir='ltr' id='par_1_109' title="bbox 1756 5105 3351 5179">
     <span class='ocr_line' id='line_1_109' title="bbox 1756 5105 3351 5179; baseline 0.001 -17"><span class='ocrx_word' id='word_1_785' title='bbox 1756 5106 1959 5162; x_wconf 89' lang='lat' dir='ltr'><strong><em>Contra</em></strong></span> <span class='ocrx_word' id='word_1_786' title='bbox 1990 5105 2326 5162; x_wconf 85' lang='lat' dir='ltr'><strong><em>Ludovicum</em></strong></span> <span class='ocrx_word' id='word_1_787' title='bbox 2351 5123 2532 5179; x_wconf 80' lang='lat' dir='ltr'><strong><em>regem</em></strong></span> <span class='ocrx_word' id='word_1_788' title='bbox 2571 5106 2912 5164; x_wconf 88' lang='lat' dir='ltr'><strong><em>Francorum</em></strong></span> <span class='ocrx_word' id='word_1_789' title='bbox 2952 5109 3248 5166; x_wconf 89' lang='lat' dir='ltr'><strong><em>commotio</em></strong></span> <span class='ocrx_word' id='word_1_790' title='bbox 3286 5115 3351 5172; x_wconf 65' lang='lat' dir='ltr'><strong><em>et</em></strong></span> 
     </span>
    </p>
   </div>
   <div class='ocr_carea' id='block_1_110' title="bbox 1756 5194 3049 5271">
    <p class='ocr_par' dir='ltr' id='par_1_110' title="bbox 1756 5194 3049 5271">
     <span class='ocr_line' id='line_1_110' title="bbox 1756 5194 3049 5271; baseline 0.001 -18"><span class='ocrx_word' id='word_1_791' title='bbox 1756 5198 2008 5253; x_wconf 88' lang='lat' dir='ltr'><strong><em>simultas</em></strong></span> <span class='ocrx_word' id='word_1_792' title='bbox 2036 5194 2257 5252; x_wconf 83' lang='lat' dir='ltr'><strong><em>Henrici</em></strong></span> <span class='ocrx_word' id='word_1_793' title='bbox 2284 5198 2428 5270; x_wconf 88' lang='lat' dir='ltr'><strong><em>regis</em></strong></span> <span class='ocrx_word' id='word_1_794' title='bbox 2457 5199 2756 5271; x_wconf 77' lang='lat' dir='ltr'><strong><em>Anglorum</em></strong></span> <span class='ocrx_word' id='word_1_795' title='bbox 2782 5200 3049 5256; x_wconf 81' lang='lat' dir='ltr'><strong><em>exoritur.</em></strong></span> 
     </span>
    </p>
   </div>
   <div class='ocr_carea' id='block_1_111' title="bbox 1907 5289 3159 5347">
    <p class='ocr_par' dir='ltr' id='par_1_111' title="bbox 1907 5289 3159 5347">
     <span class='ocr_line' id='line_1_111' title="bbox 1907 5289 3159 5347; baseline -0.001 -3"><span class='ocrx_word' id='word_1_796' title='bbox 1907 5289 2064 5345; x_wconf 70' lang='grc'><strong>1158.</strong></span> <span class='ocrx_word' id='word_1_797' title='bbox 2279 5290 2332 5346; x_wconf 87' lang='lat'><strong><em>6.</em></strong></span> <span class='ocrx_word' id='word_1_798' title='bbox 2515 5292 2605 5346; x_wconf 74' lang='lat'><strong><em>23.</em></strong></span> <span class='ocrx_word' id='word_1_799' title='bbox 2702 5296 2712 5303; x_wconf 84' lang='grc'><strong>’</strong></span> <span class='ocrx_word' id='word_1_800' title='bbox 2842 5292 2897 5347; x_wconf 77' lang='grc'><strong>4.</strong></span> <span class='ocrx_word' id='word_1_801' title='bbox 3072 5291 3159 5344; x_wconf 82' lang='grc'><strong>15.</strong></span> 
     </span>
    </p>
   </div>
   <div class='ocr_carea' id='block_1_112' title="bbox 1826 5380 3335 5454">
    <p class='ocr_par' dir='ltr' id='par_1_112' title="bbox 1826 5380 3335 5454">
     <span class='ocr_line' id='line_1_112' title="bbox 1826 5380 3335 5454; baseline 0 -18"><span class='ocrx_word' id='word_1_802' title='bbox 1826 5381 2099 5439; x_wconf 82' lang='lat' dir='ltr'><strong><em>Adrianus</em></strong></span> <span class='ocrx_word' id='word_1_803' title='bbox 2122 5398 2261 5454; x_wconf 88' lang='lat' dir='ltr'><strong><em>papa</em></strong></span> <span class='ocrx_word' id='word_1_804' title='bbox 2288 5399 2411 5439; x_wconf 91' lang='lat' dir='ltr'><strong><em>eum</em></strong></span> <span class='ocrx_word' id='word_1_805' title='bbox 2438 5384 2811 5440; x_wconf 87' lang='lat' dir='ltr'><strong><em>cardinalibus</em></strong></span> <span class='ocrx_word' id='word_1_806' title='bbox 2840 5383 2958 5439; x_wconf 91' lang='lat' dir='ltr'><strong><em>suis</em></strong></span> <span class='ocrx_word' id='word_1_807' title='bbox 2985 5380 3177 5436; x_wconf 86' lang='lat' dir='ltr'><strong><em>habito</em></strong></span> <span class='ocrx_word' id='word_1_808' title='bbox 3200 5390 3335 5436; x_wconf 88' lang='lat' dir='ltr'><strong><em>eon-</em></strong></span> 
     </span>
    </p>
   </div>
   <div class='ocr_carea' id='block_1_113' title="bbox 1754 5470 3335 5547">
    <p class='ocr_par' dir='ltr' id='par_1_113' title="bbox 1754 5470 3335 5547">
     <span class='ocr_line' id='line_1_113' title="bbox 1754 5470 3335 5547; baseline 0 -20"><span class='ocrx_word' id='word_1_809' title='bbox 1754 5470 1899 5541; x_wconf 91' lang='lat' dir='ltr'><strong><em>silio,</em></strong></span> <span class='ocrx_word' id='word_1_810' title='bbox 1946 5473 2296 5531; x_wconf 87' lang='lat' dir='ltr'><strong><em>Fredericum</em></strong></span> <span class='ocrx_word' id='word_1_811' title='bbox 2342 5476 2748 5547; x_wconf 85' lang='lat' dir='ltr'><strong><em>imperatorem,</em></strong></span> <span class='ocrx_word' id='word_1_812' title='bbox 2784 5474 2879 5546; x_wconf 89' lang='lat' dir='ltr'><strong><em>qui</em></strong></span> <span class='ocrx_word' id='word_1_813' title='bbox 2900 5474 3117 5528; x_wconf 81' lang='lat' dir='ltr'><strong><em>vivente</em></strong></span> <span class='ocrx_word' id='word_1_814' title='bbox 3162 5483 3335 5527; x_wconf 80' lang='lat' dir='ltr'><strong><em>uxore</em></strong></span> 
     </span>
    </p>
   </div>
   <div class='ocr_carea' id='block_1_114' title="bbox 1754 5551 3332 5638">
    <p class='ocr_par' dir='ltr' id='par_1_114' title="bbox 1754 5551 3332 5638">
     <span class='ocr_line' id='line_1_114' title="bbox 1754 5551 3332 5638; baseline -0.003 -17"><span class='ocrx_word' id='word_1_815' title='bbox 1754 5581 1855 5621; x_wconf 89' lang='lat' dir='ltr'><strong><em>sua</em></strong></span> <span class='ocrx_word' id='word_1_816' title='bbox 1895 5567 2059 5621; x_wconf 88' lang='lat' dir='ltr'><strong><em>aliam</em></strong></span> <span class='ocrx_word' id='word_1_817' title='bbox 2100 5568 2525 5638; x_wconf 68' lang='lat' dir='ltr'><strong><em>&#39;superduxerat,</em></strong></span> <span class='ocrx_word' id='word_1_818' title='bbox 2565 5565 3027 5629; x_wconf 84' lang='lat' dir='ltr'><strong><em>excommunicat,</em></strong></span> <span class='ocrx_word' id='word_1_819' title='bbox 3075 5560 3182 5619; x_wconf 76' lang='lat' dir='ltr'><strong><em>sub</em></strong></span> <span class='ocrx_word' id='word_1_820' title='bbox 3225 5551 3332 5617; x_wconf 58' lang='lat' dir='ltr'><strong><em>he}</em></strong></span> 
     </span>
    </p>
   </div>
   <div class='ocr_carea' id='block_1_115' title="bbox 160 5652 1903 5816">
    <p class='ocr_par' dir='ltr' id='par_1_115' title="bbox 160 5652 1903 5816">
     <span class='ocr_line' id='line_1_115' title="bbox 160 5652 1903 5816; baseline 0.006 -25"><span class='ocrx_word' id='word_1_821' title='bbox 160 5730 294 5807; x_wconf 72' lang='grc' dir='ltr'><strong><em>(ωδ)</em></strong></span> <span class='ocrx_word' id='word_1_822' title='bbox 319 5736 561 5795; x_wconf 85' lang='lat' dir='ltr'><strong><em>Imitatur</em></strong></span> <span class='ocrx_word' id='word_1_823' title='bbox 599 5737 766 5794; x_wconf 86' lang='lat' dir='ltr'><strong><em>verba</em></strong></span> <span class='ocrx_word' id='word_1_824' title='bbox 817 5735 1086 5811; x_wconf 82' lang='lat' dir='ltr'><strong><em>Sigeberti</em></strong></span> <span class='ocrx_word' id='word_1_825' title='bbox 1121 5739 1189 5800; x_wconf 89' lang='lat' dir='ltr'><strong><em>de</em></strong></span> <span class='ocrx_word' id='word_1_826' title='bbox 1232 5743 1496 5816; x_wconf 83' lang='lat' dir='ltr'><strong><em>Gregorio</em></strong></span> <span class='ocrx_word' id='word_1_827' title='bbox 1525 5652 1903 5814; x_wconf 41' lang='lat' dir='ltr'><strong><em>“ngrid</em></strong></span> 
     </span>
    </p>
   </div>
   <div class='ocr_carea' id='block_1_116' title="bbox 458 5829 963 5898">
    <p class='ocr_par' dir='ltr' id='par_1_116' title="bbox 458 5829 963 5898">
     <span class='ocr_line' id='line_1_116' title="bbox 458 5829 963 5898; baseline 0.012 -6"><span class='ocrx_word' id='word_1_828' title='bbox 458 5831 733 5894; x_wconf 74' lang='lat' dir='ltr'><strong><em>PATROL.</em></strong></span> <span class='ocrx_word' id='word_1_829' title='bbox 780 5829 963 5898; x_wconf 75' lang='lat' dir='ltr'><strong><em>CLX.</em></strong></span> 
     </span>
    </p>
   </div>
   <div class='ocr_carea' id='block_1_117' title="bbox 2937 5830 3012 5893">
    <p class='ocr_par' dir='ltr' id='par_1_117' title="bbox 2937 5830 3012 5893">
     <span class='ocr_line' id='line_1_117' title="bbox 2937 5830 3012 5893; baseline 0 0"><span class='ocrx_word' id='word_1_830' title='bbox 2937 5830 3012 5893; x_wconf 59' lang='grc' dir='ltr'><strong><em>ιο</em></strong></span> 
     </span>
    </p>
   </div>
  </div>
