3914 6314
492 311 633 405 199,
1635 294 1996 371 Staseam
2037 305 2569 367 GEMBLACENSIS
3666 299 3768 357 se.

493 455 742 521 optentu,
774 452 836 500 ιιι
865 421 1132 513 primates
1151 432 1304 507 regni
1327 432 1488 505 qttasi
1508 428 1659 504 jtista
1688 446 1754 486 ex
1781 425 1951 485 causa
1982 442 2081 483 ex-
2112 413 2161 487 Α
2185 427 2329 500 regis
2350 426 2651 497 Anglorum
2688 410 3045 521 abbatissam
3065 410 3280 521 raptam
3434 418 3769 521 monasterio
3840 478 3844 482 ,

493 507 905 598 communicato
945 530 1060 603 regi
1106 525 1505 585 contradieant.
1551 515 1826 579 Adrianus
1862 534 2002 592 papa
2027 522 2083 576 et
2184 518 2280 603 ubi
2303 518 2423 583 erat
2451 516 2561 572 De'o
2590 524 2802 572 saerata
2822 528 2919 584 per
2940 511 3255 567 violentiam
3277 510 3423 580 regis
3448 507 3767 603 Anglorum,

492 645 688 690 omnes
704 600 1269 683 cardinalesvﬁomani
1292 625 1473 689 preter
1493 623 1733 687 quatuor
1744 613 2083 669 Willelmum
2183 602 2335 666 ducit
2361 614 2612 677 uxorem”,
2648 611 2702 663 et'
2721 612 2817 679 per
2838 622 2959 662 eam
2990 605 3199 676 optinet
3226 603 3555 659 comitatum
3615 600 3771 656 Bolo-

495 737 683 795 regem
711 717 897 774 Sicilie
927 714 995 771 ad
1025 710 1364 785 regnandum
1396 708 1453 764 in
1474 706 1630 763 Italia
1665 713 1857 762 contra
1881 703 2083 758 Frede-
2185 702 2452 758 niensem.
2478 700 2596 768 Qua
2623 700 2692 755 de
2718 714 2886 755 causa
2928 714 2960 752 a
2999 693 3249 752 Sansonc
3272 691 3771 795 Remurttmarelti-

493 816 673 872 ricum
716 812 1109 882 imperatorem
1154 803 1405 868 invitant,
1453 800 1626 856 misso
1657 799 1708 855 ei
1736 814 1835 870 per
1869 795 2088 853 Bollan-

495 906 629 962 dum
660 899 1051 958 cancellarium
1091 894 1236 951 beati
1263 892 1410 948 Petri
1451 890 1670 946 vexillo.
1696 887 1835 944 Huic
1859 884 2085 943 factioni

495 1010 611 1052 non
647 995 1052 1049 consenserunt
1082 985 1295 1041 Imerus
1321 983 1613 1054 episcopus
1640 979 2006 1045 Tusculanus,
2032 988 2087 1033 et

492 1083 837 1141 Octovianus
859 1079 1145 1152 presbyter
1166 1074 1458 1132 cardinalis
1482 1074 1620 1128 tituli
1646 1071 1845 1127 Sancte
1864 1071 2084 1138 Cecilic,

503 1175 662 1232 Wido
699 1176 1092 1233 Cremonensis
1144 1174 1427 1231 Iohannes
1469 1175 1536 1229 de
1583 1171 1787 1228 Sancto
1828 1169 2082 1225 Martino.

496 1265 677 1339 (Auct.
743 1266 973 1338 Aquit.)
1028 1266 1316 1339 Philippus
1357 1280 1543 1321 comes
1598 1262 1889 1329 Flandrie,
1941 1261 2087 1317 Iiliu‘s

496 1356 842 1425 Theoderici,
886 1357 1137 1413 navalem
1182 1356 1585 1428 expeditionem
1635 1353 1787 1409 ducit
1826 1353 2089 1409 adversus

496 1443 902 1502 Theodericum
930 1446 1188 1502 comitem
1210 1444 1500 1502 Hollandie
1527 1454 1580 1500 et
1604 1443 1811 1515 piratas
1841 1443 1944 1499 sub
1968 1442 2089 1513 ejus

498 1539 732 1594 tuitione
756 1540 1034 1610 degentes,
1059 1548 1113 1595 et
1138 1539 1379 1611 acceptis
1403 1538 1686 1596 obsidibus
1708 1537 1882 1593 victor
1909 1550 2090 1593 rever-

496 1631 655 1700 titur,
681 1640 736 1686 ct
757 1631 999 1687 Beverne
1022 1632 1312 1687 comburit.

569 1723 730 1778 1159.
845 1722 910 1777 Β.
957 1723 1007 1778 7.
1119 1723 1313 1779 F.2d.
1421 1722 1583 1779 A.5.
1694 1720 1759 1778 Η.
1801 1720 1889 1777 16.

571 1813 842 1871 Henricus
898 1831 995 1870 rex
1030 1814 1332 1886 Anglorum
1385 1824 1509 1886 post
1559 1814 1813 1884 adeptum
1861 1826 2091 1884 regnum

495 1915 640 1965 ultra
680 1923 740 1962 se
765 1907 963 1973 elatus,
997 1907 1144 1977 quod
1172 1907 1264 1961 diu
1296 1915 1478 1963 mente
1515 1915 1866 1976 conceperat,
1901 1912 2091 1960 contra

495 1981 836 2053 Lutlovicum
862 2013 1046 2069 regem
1070 1997 1409 2055 Francorum
1434 1991 1675 2054 rebellat.
1710 1997 1836 2066 Qui,
1863 2013 2093 2068 congre-

498 2097 627 2162 gato
659 2089 922 2156 exercitu,
945 2088 1300 2160 Aquitaniam
1349 2090 1586 2157 transiit,
1633 2100 1687 2146 et
1716 2090 1906 2145 urbem
1931 2088 2093 2143 Tolo-

497 2197 621 2237 sam
648 2181 934 2238 obsidione
970 2182 1160 2237 cinxit.
1205 2183 1324 2238 Rex
1377 2191 1560 2238 autem
1592 2182 1929 2238 Francorum
1965 2198 2092 2238 cum

496 2272 617 2329 suis
640 2272 928 2339 militibus,
963 2274 1285 2345 priusquam
1318 2274 1679 2341 obsideretur,
1705 2276 1976 2331 civitatem
1991 2283 2090 2347 po-

498 2370 676 2418 tenter
704 2363 987 2433 ingressus
1032 2372 1137 2432 est,
1191 2372 1246 2420 et
1275 2377 1307 2420 a
1357 2366 1556 2420 comite
1588 2363 1774 2420 Sancti
1798 2365 1972 2437 Egidii
1996 2378 2093 2422 seu

497 2456 713 2512 civibus
736 2470 862 2511 cum
904 2472 1105 2529 magno
1143 2459 1341 2530 gaudio
1368 2468 1656 2530 susceptus
1677 2467 1779 2515 est.
1813 2457 1968 2526 Quod
1998 2475 2095 2514 rex

496 2549 805 2620 Anglorum
830 2565 1081 2617 cernens,
1127 2559 1184 2606 et
1211 2567 1403 2606 eorum
1428 2550 1779 2607 concOrdiam
1805 2558 1859 2607 et
1883 2550 2094 2606 stabili;

497 2646 671 2696 tatem
696 2641 909 2707 videns,
934 2640 1187 2709 indoluit,
1239 2642 1560 2713 veritusque
1579 2643 1726 2713 regis
1771 2641 2092 2712 potentiam,

494 2729 746 2786 incilicax
779 2731 960 2786 rediit.
988 2732 1168 2803 (Auct.
1208 2732 1425 2804 Aquic.)
1489 2732 1861 2789 Theodericus
1910 2748 2095 2790 comes

494 2821 772 2877 Flandriae
800 2814 967 2879 tercia
1000 2824 1119 2880 vice
1169 2823 1536 2881 Jlterosolima
1559 2825 1868 2881 revertitur.
1908 2824 2096 2881 Sibilla’

494 2921 678 2970 autem
701 2916 983 2973 comitissa
1005 2916 1206 2972 ibidem
1236 2918 1538 2985 remansit,
1570 2926 1625 2973 et
1652 2917 1842 2973 habitu
1872 2919 2095 2989 religio—

493 3009 583 3064 nis
611 3009 756 3081 apud
788 3009 1052 3065 Sanctum
1078 3010 1350 3067 Lazarum
1384 3001 1690 3083 assumpto,
1720 3011 1923 3069 ibidem
1966 3028 2095 3067 san-

494 3109 586 3157 cto
607 3101 716 3159 ﬁne
742 3090 949 3174 quievit
985 3094 1160 3175 (404).

569 3193 734 3250 1160.
957 3194 1012 3249 8.
1226 3182 1320 3250 23.
1539 3194 1595 3252 6.
1812 3196 1901 3252 17.

565 3284 811 3341 Adriano
822 3302 961 3357 papa
972 3284 1232 3342 defuncto
1255 3285 1429 3358 (405),
1447 3283 1772 3357 Alexander,
1796 3289 1891 3360 qui
1903 3299 1957 3345 et
1966 3288 2097 3345 Rol-

497 3376 703 3434 Iaudus
724 3378 1086 3434 cancellarius
1108 3377 1373 3434 Romana:
1408 3380 1660 3449 ecclesie,
1692 3382 1977 3437 ordinatur
1994 3398 2095 3453 pa-

494 3483 590 3539 pa,
621 3477 745 3539 post
774 3469 995 3526 beatum
1021 3469 1247 3526 Petrum
1280 3470 1441 3525 168'"
1501 3468 1594 3542 (cf.
1650 3471 1809 3528 Auct.
1852 3471 2091 3545 Aquic.).

495 3555 702 3613 Contra
724 3575 887 3629 quem
920 3557 1255 3617 Octovianus
1304 3562 1572 3633 presbiter
1610 3563 1904 3621 cardinalis
1951 3565 2095 3621 tituli

498 3648 699 3707 Sancte
726 3650 949 3719 Cecilie,
988 3663 1251 3725 papatum
1307 3655 1577 3722 ambiens,
1620 3671 1819 3727 magno
1840 3656 2097 3714 seandalo

502 3743 804 3800 universali
833 3745 1066 3801 ecclesie
1095 3746 1222 3812 fuit,
1252 3746 1381 3815 quia
1418 3747 1628 3816 prolixa
1673 3748 1814 3804 inter
1839 3764 1934 3805 eos
1962 3766 2095 3807 con-

496 3837 677 3890 tentio
707 3837 873 3891 etiam
902 3850 1080 3905 usque
1126 3837 1194 3890 ad
1226 3837 1512 3908 sanguinis
1537 3837 1859 3894 etl'usionem
1892 3856 2094 3911 proru-

496 3926 598 3995 pit.
627 3925 952 3983 Fredericus
974 3926 1121 3981 enim
1155 3926 1454 3997 imperatur
1474 3938 1527 3984 et
1561 3930 1802 4001 episcopi
1829 3930 2094 3988 Teutoni-

496 4017 549 4072 ci
566 4018 653 4072 vel
680 4019 954 4089 principes
998 4016 1358 4074 Octovianu'm
1408 4020 1464 4076 in
1494 4023 1827 4092 patriarchio
1866 4023 2094 4081 Latera-

495 4107 657 4163 tiensi
682 4108 1067 4164 immantatum
1092 4109 1368 4165 Victorem
1396 4113 1838 4183 appellaverunt;
1878 4114 2095 4171 ltaliett-

494 4212 586 4253 ses
612 4211 760 4264 vero,
787 4198 882 4267 qui
931 4206 986 4254 et
1023 4197 1390 4271 Longobardi,
1441 4201 1771 4259 Rollandum
1823 4207 2094 4262 cancella-

493 4290 640 4343 rium
665 4298 820 4344 extra
848 4289 1080 4346 Romam
1107 4293 1163 4347 in
1200 4294 1320 4349 loco
1346 4294 1441 4365 qui
1472 4305 1821 4367 nuncupatur
1842 4297 2095 4354 Cisterna

496 4374 762 4444 Neronis,
791 4379 848 4434 in
876 4382 1100 4451 regione
1130 4381 1320 4453 Siculi,
1360 4398 1839 4457 consecraverunt,
1876 4399 1930 4445 et
1962 4390 2091 4448 Ale-

2184 796 2441 866 episcopo
2464 803 2518 849 ct
2539 794 2608 849 ab
2642 793 2763 864 ejus
2804 791 3163 863 suil‘ragancis
3213 788 3471 844 omnibus
3506 786 3768 857 episcopis

2185 886 2690 942 excommunicatus
2718 894 2821 952 est,
2862 893 2914 940 et
2950 900 2979 938 a
3011 892 3166 954 patre
3213 897 3315 939 suo
3347 880 3689 936 Theoderico
3719 888 3767 935 et

2188 976 2356 1032 fratre
2376 976 2629 1048 Philippo
2658 984 2886 1048 propter
2930 973 3216 1031 castellum
3263 971 3427 1040 Lens,
3484 972 3633 1042 quod
3679 973 3769 1027 ad-

2187 1092 2381 1132 versus
2408 1092 2503 1132 eos
2533 1074 3015 1146 jurchercditario
3059 1073 3357 1145 repetebat,
3408 1071 3645 1127 nimiunt
3692 1072 3764 1128 in-

2183 1164 2442 1243 juriatus.
2476 1167 2701 1240 Legatio
2727 1183 2826 1238 pro
2847 1164 3474 1243 reconciliatione‘regni
3503 1172 3559 1219 et
3597 1180 3767 1220 sacer-

2189 1239 2330 1316 docii
2357 1239 2502 1314 nunc
2526 1270 2555 1314 a
2585 1274 2712 1331 rege
2748 1257 3025 1313 Lbdovieo
3051 1239 3389 1312 Francorum
3419 1255 3489 1311 ad
3544 1256 3768 1327 impera-

2189 1346 2361 1420 torem
2386 1348 2694 1407 Romanum
2720 1350 3070 1406 Fretleric‘nnt
3104 1350 3271 1419 vadit,
3304 1365 3449 1405 nunc
3493 1349 3564 1405 ab
3610 1350 3769 1420 impe-

2190 1455 2373 1502 ratore
2410 1445 2476 1500 ad
2500 1454 2683 1517 regem
2707 1444 2948 1499 vicissim
2975 1443 3135 1498 redit.

2264 1535 2424 1591 1161.
2644 1534 2700 1592 9.
2922 1534 3014 1589 26.
3240 1520 3291 1587 τ.
3513 1520 3602 1587 18.

2265 1627 2444 1698 (Auct.
2493 1627 2708 1698 Aqttic.)
2758 1625 3084 1682 Fredericus
3136 1625 3434 1695 imperator
3504 1616 3774 1679 civitatem

2191 1711 2651 1774 Mediolanensem
2681 1716 2924 1789 quinque
2947 1718 3108 1773 anuis
3155 1717 3440 1772 obsessam
3472 1715 3604 1771 vicit
3647 1726 3700 1770 et
3723 1716 3775 1770 iu

2121 1780 2168 1842 Β
2193 1811 2523 1866 deditionem
2550 1780 2725 1882 coegit
2757 1780 2927 1881 (466).
2958 1809 3204 1880 Corpora
3250 1809 3416 1864 trium
3474 1823 3775 1879 magnntm,

2193 1904 2288 1975 qui
2308 1904 2377 1958 ab
2394 1903 2606 1959 oriente
2636 1903 2692 1956 in
2718 1901 2992 1957 Bethleem
3019 1911 3287 1956 venerunt
3314 1901 3548 1955 adorare
3601 1899 3778 1953 Dolui-

2193 2012 2348 2063 num,
2373 2011 2499 2051 cum
2530 1993 2864 2065 qtiibusdam
2889 1994 3139 2065 reliquiis
3161 1994 3479 2050 sanctorum
3509 1994 3566 2048 in
3596 1992 3780 2048 eadem

2194 2088 2328 2144 Urbe
2355 2088 2777 2158 quiescentium,
2805 2103 2836 2141 a
2879 2085 3151 2142 Rainaldo
3171 2084 3521 2157 imperatoris
3569 2087 3780 2139 cancel-

2194 2180 2331 2235 lario
2352 2179 2777 2244 transferuntur,
2804 2187 2858 2234 et
2907 2180 2959 2234 in
2995 2180 3193 2246 majori
3213 2179 3442 2235 ecclesia
3472 2176 3664 2233 Sancti
3684 2175 3781 2232 Pe-

2196 2271 2267 2328 tri
2294 2273 2347 2327 in
2378 2272 2510 2327 urbe
2537 2270 2765 2327 Colonia
2783 2269 3041 2327 decenter
3069 2270 3571 2326 recondunturlan.
3603 2267 3781 2335 1165).

2198 2362 2331 2435 (1b.)
2363 2361 2558 2418 Fames
2593 2362 2792 2417 valida.
2835 2360 3053 2417 Sanson
3121 2361 3449 2417 venerabilis
3487 2359 3783 2415 Remorum

2196 2454 2644 2524 archiepiscopus
2674 2453 2829 2520 obiit,
2857 2462 2910 2508 et
2931 2453 3191 2523 sepelitur
3222 2452 3279 2507 in
3337 2451 3568 2508 cenol‘io
3613 2450 3785 2523 Igniu-

2197 2546 2345 2601 Ccnsi
2372 2545 2541 2617 (407).
2570 2545 2671 2600 Cui
2693 2547 2937 2601 succedit
2969 2544 3240 2602 Henricus
3272 2546 3566 2617 episcopus
3609 2545 3785 2600 Belva-

2198 2638 2398 2704 censis,
2431 2637 2599 2693 frater
2620 2637 2882 2693 Ludovici
2915 2636 3258 2693 Francorztm
3289 2639 3454 2709 regis.
3487 2637 3546 2693 In
3577 2639 3786 2709 episco-

2196 2739 2326 2800 patu
2357 2728 2669 2785 Belvacensi
2704 2730 3056 2785 substituitur
3097 2728 3525 2785 Bartholomcus
3561 2729 3787 2785 ecclesid

2197 2819 2486 2876 Remensis
2537 2820 2978 2876 archidiaconus.
3035 2819 3347 2877 Ludovicus
3401 2837 3501 2876 rex
3551 2820 3786 2877 Franco-

2198 2927 2343 2977 rum,
2376 2911 2661 2983 indignttm
2714 2913 2922 2968 ducens
2973 2918 3165 2969 eontra
3202 2914 3433 2969 ecclesie
3474 2921 3681 2969 statum
3707 2915 3786 2986 agi

2198 3019 2295 3075 per
2339 3005 2651 3061 violentiam
2699 3006 3050 3076 imperatoris
3097 3005 3395 3071 Frederici,
3445 3006 3693 3079 legatum
3726 3006 3786 3061 ad

2197 3113 2324 3153 eum
2350 3097 2536 3168 dirigit
2584 3095 2882 3153 Henricum
2922 3098 3178 3153 comitem
3209 3096 3543 3167 Trecarum,
3578 3108 3641 3154 ut
3670 3114 3783 3153 eum

2199 3189 2266 3243 ad
2289 3199 2543 3243 mutuum
2572 3197 2836 3244 convocet
2857 3189 3211 3260 colloquium.
3245 3188 3351 3257 Qui
3375 3191 3521 3260 apud
3549 3200 3785 3246 castrum

2196 3279 2389 3348 Gallie,
2414 3281 2560 3352 quod
2583 3280 2778 3335 Divion
2799 3279 3024 3349 dicitur,
3055 3298 3166 3352 quo
3190 3283 3246 3336 in
3280 3282 3403 3337 loco
3424 3283 3629 3338 beatus
3656 3299 3786 3337 mar-

2199 3382 2284 3447 tyr
2310 3373 2587 3445 Benignus
2608 3373 2925 3443 requiescit,
2969 3372 3037 3429 de
3092 3389 3225 3444 pace
3265 3381 3319 3428 et
3343 3374 3560 3429 unitate
3608 3384 3786 3430 sancte

2195 3474 2250 3523 et
2277 3452 2606 3522 universalis
2646 3466 2875 3522 ecclesie
2927 3467 3207 3537 loquuturi
3259 3467 3600 3523 conveniunt
3634 3509 3652 3534 ,
3702 3467 3788 3522 sed

2195 3558 2455 3615 dissensit
2476 3558 2824 3630 quorundam
2883 3558 3005 3614 luce
3054 3561 3206 3630 pacis
3235 3560 3473 3626 turbata,
3519 3560 3695 3615 nichil
3714 3560 3787 3615 di-

2196 3658 2365 3729 gnum
2399 3656 2484 3712 vel
2515 3657 2645 3713 utile
2692 3658 3015 3723 traCtantes,
3077 3655 3459 3726 unusquisque
3512 3655 3683 3710 rediit
3726 3652 3787 3709 ad

2197 3732 2298 3805 sua
2328 3752 2439 3821 (an.
2472 3744 2630 3816 i162,
2664 3746 2856 3819 Sep!.).
2886 3747 3243 3812 Uetovianus,
3266 3747 3363 3817 qui
3384 3756 3438 3801 ct
3464 3744 3681 3816 Victor,
3703 3748 3788 3818 poi

2197 3828 2372 3896 totum
2399 3857 2629 3912 regnum
2651 3840 2925 3897 Fredcrici
2953 3840 3299 3909 imperatoris
3339 3842 3597 3909 potenter
3651 3841 3787 3896 sino-

2195 3933 2347 3990 dalcs
2375 3933 2486 4003 agit
2516 3948 2742 4001 causas;
2772 3932 3234 4002 Alexander-vero,
3263 3933 3359 4004 qui
3384 3942 3439 3986 et
3464 3930 3783 3996 Rollandus,

2196 4025 2402 4080 veritus
2424 4025 2732 4095 potenciam
2773 4025 3143 4095 imperatoris,
3201 4024 3466 4097 profugus
3491 4024 3570 4079 ab
3622 4023 3784 4089 Italia,

2196 4131 2422 4171 emenso
2450 4116 2612 4181 mari,
2637 4117 2788 4172 venit
2810 4118 2866 4171 in
2895 4116 3185 4172 Franciam
3242 4118 3353 4187 (an.
3408 4115 3596 4187 H62).
3640 4115 3784 4184 Quia

2197 4205 2477 4263 Ludovico
2501 4225 2629 4281 rege
2680 4220 2735 4266 et
2782 4211 3142 4282 optimatibus
3176 4211 3298 4282 ejus
3351 4208 3598 4281 gloriose
3647 4210 3783 4266 exci-

2195 4300 2365 4373 pitur.

2271 4388 2431 4448 1162.
2620 4391 2706 4449 10.

2922 4394 3014 4451 27.
3234 4395 3289 4451 8.
3515 4397 3611 4453 19.

494 4468 773 4561 aandrum
811 4474 1192 4530 vocitaverunt
1215 4476 1326 4545 (an.
1348 4478 1506 4546 1159,
1536 4478 1682 4551 Sept.
1711 4482 1825 4555 20).
1856 4483 2094 4555 Alexan-
2125 4488 2173 4548 ι)
2270 4485 2449 4556 (Auct.
2475 4485 2691 4558 Aquic.)
2721 4487 3026 4544 Alexander
3079 4504 3219 4560 papa
3269 4491 3497 4545 collecto
3554 4488 3782 4561 generali

494 4560 592 4615 der
620 4570 677 4617 et
743 4561 925 4620 Victor
944 4565 1013 4621 de
1057 4578 1259 4639 papatu
1308 4573 1720 4642 contendentes,
1774 4575 1982 4646 legatos
2039 4577 2096 4632 in

494 4650 789 4712 Franciam
812 4662 1065 4718 certatim
1093 4663 1161 4718 ad
1188 4662 1530 4720 Ludovicum
1549 4682 1731 4738 regem
1756 4675 1811 4722 et
1833 4669 2096 4737 primates

503 4747 657 4816 regni
690 4749 968 4821 dirigunt;
998 4764 1236 4824 quorum
1267 4756 1531 4812 relatione
1561 4758 1615 4811 in
1640 4758 1858 4813 civitate
1900 4757 2094 4816 Belva-

497 4837 650 4892 censi
675 4841 861 4912 audita
877 4852 933 4898 et
953 4847 1266 4903 examinata
1297 4847 1481 4920 (Jul.),
1507 4848 1754 4919 prefatus
1780 4866 1874 4906 rex
1897 4859 1952 4907 et
1974 4868 2095 4907 om-

498 4940 600 4982 nes
627 4930 871 5006 episc0pi
902 4937 1077 5007 ipsius
1135 4940 1290 5011 regni
1334 4941 1644 4997 Alexandro
1678 4958 1817 5012 pape
1861 4959 1922 5000 se
1958 4946 2093 5001 sub-

496 5017 793 5078 miserunt.
859 5025 1033 5083 Porro
1085 5028 1407 5087 Fredericus
1464 5033 1759 5103 imperator
1804 5044 1858 5090 et
1903 5022 2095 5095 omnes

442 5106 786 5186 ἤμαιοηίρί
809 5115 1019 5195 Victori
1049 5122 1518 5192 obtemperabant.
1546 5122 1682 5195 (1b.)
1704 5124 1851 5181 Obiit
1881 5126 2092 5183 Willel-

446 5250 449 5257 ,
495 5214 625 5258 mus
656 5203 800 5262 filius
832 5207 1095 5280 Stephani
1121 5213 1265 5284 regis
1302 5213 1516 5284 Anglie,
1543 5231 1729 5273 comes
1761 5217 1988 5275 Bolonie
2037 5220 2099 5276 et

495 5293 713 5363 dapifer
735 5300 881 5370 regis
905 5300 1127 5373 Anglie,
1157 5304 1276 5359 sine
1299 5306 1516 5362 herede.
1556 5307 1807 5367 Matheus
1857 5328 1987 5368 vero
2026 5313 2093 5369 ii-

495 5383 607 5443 lius
638 5383 963 5446 Theoderici
1010 5394 1227 5451 comitis
1274 5394 1551 5469 Flandrie,
1605 5400 1775 5456 tiliam
1828 5398 2092 5475 Stephani

2201 4578 2434 4633 conc.lio
2452 4573 2690 4635 Turonis
2712 4578 2882 4651 (408),
2907 4582 3406 4637 eXcomtnunicavit
3426 4575 3780 4638 Octavianum

2201 4669 2573 4725 Scismaticum
2618 4683 2673 4726 et
2716 4669 3042 4729 Rainaldum
3092 4674 3480 4731 Coloniensem
3528 4677 3781 4737 electum,

2199 4760 2671 4831 archiepiscopum
2736 4779 2960 4835 quoque
3030 4764 3406 4837 Mogontinum
3434 4808 3449 4834 ,
3506 4765 3782 4838 Ilugonem

2199 4855 2364 4909 etiam
2390 4856 2640 4909 abbatem
2662 4853 3079 4916 Cluniacensem
3096 4901 3111 4926 ,
3136 4874 3262 4914 cum
3304 4860 3639 4930 quibusdam
3685 4857 3782 4913 sci-

2198 4949 2391 5003 smatis
2418 4949 2757 5007 auctoribus.
2809 4950 2867 5007 ln
2921 4969 3033 5022 quo
3067 4956 3302 5011 concilio
3340 4955 3579 5024 quedam
3615 4951 3779 5007 cede-

2202 5041 2283 5095 sie
2315 5033 2469 5097 utilia
2506 5043 2779 5111 tractavit,
2817 5054 2873 5099 et
2922 5047 3141 5102 decreta
3180 5048 3636 5117 predecessorum
3662 5062 3781 5101 suo-

2200 5147 2323 5188 rum
2355 5135 2638 5197 renovavit
2660 5144 2714 5190 et
2736 5136 3076 5191 conﬁrmavit
3103 5156 3117 5201 ;
3150 5138 3525 5193 ordinationes
3557 5148 3778 5194 autem:

2200 5213 2526 5282 scismaticis
2571 5226 2746 5284 faetas
2779 5231 3066 5285 evacuavit
3102 5239 3157 5286 et
3186 5232 3370 5287 irritas
3400 5247 3521 5287 esse
3549 5231 3774 5287 censuit.

2199 5313 2533 5389 Octovianus
2582 5335 2802 5390 quoque
2856 5321 3163 5378 incivitate
3218 5318 3561 5391 Treverensi,
3596 5332 3779 5379 teners

2198 5409 2495 5465 concilium
2516 5426 2644 5466 cum
2666 5413 2941 5484 episcopis
2987 5413 3304 5473 Teutonicis
3324 5426 3379 5472 et
3431 5407 3635 5473 Italicis
3679 5409 3778 5471 sibi

2040 5516 2255 5577 NOTAE

572 5590 725 5678 μοι)
761 5594 826 5678 ᾼ·
894 5593 1054 5678 1⁸19ρλ
1080 5599 1385 5660 secundum
1442 5602 1585 5661 Ann.
1644 5591 1821 5678 Aquic
1910 5617 1967 5667 et
1995 5624 2092 5669 no-

500 5667 679 5715 strum
723 5663 791 5718 ad
818 5679 873 5719 a.
915 5665 1054 5722 1165

572 5729 723 5802 (ius)
762 5731 826 5790 ι).
853 5749 871 5789 ι
901 5734 1050 5809 Sept.
1085 5737 1236 5798 ηερ.

2271 5613 2422 5685 (406)
2461 5613 2525 5669 ι).
2562 5616 2633 5672 26
2663 5616 2822 5675 Mart.
2863 5621 3022 5679 ηδε.

2275 5684 2426 5759 (μη)
2454 5685 2603 5759 Igny,
2643 5691 2807 5759 ditec.
2835 5692 3144 5752 Bemeusis.

2281 5753 2429 5826 (408)
2451 5753 2515 5812 A'.
2552 5753 2715 5819 1165.
2759 5763 2813 5818 in
2852 5766 3062 5824 octavis
3093 5766 3458 5827 Peutecostcs.
