3914 6314
135 289 219 345 501

964 285 1336 343 CHRONICA.
1373 316 1442 325 —
1481 280 1952 342 CONTINUATIO
1990 282 2501 357 AQUICINCTINA.

3266 312 3373 377 δοῦ

132 401 522 470 adhcrentibus,
547 401 872 460 Rollandum
910 412 962 463 et
991 404 1113 475 ejus
1150 418 1416 475 sequaces
1458 403 1686 459 anatbe-
1718 402 1763 459 A
1790 418 1905 458 cras
1923 407 2133 463 ordines
2157 410 2211 465 in
2240 411 2458 467 sabbato
2485 423 2719 484 quatuor
2746 424 3035 489 temporum
3065 422 3135 476 ad
3158 422 3374 481 laudent

130 495 409 555 matizavit.
437 494 569 567 (1b.)
586 495 733 551 Obiit
753 494 1056 551 Balduinus
1078 512 1175 552 rex
1201 495 1693 552 Jherosolimorum

128 591 234 647 sine
268 588 490 657 herede,
519 589 664 644 lilius
696 587 953 645 Fulcouis
978 588 1124 660 regis
1173 589 1453 659 quondam
1475 588 1693 645 comitis

125 680 537 754 Andcgavensis.
588 679 845 739 Succedit
899 682 951 738 ei
981 670 1301 754 _Amalricus
1344 681 1512 737 frater
1549 682 1690 753 ejus,

126 790 291 831 comes
312 778 378 829 de
398 762 589 846 Joppe.

186 864 337 920 1165.
453 852 650 922 itu.
763 862 957 922 F.28.
1068 867 1132 921 A.
1174 866 1226 922 9.
1338 865 1404 921 ιι.
1482 867 1532 921 l.

187 947 359 1027 (Auct.
391 955 608 1029 Aquic.)
639 956 1009 1014 Theodericus
1049 975 1233 1015 comes
1275 958 1690 1015 Flaudrensium

123 1058 302 1119 quarto
318 1047 744 1106 Jherosolimam
771 1053 925 1122 petit.
955 1050 1103 1107 Obiit
1123 1051 1325 1123 Gyczo,
1352 1069 1443 1108 rex
1467 1051 1689 1124 Hunga—

124 1136 294 1194 rorum
318 1158 332 1207 ;
358 1142 607 1197 succedit
636 1142 948 1213 Stephanus
969 1143 1114 1199 ﬁlius
1135 1145 1276 1215 ejus,
1323 1145 1532 1200 habens
1554 1160 1689 1199 uxo-

122 1248 221 1286 rem
252 1233 417 1287 ﬁliam
477 1233 698 1291 Henrici
742 1235 1158 1292 Austrasiorum
1189 1238 1558 1305 marchionis,‘
1594 1237 1688 1308 qui

123 1322 208 1379 luit
233 1324 397 1380 frater
414 1325 656 1383 Conradi
683 1327 1050 1399 imperatoris.
1067 1328 1425 1402 Gyezofratcr
1442 1330 1689 1400 ejusdem

122 1416 360 1488 Stephani
413 1416 802 1491 llungarorum
845 1437 1075 1493 regnum
1152 1422 1333 1477 turbat
1372 1430 1427 1477 et
1467 1422 1688 1480 infestat

122 1510 419 1579 plurimum,
448 1503 658 1566 auxilio
674 1502 981 1569 Manuhelis
1042 1514 1391 1585 imperatoris
1415 1513 1685 1571 Constan-

121 1600 442 1672 tinopOlitatti
462 1645 479 1670 ,
509 1604 669 1675 cujus
692 1606 858 1664 tiliam
902 1606 974 1661 ob
1002 1606 1108 1662 hoc
1164 1607 1397 1664 duxerat
1430 1623 1676 1664 uxorem.

121 1695 225 1762 (.lu.
287 1697 448 1764 lilii,
511 1698 685 1768 April.
748 1698 839 1766 20)
883 1697 1032 1754 Obiit
1073 1697 1404 1756 Octavianus
1449 1702 1682 1772 pseudo-

119 1799 256 1852 papa,
282 1795 335 1839 et
368 1786 425 1840 in
471 1788 692 1844 civitate
731 1788 966 1845 Luccnsi
1023 1792 1298 1862 sepelitur.
1357 1792 1513 1848 Wido
1543 1793 1677 1848 Cre—

119 1876 301 1931 nensis
329 1878 400 1932 ab
428 1879 554 1948 ejus
583 1881 913 1951 sequacibus
931 1870 1169 1954 eligitur,
1202 1892 1255 1939 et
1276 1883 1557 1940 Paschalis
1584 1901 1681 1956 ap—

116 1965 343 2032 pellatur.
371 1966 703 2025 Frcdericus
752 1971 1050 2041 imperator
1092 1973 1150 2027 in
1197 1973 1286 2029 die
1314 1982 1678 2043 pentecostes,

1799 492 1898 584 Dei
1919 500 2055 551 etad
2083 500 2334 557 honorem
2370 505 2579 574 imperii
2595 508 2735 578 apud
2766 509 3051 584 Wizeburg
3090 530 3210 568 cum
3230 519 3373 572 omni

1795 578 2064 642 devotione
2092 602 2449 661 susceperunt.
2486 593 2749 652 Similiter
2775 616 2953 655 omnes
2979 602 3241 674 principes
3289 623 3374 661 se-

1795 671 2031 748 culares,
2065 681 2173 735 dum
2211 681 2443 740 Saxonis
2471 696 2522 741 et
2550 687 2797 745 Albertus
2848 692 3085 747 marchio
3127 697 3303 752 senior
3327 710 3379 754 et

1793 764 2063 837 palatinas
2092 788 2261 828 comes
2294 775 2358 828 dc
2385 775 2580 846 Rheno,
2615 780 2923 851 langravius
2944 792 2993 837 et
3035 785 3223 855 reliqui
3259 806 3376 842 om-

1794 877 1902 929 nes,
1933 881 2089 934 super
2116 876 2419 924 sanctorum
2461 872 2713 943 reliquias
2757 862 2814 928 id
2838 877 3007 946 ipsum
3035 875 3374 948 juraverunt.
3434 898 3443 903 ’

1797 951 2147 1011 Ilonorabiles
2173 975 2373 1031 quoque
2398 962 2560 1033 legati
2603 966 2738 1035 regis
2766 965 2955 1037 Anglic
3000 971 3160 1024 amici
3187 983 3377 1040 nostri,

1791 1044 1857 1100 ab
1893 1047 2006 1116 ipso
2029 1049 2099 1102 ad
2139 1066 2233 1104 nos
2282 1055 2606 1123 transmissi,
2649 1057 2704 1109 in
2750 1061 3015 1128 presentia
3044 1064 3206 1117 totius
3234 1066 3380 1118 curis

1792 1141 1968 1187 nostra
1988 1151 2145 1206 super
2169 1148 2473 1193 sanctorum
2499 1142 2746 1213 reliquias
2781 1161 2846 1199 ea:
2873 1158 3025 1217 parte
3051 1153 3185 1221 regis
3209 1152 3372 1221 jura-

1790 1234 1993 1292 verunt,
2015 1227 2155 1297 quod
2176 1229 2286 1298 ipse
2316 1246 2408 1284 rea:
2433 1248 2552 1285 cum
2578 1243 2686 1288 toto
2719 1254 2873 1309 regno
2905 1257 2999 1294 suo
3024 1242 3080 1295 in
3110 1252 3260 1313 parte
3281 1261 3376 1297 nos

1788 1324 1902 1372 stra
1934 1318 2167 1388 ﬁdeliter
2187 1321 2372 1391 stabit,
2405 1335 2457 1378 et
2485 1323 2759 1383 dominum
2790 1348 2985 1402 papam
3027 1330 3372 1403 Paschalem,

1786 1414 1937 1481 quem
1958 1426 2050 1464 nos
2074 1411 2377 1481 retinemus,
2409 1417 2680 1473 nobiscum
2705 1423 2917 1492 tenebit,
2948 1436 2997 1479 et
3030 1431 3238 1496 partem
3276 1447 3366 1484 no-

1785 1511 1954 1557 stram
1976 1506 2353 1575 ma'nutenebit,
2381 1518 2430 1562 et
2457 1511 2521 1563 de
2543 1511 2807 1569 Rollando
2834 1508 3140 1574 scismatico
3172 1520 3249 1575 vel
3261 1521 3376 1591 ejus

1784 1604 1937 1664 parte
1968 1596 2197 1667 amplius
2220 1616 2399 1655 senon
2449 1604 2787 1663 intromittet.
2824 1608 2939 1664 Nos
2964 1599 3142 1683 itaque
3184 1613 3247 1667 de
3282 1623 3377 1669 tua

1784 1688 2064 1744 dilectione
2102 1692 2152 1745 et
2195 1693 2453 1763 ﬁdelitate
2491 1696 2778 1767 plurimam
2804 1701 3064 1771 ﬁduciam
3103 1704 3373 1774 habentes,

1785 1783 2098 1838 mandamus
2147 1784 2243 1839 tibi
2290 1790 2544 1843 attentius
2592 1803 2854 1848 monentes
2911 1806 2962 1849 et
3002 1798 3371 1868 precipientes,

1781 1876 2032 1945 quatinus
2063 1877 2361 1946 predictum
2394 1868 2782 1951 juramentum,
2826 1886 2966 1956 quod
3014 1904 3108 1942 nos
3155 1892 3376 1959 propria

1783 1966 2259 2036 manujuravimus
2296 1985 2475 2024 coram
2511 1974 2841 2045 principibus
2883 1987 2933 2031 et
2964 1979 3066 2048 ipsi
3108 1982 3375 2051 principes

119 2066 285 2113 coacto
316 2060 556 2115 concilio
601 2062 988 2134 episcoporum
1032 2073 1087 2120 ct
1131 2066 1439 2137 principum
1466 2067 1679 2136 imperii

1780 2055 2085 2123 iuraverunt
2112 2068 2163 2114 et
2190 2060 2554 2133 ﬁrmaverunt,
2580 2065 2690 2136 ipse
2715 2084 2834 2121 cum
2855 2070 3096 2125 omnibus
3127 2071 3374 2141 ﬁdelibus

116 2146 186 2202 sui
212 2152 346 2221 apud
367 2145 724 2239 Wiscb‘ureh,
763 2144 1133 2241 Alexandrum
1154 2174 1352 2230 papam
1377 2160 1681 2241 abjurando

116 2255 165 2294 se
187 2240 405 2314 subjecit
428 2228 704 2302 Pascliali.
734 2244 878 2314 Quid
908 2238 966 2303 in
1007 2237 1103 2304 illo
1133 2228 1370 2306 concilio
1391 2228 1575 2306 actum
1610 2251 1682 2333 sit

118 2340 320 2390 testatur
342 2337 581 2407 cpistola
605 2338 849 2408 ejusdem
888 2340 1236 2411 imperatoris
1287 2342 1460 2399 missa
1497 2342 1680 2419 abbati

117 2422 279 2480 Sancti
307 2424 553 2483 Ilcmacli
588 2429 759 2500 (409).
795 2430 1039 2501 Epistola
1072 2432 1418 2517 imperatoris
1476 2434 1678 2491 Frede-

116 2516 199 2572 rici
224 2519 289 2575 ad
322 2520 581 2578 abbatem
640 2520 828 2579 Sancti
874 2523 1117 2581 Remacli
1167 2544 1180 2581 :
1228 2526 1545 2584 Fredericus
1580 2527 1678 2584 Dei

117 2611 265 2678 gratia
293 2611 657 2669 Romanorum
679 2617 971 2687 imperator
1014 2630 1063 2672 et
1093 2636 1294 2689 semptr
1315 2629 1572 2689 augustas
1602 2621 1681 2674 di-

115 2700 224 2755 lecto
244 2713 291 2756 et
317 2705 470 2783 ﬁdeli
502 2723 599 2761 suo
625 2694 714 2763 Ν.
740 2707 922 2763 abbati
974 2695 1162 2766 Sancti
1181 2711 1422 2766 Remacli
1447 2715 1678 2783 gratiam

115 2810 240 2846 suam
262 2804 311 2848 et
336 2782 495 2852 orline
518 2798 731 2854 bonum.
763 2792 914 2856 Sicut
937 2802 1079 2858 novit
1107 2803 1323 2859 dilectio
1349 2813 1464 2874 tua,
1484 2807 1554 2860 ad
1581 2823 1675 2859 cu-

116 2885 229 2937 riam
259 2882 593 2959 ll'izeburch,
625 2909 783 2962 quam
813 2894 869 2948 in
903 2903 1232 2965 pentecosten
1255 2897 1675 2963 indiximus,nos

116 2992 203 3030 una
226 2996 335 3032 cum
356 2983 690 3053 principibus
714 2986 968 3042 universis
1000 2996 1110 3042 tam
1157 2988 1484 3044 secularibus
1516 3007 1677 3061 quam

115 3068 464 3127 ecclesiasticis
499 3074 725 3145 gloriose
756 3080 1106 3134 convenimus.
1161 3077 1259 3135 Ubi
1318 3082 1455 3135 inter
1504 3092 1676 3137 cetera

115 3172 267 3215 sancte
284 3164 501 3220 ecclesia
525 3177 747 3236 statum,
778 3180 826 3224 et
854 3173 1099 3242 prccipue
1135 3172 1200 3226 de
1242 3175 1455 3245 negocio
1493 3176 1674 3231 damni

117 3248 371 3309 Paschalis
392 3275 549 3328 pape,
574 3261 713 3330 quod
739 3262 795 3315 in
825 3264 1071 3318 cordibus
1115 3263 1405 3321 multorum
1444 3267 1673 3322 habeba-

117 3351 188 3395 tur
209 3346 448 3416 dubium,
474 3353 862 3408 communicato
889 3355 1112 3413 consilio
1135 3359 1497 3412 universorum
1525 3362 1673 3430 prin-

116 3435 262 3503 cipum
288 3450 335 3492 et
367 3443 605 3497 omnium
624 3443 939 3502 clericorum
967 3458 1125 3520 atque
1163 3449 1424 3504 laicorum
1448 3451 1539 3523 qui
1574 3453 1672 3507 ad-

115 3538 258 3595 erant,
294 3531 527 3600 [idaliter
573 3546 623 3590 et
669 3541 947 3612 magniﬁce
982 3533 1375 3611 roboravimus;
1427 3545 1672 3602 invocata

116 3618 247 3672 etiam
270 3626 440 3679 sancti
456 3624 699 3698 .Spiritus
723 3633 903 3702 gratia
924 3632 1179 3688 domuum
1205 3651 1403 3705 papant
1424 3635 1667 3693 Pascha-

116 3707 195 3762 lem
221 3713 268 3766 in
292 3715 430 3770 hunc
485 3720 699 3774 modum
747 3724 1098 3779 stabilivimus
1144 3735 1194 3780 et
1220 3728 1667 3797 conﬁrmavimus,

115 3804 227 3868 quod
256 3823 348 3860 nos
376 3812 595 3880 prapria
626 3829 785 3868 manu
830 3824 1014 3870 nostra
1039 3832 1197 3886 super
1219 3827 1523 3873 sanctorum
1546 3820 1670 3875 reli-

116 3895 241 3961 quias
265 3900 472 3968 publice
511 3896 881 3973 juramentum
927 3909 1169 3979 fecimus,
1229 3912 1368 3983 quod
1413 3914 1477 3969 de
1499 3925 1668 3968 cetero

118 3981 401 4047 Rollandum
439 3997 803 4053 scismaticum
833 4017 1101 4072 nunquam
1126 4021 1221 4074 pro
1263 4017 1409 4074 paptt
1452 4007 1671 4076 recipie-

118 4096 226 4147 mus,
251 4095 296 4137 et
326 4087 373 4139 si
397 4088 507 4157 ipse
527 4090 827 4159 decesserit,
853 4094 966 4164 ejus
977 4111 1237 4150 successor
1261 4113 1515 4169 :n.,quem
1543 4116 1665 4169 pars

116 4172 302 4230 adversa
346 4181 670 4249 substituet,
720 4185 972 4240 similiter
1019 4204 1289 4259 nunquam
1334 4191 1662 4259 recipiemus.

116 4261 345 4324 Damnum
373 4290 491 4327 vero
521 4273 836 4332 Paschalem
869 4296 1061 4349 papam
1099 4279 1164 4334 de
1186 4290 1356 4335 cetero
1382 4269 1517 4336 sicut
1548 4284 1667 4336 uni-

116 4360 333 4416 rersalem
362 4375 412 4417 et
438 4366 759 4422 catholicum
780 4381 984 4438 patrem
1013 4389 1132 4425 cum
1165 4372 1460 4427 obcdientia
1483 4385 1533 4427 et
1567 4374 1665 4427 Ito--

1779 2148 1996 2204 ecclesie
2013 2159 2098 2205 tne
2112 2152 2262 2221 jures
2284 2163 2335 2207 et
2356 2155 2611 2227 observes,
2639 2168 2687 2214 et
2710 2161 2936 2233 singulis
2956 2163 3235 2220 dominicis
3260 2165 3375 2222 die-

1782 2239 1875 2293 bus
1903 2249 1952 2295 et
1979 2242 2128 2312 festis
2150 2245 2207 2298 in
2225 2246 2438 2317 publica
2469 2251 2654 2320 missa,
2689 2255 2826 2308 sicut
2848 2256 3079 2311 edictum
3099 2268 3176 2314 est
3211 2277 3244 2317 a
3272 2277 3374 2317 no-

1782 2331 1861 2388 bis
1881 2343 1931 2387 et
1968 2352 2000 2389 a
2036 2337 2384 2409 principibus,
2424 2342 2691 2412 publicam
2731 2351 3023 2405 orationem
3062 2368 3157 2422 pro
3179 2354 3373 2409 donmo

1779 2441 1919 2497 papa
1945 2426 2201 2484 Paschali
2246 2434 2564 2489 nominatim
2605 2445 2656 2491 et
2703 2441 2916 2496 assidue
2958 2444 3102 2499 intus
3142 2453 3193 2500 et
3238 2448 3373 2516 foris

1779 2521 2039 2590 precipias
2065 2523 2299 2579 recitari.
2326 2524 2579 2582 Edictum
2612 2529 2791 2603 itaque
2821 2541 2871 2587 et
2902 2543 3166 2590 statutum
3188 2547 3287 2605 est,
3312 2547 3372 2592 ut

1780 2610 1871 2666 hec
1889 2613 2382 2683 omniajuramenta
2401 2619 2543 2690 infra
2566 2637 2658 2676 sea:
2680 2624 3037 2682 hebdomadas
3064 2629 3337 2699 compleat:
3357 2654 3373 2673 -

1781 2710 1885 2758 tur.
1916 2703 2070 2769 Quod
2098 2706 2146 2759 si
2197 2705 2731 2780 aliquis‘clericorum
2775 2717 2852 2771 vel
2886 2720 3263 2775 monachorum
3292 2723 3371 2776 vel

1780 2796 2039 2851 (uicorum
2060 2798 2114 2851 in
2144 2799 2367 2870 imperio
2389 2813 2569 2859 nostro
2599 2805 2722 2861 huic
2758 2810 3153 2879 conﬁrmationi
3180 2822 3230 2867 et
3251 2814 3336 2867 edi
3348 2845 3367 2855 -

1780 2897 1862 2943 cto
1886 2901 2065 2948 nostro
2107 2895 2288 2965 aliquo
2321 2896 2475 2950 modo
2511 2914 2565 2952 se
2602 2902 2907 2970 opponendo
2951 2905 3368 2973 conti-adiuerit,

1780 2992 1984 3038 certum
2009 2987 2078 3040 sit
2113 2988 2255 3057 apud
2284 2997 2352 3055 te,
2388 2990 2528 3059 quod
2554 2991 2690 3045 sicut
2721 2995 2963 3063 publicus
2999 2996 3166 3051 hostis
3199 2997 3296 3053 Dei
3315 3008 3370 3053 et

1782 3077 1992 3147 imperii
2014 3079 2208 3150 absque
2247 3082 2390 3135 omni
2425 3098 2514 3152 spe
2555 3088 2967 3156 recuperationis
2980 3088 3260 3158 judicatus
3288 3100 3372 3146 est

1778 3177 1828 3220 et
1860 3170 2183 3240 dampnatus
2223 3181 2275 3227 et
2302 3174 2367 3228 ab
2397 3177 2543 3229 omni
2586 3179 2752 3247 o/ﬁcio
2785 3190 2835 3234 et
2855 3182 3050 3238 honore
3081 3196 3239 3256 atque
3275 3186 3368 3241 be-

1778 3260 1964 3330 neﬁcio
2004 3264 2311 3321 destitutus.
2379 3266 2615 3324 Litteras
2662 3272 2876 3342 quidem
2931 3278 3220 3334 vocationis
3269 3280 3367 3336 tibi

1777 3356 2191 3425 transmisimus,
2218 3370 2290 3426 et,
2340 3363 2466 3431 quia
2496 3366 2784 3420 secundum
2832 3371 3172 3439 prudentiam
3218 3384 3369 3429 luam

1775 3445 1922 3500 nobis
1947 3447 2004 3502 in
2027 3450 2179 3504 curia
2210 3450 2362 3506 valde
2392 3458 2718 3512 necessarius
2751 3459 2969 3529 fuisses,
3016 3467 3156 3535 quod
3189 3466 3368 3522 littere

1775 3541 1950 3588 nostre
1971 3536 2041 3589 ad
2069 3545 2118 3590 te
2146 3554 2249 3592 non
2280 3551 2622 3609 pervenerunt
2657 3544 2807 3601 valde
2848 3548 3107 3606 dolemus.
3133 3551 3365 3609 Interim

1772 3625 1827 3679 in
1852 3628 2092 3696 partibus
2121 3631 2225 3685 tuis
2277 3643 2513 3689 nostram
2557 3640 2875 3706 presentiam
2942 3644 3365 3711 prestolare;ibi

1770 3717 1909 3770 enim
1940 3734 2057 3773 cum
2135 3721 2409 3777 vieiniores
2463 3725 2683 3795 erimus,
2734 3730 2783 3783 si
2819 3731 2946 3801 quid
3009 3732 3228 3801 justicie
3265 3735 3363 3790 tibi

1771 3797 2020 3880 defuerit,
2052 3829 2144 3884 per
2166 3817 2345 3870 omnia
2386 3818 2782 3889 romplebimus.
2831 3797 2982 3878 'l’ale.
3009 3797 3154 3881 lluic
3189 3827 3363 3899 impe-

1774 3905 1972 3960 ratoris
2012 3905 2121 3962 tam
2152 3910 2785 3979 temerariojurameuto
2846 3931 3037 3975 omnes
3083 3920 3360 3990 archiepi-

1772 3998 1919 4067 scopi
1952 4008 2006 4054 et
2066 4001 2306 4073 episcopi
2346 4019 2441 4059 seu
2482 4005 2709 4061 abbates
2776 4008 2857 4062 vel
2888 4009 3162 4081 principes
3191 4013 3363 4068 totius

1773 4090 1922 4159 regni
1957 4092 2398 4163 subscrihebant,
2432 4097 2639 4153 etidem
2666 4099 3041 4169 juramentum
3063 4104 3355 4161 faciebant.

1771 4178 1954 4251 Aliqui
1986 4192 2165 4242 tamen
2192 4202 2384 4243 eorum
2414 4192 2582 4247 corde
2608 4192 2924 4254 Alexandro
2960 4214 3098 4269 pape
3124 4200 3359 4256 adhere-

1772 4272 1919 4328 bant.
1956 4273 2066 4333 llac
2101 4278 2168 4335 de
2212 4297 2376 4339 causa
2435 4283 2488 4338 iu
2537 4285 2837 4344 universali
2881 4292 3112 4348 ecclesia
3178 4294 3356 4349 oritur

1770 4383 1934 4439 grave
1964 4371 2379 4439 scaudalum,et
2429 4378 2482 4432 in
2521 4394 2697 4451 regno
2745 4384 2990 4454 augescit
3038 4383 3356 4450 discidium,

117 4462 217 4504 nare
234 4464 278 4506 et
307 4463 594 4515 reverentia
624 4460 930 4516 habebimus
966 4473 1017 4517 et
1051 4465 1362 4533 tenebimus,
1382 4475 1432 4520 et
1452 4465 1517 4519 ab
1552 4467 1664 4537 ipso

1780 4459 1899 4513 lum
1937 4458 2068 4515 alter
2101 4459 2327 4517 dissidet
2348 4465 2416 4519 ab
2444 4467 2638 4537 altero,
2702 4479 2758 4526 et
2802 4475 2942 4529 alter
2971 4477 3361 4532 excommuni-

115 4538 297 4613 ejusque
326 4560 478 4619 parte
497 4569 764 4624 nunquam
814 4554 1130 4624 recedemus,
1161 4557 1418 4628 quamdiu
1463 4558 1573 4628 ipse
1599 4560 1670 4612 ri-

116 4644 237 4688 vetet
259 4655 349 4694 nos
376 4643 625 4701 vivemus.
666 4646 725 4701 Si
754 4658 930 4703 autent
959 4666 1052 4704 nos
1075 4650 1139 4704 ab
1162 4651 1259 4705 hac
1293 4653 1400 4708 vita
1421 4652 1667 4708 decedere

117 4730 378 4804 contigerit,
405 4746 584 4792 noster
604 4755 889 4808 successor,
934 4759 1087 4813 quem
1118 4745 1379 4815 principes
1435 4748 1666 4802 universi

115 4814 418 4895 εάὺειὶιιιεηι,
448 4829 588 4885 hunc
608 4831 856 4888 honorem
878 4834 1086 4905 imperii
1110 4846 1159 4890 et
1181 4814 1315 4891 ham:
1345 4849 1548 4910 partem
1571 4855 1666 4894 ηοο

115 4919 253 4970 stram
278 4921 370 4975 sub
390 4924 573 4977 eodem
585 4923 892 4994 juramento
928 4928 1158 4982 tuebitur
1178 4945 1379 4999 semper
1398 4942 1552 5004 atque
1584 4942 1662 4987 te-

116 5006 244 5063 nebit.
272 5010 384 5068 Hoc
403 5014 546 5070 idem
569 5016 939 5086 juramentunt
980 5037 1158 5074 omnes
1204 5022 1584 5093 archiepiscopi
1612 5033 1662 5077 et

114 5095 306 5170 "Piscopi
325 5115 374 5156 et
389 5105 542 5161 electi
567 5108 657 5180 qui
695 5104 1006 5178 intererant,
1042 5128 1256 5167 numero
1281 5114 1659 5185 quadraginta,

114 5202 242 5254 ληρεῖ
266 5206 454 5251 sancta
470 5197 569 5252 Dei
589 5202 859 5274 evangelia
885 5220 1046 5258 manu
1068 5205 1285 5275 propria
1308 5207 1661 5278 unusquisque

113 5278 190 5331 sub
210 5286 336 5342 stola
364 5304 466 5343 sua
513 5289 748 5359 fecerunt
772 5302 822 5348 et
858 5295 1064 5365 publice
1084 5297 1446 5367 ﬁrmaverunt.
1490 5296 1560 5351 Et
1590 5298 1660 5351 ad

116 5382 443 5439 "movendam
461 5402 557 5450 pro
584 5395 734 5456 parte
764 5399 948 5442 nostra
982 5406 1193 5455 omnem,
1231 5391 1655 5463 ambiguitatem,

113 5480 257 5526 omnes
280 5474 453 5543 electi,
501 5478 706 5548 primus
736 5470 1095 5548 Coloniensis,
1137 5482 1324 5537 deinde
1365 5484 1546 5549 ceteri,
1576 5501 1659 5539 sa-

1768 4561 1926 4607 catur
1952 4552 2023 4607 ab
2060 4553 2250 4610 altero.
2284 4556 2356 4613 Ea
2399 4570 2718 4633 tempestate
2780 4566 3011 4622 ecclesia
3070 4567 3356 4623 scindeba-

1769 4653 1876 4710 tur,
1931 4654 1986 4699 et
2035 4647 2286 4705 navicula
2342 4650 2489 4710 Petri
2553 4658 2895 4729 gravissimis
2933 4659 3357 4731 {opprimebatur

1770 4736 2043 4795 ﬂuctibus.

1842 4832 1997 4890 “6-5.
2213 4840 2304 4896 12.
2463 4859 2471 4866 ·
2508 4836 2598 4899 29.
2822 4844 2911 4901 10.
2996 4852 3003 4861 ’
3167 4846 3225 4901 2.

1842 4926 1966 4995 (An.
2023 4928 2209 5000 1165.)
2246 4929 2572 4990 Frcdericus
2605 4935 2903 5007 imperator
2925 4939 3107 4994 natale
3136 4936 3350 4993 Domini

1774 5018 1829 5073 in
1892 5018 2107 5090 palacio
2167 5039 2270 5080 suo
2319 5026 2611 5083 celebravit
2628 5027 2820 5099 Aquis,
2864 5031 2932 5087 ad
2955 5031 3117 5100 cujus
3142 5032 3350 5087 curiam

1768 5130 1963 5171 onmes
1990 5116 2284 5186 optimates
2313 5119 2483 5176 totius
2508 5121 2683 5193 regni,
2721 5123 2838 5179 sive
2869 5124 3227 5180 ecclesiastici
3255 5138 3346 5178 seu

1766 5208 2064 5275 scculares,
2092 5210 2163 5265 ab
2183 5210 2303 5282 ipso
2323 5212 2624 5268 submoniti
2648 5223 3044 5280 convenerunt,
3073 5223 3128 5269 et
3148 5228 3344 5283 corpus

1765 5298 1954 5355 domui
1974 5299 2161 5357 Karoli
2182 5301 2361 5374 Magni
2383 5304 2750 5374 imperatoris,
2766 5306 2861 5375 qui
2876 5306 2931 5359 in
2952 5305 3177 5361 basilica
3196 5304 3341 5359 beate

1760 5390 1929 5448 Mario
1958 5408 2173 5464 semper
2200 5396 2425 5467 virginis
2451 5398 2787 5468 quiescebat,
2830 5399 2897 5454 de
2939 5398 3151 5453 tumulo
3200 5412 3324 5454 mar

1760 5499 1947 5540 moreo
1978 5486 2239 5556 levantes,
2279 5489 2335 5544 iu
2371 5489 2563 5548 locello
2592 5491 2773 5562 ligneo
2799 5490 2853 5545 in
2885 5490 3064 5547 medio
3092 5489 3337 5561 ejusdem

1612 5575 1839 5633 NOTAE.

168 5648 294 5735 (409)
330 5652 416 5709 Cf.
446 5653 591 5710 Mon.
625 5655 799 5735 Legg._
824 5674 883 5722 ιι,
914 5658 1320 5735 155.6;eterum
1355 5665 1652 5723 concilium

115 5711 532 5796 \Virceburgense
569 5711 926 5798 atquewhanc
955 5711 1650 5799 inﬁmatis.“

1763 5666 2036 5738 pertinere
2061 5677 2294 5725 constat.
