3914 6314
493 360 599 420 503

1642 336 2003 405 SIGEBERTI
2042 334 2573 404 GEMBLACENSIS

3669 344 3772 402 501

493 474 720 532 basilice
744 477 1129 543 reposuerunt.
1157 467 1245 540 (Α.
1265 465 1479 538 Aquic.)
1503 463 1581 519 lbi
1603 462 1884 535 Philippus
1900 478 2084 519 comes
2111 466 2159 527 Α
2188 476 2309 517 mas
2337 458 2785 529 archiepiscopus
2812 446 3249 527 Cantuariensis,
3286 459 3663 530 prolibertate
3688 479 3773 520 ec-

495 564 750 642 FJandrie
778 579 904 618 eum
953 573 1154 631 magno
1198 556 1433 611 militum
1464 555 1704 610 exercitu
1731 553 1905 621 affuit,
1934 560 1990 609 et
2013 552 2081 607 ab

2185 551 2366 608 clesia:
2381 550 2690 618 decertans,
2720 550 2790 606 ab
2818 550 2937 621 ipso
2956 551 3247 618 exiliatur;
3275 551 3371 622 qui
3395 566 3548 607 mare
3573 553 3773 610 Britan-

496 658 825 727 imperatore
852 651 1213 709 Cameracum
1245 648 1571 718 suscipiens,
1603 647 1768 701 homo
1794 646 1914 716 ejus
1952 644 2083 701 affe-
2184 643 2370 698 nicum
2401 642 2695 710 transiens,-
2742 658 2773 697 a
2821 642 3100 699 Ludovico
3133 658 3261 716 rege
3295 642 3640 701 Francorum
3669 654 3773 702 tam

495 756 618 805 ctus
639 756 744 814 est,
771 756 825 803 et
841 760 1095 818 magnam
1112 756 1299 813 pacem
1332 739 1755 795 Flandrensibus
1769 754 1866 810 per
1882 747 2082 794 terram
2184 738 2377 793 devote
2404 753 2569 808 quam
2596 737 2831 809 benigne
2852 738 3170 808 suscipitur.
3195 736 3569 793 Godescalcus
3596 739 3772 795 Attre-

476 840 849 914 -imperatoris
870 838 1033 894 eundi
1054 852 1119 893 ac
1147 831 1673 914 redeundiobtinuit.
1692 830 1837 887 Idem
1869 847 1899 887 a
1929 831 2084 887 curia
2184 830 2430 887 batensis
2456 829 2765 900 episcopus,
2798 829 3114 884 infirmitate
3137 828 3331 900 capitis
3355 839 3639 901 gravatus,
3670 831 3774 900 epi-

497 912 797 998 revertens,
826 928 1008 985 statim
1030 926 1172 999 patri
1195 940 1298 981 suo
1319 912 1661 980 Theoderico
1684 922 1891 990 comiti,
1919 937 1952 978 a
1972 921 2088 978 Ihe-

496 1023 760 1077 rosolima
792 1018 1109 1086 revertenti,
1146 1016 1364 1073 obviam
1389 1014 1756 1087 proficiscitur
1780 1011 1953 1086 (410).
1980 1008 2084 1070 Sa—

497 1114 810 1183 lahadinus,
839 1113 1094 1185 princeps
1119 1111 1312 1166 militie
1340 1108 1602 1166 Noradini
1642 1108 1786 1181 regis
1810 1106 2086 1176 Damasci,

497 1220 623 1261 cum
638 1219 834 1277 magna
847 1203 1151 1260 Turcorum
1166 1212 1220 1259 et
1234 1201 1666 1259 Sarracenorum
1713 1200 2085 1270 multitudine,

498 1284 767 1369 Egyptum
797 1295 1311 1368 sibisubjugaturus
1334 1294 1655 1366 ingreditur.
1689 1291 1960 1349 Soldanus
1987 1293 2089 1365 igi-

499 1398 590 1443 tur
618 1388 934 1460 Babylonie,
966 1388 1061 1459 qui
1083 1397 1139 1443 et
1165 1403 1263 1443 rex
1288 1386 1498 1458 Egypti,
1535 1387 1602 1441 de
1631 1401 1729 1441 sua
1753 1392 2093 1456 suorumque

496 1480 702 1536 virtute
721 1480 989 1547 difﬁdens,
1013 1479 1350 1536 Amalricum
1372 1495 1552 1551 regem
1581 1477 2088 1546 Iberosolimorum,

498 1572 731 1628 consilio
756 1588 882 1629 eum
909 1572 1025 1628 suis
1044 1573 1252 1640 habito,
1276 1572 1513 1643 quesivit
1542 1571 1647 1627 sibi
1670 1570 2002 1642 adjutorem,
2023 1586 2090 1627 ea

499 1665 834 1732 Conditione,
864 1674 926 1722 ut
954 1664 1032 1720 illi
1076 1681 1320 1720 annuum
1348 1664 1682 1735 persolveret
1725 1664 2010 1732 tributum,
2036 1671 2092 1719 et

499 1758 835 1813 christianos
875 1758 970 1828 qui
1000 1756 1199 1828 captivi
1233 1758 1559 1813 tenebantur
1586 1757 1843 1812 liberaret
1876 1773 1972 1827 per
2003 1764 2088 1811 tea

2187 928 2475 993 scopatum
2496 921 2731 989 dimisit,
2757 922 2847 977 cui
2869 921 3141 978 successit
3163 921 3414 978 Andreas
3440 921 3672 994 quidam
3694 923 3776 977 ah-

2188 1014 2288 1071 bas
2316 1015 2384 1070 de
2405 1014 2597 1071 ordine
2618 1013 2994 1072 Cisterciensi.

2292 1105 2451 1162 1165.
2524 1104 2629 1161 'R.
2674 1107 2761 1162 15.
2870 1106 2933 1162 F.
2972 1106 3063 1162 30.
3172 1109 3241 1162 Α.
3285 1106 3372 1162 11.
3482 1105 3552 1162 Η.
3597 1108 3652 1162 3.

2261 1197 2571 1253 Alexander
2608 1213 2768 1270 papa,
2813 1214 2844 1254 a
2891 1197 3161 1255 Bernanis
3196 1208 3390 1255 contra
3425 1198 3777 1256 Frcdericum‘

2191 1290 2573 1361 imperatorem
2612 1290 2892 1359 invitatus,
2943 1290 3176 1347 Francia
3221 1292 3433 1361 relicta,
3470 1292 3526 1347 in
3573 1291 3778 1348 Italiam

2190 1382 2502 1449 revertitur,
2525 1390 2581 1437 et
2607 1381 2661 1437 in
2688 1382 2777 1438 die
2796 1381 3109 1440 festivitatis
3132 1385 3306 1440 sancti
3327 1383 3635 1440 Clementis
3652 1392 3778 1457 papd

2191 1480 2246 1527 et
2273 1472 2530 1544 martyris
2570 1471 2762 1544 (Νου.)
2793 1474 2960 1530 missa
2992 1474 3136 1546 apud
3171 1475 3390 1531 beatum
3437 1474 3699 1543 Petrum,
3727 1476 3779 1531 in

2192 1562 2367 1619 Roma
2392 1563 2691 1632 Leoniana,
2731 1566 2800 1620 ab
2828 1565 2949 1636 ipso
2981 1568 3309 1623 celebratur.
3341 1566 3658 1634 Paschalis,
3693 1568 3778 1639 qui

2192 1664 2246 1711 et
2266 1653 2449 1723 Wido,
2474 1655 2612 1711 alter
2635 1672 2797 1727 papa,
2822 1658 2877 1712 in
2902 1656 3126 1714 civitate
3145 1656 3298 1715 Italic
3337 1674 3445 1730 que
3480 1657 3781 1716 Biterbiuui

2192 1744 2394 1801 dicitur
2429 1746 2614 1802 sedem
2654 1746 2759 1803 sibi
2793 1748 3163 1819 episcopalem
3202 1748 3415 1816 statuit,
3450 1757 3508 1805 et
3538 1751 3781 1821 potentia

501 1858 611 1904 tam
646 1847 939 1921 Egyptum.
974 1847 1073 1904 llis
1121 1848 1527 1904 conditionibus
1567 1864 1659 1902 rex
1705 1847 2089 1903 Iherosolimo-
2120 1849 2164 1904 Β
2189 1838 2539 1910 imperatoris
2583 1838 2776 1907 fultus,
2826 1840 3152 1912 peregrinos
3194 1857 3292 1898 seu
3344 1851 3689 1898 mercatores
3720 1842 3780 1898 de

438 1950 443 1955 '
497 1952 625 1994 rum
650 1954 940 1995 assensum
984 1938 1223 2009 prebuit,
1257 1947 1309 1993 et
1342 1937 1664 1993 Boamundo
1706 1937 1939 2009 principi
1986 1937 2093 1992 An-

501 2031 779 2097 thioceno,
802 2039 1035 2101 cognato
1068 2044 1193 2096 suo,
1231 2028 1429 2084 tradita
1467 2045 1598 2084 cura
1638 2028 1790 2099 regni
1825 2029 1933 2094 sui,
1965 2045 2091 2084 cum

498 2121 743 2177 eXercitu
773 2120 955 2176 valido
984 2120 1041 2174 in
1069 2120 1333 2175 auxilium
1366 2121 1679 2191 preperavit
1710 2119 1856 2190 regis
1876 2119 2092 2191 Egypti.

499 2207 623 2280 Quo
652 2221 934 2283 comperto
958 2210 1271 2267 Noradinus
1297 2227 1390 2266 rex
1420 2210 1696 2278 Damasci,
1720 2212 1962 2267 collectis
1987 2227 2091 2265 un-

497 2303 808 2374 decumque
851 2303 1155 2358 inﬁdelium
1188 2302 1410 2374 regibus
1450 2310 1504 2357 et
1538 2302 1776 2372 populis.
1807 2301 2091 2357 castellum

499 2394 766 2465 principis
816 2394 1184 2450 Anthiocheni
1212 2434 1228 2463 ,
1281 2392 1495 2450 Harenc
1540 2395 1803 2460 nomine,
1857 2393 2093 2450 obsedit.-

498 2488 762 2561 Princcps
821 2498 1002 2545 autem
1044 2488 1442 2554 Antiochenus,
1502 2488 1799 2543 contractis
1851 2486 2094 2557 undique

496 2580 730 2647 viribus,
780 2595 1036 2650 egressus
1079 2576 1436 2643 Anthioehia,
1481 2592 1656 2647 usque
1703 2576 1771 2631 ad
1804 2577 2091 2631 castellum

498 2684 627 2724 cum
663 2684 766 2724 suo
786 2668 1029 2724 exercitu
1068 2669 1254 2724 salvus
1284 2668 1550 2738 pervenit.
1581 2666 1746 2723 Turci
1778 2682 1909 2723 vero
1944 2667 2094 2722 obsi—

499 2758 667 2814 dione
706 2759 921 2826 relicta,
969 2773 1082 2813 non
1123 2759 1284 2830 longe
1318 2773 1350 2813 a
1390 2758 1617 2814 castello
1646 2758 1789 2814 inter
1813 2758 2097 2830 angustias

499 2851 866 2907 substiterunt
904 2852 1179 2907 locorum.
1217 2850 1479 2922 Princeps
1507 2863 1689 2907 autem
1718 2850 2097 2907 AntiOchenus

500 2944 671 2999 altera
699 2944 786 3000 die
810 2943 1019 3000 'I‘urcos
1048 2944 1399 3015 insequutus,
1429 2943 1716 3000 infeliciter
1738 2959 1864 3000 cum
1886 2945 1967 3000 eis
1992 2959 2095 3015 pu—‘

501 3036 710 3107 gnavit,
739 3036 814 3091 ita
849 3044 911 3091 ut
932 3037 1117 3092 nullus
1141 3051 1209 3092 ex
1251 3038 1333 3093 eis
1366 3035 1483 3093 fere"
1498 3037 1773 3104 eraderet,
1796 3036 1904 3092 nisi
1928 3051 2092 3107 quem

501 3126 767 3183 fortitudo
801 3128 929 3198 equi
969 3136 1064 3184 aut
1103 3143 1266 3184 casus
1295 3128 1498 3199 aliquis
1524 3128 1742 3199 eripuit.
1778 3126 1983 3198 Captus
2010 3137 2095 3183 est

503 3218 782 3289 princeps,
806 3227 1052 3275 retentus
1070 3229 1227 3276 estet
1255 3236 1442 3277 comes
1466 3219 1727 3290 Tripolis,
1757 3236 1882 3277 cum
1907 3218 2094 3274 multis

502 3310 625 3364 aliis
641 3329 655 3376 ;
670 3310 763 3365 alii
777 3311 1088 3381 capiuntur,
1102 3312 1194 3366 alii
1209 3313 1622 3369 detruneautur.
1639 3311 1884 3384 Turciad
1905 3313 2098 3367 castel-

502 3402 615 3455 lum
633 3399 848 3457 Harenc
859 3410 1216 3470 revertentes,
1239 3416 1451 3459 summa
1464 3419 1588 3459 eum
1605 3403 1950 3460 festinatione
1965 3403 2095 3458 Illud

504 3492 893 3562 obtinuerunt;
940 3502 996 3549 et
1027 3510 1095 3550 ex
1123 3495 1374 3565 pactione
1407 3496 1639 3551 debilem
1667 3494 2094 3562 multitudinem,

503 3596 617 3641 tam
664 3587 982 3655 mulierum,
1027 3605 1194 3659 quam
1247 3588 1519 3643 infantum
1567 3596 1622 3643 et
1660 3589 2094 3654 vulneratorum,

501 3692 679 3748 usque
699 3677 1087 3733 Anthioehiam
1109 3679 1501 3749 perduxerunt.
1525 3678 1835 3733 Amalrieus
1853 3691 1986 3731 vero
2002 3691 2098 3731 rex

502 3768 841 3825 Iherusalem
871 3786 999 3825 eum
1031 3769 1260 3826 soldano
1291 3768 1487 3841 Egypti
1526 3767 1919 3825 Salahadinum
1952 3767 2097 3840 Egy-

502 3867 658 3929 ptum
679 3861 1080 3931 opprimentem
1104 3859 1232 3915 totis
1252 3860 1464 3916 viribus
1486 3861 1812 3931 populatur;
1839 3875 2002 3931 quem
2041 3859 2097 3913 in

501 3949 722 4004 civitate
769 3947 1087 4005 Belbacensi
1128 3949 1405 4005 inclusum
1446 3949 1731 4005 obsidione
1768 3949 1970 4016 cinxit;
2002 3949 2098 4019 qui

504 4039 769 4108 impetum
794 4038 941 4111 regis
972 4038 1117 4095 ferre
1146 4055 1255 4095 non
1292 4041 1619 4111 praevalens,
1653 4041 1841 4097 missis
1867 4041 1935 4096 ad
1968 4055 2097 4096 eum

501 4130 735 4198 nuntiis,
785 4131 1021 4188 reddidit
1066 4147 1124 4188 se
1157 4132 1277 4203 ejus
1324 4133 1606 4199 fidelitati;
1656 4134 1751 4205 qui
1789 4150 1822 4188 a
1858 4148 1983 4205 rege
2031 4148 2098 4188 cx

502 4222 759 4277 consulto
794 4237 921 4278 cum
968 4224 1091 4279 suis
1129 4224 1413 4292 dimissus,
1464 4220 1519 4279 in
1556 4224 1887 4281 Damascum
1917 4223 2097 4279 rediit;

504 4312 651 4385 Rege
680 4328 902 4386 quoque
936 4316 994 4370 in
1016 4315 1351 4372 Iherusalem
1391 4332 1633 4385 reverso,
1667 4314 1917 4371 amiraldi
1969 4315 2098 4369 Sar-

499 4420 832 4463 racenorum
893 4407 1114 4479 indigne
1172 4408 1413 4465 ferentes
1468 4410 1757 4466 soldanum
1802 4408 2099 4481 Babylonia

503 4498 935 4555 ehristianorum
959 4500 1311 4556 tributarium
1335 4502 1608 4570 effectum,
1631 4519 1823 4561 omnes
1843 4506 1896 4561 in
1924 4523 2095 4563 unum
2127 4539 2174 4609 Β

501 4591 814 4662 conglobati
859 4608 989 4648 cum
1031 4594 1280 4664 predicto
1315 4594 1648 4651 Salahadino
1676 4612 1841 4668 super
1864 4612 1991 4653 eum
2020 4600 2096 4653 ir-

501 4691 747 4750 ruentes,
774 4684 885 4739 vita
927 4686 1094 4741 simul
1119 4695 1174 4741 et
1200 4701 1371 4758 regno
1395 4689 1767 4758 privavernnt.
1806 4687 2093 4746 Salahadi-

502 4787 609 4826 nus
632 4784 781 4841 vero,
810 4776 959 4845 quod
993 4776 1087 4831 diu
1122 4779 1495 4848 concupierat,
1526 4795 1754 4850 regnum
1790 4779 1983 4853 Egypti
2013 4783 2097 4837 in-

504 4863 669 4929 vasit,
692 4880 1031 4938 uxoremque
1051 4869 1264 4924 soldani
1291 4885 1323 4924 a
1347 4870 1719 4938 se'interfecti,
1742 4873 2097 4930 amissionem

506 4953 607 5009 viri
643 4954 830 5028 lugere
854 4959 1217 5028 prohibitam,
1247 4961 1302 5014 iu
1327 4962 1642 5033 conjugium
1672 4978 1834 5019 suum
1864 4965 2099 5022 transire

507 5046 706 5117 coegit.
731 5046 1041 5105 Noradinus
1069 5066 1165 5105 rex
1193 5050 1350 5123 Syrie
1378 5069 1488 5109 non
1517 5063 1641 5123 post
1662 5056 1899 5110 multum
1921 5058 2094 5111 mori-

506 5146 620 5193 tur.
643 5135 931 5194 Predictus
952 5149 1134 5195 autem
1159 5141 1547 5212 Salahadinus,
1556 5144 1769 5214 justum
1797 5145 1949 5218 regni
1973 5161 2093 5202 suc-

511 5246 788 5288 cessorem
826 5232 1179 5302 interﬁciens,
1222 5251 1325 5306 pro
1358 5251 1426 5292 eo
1459 5239 1722 5309 regnavit.
1769 5238 1862 5294 Sic
1894 5250 2110 5311 tempe--

512 5332 651 5380 state
691 5324 783 5379 illa
805 5325 994 5381 oriens
1014 5334 1069 5382 et
1097 5328 1356 5384 occidens
1381 5330 1615 5387 diversis
1645 5330 1978 5387 adiciebatur
2005 5348 2097 5388 ea-

512 5415 870 5475 lamitatibus.
896 5416 1165 5477 Henricus
1187 5436 1307 5489 rex,
1326 5424 1683 5479 ecclesiarum
1699 5425 1848 5494 regni
1866 5426 1951 5480 sui
1969 5425 2096 5495 jura

514 5506 831 5577 auferendo,
859 5510 916 5566 in
946 5511 1140 5584 Anglia
1170 5514 1511 5585 tyrannizat;
1533 5524 1723 5571 contra
1747 5531 1911 5586 quem
1947 5514 2097 5571 Tho-

2196 1934 2339 1987 terra
2369 1930 2709 1987 Francorum
2756 1948 2853 2002 per
2891 1931 3103 1988 Italiam
3144 1942 3499 1990 transeuntes
3522 1930 3781 1990 turbatet

2193 2023 2542 2094 depredatur.
2564 2023 2721 2090 Quod
2753 2024 2909 2079 multi
2941 2026 3216 2094 timentes,
3247 2026 3374 2084 licet
3402 2027 3586 2094 inviti,
3611 2026 3781 2098 ipsum

2194 2115 2497 2172 adorabant
2509 2126 2563 2173 et
2583 2116 2802 2188 magnis
2819 2118 3145 2174 muneribus
3159 2118 3528 2176 honorabant.
3554 2119 3780 2175 Alexano

2193 2208 2291 2265 der
2308 2223 2470 2279 papa,
2490 2201 2770 2265 Romanos
2793 2209 3003 2265 habens
3034 2217 3340 2281 suspectos,
3356 2210 3426 2266 ad
3444 2208 3783 2266 Tusculanos

2195 2315 2255 2356 se
2275 2299 2528 2356 contulit.
2547 2300 2853 2369 Paschalis,
2873 2301 2968 2372 qui
2992 2311 3047 2357 et
3072 2300 3261 2370 Wido,
3282 2302 3587 2373 assumptis
3605 2306 3781 2359 secum

2195 2393 2541 2463 imperatoris
2570 2393 2697 2466 (MO
2745 2401 2793 2466 ),
2822 2392 3132 2450 Cisternam
3150 2391 3405 2461 Neronis,
3421 2394 3519 2449 ubi
3554 2394 3780 2451 Alexan-

2194 2484 2293 2541 der
2315 2500 2453 2555 papa
2484 2484 2662 2542 fuerat
2682 2492 3059 2554 consecratus,
3095 2495 3269 2543 totam
3309 2499 3451 2542 terre
3477 2486 3776 2559 eoequavit.

2196 2576 2374 2647 (Auct.
2398 2577 2615 2649 Aquic.)
2638 2576 2925 2648 Philippus
2950 2593 3136 2635 eomes
3158 2578 3437 2646 Flandrie,
3461 2587 3520 2634 et
3540 2578 3782 2634 Matheus

2196 2666 2367 2723 frater
2392 2668 2513 2739 ejus
2538 2684 2727 2725 comes
2747 2668 2997 2738 Bolonie,
3021 2680 3077 2726 et
3109 2669 3443 2727 Godc'fridus
3475 2671 3588 2727 dux
3613 2670 3780 2726 Lova~

2194 2762 2423 2830 niensis,
2453 2778 2580 2819 cum
2609 2772 2818 2834 septem
2849 2762 2963 2820 fere
2986 2764 3211 2821 milibus
3240 2765 3462 2820 navium
3488 2765 3781 2836 expeditio-

2196 2870 2319 2912 nem
2366 2866 2587 2913 movent
2632 2858 2897 2913 adversus
2927 2857 3326 2914 Theodericum
3362 2858 3626 2915 comitem
3666 2857 3782 2913 Hol~

2195 2944 2405 3015 landie;
2452 2964 2617 3019 quem
2657 2949 2712 3004 in
2762 2949 3096 3006 deditionem
3146 2951 3456 3007 venientem
3512 2968 3643 3007 cum
3678 2951 3784 3007 suis

2196 3050 2382 3096 comes
2411 3040 2665 3097 Flandrie
2684 3042 2890 3098 diutius
2914 3042 3089 3098 tenuit
3118 3043 3171 3098 in
3204 3044 3542 3115 captivitate.
3576 3042 3710 3117 (Ιὺ.)
3730 3042 3784 3098 In

2197 3130 2457 3188 Gandavo
2487 3131 2669 3189 infans
2702 3141 2865 3190 natus
2889 3143 2974 3191 est
3005 3135 3172 3191 trium
3204 3136 3469 3207 capitum,
3501 3136 3711 3193 habens
3734 3136 3783 3191 in

2197 3223 2340 3278 collo
2375 3223 2606 3277 caudam
2632 3224 2879 3293 pecudis.
2914 3224 3178 3281 Similiter
3206 3226 3262 3280 in
3286 3227 3412 3281 villa
3439 3227 3620 3282 sancti
3649 3225 3781 3282 Petri

2196 3313 2433 3384 quedam
2466 3312 2669 3369 femina
2707 3314 2962 3371 undecim
2993 3316 3277 3373 mensibus
3307 3316 3557 3389 gravida,
3584 3317 3782 3389 peperit

2196 3414 2527 3472 monstrum,
2554 3406 2813 3461 deorsum
2852 3405 3151 3463 formatum
3176 3417 3234 3463 nt
3260 3409 3545 3479 pharetra,
3569 3415 3782 3466 sursum

2197 3499 2455 3570 utgalea,
2496 3499 2571 3554 ibi
2616 3500 2825 3557 habens
2866 3502 2982 3557 duo
3018 3506 3228 3559 cernua
3262 3503 3434 3576 (411).
3475 3503 3615 3576 (ιι.)
3648 3503 3781 3560 Obiit

2197 3589 2398 3645 domna
2429 3590 2619 3646 Sibilla
2652 3590 3075 3649 Flandrensium
3108 3595 3410 3664 comitissa,
3452 3596 3547 3667 pie
3583 3609 3782 3651 memo-

2199 3682 2299 3749 rie,
2328 3691 2619 3753 postquam
2663 3682 2732 3738 I0
2762 3685 2926 3741 annis
2946 3684 3322 3744 Iherosolimis
3350 3688 3494 3759 apud
3528 3685 3781 3745 Sanctum

2200 3770 2469 3829 Lazarum
2498 3774 2782 3830 servierat.

2292 3865 2450 3920 1166.
2669 3866 2757 3922 14.
2976 3869 3069 3925 SI;
3288 3868 3379 3925 ii:
3604 3872 3659 3929 ι.

2270 3946 2573 4027 Imperator
2591 3957 2916 4017 Frcdericns
2940 3962 3007 4016 ad
3029 3961 3380 4019 debellandos
3399 3962 3679 4021 Romanos
3700 3965 3781 4020 ad-

2200 4059 2480 4106 versantes
2530 4051 2634 4106 sibi
2667 4055 2969 4109 exercitum
3016 4054 3073 4109 in
3118 4053 3329 4111 Italiam
3380 4056 3572 4112 mittit.
3612 4058 3775 4129 (Auct.

2166 4192 2172 4197 _
2199 4142 2417 4214 Aquic.)
2462 4143 2674 4200 Bellum
2704 4146 2846 4201 inter
2877 4146 3213 4203 Ludovicum
3237 4165 3418 4220 regem
3451 4148 3777 4207 Francorum

2198 4245 2251 4291 et
2283 4234 2579 4291 Henrieum
2618 4252 2803 4310 regem
2839 4238 3142 4311 Anglorum
3179 4256 3285 4312 pro
3304 4244 3456 4314 regni
3479 4243 3567 4298 sui
3601 4244 3773 4299 termi—

2199 4329 2305 4385 nis.
2337 4328 2647 4385 Ludovicus
2689 4348 2787 4387 rex
2837 4332 3049 4389 auxilio
3082 4333 3321 4406 Philippi
3371 4336 3780 4394 Flamlreusium

2199 4421 2418 4476 comitis
2441 4437 2619 4492 regem
2634 4423 2935 4493 Anglorum
2954 4424 3126 4498 fugat,
3151 4436 3203 4482 et
3226 4439 3328 4498 pax
3349 4429 3489 4484 inter
3508 4445 3607 4487 eos
3621 4445 3778 4503 usque

2199 4512 2254 4566 in
2283 4512 2494 4568 Pascha
2528 4516 2811 4585 sequentis
2841 4518 2971 4572 anui
2999 4517 3269 4576 ﬁrmatur.
3308 4522 3433 4594 (An.
3468 4521 3653 4595 1167.)
3682 4524 3777 4579 Du-

2202 4613 2328 4659 catu
2358 4602 2608 4659 Ilainaldi
2629 4604 2976 4665 Coloniensis
2994 4612 3391 4684 archiepiscopi
3414 4624 3469 4670 et
3491 4613 3777 4672 Christiani

2203 4695 2630 4767 Magunticnsis,
2664 4698 2960 4756 Alexandri
3005 4720 3227 4775 quoque
3282 4705 3636 4765 Leodicensis
3677 4710 3777 4780 epi-

2203 4789 2376 4858 scopi,
2400 4791 2684 4848 orientalls
2708 4793 2984 4851 exercitus
2995 4795 3269 4854 Frederici
3293 4800 3643 4871 imperatoris
3663 4811 3776 4857 stra-

2203 4893 2324 4950 gem
2367 4878 2497 4934 fecit
2530 4881 2844 4950 quindecim
2869 4887 3081 4943 milium
3122 4889 3189 4945 de
3230 4889 3515 4959 Romanis,
3552 4892 3778 4964 reliquos

2204 4985 2379 5040 usque
2397 4971 2466 5027 ad
2497 4970 2751 5044 Tyberim
2788 4975 2958 5049 fugat.
2992 4978 3300 5050 Supradicti
3339 4983 3605 5055 episcopi,
3635 4997 3777 5039 exce-

2202 5071 2296 5133 pto
2322 5062 2711 5135 Maguntiensi,
2744 5077 2799 5123 et
2824 5068 3060 5128 Karqus
3085 5072 3220 5141 dux,
3256 5073 3403 5131 filius
3426 5074 3665 5132 Conradi
3694 5078 3776 5129 int-

2198 5156 2488 5224 peratoris,
2515 5173 2641 5212 cum
2676 5161 2864 5217 multis
2890 5162 3015 5221 aliis
3055 5165 3255 5221 ibidem
3286 5168 3597 5237 pestilentia
3638 5182 3772 5223 mor-

2199 5246 2279 5301 tui
2318 5258 2465 5303 sunt.
2495 5248 2630 5305 Ossa
2671 5266 2803 5308 vero
2833 5252 3085 5313 Rainaldi
3120 5258 3518 5332 archiepiscopi
3561 5259 3775 5317 Colonis

2202 5348 2329 5394 sunt
2356 5341 2546 5407 relata,
2580 5350 2635 5396 et
2659 5340 2716 5397 in
2746 5346 2975 5402 ecclesia
3007 5349 3152 5404 beati
3174 5349 3323 5406 Petri
3346 5351 3577 5408 honeste
3603 5361 3770 5407 tumu-

2200 5429 2331 5484 lata.
2372 5430 2649 5492 Successit
2683 5438 2733 5493 ei
2768 5438 2824 5491 in
2852 5441 3172 5511 episcopatu
3200 5441 3488 5515 Philippus
3512 5442 3766 5501 archidia—

2205 5535 2379 5578 conus
2412 5524 2556 5597 ejus,
2602 5527 2749 5585 filius
2779 5528 3011 5587 Gozvini
3044 5531 3112 5588 de
3156 5531 3410 5590 Falconis
3458 5542 3658 5591 monte.
3686 5529 3769 5585 Pio

2052 5626 2285 5688 NOTAE.

586 5705 735 5827 (sui?
794 5704 930 5790 “me
982 5710 1131 5792 prior
1191 5710 1550 5768 Continuator
1598 5715 1987 5798 Aquicinensis
2027 5736 2094 5779 ex

586 5788 661 5827 In.
729 5776 1159 5827 Iandlmensllnm
1180 5783 1246 5827 ad
1273 5784 1498 5827 vol-Imm
1524 5784 1886 5827 deem-meam:

513 5764 661 5837 alia.
685 5764 1159 5838 Iitandinierisibus
1180 5764 1257 5840 au
1273 5764 1907 5859 venm'aeseasgesi

1954 5928 1994 5940 ἢ

2275 5725 2496 5807 ’λ
2521 5739 2732 5807 χιοθιιῃ
2766 5732 2970 5807 aliquid
3009 5724 3423 5807 deesse,4E.AP.'

2269 5797 2417 5868 (411)
2452 5796 2675 5859 Primus
2698 5796 2896 5860 horum
2920 5803 3042 5859 fons
3065 5796 3303 5862 Annales
3324 5804 3572 5864 Blaudin.
