3914 6314
106 349 193 406 30$

932 324 1305 386 CHRONICA.
1339 354 1395 363 τοι
1441 318 1917 385 CONTINUATIO
1954 314 2464 387 AQUICINCTINA.

3243 317 3350 376 306

108 453 345 518 memorie
368 450 605 508 domnus
631 444 930 510 Gozvinus,
963 443 1133 499 abbas
1157 424 1546 511 Aquicinen'sis
1571 452 1659 490 sc-
1688 420 1945 498 A'suum,
1964 427 2473 518 virumisapientem
2492 431 2547 482 et
2562 423 2999 497 magnanimum,
3023 441 3150 481 cum
3165 426 3351 487 valido

106 554 304 624 ptimus,
327 542 555 601 caritate
575 536 827 603 illustris,
855 542 1069 591 amator
1090 532 1244 604 pacis
1270 540 1326 586 ct
1356 527 1661 600 religionis,

107 618 148 692 '7.
176 636 242 692 Id.
268 630 457 698 Octob.
503 629 649 685 circa
692 625 928 682 mediam
972 630 1210 689 noctem,
1253 620 1340 676 die
1367 618 1663 683 dominica,

106 732 215 799 luna
249 725 331 795 11,
363 718 663 779 indictione
708 719 797 783 14,
839 717 907 772 de
945 716 1051 771 hoc
1086 713 1273 771 seculo
1319 712 1535 768 transiit
1569 710 1663 781 (cf.

106 823 224 876 Ann.
255 815 406 888 Aq.);
434 828 547 888 quo
572 813 627 868 iu
659 809 897 881 ecclesia
921 809 1077 864 beate
1105 805 1276 861 Marie
1303 819 1517 874 semper
1552 803 1665 857 vir-

107 913 250 986 ginis,
289 909 344 966 in
391 892 518 968 loco
562 905 657 961 ubi
699 919 859 962 orare
894 910 1280 969 consueverat,
1314 915 1440 959 cum
1468 914 1669 967 magno

109 1010 319 1065 ﬁliorum
347 1020 575 1063 suorum
606 1002 809 1075 gemitu
859 1000 1153 1067 tumulato,
1190 997 1497 1054 Alexander
1523 996 1670 1067 prior

108 1099 325 1172 ejusdem
350 1094 586 1154 ecclesie
605 1094 657 1151 ei
682 1102 912 1150 octavus
936 1091 1200 1149 succedit.
1230 1088 1425 1161 Magna
1437 1088 1551 1144 vini
1572 1087 1670 1142 ha-

110 1189 383 1263 bundantia

252 1282 407 1339 1167.
506 1280 695 1337 Β.15.
793 1278 972 1335 F.5‘2.
1068 1276 1249 1333 A.l3.
1347 1273 1414 1329 Η.
1463 1274 1516 1329 5.
1617 1300 1620 1304 ι

167 1375 471 1432 Fredericus
530 1374 829 1444 imperator
878 1370 1160 1427 ltalienses
1214 1368 1424 1424 levibus
1486 1364 1673 1437 prelils

111 1466 293 1537 tundit;
323 1466 401 1520 illi
431 1474 620 1522 autem
644 1464 1015 1537 prolibertate
1040 1462 1216 1533 patrie
1243 1477 1343 1516 sue
1370 1457 1570 1515 tuenda
1592 1472 1675 1513 sa-

112 1562 170 1616 tis
187 1557 420 1625 animati,
464 1557 536 1612 de
563 1556 823 1612 omnibus
845 1570 985 1627 pene
1020 1554 1172 1610 Italic
1211 1552 1525 1610 civitatibus
1567 1564 1674 1620 que

112 1652 234 1711 inter
257 1650 419 1720 Alpes
439 1656 498 1705 et
526 1648 762 1704 Romam
806 1647 1137 1712 consistunt,
1179 1646 1237 1700 in
1274 1661 1447 1701 unum
1480 1659 1676 1701 conve-

1764 520 2010 577 exercitu
2057 520 2114 577 in
2155 517 2363 573 italiam
2399 516 2581 583 misit;
2613 514 2709 592 qui
2750 515 3099 588 imperatoris
3124 515 3356 577 rebelles

1764 610 1997 666 viriliter
2042 609 2326 677 invadens,
2367 607 2705 663 munitiones
2755 621 2946 662 eorum
2981 606 3271 677 destruxit,
3301 617 3357 665 et

1768 693 2018 759 civitates
2040 700 2201 771 cepit,
2230 713 2594 770 magnamque
2627 704 2837 768 partem
2866 694 3016 752 Italic
3041 697 3356 767 imperatori

1767 793 2003 865 subegit.
2056 790 2355 847 Balduinus
2403 789 2610 862 junior,
2655 787 2800 844 ﬁlius
2842 787 3097 843 Balduini
3139 789 3358 844 comitis

1770 883 2224 956 Haginoeusium,
2249 897 2477 938 uxorem
2501 880 2659 937 duxit
2677 878 3068 952 Margaretam,
3111 894 3361 935 sororem

1768 972 2003 1047 Philippi
2032 971 2252 1027 comitis
2283 969 2704 1027 Flandreusium
2730 966 2902 1040 (414).

1928 1063 2104 1119 1170..
2305 1062 2391 1118 18.
2575 1062 2665 1117 35.
2849 1060 2938 1115 16.
3154 1060 3209 1115 8.

1841 1156 2131 1222 Henricus,
2160 1171 2256 1212 rex
2286 1153 2501 1226 Anglie,
2538 1152 2833 1209 Henricum
2863 1152 3037 1207 filium
3089 1167 3253 1207 suum
3306 1152 3362 1206 in

1770 1265 1953 1322 regem
1998 1249 2260 1305 sublimat
2285 1247 2342 1302 in
2368 1247 2562 1318 Anglia
2592 1262 2690 1317 per
2729 1261 2926 1301 manus
2968 1244 3367 1316 archiepiscopi

1772 1340 2134 1397 Eboracensis
2178 1340 2409 1410 ejusque
2435 1337 2926 1407 suﬂ‘raganeorum.
2953 1334 3082 1391 lndc
3117 1335 3369 1391 simultas

1775 1435 1916 1490 inter
1939 1432 2207 1488 Thomam
2234 1430 2712 1501 archiepiscopum
2731 1428 3186 1484 Cantuariensem
3207 1442 3371 1482 exor-

1774 1536 1827 1583 ta
1869 1536 1954 1583 est
1980 1536 2036 1583 et
2073 1526 2476 1581 Eboracensem
2525 1522 3037 1594 archiepiscopum,
3091 1523 3223 1592 quia
3273 1535 3368 1576 rex

1772 1625 2094 1696 Anglorum,
2121 1625 2277 1695 juxta
2307 1623 2592 1695 privilegia
2620 1618 3368 1691 Romanorum'pontiﬁcum

112 1708 633 1810 hienm,'civiumm
668 1708 1132 1795 Mcdiohnenseni
1164 1738 1378 1810 egregie
1406 1736 1672 1792 munitam
1712 1796 1754 1810 _
1783 1717 2030 1772 ecclesiae
2072 1715 2459 1771 Cantuarieusi
2502 1714 2701 1770 collata
2730 1754 2746 1779 ,
2786 1712 3051 1768 debuerat
3079 1709 3271 1781 inungi
3303 1708 3373 1761 ab

114 1796 1677 1903 rectiilic'antﬁncontemptumimperatoris.(Auct..4quic.)
1712 1796 1756 1859 Β
1782 1808 2197 1903 ἕτεηίθρίεοορο
2235 1806 2644 1864 θωηῑθήθπῂ
2694 1804 2949 1874 Exceptis
2996 1803 3120 1858 aliis
3161 1800 3369 1865 cauSis'

117 1923 393 1995 Ludovicus
414 1938 515 1978 rex
546 1922 887 1982 Francorum
920 1930 976 1976 et
1001 1919 1286 1997 Philippus
1310 1934 1496 1975 comes
1520 1918 1679 1974 Flau-

114 2015 365 2071 drensium
422 2014 629 2071 iterum
677 2021 901 2069 movent
953 2011 1359 2084 expeditionem
1414 2012 1680 2069 adversus

116 2106 378 2173 llenricum
404 2120 593 2178 regem
616 2104 829 2176 Anglic.
857 2102 1088 2173 Francis
1112 2102 1484 2163 invidentibus
1503 2110 1557 2158 et
1585 2102 1680 2157 de-

114 2202 426 2272 trahentibus
460 2200 847 2275 frequentibus
876 2199 1013 2255 bene
1039 2199 1210 2271 gestis
1242 2197 1479 2269 Philippi
1515 2197 1685 2254 comi-

117 2296 191 2362 tis,
213 2295 321 2350 sine
352 2292 515 2350 laude
546 2292 855 2348 revertitur.
906 2290 1041 2364 (1b.)
1079 2288 1227 2346 Obiit
1251 2289 1548 2347 Nicholaus
1577 2289 1681 2344 Ca-

117 2385 416 2449 meracensis
442 2384 758 2456 episcopus.
796 2382 1012 2449 Petrus,
1049 2381 1197 2450 illius
1226 2374 1546 2450 Theoderici
1581 2395 1680 2435 co-
1764 2430 1771 2435 .

1768 2455 2052 2528 ﬁrmetur.
2077 2451 2223 2515 Obiit
2246 2450 2546 2509 Balduinus
2573 2450 2661 2505 IV.
2689 2465 2878 2506 comes
2900 2447 3283 2519 Haginoensis,
3316 2445 3372 2501 6.

121 2477 245 2534 mitis
261 2476 700 2547 Flandrensium,
745 2476 800 2530 in
839 2476 960 2531 loco
989 2474 1110 2545 ejus
1152 2473 1390 2544 eligitur.
1437 2471 1680 2529 Ecclesia

118 2571 271 2629 sancti
307 2569 510 2626 Bertiui
549 2569 706 2625 valde
750 2567 1044 2638 infestatur
1066 2584 1100 2622 a
1125 2566 1464 2622 Theoderico
1484 2566 1684 2627 c'omite

121 2661 426 2729 flandrensi,
450 2671 580 2720 astu
601 2671 657 2717 et
672 2660 1031 2732 persuasione
1052 2658 1278 2715 Roberti
1298 2657 1549 2714 Ariensis
1568 2674 1685 2729 pre-

120 2756 277 2833 positi,
304 2756 549 2826 ejusdem
587 2754 807 2811 comitis
835 2751 1149 2811 caucellarii
1180 2750 1353 2824 (412).
1388 2749 1543 2807 Unde
1571 2750 1682 2806 Go-

120 2846 371 2903 descalcus
394 2847 573 2903 abbas
601 2854 656 2901 et
684 2845 886 2901 fratres
929 2843 1176 2914 ejusdem
1223 2841 1456 2898 ecclesic
1498 2840 1684 2896 animo

122 2939 420 3001 consternati
455 2947 514 2995 et
565 2939 808 3003 humano
835 2936 1042 2992 auxilio
1071 2935 1343 3003 destituti,
1378 2934 1463 2991 bis
1505 2934 1560 2989 in
1597 2933 1687 2990 die

121 3040 203 3113 pro
231 3030 577 3086 tribulatione
622 3030 714 3099 illa
755 3030 1055 3085 clamorem
1100 3028 1169 3105 ad
1208 3027 1381 3083 Deum
1412 3026 1688 3082 faciebant

123 3122 345 3191 prostrati
418 3122 489 3179 ad
547 3122 778 3195 m'issam
824 3120 1033 3191 scilicet
1079 3127 1137 3175 ει
1183 3120 1241 3174 in
1286 3118 1395 3175 ﬁne
1443 3118 1686 3189 οοωρξε..
1714 3152 1755 3211 Γ
1791 3118 2155 3168 subverteret,
2181 3118 2460 3168 suvasque
2488 3118 2761 3153 evelleru.
2794 3118 2939 3149 "le
2959 3118 3140 3149 cetera
3175 3118 3377 3146 tcuqu

125 3214 228 3259 lnrii
449 3192 454 3198 ’
1741 3186 1756 3209 ⁴
1791 3189 2032 3259 maxime
2076 3189 2247 3259 turris
2302 3188 2480 3244 sancti
2530 3185 2800 3252 Johannis
2849 3182 3084 3256 baptistc
3128 3180 3379 3247 Lauduni

125 3214 231 3287 lor“.

182 3305 304 3362 nos
543 3307 633 3379 ιθ.
849 3306 940 3376 55.
1162 3305 1247 3361 it.
1494 3303 1549 3360 6.

180 3389 308 3457 Obiit
335 3416 522 3462 euntes
546 3400 920 3470 Theodericus
940 3398 1313 3467 Flandrensis,
1342 3397 1397 3452 in
1411 3396 1541 3465 villa
1568 3395 1684 3463 illa,

124 3508 263 3570 quam
287 3503 473 3551 sancto
508 3492 737 3549 Bertino
772 3485 1073 3549 abstulerat
1106 3505 1204 3562 per
1230 3489 1545 3545 violentiam
1574 3487 1685 3544 Ro-

129 3582 243 3639 berti
268 3585 553 3658 prepositi.
588 3583 843 3641 Succedit
880 3584 930 3639 ei
975 3584 1031 3637 in
1064 3582 1330 3639 comitatu
1360 3579 1687 3645 Flandrensi
1772 3630 1777 3633 _

128 3674 249 3743 [ilius
272 3675 384 3747 ejus
406 3675 728 3747 Philippus;
774 3676 869 3747 qui
907 3682 1035 3731 ante
1082 3682 1315 3730 mortem
1364 3673 1540 3743 patris
1576 3672 1684 3738 sui,
1780 3709 1790 3721 .

129 3761 347 3820 defuncto
358 3765 651 3837 Rodulpho
669 3767 873 3837 juvene
892 3764 1094 3822 comite
1110 3762 1519 3843 Virmandensi,
1539 3777 1692 3818 eum-

131 3853 231 3908 dem
257 3857 571 3929 comitatum
597 3871 694 3926 per
728 3871 957 3930 uxorem
988 3854 1141 3932 (415)
1173 3853 1277 3925 sibi
1314 3854 1560 3921 debitum
1589 3851 1688 3907 ob—

131 3944 350 4010 tinuerat.
390 3947 694 4004 Balduinus
723 3962 913 4004 comes
959 3945 1262 4016 Montensis
1304 3953 1361 4017 et
1405 3945 1689 4018 Philippus

131 4050 285 4103 eomes
308 4038 563 4096 Flandrie
593 4039 1040 4113 confederantur.

188 4127 325 4185 ηδε).
544 4130 636 4204 η,
851 4130 944 4201 si.
1162 4130 1255 4200 45,
1502 4128 1552 4184 7.

187 4218 486 4282 Fredericus
517 4225 818 4296 imperator
840 4224 910 4280 ad
933 4222 1378 4295 comprimendos
1407 4220 1695 4287 ltalienses

134 4308 197 4367 ire
217 4312 518 4386 disponens,
544 4314 845 4390 lienricum
870 4316 1050 4387 ﬁlium,
1071 4331 1234 4373 suum
1258 4315 1439 4382 adhuc
1458 4328 1693 4385 puerum

134 4399 179 4471 in
204 4418 365 4476 regem
412 4407 681 4477 sublimat
724 4406 900 4479 Aquis
943 4406 1102 4479 (Aug.
1133 4407 1247 4476 15).
1293 4403 1444 4460 Nova
1488 4403 1688 4467 iterum

1738 1928 1740 1931 τ
1784 1899 1885 1955 hec
1908 1900 2147 1965 maxime
2171 1913 2338 1954 causa
2361 1898 2523 1953 beato
2543 1896 2753 1957 Thome
2778 1896 3011 1951 contulit
3032 1894 3366 1966 passionem.

1783 1990 2095 2047 Ludovicus
2142 2006 2237 2046 rex
2286 1988 2631 2053 Francorum
2660 1997 2715 2043 et
2741 1986 3011 2048 Henricus
3056 1985 3241 2041 senior
3275 2000 3372 2039 rex

1782 2083 2087 2155 Anglorum
2140 2083 2209 2145 ad
2262 2091 2519 2138 mutuum
2570 2088 2945 2139 convenerunt
2994 2076 3367 2149 colloquium;

1784 2180 1881 2236 ubi
1937 2178 2180 2234 Thomas
2243 2176 2692 2247 archiepiscopus
2770 2170 3183 2233 Cantuariensis
3244 2186 3373 2225 cum

1784 2272 2074 2343 utriusque
2110 2270 2266 2342 regni
2314 2267 2670 2339 optimatibus
2730 2264 2926 2331 aﬂ‘uit,
2971 2272 3025 2320 et
3071 2279 3178 2335 pax
3232 2263 3374 2318 inter

1784 2362 1966 2434 ipsum
2007 2369 2063 2417 et
2089 2376 2272 2432 regem
2301 2359 2493 2431 Anglic
2516 2358 2692 2429 magis
2735 2358 2991 2428 palliatur
3038 2371 3206 2427 quam
3241 2371 3374 2410 con—

1784 2544 1913 2603 ldus
1945 2542 2292 2610 Novembris,
2317 2551 2372 2598 et
2400 2543 2455 2596 in
2490 2549 2676 2597 monte
2706 2539 3012 2595 Castriloco
3033 2548 3087 2594 et
3114 2539 3170 2592 in
3196 2537 3376 2593 eccle-

1785 2638 1869 2694 sia
1897 2645 2087 2693 sancte
2129 2634 2501 2691 Waldetrudis
2545 2634 2616 2689 ab
2660 2633 2972 2688 Alexandro
3020 2629 3378 2701 Aquicinensi

1784 2730 1982 2787 abbaee
2009 2728 2464 2801 sepelitur(415).
2502 2724 2784 2781 Successit
2802 2724 2850 2780 ei
2888 2721 3191 2777 Balduiuus
3229 2719 3375 2777 ﬁlius

1786 2823 1931 2894 ejus,
1963 2822 2129 2892 hujus
2154 2820 2395 2876 nominis
2433 2834 2620 2875 comes
2644 2817 2890 2888 quintus.
2919 2813 3044 2885 Ipso
3068 2813 3157 2869 die
3177 2822 3377 2867 ventus

1785 2916 2083 2972 vehemens
2106 2956 2122 2981 ,
2159 2914 2340 2985 pluvie
2387 2913 2614 2978 mixtus,
2656 2910 3003 2982 periculosus
3031 2916 3088 2964 et
3114 2907 3382 2978 dampna-

1790 3024 1888 3064 sus
1922 3006 2141 3071 extitit,
2190 3006 2246 3060 in
2286 3013 2520 3071 tantum,
2552 3012 2612 3059 ut
2630 3003 2846 3071 domos,
2876 3009 3059 3056 turres
3081 3009 3136 3055 et
3165 2998 3381 3055 editicia

1791 3103 2155 3168 subverteret,
2181 3099 2460 3168 silvasque
2488 3096 2761 3153 evelleret.
2793 3093 2939 3149 Inter
2959 3101 3140 3149 cetera
3175 3099 3377 3146 tectum

1786 3281 1987 3347 evulsit
2009 3290 2064 3337 et
2094 3281 2311 3352 longius
2335 3296 2367 3334 a
2394 3279 2603 3349 templo
2638 3277 2889 3350 projecit.
2925 3260 3177 3331 Thomas
3195 3273 3378 3351 archi-

1787 3373 2079 3446 episcopus
2127 3371 2543 3443 Cantuariensis
2589 3387 2623 3426 a
2676 3369 2911 3437 llenrico
2956 3383 3083 3440 rege
3129 3366 3379 3436 septenni

1787 3454 1953 3523 eXilio
1981 3465 2292 3536 injuriatus,
2322 3462 2540 3519 tandem
2565 3462 2738 3537 ipsius
2762 3461 2906 3532 regis
2929 3460 3226 3531 permissu,
3254 3464 3381 3527 ante

1788 3559 1969 3614 natale
1995 3557 2230 3626 Domini,
2257 3556 2325 3612 ad
2351 3571 2511 3621 suam
2530 3555 2716 3612 sedem
2741 3553 3053 3610 revertitur.

1861 3651 2019 3713 1171.
2202 3651 2289 3706 19.
2471 3647 2561 3704 56.
2745 3645 2832 3706 17.
3055 3644 3108 3698 9.

1861 3745 2123 3811 Thomas,
2153 3743 2603 3815 archiepiscopus
2624 3737 2922 3796 Cantuarie
2954 3753 3020 3793 ac
3040 3735 3256 3806 primas
3293 3743 3379 3789 to—

1788 3840 1900 3895 tius
1942 3837 2225 3893 Britannic
2249 3879 2264 3904 ,
2309 3837 2404 3891 diu
2431 3835 2501 3891 ab
2529 3832 2766 3891 Henrico
2794 3846 2920 3904 rege
2949 3829 3170 3902 injuriis
3195 3836 3252 3884 et
3270 3828 3383 3883 exi—

1795 3932 1854 3987 lii
1890 3930 2211 4003 fatigatione
2241 3929 2492 3996 alllictus,
2516 3927 2605 3984 die
2645 3927 2698 3983 5.
2737 3924 3042 3981 nativitatis
3069 3920 3385 3987 dominicae,

1791 4024 1847 4080 in
1876 4024 2074 4095 majori
2101 4021 2354 4088 ecclesia,
2388 4021 2524 4083 hora
2546 4035 2712 4086 nona,
2754 4028 2881 4075 ante
2910 4016 3185 4089 quoddam
3210 4014 3384 4070 altare

1790 4131 1822 4170 a
1849 4114 2179 4172 satellitibus
2208 4113 2407 4185 prefati
2427 4112 2573 4185 regis
2593 4112 2771 4185 capite
2796 4111 3066 4178 mutilato,
3096 4108 3382 4178 elfusoquo

1790 4207 2039 4283 cerebro,
2089 4207 2145 4262 in
2186 4205 2607 4278 congregatione
2654 4190 3020 4275 pretiosorum
3068 4208 3374 4272 martyrum

1791 4306 2092 4356 coronatur
2117 4314 2150 4355 a
2190 4298 2425 4354 Domino
2476 4298 2588 4369 (an.
2640 4296 2834 4367 H70);
2883 4294 2955 4351 ad
2993 4294 3155 4366 cujus
3195 4292 3383 4365 sepul-

1790 4394 1988 4450 chrum
2013 4394 2153 4449 mira
2192 4401 2249 4449 et
2281 4391 2532 4459 inaudita
2581 4406 2679 4462 per
2712 4390 2832 4460 ejus
2871 4389 3067 4445 merita
3097 4402 3129 4442 a
3158 4385 3384 4445 domina

136 4489 363 4561 Romanis
381 4497 672 4571 consurgit
697 4498 881 4567 ruina,
906 4478 1035 4569 quia
1056 4478 1187 4555 cum
1209 4491 1543 4564 Tusculanis
1566 4491 1686 4561 bel-
1713 4492 1767 4554 D
1941 4486 2083 4557 fiunt
2111 4485 2399 4555 miracula.
2424 4483 2734 4551 Alexander
2772 4496 2914 4567 papa
2941 4489 2997 4536 et
3035 4494 3230 4535 omnes
3261 4478 3384 4548 epi-

135 4578 227 4639 lum
258 4586 405 4643 civile
447 4589 724 4671 ineun_tes,
759 4603 901 4671 pene
938 4601 1117 4671 usque
1160 4585 1230 4641 ad
1278 4581 1685 4639 internitionem

136 4672 333 4745 Bomani
355 4681 519 4751 deleti
561 4663 711 4752 sunt.
889 4681 958 4737 de
989 4661 1160 4736 causa
1186 4676 1462 4745 discordia
1487 4689 1687 4747 magna

136 4765 254 4825 inter
301 4771 671 4843 Alexandrum
721 4787 920 4844 papam
975 4779 1031 4841 et
1073 4769 1353 4841 liomanos
1401 4775 1523 4823 orta
1579 4773 1682 4820 est.

136 4856 403 4919 Alexander
414 4880 556 4943 papa
577 4864 784 4936 auxilia
810 4863 1048 4919 militum
1064 4860 1446 4929 undecumque
1469 4864 1688 4925 contra-

133 4945 266 5019 hens,
288 4944 406 5010 cum
428 4955 760 5029 Tusculanis
779 4952 1072 5025 Romaan
1101 4959 1157 5008 et
1176 4948 1522 5022 imperatoris
1556 4946 1689 5019 (ide-

136 5040 202 5110 !es
236 5045 544 5105 debellabat.
590 5047 918 5104 Fredericus
953 5054 1134 5103 autem
1180 5043 1480 5113 imperator
1523 5036 1685 5097 Chri-

139 5132 344 5193 stianum
370 5139 841 5212 archiepiscopum
870 5134 1272 5208 Moguntinum,
1299 5128 1686 5201 cancellarium

1793 4578 1946 4648 scopi
1973 4576 2206 4634 Francie
2232 4574 2612 4645 interfectores
2632 4560 3029 4645 archiepiscopi
3055 4570 3384 4648 anathema-

1792 4639 1996 4741 tysant.
2036 4639 2314 4731 Henricus
2337 4639 2433 4722 rem
2473 4639 2671 4736 ‘Anglie
2700 4677 2801 4734 pro
2821 4639 3210 4717 interiectione
3237 4658 3383 4715 beati

1794 4757 2005 4823 Thome
2054 4758 2124 4814 ab
2153 4758 2410 4813 omnibus
2440 4764 2501 4810 ut
2521 4762 2771 4826 apostata
2827 4752 3131 4815 vilissimus
3176 4766 3387 4809 exosus

1794 4852 2047 4923 habetur.
2089 4848 2459 4920 Christianus,
2493 4845 2854 4919 cancellarius
2882 4841 3233 4915 imperatoris
3259 4841 3388 4897 Fre-

1797 4942 1990 5009 derici,
2015 4941 2385 4997 Alexandrum
2411 4955 2604 5015 papam
2625 4946 2682 4994 et
2703 4937 3046 5001 Tusculanos
3064 4933 3383 5007 imperatori

1799 5034 2029 5089 rebelles
2051 5034 2404 5101 obsessurus,
2437 5031 2811 5099 Tusculanum
2846 5028 3040 5102 pergit.
3074 5025 3385 5100 Alexander

1797 5134 1982 5181 autem
2020 5139 2195 5194 papa,
2244 5124 2448 5195 veritus
2492 5123 2869 5193 imminentem
2914 5114 3041 5191 jam
3078 5108 3382 5177 cervicibus

1604 5258 1837 5321 NOTAE.

196 5354 330 5482 (ΗΞ)
369 5378 393 5443 ξ
428 5360 504 5417 De
522 5361 740 5417 civitate
762 5361 1005 5417 Carnoto
1032 5365 1209 5424 ortus,
1237 5371 1402 5428 quem
1432 5354 1526 5438 .de.
1551 5368 1687 5425 pau-

139 5434 464 5549 ἰξὲηῐθιὲἱᾞ
500 5431 789 5549 ξῖήιίἒρυε
813 5446 1000 5549 «emes
1045 5428 1315 5511 Flandrite
1351 5428 1684 5509 ditissimum

315 5539 330 5549 .
466 5521 479 5549 ι
565 5517 635 5549 an
676 5517 755 5549 na
777 5510 831 5549 et
898 5500 1200 5549 iromandia
1220 5506 1681 5549 notentismmum.

158 5498 330 5569 μηδι,
356 5510 409 5554 et
427 5501 479 5555 iu
500 5498 755 5557 Flandria
777 5510 831 5557 et
848 5499 1201 5566 Viromandia
1220 5498 1681 5569 potentissimum.

280 5556 289 5567 ο

142 5560 365 5636 Quicum
393 5572 635 5626 omnium
665 5571 779 5628 fere
796 5562 1152 5627 ecclesiarum
1182 5560 1239 5623 in
1264 5567 1518 5627 Flandria
1548 5580 1685 5636 pra:-

144 5634 386 5710 Posilltras
407 5642 696 5708 obtineret,
724 5653 905 5698 tamen
936 5655 1134 5695 nomen
1156 5638 1442 5710 praepositi
1463 5638 1533 5693 de
1550 5634 1684 5710 Aria
1768 5686 1776 5689 _

145 5715 331 5831 ῧωέι·
348 5707 810 5837 ἂεὲἰῗέιέιθῖἰοίι
843 5707 1177 5769 Gislcbcrtus
1206 5707 1600 5767 Hasnoniensis
1626 5721 1663 5779 p

1867 5349 2017 5422 (M3)
2044 5343 2353 5422 Eligabctlr,
2400 5336 2817 5422 primogenitam
2837 5330 3376 5422 irsorore‘m

1796 5403 2012 5507 To‘lt'mn'
2043 5403 2257 5471 Rodulll
2287 5403 2670 5467 'liau-‘editatém
2706 5413 2993 5464 enumerat
3019 5403 3381 5475 Gislebertus,

1796 5494 2019 5628 ν’ἶῖιίῖἰ)
2051 5550 2123 5628 ΒῘ.
2159 5550 2467 5628 Aprili;_cf.
2495 5551 2863 5628 Qislehertum
2903 5546 3149 5628 lla'snon.
3186 5559 3242 5614 p.
3285 5541 3376 5628 7;,

1873 5614 2022 5701 (415')
2065 5614 2300 5701 genti-ma
2334 5624 2420 5695 die
2446 5638 2477 5676 α
2508 5623 2641 5693 [esto
2675 5621 2927 5677 Omnium
2962 5614 3376 5691 summumq-

1798 5700 1866 5758 D.
1882 5696 2054 5767 1171,
2078 5696 2433 5760 Gislebertus.
