4012 6452
519 381 626 434 3117

1665 371 2029 432 SIGEBERTI
2067 371 2598 434 GEMBLACENSIS

3697 378 3815 436 308

516 493 634 550 suis
656 489 1046 548 cancellarlum
1068 531 1083 558 ,
1124 487 1312 545 animo
1339 494 1724 546 consternatus
1750 529 1765 554 ,
1803 487 1872 544 de
1891 485 2112 542 civitate
2137 485 2188 544 Δ
2211 485 2360 560 lippo
2387 491 2586 548 comite
2612 491 2956 562 Flandrensi,
2985 492 3042 548 in
3069 490 3463 570 Nomanniam
3488 492 3813 565 expedi-tio-

514 585 706 656 fugere
733 582 996 654 disponit.
1019 579 1138 639 IIoc
1165 583 1286 654 ejus
1304 581 1647 652 propositum
1677 580 1934 637 omnibus
1955 580 2112 635 inno-

514 675 642 744 tuit,
671 691 909 746 quorum
953 675 1202 730 custodia
1244 659 1497 731 detentus
1545 674 1614 730 de
1662 673 1798 728 urbe
1831 673 2112 730 discedere

519 783 633 824 non
664 769 876 836 potuit;
923 768 1070 823 cives
1110 777 1292 823 tamen
1315 809 1330 836 ,
1361 776 1585 837 accepto
1615 765 1824 822 salubri
1857 766 2109 832 consilio,

517 861 914 916 cancellarium
957 859 1171 930 magnis
1196 859 1476 930 obsequiis
1502 857 1790 913 delinitum
1828 857 2114 914 maximis»-

521 967 632 1021 que
659 952 781 1008 auri
807 961 862 1008 et
891 953 1099 1022 argenti
1141 951 1464 1014 muneribus
1513 951 1846 1010 honoratum
1893 949 1961 1006 de
2012 967 2112 1007 sua

523 1044 744 1101 civitate
761 1045 827 1099 ad
847 1044 984 1100 alias
1007 1043 1403 1099 transmittunt.

691 1134 850 1188 H72.
925 1133 992 1188 II.
1024 1133 1115 1188 20.
1190 1133 1372 1189 F.57.
1451 1133 1514 1188 Α.
1554 1133 1644 1211 18.
1715 1131 1782 1188 HL
1826 1131 1916 1188 10.

599 1227 656 1280 1η
699 1227 850 1282 Italia
875 1227 1128 1282 homines
1157 1226 1359 1299 agrarii
1388 1226 1648 1282 marcbisi
1685 1226 1752 1282 de
1797 1225 2116 1282 Montferrat

529 1337 656 1376 cum
686 1321 1015 1391 quibusdam
1039 1321 1328 1387 militibus,
1357 1329 1534 1376 terras
1569 1337 1698 1376 suas
1724 1328 1778 1375 et
1805 1320 2114 1390 possessio-

528 1429 629 1469 nes
667 1413 1039 1484 relinquentes
1085 1430 1208 1470 cum
1243 1413 1510 1469 uxoribus
1533 1422 1588 1468 et
1625 1413 1774 1480 ﬁliis,
1802 1413 1992 1468 urbem
2018 1427 2117 1468 no—

525 1521 652 1559 vani
705 1516 895 1560 contra
955 1505 1306 1562 Frederieum
1375 1507 1758 1576 imperatorem
1816 1505 2112 1571 ediﬁcant,

525 1616 691 1670 quam
715 1599 1100 1655 Alexandriam
1127 1601 1182 1654 in
1209 1601 1473 1655 honorem
1496 1599 1788 1654 Alexandri
1811 1615 1948 1670 papc
1973 1615 2116 1653 nuu-

525 1703 752 1764 cupant.
797 1693 1065 1750 Henricus
1093 1709 1186 1749 rex
1211 1693 1402 1766 Anglic
1432 1694 1573 1748 ultra
1600 1708 1659 1748 se
1691 1691 1890 1757 elatus,
1922 1692 2116 1748 incon-

527 1803 685 1842 cessa
717 1797 946 1857 captans
973 1797 1027 1842 et
1057 1787 1316 1842 affectans
1349 1785 1617 1852 indebita,
1650 1801 1878 1856 regnum
1907 1784 2144 1857 Ibeer-.

529 1879 618 1934 uie
645 1879 1058 1950 subjugalurus,
1087 1887 1141 1933 et
1172 1879 1379 1950 regium
1425 1877 1676 1933 diadema
1698 1920 1714 1945 ,
1766 1887 1825 1932 ut
1872 1878 2116 1947 putabat,

527 1969 693 2040 capiti
723 1985 825 2024 suo
856 1969 1239 2040 impositurus,
1299 1984 1464 2023 naves
1513 1976 1670 2038 parat
1698 1951 2010 2043 ini-litesque
2052 1968 2120 2034 de

527 2077 634 2115 suo
669 2077 837 2132 regno
859 2069 1170 2133 congregat.
1200 2060 1324 2132 (An.
1363 2059 1520 2127 1171,
1558 2059 1677 2116 Oct.
1709 2059 2122 2133 I7.)Ingressus

530 2154 700 2224 igitur
729 2151 1083 2225 Hyberniam,
1110 2169 1235 2209 cum
1266 2169 1537 2226 pagenses
1567 2155 1832 2210 sensisset
1857 2155 1925 2210 ad
1948 2152 2123 2212 rebel-

533 2243 756 2298 frndum
781 2241 916 2298 satis
937 2251 1180 2313 paratos,
1209 2250 1327 2298 tum
1353 2242 1534 2314 panis,
1562 2259 1674 2314 quo
1702 2243 1878 2314 patria
1904 2260 2120 2314 preme—

527 2337 714 2402 batur,
745 2335 946 2390 timens
976 2333 1248 2406 inopiam,
1284 2342 1400 2389 tum
1437 2343 1726 2390 ventorum
1758 2335 1815 2390 in
1843 2335 2124 2393 redeundo

531 2443 736 2483 cavens
765 2426 1111 2493 discrimina,
1130 2425 1395 2482 confusus
1416 2425 1646 2482 recessit
1673 2425 1728 2481 in
1757 2442 1876 2482 sua.
1896 2425 2127 2482 Alexan-

530 2521 632 2576 der
658 2519 1040 2590 papa.legatos
1071 2518 1128 2574 in
1161 2517 1558 2576 Normanniam
1603 2519 1670 2574 ad
1699 2517 1996 2575 Henricum
2037 2535 2125 2576 re-

532 2628 657 2684 gem
685 2611 893 2684 dirigit,
920 2611 1246 2668 Autbertum
1274 2610 1524 2670 videlicet
1548 2611 1913 2682 presbiterum
1941 2612 2126 2669 cardi-

529 2705 714 2760 nalem
765 2703 952 2759 Sancti
984 2703 1265 2782 Laurentii
1297 2703 1352 2758 in
1381 2702 1588 2760 Lucina
1614 2745 1629 2772 ,
1670 2713 1727 2760 et
1775 2703 2123 2760 Theotimum

531 2797 904 2870 presbiterum
948 2798 1280 2877 cardinalem
1330 2796 1475 2852 tituli
1539 2795 1726 2853 Sancti
1785 2796 1998 2854 Vitalis.
2065 2797 2122 2852 In

532 2910 769 2965 quorum
808 2895 1081 2968 presentia
1133 2893 1314 2966 (416),
1378 2893 1725 2950 adstantibus
1775 2890 2044 2964 episcopis
2071 2899 2126 2946 et

533 2988 693 3061 regni
721 2987 810 3044 sui
838 2987 1227 3058 optimatibus,
1271 2987 1340 3043 de
1397 2985 1776 3042 interfectione
1804 2984 1948 3040 beati
1977 2981 2126 3038 Tho-

533 3095 662 3148 me,
715 3081 875 3136 tactis
932 3089 1247 3136 sanctorum
1299 3079 1586 3150 reliquiis,
1638 3077 1884 3156 prefatus
1927 3093 2022 3133 rex
2064 3091 2126 3132 se

529 3171 818 3245 purgavit;
851 3177 906 3228 et
932 3171 1179 3228 ecclesiis
1218 3171 1308 3226 'sui
1358 3171 1536 3242 regni,
1565 3183 1780 3248 queque
1829 3168 1916 3224 sui
1968 3174 2126 3224 erant

529 3265 695 3336 juris,
724 3263 792 3320 ad
825 3263 1114 3318 arbitrium
1145 3261 1508 3319 eardinalium
1559 3261 1875 3327 restituens,
1931 3275 1963 3314 a
1995 3259 2122 3314 vin-

533 3356 661 3412 culo
705 3355 1007 3412 absolvitur
1033 3355 1418 3411 anathematis.
1453 3353 1608 3422 Quod
1652 3353 1855 3409 factum
1885 3351 2125 3408 Franco-

532 3465 662 3505 rum
696 3449 812 3520 regi
844 3447 1122 3504 Ludovico
1181 3456 1237 3502 et
1289 3447 1549 3502 omnibus
1597 3445 1953 3516 Optimatibus
2005 3443 2127 3513 ejus

533 3542 695 3598 valde
741 3541 1040 3612 displicuit.
1089 3539 1412 3596 Cardinales
1461 3551 1612 3604 vero,
1652 3537 1748 3608 qui
1789 3533 2127 3590 Normannia

531 3634 726 3690 relicta
758 3634 814 3709 in
843 3633 1133 3688 Franciam
1169 3633 1428 3704 hyemare
1452 3616 1861 3702 disposuerant,
1889 3643 1982 3682 rex
2007 3641 2128 3698 pre-

534 3725 716 3782 dictus
752 3727 954 3782 invitos
1004 3725 1184 3782 redire
1234 3723 1364 3779 fecit
1417 3723 1473 3776 in
1523 3720 1756 3776 Italiam.
1823 3720 2130 3776 Alexander

533 3835 674 3891 papa
695 3860 710 3884 ,
753 3801 956 3876 auditis
989 3815 1273 3870 miraculis
1309 3830 1417 3884 que
1451 3813 1596 3867 Deus
1619 3829 1716 3883 per
1735 3813 1954 3868 beatum
1982 3811 2129 3870 Tho-

534 3926 684 3967 mam
716 3918 1013 3982 martyrem
1046 3923 1208 3962 suum
1238 3905 1590 3980 operabatur,
1627 3921 1722 3976 per
1747 3905 2129 3962 auctoritatem

537 4003 897 4073 apostolicam
945 3999 1188 4055 decrevit
1236 4013 1362 4054 eum
1416 3997 1472 4052 in
1531 4013 1762 4054 numero
1814 4010 2128 4055 sanctorum

537 4103 842 4166 martyrum
885 4091 1208 4148 solemniter
1247 4090 1559 4146 habendum
1608 4079 1930 4163 (.ι1η.1175,
1961 4091 2126 4147 Mart.

538 4183 651 4254 l2).
684 4182 1072 4239 Interfectores
1096 4183 1242 4238 beati
1273 4181 1484 4238 Thome
1523 4183 1944 4255 archiepiscopi,
1973 4184 2129 4256 peni-

539 4274 710 4330 tentia
735 4273 916 4341 ducti,
954 4273 1022 4330 ad
1049 4290 1246 4346 papam
1276 4274 1644 4330 Alexandrum
1669 4283 1920 4347 pergunt,
1949 4283 2002 4330 et
2028 4273 2132 4330 sub

539 4365 787 4430 omnium
821 4366 1094 4436 presentia
1127 4366 1277 4437 gravi
1303 4366 1616 4438 plectuntur
1657 4366 1949 4422 sententia.
1985 4363 2134 4422 Obiit

540 4454 910 4527 Codescaleus
943 4457 1220 4528 quondam
1246 4458 1646 4515 Attrcbatensis
1669 4459 1983 4529 episcopus.

637 4547 796 4604 1175.
1001 4550 1092 4605 2i.
1307 4550 1395 4606 58.
1618 4550 1706 4606 19.
1927 4552 2014 4608 11.

610 4639 914 4712 Imperator
935 4640 1256 4698 Frederieus
1279 4649 1334 4698 et
1363 4642 1676 4698 marehisus
1699 4642 1767 4699 de
1804 4641 2126 4698 Montferrat

539 4731 840 4788 exercitum
880 4743 1232 4805 congregant,
1262 4742 1324 4788 ut
1350 4733 1404 4789 in
1437 4734 1687 4806 sequenti
1710 4749 1856 4790 anno
1885 4735 2124 4791 Alexan-

539 4825 731 4882 drinos
767 4833 822 4880 et
871 4825 1155 4884 Italieuses
1210 4835 1401 4884 contra
1455 4816 1534 4882 se'
1574 4827 1980 4898 tyrannizantes
2027 4843 2126 4883 ex-

539 4925 804 4997 pugnent.
833 4916 1038 4974 Contra
1063 4916 1360 4975 Henricum
1384 4933 1563 4990 regem
1586 4918 1888 4990 Anglorum
1932 4919 2128 4990 conju-

539 4994 755 5065 ratione
786 4994 972 5066 uxoris
997 5017 1053 5066 et
1085 5011 1326 5066 ﬁliorum
1353 5009 1495 5080 ejus,
1548 5010 1914 5088 quorumdam
1960 5012 2127 5068 etiam

541 5101 868 5170 optimatum
899 5102 1020 5173 ejus
1040 5111 1252 5169 exorta,
1286 5102 1383 5156 ﬁlii
1405 5101 1528 5172 ejus
1565 5102 1633 5157 ad
1671 5101 2014 5161 Ludovicum
2037 5121 2126 5161 re-

539 5209 664 5267 gem
708 5193 1072 5261 Francorum,
1101 5203 1292 5250 eoutra
1324 5201 1532 5264 patrem
1561 5194 1824 5249 auxilium
1855 5204 2124 5266 petentes,

540 5285 885 5360 confugiunt.
914 5286 1032 5342 Rex
1053 5299 1184 5341 vero
1229 5284 1410 5357 (H7),
1446 5295 1730 5358 assumpto
1764 5273 1950 5345 secum
1996 5288 2128 5346 Phi-

2150 3224 2197 3288 C

2209 598 2337 640 nem
2365 584 2534 642 ducit.
2591 583 2846 642 Exercitu
2894 593 3076 642 autem
3124 599 3316 642 eorum
3354 585 3410 641 in
3440 585 3584 656 duas.
3609 593 3820 665 partes

2211 677 2410 747 diviso,
2441 678 2726 752 Philippus
2765 696 2891 736 cum
2934 681 3052 738 suis
3077 679 3509 748 Flandrensibus
3535 690 3650 738 tres
3676 696 3820 737 mu-

2214 774 2450 830 nitiones
2495 769 2644 846 (418)
2676 789 2892 830 summa
2919 790 3046 830 cum
3075 773 3423 830 festinatione
3465 773 3628 844 cepit.
3682 771 3820 830 hia--

2212 868 2372 923 thcus
2397 883 2528 924 vero
2555 883 2740 924 comes
2775 867 3023 935 Bolonie,
3051 866 3221 922 frater
3269 865 3508 938 Philippi
3555 865 3820 931 comitis,

2213 960 2412 1032 sagitta
2447 959 2682 1016 letaliter
2733 960 2808 1015 ibi
2863 959 3012 1032 (419)
3059 959 3410 1027 vulneratus,
3467 974 3577 1015 non
3624 957 3825 1014 multo

2213 1056 2340 1120 post
2360 1049 2516 1116 obiit,
2552 1057 2607 1104 et
2632 1048 2876 1120 sepultus
2903 1056 2990 1105 est
3013 1048 3068 1104 in
3101 1047 3438 1104 monasterio
3479 1049 3657 1104 sancti
3717 1045 3826 1103 Ju-

2215 1139 2338 1195 doci
2368 1139 2540 1211 (420).
2569 1139 2686 1196 Rex
2707 1156 2842 1197 vero
2870 1140 3210 1197 Francorum
3242 1157 3368 1196 eum
3410 1141 3526 1197 suis
3570 1140 3829 1197 Francis

2215 1233 2494 1306 quoddam
2515 1243 2758 1289 castrum
2795 1249 2920 1290 cum
2949 1250 3148 1307 magna
3170 1233 3485 1290 difﬁcultate
3506 1235 3690 1305 cepit;
3722 1231 3828 1289 sed

2217 1323 2304 1380 bis
2327 1325 2508 1396 quiin
2535 1341 2663 1381 arce
2696 1325 2944 1396 ejusdem
2987 1326 3157 1382 castri
3195 1335 3383 1394 erant,
3430 1327 3664 1382 viriliter
3725 1340 3827 1381 re-

2215 1417 2616 1489 pugnantibus,
2659 1433 2782 1473 eam
2831 1432 3026 1488 capere
3071 1433 3180 1474 non
3209 1417 3406 1489 potuit.
3455 1417 3571 1498 Rex
3618 1418 3831 1488 itaque

2217 1510 2408 1566 relicta
2436 1510 2724 1567 obsidione
2749 1510 2981 1584 castelli,
3010 1525 3147 1582 pene
3171 1510 3416 1566 inefﬁcax
3447 1510 3630 1566 rediit.
3665 1508 3832 1564 Hen-

2218 1603 2369 1660 ricus
2411 1620 2508 1660 rex
2549 1603 2742 1676 Anglie
2788 1605 3145 1686 adversantes
3171 1604 3298 1671 sibi,
3327 1605 3466 1660 alios
3493 1602 3834 1660 exauctori-

2218 1697 2387 1764 tavit,
2431 1697 2571 1753 alios
2631 1697 2794 1752 bonis
2841 1696 3115 1768 privavit,
3175 1711 3239 1752 ac
3297 1712 3396 1766 per
3437 1696 3544 1751 hoc
3599 1694 3834 1750 amicos

2218 1792 2383 1848 etiam
2406 1806 2538 1846 suos
2569 1789 2745 1861 magis
2773 1797 2965 1846 contra
2990 1804 3049 1844 se
3085 1789 3449 1845 exacerbavit.
3501 1787 3837 1844 Alexander

2223 1885 2392 1941 abbas
2417 1883 2804 1954 Aquieinensis
2842 1882 3122 1954 preciosas
3167 1880 3532 1952 plurimorum
3590 1885 3836 1935 sancto-

2222 1993 2345 2032 rum
2389 1974 2653 2046 reliquias
2695 1975 2764 2030 dc
2817 1972 3050 2030 diversis
3090 1972 3447 2028 ecclesiarum
3494 1971 3636 2026 locis
3683 1984 3838 2026 con-

2224 2068 2508 2141 gregavit,
2548 2082 2687 2138 quas
2713 2066 2769 2121 in
2803 2065 2962 2120 theca
3015 2079 3151 2120 auro
3196 2072 3252 2119 et
3305 2071 3532 2134 argento
3580 2061 3655 2117 ad
3723 2060 3840 2130 hoc

2222 2145 2511 2235 preparata
2538 2159 2794 2214 decenter
2815 2156 3036 2212 locavit.
3069 2153 3216 2211 Obiit
3257 2153 3506 2210 Andreas
3557 2153 3840 2208 Atti-eba-

2223 2249 2398 2308 tens'is
2427 2251 2754 2326 episcopus;
2802 2247 3076 2304 Robertus
3109 2245 3357 2302 Ariensis
3404 2243 3740 2316 prepositus
3783 2244 3840 2298 in

2223 2343 2346 2399 loco
2376 2341 2496 2412 ejus
2519 2341 2756 2421 eligitur.
2785 2338 3092 2394 Alexander
3113 2352 3253 2408 papa
3274 2336 3536 2391 domuum
3575 2333 3843 2390 Bernar—

2225 2435 2379 2503 dum,
2411 2432 2866 2490 Clarevallensem
2915 2431 3188 2498 abbatem,
3235 2428 3292 2484 in
3330 2443 3562 2483 numero
3593 2431 3841 2482 saneto-

2225 2545 2347 2586 rum
2372 2527 2761 2600 confcssorum
2782 2526 2836 2579 in
2864 2525 3099 2580 ecclesia
3122 2523 3366 2579 decrevit
3407 2521 3842 2576 honorandum.

2227 2619 2464 2693 Hyemps
2495 2619 2655 2698 solito
2679 2617 2958 2688 asperior;
2999 2615 3178 2689 hyemi
3213 2614 3424 2670 accedit
3465 2610 3847 2682 intemperies

2227 2713 2392 2771 aeris.
2427 2711 2564 2767 Nam
2596 2717 2858 2782 corrupto
2889 2724 3036 2776 aere,
3080 2723 3269 2763 mense
3301 2705 3611 2771 Decembri,
3645 2703 3848 2760 homi-

2227 2821 2328 2862 nes
2349 2805 2718 2862 succumbunt
2743 2799 3152 2858 inﬁrmitatibus
3177 2797 3442 2865 diversis;
3471 2797 3633 2852 multi
3659 2795 3848 2852 etiam

2226 2900 2544 2956 inﬁrmitate
2574 2898 2664 2953 illa
2707 2897 3020 2971 moriuntur
3063 2907 3230 2964 quam
3269 2889 3466 2946 medici
3499 2895 3719 2945 vocant
3743 2903 3848 2943 ca-

2227 3002 2442 3050 tarrum
2464 3001 2520 3048 et
2540 2991 2758 3048 tussim.

2229 3097 2234 3104 ‘
2301 3083 2462 3139 1174.
2645 3080 2737 3135 22.
2919 3077 3010 3133 59.
3189 3073 3282 3129 20.
3469 3072 3556 3127 i2.

2301 3175 2461 3249 (Ann.
2505 3171 2723 3246 Aquic.)
2773 3169 2922 3227 Obiit
2968 3154 3274 3224 Alexander
3313 3163 3721 3237 Aquieinensis
3752 3178 3850 3220 eo—

2227 3266 2393 3324 clesie
2441 3265 2611 3320 abbas
2653 3263 2772 3318 8'".
2824 3259 3082 3340 Succedit
3127 3259 3178 3315 ei
3229 3256 3457 3340 Symon,
3515 3256 3848 3310 monachus

2226 3359 2472 3430 ejusdem
2526 3356 2792 3422 ecclesiae,
2839 3354 3010 3410 abbas
3039 3353 3156 3409 9“.
3185 3350 3380 3407 Petrus
3408 3349 3850 3407 Cameracensis

2227 3453 2464 3516 electus,
2513 3447 2680 3503 frater
2720 3445 2962 3516 Philippi
2991 3443 3213 3500 comitis
3261 3441 3548 3510 Flandrie,
3585 3456 3845 3496 assensu

2229 3543 2476 3616 ejusdem
2538 3541 2726 3598 fratris
2775 3540 2862 3596 sui
2889 3539 3080 3594 relicto
3117 3538 3436 3614 episcopatu
3482 3545 3539 3592 et
3583 3537 3847 3592 clericali

2230 3649 2460 3702 corona,
2493 3634 2548 3688 in
2579 3631 2882 3688 ebdomada
2919 3638 3291 3702 pentecosten,
3319 3629 3548 3685 sabbato
3577 3629 3683 3701 qui
3709 3629 3853 3685 inti-

2231 3727 2439 3782 tulatur
2481 3725 2535 3779 in
2568 3723 2845 3778 duodecim
2881 3721 3196 3775 lectionibus
3221 3762 3236 3787 ,
3278 3719 3448 3775 armis
3489 3718 3852 3776 militaribus

2231 3816 2557 3888 accingitur.
2584 3812 2845 3886 Sequenti
2874 3827 3020 3867 anno
3063 3827 3294 3867 uxorem
3343 3809 3520 3878 duxit,
3572 3809 3848 3866 relictam

2233 3910 2450 3969 comitis
2490 3907 2890 3973 Nivernorum,
2938 3904 3240 3974 eodemque
3273 3918 3419 3958 anno
3452 3903 3599 3958 diem
3633 3903 3853 3960 clausit

2232 4003 2508 4058 ultimum.
2545 3999 2818 4054 Robertus
2843 3995 3311 4052 Attrebatensium
3357 3994 3588 4062 electus,
3639 3995 3852 4053 indus-

2231 4095 2337 4152 tria
2385 4091 2618 4162 Philippi
2655 4089 2873 4146 comitis
2902 4103 2967 4144 ac
2989 4095 3258 4158 potestate
3284 4128 3300 4153 ,
3337 4086 3848 4144 Cameracensnum

2232 4188 2526 4258 episcopus
2555 4183 2794 4255 eligitur.
2825 4180 2880 4235 In
2905 4182 3221 4250 episcopatu
3262 4187 3444 4234 autem
3473 4178 3851 4236 Atrebatenst

2233 4277 2563 4335 Frumaldus
2615 4274 3018 4340 arcidiaconus,
3055 4273 3174 4343 ipso
3216 4271 3454 4328 Roberto
3502 4273 3849 4339 annitente,

2235 4371 2610 4431 substituitur.
2653 4365 2977 4423 Fredericus
3003 4365 3300 4436 imperator
3353 4373 3406 4420 et
3453 4366 3749 4422 marcisus
3778 4365 3852 4422 de

2236 4465 2554 4524 Montferrat
2579 4471 2700 4534 post
2742 4466 3092 4532 pentecosten
3125 4459 3274 4530 (421)
3305 4457 3514 4514 Italiam
3574 4469 3852 4530 potenter

2161 4555 2508 4630 Dingressi,
2563 4568 2760 4608 novam
2813 4548 3199 4606 Alexandriam
3235 4548 3524 4604 obsidione
3572 4551 3848 4622 Cltlghnl.

2235 4649 2549 4707 Ludovicus
2577 4661 2670 4702 rex
2691 4643 3054 4708 Francorum,
3089 4640 3361 4697 Henricus
3389 4651 3444 4697 et
3489 4641 3848 4711 Richardus,

2233 4742 2329 4798 ﬁlii
2371 4739 2516 4812 regis
2554 4737 2782 4810 Anglic,
2842 4750 2967 4791 cum
3012 4733 3264 4804 Philippo
3308 4733 3508 4788 comite
3567 4733 3853 4792 Flandrie

2236 4839 2427 4888 contra
2469 4827 2736 4899 prefatum
2783 4841 2960 4897 regem
2998 4815 3194 4879 iterum
3249 4823 3575 4894 insurgunt;
3625 4825 3738 4894 qui
3789 4825 3850 4881 in

2234 4919 2628 4978 Nortnanniam
2653 4916 2902 4988 profecti,
2920 4916 3195 4986 civitatem
3224 4912 3631 4985 Rothomagum
3664 4918 3846 4973 obse-

2231 5015 2449 5070 derunt.
2479 5011 2616 5065 Pars
2647 5023 2776 5063 vero
2819 4997 3053 5078 quedam
3102 5006 3377 5062 exercitus
3428 5005 3849 5081 Flantlrensis,

2229 5107 2492 5164 instinctu
2525 5101 2745 5158 lloherti
2771 5099 3187 5156 Cameracensis
3214 5099 3393 5164 electi,
3424 5098 3682 5170 Angl'am
3736 5099 3846 5156 de-

2229 5199 2544 5272 prcdatura,
2573 5206 2727 5250 trans
2754 5207 2905 5248 mare
2927 5192 3195 5256 mittitur;
3222 5205 3459 5260 quorum
3487 5187 3581 5245 alii
3604 5192 3848 5247 marina

2230 5271 2552 5360 tempestate
2577 5283 2844 5357 quassati,
2877 5283 2970 5340 alii
3007 5297 3136 5340 vero
3183 5283 3255 5340 ab
3310 5281 3501 5364 Anglis
3549 5281 3848 5340 militibus

2078 5379 2313 5442 NOTE.

641 5469 764 5536 tl6)
791 5468 948 5540 Apud
979 5466 1272 5540 Abrincas.

635 5539 763 5610 417)
797 5539 1130 5610 Ludovicus.

630 5605 763 5679 418)
801 5605 1227 5679 Albammarlam
1249 5615 1304 5679 et
1322 5605 1607 5679 Qriencort
1628 5649 1644 5678 ,
1675 5609 1978 5668 secundum
2007 5612 2127 5670 Gisd

537 5676 810 5738 Iebertum
835 5688 890 5734 et
911 5678 1209 5734 Robertum
1231 5677 1300 5734 de
1321 5676 1520 5735 Monte.

2329 5467 2454 5536 420)
2486 5464 2546 5520 In
2572 5464 2823 5536 Pontivo.
2851 5463 2997 5536 inter
3023 5460 3410 5536 Saiutjv_alery
3435 5469 3491 5518 et
3511 5461 3845 5536 Boulogne.

2329 5467 2434 5523 420
2486 5467 2546 5520 In
2572 5467 2823 5524 Pontivo.
2851 5467 2996 5519 inter
3025 5467 3409 5534 Saiut—Valery
3435 5469 3491 5518 et
3511 5467 3845 5536 Boulogne.

2305 5467 3046 5630 ieiihlﬁeiﬂiﬁmii
3240 5532 3853 5630 “:Eitb°."s_~.fl-3Ar-

2251 5602 2378 5683 gusti
2406 5602 2550 5678 apud
2572 5613 2813 5660 castrum
2837 5603 3070 5669 Trivels,
3099 5604 3154 5659 d.
3179 5603 3235 5659 2.
3275 5602 3424 5674 Sept.
3457 5603 3640 5659 adhuc
3663 5605 3848 5661 [Iasi--

2251 5698 2330 5740 ea:
2356 5679 2461 5752 fuit
2478 5679 2792 5751 imperator.
2832 5675 2970 5732 Ante
2996 5674 3384 5733 Alexandriam
3421 5683 3602 5732 castra
3634 5677 3852 5752 posuit

611 5751 764 5822 (M9)
794 5749 934 5806 Ante
961 5747 1265 5819 Briencort,
1301 5758 1439 5808 teste
1481 5748 1686 5808 Gisleb.
1711 5760 1768 5810 et
1787 5751 2028 5811 Roberto
2053 5755 2122 5812 de
2229 5754 2284 5811 d.
2315 5752 2385 5808 29
2405 5749 2526 5808 Oct.

540 5819 742 5898 ﬂente.
