3914 6314
96 353 189 411 509

929 343 1302 404 CHRONICA.
1338 372 1410 385 --
1449 339 1924 400 CONTINUA'I‘IO
1958 333 2467 412 AQUICINCTINA.

3240 346 3359 414 3m.

99 460 309 525 viriliter
346 458 591 536 suscepti
625 466 680 513 et
707 456 1074 535 ignominiose
1109 454 1313 527 repulsi
1340 496 1366 539 ,~
1409 469 1536 512 cum
1566 452 1663 509 de-
1690 463 1740 521 Α
1768 459 1910 527 state
1932 449 2092 529 multi
2112 451 2370 523 monachi
2393 460 2449 507 et
2473 449 2676 533 milites
2702 452 2763 509 in
2788 451 2892 511 hac
2911 464 3102 512 nostra
3129 457 3359 530 regione

94 557 277 623 deum:
319 552 391 613 ad
420 550 641 624 propria
678 558 809 625 sunt
848 548 1085 625 reversi.
1108 546 1378 609 Henricus
1416 562 1512 603 rex
1548 546 1665 600 An-

95 646 210 721 glic,
233 658 470 699 cernens
492 657 549 699 se
575 641 646 697 ab
666 640 925 715 omnibus
947 639 1157 711 impeti,
1182 640 1240 695 in
1289 654 1349 694 se
1390 653 1665 705 reversus,

94 736 295 801 tandem
338 735 449 790 hoc
493 734 610 809 suis
639 732 928 805 imputavit
954 732 1214 803 peccatis,
1238 740 1293 787 et
1316 732 1383 787 de
1406 732 1523 786 suis
1543 730 1670 786 viri-

94 830 185 884 bus
226 827 517 895 diﬁidens,
558 826 806 903 divinum
848 825 1027 896 poscit
1069 824 1356 880 auxilium.
1386 821 1491 889 Qui
1518 820 1667 877 Can-

96 921 315 976 tuariam
348 920 600 987 veniens,
621 919 843 991 beatum
884 918 1149 974 Thomam
1175 917 1677 998 archiepiscopum,

94 1013 213 1067 olim
240 1027 272 1068 a
301 1026 362 1067 se
392 1010 659 1083 iniuriose
687 1018 1003 1077 tractatum,
1032 1009 1224 1064 humili
1259 1016 1315 1073 et
1350 1007 1545 1069 devota
1581 1020 1675 1065 sa—,

98 1103 434 1172 tislactione,
479 1103 550 1159 ad
592 1111 847 1159 sanctum
909 1102 1182 1158 tumulum
1226 1101 1346 1173 ejus
1393 1099 1671 1155 uberrime

97 1196 275 1261 ﬂendo,
300 1195 561 1265 placavit.
589 1192 707 1262 Que
732 1209 824 1250 res
855 1194 928 1261 ei,
952 1202 1013 1249 ut
1033 1192 1334 1261 credimus,
1379 1191 1670 1247 victoriam

96 1284 329 1342 contulit.
356 1283 501 1340 Nam
529 1300 661 1341 mox
680 1300 864 1357 regem
888 1282 1245 1340 Gualensium
1270 1324 1287 1350 ,
1327 1280 1421 1337 diu
1452 1279 1556 1335 sibi
1584 1295 1670 1335 re-

100 1378 274 1447 bellem
295 1419 314 1446 ,
343 1386 401 1433 et
450 1378 723 1449 quosdam
757 1376 1010 1433 inimicos
1037 1390 1171 1432 suos
1223 1374 1326 1430 sub
1355 1371 1670 1444 quindecim

99 1472 291 1529 dierum
334 1472 522 1544 Spatio
574 1470 633 1526 in
681 1470 1015 1527 deditionem
1067 1467 1274 1539 coegit,
1320 1464 1671 1537 quorundam

97 1566 243 1630 etiam
270 1564 578 1635 Anglorum
614 1571 807 1633 contra
841 1576 900 1618 se
927 1559 1279 1618 sentientium
1307 1567 1490 1615 motus
1520 1571 1672 1614 com-

102 1656 308 1728 pescuit.
334 1655 476 1712 Post
502 1657 604 1712 hec
646 1653 1042 1711 Normanniam
1076 1667 1351 1720 reversus,
1395 1651 1669 1707 civitatem

103 1749 492 1819 llotbomagum
537 1764 569 1804 a
620 1763 749 1819 rege
814 1746 1151 1802 Francorum
1198 1746 1484 1812 obsessam
1523 1742 1671 1800 circa

1768 543 2099 600 elemosinas
2118 544 2300 616 largas
2326 544 2657 615 pauperibus
2678 546 3015 615 tribuebant;
3052 549 3194 618 inter
3212 566 3355 620 quos

1770 632 2136 692 Valcellenses
2186 636 2441 692 monachi
2489 637 2820 715 eminebant.
2889 636 3036 694 Obiit
3083 639 3355 700 Henricus

1770 728 2059 786 Remensis
2125 730 2569 801 archiepiscopus
2593 773 2607 799 ,
2674 729 2843 787 frater
2901 731 3163 789 Ludovici
3209 735 3355 808 regis

1768 819 2130 893 Francorum.
2165 821 2358 894 Magna
2383 822 2528 878 circa
2558 824 2895 879 nativitatem
2926 823 3143 880 Domini
3172 825 3356 882 ﬁumi-

1768 926 1901 966 num
1931 912 2320 987 redundantia,
2341 911 2394 967 in
2427 921 2660 987 tantum,
2688 922 2749 983 ut
2777 912 3051 987 Sequana,
3079 914 3272 972 Axona
3300 926 3359 990 et

1769 1000 1915 1073 Hysa
1950 1001 2133 1059 alveos
2185 1018 2317 1059 suos
2350 1004 2577 1075 egressi,
2610 1005 2713 1060 sub
2756 1021 2867 1077 una
2908 1015 3068 1077 nocte
3093 1023 3363 1081 magnum

1768 1092 2330 1151 circummaneutibus
2360 1094 2620 1151 damnum
2652 1094 2935 1165 inferrent,
2963 1098 3168 1155 multos
3191 1099 3355 1161 etiam

1769 1195 2045 1241 necarent.

1842 1277 2000 1334 1176.
2208 1280 2296 1337 24.
2498 1281 2560 1336 Η
2572 1321 2589 1337 .
2795 1282 2884 1339 22.
3091 1282 3177 1338 14.

1838 1365 1985 1424 Inter
2011 1368 2397 1441 imperatorem
2428 1370 2779 1429 Fredericum
2804 1383 2859 1429 et
2886 1371 3176 1430 Italienses
3206 1374 3364 1432 vario

1768 1468 1966 1516 eventu
1995 1476 2356 1533 sepenumero
2380 1472 2673 1536 pugnatur.
2704 1464 3054 1535 Christianus
3084 1467 3360 1523 cancella-

1771 1550 1888 1607 rius
1920 1551 1989 1608 de
2036 1568 2170 1624 pace
2221 1554 2363 1610 inter
2395 1552 2881 1624 imperatoremet
2930 1572 3129 1627 papam
3183 1555 3361 1612 rcl‘or-

1770 1646 1971 1705 manda
2012 1648 2169 1704 valde
2205 1657 2355 1705 extat
2397 1650 2686 1707 sollicitus.
2722 1649 2991 1711 Henricus
3027 1668 3123 1707 rex
3156 1653 3362 1725 Αηειοε

1771 1752 1916 1807 rum,
1939 1738 2128 1807 missis
2152 1740 2369 1815 nunciis
2392 1743 2458 1798 ad
2482 1742 2792 1814 Philippum
2815 1744 3069 1800 comitem
3097 1744 3362 1800 Flandro-

100 1838 311 1894 inediam
340 1848 568 1895 noctem
595 1846 681 1895 cst
701 1840 1006 1910 ingressus.
1037 1834 1275 1907 Iacobus
1304 1834 1373 1890 de
1410 1833 1665 1902 Avesnis,
1700 1822 1742 1882 Β
1769 1844 1918 1899 rum,
1949 1832 2138 1901 nescio
2184 1833 2385 1903 quibus
2413 1834 2596 1890 verbis
2626 1844 2721 1890 aut
2748 1836 3209 1907 promissionibus
3238 1837 3369 1898 ille-~

98 1927 295 1999 quidam
327 1928 494 1984 miles
519 1929 674 1984 dives
703 1937 757 1983 et
775 1928 1070 2000 ingenuus,
1094 1925 1152 1997 in
1164 1922 1670 1994 obsidioneBotho-

101 2019 323 2090 magensi
348 2034 380 2074 a
412 2017 659 2076 Roberto
694 2016 1079 2075 Cameracensi
1106 2015 1280 2073 electo
1325 2013 1671 2080 contumeliis

99 2112 366 2183 verborum
395 2110 656 2168 aﬂicitur.
695 2110 812 2167 Rex
845 2108 1183 2167 Francorum
1208 2117 1263 2165 et
1285 2123 1471 2165 comes
1506 2105 1671 2163 Flan-

98 2203 302 2259 drorum
331 2204 402 2260 de
429 2204 723 2261 obsidione
769 2204 860 2259 illa
905 2202 1208 2259 ineﬁicaces
1255 2201 1562 2269 redierunt;
1590 2199 1672 2255 sic

102 2294 185 2348 ﬁlii
227 2304 417 2351 contra
449 2304 664 2367 patrem
702 2296 984 2352 venientes
1020 2294 1225 2352 reversi
1262 2301 1393 2350 sunt
1427 2291 1665 2365 inglorii.

102 2386 352 2469 Ilobertus
372 2388 863 2446 Cameracensium
893 2389 1100 2445 electus
1133 2404 1165 2443 a
1189 2386 1553 2444 servientibus
1579 2383 1671 2441 Ja-

104 2478 207 2545 cobi
230 2479 295 2535 de
317 2479 560 2536 Avesnis
593 2480 956 2552 ignominiose
998 2479 1142 2550 apud
1182 2476 1488 2535 Condatunn
1520 2476 1670 2548 peri-

105 2569 251 2643 tpitur
299 2570 479 2647 (422).
525 2570 647 2627 Duo
694 2570 1123 2628 Cameracenses
1182 2569 1552 2627 archidiaconi
1604 2570 1672 2626 ad

105 2662 457 2731 episcopatum
486 2678 585 2733 per
616 2663 1021 2718 contentionem
1071 2662 1369 2735 eliguntur,
1421 2660 1671 2734 Rogerus

107 2752 291 2809 Scilicet
312 2762 367 2809 et
392 2753 659 2810 Alardus.
694 2754 803 2810 Sed
846 2753 1062 2827 Bogero
1105 2769 1140 2814 a
1184 2753 1436 2826 Philippo
1471 2754 1672 2812 comite

110 2838 451 2901 Flaudrorum
485 2853 542 2900 et
568 2845 774 2901 saniori
794 2853 950 2919 parte
973 2844 1246 2914 abdicato,
1280 2845 1518 2901 Alardus
1540 2846 1673 2901 sub-

108 2934 347 2998 stituitur.
415 2934 661 3019 Uterque
714 2938 1087 3019 episcopatum
1127 2937 1478 3007 desiderans,
1528 2946 1675 2995 tran-

107 3027 292 3102 scensis
304 3028 540 3100 Alpibus
558 3013 806 3111 certatim
829 3013 898 3112 ad
914 3030 1299 3102 imperatorem
1322 3031 1671 3097 Fredericum

109 3121 156 3195 in
185 3117 386 3176 Italiam
408 3123 611 3201 pergit.
644 3120 946 3204 Imperator
999 3123 1184 3204 itaque
1217 3123 1351 3179 visis
1394 3122 1668 3193 personis,

108 3213 374 3285 auditaque
398 3200 618 3271 ratione
640 3200 946 3285 electionis,
972 3200 1111 3295 visis
1125 3215 1289 3271 etiam
1315 3215 1513 3272 litteris
1534 3214 1667 3275 Phi-

108 3305 220 3375 lippi
245 3306 465 3364 comitis
490 3350 506 3376 ,
546 3323 648 3379 pro
680 3307 884 3365 Alardo
907 3296 1241 3380 petentibus,
1264 3307 1670 3371 communicato

108 3412 215 3453 cum
245 3401 522 3471 episcopis
558 3401 653 3472 qui
681 3401 755 3455 ibi
783 3401 1013 3469 aderant
1053 3400 1311 3467 consilio,
1354 3400 1432 3456 illi
1458 3399 1670 3471 episco-

109 3498 270 3555 patum
296 3490 779 3573 dedit.jPhilippus
804 3507 988 3567 comes
1016 3490 1273 3571 Flandric
1293 3500 1486 3559 contra
1513 3489 1669 3547 Jaco-

111 3579 302 3655 huntde
326 3570 597 3664 Avesnis,
615 3568 729 3654 pro
758 3568 1145 3640 interiectione
1161 3582 1386 3639 Roberti
1412 3582 1672 3653 Camera-

113 3673 268 3738 casis
300 3674 496 3741 electi,
548 3690 674 3730 cum
724 3675 969 3731 exercitu
1002 3675 1186 3744 vadit;
1223 3675 1319 3731 sed
1362 3674 1670 3730 interventu

116 3760 306 3820 llenrici
328 3764 622 3823 Remensis
651 3767 1049 3839 archiepiscopi
1074 3767 1349 3834 detentus,
1381 3775 1541 3836 pacto
1574 3782 1671 3837 pa-

110 3854 179 3921 ris
214 3859 382 3930 mags
411 3859 693 3930 utrimque
725 3860 985 3916 simulato
1017 3875 1185 3931 quam
1233 3860 1571 3930 composito,
1615 3860 1672 3914 in

116 3945 402 4006 l-‘landriam
429 3952 613 4007 rediit.
657 3950 861 4024 Hyems
884 3951 1050 4008 nimis
1079 3950 1329 4022 pluviosa
1370 3952 1673 4007 exercitum

112 4038 357 4099 l'rederici
384 4043 734 4116 imperatoris
761 4042 1151 4113 Alexandriam
1178 4042 1672 4118 obsidentisnimis

111 4135 310 4191 attrivit.

172 4228 313 4285 ms.
430 4228 617 4303 n25.
728 4227 906 4308 v.40.
1017 4227 1197 4285 A.2‘l.
1312 4226 1499 4296 ηεαδ.

170 4320 283 4390 (An.
306 4322 473 4395 H74,
494 4318 666 4393 Sept.)
696 4318 966 4377 Henricus
993 4336 1091 4376 rex
1114 4320 1309 4393 Anglic
1334 4330 1387 4375 et
1415 4320 1509 4375 ﬁlii
1530 4320 1672 4390 ejus,

116 4410 358 4470 mediante
401 4413 681 4490 Ludovico
723 4412 1063 4470 Francorum
1108 4428 1257 4485 rege,
1293 4412 1671 4484 paciﬁcantur.

1771 1930 1919 1978 etum
1946 1922 2016 1978 ab
2043 1922 2237 1980 itinere
2263 1923 2748 1982 Jherosoliinitano
2776 1926 3011 1983 detinuit
3051 1928 3157 1983 hoc
3189 1944 3373 2003 annos

1769 2014 2006 2079 Iacobus
2032 2016 2105 2073 de.
2130 2016 2364 2073 Avesnis
2390 2018 2524 2074 satis
2555 2018 2826 2089 superbus
2854 2027 2910 2075 et
2938 2019 3202 2087 insolens,
3229 2034 3363 2075 con-

1774 2116 1858 2176 tra
1888 2108 2172 2178 dominum
2200 2125 2362 2165 suum
2385 2110 2642 2166 comitem
2673 2109 3073 2183 Haginoensem
3102 2110 3358 2179 rebellat;

1773 2209 1826 2257 at
1857 2199 2158 2259 Balduinus
2188 2218 2374 2259 comes
2403 2203 2805 2258 contumaciam
2853 2203 2974 2274 ejus
2999 2218 3127 2275 egre
3155 2201 3376 2278 ferens,_

1772 2291 2059 2348 castellum
2094 2291 2339 2364 ejusdem
2367 2292 2556 2350 Jacobi
2583 2292 2896 2357 Condatum
2924 2294 3211 2351 obsidione
3237 2295 3362 2352 cin-

1773 2382 1871 2456 git,
1901 2383 2108 2440 auxilio
2130 2382 2363 2456 Philippi
2405 2384 2660 2442 Flandrie
2686 2386 2923 2442 comitis.
2965 2385 3206 2443 Jacobus
3229 2402 3362 2444 vero

1773 2474 1842 2530 de
1870 2477 1987 2531 suis
2017 2475 2265 2532 diﬁidens
2291 2476 2528 2544 viribus,
2583 2477 2765 2533 claves
2791 2477 3000 2533 castelli
3029 2477 3234 2534 invitus
3261 2493 3360 2535 co-

1774 2565 1893 2620 miti
1922 2567 2191 2636 reddidit;
2237 2583 2421 2624 comes
2450 2584 2580 2625 vero
2608 2578 2831 2640 accepto
2860 2570 3105 2637 castello,
3135 2585 3361 2626 murum

1772 2665 1827 2712 et
1856 2657 2050 2713 turrim
2075 2658 2195 2714 solo
2221 2668 2384 2715 tenus
2411 2659 2698 2731 coequavit
2723 2658 2896 2732 (425).
2948 2658 3097 2714 Obiit
3137 2658 3357 2729 Petrus,

1772 2746 1943 2805 frater
1983 2749 2217 2822 Philippi
2266 2751 2518 2819 comitis,
2562 2750 2709 2823 apud
2753 2749 3133 2807 Hilseldunum
3183 2750 3359 2823 (424).

1775 2838 1910 2897 Orta
1941 2841 2140 2897 iterum
2193 2842 2336 2898 inter
2380 2842 2691 2915 Philippum
2719 2843 2975 2900 comitem
3015 2851 3072 2899 et
3095 2839 3377 2908 Iacobum

1773 2933 2074 3003 simultate,
2104 2943 2230 3006 post
2258 2950 2495 2992 messem
2544 2935 2810 3008 Augusti,
2859 2943 3145 3007 assumpto
3175 2950 3364 2993 secum

1773 3026 1975 3087 comite
2001 3023 2347 3099 Hagynoensi
2363 3068 2379 3096 ,
2424 3027 2564 3083 duas
2587 3027 2834 3099 ejusdem
2858 3026 3049 3085 Jacobi
3096 3028 3366 3084 munitio-

1772 3135 1893 3183 nes.
1925 3128 2061 3183 sitas
2088 3118 2143 3174 in
2172 3120 2436 3176 comitatu
2462 3118 2869 3188 Virmandcnsi,
2899 3136 3085 3178 eomes
3108 3120 3367 3201 Flandrie

1773 3227 1899 3280 cum
1928 3228 2145 3274 summa
2175 3211 2523 3273 festinatione
2548 3213 2718 3284 cepit;
2752 3229 2984 3284 quarum
3008 3214 3182 3269 altera
3214 3212 3367 3284 (425)

1734 3298 1741 3301 “
1771 3312 2073 3373 destructa,
2104 3306 2331 3362 alteram
2363 3306 2513 3378 (426)
2545 3306 2651 3363 sibi
2678 3306 2921 3373 retinuit.
2956 3304 3047 3362 Sic
3070 3305 3227 3377 juxta
3255 3303 3363 3360 Sa-

1773 3412 2048 3453 lomonem
2096 3396 2368 3469 ﬂagellato
2395 3398 2703 3469 pestilente,
2734 3399 2972 3470 quietior
3009 3397 3115 3454 fuit
3160 3396 3360 3469 patria.

1773 3488 1967 3561 Magna
1994 3489 2153 3560 panis
2180 3497 2238 3544 et
2276 3488 2389 3544 vini
2423 3488 2776 3545 abundantia.
2810 3489 2870 3544 In
2912 3490 3134 3546 civitate
3162 3489 3380 3551 Came:

1773 3595 1906 3634 raco
1944 3587 2000 3634 et
2021 3587 2203 3636 castro
2230 3579 2408 3636 sancti
2436 3577 2704 3646 Quintini,
2731 3580 2787 3634 in
2816 3579 3075 3637 Gandavo
3103 3589 3158 3636 et
3182 3579 3381 3657 in‘Beo,

1774 3668 1949 3735 lunia,
1981 3668 2150 3724 multe
2171 3668 2401 3725 ecclesie
2429 3678 2485 3724 et
2510 3668 2709 3724 domus
2731 3676 2860 3725 sunt
2884 3669 3126 3727 incense.
3157 3668 3366 3724 Wilch-

1773 3776 1900 3816 mus
1948 3760 2285 3817 Seuonensis
2332 3760 2779 3833 archiepiscopus
2800 3802 2817 3829 ,
2862 3760 3031 3818 frater
3079 3760 3381 3834 Elizabeth

1774 3853 1961 3924 regine
1987 3851 2347 3921 Francorum,
2371 3852 2439 3909 de
2463 3850 2767 3909 Senonensi
2788 3853 3018 3909 ecclesia
3047 3853 3103 3908 in
3132 3852 3365 3910 Remen-

1775 3960 1890 4000 sem
1916 3943 2206 4000 ecclesiam
2245 3952 2681 4019 transmutatur.
2716 3943 2882 4011 Obiit-
2910 3944 3221 4010 Alnalricus
3264 3960 3362 4001 rex

1773 4034 2143 4104 Jherusalcm;
2167 4037 2412 4111 succedit
2434 4037 2487 4093 ei
2515 4037 2839 4109 Balduinus,
2865 4036 3012 4094 ﬁlius
3042 4037 3183 4111 ejus,
3205 4045 3386 4094 aetate.

1775 4125 2046 4205 impotens
2084 4136 2139 4195 et
2172 4129 2509 4185 inﬁrmitate.

1847 4217 2007 4274 1177.
2188 4220 2280 4276 25.
2500 4220 2592 4276 42.
2819 4220 2911 4275 25.
3129 4218 3181 4275 1.

1846 4309 1996 4367 Inter
2018 4310 2374 4369 Fredericum
2416 4311 2806 4383 imperatorem
2832 4320 2888 4367 et
2922 4309 3206 4367 Italienses
3259 4325 3365 4380 pax

1778 4418 1956 4474 usque
1985 4403 2041 4457 in
2068 4403 2509 4474 quinquennium
2537 4402 2810 4459 ﬁrmatur.
2859 4399 3142 4457 Italienses
3186 4400 3366 4479 impe-

117 4497 356 4563 llcnrieus
402 4484 701 4579 Remorum
746 4484 1195 4578 archiepiscopus
1236 4505 1417 4561 natale
1461 4503 1676 4560 Domini
1709 4521 1752 4579 ο
1779 4496 1948 4552 ratori
1972 4494 2182 4551 tumida
2215 4495 2600 4573 submittentes
2643 4495 2804 4563 colla,
2841 4494 3057 4575 magnis
3078 4507 3210 4563 cum
3240 4484 3391 4565 auri,

117 4595 238 4662 apud
261 4596 644 4668 Aquicinctum
672 4598 993 4667 celebravit;
1048 4596 1246 4653 deinde
1284 4594 1561 4667 profectus
1591 4603 1678 4652 est

119 4683 164 4739 in
203 4686 524 4752 Flandriam.
557 4690 626 4745 ad
651 4690 864 4746 curiam
908 4689 1143 4760 Philippi
1172 4688 1391 4745 domitis
1425 4706 1441 4757 ;
1492 4688 1678 4759 ibique

118 4773 328 4844 «Iacobus
353 4782 422 4837 de
449 4782 681 4839 Avesnis
710 4782 778 4837 de
806 4790 982 4839 morte
1008 4780 1229 4837 Roberti
1265 4780 1695 4849 Cameracensis

119 4870 272 4939 electi,
298 4872 441 4930 facto
465 4874 767 4930 secundum
790 4873 1059 4944 judicium
1091 4872 1244 4930 curie
1263 4873 1596 4943 juramento,
1621 4890 1681 4930 se

127 4951 390 5036 immunem
430 4966 689 5021 ostendit.
741 4964 802 5020 In
832 4966 922 5022 die
966 4974 1157 5021 sancto
1183 4980 1509 5036 parasrpvcn
1538 4964 1671 5037 Phi-

123 5049 276 5123 lippus
302 5073 488 5115 eomes
519 5056 804 5125 Flandrie,
853 5073 980 5114 cum
1028 5058 1214 5117 multis
1240 5058 1364 5115 aliis
1392 5058 1448 5113 in
1478 5057 1674 5128 Iberu-

122 5143 271 5202 salrm
313 5149 680 5219 profecturus,
729 5164 949 5206 crucem
977 5150 1208 5221 accepit.
1239 5149 1401 5212 Estas
1429 5151 1693 5221 pluviosa,

123 5244 167 5303 tt
189 5236 476 5314 dampnosa
507 5256 739 5296 messem
769 5240 1002 5314 Augusti
1033 5242 1237 5297 mensis
1266 5250 1322 5297 ct
1346 5251 1677 5312 autumpna-

130 5320 215 5382 km
255 5332 578 5391 vindemiam
609 5332 915 5402 protelavit.
961 5332 1065 5388 Per
1107 5332 1336 5389 Galliam
1377 5343 1429 5388 ct
1455 5332 1681 5391 Germa-

126 5418 253 5493 niam
277 5426 432 5493 panis
465 5424 649 5498 inopia
680 5425 881 5481 multos
926 5426 1131 5498 allligit.
1189 5424 1303 5480 Sub
1342 5425 1447 5480 hac
1477 5432 1682 5495 tempe-

1779 4598 1836 4645 et
1875 4586 2085 4661 argenti
2132 4595 2397 4667 onustant
2440 4584 3020 4667 muneribus..(Mai._)
3069 4582 3371 4655 Imperator

1781 4680 1986 4752 degens
2014 4678 2073 4737 in
2094 4662 2643 4752 civitate'Ravenna,
2691 4662 2746 4737 et
2788 4662 3094 4751 Alexander
3125 4689 3267 4753 papa
3315 4675 3385 4751 in.

1782 4770 2009 4840 Yenetia
2033 4811 2049 4839 ,
2101 4770 2403 4842 legationes
2430 4768 2737 4823 alternatim
2767 4766 2835 4824 de
2877 4781 3011 4849 pace
3045 4765 3200 4840 inter;
3220 4765 3385 4843 ipsos

1782 4862 2133 4920 reformanda
2178 4862 2303 4933 plus
2349 4862 2469 4917 vice
2510 4859 2748 4930 simplici
2791 4858 3034 4917 mittunt.
3085 4855 3375 4939 Philippus.

1784 4971 1969 5012 comes
1988 4953 2245 5010 Flandrie
2272 4953 2416 5010 circa
2439 4960 2789 5023 pentecosten
2815 4950 3242 5008 Jherosolimam
3270 4965 3373 5022 pet.

1783 5048 1890 5103 tiit.
1925 5046 2254 5112 Willelmus,
2281 5045 2428 5101 ﬁlius
2464 5044 2724 5101 marchisi
2754 5043 2823 5100 de
2850 5041 3193 5111 Montlerrat,
3214 5056 3373 5114 egre-

1779 5143 1904 5217 gius
1924 5141 2165 5213 juvenis,
2211 5140 2308 5211 qui
2352 5138 2519 5195 ﬁliam
2568 5136 2832 5193 Amalrici
2876 5135 3370 5193 Jherosolimorum

1783 5233 1927 5306 regis
1956 5248 2184 5307 uxorem
2208 5232 2474 5305 duxerat,
2493 5244 2527 5285 a
2549 5228 2936 5309 transmarinis
2977 5227 3246 5285 militibus
3272 5239 3368 5282 ve-

1783 5342 1927 5393 neno
1954 5325 2309 5397 extinguitur.

1812 5474 1817 5478 ,
1860 5417 1935 5473 De
1963 5416 2391 5479 reconciliatione
2426 5415 2569 5486 regni
2594 5424 2644 5477 et
2673 5414 2984 5483 mendacii,
3033 5410 3147 5482 Hoc
3176 5409 3370 5478 eodem

1578 5552 1807 5611 NOTAE.

186 5648 323 5721 (422)
359 5650 627 5721 Tempore
658 5650 983 5717 autumnali,
1015 5658 1151 5706 teste
1181 5648 1484 5721 Gisleberto
1510 5664 1561 5720 p.
1587 5646 1675 5703 8'7.

186 5719 322 5793 (433)
355 5719 555 5793 Fusius
586 5721 691 5777 hoc
713 5730 899 5793 narrat
924 5721 1261 5793 Gislcbcrtus
1293 5736 1346 5790 ιι.
1376 5719 1464 5793 9_l.

190 5789 326 5859 (ﬁt)
364 5790 668 5862 Issouduu,
713 5792 767 5847 in
812 5790 1017 5848 Berl-ia.
1046 5787 1342 5873 .Ilobertus
1386 5790 1453 5849 de
1501 5787 1683 5848 Monte

1788 5645 2011 5703 Petrum
2041 5662 2073 5701 a
2127 5644 2265 5700 1177
2304 5655 2582 5703 mortuum
2609 5643 2759 5701 dicit.

1855 5714 2003 5788 (425)
2037 5715 2375 5788 Deschieres.

1865 5783 2012 5861 (126)
2053 5783 2235 5844 Guisc.
