4012 6444
520 374 621 448 su

1670 385 2031 443 SIGEBERTI
2072 385 2600 443 GEMBLACENSIS

3706 378 3831 441 312

513 521 659 565 anno
688 504 723 560 9
752 501 871 560 Kal.
905 486 1137 575 Augusti
1165 501 1308 559 facta
1349 509 1432 557 est
1456 502 1635 557 leticia
1664 517 1861 574 magna
1893 501 1951 583 in
1980 502 2102 556 uni-
2136 507 2178 565 Α
2209 501 2448 573 copiosas
2484 498 2782 571 referimus,
2818 498 2882 552 de
2916 514 2975 553 eo
3001 498 3139 569 quod
3157 478 3432 553 ecclesiam
3456 504 3507 551 et
3532 512 3629 551 nos
3657 495 3831 566 ipsos

510 598 716 657 versali
746 598 980 678 ecclesia
1004 640 1019 665 ,
1071 598 1201 668 quia
1231 596 1506 652 discordia
1545 613 1653 667 que
1699 597 1843 652 inter
1872 612 2102 668 regnum

509 699 569 749 et
596 675 974 747 sacerdocium
1005 705 1102 760 per
1144 689 1337 762 viginti
1365 705 1541 744 annos
1585 687 1763 744 fuerat
1808 688 2100 760 exagitata,

511 792 569 840 et
592 798 795 855 magno
822 764 1081 839 seandalo
1105 780 1206 836 toti
1249 779 1457 837 mundo
1486 787 1623 845 erat,
1655 786 1877 834 auctore
1906 776 2017 832 Deo
2046 778 2102 833 in

508 860 730 932 hac-die
755 882 839 931 est
864 858 1149 945 pacificate
1176 872 1348 945 (427).
1380 870 1728 927 Christianus
1747 869 1893 939 enim
1922 869 2103 939 archie

508 967 805 1039 episcopus
833 965 1206 1038 Maguntinus,
1235 965 1331 1035 qui
1375 972 1430 1019 et
1469 962 1846 1031 cancellarius,
1875 969 1930 1018 et
1958 961 2100 1031 opti-

513 1054 695 1115 mates
727 1057 880 1131 regni
910 1074 1034 1133 cum
1081 1057 1352 1128 episeopis
1398 1054 1804 1122 convenientes,
1852 1051 2101 1109 Frederi~

506 1165 636 1204 cum
667 1150 1052 1221 imperatorem
1082 1150 1150 1206 ad
1180 1149 1443 1204 domuum
1486 1162 1681 1229 papam
1706 1145 2098 1229 Alexandrum,

508 1234 887 1299 diScalciatum
912 1255 966 1319 et
992 1241 1158 1314 regiis
1187 1240 1523 1297 ornamentis
1550 1222 1838 1306 nudatum,
1888 1238 1946 1292 in
1990 1222 2101 1294 Ve;

509 1333 659 1412 netia
686 1333 742 1389 in
768 1333 892 1390 loco
921 1318 1014 1405 qui
1055 1318 1214 1389 Altus
1242 1333 1394 1389 rivus
1440 1338 1811 1402 nuncupatur,
1858 1328 2101 1386 adduxe-

506 1412 659 1497 runt,
691 1424 813 1497 Ipse
834 1442 968 1483 vero
987 1442 1112 1483 eum
1138 1434 1289 1481 tanta
1318 1425 1643 1492 humilitate,
1671 1423 1817 1495 quod
1843 1423 1893 1479 ei
1920 1421 2101 1478 fuerat

508 1517 800 1596 indictum,
828 1518 1092 1591 implevit,
1123 1527 1183 1588 ut
1212 1518 1359 1591 illius
1389 1514 1636 1580 extitisse
1681 1532 1820 1588 opus
1848 1515 1967 1573 sine
1997 1514 2099 1573 due

507 1608 774 1687 bitatione
814 1610 1099 1677 credatur,
1152 1608 1220 1665 de
1264 1624 1375 1679 quo
1421 1608 1624 1664 dicitur
1666 1626 1679 1663 :
1722 1606 1829 1664 Cor
1865 1607 1999 1677 regis
2041 1606 2099 1659 in

506 1692 823 1780 manchi;
873 1707 964 1760 ubi
1003 1703 1246 1773 voluerit,
1281 1711 1538 1760 convertet
1567 1702 1723 1760 illud.
1760 1702 2097 1774 Sane'quam

506 1796 828 1859 timoratum
854 1796 984 1865 Deo,
1011 1812 1175 1868 quam
1196 1796 1537 1851 obedientem
1562 1794 1792 1852 ecelcsic
1812 1804 1865 1851 et
1892 1794 2095 1851 domno

502 1881 644 1967 pape
672 1904 731 1944 se
758 1887 1032 1944 curaverit
1053 1889 1334 1957 exhibere,
1357 1886 1601 1947 lacrimis
1631 1888 1796 1959 pedes
1816 1888 1936 1958 ejus
1964 1888 2095 1946 deo-

503 1979 770 2055 sculando
800 1989 855 2035 et
893 1980 1058 2052 regiis
1092 1980 1413 2036 muneribus
1449 1980 1771 2036 honorando
1806 1979 2094 2052 magniﬁce

507 2055 924 2145 demonstravit.
972 2071 1232 2141 Sequenti
1262 2086 1391 2126 vero
1417 2070 1525 2139 die,
1560 2071 1615 2125 in
1646 2069 1940 2126 festivitate
1981 2070 2092 2126 sci-

499 2159 629 2221 licet
656 2146 833 2217 ‘sancti
863 2160 1050 2217 Jacobi
1079 2163 1315 2234 apostoli
1362 2161 1498 2233 (Jul.
1525 2163 1641 2237 25),
1690 2163 1926 2233 domnus
1953 2179 2092 2234 papa

499 2265 628 2307 cum
659 2252 1031 2324 cardinalibus
1061 2254 1176 2309 suis
1204 2262 1259 2309 et
1295 2255 1568 2326 episcopis
1612 2256 1844 2311 missam
1873 2256 2093 2312 sollem-

497 2330 679 2421 pniter
726 2344 1040 2415 celebravit,
1071 2355 1125 2401 et
1151 2332 1454 2429 predictuin
1482 2347 1866 2429 imperatorem
1901 2366 1932 2403 a
1965 2350 2090 2404 vin-

504 2432 630 2513 culo
660 2434 1025 2510 anathematis
1069 2426 1405 2506 absolutum,
1453 2426 1684 2510 corpOre
1731 2449 1782 2496 et
1829 2441 2093 2513 sanguine

499 2512 709 2579 domini
737 2525 911 2580 nostri
935 2525 1065 2601 Jesu
1093 2526 1337 2596 Christi,
1382 2528 1437 2582 in
1467 2528 1882 2596 confirmatione
1912 2512 2093 2585 unita-

500 2606 575 2691 tis
603 2602 656 2669 et
682 2614 834 2697 pacis
863 2617 1306 2693 communicavit.
1337 2616 1498 2695 "'Ijota
1516 2602 1731 2675 'civitas
1775 2620 1995 2687 letatur,
2037 2629 2091 2676 et

500 2692 889 2787 imperatorem
921 2700 1241 2764 muneribus
1268 2692 1568 2780 honorans,
1615 2704 1881 2767 conviviis
1912 2721 2086 2767 vacat.

497 2795 807 2853 Alexander
831 2814 991 2869 papa,
1016 2800 1083 2855 de
1110 2816 1242 2871 pace
1270 2811 1485 2873 recepta
1516 2811 1572 2858 et
1598 2803 1665 2859 de
1689 2803 1897 2859 honore
1920 2818 1951 2857 a
1977 2802 2090 2859 Deo

496 2887 605 2967 sibi
634 2888 830 2946 collato
867 2891 1130 2961 gaudens,
1175 2892 1535 2963 epistolasad
1572 2910 1764 2952 omnes
1797 2896 2088 2967 episcopos

495 2964 807 3061 Galliarum
845 2976 1068 3051 dirigit,
1113 2978 1457 3038 continentes
1501 2984 1699 3061 seriem
1746 2964 2083 3056 huiusmodi.

499 3062 747 3138 Epistula
795 3058 1090 3127 Alexandri
1113 3088 1252 3144 pape
1284 3091 1298 3129 :
1328 3059 1630 3130 Alexander
1654 3077 1946 3149 episcopus,
1978 3086 2101 3133 ser-'

2203 596 2260 649 in
2308 590 2739 648 tribulationibus
2785 600 2837 646 et
2874 589 3323 662 persecutionibus
3365 590 3563 646 nostris
3599 604 3831 659 nequa-

2203 702 2365 757 quam
2390 683 2640 752 deseruit,
2671 682 2762 737 sed
2798 698 2963 756 usque
2991 683 3050 737 in
3086 683 3247 753 ﬁnem
3274 683 3556 754 magniﬁce
3574 681 3741 754 juvs’t
3772 692 3832 736 et

2202 779 2458 849 defendit.
2495 763 2768 840 Monemus
2790 778 2969 848 itaque
2989 775 3325 831 dilectionem
3353 785 3583 831 vestram
3608 785 3666 830 et
3693 775 3832 830 hor-

2204 880 2381 925 tamur
2409 870 2684 937 attentius,
2707 870 2962 941 quatinus
2997 868 3213 924 ecclesie
3239 877 3290 924 et
3309 868 3457 924 nobis
3489 870 3545 923 in
3575 883 3829 940 praspe-

2201 961 2454 1018 ritatibus
2498 962 2904 1034 congaudentes,
2943 963 3001 1016 in
3044 961 3320 1017 devotione
3366 961 3504 1017 beati
3545 960 3723 1017 Petri
3774 969 3830 1014 et

2203 1064 2415 1125 nostra,
2456 1056 2597 1111 sicut
2641 1056 2894 1111 hactenus
2939 1056 3169 1126 ﬁrmiter
3194 1056 3525 1127 perstitistis,
3563 1070 3832 1127 perseve-

2201 1148 2352 1215 retis,
2377 1156 2430 1203 et
2457 1164 2649 1220 regem,
2678 1156 2738 1202 ut
2756 1148 2813 1203 in
2841 1147 3023 1203 eodem
3047 1144 3166 1202 cum
3188 1164 3348 1219 regno
3382 1164 3479 1204 suo
3511 1147 3833 1219 persistat,

2199 1256 2407 1295 monere
2428 1241 2737 1312 propensius
2759 1249 2810 1296 et
2832 1240 3079 1296 inducere
3100 1241 3382 1295 studeatis.
3405 1239 3548 1295 Data
3584 1237 3831 1296 Venetie

2199 1333 2256 1387 in
2285 1332 2416 1388 Rivo
2441 1332 2572 1401 alto,
2606 1333 2639 1388 6
2664 1330 2794 1389 Kal.
2819 1332 3049 1405 Augusti
3081 1331 3251 1405 (428).

2269 1421 2426 1479 Nono
2454 1421 2573 1480 Kal.
2607 1422 2858 1495 Augusti,
2906 1422 2995 1478 die
3038 1422 3337 1490 dominica,
3387 1422 3509 1494 ipso
3533 1422 3626 1479 die
3695 1434 3829 1491 quo

2197 1531 2305 1587 pax
2334 1516 2478 1572 inter
2508 1516 2892 1587 imperatorem
2921 1524 2976 1571 et
3000 1531 3197 1587 papam
3234 1513 3377 1571 facta
3403 1527 3508 1583 est,
3536 1513 3828 1571 dedicata

2196 1620 2282 1669 est
2303 1611 2695 1669 Marcianensis
2719 1606 2971 1679 ecclesia,
2999 1611 3054 1665 iu
3076 1611 3284 1666 honore
3306 1619 3625 1667 sanctorum
3664 1623 3827 1678 apo-

2197 1706 2466 1761 stolorum
2491 1703 2638 1760 Petri
2664 1713 2720 1759 et
2744 1701 2922 1771 Pauli,
2949 1718 2980 1758 a
3010 1701 3284 1758 Willelmo
3313 1700 3573 1758 Remensi
3615 1699 3831 1756 archi-

2197 1798 2476 1868 episcopo,
2513 1796 2810 1868 apostolice
2838 1796 2984 1852 sedis
3011 1797 3210 1867 legato,
3243 1804 3297 1851 et
3326 1794 3543 1851 duobus
3572 1792 3825 1866 episco-

2195 1890 2282 1962 pis
2309 1891 2484 1962 ipsius
2517 1888 2912 1962 suffraganeis,
2965 1886 3263 1943 Frumaldo
3303 1887 3511 1942 scilicet
3557 1885 3825 1941 Atreba-

2197 1983 2334 2038 tensi
2364 1990 2419 2038 et
2466 1980 2740 2037 Everardo
2775 1980 3134 2036 Tornacensi.
3187 1978 3349 2041 Estas
3397 1980 3634 2035 nimium
3702 1977 3827 2036 fuit

2194 2070 2342 2129 sicca
2369 2079 2424 2128 et
2451 2072 2646 2128 calida.
2696 2070 2893 2128 Messis
2922 2071 3134 2126 triticea
3164 2070 3415 2141 provenit
3440 2070 3682 2125 uberior
3718 2084 3827 2126 so-

2194 2164 2309 2221 lito.
2354 2163 2486 2221 Post
2511 2164 2675 2220 ﬁnem
2705 2162 2912 2218 mensis
2940 2161 3194 2232 Augusti,
3235 2168 3572 2231 autumpnus
3621 2159 3827 2215 nimis

2194 2256 2372 2314 extitit
2408 2254 2683 2328 pluvialis.
2745 2252 3030 2310 Vindemia
3076 2253 3244 2309 etiam
3293 2253 3467 2323 ipsius
3521 2252 3825 2323 temporis

2192 2350 2381 2405 multis
2406 2349 2463 2404 in
2502 2347 2642 2404 locis
2669 2354 2925 2417 corrupta
2950 2354 3057 2402 est.
3107 2343 3244 2400 Nam
3275 2345 3514 2416 quadam
3557 2344 3826 2399 matuti-

2192 2439 2305 2497 nali
2334 2439 2532 2494 nebula
2576 2453 2682 2494 uve
2715 2444 2964 2493 contacte
2989 2445 3153 2507 atque
3180 2435 3257 2490 ita
3299 2433 3609 2505 putrefacte
3637 2442 3823 2501 sunt,

2160 2530 2254 2587 'ut
2278 2531 2467 2586 vinum
2497 2546 2563 2587 ex
2590 2530 2670 2586 eis
2698 2544 3021 2600 expressum
3058 2542 3317 2599 magnam
3355 2526 3688 2582 bibentibus
3725 2534 3824 2580 at-

2191 2621 2377 2678 tulerit
2404 2621 2931 2676 incommoditatem.
2982 2618 3135 2674 Multi
3164 2619 3332 2674 etiam
3358 2617 3413 2673 in
3458 2616 3568 2674 hac
3596 2626 3824 2681 nostra

2191 2713 2412 2786 regione
2431 2712 2662 2768 diversis
2686 2711 2939 2767 laborant
2968 2709 3233 2779 febribus,
3267 2710 3423 2769 multi
3452 2719 3507 2766 et
3528 2710 3820 2766 moriun—

2192 2814 2298 2862 tur.
2348 2803 2662 2860 Lndovieus
2707 2817 2803 2858 rex
2850 2801 3188 2858 Francorum
3216 2811 3270 2858 et
3298 2800 3572 2857 Henricus
3603 2801 3822 2857 senior

2187 2912 2285 2952 rex
2334 2895 2634 2967 Anglorum
2685 2894 2973 2966 magniﬁce
3013 2893 3454 2950 confederantur.
3510 2892 3820 2950 Henricus

2189 3001 2374 3043 comes
2402 2985 2697 3042 Trecarnm
2730 3028 2746 3054 ,
2794 3001 2920 3043 cum
2972 2986 3161 3043 multis
3196 2985 3320 3042 aliis
3347 2986 3401 3041 in
3433 2984 3817 3042 Jherusalem

2188 3077 2557 3149 profecturus,
2590 3093 2809 3134 crucem
2846 3078 3064 3150 accipit.
3096 3077 3382 3150 Philippus
3410 3094 3602 3136 comes
3628 3078 3821 3143 Flam

493 3174 589 3251 plus
612 3176 887 3251 servorum,
921 3162 1040 3231 Dei,
1070 3165 1450 3220 uenerabilibus
1495 3166 1772 3237 fratribus,
1814 3168 2085 3225 Willelmo
2113 3189 2161 3251 ο
2190 3170 2308 3226 drie
2335 3186 2366 3226 a
2397 3158 2778 3227 transmarinis
2827 3171 3167 3243 principibus
3199 3186 3297 3227 seu
3342 3171 3613 3228 militibus
3664 3183 3818 3228 cum

492 3228 738 3303 Remensi
775 3228 1196 3323 archiepiscopo,
1240 3228 1528 3324 apostolice
1574 3256 1715 3311 sedis
1759 3228 1947 3330 legato
1970 3301 1984 3326 ,
2037 3270 2087 3315 et

492 3338 850 3414 suﬂ'raganeis
876 3344 1025 3415 ejus,
1067 3356 1119 3401 et
1164 3347 1374 3402 dilectis
1404 3348 1537 3418 ﬁliis
1568 3346 1846 3404 abbatibus
1886 3350 1942 3405 in
1979 3349 2086 3406 Re-

492 3430 663 3487 mensi
700 3435 972 3504 provincia
1014 3434 1337 3505 constitutis,
1379 3438 1606 3494 salutem
1651 3448 1701 3495 et
1738 3440 2087 3510 apostolicam

493 3523 924 3611 benedictionem.
954 3525 1087 3585 Cum
1108 3546 1203 3599 per
1229 3514 1514 3600 auxilium,
1541 3533 1831 3602 potentiam
1855 3542 1907 3587 et
1932 3533 2084 3603 favo-

489 3618 606 3669 rem
625 3614 896 3672 karissimi
917 3619 973 3672 in
993 3617 1208 3675 Christo
1232 3619 1336 3691 filii
1371 3623 1540 3676 nostri
1570 3621 1828 3677 Ludovici
1853 3622 2083 3678 illustris

487 3700 827 3783 Francorum
856 3710 994 3780 regis
1040 3718 1090 3764 et
1115 3713 1262 3782 regni
1304 3713 1429 3781 sui,
1475 3725 1811 3769 sacrosancte
1849 3713 2084 3770 Romane

489 3794 709 3878 ecclesie
747 3794 810 3853 ac
834 3794 983 3855 nobis
1006 3818 1436 3873 recognoscamus
1466 3805 1700 3876 gloriosa
1720 3815 1771 3861 et
1796 3808 2083 3878 magniﬁca

489 3886 745 3959 beneficia
771 3892 1085 3963 provenisse,
1121 3894 1339 3965 dignum
1378 3898 1455 3951 est
1480 3907 1529 3952 et
1558 3900 1963 3953 consentaneum
1993 3896 2089 3953 τας

488 3980 648 4067 tioni,
672 3991 732 4036 ut
759 3982 844 4038 illi
872 3992 922 4040 et
954 3986 1118 4069 vobis,
1154 3986 1378 4060 quorum
1403 3992 1610 4069 auxilio
1635 4000 1872 4063 potenter
1897 4009 2079 4049 sumus

483 4071 545 4128 i'n
585 4075 983 4132 necessitatibus
1030 4081 1224 4149 nostris
1267 4081 1479 4154 adjuti,
1522 4072 1880 4153 prosperos‘et
1902 4083 2079 4159 felices

483 4162 635 4235 pacis
662 4160 930 4247 successus
976 4172 1334 4244 signiﬁcemus
1352 4191 1373 4241 ;
1403 4175 1706 4230 indubitata
1743 4178 1964 4232 veritate
1999 4165 2093 4232 te-ﬁ

485 4265 688 4325 nentes,
716 4260 857 4330 quod
891 4270 1008 4331 post
1039 4261 1209 4317 Deum
1248 4264 1389 4335 idem
1433 4281 1526 4320 rea:
1565 4266 1728 4321 simul
1765 4283 1885 4322 cum
1920 4284 2077 4339 regno

484 4364 583 4403 suo
605 4350 913 4422 eeoperatus
935 4365 1012 4409 est
1035 4354 1223 4409 honori
1262 4366 1312 4410 et
1351 4357 1671 4413 exaltationi
1706 4368 1885 4414 sancte
1912 4360 2079 4416 eccle-

479 4438 579 4505 sie,
597 4448 647 4493 et
667 4440 715 4493 ei
742 4457 989 4513 magnum
1011 4443 1234 4501 contulit
1251 4445 1650 4502 incrementum.
1666 4446 1819 4513 Quod
1841 4448 2073 4519 quidem,

478 4519 618 4582 sicut
649 4531 799 4584 verba
827 4535 1267 4603 recognoscimus,
1293 4537 1371 4590 ita
1403 4553 1555 4607 opere
1578 4547 1629 4593 et
1658 4555 1896 4594 sermone
1929 4532 2081 4594 omni
2105 4564 2148 4623 ι)

486 4626 737 4688 tempore,
763 4631 979 4677 auctore
1008 4623 1138 4693 Deo,
1169 4642 1613 4697 recognoscemus.
1650 4629 1852 4685 Notum
1872 4632 1943 4685 sit
1973 4648 2072 4685 au—

482 4720 589 4764 tem
613 4712 987 4770 sollicitudini
1015 4726 1199 4785 vestre,
1242 4726 1380 4790 quod
1422 4720 1735 4777 karissimus
1762 4723 1818 4777 in
1857 4722 2069 4778 Christo

480 4800 629 4872 ﬁlius
669 4814 846 4860 noster
874 4805 1208 4878 Fredericus,
1237 4802 1467 4867 illustris
1499 4812 1860 4868 Romanorum
1898 4813 2065 4883 impe-

477 4903 649 4963 rator,
685 4890 778 4966 per
808 4898 1212 4974 {aspirationem
1253 4905 1429 4960 divine
1457 4906 1630 4977 gratie
1652 4905 1890 4975 deposito
1913 4906 2066 4959 vani-

476 4986 609 5040 tatis
634 4992 830 5055 errore,
864 4991 933 5043 ad
962 4992 1102 5045 viam
1124 4995 1363 5048 veritatis
1388 4990 1684 5062 conversus,
1721 4995 1792 5048 ad
1823 4992 2067 5051 obedien-

476 5074 609 5129 tiam
631 5076 847 5133 ecclesie
868 5088 918 5134 et
940 5080 1177 5136 nostram
1204 5093 1495 5157 reverenter
1509 5082 1561 5138 et
1587 5086 1787 5152 devote,
1818 5086 1956 5139 sicut
1981 5087 2067 5142 de-

473 5167 605 5232 cuit,
641 5162 898 5237 rediit,et
935 5171 1088 5227 illam
1106 5161 1256 5228 beato
1272 5160 1441 5228 'Petro
1463 5176 1519 5228 in
1549 5174 1697 5230 nobis
1725 5180 2065 5233 reverentiam

470 5265 524 5311 et
548 5259 874 5315 devotionem
893 5258 1150 5330 exhibuit,
1178 5260 1339 5334 quam
1360 5272 1708 5341 antecessores
1729 5264 1843 5338 ejus
1870 5270 2065 5341 nostris

470 5342 851 5406 consueverunt
880 5354 1296 5408 antecessoribus
1332 5339 1594 5424 exhibere,
1620 5339 1677 5413 ‘et
1718 5375 1772 5413 se
1796 5360 1861 5414 de
1894 5340 2062 5417 cetera

471 5439 834 5499 exhibiturum
860 5442 1123 5514 promisit.
1159 5442 1328 5515 Super
1359 5464 1461 5518 quo
1487 5449 1667 5521 utique
1689 5450 1874 5506 laudes
1895 5446 2079 5507 Altis?

2134 3312 2145 3316 _
2192 3276 2394 3334 magno
2421 3261 2630 3318 honore
2658 3263 2976 3333 suscipitur.
3027 3261 3224 3320 Paucis
3252 3272 3456 3330 autem,
3483 3269 3816 3333 postquam

2189 3355 2319 3411 illuc
2349 3363 2593 3422 venerat,
2634 3355 2866 3412 evolutis
2899 3356 3116 3423 diebus,
3140 3357 3283 3412 inter
3323 3357 3504 3427 ipsum
3532 3364 3590 3411 et
3622 3353 3819 3412 Tem-

2189 3444 2391 3514 plarios
2411 3460 2510 3516 pro
2532 3445 2860 3516 quibusdam
2885 3446 3035 3519 regni
3065 3446 3313 3517 negocus
3335 3454 3454 3502 orta
3476 3446 3814 3513 simultate,

2186 3532 2460 3591 Palestina
2512 3537 2701 3592 relicta
2728 3579 2743 3605 ,
2811 3537 3159 3594 Antiochiam
3212 3536 3408 3611 Syrio,
3456 3554 3487 3594 a
3531 3539 3817 3610 principe

2188 3625 2361 3695 ipsius
2390 3625 2626 3682 civitatis
2659 3627 2944 3694 invitatus,
2974 3628 3359 3699 proficiscitur.
3392 3627 3615 3684 initium
3652 3628 3821 3704 hyci

2185 3715 2291 3771 mis
2335 3715 2712 3787 frequentibus
2751 3717 2950 3788 pluviis
2992 3727 3050 3773 et
3087 3727 3378 3776 ventorum
3419 3719 3611 3777 ﬂabris
3646 3722 3813 3779 satis

2184 3805 2496 3862 molestum.

2205 3888 2211 3894 ’
2247 3893 2509 3967 Princeps
2550 3894 2963 3954 Anthiochenus
2989 3908 3044 3956 et
3064 3899 3349 3973 Philippus
3386 3917 3573 3959 comes
3598 3902 3795 3961 Flau-

2182 3984 2318 4065 drie,
2342 3996 2674 4059 congregato
2718 3989 3104 4062 undecumque
3133 3992 3376 4048 exercitu
3412 3993 3667 4064 copioso,
3696 4011 3815 4067 ea:

2181 4077 2400 4139 stellum
2446 4076 2681 4146 Harcnc,
2738 4079 3127 4147 christianilati
3180 4084 3558 4154 superioribus
3611 4088 3808 4161 annis

2179 4167 2446 4225 violenter
2465 4178 2734 4240 ereptum,
2761 4172 2914 4227 omni
2937 4188 3003 4228 ex
3021 4182 3175 4244 parte
3197 4175 3469 4231 obsident.
3484 4177 3610 4243 Quo
3632 4193 3805 4234 nun-

2178 4262 2280 4317 ciis
2306 4261 2762 4320 intervolantibus
2783 4274 3085 4336 comperto,
3118 4264 3485 4324 Salahadinus
3512 4268 3803 4342 princeps

2178 4349 2453 4421 Damasci,
2506 4364 2707 4424 putans
2760 4355 2913 4410 omni
2959 4356 3197 4412 militum
3245 4358 3444 4414 solatio
3475 4358 3803 4421 Iberosoli-e

2178 4460 2396 4501 morum
2418 4446 2694 4503 civitatem
2720 4447 3058 4517 destitutam,
3085 4451 3431 4524 congregatis
3458 4451 3796 4528 Turcorum

2181 4550 2277 4591 seu
2316 4536 2747 4594 Sarracenorum
2777 4540 3100 4598 admiraldis
3122 4557 3153 4598 a
3175 4541 3466 4610 Damaseo,
3490 4542 3813 4605 civitatem

2175 4625 2530 4696 lbernsalem,
2561 4641 2726 4700 prout
2755 4633 2992 4702 superbo
3037 4633 3313 4704 cogitabat
3346 4634 3552 4702 animo,
3577 4630 3812 4707 captu?

2173 4736 2290 4788 rus,
2321 4731 2376 4778 et
2392 4731 2564 4779 totam
2588 4725 2869 4784 deleturus
2891 4727 3369 4795 christianitatem,
3400 4728 3665 4799 adjuncta
3696 4745 3798 4787 se-

2171 4828 2298 4867 cum
2344 4809 2754 4886 sagittariorum
2792 4828 2851 4876 ct
2895 4821 3230 4877 rusticorum
3263 4821 3551 4877 innumera
3581 4823 3792 4889 turba.

2171 4903 2374 4961 Gazam
2434 4909 2699 4978 pervenit.
2751 4909 2891 4967 Exin
2944 4911 3431 4969 llierosolimorum
3476 4913 3582 4968 iter
3621 4916 3791 4971 arri-

2171 4996 2349 5067 piens,
2381 5014 2563 5069 regem
2599 5001 2772 5072 ipsius
2808 5004 3064 5071 civitatis,
3094 5014 3149 5060 et
3171 5004 3511 5075 Tcmplarios
3561 5005 3792 5064 milites

2175 5104 2301 5144 cum
2328 5093 2490 5147 c‘ruce
2516 5092 2812 5161 dominica,
2854 5094 3132 5166 parvoque
3169 5105 3412 5153 armatos
3440 5097 3636 5163 milite,
3677 5100 3791 5166 sed

2174 5181 2281 5237 fide
2320 5182 2527 5240 Christi
2559 5187 2854 5255 animatos,
2886 5188 3080 5245 obvios
3118 5190 3350 5260 excepit.
3378 5189 3426 5243 A
3447 5190 3658 5260 quibus
3693 5193 3790 5247 vi-

2171 5283 2314 5357 ctus,
2369 5276 2633 5345 confusus
2684 5289 2739 5335 et
2783 5280 3120 5349 confutatus,
3172 5282 3432 5338 omnibus
3473 5298 3616 5353 pene
3647 5286 3787 5347 suis

2170 5367 2348 5437 gladio
2377 5384 2474 5424 seu
2522 5369 2766 5439 ﬂumine,
2820 5373 2915 5444 qui
2956 5366 3335 5440 interfluebat,
3385 5377 3782 5445 consumptis,

2172 5466 2316 5525 totus
2344 5462 2677 5532 sanguineus
2707 5480 2934 5521 suorum
2968 5466 3202 5521 militum
3235 5466 3386 5533 cede,
3409 5465 3463 5520 in
3485 5466 3784 5527 Damasco

468 5529 624 5587 δίιηό·
649 5535 881 5602 adimus,
936 5544 986 5590 el
1025 5548 1395 5606 consequenter
1438 5543 1545 5610 regi
1574 5550 1626 5596 et
1665 5560 1822 5609 νερηο
1857 5547 2059 5598 (milia:
2168 5529 2468 5622 sanguinea
2525 5556 2846 5626 regreditur.
2886 5558 3084 5613 Actum
3121 5569 3205 5617 est
3244 5561 3348 5615 hoc
3376 5575 3406 5613 a
3439 5560 3781 5618 Christianis

1718 5640 1722 5644 ’
1978 5634 2243 5694 ΝΟΤλΕι
2373 5647 2378 5652 ·
2476 5648 2479 5651 ·

566 5710 1568 5811 i332£&.l12?:.288t;_93_!§'55m-
1644 5810 1651 5811 ,
1734 5795 1785 5811 ..

563 5778 688 5851 428)
725 5778 851 5882 llaec
880 5778 1597 5883 epistola'iisdémprorsus
1638 5795 1818 5854 verbis
1861 5797 2061 5869 legitur

2159 5739 2324 5786 etiam
2352 5732 2407 5788 in
2436 5731 2623 5809 cadica
2652 5750 2700 5790 ε.
2732 5752 2809 5791 xu
2835 5736 3256 5806 Marchianensi,
3282 5737 3398 5809 jam
3440 5738 3586 5794 inter
3610 5737 3778 5796 Dua-

2168 5815 2442 5883 censesn.
2472 5801 2594 5860 502.
2788 5850 2791 5853 ,
2896 5831 2899 5834 ν
3176 5830 3183 5837 .
3218 5801 3250 5837 ﬁ
3283 5801 3300 5809 '
3352 5824 3359 5835 ε
3526 5824 3544 5840 -.
3750 5819 3797 5836 ..
