3934 6316
158 303 257 363 313

1004 301 1375 363 cuneum.
1425 328 1488 343 -ο
1520 300 1991 363 CONTINUATIO
2025 303 2540 390 AQUIGINCTINA.

3320 315 3430 381 314

159 420 517 478 victoriosum
543 421 743 478 bellum
765 419 903 478 feria
923 421 977 477 6.
1009 430 1138 477 ante
1157 423 1338 478 natale
1357 423 1500 479 beati
1523 423 1742 480 Andree
1769 427 1819 487 Α
1846 422 2025 479 tribus
2051 393 2474 501 comparabatur
2491 424 2758 506 denariis,
2794 445 2944 513 nunc
2966 433 3145 515 tribus
3170 439 3424 499 vendere-

153 514 404 588 apostoli,
457 514 709 587 Philippo
733 516 954 584 comite,
994 527 1051 572 et
1073 515 1320 587 principe
1359 517 1744 574 Anthiocbeno

152 620 272 662 cum
301 604 427 660 suis
449 605 787 662 exercitibus
810 605 868 661 in
897 605 1185 662 obsidione
1212 604 1429 663 Harenc
1447 606 1749 662 laboranti-

150 697 267 754 bus.
320 694 515 755 Pridie
559 698 679 754 Kal.
734 698 1073 769 Decembris,
1125 698 1182 754 in
1228 707 1389 755 nocte
1433 698 1746 757 festivitatis

150 788 287 845 beati
315 789 546 846 Audree
571 792 827 863 apostoli,
873 799 1070 848 ventus
1114 790 1411 847 vehemens
1442 790 1514 846 ab
1542 789 1745 848 Amico

146 881 390 950 veniens,
443 883 637 940 multis
673 884 731 940 in
773 884 909 940 locis
947 884 1288 955 dampnosus
1333 883 1560 940 exstitit.
1598 881 1750 940 Obiit

144 975 379 1031 Alardus
424 975 850 1033 Cameracensis
878 977 1172 1047 episcopus
1202 975 1375 1048 (429),
1400 984 1457 1032 et
1491 975 1742 1034 Valcellis

146 1067 428 1139 sepelitur.
462 1069 674 1127 Electio
703 1070 969 1141 episcopi,
998 1070 1143 1125 iacta
1168 1069 1238 1125 ad
1271 1069 1630 1141 apostolicam
1655 1085 1744 1127 se-

145 1160 261 1215 dem
291 1164 688 1233 appellatione,
714 1163 773 1218 in
798 1170 1119 1232 sequentem
1144 1177 1351 1217 annum
1384 1160 1652 1218 differtur.

280 1253 450 1308 1178.
568 1254 756 1311 11.26.
868 1253 1052 1310 Κῶ.
1166 1251 1350 1309 Α.24.
1459 1250 1604 1308 Π.2.

209 1344 372 1400 circa
392 1346 571 1401 linem
598 1346 849 1402 Januarii
889 1345 1121 1414 mensis,
1153 1360 1280 1401 cum
1326 1344 1450 1416 gelu
1474 1352 1529 1399 et
1551 1343 1645 1398 nix
1672 1343 1742 1397 li-

144 1443 469 1504 quarentur,
498 1436 788 1493 inundatio
807 1436 1097 1492 ﬂuminum
1119 1451 1216 1506 per
1230 1443 1373 1492 totas
1385 1434 1592 1493 Gallias
1611 1435 1739 1492 talis

142 1528 337 1597 erupit,
372 1543 490 1599 que
515 1529 729 1585 sclusas
749 1528 1087 1585 vivariorum
1116 1536 1174 1584 et
1196 1536 1507 1585 structuras
1527 1527 1739 1583 molen-

140 1620 399 1677 diuorum
453 1621 645 1693 rapido
680 1621 884 1692 impetu
918 1636 1108 1677 secum
1141 1620 1327 1688 ferret,
1360 1620 1557 1677 domos
1582 1634 1739 1676 ever-

142 1721 291 1780 teret,
314 1714 531 1771 multos
558 1713 724 1769 etiam
755 1722 994 1769 necaret.
1032 1712 1281 1784 Rogerus
1317 1710 1734 1768 Cameracensis

140 1802 587 1870 archidiaconus,
624 1802 770 1858 dono
819 1803 890 1859 ab
941 1803 1272 1874 imperatore
1317 1801 1610 1858 Frederico
1640 1817 1734 1858 ac-

139 1903 309 1964 cepto,
340 1894 524 1966 ipsius
555 1894 709 1951 urbis
743 1894 983 1952 donatur
1003 1895 1302 1966 cpiscopio.
1329 1892 1577 1967 Eclypsis
1604 1894 1734 1950 lune

138 1984 276 2045 facta
305 1997 399 2043 est
423 1988 476 2048 5,
513 1984 698 2044 Nonas
730 1985 945 2052 Marcii,
987 1986 1077 2043 die
1096 1986 1391 2053 dominica,
1418 1977 1729 2056 prima'no-

139 2079 240 2134 etis
283 2078 428 2135 hora
453 2079 734 2150 sequentis
760 2079 998 2137 secunde
1020 2077 1171 2137 feric.
1211 2077 1413 2136 Eodem
1436 2078 1524 2134 die
1547 2076 1729 2151 Roge-

139 2186 255 2239 rns,
279 2170 672 2228 Laudunensis
686 2172 1000 2245 episcopus,
1025 2187 1151 2231 cum
1168 2187 1436 2245 pagenses
1464 2170 1726 2243 episcopii

144 2263 225 2320 sui
250 2280 282 2319 a
311 2264 726 2334 communione,
772 2264 915 2321 inter
943 2279 1004 2321 se
1036 2279 1266 2321 assensu
1295 2263 1558 2324 Ludovici
1581 2265 1727 2336 regis

140 2371 426 2428 perperam
467 2358 672 2430 iurata,
732 2358 960 2416 minime
1010 2358 1292 2416 retrahere
1346 2367 1552 2430 posset,
1580 2358 1728 2417 malo

142 2455 358 2519 accepto
397 2449 654 2517 mnsilio,
686 2449 926 2506 militum
956 2449 1158 2505 auxilia
1189 2449 1571 2521 undecumque
1593 2465 1729 2505 con-

143 2540 385 2609 trahens,
422 2541 478 2596 2.
506 2540 650 2598 Non.
694 2541 910 2611 Marcii,
939 2542 994 2598 in
1028 2542 1224 2599 diebus
1256 2542 1467 2599 scilicet
1488 2542 1727 2613 quadra-

143 2633 362 2703 gesimo,
408 2650 508 2691 eos
552 2650 847 2707 aggressus
872 2648 976 2692 est.
1007 2634 1113 2692 Ubi
1157 2635 1382 2707 quidam
1429 2634 1722 2701 interfecti,

141 2725 291 2781 multi
312 2726 479 2788 etiam
501 2727 670 2798 capti,
698 2727 924 2799 quidam
954 2736 1136 2783 autem
1158 2743 1374 2792 eorum.
1410 2727 1542 2783 dum
1572 2725 1725 2798 fuge—

143 2825 278 2886 rent,
326 2818 383 2873 in
418 2819 657 2890 quodam
692 2819 918 2875 flumine
940 2819 1120 2877 necati
1147 2827 1278 2875 sunt
1312 2816 1484 2892 (A50).
1518 2817 1723 2890 Philip-

143 2925 240 2982 pus
271 2928 459 2971 comes
499 2914 555 2969 in
583 2914 873 2971 obsidione
916 2912 1131 2970 Harenc
1177 2928 1373 2985 parum
1404 2912 1718 2984 proﬁciens,

143 3005 480 3074 procinctum
502 3007 723 3065 solvens
751 3008 897 3064 circa
928 3007 1071 3064 diem
1092 3007 1430 3079 paschalem,
1460 3006 1531 3062 ob
1548 3005 1719 3077 visio.

145 3110 259 3167 nem
305 3099 448 3155 sacri
504 3098 650 3172 ignis
706 3099 1081 3155 llterosolimis
1121 3099 1404 3160 remeavit,
1431 3098 1716 3157 Celebrata
1743 3131 1788 3193 ε

146 3187 494 3259 ergoibidem
542 3190 786 3259 paschali
812 3189 1235 3261 sollempnitate,
1262 3190 1476 3245 marina
1518 3189 1719 3250 timens

146 3276 472 3349 discrimina,
498 3296 597 3351 per
618 3280 957 3352 Hesperiam,
991 3282 1280 3338 Trachiam
1303 3290 1359 3338 et
1378 3281 1717 3339 Pannoniam

146 3385 235 3444 seu
257 3369 575 3441 Saxoniam,
606 3374 768 3431 rediit
784 3374 853 3429 ad
880 3375 1121 3446 propria.
1144 3373 1305 3430 Estas
1331 3374 1477 3431 sicca
1504 3389 1607 3431 nec
1632 3375 1718 3430 ni.

148 3459 242 3516 mis
275 3462 446 3518 calida
493 3478 672 3535 usque
710 3463 781 3519 ad
820 3464 875 3529 5,
924 3462 1065 3525 Non.
1097 3462 1225 3519 Julii
1259 3464 1458 3520 extitit.
1502 3463 1718 3521 Abhinc

146 3549 313 3628 pluvie
336 3563 707 3625 erumpentes,
737 3570 917 3625 usque
960 3554 1016 3609 in
1046 3554 1181 3625 ipsis
1220 3553 1481 3616 Kalendis
1506 3552 1716 3610 Januaa

152 3644 212 3698 rii
236 3645 478 3703 homines
498 3647 828 3705 afﬂixerunt.
856 3645 993 3704 Nam
1015 3648 1201 3703 fenum
1236 3663 1445 3714 secare,
1470 3648 1714 3703 triticum

148 3744 351 3805 metere,
366 3738 555 3794 vinum
575 3740 849 3812 colligere,
869 3756 1056 3797 semen
1076 3741 1258 3810 jacere
1277 3741 1369 3795 vix
1393 3750 1711 3811 potuerunt.

150 3825 374 3903 Eclypsis
405 3831 541 3888 solis
587 3831 731 3889 facta
771 3842 858 3888 est
893 3831 1080 3887 idibus
1116 3831 1475 3903 Septembris,
1518 3842 1646 3889 ante
1679 3833 1714 3888 6

149 3919 339 3987 horam.
366 3923 676 3986 Alexander
703 3939 845 3995 papa
888 3923 1257 3980 subdiacones
1302 3924 1614 3983 cardinales
1642 3924 1711 3981 ad

148 4014 565 4073 Iubmonendnm
620 4017 940 4085 concilium,
997 4017 1053 4072 in
1104 4016 1525 4089 quadragesima
1580 4016 1712 4077 anni

147 4109 404 4178 sequentis
436 4110 822 4167 celebrandum
866 4126 965 4181 per
988 4117 1164 4166 totum
1206 4125 1345 4181 pene
1364 4109 1706 4165 christianis-

147 4213 280 4255 mum
301 4201 503 4274 dirigit.
534 4202 820 4274 Philippus
846 4218 1032 4259 comes
1065 4196 1288 4257 Octobri
1314 4216 1503 4258 mense
1528 4217 1712 4258 rever-

147 4307 249 4361 sus,
282 4311 313 4351 a
345 4295 462 4351 suis
507 4294 939 4352 Flandrcnsibus
984 4293 1357 4353 favorabiliter
1402 4301 1488 4348 est
1529 4308 1712 4350 susce-

146 4394 271 4455 ptus.
320 4386 466 4444 inter
506 4402 650 4459 quos
678 4386 984 4459 Brugcnscs
1024 4386 1279 4456 oppidani
1311 4384 1516 4461 piscem
1548 4400 1709 4440 mon-

1848 521 1939 570 tur
1964 515 2185 601 solidis,
2204 515 2315 574 feni
2364 517 2620 601 videlicet
2645 528 2702 599 et
2738 504 3041 584 straminis.
3082 510 3433 604 Subsequuta

1844 611 1931 660 est
1951 604 2259 684 mortalitas
2290 607 2476 680 ovium
2510 624 2606 689 seu
2641 610 2831 689 boum.

1914 693 1994 750 De
2018 696 2265 775 concilio.
2299 684 2600 783 (λψινιηῦ.)
2630 684 2894 759 Generale
2940 708 3238 785 concilium
3284 716 3433 785 apud

1844 784 2100 857 Romam,
2122 788 2179 845 in
2206 790 2541 869 patriarcbio
2583 791 2939 854 Lateranensi
2961 783 3268 859 Alexander
3287 783 3429 878 papa

1843 878 2156 968 celebravit,
2184 877 2241 936 in
2263 898 2375 954 quo
2402 884 2525 955 plus
2553 902 2719 957 quam
2750 887 2857 943 500
2883 890 3123 965 episcopi
3144 909 3273 968 cum
3300 877 3429 968 qui-

1842 967 2074 1027 busdam
2102 973 2488 1031 transmarinis
2525 976 2818 1058 atl‘uerunt'.
2855 976 3089 1049 Quidam
3114 967 3281 1062 etiam
3314 967 3432 1060 epi-

1842 1063 1992 1133 scopi
2021 1063 2092 1119 de
2132 1063 2318 1122 Gretia
2347 1066 2555 1145 legatos
2579 1084 2721 1143 suos
2740 1068 2941 1152 ibidem
2983 1059 3428 1152 transmiserunt.

1840 1157 2114 1213 Abbatnm
2141 1159 2310 1216 etiam
2352 1159 2602 1227 interfuit
2627 1146 2916 1233 innumera
2943 1182 3084 1237 pene
3109 1146 3427 1243 multitudo.

1841 1244 1922 1301 lbi
1953 1247 2191 1304 domnus
2236 1266 2375 1320 papa
2404 1251 2779 1322 ordinationes
2821 1253 2994 1323 factas
3024 1258 3094 1313 ab
3123 1238 3430 1327 Octaviano

1839 1346 1894 1394 et
1920 1337 2168 1396 Guidone
2192 1341 2561 1400 heresiarchis
2593 1355 2647 1400 et
2684 1332 2935 1407 Johanne
2964 1334 3296 1421 Strumensi,
3328 1354 3426 1425 qui

1839 1444 1937 1486 eos
1980 1428 2162 1486 fuerat
2215 1442 2474 1505 secutus,
2519 1436 2707 1496 irritas
2746 1453 2872 1495 esse
2910 1441 3147 1497 censuit.
3197 1426 3437 1502 Decreta

1838 1517 2014 1590 ipsius
2041 1521 2282 1592 concilii,
2311 1525 2444 1597 quia
2496 1527 2671 1585 multa
2727 1537 2882 1607 suntIl
2907 1538 2965 1603 et
3011 1547 3177 1602 penes
3221 1518 3425 1593 multos

1837 1613 2131 1706 habentur,
2166 1615 2224 1672 in
2251 1616 2357 1674 hac
2379 1618 2598 1676 cronice
2624 1620 2889 1680 brevitate
2923 1607 3164 1703 scribere
3186 1641 3299 1683 non
3320 1627 3433 1706 fuit

1837 1705 1990 1762 utile.

1907 1796 2113 1871 Symon
2138 1799 2311 1858 abbas
2328 1801 2716 1875 Aqnieinensts
2734 1805 2794 1863 in
2811 1807 2990 1864 reditu
3008 1808 3184 1881 ipsius
3204 1812 3423 1890 concilii

1835 1889 2154 1949 Clarevallis
2162 1894 2404 1964 divertit,
2421 1906 2476 1953 et
2488 1898 2748 1969 reliquias
2766 1899 3251 1972 domuiBernardi,
3272 1889 3423 1975 ejus-

1834 1983 1958 2071 dem
1984 1985 2197 2042 cenobii
2221 1986 2456 2066 abbatis,
2478 1990 2676 2059 petitas
2701 1991 2960 2060 obtinuit,
2979 2001 3034 2048 et
3052 1993 3108 2049 in
3130 1994 3237 2051 hoc
3258 1994 3424 2066 Aqui-

1834 2076 2045 2133 cinensi
2074 2079 2416 2135 monasterio
2463 2079 2723 2137 decenter
2759 2086 3028 2153 reposuit.
3064 2083 3424 2152 Messistriti-

1834 2183 1930 2225 cca
1953 2169 2118 2227 solito
2157 2171 2263 2227 t'uit
2284 2172 2492 2241 rarior;
2518 2188 2684 2244 porro
2706 2189 2879 2231 avena
2901 2191 3000 2232 seu
3032 2178 3189 2235 tercii
3215 2179 3437 2246 mensis~

1833 2261 2043 2318 semina
2071 2265 2447 2336 suprascripta
2472 2280 2798 2338 reparavere
2820 2268 3082 2339 dampna.
3107 2255 3433 2340 Ludovicus;

1828 2368 1927 2409 rex
1973 2353 2333 2426 Francorum,
2362 2367 2647 2429 assumpto
2677 2374 2866 2417 secum
2917 2359 3173 2432 Philippo
3219 2365 3422 2418 comite

1828 2443 2274 2517 Flandrensium,
2346 2464 2500 2507 mare
2550 2453 2992 2526 transnavigans,
3059 2450 3418 2511 Cantuariam

1826 2536 2026 2611 pergit,
2077 2547 2442 2611 sanctumque
2493 2549 2792 2615 martyrem
2857 2541 3127 2601 Thomam
3182 2544 3417 2603 diversis

1826 2630 2155 2687 muneribus
2205 2631 2515 2690 honoravit.
2543 2632 2836 2693 Heinricus
2860 2637 3049 2693 senior
3087 2653 3186 2694 rex
3215 2637 3418 2709 Anglo-

1824 2738 1951 2783 rum
1991 2724 2293 2783 honoriiice
2338 2742 2467 2784 eum
2500 2730 2760 2801 suscepit.
2800 2730 3152 2802 Autumpnus
3202 2731 3420 2803 perpul-

1824 2814 1959 2877 cber
1986 2824 2041 2875 et
2059 2817 2273 2874 calidus
2307 2834 2485 2891 usque
2516 2820 2570 2877 5.
2601 2820 2788 2879 Nonas
2811 2820 3066 2879 Octobris
3085 2824 3284 2879 extitit.
3313 2823 3420 2880 Lu-

1822 2906 2053 2966 dovicus
2091 2925 2188 2965 rex
2230 2908 2570 2968 Francorum
2615 2913 2788 2969 tilium
2819 2931 2983 2972 suum
3012 2915 3325 2988 Philippum
3356 2919 3413 2974 in

1823 3014 2007 3072 regem
2035 3001 2297 3058 sublimat
2335 3002 2546 3073 Remis,
2596 3004 2651 3060 in
2692 3004 2986 3063 festivitate
3014 3009 3264 3065 omnium
3287 3025 3417 3065 san-

1822 3100 2058 3149 ctorum.
2110 3090 2375 3167 Sequenti
2422 3094 2702 3152 dominica
2748 3094 3073 3154 Guillelmus
3124 3098 3414 3158 Remeusis

1822 3184 2292 3255 archiepiscopus,
2315 3186 2611 3247 cardinalis
2633 3188 2901 3261 presbiter
2924 3190 3067 3246 tituli
3088 3189 3289 3248 Sancte
3311 3190 3415 3249 Sa-

1819 3275 1949 3337 bine
1967 3284 2023 3332 et
2049 3278 2353 3349 apostolice
2378 3278 2529 3336 sedis
2575 3281 2809 3351 legatus,
2846 3283 3166 3340 convocatis
3188 3284 3414 3354 episco-

1818 3368 1906 3439 pis
1946 3376 2002 3424 et
2050 3369 2223 3425 totius
2268 3369 2508 3427 secunde
2553 3370 2767 3443 Belgice
2792 3374 3066 3442 personis,
3113 3375 3410 3432 concilium

1818 3467 1987 3528 tenet,
2016 3468 2259 3519 tractans
2305 3475 2433 3516 cum
2459 3460 2578 3518 suis
2620 3462 2959 3534 coepiscopis
2986 3465 3055 3520 de
3090 3467 3257 3524 rebus
3301 3467 3409 3524 sibi

1817 3553 1902 3612 vel
1922 3552 2153 3609 ecclesie
2177 3553 2527 3610 necessariis.

1883 3643 2087 3703 lterum
2129 3634 2377 3701 Romana
2403 3646 2636 3703 ecclesia
2685 3646 3123 3705 scismaticorum
3147 3652 3408 3724 adﬁgitur

1815 3735 2097 3793 violentia.
2134 3735 2272 3792 Nam
2296 3745 2423 3807 post
2456 3738 2961 3794 reconciliationem
3001 3737 3277 3794 Frederici
3302 3738 3407 3794 im-

1815 3829 2088 3899 peratoris
2117 3844 2245 3884 cum
2283 3827 2597 3886 Alexandro
2622 3845 2782 3902 papa,
2813 3829 3095 3886 Johaunes
3124 3828 3408 3887 Strumen-

1815 3917 1914 3985 sis,
1969 3918 2256 3989 apostolici
2282 3919 2525 3977 nominis
2570 3929 3029 3993 presumptuosus
3068 3922 3310 3990 invasor,
3335 3922 3404 3978 de

1798 4010 1934 4066 ‘suis
1961 4026 2300 4082 suorumque
2341 4012 2592 4070 dididens
2641 4013 2874 4082 viribus,
2917 4014 2988 4070 ad
3017 4015 3182 4085 pedes
3213 4014 3404 4085 domui

1813 4118 1953 4174 pape
1978 4104 2186 4160 corruit
2222 4105 2529 4161 ultroneus.
2561 4103 2662 4160 Cui
2706 4106 2944 4162 domnus
2979 4121 3138 4176 papa,
3174 4106 3403 4176 obtentu

1815 4196 2152 4263 cancellarii,
2180 4196 2399 4252 veniam
2418 4197 2716 4254 clementer
2739 4197 2989 4265 indulsit,
3014 4212 3250 4268 eumque
3278 4212 3406 4268 pre-

1813 4289 2053 4359 positum
2096 4286 2476 4345 Beneventane
2500 4289 2731 4346 ecclesie
2755 4289 3061 4349 constituit.
3098 4288 3272 4345 Porro
3294 4288 3413 4353 sci--~

1812 4378 2027 4435 smatici
2054 4378 2292 4449 quietem
2316 4394 2427 4436 non
2450 4379 2690 4437 ferentes
2716 4381 2967 4449 ecclesie,
2988 4381 3186 4437 iterum
3204 4396 3404 4451 quem-

148 4487 385 4550 Strosum,
425 4482 541 4554 jam
574 4481 782 4552 pridem
807 4496 837 4535 a
860 4480 1226 4551 piscatoribus
1253 4487 1473 4551 captum
1514 4487 1570 4532 et
1595 4478 1712 4533 sale
1742 4478 1792 4541 D
1814 4467 1942 4525 dam
1963 4469 2224 4525 clericum
2250 4470 2321 4527 de
2350 4471 2610 4543 progenie
2653 4472 2896 4539 illorum,
2935 4487 3074 4542 quos
3095 4471 3409 4543 Frangipaf

145 4574 422 4642 conditum,
449 4574 500 4629 ei
534 4574 869 4636 obtulerunt.
901 4572 1145 4628 Habebat
1173 4571 1319 4627 enim
1356 4571 1424 4627 ad
1449 4570 1709 4628 similitu-

145 4664 304 4722 dinem
353 4667 471 4723 avis
511 4677 753 4723 rostrum
801 4666 1225 4737 permaximum,
1267 4675 1321 4723 et
1352 4679 1518 4736 super
1543 4673 1710 4737 caput

144 4760 519 4833 cartilaginem,
546 4760 727 4831 gladio
756 4759 1115 4816 simillimam.

304 4853 463 4909 1179.
643 4851 734 4907 27.
912 4851 1003 4907 44.
1181 4849 1274 4906 25.
1454 4851 1510 4905 ὅ.

201 4943 445 5003 Secunda
485 4945 790 5003 ebdomada
851 4943 1061 5009 mensis
1109 4941 1358 4999 Januarii
1409 4942 1567 4999 nives
1606 4958 1702 4998 co-

143 5034 274 5103 piose
290 5038 624 5105 ceciderunt;
650 5037 1007 5108 subsequitur
1027 5036 1150 5108 gelu
1173 5034 1500 5099 maximum,
1527 5049 1706 5105 usque

144 5127 187 5182 in
224 5131 453 5201 medium
502 5146 749 5187 mensem
782 5128 1161 5194 Februarium,
1197 5125 1363 5182 nimis
1389 5125 1701 5182 molestum.

144 5217 335 5292 Reliqui
383 5220 501 5279 dies
552 5222 799 5293 ejusdem
848 5223 1077 5287 mensis,
1123 5217 1360 5274 Marcius
1388 5233 1610 5288 quoque
1649 5225 1706 5273 et

143 5305 340 5382 Aprilis,
364 5322 531 5370 vento
560 5315 727 5369 ﬂante
749 5312 1012 5369 continue
1034 5310 1354 5376 subsolano,
1381 5308 1705 5380 gelidisSimi

144 5399 340 5460 fuerunt
360 5405 546 5460 nimis.
586 5403 702 5460 Hoc
744 5403 905 5459 istius
935 5402 1066 5458 anni
1103 5401 1269 5456 inicio
1298 5398 1585 5456 carissima
1611 5415 1705 5472 pe-

146 5496 322 5553 cndum
352 5498 455 5555 fuit
499 5510 755 5565 annona;
798 5497 872 5552 ita
912 5504 973 5552 ut
1011 5493 1159 5567 quod
1211 5493 1499 5549 retroactis
1543 5491 1704 5549 annis

1814 4576 1912 4617 nes
1937 4559 2172 4615 Romani
2202 4572 2420 4630 vocant,
2447 4571 2640 4619 contra
2666 4579 2861 4633 papam
2891 4562 3228 4619 Alexandum
3259 4560 3404 4616 anti-

1813 4667 2009 4724 papam
2043 4660 2313 4721 statuunt,
2344 4670 2509 4725 quem
2540 4663 2752 4710 mutato
2771 4654 2994 4710 nomine
3023 4652 3416 4732 innocentium

1812 4744 2047 4801 tercinm
2084 4745 2423 4801 vocitarunt.
2452 4744 2624 4814 Quem
2650 4746 2873 4817 quidam
2904 4746 3082 4812 miles,
3107 4745 3276 4800 frater
3295 4741 3413 4812 Oc:

1813 4836 2040 4906 taviani,
2067 4836 2162 4910 qui
2194 4853 2294 4910 per
2329 4839 2737 4896 contentionem
2771 4855 2901 4896 cum
2938 4838 3251 4896 Alexandro
3271 4853 3411 4909 pros

1808 4938 1999 4989 vectus
2040 4929 2241 4999 fuerat,
2291 4941 2514 5003 propter
2557 4931 2748 4988 odium
2796 4947 2936 5004 pape
2988 4929 3393 4989 manutenebat.

1808 5026 2008 5083 tradita
2033 5025 2087 5082 ei
2117 5026 2258 5083 turri
2287 5026 2375 5083 vel
2420 5026 2726 5084 munitione
2746 5041 2868 5094 sua,
2910 5040 3076 5096 quam
3102 5023 3262 5099 juxta
3289 5021 3397 5085 Βοι,

1811 5133 2032 5176 matiam
2080 5118 2356 5175 civitatem
2406 5116 2763 5175 fortissimam
2811 5117 3066 5177 habebat.
3117 5115 3191 5183 At
3236 5114 3400 5169 istius

1811 5209 2071 5268 violentia
2118 5225 2285 5280 supra
2334 5218 2550 5266 ceteros
2584 5208 2934 5270 scismaticos
2972 5207 3206 5273 alllictus
3235 5217 3396 5275 papa,

1809 5303 2220 5361 communicato
2263 5317 2393 5358 cum
2416 5301 2791 5359 cardinalibus
2814 5300 2932 5357 suis
2973 5296 3225 5365 consilio,
3263 5291 3399 5364 paco

1810 5412 1939 5455 cum
1962 5394 2337 5452 cardinalibus
2380 5393 2706 5466 propinquis
2739 5391 2969 5464 predicti
2994 5385 3277 5446 Octaviani
3303 5399 3415 5455 req

1809 5486 2066 5555 formata,
2119 5484 2386 5556 prefatam
2432 5483 2794 5542 munitionem
2844 5499 2875 5538 a
2927 5479 3170 5553 predicto
3223 5477 3416 5545 milita

1635 5601 1864 5661 NOTAE.

151 5703 512 5846 “$922331.
542 5704 671 5763 Dec.
726 5702 1027 5762 secundum
1055 5698 1439 5770 Necrologium
1474 5696 1531 5753 S.
1558 5696 1697 5754 Gau-

206 5790 288 5832 I'lCl
309 5790 437 5834 ωω
446 5819 459 5835 υ

164 5848 193 5878 ᾗ
251 5858 257 5868 ι

1812 5772 1831 5827 ι
1884 5693 2034 5826 (£0)
2071 5690 2407 5750 Gislcbcrtus
2440 5704 2561 5760 pag.
2595 5687 2684 5743 94.
2732 5686 2834 5742 hoc
2869 5702 2957 5742 an.
3011 5682 3142 5740 H77
3184 5681 3409 5759 factum,

1838 5779 1895 5819 ra
1984 5814 1994 5821 .

1838 5779 1994 5821 fail“.
