3934 6316
449 303 559 364 815

449 505 701 581 [lagonis
718 502 941 561 diaconi
974 501 1295 568 eardinalis,
1314 500 1413 572 qui
1436 509 1493 556 et
1512 501 1631 571 ipse
1666 500 1810 556 inter
1831 498 2038 554 Roma-

450 612 557 654 nos
575 595 954 652 nobilissimus
980 602 1122 659 erat,
1144 592 1445 663 predictam
1464 592 1610 663 cepit
1642 605 1768 646 cum
1794 588 2041 660 sepefato

449 690 808 763 pseudOpapa
828 687 1213 745 munitionem.
1239 684 1368 752 Qui,
1393 685 1462 740 ad
1490 684 1658 756 pedes
1679 684 1868 739 domui
1903 698 2042 754 pape

453 781 749 847 adductus,
777 780 837 835 in
880 794 1046 835 cavea
1087 788 1172 835 est
1202 787 1466 849 perpetuo
1491 776 1734 832 clausus.
1761 773 1878 830 Hoc
1896 790 2042 830 anno

453 873 777 930 cbristianis
813 871 1208 939 transmarinis
1254 883 1515 941 magnum
1560 866 1762 923 accidit
1806 864 2045 921 infortu-

456 962 649 1029 nium;
676 962 809 1033 quia
830 962 950 1018 suis
976 961 1236 1016 omnibus
1276 975 1416 1029 pene
1443 959 1711 1014 militibus
1734 956 1938 1012 occisis
1956 956 2043 1010 vel

456 1054 765 1110 vulneratis
788 1095 808 1119 ,
849 1055 1210 1111 munitionem
1252 1053 1389 1109 Vadi
1433 1052 1606 1109 Iacob
1666 1053 2039 1123 perdiderunt.

457 1143 581 1200 Dux
633 1144 876 1201 Saxonie
922 1146 1096 1217 (151),
1142 1146 1289 1201 malo
1320 1160 1356 1201 a
1394 1146 1557 1202 malis
1591 1146 1910 1201 hominibus
1951 1160 2046 1199 ac-

455 1246 621 1306 cepto
666 1238 923 1304 consilio,
971 1246 1165 1294 contra
1192 1238 1481 1294 dominum
1533 1252 1717 1306 suum,
1749 1237 2047 1308 imperato-

460 1339 581 1382 rem
601 1327 855 1384 videlicet
874 1327 1249 1393 Fredericum,
1277 1328 1522 1384 rebellat.

603 1416 765 1473 1180.
876 1417 1070 1473 8.28.
1180 1418 1362 1474 17.15.
1471 1418 1657 1474 Δ.26.
1767 1416 1916 1474 HJ.

532 1505 863 1566 Fredericus
908 1512 1227 1581 imperator,
1277 1526 1425 1567 anno
1447 1511 1717 1582 superiori
1744 1513 2047 1567 undecum-

461 1618 573 1673 que
601 1611 887 1661 contracto
911 1604 1179 1670 exercitu,
1214 1619 1382 1674 super
1430 1604 1628 1660 ducem
1656 1603 1895 1659 Saxonie
1917 1604 2053 1659 bos-’

463 1694 631 1750 tiliter
651 1696 822 1751 vadit.
846 1694 949 1752 [lic
966 1698 1115 1752 enim
1142 1696 1310 1751 ﬁliam
1334 1694 1555 1753 Henriei
1577 1697 1724 1768 regis
1743 1696 2045 1767 Anglorum

1623 290 1989 353 816883311
2024 289 2553 349 σειωωεεῐςειε

448 427 653 485 magno
696 408 886 484 pretio
934 404 1295 480 comparavit.
1352 405 1556 479 Sicque
1582 405 2035 478 perindusu-iam
2062 409 2112 467 Α
2136 404 2443 478 Philippus,
2492 405 2660 477 hujus
2711 405 2950 462 nominis
2996 423 3090 464 rex
3144 408 3444 469 secundus.
3483 412 3733 477 Domuus
3850 460 3851 463 η

3618 300 3725 358 316

2139 496 2309 551 abbas
2358 495 2564 569 Symon
2604 496 3053 566 Aquieinetensis
3091 514 3290 567 nonus,
3322 508 3734 568 communicato

2139 603 2268 644 (mm
2306 586 2572 642 fratribus
2593 587 2712 643 suis
2733 589 2988 657 consilio,
3016 591 3305 648 ecclesiam
3338 596 3520 651 sancti
3546 598 3736 655 Salva:

2140 679 2281 734 toris
2311 693 2507 734 mense
2537 676 2843 748 Septembri
2876 679 3120 750 deponit,
3166 699 3235 738 eo
3262 686 3411 755 quod
3442 703 3557 742 non
3585 688 3738 745 suﬁ-

2140 780 2289 827 ceret
2321 777 2434 824 tam
2469 786 2640 841 parva
2664 771 2897 827 basilica
2920 789 3122 845 magno
3144 780 3445 833 conventui
3473 779 3740 852 Aquicinv

2140 863 2337 919 ctensi.
2362 861 2431 916 Et
2456 864 2561 918 hoc
2602 864 2934 922 multociens
2959 882 2989 920 a
3014 874 3259 938 tempore
3280 869 3473 925 domui
3500 871 3739 930 Goznini

2141 955 2356 1010 abbatis
2375 956 2822 1027 successorisque
2839 957 2962 1027 ejus
2990 957 3282 1015 Alexandri
3310 964 3741 1033 premeditatum

2142 1044 2322 1101 fuerat
2347 1054 2405 1103 et
2427 1046 2842 1118 preloquutnm,
2879 1058 2964 1105 set
2984 1050 3111 1107 aliis
3136 1051 3562 1111 dissolutionem
3589 1057 3745 1113 unti-

2142 1137 2252 1204 nis,
2294 1137 2420 1197 aliis
2464 1139 2651 1209 operis
2684 1141 3117 1209 magnitudinem
3150 1152 3207 1199 et
3227 1155 3507 1215 quanuam
3532 1164 3750 1219 preten-

2142 1228 2400 1287 dentibus
2426 1229 2824 1299 difﬁcultatem,
2868 1234 2994 1289 aliis
3018 1250 3152 1290 vero
3186 1237 3327 1292 alias
3359 1238 3612 1299 intentis.
3644 1241 3751 1296 hoe.

2144 1336 2285 1391 opus
2318 1337 2494 1392 usque
2536 1323 2606 1378 ad
2650 1323 2753 1379 hec
2803 1323 3064 1396 Symonis
3108 1327 3325 1383 abbatis
3373 1338 3632 1401 tempora
3666 1342 3751 1388 est

2144 1414 2496 1483 protelatum.
2523 1413 2771 1470 Tandem
2800 1432 2997 1471 omnes
3017 1419 3328 1482 unanimes.
3353 1424 3526 1479 corde
3543 1440 3754 1495 magno

2145 1514 2201 1560 et
2224 1505 2411 1560 animo
2432 1507 2658 1573 volenti,
2686 1516 2950 1575 veterem,
2975 1518 3038 1564 ut
3075 1509 3285 1569 dictum
3316 1522 3425 1580 est,
3462 1515 3754 1586 deponunt

2148 1595 2455 1665 basilicam,
2496 1607 2736 1654 venturo
2781 1615 2930 1661 anno
2980 1601 3251 1673 incepturi
3300 1620 3529 1662 novam.
3584 1606 3755 1678 Igitur

2150 1690 2322 1746 missa
2351 1691 2421 1746 de
2448 1700 2642 1749 saneta
2671 1689 2942 1748 Trinitate
2963 1694 3019 1748 in
3043 1696 3240 1765 majori
3260 1698 3496 1753 ecclesia
3516 1700 3757 1756 devotis-

465 1786 703 1842 habebat
734 1788 792 1842 in
840 1788 1130 1859 coniugio;
1177 1788 1274 1859 qui
1322 1788 1640 1859 imperatori
1666 1787 1905 1854 rebellis,
1938 1802 2050 1842 non
2080 1771 2125 1831 Β
2152 1783 2290 1838 sime
2312 1782 2605 1850 celebrata,
2638 1784 2726 1839 15.
2765 1782 2887 1840 Kal.
2932 1783 3188 1844 Octobris
3215 1789 3398 1859 majus
3420 1790 3604 1846 altare
3633 1808 3763 1847 eum

464 1879 648 1934 solum
677 1879 922 1937 insolens
943 1881 1143 1946 extitit,
1168 1881 1266 1936 sed
1297 1889 1355 1935 et
1393 1880 1683 1951 superbus.
1708 1878 1845 1935 Nam
1876 1881 1930 1935 in
1962 1894 2056 1935 ex-

464 1971 744 2041 peditione
786 1971 973 2028 Italica
1021 1974 1189 2029 nimis
1239 1974 1513 2035 laboriosa
1547 1982 1604 2028 et
1637 1970 2055 2043 dampnosa,ab

468 2060 592 2130 ipso
612 2062 945 2133 imperatore
971 2072 1055 2119 ter
1072 2065 1467 2133 commonitus,
1491 2064 1680 2121 venire
1705 2062 2053 2133 contempsit,

470 2160 557 2207 set
590 2168 693 2208 nec
715 2155 980 2209 nuncium
1011 2171 1113 2211 nec
1140 2156 1344 2212 milites
1372 2157 1429 2210 in
1457 2157 1722 2211 auxilium
1751 2156 1838 2212 sui
1866 2154 2057 2211 domui

471 2243 694 2300 direxit.
712 2243 870 2301 Unde
894 2246 1193 2319 imperator
1217 2248 1361 2305 ultra
1379 2265 1548 2320 quam
1575 2249 1683 2306 dici
1710 2258 2057 2322 potestcom-

471 2344 679 2403 motus,
709 2337 979 2407 civitates,
1018 2341 1262 2408 castella,
1290 2342 1510 2413 oppida,
1537 2351 1717 2398 terras
1736 2340 2055 2406 auferendo,

469 2443 601 2485 eum
632 2430 862 2485 viriliter
884 2431 1137 2489 debellat.
1170 2433 1530 2491 Colonieuses
1550 2434 1731 2501 cives,
1755 2435 1850 2505 qui
1876 2442 1932 2488 et
1952 2429 2057 2504 ipsi

474 2524 795 2595 imperatori
824 2528 881 2582 in
924 2527 1137 2584 Italiam
1177 2528 1551 2599 proficiscenti
1574 2529 1788 2584 adversi
1815 2530 2062 2600 aliquau-

475 2617 654 2673 tulum
700 2619 1016 2687 extiterant,
1074 2620 1262 2675 audito
1300 2618 1604 2676 infortunio
1630 2620 1788 2676 ducis
1822 2619 2061 2677 Saxonie

477 2710 866 2781 imperatorem
908 2713 1381 2783 pertimescentes,
1428 2712 1706 2768 civitatem
1729 2729 1888 2770 suam
1917 2715 2061 2771 vallo

479 2803 619 2857 mire
665 2803 974 2860 latitudinis
1002 2813 1061 2860 et
1085 2804 1478 2874 profunditatis
1509 2805 1787 2872 muniunt,
1806 2815 1863 2862 et
1888 2822 2062 2878 aquas

478 2892 619 2950 Rcui
644 2894 890 2953 ﬂuminis
919 2898 975 2951 iu
994 2898 1231 2953 circuitu
1274 2898 1431 2954 urbis
1464 2898 1805 2955 nobilissime
1825 2900 2063 2956 circum-

477 2987 710 3044 ducunt.
766 2987 1117 3047 Christianus
1173 2991 1621 3062 archiepiscopus
1676 2991 2058 3063 Maguntinus,

479 3081 832 3151 imperatoris
872 3084 1257 3150 cancellarius,
1315 3084 1371 3138 in
1420 3083 1575 3139 Italia
1621 3085 1909 3158 negocium
1939 3101 2063 3142 exe-

480 3191 660 3245 quens
682 3176 788 3232 sibi
816 3178 1144 3247 injunctum,
1189 3180 1317 3235 dolo
1349 3179 1445 3234 filii
1489 3181 1752 3236 marehisi
1789 3181 1859 3236 de
1885 3180 2063 3236 Mont-

478 3265 649 3321 ferrat
667 3268 901 3338 capitur.
926 3269 1233 3343 Philippus,
1264 3273 1411 3328 ﬁlius
1441 3271 1704 3328 Ludovici
1734 3273 1879 3344 regis
1899 3271 2069 3328 Fran-

480 3374 698 3425 corum,
730 3378 957 3417 uxorem
991 3363 1144 3419 ducit
1164 3362 1463 3430 Elizabeth,
1490 3365 1657 3420 filiam
1692 3364 1951 3421 Balduini
1971 3381 2069 3422 co-

483 3452 635 3508 mitis
684 3452 1003 3521 Montensis,
1038 3471 1163 3527 qua:
1196 3454 1299 3511 fuit
1350 3457 1461 3512 ﬁiia
1513 3456 1814 3529 Margarete
1861 3457 2069 3513 sororis

483 3540 720 3615 Philippi
766 3545 1183 3603 Flandrensium
1225 3549 1465 3605 comitis.
1507 3550 1793 3604 Celebrate
1839 3559 1970 3605 sunt
1999 3550 2070 3605 he

482 3637 672 3706 nuptie
696 3635 970 3707 Bapalmis
992 3654 1023 3693 a
1053 3639 1266 3710 Rogero
1292 3640 1644 3695 Laudunensi
1671 3641 1951 3710 episcopo;
1974 3640 2071 3695 ubi

483 3726 761 3784 affuerunt
786 3733 1019 3785 comites
1046 3730 1328 3801 Philippus
1366 3729 1746 3795 Flandrensis,
1769 3730 2072 3786 Balduinus

483 3819 822 3887 Montensis,
900 3821 1172 3876 Henricus
1238 3821 1638 3887 Namucensis,
1688 3821 2070 3888 Clarimontis,

487 3913 926 3976 Suessionensis,
953 3912 1323 3979 Pontivensis,
1347 3913 1535 3968 Sancti
1558 3913 1733 3969 l‘auli.
1761 3913 2075 3969 Ludovicus

485 4020 580 4059 rex
612 4006 801 4059 senior
830 4004 1073 4075 reginam
1103 4006 1158 4059 in
1180 4006 1270 4060 die
1303 4007 1646 4061 ascensionis
1680 4005 1897 4061 Domini
1917 4008 2074 4077 juxta

489 4108 701 4148 munem
732 4094 1020 4164 antiquum
1050 4096 1107 4150 in
1141 4097 1365 4152 basilica
1392 4098 1567 4153 sancti
1600 4097 1844 4170 Dyonisii
1870 4107 2077 4171 marty-

490 4182 570 4237 ris
598 4198 696 4253 per
718 4182 791 4215 ⁸³⁸
810 4184 1285 4257 archiepiscopum
1309 4185 1681 4243 Senonensem
1707 4189 1939 4259 ejusque
1959 4188 2078 4245 sui.

489 4275 783 4347 fraganeos
826 4280 1081 4334 coronari
1123 4280 1270 4336 fecit;
1328 4279 1445 4337 lloc
1500 4297 1650 4336 anno
1682 4297 1780 4352 per
1808 4283 1955 4337 hanc
1983 4296 2082 4341 uo-.

489 4377 662 4425 stram
683 4369 916 4427 Galliam
940 4372 1147 4443 profert
1184 4374 1387 4429 humus
1405 4372 1760 4441 frumentum,
1787 4375 2071 4442 hordeum,

2153 1877 2453 1931 multorum
2473 1876 2735 1948 laerymis
2753 1877 3056 1947 deponunt,
3094 1884 3157 1935 et
3181 1879 3602 1937 inchoationem
3624 1899 3759 1940 nove

2153 1968 2383 2024 ecclesie
2424 1976 2649 2039 propter
2693 1968 2995 2026 instantem
3036 1970 3289 2044 hyemem
3329 1971 3390 2027 in
3430 1984 3759 2046 sequentem

2156 2076 2365 2116 annum
2390 2060 2672 2118 dill‘erunt.

2227 2153 2389 2208 1181.
2608 2152 2704 2210 29.
2915 2153 2963 2211 1.
3179 2154 3270 2216 27.
3513 2160 3572 2215 5.

2229 2246 2390 2303 Anno
2408 2247 2561 2303 verbi
2584 2248 2859 2302 incarnati
2886 2248 3046 2304 1181.
3073 2249 3376 2305 indictione
3406 2250 3497 2306 14.
3520 2252 3658 2306 luna
3679 2252 3759 2308 l3.

2158 2348 2521 2395 concurrente
2559 2340 2615 2395 5.
2664 2349 2858 2412 epacta
2911 2341 2966 2397 3.
3018 2358 3165 2398 anno
3197 2360 3232 2398 a
3278 2342 3461 2421 prima
3508 2355 3766 2400 eonstru»

2159 2434 2342 2488 ctione
2365 2433 2615 2503 ejusdem
2652 2433 2886 2489 ecclesie
2926 2433 3050 2490 NB.
3078 2451 3270 2497 mense
3306 2435 3542 2504 Marcio,
3586 2438 3680 2493 die
3710 2437 3760 2492 Ξ.

2158 2525 2404 2596 ejusdem
2448 2527 2677 2593 mensis,
2708 2526 2763 2581 id
2811 2535 2899 2582 est
2947 2526 3085 2583 feria
3117 2528 3174 2582 2.
3206 2528 3485 2585 dominice
3526 2530 3771 2586 secunde

2159 2617 2599 2689 quadragesime,
2640 2618 2790 2689 jacta
2831 2628 2963 2674 sunt
3017 2619 3371 2677 fundamenta
3414 2621 3588 2678 istius
3634 2638 3766 2679 nove

2158 2711 2605 2782 Aquicinctensis
2623 2713 2876 2768 eeclesie.
2903 2712 3069 2768 Missa
3094 2714 3262 2785 igitur
3279 2715 3348 2769 de
3367 2725 3567 2770 sanna
3587 2714 3767 2770 Trini-

2160 2812 2272 2861 tate
2299 2803 2595 2871 celebrata,
2620 2803 2825 2877 Symon
2847 2806 3039 2873 abbas,
3078 2808 3379 2877 assumptis
3409 2816 3610 2863 secum
3636 2809 3767 2863 duo-

2159 2895 2267 2953 bus
2292 2896 2607 2963 abbatibus,
2655 2893 2907 2954 Iohanne
2933 2898 3189 2954 videlicet
3218 2898 3406 2954 Sancti
3440 2898 3689 2954 Amandi
3717 2909 3767 2955 et

2160 2985 2428 3044 Nicholao
2469 2987 2818 3044 Marieolensi
2865 2988 3040 3061 (4'52),
3083 3005 3208 3045 cum
3260 2998 3594 3046 sanctorum
3647 2991 3765 3045 reli-

2087 3117 2133 3178 c
2161 3079 2328 3149 quiis,
2352 3080 2632 3148 crucibus,
2658 3082 2916 3138 turibulis
2937 3091 2990 3137 et
3012 3083 3206 3149 cereis,
3235 3099 3361 3137 eum
3393 3092 3509 3138 tota
3535 3100 3763 3155 congre-

2165 3172 2384 3242 gatione
2411 3173 2598 3243 cappis
2625 3174 3022 3244 sollempnibus
3053 3175 3241 3229 induta
3275 3175 3558 3245 processit
3587 3176 3659 3230 ad
3687 3175 3764 3229 lo-

2165 3279 2312 3318 cum.
2346 3263 2424 3319 lbi
2482 3266 2672 3321 aderat
2719 3265 3024 3322 Balduinus
3052 3282 3238 3322 comes
3281 3267 3444 3322 istius
3476 3268 3613 3338 pagi
3646 3283 3765 3323 cum

2166 3357 2518 3413 multitudine
2561 3358 2799 3413 militum
2850 3366 2907 3411 et
2956 3358 3192 3412 aliorum
3243 3357 3447 3411 Christi
3497 3358 3761 3411 fidelium.

2164 3451 2410 3507 Primum
2436 3450 2669 3521 lapidem
2697 3451 2751 3505 in
2777 3449 3133 3505 fundamenti
3152 3466 3337 3504 eomes
3361 3450 3632 3505 manibus
3656 3450 3764 3505 suis

2167 3561 2293 3601 cum
2334 3552 2585 3599 eemento
2604 3544 2811 3614 posuit,
2842 3553 2899 3597 et
2935 3544 2990 3597 in
3019 3543 3211 3599 eadem
3236 3542 3468 3597 ecclesia
3502 3559 3765 3615 magnum

2169 3636 2429 3704 gaudium
2479 3635 2601 3690 fuit.
2650 3633 2773 3705 Ipsa
2812 3635 2950 3700 dies,
2989 3634 3137 3705 quod
3187 3633 3629 3703 pretereumlum
3664 3650 3765 3688 non

2168 3735 2274 3791 est,
2304 3735 2389 3782 set
2430 3726 2692 3781 attentius
2721 3725 3045 3790 notandum,
3084 3724 3240 3779 valde
3260 3725 3407 3778 clara
3445 3732 3502 3779 et
3548 3724 3763 3795 perpul-

2171 3819 2304 3873 chra
2338 3819 2537 3885 extitit,
2569 3834 2694 3873 cum
2726 3817 2893 3872 ceteri
2924 3817 3132 3871 mensis
3164 3816 3424 3874 transacti
3461 3816 3592 3872 dies
3621 3817 3767 3872 valde

2173 3911 2407 3982 pluviosi
2430 3921 2485 3966 et
2512 3910 2749 3966 nimbosi
2778 3910 3077 3965 extiterint.
3110 3907 3380 3964 Henricus
3399 3924 3597 3964 comes
3623 3909 3764 3980 (i315)

2173 4002 2263 4057 his
2283 4001 2479 4056 diebus
2504 4000 2923 4071 quadragesinte
2948 4016 2978 4054 a
3010 3997 3399 4053 transmarinis
3424 4000 3685 4068 partibus
3701 3997 3768 4052 ad.

2173 4093 2395 4164 prepria
2425 4106 2703 4157 reversus,
2736 4107 2768 4146 a
2792 4099 2989 4159 nepote
3012 4105 3118 4144 suo
3143 4104 3269 4160 rege
3302 4086 3651 4144 Francorum
3678 4105 3765 4145 ce-

2174 4191 2415 4257 terisque
2444 4184 2597 4256 regni
2636 4183 2991 4255 optimatibus
3022 4197 3151 4237 cum
3176 4196 3375 4251 magno
3400 4180 3599 4237 favore
3629 4181 3766 4237 exci-

2174 4278 2343 4349 pitur.
2374 4277 2661 4347 Philippus
2689 4292 2785 4331 rex
2832 4274 3171 4331 Francorum
3193 4282 3250 4329 et
3275 4272 3569 4344 Philippus
3590 4288 3768 4329 comes

2174 4367 2619 4433 Flandrensium,
2647 4367 2719 4422 ab
2745 4364 2978 4426 Henrico
2995 4379 3121 4435 rege
3141 4362 3439 4435 Anglorum
3467 4373 3605 4420 ante
3627 4362 3765 4419 lien-

490 4460 766 4532 legumina
809 4472 866 4519 et
897 4464 1254 4521 sufﬁcientem
1290 4481 1540 4522 avenam.
1593 4465 1860 4522 llenricus
1889 4483 2058 4521 comes

2176 4460 2276 4514 riei
2301 4458 2521 4513 comitis
2561 4456 2932 4519 reversionem
2966 4454 3265 4522 sollicitati,
3291 4462 3352 4508 ut
3378 4467 3549 4523 super
3574 4452 3765 4509 Frede»

491 4554 886 4625 Campanensis
925 4575 958 4613 a
1003 4560 1251 4630 partibus
1299 4562 1683 4618 transmarinis
1732 4577 1832 4631 per
1883 4560 2072 4616 Asiam
2178 4552 2356 4608 ricum
2406 4552 2794 4622 imperatorem
2822 4558 3047 4621 propter
3080 4548 3241 4605 ducis
3271 4546 3509 4603 Saxonie
3542 4547 3764 4603 exhere-

491 4646 759 4702 minerem
820 4658 876 4705 et
917 4649 1177 4707 illiricum
1210 4653 1539 4723 repatrians,
1578 4652 1792 4707 insidiis
1816 4668 2078 4721 quorum-
2177 4646 2454 4701 dationem
2478 4658 2667 4704 secum
2686 4643 2949 4706 ducerent
2965 4642 3287 4707 ειθΐείωω,
3305 4656 3338 4694 a
3359 4639 3565 4699 comite
3587 4655 3764 4710 supra-

490 4737 619 4791 dam
646 4755 904 4811 magnum
933 4758 1131 4812 passus
1159 4755 1240 4799 est
1268 4745 1676 4810 detrimentum,
1707 4744 1929 4799 amissis
1963 4760 2073 4798 non
2178 4738 2326 4793 dicto
2350 4737 2582 4792 consilio
2625 4744 2872 4806 accepto,
2903 4750 2937 4788 a
2979 4733 3075 4789 tali
3105 4739 3429 4787 avertuntur
3456 4728 3627 4784 facto.
3663 4729 3763 4783 Co-

490 4829 672 4883 solnm
706 4832 825 4887 suis
863 4832 1236 4901 facultatibus,
1288 4836 1381 4891 sed
1414 4836 1579 4891 etiam
1609 4836 1727 4891 suis
1775 4835 2075 4891 interfectis
2180 4846 2297 4885 mes
2325 4830 2471 4886 enim
2500 4828 2788 4891 Henricus,
2838 4835 3025 4897 utpote
3063 4825 3284 4895 sapiens
3315 4823 3422 4889 vir,
3463 4822 3630 4889 dixit,
3662 4836 3762 4876 non

492 4939 593 4980 seu
626 4926 803 4994 captis
832 4927 1093 4984 omnibus
1110 4944 1249 4999 pene
1276 4930 1610 4985 hominibus.
1636 4929 1948 4984 Ludovicus
1978 4944 2072 4983 rex
2174 4938 2299 4979 esse
2336 4922 2447 4992 regi
2478 4921 2612 4977 utile
2641 4921 2723 4976 vel
2744 4920 2979 4990 justum,
3030 4926 3091 4972 ut
3135 4917 3520 4987 imperatorem
3550 4931 3653 4985 pro
3684 4913 3762 4968 sui

491 5015 835 5072 Francorum
889 5020 1175 5088 septimus,
1211 5038 1306 5092 per
1332 5037 1535 5077 annum
1574 5022 1796 5093 paralisi
1837 5021 2078 5077 dissolu-
2176 5014 2336 5069 ducis
2358 5013 2567 5069 lesione
2612 5012 3020 5083 aggrederetur,
3050 5025 3178 5065 cum
3207 5023 3309 5064 nec
3336 5007 3453 5078 ipse
3492 5022 3597 5062 nec
3620 5014 3762 5076 pater

494 5118 605 5166 tus.
633 5108 853 5163 tandem
892 5126 1079 5166 mense
1112 5112 1416 5184 S-ptemhri
1446 5114 1641 5169 morbo
1665 5123 1719 5169 et
1741 5116 1849 5169 vita
1874 5112 2075 5180 caruit,
2178 5107 2301 5177 ejus
2322 5120 2567 5176 unquam
2592 5103 2790 5160 fuisset
2817 5104 2889 5158 ab
2910 5103 3240 5172 imperatore
3270 5100 3441 5155 Iesus.
3470 5096 3530 5152 In
3555 5096 3760 5152 Saliaco

491 5199 587 5269 qui
634 5214 865 5270 regnum
914 5200 1251 5258 Francorum
1286 5220 1386 5275 per
1433 5205 1524 5259 45.
1561 5220 1735 5260 annos
1767 5206 1902 5260 satis
1926 5205 2078 5275 justo
2179 5200 2310 5256 villa
2336 5199 2512 5255 beatae
2542 5195 2823 5253 Rictrudis
2858 5194 3010 5268 (454)
3033 5202 3198 5250 natus
3238 5201 3320 5249 est
3356 5205 3534 5265 agnus
3563 5189 3760 5245 habent

494 5291 873 5349 moderamine
917 5293 1266 5367 gubernavit;
1308 5297 1398 5353 cui
1455 5298 1720 5355 successit
1769 5298 1914 5351 ﬁlius
1958 5297 2081 5367 ejus
2181 5293 2293 5350 duo
2323 5291 2504 5362 capita
2531 5299 2587 5347 et
2616 5298 2824 5361 septem
2866 5289 3051 5360 pedes.
3103 5286 3373 5345 Henricus
3409 5298 3596 5351 eomes
3626 5278 3759 5339 infra

1775 5405 2013 5463 VARUS
2052 5400 2457 5464 LECTIONES.

566 5498 635 5528 i“
666 5498 806 5554 deest
837 5501 963 5555 cod;

1994 5610 2226 5673 NOTE.

2254 5700 2405 5775 (ιξδ)
2446 5696 2752 5775 τρι-οςιεείε-
2836 5765 2845 5774 .

2263 5768 2412 5845 (151)
2451 5768 2898 5826 Marchiancusis.

565 5696 684 5763 (151
702 5700 714 5753 l
747 5696 1033 5755 Heinrieus
1065 5701 1191 5760 Leo.

568 5766 721 5840 (43:!)
761 5767 1084 5829 Mareuilles.
