3934 6316
139 328 233 386 517

969 331 1343 391 CHRONICA.
1378 366 1453 378 --
1489 335 1965 395 CWUA'PIO
1997 335 2512 406 AQUlCiNCTlNA.

3293 340 3401 396 5l8

137 441 171 493 7.
188 440 294 495 dies
323 455 420 497 sue
445 442 777 510 reversionis
798 444 946 516 apud
966 443 1170 503 Trecas
1192 446 1336 503 diem
1358 448 1494 505 obiit
1512 449 1703 523 (Mart.
1735 451 1781 512 Α
1811 449 1954 519 nico,
1987 450 2328 521 sapientibus
2346 451 2486 509 viris
2500 466 2629 509 cum
2653 467 2782 524 rege
2810 453 3193 523 tractantibus,
3227 470 3402 529 usque

137 532 239 605 17).,
263 530 414 606 Hugo
448 533 871 594 Cameracensis
896 539 1173 610 quondam
1206 541 1470 610 decanos,
1499 544 1596 613 qui
1620 559 1712 599 ec-

134 621 279 678 clesie
322 622 734 693 Aquicinctensi
784 626 842 682 in
892 628 1162 699 principio
1197 645 1295 686 sue
1342 632 1712 702 provectionis

136 730 313 787 magno
333 713 437 773 fuit
463 718 840 785 amminiculo,
873 735 905 775 a
935 721 1158 792 proprio
1189 732 1500 780 removetur
1520 726 1710 796 sepul-

133 805 275 869 cer;
304 820 428 862 uani
475 820 615 861 nove
656 807 888 866 ecclesie
940 809 1357 869 fundamentum
1398 830 1496 884 per
1528 815 1713 886 ipsum

133 908 260 961 recto
297 896 519 951 tramite
551 912 711 956 suum
739 900 1005 972 dirigebat
1033 918 1279 963 cursum.
1317 903 1480 975 Lapis
1505 906 1559 960 in
1607 905 1712 962 Se-

133 990 341 1058 pulchro
365 989 488 1058 ejus
516 1000 766 1061 repertus
788 1003 892 1061 est,
921 995 975 1051 in
1009 1010 1121 1066 quo
1144 998 1249 1057 hoc
1277 999 1542 1069 scriptum
1575 1016 1712 1056 cun-

134 1082 425 1147 tiuebatur:
476 1081 584 1136 llic
603 1092 683 1138 est
720 1086 987 1156 sepultura
1016 1104 1205 1159 corpus
1243 1089 1487 1161 Hugonis
1521 1091 1709 1148 decani

133 1182 290 1225 sancte
337 1171 513 1228 Marie
558 1173 957 1234 Cameracensis
994 1162 1230 1245 ecclesie,
1274 1182 1365 1252 qui
1410 1187 1711 1245 construxit

134 1264 399 1317 claustrum
433 1283 556 1320 cum
590 1270 801 1337 porticu
823 1268 1057 1339 ejusdem
1082 1270 1317 1339 ecclesia,
1348 1274 1710 1347 capellamque

134 1357 284 1419 sancti
320 1353 581 1427 Gingulﬁ.
627 1356 873 1430 Insuper,
901 1372 959 1415 ut
988 1371 1161 1417 cetera
1191 1373 1481 1432 taceamus,
1525 1367 1708 1423 multis

135 1448 267 1501 annis
293 1464 324 1501 α
351 1464 512 1504 carne
563 1452 844 1520 abstinuit,
887 1469 1045 1525 super
1084 1456 1325 1526 plumam
1367 1473 1471 1512 non
1506 1459 1708 1528 jacuit,

137 1539 227 1593 nisi
262 1540 394 1608 forte
415 1540 475 1599 in
502 1540 603 1597 hoc.
632 1545 953 1603 arenasterio
980 1545 1137 1615 jussu
1177 1547 1406 1605 abbatis.
1451 1549 1556 1605 Hic
1581 1568 1707 1607 con-
1768 1558 1773 1564 ’

135 1632 306 1684 struxit
345 1631 667 1702 claustrum,
709 1636 994 1705 porticum,
1038 1636 1490 1710 elemosinarium,
1532 1644 1709 1715 capel-

137 1721 316 1794 lamque
344 1724 492 1780 beate
517 1726 712 1795 Μανίᾳ,
736 1739 786 1783 et
824 1730 993 1795 multa
1028 1732 1138 1786 alia
1167 1733 1419 1804 beneﬁcia
1447 1737 1707 1806 fratribus

136 1814 350 1869 contulit.
382 1815 488 1870 llic
511 1818 567 1870 in
611 1819 896 1889 festivitate
926 1824 1163 1877 omm’um
1198 1834 1524 1896 sanctorum,
1555 1838 1704 1899 post-
1737 1796 1783 1859 Β

137 1922 270 1976 quam
290 1909 507 1971 missam
534 1911 865 1982 celebrasset,
890 1917 1038 1986 gravi
1063 1917 1377 1987 inﬁrmitate
1403 1936 1703 1991 percussus,

139 2000 394 2055 monachus
424 2003 667 2072 e/fectus,
711 2006 842 2061 obiit
874 2008 929 2062 in
975 2006 1111 2069 bona
1145 2015 1469 2083 confessione
1503 2023 1553 2069 et
1586 2032 1707 2071 aera

138 2089 242 2159 ﬁde,
270 2108 406 2154 anno
435 2093 651 2156 Domini
684 2096 843 2154 1095.
868 2098 921 2153 6.
956 2099 1093 2159 ldus,
1117 2102 1448 2160 Novembris.

198 2182 505 2243 Fredericns
534 2187 834 2260 imperator
860 2190 1157 2249 Henricum
1201 2206 1493 2268 cegnatum
1520 2213 1705 2268 suum,

142 2274 309 2343 ducem
358 2276 624 2347 Saxonie,
670 2282 971 2352 debellatis,
1007 2287 1192 2342 omnia
1238 2303 1376 2358 pene
1409 2289 1582 2360 ipsius
1611 2306 1706 2346 ca-

143 2372 270 2426 stella
292 2373 389 2429 sibi
414 2376 756 2449 subjugavit,
784 2390 841 2435 et
880 2397 1007 2437 eum
1039 2383 1096 2439 in
1125 2384 1418 2454 quamdam
1447 2388 1705 2456 insulam,

142 2478 228 2534 que
246 2463 562 2524 Brunswicb
596 2471 778 2543 lingua
809 2471 1080 2531 Saxonica
1126 2492 1494 2549 nuncupatur,
1524 2479 1709 2553 fugere

143 2559 388 2627 compulit.
416 2559 693 2621 Henricus
724 2564 1024 2638 Anglorum
1069 2585 1187 2637 rex,
1227 2570 1384 2626 ducis
1426 2570 1707 2628 Saxonum

143 2648 587 2710 exheredationem
613 2662 668 2709 et
714 2671 812 2714 sue
841 2657 950 2714 ﬁlie
976 2674 1104 2730 egre
1138 2659 1342 2728 ferens,
1374 2663 1610 2718 nuncios
1638 2663 1708 2718 ad

145 2738 491 2809 imperatorem
518 2746 728 2818 dirigit,
752 2760 806 2803 ct
828 2758 887 2803 ut
906 2751 978 2805 ab
1003 2753 1360 2822 oppressione
1385 2753 1578 2824 prcfati
1606 2754 1710 2810 du-

144 2832 209 2893 cis
231 2834 463 2893 animum
494 2839 767 2907 retrahat,
790 2857 1018 2897 munera
1047 2844 1164 2897 auri
1197 2853 1251 2901 et
1280 2845 1489 2916 argenti
1523 2845 1707 2914 magni

146 2925 368 2994 ponderis
395 2930 750 2999 repromittit.
781 2930 884 2987 Sed
936 2932 1235 3003 imperator
1256 2935 1503 3006 ingenita
1521 2935 1623 2991 sibi
1655 2944 1709 2995 ct

145 3029 369 3075 consueta
401 3021 621 3076 leonina
651 3024 961 3079 constantia
1002 3033 1194 3081 contra
1247 3042 1408 3081 suum
1440 3028 1705 3083 honorem

148 3120 341 3163 munera
373 3109 646 3181 despexit,
676 3127 838 3167 aures
865 3112 1082 3181 clausit,
1106 3121 1163 3169 et
1207 3115 1400 3171 ducem
1429 3117 1705 3185 quondam

148 3196 232 3252 sibi
255 3200 495 3256 rebellem
528 3203 843 3261 victoriosis
871 3205 1118 3262 attritum
1156 3207 1341 3277 prcliis
1384 3208 1451 3261 acl
1477 3207 1711 3264 deditio-

150 3304 252 3344 nem
274 3294 457 3371 coegit.
488 3294 964 3368 Alcxanderpapa
985 3313 1153 3354 senex
1181 3306 1235 3353 ct
1259 3299 1454 3369 plenus
1475 3299 1710 3367 dierum,

151 3382 376 3440 vicesimo
395 3384 573 3442 ferme
594 3388 664 3442 ab
687 3390 820 3455 urbe
841 3390 1099 3457 miliario,
1125 3391 1180 3445 in
1202 3392 1439 3461 quadam
1470 3390 1714 3452 Rornane

151 3476 344 3534 ecclesie
364 3481 718 3550 possessione
736 3481 881 3538 diem
903 3484 1100 3541 clausit
1130 3483 1381 3539 ultimum
1409 3482 1568 3556 (Aug.
1598 3483 1710 3555 50).

152 3564 294 3636 Cujus
337 3572 481 3626 obitu
516 3572 745 3643 quidam
778 3575 1097 3647 insipientes
1139 3575 1372 3631 Romani
1420 3577 1629 3644 audito,
1664 3575 1713 3632 ei

155 3673 263 3727 non,
282 3672 337 3718 ut
363 3663 695 3734 debuerunt,
720 3667 938 3723 obviam
965 3684 1089 3725 cum
1112 3669 1180 3724 ad
1202 3669 1392 3726 urbem
1415 3668 1717 3730 deferretur

155 3766 413 3822 venerum;
440 3766 495 3813 et
514 3759 569 3813 ci
598 3758 1006 3827 maledicentes,
1030 3761 1148 3817 luto
1174 3765 1340 3818 etiam
1366 3770 1419 3816 et
1444 3760 1717 3831 lapidibus

158 3840 388 3913 lecticam,
418 3847 472 3902 in
510 3865 621 3919 qua
649 3852 992 3920 portabatur,
1028 3852 1351 3921 lapidantes,
1379 3852 1467 3907 vix
1497 3868 1625 3907 cum
1661 3852 1715 3906 in

159 3936 449 4002 patriarchio
510 3938 872 3998 Lateranensi
922 3943 1141 4013 sepeliri
1185 3944 1575 4014 permiserunt.
1614 3940 1714 3997 Cui

160 4033 389 4085 successit
407 4030 753 4090 Humbaldus
771 4033 1042 4094 Ostiensis
1070 4038 1381 4107 episcopus.
1407 4036 1717 4091 Alexandro

161 4128 278 4175 etate
305 4125 501 4193 senior,
536 4143 698 4196 quem
735 4129 964 4184 alterato
990 4131 1212 4185 nomine
1238 4128 1466 4184 Lucium
1491 4129 1716 4187 tercium

163 4214 554 4282 aProbarerunt.
587 4217 693 4285 Qui
722 4218 967 4275 Romane
996 4220 1226 4276 ecclesie
1258 4221 1417 4275 169M
1457 4219 1715 4290 presidet.

1813 541 1884 597 ad
1930 552 2154 599 octavas
2202 543 2509 616 epypbanie
2554 543 2719 613 istius
2760 561 2959 617 guerre
3004 547 3223 606 inducis
3258 549 3397 607 dan-

1811 640 1904 688 tur
1931 633 2103 706 (ιδ-ι).

1883 774 2041 853 “82.
2100 834 2103 839 ν
2150 774 2216 831 R.
2259 775 2348 831 50.
2558 776 2614 832 ‘2.
2730 776 2796 833 A.
2835 778 2925 834 28.
3039 780 3104 837 Π.
3142 783 3197 840 6.

1882 924 1944 964 ιιι
1977 908 2114 979 ipsis
2142 909 2337 983 diebus
2384 911 2685 968 nativitatis
2731 914 3023 985 dominica,
3078 916 3402 990 Fredericus

1810 998 2111 1072 imperator
2130 1003 2365 1059 nuncios
2391 1019 2517 1068 cum
2545 1005 2774 1075 epistola
2801 1007 2857 1063 in
2879 1008 3168 1068 Franciam
3192 1014 3400 1088 dirigit,

1812 1094 1926 1164 regi
1954 1093 2246 1164 consilium
2276 1095 2437 1163 dans,
2468 1105 2530 1152 ut
2563 1114 2692 1153 cum
2739 1101 2939 1158 comite
2977 1102 3143 1160 faciat
3185 1122 3398 1176 pacem.

1810 1180 1970 1249 Quod
2017 1183 2066 1239 si
2100 1184 2268 1241 nollet
2292 1183 2494 1253 facere,
2542 1189 2709 1258 sciret
2741 1205 2844 1262 pro
2871 1202 3040 1260 certo,
3071 1210 3131 1251 se
3160 1211 3267 1265 suo.
3303 1197 3402 1254 bo-

1810 1272 1968 1339 mini,
1996 1274 2185 1329 comiti
2225 1275 2437 1343 scilicet
2465 1277 2753 1347 Flandriae,
2789 1282 3058 1339 auxilium
3095 1300 3197 1355 pro
3235 1301 3403 1357 posse

1810 1364 1972 1422 ferre.
1999 1364 2129 1424 Post
2156 1376 2380 1431 octavas
2405 1372 2730 1442 cpyphanic,
2766 1374 3001 1441 induciis
3037 1375 3224 1445 ﬁnitis,
3256 1380 3403 1433 mili-

1809 1444 1894 1518 tes
1916 1462 2104 1532 plures
2129 1478 2378 1530 numero,
2402 1479 2566 1534 quam
2591 1465 2764 1536 prius,
2794 1467 3069 1539 utrimque
3095 1444 3399 1539 armantur,

1808 1554 2020 1626 rapine,
2047 1555 2226 1623 cedes,
2260 1555 2512 1613 incendia
2561 1558 2768 1631 absque
2796 1559 2908 1614 ullo
2937 1561 3176 1633 remedio
3204 1578 3399 1637 perpe-

1810 1653 2045 1702 trantur.
2083 1646 2142 1703 In
2165 1648 2310 1719 regis
2339 1636 2623 1720 procinctu
2646 1649 2736 1709 isti
2772 1659 2928 1729 erant
2956 1651 3223 1722 signiferi,
3253 1652 3401 1713 Hen—

1809 1737 1960 1795 ricus
1981 1754 2079 1795 rex
2107 1738 2409 1810 Anglorum
2428 1740 2615 1811 juuior
2641 1750 2697 1817 et
2717 1740 3043 1818 Hichardus,
3072 1742 3238 1813 frater
3258 1745 3399 1813 ejus,

1808 1830 1921 1885 dux
1960 1830 2291 1901 Aquitanus,
2316 1847 2503 1889 comes
2531 1832 2904 1900 Clarimo‘ntis,
2953 1843 3008 1888 et
3038 1833 3305 1891 Rodnlfus
3334 1836 3402 1891 de

1808 1920 2064 1985 Cociaco.
2107 1921 2311 1996 Comiti
2351 1938 2483 1979 vero
2515 1922 2790 1982 Flandritc
2829 1924 3064 1978 aderant.
3102 1922 3403 1982 Balduinus

1809 2027 1996 2069 comes
2031 2011 2376 2081 Bainocnsis,
2424 1999 2599 2085 llugo'
2630 2030 2814 2070 comes
2863 2015 2929 2070 dc
2968 2015 3172 2071 Sancto
3206 2015 3398 2084 Paulo,

1808 2103 2047 2163 Jacobus
2071 2105 2138 2160 de
2162 2104 2413 2177 Avesnis,
2437 2117 2488 2161 ct
2519 2104 2674 2177 Hugo
2697 2105 2763 2160 de
2784 2104 2909 2161 Orsi
2941 2108 3274 2163 castellanus
3296 2106 3404 2161 Ca-

1809 2196 2162 2253 meracensis.
2203 2178 2470 2253 Universa
2512 2195 2684 2252 Gallia
2728 2197 2834 2253 hoc
2863 2196 3025 2253 vento
3072 2199 3272 2270 agitata
3300 2198 3404 2269 hac

1810 2288 2042 2359 illucque
2068 2296 2356 2355 curvatur;
2392 2305 2493 2348 nec
2520 2287 2622 2344 fuit
2652 2290 2787 2345 citra
2815 2291 2979 2361 Alpes
3015 2291 3169 2347 locus
3202 2291 3298 2362 qui
3345 2308 3404 2347 se

1808 2382 2169 2439 absconderet
2208 2381 2279 2436 ab
2321 2364 2515 2450 auditu
2562 2382 2791 2457 tonitrui
2848 2383 3032 2455 hujus.
3063 2382 3405 2455 Instantibus

1810 2484 1991 2531 autem
2039 2481 2228 2533 sancte
2256 2458 2676 2549 quadragesimo
2723 2474 2937 2541 diebus,
2969 2476 3241 2546 religiosis
3271 2475 3405 2530 viris

1810 2566 1941 2621 hinc
1983 2565 2110 2621 inde
2149 2565 2611 2631 discurrentibus,
2654 2566 2851 2623 iterum
2894 2566 3120 2640 inducie'
3139 2583 3314 2639 usque
3346 2566 3405 2643 in

1810 2657 2013 2727 pascha
2057 2657 2397 2727 optineatur.
2455 2655 2741 2728 Philippus
2791 2672 2978 2713 comes
3021 2658 3296 2738 dominica
3348 2659 3402 2719 '5.

1811 2750 2228 2820 quadragesimo
2266 2750 2334 2806 ad
2364 2750 2705 2820 colloquium
2734 2749 2953 2805 Henrici
2996 2753 3139 2829 regis
3164 2752 3405 2823 juvenis,

1810 2843 1909 2897 lilii
1934 2843 2207 2899 Fredcrici
2232 2844 2600 2914 imperatoris,
2633 2843 2896 2901 Leodium
2928 2843 3094 2910 vadit,
3125 2860 3293 2915 seque
3323 2844 3409 2899 in.

1805 2935 1956 3007 juste
2016 2946 2355 3007 conquestus
2388 2945 2474 2993 est
2534 2953 2567 2992 a
2594 2936 2820 2993 domino
2852 2952 2977 3003 suo,
3014 2953 3154 3009 rege
3202 2937 3410 2998 scilicet

1811 3026 2175 3096 Francorum,
2203 3029 2412 3085 vexari.
2445 3027 2717 3084 Henricus
2745 3037 2930 3085 autem
2955 3044 3074 3096 rex,
3100 3039 3160 3084 ut
3183 3030 3409 3089 domino

1737 3144 1783 3207 ο
1813 3136 1919 3177 suo
1947 3122 2226 3178 humiliter
2253 3120 2576 3188 satisfaciat,
2620 3121 2878 3177 comitem
2907 3122 3248 3188 cohortatur,
3275 3139 3407 3192 pro-

1815 3214 2042 3277 mittens
2078 3214 2131 3269 ci
2170 3214 2273 3269 sub
2304 3222 2668 3281 sacramento,
2722 3230 2886 3269 suum
2935 3230 3044 3269 non
3093 3213 3409 3273 defuturum

1815 3306 2103 3373 auxilium,
2137 3306 2184 3363 si
2215 3322 2307 3362 rex
2346 3305 2684 3366 Francm'um
2712 3322 2874 3362 suum
2922 3315 3177 3361 renueret
3221 3306 3413 3373 audire

1815 3397 2126 3459 consilium.
2159 3397 2436 3454 Elizabetb
2463 3399 2881 3458 Elandrensium
2911 3408 2966 3454 et
3014 3397 3412 3454 Viromandcn-

1815 3490 1959 3549 sium
1987 3490 2291 3557 comitissa,
2318 3497 2443 3561 post
2466 3490 2668 3544 nimias
2687 3490 3070 3553 tribulationcs
3090 3498 3144 3545 et
3165 3488 3412 3559 corporis

1816 3579 2161 3641 inﬁrmitates
2178 3578 2265 3634 die
2280 3586 2473 3641 sancto
2489 3593 2784 3647 parasccve
2805 3577 3061 3636 defuncta
3078 3578 3096 3648 (
3104 3578 3158 3631 Μ
3163 3589 3269 3634 art.
3292 3572 3427 3648 26),'

1817 3672 2071 3743 sequenti
2097 3672 2206 3737 die,
2233 3679 2448 3728 astante
2488 3669 2739 3740 Philippo
2773 3669 2993 3734 comite,
3020 3685 3145 3725 cum
3197 3670 3414 3741 magnis

1816 3765 2181 3836 plurimorum
2212 3762 2478 3829 lacrimis,
2507 3762 2563 3815 in
2589 3761 2822 3823 ecclesia
2850 3758 3293 3833 beatissiinc'Dei
3322 3776 3418 3831 ge.-

1817 3856 2031 3913 nitricis
2059 3854 2228 3914 Mai-ie
2250 3854 2518 3911 Attrebati
2542 3854 2844 3909 honorifice
2864 3862 2949 3908 est
2974 3852 3258 3914 tumulata.
3283 3850 3416 3912 Post

1817 3950 2022 4021 pascha
2043 3946 2313 4004 Henricus
2338 3963 2435 4003 rex
2455 3946 2755 4019 Anglorum
2773 3946 2978 4012 senior,
3002 3944 3138 4000 mari
3160 3944 3412 4009 transito,

1819 4043 1877 4098 in
1901 4041 2296 4098 Normanniam
2320 4040 2500 4106 venit;
2526 4055 2653 4095 nam
2677 4039 2774 4094 lilii
2804 4039 2946 4108 ejus,
2972 4037 3117 4093 sicut
3141 4051 3306 4106 supra
3326 4035 3413 4090 di-

1819 4133 2024 4201 ximus,
2052 4132 2322 4190 Henricus
2346 4149 2441 4189 rex
2468 4140 2523 4187 ct
2546 4130 2855 4186 Ricbardus
2878 4129 3011 4195 dux,
3044 4127 3154 4198 regi
3178 4126 3419 4182 Franco-

1819 4243 1944 4283 rum
1971 4235 2161 4283 contra
2176 4227 2434 4283 comitem
2454 4224 2839 4280 Flandriarum
2860 4220 3123 4276 auxilium
3150 4218 3412 4281 ferebant.

165 4300 411 4378 Philippus
439 4327 577 4380 puer
622 4327 718 4366 rex
749 4311 1086 4369 Francorum
1124 4322 1179 4368 et
1221 4311 1506 4382 Philippus
1536 4328 1720 4368 comes
1823 4316 1943 4372 Dux
1965 4324 2149 4373 autem
2181 4315 2493 4387 Burgundie
2526 4323 2581 4370 et
2607 4313 2887 4369 comitissa
2914 4310 3211 4380 Campanie
3242 4309 3415 4381 (458),

165 4394 570 4469 Flandreusium,
621 4415 747 4474 post
797 4405 1146 4468 festivitatem
1205 4403 1450 4459 ninnium
1501 4414 1722 4459 sancto-
1825 4424 1985 4465 soror
2006 4410 2171 4481 regis,
2196 4408 2473 4478 quondam
2499 4421 2638 4461 uxor
2658 4404 2876 4459 Henrici
2898 4401 3136 4468 comitis,
3166 4400 3419 4471 Philippo

164 4501 284 4557 rum,
308 4495 541 4551 instante
564 4496 764 4563 hieme,
788 4513 911 4567 qua:
939 4497 995 4551 in
1018 4497 1126 4552 isto
1148 4512 1295 4554 almo
1321 4504 1375 4550 et
1407 4495 1510 4551 hoc
1537 4510 1725 4550 mense
1756 4498 1801 4553 D
1826 4502 2012 4557 comiti
2035 4501 2312 4565 associati,
2335 4498 2681 4554 debellabant
2710 4511 2909 4566 regem.
2936 4492 3257 4548 Guillelmus
3288 4506 3418 4547 vero

167 4581 302 4641 nimis
326 4590 499 4644 extitit
534 4590 811 4660 pluviosa,
850 4589 992 4645 inter
1026 4605 1086 4645 se
1130 4588 1482 4655 dissentiunt,
1515 4596 1570 4643 ct
1593 4604 1720 4649 cum
1825 4589 2115 4651 Remensis
2134 4588 2583 4658 archiepiscopus
2602 4597 2656 4640 ct
2676 4600 2860 4639 comes
2880 4580 3421 4682 lilescnsium'l‘hco-

168 4674 279 4743 ipsis
304 4694 488 4738 omnes
517 4682 791 4754 primores
839 4681 1207 4755 Francorum.
1250 4678 1431 4750 Hujus.
1477 4679 1607 4737 mali
1638 4679 1724 4733 in—
1826 4682 2041 4748 baldus,
2092 4680 2239 4752 regis
2277 4677 2556 4772 avunculi,
2604 4674 2953 4772 rcl'uﬂuande
3004 4672 3123 4742 paci
3170 4671 3420 4772 intende-

168 4778 381 4827 rentorcs
415 4774 591 4831 fuisse
626 4774 878 4831 feruntur
916 4790 1103 4831 comes
1148 4774 1503 4833 Clarimontis
1543 4770 1717 4842 (453),
1825 4774 1977 4832 bant.
2010 4771 2178 4843 Igitur
2205 4767 2498 4863 transactis
2528 4763 2934 4863 induciisiu‘tcr
2960 4763 3417 4863 regemrtcomi-

167 4856 402 4922 Rodulfus
440 4870 604 4923 etiam
637 4869 710 4924 de
762 4868 997 4925 Cociaco
1050 4866 1223 4939 (456),
1275 4877 1328 4923 et
1357 4868 1454 4922 lilii
1498 4866 1723 4922 Robcrti
1815 4873 1958 4932 1cm,
1998 4878 2104 4934 pax
2132 4876 2242 4955 non
2265 4858 2606 4955 sperabatur,
2638 4853 2735 4911 sed
3023 4851 3102 4912 EX
3138 4851 3420 4955 inSPfl‘a‘O

169 4966 494 5022 cognomento
547 4959 869 5029 Clementis,
926 4961 1070 5032 regis
1115 4960 1434 5016 consiliarii.
1491 4957 1730 5030 Insurgit
1833 4955 2100 5011 Henricus
2120 4952 2306 5042 senior
2326 4966 2423 5006 rex
2445 4948 2746 5042 Anglorum
2766 4954 2819 5000 et
2833 4943 3117 5042 ilippas
3135 4958 3230 4998 rex
3250 4940 3422 4996 Fran-

170 5044 308 5115 igitur
331 5053 757 5125 primuscomes
787 5053 841 5107 in
884 5068 1091 5124 regem,
1133 5060 1189 5108 et
1212 5068 1305 5107 rex
1341 5066 1499 5107 versa
1523 5050 1642 5105 vice
1670 5049 1726 5105 in
1827 5039 2582 5159 Trum.lf’hilippuAsnctiam
2600 5051 2813 5140 foul“.
2834 5033 3253 5159 Ἐξ
3272 5046 3418 5159 cf“:
3429 5097 3453 5159 ί

172 5113 409 5201 comitem.
435 5113 690 5203 Incendia
713 5155 768 5202 ct
788 5113 979 5217 rapine
1000 5113 1345 5216 exercentur,
1366 5142 1725 5200 ecclesiarum
1828 5134 2012 5190 diante
2056 5132 2293 5188 "cmico
2321 5129 2620 5229 Albancnsi
2646 5117 2921 5229 episgbpo.
2945 5124 3246 5229 ξψοεξιξιὶςξ
3272 5113 3438 5229 semel

174 5236 551 5306 expoliationes,
583 5239 940 5310 burgensium
970 5222 1374 5309 oppressioncs,
1401 5246 1723 5320 pauperum

1829 5226 2029 5298 legato,
2069 5240 2196 5281 cum
2226 5220 2676 5294 archiepiscopis,
2718 5212 3014 5290 episcopis,
3046 5212 3335 5316 abbatibus
3365 5221 3425 5266 et

174 5321 538 5387 destmctiones
563 5346 741 5402 usque
788 5331 855 5387 ad
884 5331 1175 5386 adventum
1203 5315 1420 5385 Domini
1464 5338 1724 5397 grassan-
1828 5319 2166 5376 Francorum
2196 5317 2535 5389 proceribus,
2569 5316 2711 5391 inter
2734 5310 3047 5402 Crispeium‘
3067 5315 3123 5363 et
3143 5310 3416 5402 civitatem

176 5419 264 5471 tur.
295 5418 547 5494 Tandem,
577 5392 1051 5496 appropinquante
1089 5421 1178 5477 die
1211 5392 1513 5499 nativitatis
1547 5413 1725 5471 domi-
1836 5410 2297 5469 Silvanectcnsem
2327 5408 2419 5477 ⁸⁸⁸,
2454 5417 2509 5464 et
2545 5405 2762 5462 nunciis
2806 5402 2960 5476 pacis
3006 5392 3419 5457 intercurrenti-

1417 5504 1654 5564 VAlU/E
1694 5500 2098 5561 LECTIONES.

1646 5645 1878 5713 EOTAS.

1902 5710 2052 5781 (.537)
2088 5710 2172 5783 Cf.
2200 5710 2561 5783 Gislcbt‘rtum
2592 5722 2645 5783 p.
2676 5703 2796 5762 ΗΓ.

1904 5782 2050 5852 ’138)
2092 5781 2279 5841 Maria.

236 5579 295 5612 ⁸³⁸
324 5584 456 5640 deest
477 5577 807 5643 conveniunt
833 5584 910 5641 vel
946 5584 1052 5641 tale
1073 5584 1219 5656 quid.

258 5716 685 5800 'iﬁlﬁedelfus-
735 5792 770 5800 --
890 5793 900 5800 _
1360 5740 1450 5800 ‘.
1562 5789 1572 5800 .

259 5785 369 5860 4,36)
400 5791 865 5871 Clioisi-sur-Bac,
890 5793 942 5849 in
975 5809 1117 5853 com.
1158 5789 1594 5853 Viromandensi-
