3934 6316
507 318 614 388 519

1685 293 2050 355 SIGEBEHTI
2087 291 2618 360 GEHBLACENSIS

3674 299 3776 356 5'20

508 435 634 502 pus,
662 444 768 500 pax
803 426 946 503 inter
988 437 1084 482 eos
1113 420 1270 485 firma
1305 417 1554 488 firmatur
1605 412 1776 483 (459).
1804 409 2095 479 Nunquam
2125 411 2169 479 Α
2199 421 2344 503 mus.
2382 403 2900 503 Horum-judicium
2935 405 3244 503 episcopus,
3279 404 3394 477 jam
3429 407 3654 477 paralisi
3699 411 3776 466 la-

505 531 697 596 postra
723 527 867 574 etate
906 513 1217 571 audivimus
1241 516 1455 565 tantum
1484 505 1610 578 belli
1638 503 1964 573 incendium;
1983 509 2093 553 tam

505 594 679 691 parva
737 610 890 682 pacis
947 604 1182 662 scintilla
1231 601 1582 661 exstinctum.
1652 594 1950 691 Baiduinus
2001 606 2098 691 rex

506 683 866 770 iherusalem,
897 698 1050 770 regio
1081 695 1274 750 morbo
1295 692 1574 756 laborans,
1610 696 1667 744 et
1698 685 1916 757 fastigia
1943 683 2098 755 regni

506 768 817 862 fastidiens,
855 768 1125 863 templarii
1149 803 1368 862 quoque
1394 794 1450 840 et
1478 780 1830 838 transmarini
1876 778 2097 844 milites,

507 901 872 963 sepenumero
911 882 1141 958 nuncios
1165 877 1620 946 transmittentes,
1644 888 1823 943 regem
1859 869 2100 963 Franco—

508 961 635 1040 rum
657 990 711 1036 et
725 977 1024 1049 Anglorum
1050 973 1360 1037 obsecrant,
1388 977 1450 1024 ut
1471 983 1698 1037 regnum
1725 961 2100 1028 llierosoiimi-

505 1052 701 1132 ianum
731 1052 1068 1134 ordinantes,
1095 1073 1149 1119 et
1174 1071 1318 1118 terre
1343 1067 1749 1129 succurrentes,
1780 1057 1848 1111 de
1893 1071 2098 1111 corona

507 1141 661 1237 regni
708 1181 871 1221 suum
899 1162 1036 1218 velle
1065 1158 1288 1214 faciant.
1339 1154 1420 1208 Ad
1470 1150 1848 1222 supradictum
1899 1148 2100 1218 quippe

505 1258 843 1328 colloquium
874 1256 1015 1312 idem
1042 1250 1230 1307 nuncii
1259 1248 1549 1303 aﬂueruut.
1582 1243 1904 1299 Frederieus
1929 1242 2097 1312 impe-

507 1360 661 1406 rator
708 1348 1167 1418 sollempnitatem
1221 1349 1565 1414 pentecostes
1593 1337 1736 1407 apud
1764 1333 2098 1406 Maguntiam

510 1420 636 1498 cum
671 1457 868 1514 magna
918 1438 1155 1494 celebrat
1210 1434 1403 1507 gloria.
1457 1431 1537 1486 Ad
1568 1431 1710 1485 hanc
1753 1427 2099 1498 imperatoris

510 1535 723 1592 curiam
775 1547 968 1589 omnes
996 1545 1134 1601 pene
1180 1528 1470 1598 optimates
1511 1522 1796 1580 Teutonici
1826 1520 1976 1592 regni
2017 1518 2100 1588 af-

510 1627 762 1694 fuerunt;
815 1625 1099 1696 Philippus
1161 1634 1380 1693 quoque
1440 1632 1625 1677 comes
1667 1614 1922 1670 Flandrie
1971 1628 2096 1682 cum

509 1722 628 1777 suis
688 1717 986 1774 baronibus
1057 1715 1212 1770 alluit
1248 1756 1264 1788 ρ
1338 1711 1434 1782 qui
1512 1725 1572 1766 se
1647 1707 2096 1777 liberalissimum

2199 497 2426 565 berans,
2464 498 2880 569 archiepiscopo
2902 499 3218 555 reservavit.
3695 563 3698 565 _

2271 589 2433 646 1185.
2579 589 2646 646 R.
2695 591 2777 658 51.
2934 589 2996 646 F.
3053 591 3105 646 3.
3253 591 3322 645 Α.
3368 589 3460 646 29.
3612 589 3677 646 Β.
3726 593 3774 644 7.

2270 682 2587 739 Transactis
2605 684 2799 739 diebus
2823 683 3128 740 nativitatis
3146 683 3440 750 dominiee,
3477 682 3780 742 Willelmus

2200 773 2486 829 Remensis
2514 775 2960 845 archiepiscopus
2995 783 3050 830 et
3073 790 3260 830 comes
3294 774 3550 830 Flandrie
3579 773 3780 847 Philip-

2199 881 2302 936 pus
2324 867 2379 920 in
2401 867 2619 933 civitate
2639 867 3029 935 Attrebatensi,
3057 867 3125 923 de
3147 868 3374 924 secretis
3389 868 3508 923 suis
3528 869 3777 936 locuturi,

2199 945 2551 1018 conveniunt.
2606 960 2683 1016 lbi
2729 961 3028 1017 multarum
3073 961 3351 1017 heresium
3422 961 3650 1017 fraudes
3695 978 3782 1032 per

2199 1054 2474 1126 quandam
2519 1055 2803 1110 mulierem
2832 1056 2888 1110 in
2935 1065 3078 1111 terra
3115 1056 3335 1114 comitis
3380 1064 3514 1114 sunt
3551 1056 3777 1113 detecte.

2200 1145 2294 1202 Isti
2321 1147 2546 1202 heretici
2569 1147 2772 1203 nullius
2805 1147 3150 1202 heresiarche
3169 1148 3497 1203 muniuntur
3517 1149 3779 1218 presidio;

2200 1237 2423 1308 quidam
2470 1237 2660 1292 dicunt
2697 1236 3033 1306 Manicheos,
3061 1239 3150 1293 alii
3178 1237 3507 1311 Catafrigas,
3537 1241 3781 1295 nonnulli

2199 1346 2331 1386 vero
2389 1331 2676 1397 Arrianos,
2719 1333 3026 1388 Alexander
3080 1343 3259 1388 autem
3306 1348 3444 1404 papa
3488 1342 3654 1388 vocat
3696 1350 3782 1390 eos

2200 1420 2486 1477 Pateruios
2508 1421 2600 1477 δ”.
2649 1422 2754 1478 Sed
2798 1423 3058 1494 quicquid
3087 1423 3217 1491 sint,
3253 1423 3367 1479 oris
3410 1423 3625 1494 proprii
3661 1439 3781 1480 wn-

2201 1513 2440 1572 fessione
2474 1513 2710 1569 convicti
2737 1522 2860 1569 sunt
2891 1513 3116 1568 heretici
3156 1512 3610 1569 immundissimi.
3641 1512 3780 1570 Multi

2202 1617 2330 1666 sunt
2358 1609 2412 1664 in
2439 1609 2714 1679 presentia
2744 1607 3142 1679 archiepiscopi
3178 1616 3234 1663 et
3269 1607 3490 1664 comitis
3519 1608 3781 1673 accusati,

2201 1703 2434 1769 nobiles,
2466 1701 2750 1773 ignobiles,
2777 1701 2980 1767 clerici,
3017 1699 3240 1767 milites,
3268 1699 3486 1766 rustici,
3523 1699 3780 1771 virgines,

509 1773 916 1882 superomnes
976 1809 1130 1880 regni
1183 1773 1460 1877 principes
1479 1845 1494 1872 ,
1551 1819 1650 1858 sua
1701 1800 1914 1867 dando,
1980 1773 2093 1870 non
2126 1781 2167 1840 Β
2194 1794 2358 1852 vidue
2378 1801 2433 1849 et
2454 1800 2700 1848 uxorate.
2731 1791 2885 1848 Tune
2905 1791 3194 1855 decretalis
3218 1791 3492 1847 sententia
3514 1790 3589 1846 ab
3614 1791 3783 1847 archi—

510 1904 632 1958 sine
689 1900 1072 1973 ammiratione
1128 1898 1429 1966 multorum
1486 1894 1754 1951 exhibuit.
1810 1892 1889 1947 lbi
1944 1889 2093 1950 Hen~

507 1996 658 2051 rieus
674 1994 785 2051 dux
811 1992 1049 2048 Saxonie
1079 1991 1280 2046 trienni
1320 1989 1754 2058 condempnatur
1771 1983 1967 2050 exilio;
1999 1982 2095 2054 qui

507 2069 576 2154 de
603 2103 772 2159 regno
806 2096 1032 2143 coactus
1065 2086 1236 2157 exire,
1270 2083 1338 2138 ad
1374 2081 1669 2138 Henricum
1694 2095 1874 2151 regem
1900 2077 2098 2147 Anglo-

507 2197 634 2236 rum
677 2196 736 2235 se
778 2195 904 2235 cum
959 2194 1059 2234 sua
1111 2177 1340 2253 contulit
1382 2191 1569 2231 uxore.
1610 2173 1850 2234 Tandem
1897 2172 2098 2243 pietate

506 2271 852 2346 imperatoris
880 2270 1145 2341 quosdam
1173 2278 1314 2326 terre
1339 2283 1437 2326 sue
1467 2265 1713 2322 redditus
1737 2263 1804 2319 ad
1840 2263 1925 2318 sui
1947 2260 2096 2316 exilii

505 2364 963 2438 sustentationem
1017 2362 1217 2417 habere
1255 2359 1609 2430 permittitur.
1639 2355 1938 2410 Mauricius
1993 2351 2098 2406 Pa-

504 2454 703 2527 risiace
737 2453 973 2510 civitatis
995 2451 1310 2522 episcopus,
1337 2466 1433 2506 vas
1467 2449 1598 2504 utile
1631 2457 1687 2502 et
1717 2447 1859 2500 oliva
1900 2445 2096 2499 fructi-

503 2544 620 2600 fera
666 2545 721 2599 in
745 2544 912 2599 domo
955 2544 1084 2610 Dei,
1129 2543 1286 2598 floret
1330 2543 1472 2596 inter
1495 2539 1850 2609 eoepiscopos
1881 2551 2014 2591 suos
2040 2536 2096 2590 in

504 2635 700 2692 Gallia.
733 2634 921 2690 Preter
965 2635 1054 2688 illa
1089 2634 1235 2688 enim
1283 2648 1390 2702 que
1438 2631 1770 2685 intrinsecus
1806 2636 1964 2693 sunt,
1989 2641 2098 2697 que

505 2711 658 2784 solus
704 2727 858 2782 novit
902 2725 1066 2792 Deus,
1095 2725 1338 2780 exterius
1382 2723 1555 2779 claret
1589 2722 1912 2787 litteratura,
1943 2718 2096 2773 verbi

505 2817 606 2873 Dei
631 2816 1023 2889 predicatione,
1051 2816 1476 2872 elemosinarum
1518 2812 1808 2884 largitione
1831 2819 1888 2866 et
1922 2809 2098 2864 bono-

502 2926 630 2983 rum
676 2926 904 2980 operum
945 2909 1300 2964 exhibitione.
1333 2906 1633 2974 Ecclesiam
1663 2903 1976 2969 beatissime
1998 2900 2096 2963 Dei

503 3001 786 3072 genitricis
816 3001 1004 3072 Marie,
1036 3001 1092 3054 in
1129 3016 1236 3071 qua
1270 3000 1386 3077 ipse
1411 2998 1612 3054 residet
1635 2997 1949 3067 episcopus,
1973 3009 2098 3064 pro-

2195 1888 2452 1958 episcopo
2469 1895 2524 1942 et
2545 1885 2732 1942 comiti
2755 1886 2960 1956 pretixa
2975 1894 3081 1954 est,
3105 1893 3168 1940 ut
3186 1884 3515 1956 deprehensi
3539 1884 3784 1940 incendio

2193 1979 2560 2045 traderentur,
2592 1977 2898 2044 substantie
2936 1977 3007 2010 “'
3034 1991 3165 2032 vero
3209 1991 3402 2031 eorum
3438 1977 3713 2046 sacerdoti
3738 1986 3785 2032 et

2195 2069 2424 2141 principi
2452 2068 2879 2139 resignareutur.
2913 2066 3014 2122 Hic
3044 2067 3300 2138 apparuit
3326 2067 3582 2138 preclara
3607 2068 3780 2122 virtus

2196 2146 2582 2224 confessionis.
2605 2159 2764 2229 Nam,
2788 2169 2850 2216 ut
2875 2161 2944 2216 ab
2963 2159 3070 2228 his,
3096 2159 3189 2231 qui
3211 2160 3606 2226 interfuerunt,
3644 2177 3785 2216 vera-

2197 2256 2332 2310 citer
2355 2256 2646 2326 probatum
2669 2263 2774 2320 est,
2809 2255 2965 2308 multi
3009 2265 3135 2310 ante
3176 2255 3230 2326 in
3261 2254 3443 2310 heresi
3467 2254 3783 2324 culpabiles,

2197 2362 2293 2416 per
2327 2345 2422 2401 Dei
2465 2345 2877 2402 misericordem
2919 2347 3149 2417 gratiam
3191 2361 3222 2401 a
3274 2344 3406 2401 ferri
3459 2346 3711 2402 cauterio
3737 2357 3784 2401 et

2197 2452 2338 2506 aque
2416 2437 2660 2508 periculo
2719 2445 3015 2493 evaserunt
3084 2436 3412 2493 incolumes.
3470 2434 3534 2492 In
3611 2447 3784 2493 castro

2198 2528 2434 2599 Yprensi
2475 2531 2762 2586 duodecim
2803 2532 2871 2586 ad
2903 2531 3171 2601 judicium
3219 2530 3349 2587 ferri
3383 2542 3514 2601 sunt
3547 2533 3788 2608 adducti,

2198 2619 2292 2674 sed
2341 2635 2440 2690 per
2484 2622 2732 2676 eamdem
2776 2620 3139 2678 confessionis
3173 2623 3429 2678 virtutem
3458 2639 3662 2680 omnes
3690 2625 3785 2679 sal-

2197 2711 2327 2765 vati.
2347 2710 2494 2767 Obiit
2514 2711 2844 2770 Frumaldus
2863 2715 3154 2785 episcopus
3179 2716 3582 2772 Attrebatensis
3609 2716 3784 2786 (M0);

2195 2804 2425 2861 ecclesia
2479 2807 2722 2876 predicta
2767 2807 3026 2878 episcopo
3074 2824 3219 2861 anno
3276 2810 3494 2863 vaeavit
3557 2809 3779 2880 integro.

2196 2895 2446 2952 Manuele
2495 2897 2824 2968 imperatore
2869 2897 3482 2970 ConstantinOpolitano
3528 2913 3779 2972 mortuo,

2197 2985 2344 3042 filius
2371 2987 2491 3058 ejus
2520 2990 2656 3043 satis
2685 3003 2821 3058 puer
2841 2997 2967 3058 post
2990 3003 3116 3042 eum
3141 2987 3392 3059 imperat.
3425 2987 3548 3056 Hic,
3574 2991 3784 3045 vivente

505 3084 644 3162 priis
691 3091 864 3164 magis
908 3090 1218 3160 sumptibus
1248 3104 1412 3158 quam
1457 3087 1673 3154 alienis,
1707 3085 2094 3142 decentissimo
2121 3121 2170 3190 c
2198 3090 2372 3151 patre,
2426 3079 2594 3137 filiam
2649 3078 2912 3134 Ludovici
2971 3077 3310 3135 Francorum
3365 3080 3513 3151 regis
3560 3097 3780 3136 uxorem

499 3175 558 3239 et
593 3193 916 3255 sumptuoso
943 3198 1106 3262 opere
1143 3179 1447 3246 renovavit,
1474 3180 1708 3259 plateam
1751 3187 1877 3234 ante
1918 3177 2094 3250 ipsam

499 3277 787 3350 ecclesiam
816 3277 957 3330 inter
979 3267 1272 3345 utrumque
1294 3283 1515 3345 pontem
1533 3263 2094 3340 dilatavit,redempto

500 3383 702 3440 magno
747 3368 922 3438 pretio
961 3384 993 3440 a
1035 3367 1246 3440 civibus
1296 3367 1436 3442 loco,
1479 3365 1666 3420 multis
1710 3361 2094 3429 mansionibus

475 3458 657 3527 .prius
679 3466 974 3532 occupato;
999 3457 1314 3517 mansiones
1345 3456 1632 3527 renovavit
1651 3453 1894 3525 episcopi
1915 3472 1929 3520 ;
1953 3452 2093 3508 duas

499 3533 770 3620 abbatias,
799 3563 964 3617 unam
1010 3547 1422 3617 cgnonicorum,
1462 3543 1962 3612 sanctimonialium
2007 3543 2091 3597 al-

500 3645 674 3705 teram
731 3639 1060 3706 construxit.
1108 3637 1166 3705 In
1213 3637 1446 3708 ecclesia
1488 3637 1663 3708 magis
1710 3645 1794 3691 est
1835 3633 2091 3689 assiduus

498 3742 666 3797 quam
692 3727 967 3801 frequens.
999 3727 1123 3798 Vidi
1157 3729 1304 3784 enim
1335 3742 1460 3780 eum
1485 3726 1538 3779 in
1577 3725 1813 3794 quadam
1843 3740 1952 3779 non
1983 3724 2092 3780 sol-

497 3819 666 3873 lemni
693 3818 1008 3886 festivitate,
1033 3834 1159 3874 cum
1181 3819 1317 3872 hora
1341 3818 1654 3890 vespertina
1682 3815 2086 3889 decantaretur,

497 3927 609 3974 non
656 3912 712 3970 in
751 3911 1009 3966 cathedra
1056 3911 1371 3980 episcopali,
1404 3919 1464 3982 ut
1491 3910 1662 3976 moris
1700 3918 1806 3976 est,
1833 3909 1926 3965 sed
1961 3925 2087 3964 cum

497 3998 700 4053 ceteris
741 3998 1062 4068 psallentem
1099 4006 1152 4052 et
1189 3998 1466 4053 sedentem
1511 3998 1565 4069 in
1598 3998 1790 4068 choro,
1827 3997 2089 4068 vallatum

496 4089 623 4159 plus
647 4104 814 4159 quam
845 4089 1162 4144 centenario
1189 4089 1514 4155 clericorum
1545 4104 1794 4144 numero.
1824 4087 2090 4161 Henricus

499 4179 670 4234 etiam
708 4177 1137 4236 Silvanectensis
1178 4181 1470 4251 episcopus
1501 4179 1712 4251 justitie
1753 4180 1956 4251 dicitur
2004 4180 2090 4253 in-

497 4273 680 4329 victus
713 4288 837 4328 esse
865 4281 1080 4328 amator
1107 4282 1162 4329 et
1195 4273 1347 4345 juste
1375 4275 1682 4330 severitatis
1722 4282 1907 4346 tenax.
1932 4272 2086 4330 Luna

498 4364 712 4419 mensis
736 4364 967 4435 Augusti
997 4374 1054 4421 et
1107 4366 1162 4420 in
1194 4381 1421 4423 accessu
1465 4374 1520 4422 et
1559 4367 1614 4421 in
1649 4367 1896 4430 discessu
1924 4367 2087 4422 nimis

2198 3173 2449 3228 duxerat.
2475 3171 2582 3238 Qui
2606 3187 2816 3227 morem
2852 3171 3027 3242 patris
3067 3171 3333 3238 imitatus,
3361 3171 3570 3228 Greeos
3605 3173 3777 3244 parvi-

2196 3264 2460 3336 pendens,
2480 3263 2707 3330 Latinos
2731 3263 3014 3334 diligebat;
3045 3263 3239 3318 horum
3261 3264 3498 3319 consilio
3513 3265 3779 3330 utebatur,

2197 3356 2394 3412 horum
2423 3356 2630 3410 auxilio
2674 3355 3108 3421 sustentabatur,
3131 3365 3186 3410 et
3213 3355 3451 3420 clericali
3483 3357 3714 3411 scientia
3734 3365 3782 3410 et

2195 3447 2375 3504 laicali
2402 3447 2636 3518 jusritia.
2665 3445 2776 3502 Hec
2806 3445 2909 3501 fuit
2934 3463 3098 3504 causa
3131 3447 3384 3502 interitus
3418 3445 3626 3516 ipsius,
3651 3447 3779 3502 sicut

2195 3557 2432 3612 sequens
2473 3540 2872 3596 demonstrabit
2915 3557 3114 3595 annus.
3146 3538 3416 3604 Henricus
3457 3540 3650 3611 junior
3694 3555 3776 3594 rex

2193 3631 2388 3704 Anglic
2417 3641 2472 3701 et
2518 3631 2817 3699 Gaufridus
2870 3631 3039 3692 frater
3084 3631 3226 3702 ejus,
3253 3646 3441 3688 comes
3484 3629 3773 3696 Britannic,

2194 3724 2490 3796 insurgunt
2516 3740 2682 3794 super
2716 3723 3052 3778 Riclzardum
3093 3722 3314 3778 fratrem
3339 3738 3504 3778 suum
3531 3723 3772 3778 comitem

2191 3815 2504 3886 Aquitanie.
2539 3815 2660 3884 Quo
2708 3816 2895 3871 audito
2933 3815 3202 3870 Henricus
3255 3830 3349 3869 rex
3405 3815 3612 3880 senior,
3633 3824 3776 3885 pater

2190 3923 2406 3976 eorum,
2446 3909 2667 3979 indigne
2710 3908 2914 3983 ferens,
2943 3907 3088 3978 quod
3120 3908 3248 3975 talia
3279 3907 3398 3962 sine
3425 3921 3656 3968 assensu
3682 3921 3774 3960 suo

2192 3996 2373 4058 facere
2422 3998 2906 4068 presumpsissent,
2959 3996 3234 4053 Richardo
3287 3995 3399 4051 ﬁlio
3445 4011 3552 4056 suo
3597 4004 3772 4050 contra

2190 4090 2391 4148 fratres
2450 4107 2583 4148 suos
2635 4093 2868 4147 militum
2919 4093 3133 4162 copiam
3191 4090 3340 4146 misit
3386 4090 3445 4145 in
3495 4089 3767 4144 auxilium.

2189 4182 2470 4242 Certatum
2507 4193 2592 4240 est
2638 4183 2827 4240 multis
2874 4185 3069 4240 diebus
3120 4183 3418 4253 utrimque,
3461 4181 3634 4237 donec
3678 4181 3760 4234 iur

2189 4286 2408 4334 matura
2445 4287 2624 4334 morte
2674 4286 2972 4348 preventus
3000 4276 3268 4334 Henricus
3293 4291 3389 4331 rex
3418 4275 3638 4346 juvenis
3661 4274 3764 4328 bel-

2190 4367 2336 4422 landi
2364 4367 2527 4423 ﬁnem
2555 4367 2680 4422 fecit
2710 4366 2859 4438 (Jun.
2902 4368 2979 4439 5).
3013 4367 3118 4438 Qui
3146 4383 3273 4423 cum
3320 4366 3514 4422 multis
3537 4364 3765 4422 lacrimis

495 4453 675 4509 extitit
716 4454 962 4525 pluviosa
1011 4465 1067 4511 et
1093 4457 1388 4514 admodum
1435 4457 1659 4530 frigida;
1696 4474 1804 4529 que
1830 4475 2086 4533 magnam
2119 4467 2163 4530 Ι)
2188 4467 2244 4528 et
2279 4459 2697 4533 incomparabili
2723 4459 2971 4521 omnium
2995 4459 3145 4514 luctu
3182 4488 3248 4497 —
3290 4473 3417 4513 nam
3455 4457 3767 4529 diligebatur

496 4548 1000 4612 incommoditatem
1058 4567 1155 4622 per
1201 4552 1373 4610 multa
1419 4553 1698 4624 generavit
1745 4553 1885 4607 loca.
1942 4551 2078 4608 Nam

477 4643 708 4712 segetes
755 4641 978 4697 humide
1022 4644 1077 4697 in
1119 4644 1332 4700 horreis
1373 4653 1503 4699 sunt
1544 4645 1848 4712 recondite;
1894 4644 2081 4705 fenum

495 4732 745 4788 nundum
774 4742 1078 4788 resecatqu
1113 4750 1214 4789 nec
1237 4736 1526 4790 collectum
1553 4736 1640 4790 vix
1667 4737 1842 4806 potuit
1863 4737 2076 4808 colligi;

493 4831 569 4889 et,
591 4824 736 4894 quod
771 4826 895 4894 plus
922 4839 1114 4880 omnes
1149 4841 1286 4895 pene
1311 4827 1528 4891 dolent,
1555 4827 1669 4882 viui
1709 4829 1998 4883 maturitas
2026 4837 2081 4883 et

495 4917 750 4972 collectio
781 4917 992 4972 tardius
1020 4918 1290 4988 provenit.
1313 4917 1563 4984 Quatuor
1590 4919 1816 4975 heretici
1848 4919 1904 4974 in
1927 4920 2081 4975 Atre-

492 5009 707 5066 batensi
759 5009 980 5067 civitate
1019 5011 1366 5081 deprehensi,
1407 5027 1436 5066 a
1497 5011 1790 5068 Frumaldo
1831 5013 2076 5082 ejusdem

493 5099 733 5166 civitatis
775 5101 1032 5172 episcopo
1065 5102 1118 5157 in
1166 5118 1384 5158 carcere
1411 5111 1541 5157 sunt
1578 5104 1797 5158 reclusi.
1829 5102 2076 5170 Quorum

493 5209 640 5264 unus
685 5193 968 5249 dicebatur
1020 5193 1190 5249 Adam
1260 5195 1562 5261 litteratus,
1615 5196 1752 5249 alter
1811 5195 2078 5251 Radull‘us

489 5285 980 5363 plmuentissirrius
1012 5287 1216 5354 laicus;
1253 5287 1597 5357 sequentium
1645 5287 1865 5342 nomina
1896 5289 2075 5343 nesci-

2189 4553 2357 4608 nimis
2399 4553 2470 4608 ab
2515 4553 2779 4626 omnibus,
2803 4583 2872 4592 —-
2899 4551 3270 4620 Cenomannis
3298 4550 3567 4617 defertur,
3611 4559 3658 4605 et
3697 4547 3764 4601 ibi

2187 4645 2468 4714 sepelitur.
2495 4643 2652 4712 Quod
2674 4652 2829 4714 pater
2854 4644 3083 4716 audiens
3111 4674 3181 4683 —
3212 4659 3322 4698 non
3349 4643 3497 4698 enim
3521 4640 3764 4697 interfue—

2189 4746 2275 4791 rat
2302 4737 2464 4791 morti
2495 4752 2597 4792 nec
2632 4737 2912 4806 sepulture
2934 4765 3007 4775 —-
3036 4736 3231 4791 iterato
3254 4736 3476 4805 planetu
3509 4743 3564 4790 et
3595 4734 3763 4789 multi-

2187 4829 2410 4900 plicato,
2433 4829 2521 4883 ‘ab
2551 4829 2670 4898 ipso
2702 4827 3106 4900 Rothomagum
3152 4828 3419 4894 defertur,
3456 4837 3511 4883 et
3542 4828 3612 4882 ibi
3645 4842 3760 4879 cum

2187 4920 2432 4990 patribus
2453 4920 2591 4988 suis,
2614 4935 2740 4975 cum
2759 4935 2956 4991 magno
2971 4919 3202 4996 gemitu,
3229 4920 3474 4982 secundo
3496 4918 3760 4990 sepelitur.

2185 5010 2246 5066 In
2289 5013 2508 5078 civitate
2549 5012 2894 5083 Atrebatensi
2943 5011 3139 5068 Petrus
3189 5011 3361 5068 abbas
3407 5007 3762 5068 Cistertiensis

2183 5104 2477 5175 episcopus
2500 5104 2736 5176 eligitur.

2261 5196 2421 5252 1184.
2658 5197 2747 5250 52.
2974 5197 3027 5252 4.
3257 5194 3348 5250 30.
3585 5193 3633 5248 8.

2258 5289 2584 5347 Fredericus
2609 5289 2909 5361 imperator
2931 5288 3141 5346 Italiam
3163 5290 3530 5360 proliciscitur
3550 5282 3754 5358 (Sept)-

1781 5405 2020 5463 VARIE
2058 5405 2465 5464 LEC'I‘IONES.

569 5499 638 5558 μ’
663 5499 774 5570 lege
797 5497 1103 5565 Paterinos,
1135 5499 1173 5553 ἰ.
1213 5515 1264 5570 q.
1301 5498 1601 5556 Peterenos.
1679 5501 1750 5534 ’⁵⁸³
1785 5501 2054 5557 sustantie
2089 5501 2206 5555 cod.

2034 5611 2242 5670 ΝΟΤιΈ
2253 5654 2266 5666 .

751 5694 1105 5772 βρῃςίἰμρῃρξ
1129 5697 1291 5751 habet
1315 5698 1652 5772 Qislclgcrtus
1685 5720 1735 5772 p.
1766 5703 1866 5757 ll7

558 5763 709 5842 (ΗΟ)
752 5763 818 5818 15
841 5763 960 5833 Kal.
993 5765 1117 5823 Mai.
1147 5768 1448 5826 secundum
1483 5763 1698 5830 Necrol:
1730 5772 2194 5855 Aquicinctinum,
