3934 6316
167 313 257 368 591

1025 303 1395 368 οηησΝιοΑ.
1434 340 1502 351 -
1538 294 2013 366 CONTINUATIO
2050 309 2561 378 AQUICINCTINA.

167 425 393 483 Romani
424 422 671 488 Lucium
722 438 921 495 papam
953 423 1428 493 parvipendentcs,
1454 429 1508 477 et
1551 422 1758 477 clerum
1788 428 1832 483 Α
1863 419 1957 489 qui
1990 419 2059 475 de
2089 420 2258 476 futuri
2288 423 2436 477 venti
2478 424 2724 493 penculo
2753 425 2961 486 litteras
2987 432 3057 486 ad
3079 433 3463 507 archiepiseom

161 517 546 590 despicientes,
578 516 634 569 in
656 515 1042 570 contumeliam
1066 514 1428 569 cardinalium
1449 513 1761 585 excogitant
1862 524 1992 578 pum
2016 508 2341 566 Remensem
2364 513 2657 569 direxerat.
2682 514 2965 588 Philippus
2985 536 3173 580 comes
3192 524 3448 586 Flandrie

160 609 468 681 inauditum
522 607 821 679 ﬂagitium.
858 604 995 662 Nam
1042 615 1196 661 extra
1242 606 1436 661 urbem
1486 607 1757 675 quosdam

158 702 383 761 clericos
444 698 605 756 forte
670 699 1011 754 invenientes
1081 698 1651 768 comprehenderunt,
1704 708 1758 754 et

155 810 344 863 omnes
395 800 846 859 exceeavcrunt,
898 800 1082 863 preter
1135 808 1328 847 unum.
1387 791 1537 859 Quos
1591 808 1757 863 super

156 888 438 943 asinorum
491 885 666 943 dorsa
722 899 944 942 aversos
997 884 1368 956 imponentes,
1413 885 1495 942 eis
1531 886 1754 942 nomina

155 976 520 1033 cardinalium
555 976 962 1048 imposuerunt.
998 975 1104 1032 Hic
1127 985 1226 1045 est,
1259 976 1538 1047 inquiunt,
1569 979 1753 1057 cardig

156 1069 283 1124 nalis
305 1067 507 1124 Sancte
544 1067 721 1124 Marte
742 1067 984 1140 majoris,
1011 1068 1096 1122 hic
1118 1085 1235 1123 vero
1260 1067 1445 1125 Sancti
1472 1068 1751 1125 Laurentii

156 1161 277 1229 {oris
323 1170 591 1228 murum;
652 1160 754 1215 iste
800 1168 979 1215 autem
1031 1157 1350 1214 Sanctorum
1391 1149 1654 1217 Ichaiinis
1699 1164 1750 1217 et

157 1235 346 1317 Pauli,
386 1251 446 1303 tit
493 1232 838 1329 veroSaheti
884 1248 1097 1322 Georgii
1120 1249 1392 1305 ad'veium
1414 1267 1652 1307 aureum.
1682 1250 1749 1310 Et

156 1342 228 1397 sic
251 1342 317 1396 de
345 1341 578 1397 ceteris.
608 1339 764 1398 Tunc
791 1344 889 1412 per
916 1346 1064 1410 eum,
1099 1341 1186 1398 cui
1211 1344 1586 1414 pepercerant,
1610 1348 1748 1417 pape

158 1432 484 1510 dircxerunt.
523 1432 687 1501 Quod
717 1433 938 1491 intuens
957 1434 1095 1507 papa
1127 1434 1419 1507 ingemuit,
1443 1438 1498 1492 et
1525 1436 1622 1494 eos
1649 1438 1745 1510 qui

159 1508 249 1579 hoc
276 1525 458 1580 scelus
484 1526 964 1598 perpetraverant,
993 1532 1255 1600 perpetuo
1286 1529 1487 1587 feriens
1513 1508 1743 1590 anathe-

157 1614 308 1683 tnate,
331 1631 462 1673 eum
505 1619 632 1672 suis
655 1618 799 1673 'exiit
822 1619 892 1675 ab
922 1619 1073 1675 urbe.-
1105 1619 1209 1688 Qui
1242 1623 1469 1679 veniens
1510 1622 1738 1693 Verene;

156 1707 219 1763 ibi
248 1710 451 1765 resedit
499 1727 686 1782 usque
724 1712 792 1768 ad
824 1712 968 1768 diem
998 1714 1192 1771 mortis
1217 1729 1334 1772 sue.
1367 1716 1737 1776 Cardinalinm

1858 606 1914 654 et
1946 598 2247 658 Balduinus
2277 618 2465 659 comes
2500 604 2824 676 Montensis,
2852 609 3056 669 inloco
3093 614 3189 685 qui
3229 633 3446 676 nuncu-

1857 700 2021 763 patnr
2058 693 2218 749 Mons
2252 696 2430 751 sancti
2473 696 2705 770 Remigii
2737 700 2911 773 (441),
2942 704 3012 759 ad
3050 715 3302 765 mutuum
3340 712 3440 769 ve'-’-'

1856 782 2015 839 niunt
2059 784 2412 856 colloquium.
2466 786 2570 843 Ubi
2624 790 2923 850 Balduinus
2997 811 3126 853 eum
3185 799 3447 859 obsecrat

1855 878 2115 946 quatinus
2148 888 2340 937 contra
2382 876 2675 940 Heuricum
2704 886 2900 942 ducem
2922 886 3344 962 Lovaniensem,
3380 904 3450 953 se

1852 968 2294 1043 exheredantcm,
2316 976 2581 1032 auxilium
2602 976 2773 1048 ferat;
2795 982 2942 1051 quod
2969 996 3157 1040 eomes
3176 986 3444 1057 renunes,

1851 1060 2136 1120 discordes
2174 1066 2464 1123 discedunt
2493 1070 2564 1124 ab
2609 1071 2863 1127 invicem.
2910 1071 3214 1133 Balduinus
3253 1092 3449 1135 comes

1850 1151 2151 1212 Mundensis
2203 1173 2370 1229 super
2420 1158 2719 1218 Henricum
2770 1163 2968 1220 ducem
3018 1164 3259 1224 Lovanie
3308 1184 3443 1226 cum

1849 1246 2092 1302 exercitu
2120 1247 2176 1302 in
2206 1248 2331 1305 loco
2366 1251 2461 1322 qui
2487 1252 2692 1309 dicitur
2731 1253 3031 1313 Lembeeca
3062 1258 3213 1330 (142)
3252 1260 3436 1329 vadit:

1848 1338 1944 1393 Sed
1980 1338 2175 1396 ducem
2199 1341 2527 1413 imparatum
2549 1360 2658 1401 non
2687 1345 2994 1415 inveniens,
3021 1358 3096 1415 et,
3122 1358 3185 1408 ut
3208 1351 3439 1422 quidam

1847 1430 2122 1499 asserunt,
2169 1449 2201 1488 a
2242 1434 2358 1490 suis
2401 1436 2672 1506 proditus,
2727 1437 2976 1495 inellicax
3023 1440 3203 1497 rediit.
3249 1441 3439 1500 Mcnse'

1844 1521 2094 1595 Augusto
2135 1523 2423 1598 Philippus
2447 1544 2634 1586 comes
2659 1529 2913 1588 Flandrie
2955 1534 3252 1589 secundam
3277 1533 3439 1592 duxit

1845 1620 2095 1681 osorem,
2119 1615 2286 1670 tiliam
2308 1618 2456 1689 regis
2480 1618 2874 1690 Portigaleusis
2900 1620 3184 1690 Adel'onsi,
3210 1623 3437 1679 nomine

1844 1690 2168 1762 Tharasiam
2194 1706 2345 1781 (445)
2376 1708 2574 1767 Petrus
2604 1711 2776 1766 abbas
2797 1710 3179 1770 Cisterciensis
3204 1714 3432 1771 ordina-

154 1807 319 1855 autem
367 1801 607 1872 quidam
658 1805 875 1874 sequuti
925 1793 1054 1860 sunt
1102 1822 1264 1876 cum;
1319 1810 1542 1879 quidam
1582 1821 1732 1880 vero,
1769 1782 1812 1853 Β
1841 1807 1931 1853 tur
1953 1800 2246 1871 episcopus
2265 1801 2685 1870 Attrebatensis,
2715 1802 2930 1859 Vcrone
2951 1805 3007 1858 in
3030 1805 3261 1862 ecclesia
3283 1806 3431 1863 beati

153 1892 369 1962 quorum
396 1903 667 1964 parentes
707 1897 886 1952 scelus
920 1898 1221 1967 predietum
1264 1904 1733 1974 perpeti-avertunt,

154 1981 201 2035 ln
254 1982 384 2039 urbe
444 1996 860 2042 remanserunt.
910 1986 1196 2061 Philippus
1244 2008 1338 2048 rex
1370 1993 1731 2064 Francorum,

154 2074 367 2130 consilio
408 2079 790 2155 quorumdam
849 2078 1122 2136 baronum
1163 2099 1423 2154 suorum,
1481 2083 1733 2159 Philippo

150 2165 315 2219 comiti
359 2160 626 2224 Flandrie
678 2170 1063 2242 invidentium,-
1110 2175 1354 2247 reginam
1381 2177 1498 2232 vult
1541 2179 1730 2235 dimit-I

154 2266 250 2313 tere
289 2249 356 2315 At
406 2260 503 2316 illa
548 2263 622 2318 ad
661 2262 831 2319 Deum
877 2281 1166 2336 conversa,-
1197 2276 1410 2325 tantam
1451 2268 1583 2343 erga
1633 2271 1731 2329 Dei

152 2350 447 2418 genitricem
514 2354 575 2409 in
620 2355 842 2413 civitate
897 2355 1295 2417 Silvaneetensi
1340 2362 1589 2419 exhibuit
1635 2363 1731 2420 de-

154 2443 427 2514 votionem;
480 2437 856 2515 humilitatem
904 2461 961 2508 et
1005 2455 1413 2525 contritionem,
1451 2466 1512 2513 ut
1536 2470 1727 2516 omnes

153 2532 267 2604 pene
294 2536 575 2597 intuentes
598 2542 668 2597 ad
688 2542 946 2602 lacrimas
976 2556 1367 2604 commoveret.
1397 2547 1536 2605 Nam
1565 2551 1729 2608 nudis

154 2625 353 2695 pedibus
380 2647 478 2702 per
503 2631 721 2703 plateas
745 2634 985 2693 civitatis
1024 2637 1317 2708 incedens;
1346 2646 1401 2697 et
1447 2644 1634 2698 cereos
1669 2643 1726 2699 in

153 2719 380 2778 manibus
434 2729 697 2794 portans;
743 2726 1215 2802 elemosinamtiue
1268 2733 1529 2789 omnibus
1576 2733 1723 2790 indi;

155 2812 379 2879 gentibus
418 2814 713 2873 allluenter
753 2818 1111 2898 dispertiens;
1156 2815 1382 2878 intravit
1422 2818 1582 2880 beate
1626 2823 1723 2882 Dei

154 2901 402 2983 genitricis
421 2906 739 2963 ecclesiam.
771 2906 874 2965 Ubi
905 2911 1114 2968 diutius
1149 2914 1347 2983 oravit,
1377 2923 1433 2970 et
1470 2915 1593 2986 ipso
1633 2917 1723 2972 die

155 2997 320 3051 Omnes
343 2997 587 3056 civitatis
633 3016 902 3073 pauperes
929 3003 1077 3059 laute
1103 3003 1314 3073 refecit,
1361 3007 1562 3076 quibus
1602 3009 1720 3080 ipsa

156 3082 475 3143 ministravit.
506 3090 673 3157 Quod
726 3109 822 3149 rex
868 3103 923 3149 et
951 3110 1143 3152 omnes
1163 3097 1452 3166 optimates
1474 3098 1594 3170 ejus
1624 3115 1720 3155 au-

1838 1892 2093 1963 martyris
2119 1889 2375 1949 Zenonis.
2405 1894 2588 1963 Greci,
2619 1895 2842 1966 indigne
2870 1894 3108 1952 ferentes
3140 1897 3285 1968 quod
3318 1898 3427 1953 im-

1835 1990 2054 2054 perator
2076 1998 2268 2040 eorum
2298 1984 2541 2043 Francos
2570 1986 2651 2042 eis
2675 1996 3023 2058 preponeret,
3048 1987 3429 2045 Andronicum

1835 2082 2127 2148 cognatum
2149 2077 2272 2149 ejus
2298 2078 2489 2136 dolose
2516 2080 2800 2147 mandant,
2824 2081 2903 2135 uti
2931 2081 3136 2147 veniat,
3170 2088 3226 2138 ct
3254 2081 3429 2154 impeJ

1832 2167 2094 2235 ratorem,
2118 2170 2309 2241 utpote
2327 2185 2582 2241 puerum;
2612 2170 2772 2243 quasi
2805 2172 2888 2227 vir
2925 2173 3146 2243 sapiens
3170 2170 3425 2230 manute-

1832 2268 1978 2315 neat.
2034 2259 2139 2327 Qui
2189 2258 2409 2318 nunciis
2461 2272 2743 2335 gratanter
2793 2264 3081 2335 susceptis,
3125 2266 3428 2337 assumptis

1831 2357 2017 2406 seCum
2042 2348 2364 2410 Sarracenis
2391 2352 2814 2424 Yeoniensibus,
2839 2356 3114 2413 civitatem
3140 2356 3428 2429 ingressu?!

1829 2454 1933 2503 est.
1971 2446 2069 2503 Die
2100 2447 2351 2518 sequenti
2386 2448 2660 2518 palacium
2708 2448 3012 2519 ingreditur
3050 2463 3178 2506 eum
3204 2452 3422 2522 paucis;

1829 2541 2214 2611 itnperawrem
2242 2540 2436 2596 adorat
2455 2547 2512 2595 et
2531 2540 2761 2608 salutat;
2787 2549 2843 2596 at
2867 2536 2957 2596 ille
2980 2548 3107 2596 eum
3132 2541 3423 2614 magniﬁce

1827 2632 2082 2700 honorat,
2124 2639 2180 2687 et
2213 2646 2335 2688 sese
2373 2630 2522 2687 illius
2562 2630 2787 2686 tuitioni
2823 2632 3192 2689 commodat.
3241 2632 3421 2700 Quem

1827 2723 1918 2779 ile
1940 2724 1994 2778 in
2018 2739 2117 2779 sua
2142 2722 2377 2794 suscipit
2400 2722 2524 2779 lide.
2552 2721 2660 2790 Qui
2683 2723 2894 2779 curiam
2914 2723 3132 2780 curiose
3154 2739 3419 2794 pensans,

1824 2816 1970 2887 quod
1993 2816 2086 2871 diu
2109 2815 2356 2886 cupierat
2372 2823 2575 2881 mente,
2596 2813 2812 2886 perlicit
2832 2829 3018 2885 opere.-
3047 2813 3249 2871 Paucis
3268 2816 3419 2872 enim

1824 2907 2025 2978 elapsis
2054 2908 2269 2975 diebus,
2302 2907 2580 2978 palacium
2606 2913 2820 2962 armato
2851 2905 3026 2961 milite
3050 2908 3286 2977 stipatus
3331 2908 3418 2961 in.

1824 2999 2090 3072 greditur,
2117 2998 2345 3067 Grecos,
2369 2998 2636 3066 Francos,
2669 2997 2899 3070 Anglos,-
2919 3012 3061 3067 quos
3085 2997 3161 3053 ibi
3187 2997 3414 3068 invenit,

1827 3106 2023 3147 omnes
2062 3090 2359 3158 interfecit;
2391 3091 2571 3161 ipsum
2605 3090 2843 3161 denique
2873 3089 3256 3161 imperatorem
3286 3104 3415 3146 cum

156 3170 353 3244 dientes,
402 3181 682 3251 compassi
718 3193 868 3249 sunt,
899 3193 953 3239 et
997 3165 1296 3254 penitentia
1327 3165 1594 3254 ducti,vab
1630 3190 1716 3244 in-
1740 3165 1792 3231 θ
1821 3197 1920 3238 sua
1967 3191 2144 3237 matre
2187 3182 2434 3253 capiens,
2479 3183 2533 3236 in
2571 3196 2792 3237 carcere
2831 3181 3063 3249 clausit;
3109 3196 3250 3252 quos
3290 3191 3415 3252 post

157 3274 289 3334 cepto
325 3267 676 3327 destiterunt.
722 3271 1009 3346 Philippus
1038 3284 1221 3330 tamen
1269 3291 1456 3333 eomes
1484 3286 1595 3333 tam
1627 3295 1717 3334 ar-

157 3353 531 3430 chiepiscopum
585 3361 914 3420 Remensem
961 3381 1128 3436 quam
1167 3381 1360 3423 omnes
1388 3368 1502 3439 'qui
1548 3369 1718 3440 hujus

158 3449 339 3505 consilii
385 3454 686 3525 complices
721 3454 968 3525 fuerunt,
995 3474 1136 3529 quos
1175 3457 1385 3516 dudum
1413 3461 1626 3517 colebat
1657 3470 1717 3517 ut

158 3536 353 3607 amicos,
398 3559 546 3601 nunc
594 3553 816 3600 veretur
864 3554 926 3602 ut
964 3546 1237 3604 inimicos.
1294 3546 1527 3620 Propter
1570 3550 1716 3607 hanc

159 3643 348 3687 musam
399 3644 454 3690 et
494 3637 637 3694 alias
682 3639 827 3696 inter
873 3655 1056 3712 regem
1103 3650 1158 3696 et
1206 3641 1459 3697 comitem
1488 3658 1595 3713 pax
1629 3651 1715 3699 est

158 3722 358 3780 turbata.
406 3725 535 3785 Post
572 3739 927 3801 pentecosten
971 3748 1068 3787 rex
1114 3741 1170 3788 et
1208 3747 1397 3807 comes
1435 3748 1564 3789 cum
1593 3736 1712 3792 suis

158 3814 448 3874 exercitibus
494 3820 554 3875 in
601 3820 847 3878 marehis
905 3833 1178 3878 terrarum
1224 3839 1454 3880 suarum
1505 3840 1711 3883 conve-

161 3903 305 3960 niunt.
360 3907 520 3983 Regis
584 3913 862 3970 exercitus
918 3915 1233 3986 equitibus,
1285 3931 1454 3988 porro
1493 3918 1712 3976 comitis

159 3996 429 4081 agminibus
454 4004 698 4074 peditum
740 4006 943 4078 optime
982 4016 1323 4065 armatorum
1358 4010 1706 4081 precellebat.

160 4074 448 4150 Standarum
485 4074 839 4166 altissimum,
883 4098 1218 4156 drachonem
1258 4074 1497 4175 desuper
1523 4102 1707 4175 prefe-

159 4188 354 4252 tentem,
389 4201 573 4246 comes
616 4205 805 4246 secum
845 4207 1012 4262 super
1038 4206 1263 4248 currum
1288 4203 1528 4265 quatuor
1552 4203 1707 4251 rota-

158 4282 255 4327 rum
272 4273 387 4333 duci
410 4278 566 4352 fecit;
590 4283 739 4354 quod
761 4299 857 4339 rex
882 4300 1008 4340 eum
1031 4292 1147 4341 tota
1181 4284 1414 4342 Francia
1439 4286 1595 4344 valde
1622 4286 1707 4342 in-

159 4358 289 4432 digne
342 4371 473 4429 tulit.
530 4374 761 4444 Tamen,
796 4377 1071 4432 mediante
1115 4375 1352 4433 Henrico
1404 4376 1703 4451 Anglorum

156 4462 275 4523 rege,
294 4456 358 4514 ab
380 4460 605 4520 instanti
632 4463 772 4521 festo
799 4467 973 4522 sancti
1001 4465 1271 4523 Johannis
1313 4485 1489 4540 usque
1515 4470 1570 4524 in
1599 4486 1702 4524 an-

1819 3274 2097 3328 modicum
2129 3272 2184 3327 in
2226 3287 2380 3327 mare
2414 3272 2732 3343 perductos,
2762 3272 3056 3330 crudeliter
3093 3272 3415 3330 innocentes

1817 3363 2001 3418 necari
2034 3361 2187 3428 fecit,
2230 3368 2286 3416 et
2310 3367 2507 3416 omnes
2534 3361 2655 3431 ejus
2691 3361 3013 3429 familiares,
3057 3363 3153 3433 qui
3188 3362 3245 3417 in
3274 3362 3414 3418 urbe

1813 3458 2216 3518 remanserant,
2261 3448 2556 3505 interfecit.
2600 3449 2757 3503 Tunc
2788 3450 3047 3521 imposito
3075 3453 3180 3508 sibi
3220 3451 3413 3509 diadev

1815 3554 1982 3613 nate,
2010 3545 2247 3615 imperat
2271 3543 2479 3600 civitati
2509 3542 2887 3610 nobilissime,
2916 3559 3027 3599 non
3070 3553 3131 3599 ut
3171 3544 3409 3615 imperae

1813 3646 1921 3707 tor,
1951 3637 2047 3694 sed
2075 3637 2219 3692 sicut
2246 3644 2535 3707 tyrannus.
2581 3633 2788 3691 Deinde
2822 3634 2910 3690 his
2938 3649 3041 3707 pro
3065 3635 3274 3691 nichilo
3297 3634 3405 3690 (ιιι-ς

1813 3730 1939 3798 etis,
1972 3728 2194 3800 nuptias
2223 3725 2354 3784 facit
2381 3726 2625 3793 illicitas,
2648 3741 2893 3782 uxorem
2913 3726 3133 3798 cegnati
3164 3726 3273 3795 sui,
3299 3726 3406 3783 im-

1810 3820 2082 3893 peratoris
2105 3819 2318 3877 scilicet
2335 3819 2546 3876 domini
2571 3818 2680 3886 sui,
2706 3818 2875 3874 tiliam
2897 3817 3044 3889 regis
3064 3816 3404 3874 Francorum

1811 3913 2152 3986 accipiendo.
2202 3911 2490 3984 Philippus
2541 3926 2730 3968 comes
2773 3910 3031 3967 Flandrie
3073 3908 3402 3967 Balduinum

1809 4006 2067 4063 comitem
2101 4004 2443 4061 Montensem
2474 4018 2574 4076 per
2611 4001 2846 4059 nuncios
2879 4015 3242 4073 sepenumero
3265 4015 3403 4058 con.

1808 4098 1979 4165 venit,
2001 4106 2064 4155 ut
2090 4097 2197 4155 sibi
2218 4105 2275 4154 et
2302 4112 2418 4153 suae
2443 4096 2564 4153 utili
2592 4096 2953 4152 coneordaret
2986 4093 3275 4150 voluntati.
3303 4091 3406 4150 ιιιο

1806 4204 1940 4245 vero
1952 4187 2180 4245 minime
2200 4188 2589 4260 adquiescente
2603 4186 2693 4254 ⁸⁵³,
2720 4200 2910 4241 mense
2929 4182 3258 4241 Novembrio
3278 4182 3403 4240 Phi‘

1806 4281 1988 4352 lippus
2010 4281 2460 4352 archiepiscopus
2487 4278 2713 4335 Colonie
2739 4278 2810 4334 ab
2833 4277 3065 4345 oriente,
3114 4275 3405 4347 Philippus

1806 4389 1992 4430 comes
2016 4373 2271 4430 Flandrie
2316 4388 2348 4428 a
2373 4371 2623 4439 meridie,
2664 4385 2833 4441 porro
2872 4369 3187 4426 Duaeenscs
3212 4377 3269 4425 et
3290 4367 3399 4424 Pa-

1807 4468 2064 4523 bulenses
2084 4467 2156 4522 ab
2194 4465 2498 4533 occidente,
2523 4474 2727 4520 terram
2767 4463 2892 4534 ejus
2924 4462 3181 4534 ingressi,
3207 4461 3400 4517 incen-

159 4552 264 4595 num
292 4551 618 4615 protelantur
648 4555 885 4611 inducie.
923 4554 981 4611 In
1008 4554 1096 4612 his
1131 4557 1368 4614 induciis
1398 4557 1701 4616 Balduinus
1730 4551 1781 4573 υ
1803 4559 1910 4615 diis
1952 4564 2007 4615 et
2049 4557 2258 4628 rapinis
2294 4571 2416 4611 eam
2455 4563 2588 4610 sunt
2614 4554 2880 4610 demoliti.
2924 4552 3229 4609 Balduinus
3265 4567 3401 4609 vero

156 4638 308 4692 Comes
348 4637 667 4702 llainoensis
703 4662 736 4702 a
776 4663 901 4719 rege
942 4648 1185 4718 ponitur,
1231 4651 1376 4706 unde
1418 4649 1700 4723 Philippus
1802 4666 2010 4717 comes,
2067 4647 2410 4721 congregatis
2464 4645 2822 4718 septingentis
2878 4645 3143 4711 armatis,
3190 4652 3397 4700 terram

159 4734 310 4816 comes
343 4734 487 4792 valde
513 4749 598 4796 est
637 4737 971 4813 indignatus.
1005 4735 1279 4799 Kalendas
1320 4740 1447 4797 Maii
1479 4743 1696 4816 signum
1800 4743 2019 4801 comitis
2042 4743 2245 4798 virtute
2273 4740 2508 4796 militum
2534 4739 2857 4812 :irrnmpere
2877 4737 3127 4809 cupiens,
3152 4752 3283 4794 cum
3323 4737 3396 4794 ad

158 4813 274 4905 circa
294 4821 473 4883 horam
500 4839 712 4886 sextam
742 4830 800 4885 in
822 4831 939 4886 sole
966 4832 1239 4902 apparuit.
1261 4830 1400 4888 Nam
1421 4813 1552 4904 ejus
1567 4848 1697 4905 pars
1797 4834 1982 4890 villam
2006 4846 2114 4904 que
2136 4827 2507 4886 Obercieurtis
2529 4828 2752 4898 dicitur,
2782 4836 3031 4885 armatus
3059 4843 3186 4884 cum
3210 4843 3396 4884 arma-

160 4901 347 4998 inferior
369 4926 475 4975 tota
500 4932 583 4978 est
608 4923 925 4993 obscurata,
948 4901 1008 4979 in
1028 4901 1210 4981 medio
1232 4941 1362 4982 vero
1390 4901 1551 4998 quasi
1567 4901 1693 4984 tra-
1800 4926 1872 4983 tis
1897 4901 2154 4991 venisset,
2182 4929 2396 4979 mutato
2435 4921 2668 4978 consilio
2693 4934 3002 4994 regressus,
3040 4920 3242 4978 milites
3272 4935 3307 4977 a
3333 4935 3396 4978 se

160 4992 256 5055 hem
280 5007 619 5070 suboscnram
665 5014 920 5084 habebat,
958 5017 1165 5088 reliqua
1212 5024 1392 5073 autem
1407 4992 1552 5089 pars
1580 5029 1694 5076 tota
1800 5019 2102 5076 conductos
2132 5017 2283 5073 abire
2312 5016 2579 5088 permisit.
2612 5015 2711 5073 Die
2736 4992 2918 5072 autem
2964 5016 3268 5073 nativitatis
3291 5015 3391 5071 do-

162 5100 254 5184 Fﬂl
271 5100 478 5169 pallida;
500 5108 573 5162 ita
594 5117 651 5163 ut
674 5122 866 5165 omnes
891 5109 1140 5166 videntes
1169 5110 1421 5166 eumdem
1451 5112 1691 5167 colorem
1798 5113 2000 5171 minice
2026 5112 2450 5184 propinquante,
2488 5109 2704 5165 indm-ie
2726 5109 2929 5165 dantur
2956 5109 3252 5178 utrimque.

162 5175 205 5232 in
228 5187 357 5245 vultu
375 5196 686 5262 preferrent.
710 5196 867 5265 Quod
897 5200 1116 5272 signum
1141 5201 1344 5257 multos
1374 5203 1690 5271 perterruit,

164 5274 263 5337 quia
284 5284 481 5350 quidam
506 5291 764 5362 magister
792 5290 911 5348 Odo
938 5292 1046 5349 hoc
1077 5291 1325 5348 futurum
1355 5291 1688 5363 predixerat,

162 5430 217 5467 ⁸⁸⁸
254 5441 594 5516 adquieseenu
639 5455 755 5511 cod.

1870 5200 2029 5257 1185.
2143 5199 2227 5264 Β.
2264 5200 2355 5254 55.
2484 5197 2547 5253 F.
2581 5199 2634 5255 5.
2779 5199 2848 5253 Α.
2880 5199 2971 5253 5|.
3100 5196 3169 5251 Η.
3192 5197 3247 5249 9.

1868 5293 2023 5350 Multi
2045 5308 2144 5365 per
2169 5294 2289 5350 loca
2313 5292 2530 5348 diversa
2560 5291 2617 5347 in
2652 5291 2885 5348 Francia
2929 5297 2984 5347 et
3020 5286 3279 5345 Flandria
3327 5292 3386 5342 et

1407 5383 1647 5442 ἾΔΒΙᾹΞ
1685 5386 2095 5445 LECTIONES.

1609 5539 1846 5601 NOTAE.

372 5632 471 5759 [31:11
495 5639 695 5697 Warda
721 5640 779 5719 S.
814 5617 1073 5725 Remigii.
1424 5708 1437 5722 .
1553 5706 1566 5720 _

446 5712 631 5767 mbeke
678 5727 846 5769 nrone
879 5710 1107 5767 Ninove.
1155 5708 1241 5764 Cf.
1276 5709 1345 5766 de
1384 5707 1471 5764 his
1505 5705 1566 5765 GI

168 5693 359 5819 Nam
374 5693 1107 5819 Egregiam—irae.
1155 5708 1241 5764 Cf.
1276 5709 1345 5766 de
1384 5707 1471 5764 his
1505 5705 1685 5766 Gisle—

294 5784 360 5839 III,
378 5790 426 5845 ιδ.
451 5779 566 5849 151,
593 5779 715 5855 sqq.

1888 5637 2037 5711 445i
2058 5635 2370 5711 Matinium
2390 5649 2547 5699 vocat
2571 5639 2931 5711 Gislcbertus,
2954 5636 3249 5694 Beatricem
3271 5634 3380 5695 Ra-

1865 5637 2016 5763 sua)
2058 5637 2303 5722 Mathildc

1798 5709 1866 5765 .lu
1892 5708 1979 5764 l‘us
2006 5708 2074 5767 de
2100 5708 2303 5768 Diceto.
