3934 6316
1684 318 2045 376 SIGEBERTI
2088 315 2619 373 GEMBLACENSIS

3670 319 3773 380 δικ

420 468 423 471 »
503 438 717 495 Hainau
757 436 1089 493 discordiam
1119 434 1426 505 principum
1468 442 1525 489 et
1549 447 1801 504 guerram
1834 432 2092 502 pertime-
2122 436 2167 494 Λ
2198 439 2360 486 ventu
2390 430 2514 501 ejus
2541 429 2749 495 audito,
2780 430 3007 486 nuntios
3051 430 3239 487 lldeles
3280 431 3353 486 ad
3392 446 3519 488 eum
3575 431 3772 504 dirigit,

504 535 743 593 scentes,
774 525 1155 596 unusquisque
1173 524 1448 579 civitatem
1471 536 1651 589 suam,
1670 522 1970 578 castellum
1997 535 2099 577 seu

502 620 693 676 villam
723 620 885 674 muro
939 619 1264 683 circumdat,
1291 617 1434 673 vallo
1487 617 1688 672 firmat.
1728 615 1868 670 Cum
1909 623 2095 670 autem

506 710 867 782 interregem
897 719 953 765 et
978 710 1235 766 comitem
1279 709 1430 780 (444)
1467 708 1686 765 indueie
1722 705 1959 762 ﬁniendo
2003 722 2094 763 es-

506 814 647 870 sent,
684 812 740 859 et
766 818 953 858 comes
974 801 1324 857 Flandrensis
1343 815 1499 857 suam
1527 808 1843 870 prepararet
1869 798 2093 868 expedio

505 893 1042 961 tionemyBalduinus
1063 893 1213 964 (445)
1224 907 1409 949 comes
1430 899 1632 949 terram
1643 888 1833 945 Jacobi
1845 889 1910 944 de
1922 888 2095 945 Aves-

507 988 596 1042 uis
612 988 812 1042 virtute
842 985 1172 1055 irrumpens,
1200 983 1401 1040 veteris
1432 997 1643 1045 memor
1671 979 2095 1051 injurie,incen-

507 1077 601 1133 dio
616 1076 904 1132 traditﬂlle
922 1076 1067 1132 enim
1090 1072 1627 1143 incentorhdiscordie
1648 1072 1788 1126 inter
1799 1080 2096 1140 utrumque

509 1167 765 1222 comitem
817 1180 941 1222 esse
991 1164 1288 1220 ferebatur.
1332 1162 1465 1218 Post
1510 1161 1858 1216 festivitatem
1917 1159 2094 1213 sancti

507 1257 779 1313 Johannis
797 1256 1037 1314 induciis
1060 1256 1251 1323 tinitis,
1272 1271 1377 1313 rex
1404 1263 1460 1310 et
1481 1269 1666 1309 comes
1695 1251 1967 1309 exercitus
1990 1252 2094 1305 mi-

509 1347 667 1402 litum
697 1346 1010 1417 etpeditum
1033 1355 1368 1403 armatorum
1393 1344 1729 1415 producunt;
1762 1343 1929 1413 quiin
1951 1357 2093 1422 pago

508 1438 860 1495 Ambianensi
889 1438 1209 1504 residentes,
1235 1437 1314 1493 rei
1346 1436 1511 1493 linem
1541 1436 1921 1506 expectabant.
1948 1434 2092 1489 'l'an-

507 1533 630 1588 dem
658 1534 753 1589 Dei
776 1544 932 1599 nutu,
964 1545 1025 1589 ut
1059 1534 1356 1600 credimus,
1385 1548 1570 1589 comes
1596 1532 1662 1587 ad
1695 1533 1921 1604 gratiam
1948 1531 2092 1601 regis

507 1626 687 1691 rediit,
719 1636 1012 1698 antequam
1046 1627 1248 1697 aliquis
1270 1634 1579 1696 caperetur,
1604 1626 1981 1682 vulneraretur
2009 1624 2092 1679 vel

507 1720 884 1787 perimeretur.
942 1718 1097 1774 Tunc
1142 1719 1256 1789 regi
1314 1718 1546 1775 reddidit
1596 1718 1828 1790 quedam
1868 1719 2091 1773 castella

2197 518 2467 573 mandans
2514 512 2567 573 ei
2617 526 2672 572 et
2692 518 2990 589 designans
3040 520 3250 587 loeum,
3285 520 3378 575 ubi
3407 519 3475 575 ad
3511 533 3774 579 secretum

2197 610 2552 687 convenirent
2582 600 2938 680 colloquium.
2972 597 3087 669 Rex
3110 621 3236 669 eum
3274 613 3584 670 benoriflce
3612 619 3777 671 suscis

2196 701 2294 771 pit,
2332 696 2523 756 mutuo
2556 700 2919 769 collocuntur,
2951 713 3006 759 et
3049 720 3156 774 pax
3182 704 3324 760 inter
3351 720 3449 761 eos
3497 692 3661 762 firma
3693 708 3778 762 lir-

2196 802 2397 847 matur.
2433 784 2687 848 Urbanus
2719 808 2858 863 papa
2887 804 2943 848 et
2983 795 3286 866 imperator
3330 796 3668 855 Fredericus
3702 800 3778 855 in-

2195 891 2495 938 veteratum
2529 883 2669 938 inter
2699 898 2758 939 se
2779 884 2965 938 odium
3000 885 3389 942 dissentientes
3430 886 3501 941 ad
3554 888 3775 943 invicem

2195 983 2478 1030 renovant.
2523 973 2840 1030 Multimode
2887 974 3110 1031 fuerunt
3159 992 3326 1033 cause
3374 977 3777 1047 'dissentionis;

2194 1058 2339 1135 preci
2346 1082 2472 1136 pua,
2490 1067 2636 1136 quod
2651 1068 2960 1137 patriarcha
2980 1067 3348 1139 Aquileiensis
3357 1078 3413 1126 et
3430 1071 3665 1142 quidam
3677 1073 3782 1144 epi-

2196 1158 2347 1226 scopi
2393 1157 2762 1212 interfuerunt
2806 1159 3015 1228 absque
3050 1176 3326 1217 consensu
3366 1178 3510 1233 pape
3558 1181 3778 1219 corona-

2193 1248 2330 1304 tioni
2360 1247 2583 1304 Henrici
2610 1251 2774 1321 regis,
2802 1250 2892 1306 die
2921 1251 3163 1322 quodam
3188 1252 3502 1323 sbllempni,
3524 1254 3583 1308 in
3613 1252 3776 1310 Italia.

2194 1339 2344 1409 Quos
2368 1357 2560 1397 omnes
2589 1358 2727 1413 papa
2759 1359 2790 1398 a
2828 1344 3018 1399 divino
3062 1346 3352 1415 suspendit
3399 1346 3611 1402 ofﬁcio.
3650 1347 3776 1414 Alia,

2192 1434 2339 1506 qdod
2370 1430 2698 1490 Formosum
2728 1436 2961 1491 electum
2992 1423 3405 1507 Treverensem,‘
3425 1438 3668 1493 electum
3705 1450 3778 1494 ca-

2194 1528 2410 1595 nonice,
2441 1528 2669 1584 sabbato
2698 1537 2891 1584 sancto
2946 1536 3292 1600 pentecostes
3330 1530 3384 1584 in
3418 1524 3778 1602 presbiterum

2192 1618 2547 1690 cardinalem,
2570 1630 2623 1677 et
2648 1617 2892 1678 crastino
2917 1620 3005 1678 die
3029 1623 3085 1677 in
3114 1620 3627 1694 archiepiscopum,
3661 1641 3779 1680 con-

2190 1723 2276 1770 tra
2301 1712 2487 1769 votum
2514 1703 2863 1784 imperatoris
2891 1714 3256 1769 consecravit.
3301 1712 3437 1769 Nam
3493 1714 3639 1770 alter
3682 1716 3779 1770 cle-

505 1812 797 1868 comitatus
852 1788 1302 1867 Virmnandensis
1328 1853 1343 1876 ,
1405 1811 1546 1869 inter
1615 1788 1723 1880 que
1775 1808 2091 1865 eminebant
2125 1788 2164 1846 Β
2194 1815 2314 1863 ctus
2340 1822 2624 1881 perperam
2647 1798 3023 1877 fuerat,qucm
3051 1807 3347 1877 imperator
3369 1809 3776 1863 manutenebat.

502 1903 827 1969 Causiacus,
878 1902 1101 1968 'forota,
1150 1902 1307 1959 Mons
1346 1902 1631 1966 Desiderii,
1681 1901 1992 1969 (Iulium-us,
2036 1912 2093 1957 et

503 1993 797 2048 comitatus
814 1992 1221 2048 Ambianensis.
1247 1991 1324 2047 lbi
1342 1992 1695 2061 paciﬁcantur
1717 2007 1899 2047 comes
1928 1991 2074 2046 Flau-

502 2084 718 2140 drensis
736 2087 798 2139 et'
815 2083 1161 2151 ﬂainoensis,
1187 2092 1271 2139 set
1290 2084 1531 2139 nondum
1557 2084 1720 2139 corde
1742 2083 1901 2139 tirmo
1915 2083 2063 2155 (446)

506 2173 606 2231 llic
632 2190 812 2231 annus
839 2176 1121 2233 habundat
1168 2175 1448 2232 frumento
1479 2184 1534 2231 et
1561 2176 1707 2231 vino.
1755 2176 2090 2247 Fraucigeue

503 2267 847 2337 vilipendunt
887 2267 1201 2339 Philippum
1231 2268 1487 2324 comitem
1532 2269 1590 2324 in
1631 2268 1903 2339 prcsentia
1945 2267 2088 2339 regis

502 2361 642 2428 apud
665 2358 1066 2430 Conpendium,
1093 2360 1277 2417 verbis
1306 2360 1908 2432 nugacibusirritautes
1936 2376 2083 2415 eum.

501 2448 604 2516 Qui
629 2451 681 2505 in
708 2450 1029 2507 Alemauuia
1055 2467 1283 2521 pergens
1307 2453 1376 2507 ad
1406 2467 1590 2522 regem
1622 2451 1940 2517 Henricum,
1961 2453 2083 2523 ejus

499 2542 734 2597 consilio
762 2543 1060 2609 animatus,
1087 2550 1141 2596 et
1164 2543 1391 2610 auxilio,
1420 2542 1471 2597 si
1492 2558 1715 2599 necesse
1748 2543 1932 2610 fuerit,
1958 2559 2086 2599 cor-

502 2632 869 2697 roboraudus,
900 2632 1108 2702 hylaris
1133 2631 1188 2686 in
1211 2631 1523 2686 Flandriam
1541 2632 1852 2687 revertitur.
1866 2622 2085 2709 Andro?-

503 2723 662 2784 uicus
693 2722 1338 2793 Constantiuopolitanus
1366 2733 1632 2795 tyrannus
1660 2733 1714 2779 et
1746 2732 1996 2796 apostata
2016 2754 2089 2766 -—

500 2815 706 2871 dudum
731 2814 876 2869 enim
906 2815 1361 2872 christianitatem
1394 2816 1760 2887 abnegaverat
1785 2848 1857 2857 —-
1881 2818 2087 2873 interﬁ-

502 2906 646 2963 citur
676 2906 731 2960 in
755 2908 960 2977 palatio
987 2924 1018 2962 a
1042 2907 1281 2977 quodam
1312 2908 1486 2977 probo
1524 2908 1698 2963 milite
1736 2909 1869 2981 regii
1917 2926 2085 2982 gene-

499 2996 780 3067 ris,quem
807 2998 997 3053 dolose
1019 2998 1267 3053 occidere
1291 2998 1634 3068 disponebat.
1661 2998 1788 3066 Qui,
1809 3000 2086 3057 animatus

500 3089 708 3144 auxilio
748 3097 1037 3159 parentum
1085 3106 1315 3165 suorum
1355 3098 1410 3146 et
1451 3090 1654 3146 civium
1706 3089 2082 3149 Andronicum

498 3181 823 3249 odientium,
850 3182 1100 3239 occidere
1125 3198 1185 3239 se
1203 3183 1473 3239 volentem
1500 3184 1718 3251 occidit,
1766 3193 1820 3240 et
1846 3202 2083 3242 consen-

500 3271 761 3327 tientibus
785 3286 887 3341 pro
914 3287 983 3329 eo
1004 3272 1317 3343 imperavit;
1348 3272 1442 3342 qui
1472 3272 2085 3345 imperatricemJiliam

496 3363 707 3418 scilicet
761 3363 1023 3423 Ludovici
1081 3365 1226 3434 regis
1272 3363 1631 3430 Francorum,
1683 3364 1900 3433 clausit,
1939 3376 1994 3422 et
2031 3368 2084 3424 ei

498 3456 772 3527 condigno
820 3458 1035 3517 honore.
1051 3457 1366 3517 ministrare
1403 3459 1663 3529 precepit.
1696 3456 1900 3515 Lucius
1943 3476 2083 3530 papa

496 3550 640 3619 apud
691 3548 963 3605 Veronam
1011 3558 1264 3606 mortuus
1316 3558 1402 3605 est
1446 3548 1607 3617 (Nor.
1633 3550 1781 3620 “24.);
1824 3567 1987 3621 quem
2026 3551 2080 3607 in

493 3642 729 3698 ecclesia
758 3643 914 3699 beate
946 3642 1215 3709 Marie,iu
1257 3643 1547 3712 sepulchro
1600 3659 1910 3698 marmoreo
1956 3654 2083 3701 ante

496 3733 678 3803 majus
715 3734 889 3788 altare.
928 3733 1299 3802 sepelierunt;
1352 3732 1439 3787 cui
1491 3734 1759 3788 successit
1806 3732 2081 3792 Iluhertus

495 3822 918 3881 Mediolanensis
937 3824 1408 3894 archiepiscopus,
1449 3825 1728 3893 quondam
1770 3825 2081 3883 Bituriceu—

497 3918 578 3973 sis
599 3917 1043 3982 archidiaconus,
1071 3916 1192 3987 qui,
1216 3917 1367 3986 justa
1396 3932 1601 3972 morem
1630 3918 2082 3988 predecessorum

495 3993 727 4061 suorum
750 4007 972 4063 nomine
1008 4014 1240 4074 mutato,
1274 4016 1504 4062 vocatur
1543 4006 1799 4066 Urbanus
1839 4011 2078 4080 tercius;

495 4100 612 4168 qui,
637 4098 796 4168 juxta
824 4115 1113 4155 numerum
1154 4101 1523 4171 suprascripto
1555 4101 1796 4170 cronice,
1838 4103 2083 4162 Romane

498 4189 618 4245 urbi
640 4190 878 4260 presidet
902 4191 1061 4245 170⁸³
1096 4191 1187 4246 ⁸⁵⁵.

610 4279 770 4334 1186.
879 4281 945 4337 Β.
978 4283 1050 4337 54
1180 4281 1322 4339 F.6.

1432 4286 1500 4341 Α.
1535 4286 1626 4342 52.
1720 4284 1787 4342 Η.
1818 4286 1902 4341 10.

497 4396 501 4405 τ
568 4370 869 4442 Imperator
908 4373 1255 4432 Fredericus.
1291 4376 1411 4435 dies
1460 4377 1734 4435 dominice
1778 4379 2080 4436 nativitatis

2193 1893 2289 1954 llis
2314 1908 2367 1953 ct
2397 1899 2517 1954 aliis
2546 1899 2729 1955 causis
2772 1898 3262 1954 intercurrentibus
3297 1899 3441 1953 inter
3485 1914 3689 1969 papam
3732 1908 3778 1954 ct

2191 1990 2598 2059 imperatorem,
2632 1989 2685 2043 in
2707 1987 2859 2043 Italia
2893 2004 2997 2058 pax
3034 1988 3287 2043 turbatur
3331 1986 3542 2060 (Iam),
3594 1988 3778 2044 Fredté

2191 2081 2341 2136 ricus
2362 2081 2662 2151 imperator
2686 2079 3111 2147 Cremonenses,
3143 2078 3247 2134 sibi
3277 2079 3541 2147 rebelles,
3589 2080 3779 2134 auxilio

2190 2162 2677 2227 Mcdiolanensium
2731 2171 2788 2225 in
2832 2184 2995 2226 suum
3045 2169 3246 2227 invitos
3289 2169 3438 2242 cogit
3477 2170 3776 2226 servitium.

2190 2264 2493 2336 Imperator
2515 2263 2833 2334 relinquens
2860 2260 3156 2318 Henricum
3187 2262 3362 2318 ﬁlium
3386 2279 3559 2318 suum
3585 2264 3642 2317 in
3669 2278 3781 2334 par-

2190 2357 2338 2413 tibus
2366 2352 2785 2424 Beueventauis,
2815 2355 2871 2410 in
2898 2354 3248 2410 Germaniam
3290 2355 3433 2410 redit
3477 2354 3600 2426 (an.
3632 2354 3775 2421 “87,

2191 2447 2401 2521 Febr.).
2433 2442 2703 2505 Henricus
2739 2463 2858 2516 rex,
2898 2447 3246 2518 imperatoris
3291 2447 3460 2515 ﬁlius,
3511 2448 3776 2518 quendam

2190 2531 2397 2597 Urbani
2424 2556 2563 2611 pape
2586 2539 2913 2596 servientem
2942 2547 2998 2594 et
3025 2540 3227 2595 multas
3254 2555 3441 2595 secum
3476 2541 3610 2595 auri
3629 2550 3682 2595 et
3699 2558 3775 2595 ar-

2190 2633 2338 2705 genti
2364 2632 2629 2703 pecunias
2657 2632 2993 2689 deferentem
3023 2632 3246 2688 obvium
3271 2647 3341 2687 ex
3360 2633 3655 2703 insperato
3686 2633 3775 2688 ba-

2188 2718 2345 2791 bens,
2375 2740 2573 2781 aurum
2595 2734 2649 2780 et
2675 2733 2961 2795 argentum
2990 2723 3266 2789 auferens,
3294 2724 3352 2778 in
3392 2726 3773 2781 contumeliam

2189 2830 2327 2887 pape
2353 2831 2549 2871 nasum
2581 2816 2631 2871 ei
2663 2816 2911 2888 precidit.
2943 2815 3244 2871 Balduinus
3268 2831 3457 2873 comes
3506 2816 3772 2872 Hainoen-

2190 2910 2268 2965 sis
2291 2918 2345 2964 et
2368 2908 2637 2966 Henricus
2659 2910 2966 2965 avunculus
2989 2909 3132 2979 ejus,
3168 2917 3355 2966 comes
3385 2908 3768 2977 Namucensis,

2189 3014 2354 3071 super
2391 3000 2746 3056 Godefridum
2781 3001 2974 3056 ducem
3006 2998 3404 3057 Lovaniensem
3450 3003 3685 3069 vadunt,
3723 3011 3769 3057 et

2188 3089 2308 3159 ejus
2338 3101 2538 3145 terram
2566 3090 2881 3145 incendunt.
2898 3089 3035 3145 Villa
3057 3090 3513 3148 Gemblaucensis
3540 3094 3769 3165 peropti»

2188 3196 2275 3236 ma
2307 3197 2433 3236 cum
2480 3183 2712 3238 ecclesia
2760 3183 2938 3238 sancti
2959 3182 3192 3239 Wiberti
3222 3193 3353 3240 tunc
3393 3193 3483 3240 est
3536 3186 3764 3241 incensa.

2186 3273 2470 3346 Philippus
2496 3290 2590 3331 rex
2621 3275 2959 3332 Francorum
2996 3287 3050 3333 et
3073 3276 3358 3349 Philippus
3389 3291 3590 3336 comes
3617 3279 3767 3336 Flau-

2185 3367 2321 3433 drie,
2338 3365 2725 3423 contrahentes
2739 3368 3122 3440 undecumque
3143 3370 3425 3440 copiosum
3448 3372 3765 3437 exercitum,

2186 3455 2466 3512 hostiliter
2492 3458 2700 3513 vadunt
2743 3474 2908 3528 super
2941 3458 3137 3514 ducem
3187 3456 3653 3530 Burgundionum
3675 3503 3689 3526 ,
3720 3468 3767 3514 (ι

2180 3547 2365 3617 jus’tc;
2398 3549 2794 3618 injustissimus
2818 3550 2966 3604 enim
2992 3559 3143 3618 erat;
3167 3552 3262 3621 qui
3312 3560 3655 3609 mercatores
3693 3569 3766 3607 rc-

2184 3639 2268 3710 gis
2288 3648 2341 3694 et
2369 3639 2585 3694 comitis
2615 3641 2670 3695 in
2703 3639 2807 3695 fide
2852 3657 2952 3697 sua
2990 3641 3196 3697 tuendo
3235 3642 3578 3713 suscipiens,
3610 3645 3764 3699 latro-

2184 3731 2347 3786 nibus
2370 3732 2487 3787 suis
2533 3732 2887 3802 expoliandos
2928 3732 3188 3788 donabat.
3233 3729 3358 3801 Qui,
3392 3734 3765 3791 fortitudinem

2184 3821 2329 3894 regis
2350 3831 2405 3878 et
2428 3823 2645 3879 comitis
2673 3839 2782 3880 non
2820 3826 3120 3893 sustinens,
3162 3826 3494 3897 quibusdam
3543 3828 3767 3885 castellis

2183 3914 2429 3987 perditis,
2461 3915 2527 3970 ad
2552 3916 2716 3986 pedes
2738 3899 2884 3988 regis
2904 3918 3153 3985 veniens,
3185 3926 3359 3974 semet
3397 3920 3588 3990 ipsum
3624 3919 3766 3977 dedi«

2183 4009 2281 4065 dit.
2306 4008 2490 4065 Pridie
2519 4006 2638 4065 Kal.
2664 4008 2795 4066 Julii
2824 4011 2989 4066 turbo
3010 4012 3365 4083 gravissimus
3392 4019 3447 4067 et
3476 4022 3767 4086 tempestas

2184 4101 2383 4169 valida,
2415 4102 2485 4157 ab
2509 4100 2713 4158 All‘rico
2746 4103 2974 4159 veniens
3023 4111 3079 4159 ct
3129 4104 3198 4159 ad
3239 4105 3609 4162 subsolanum
3656 4120 3764 4163 ten-

2184 4191 2345 4257 deus,
2373 4208 2471 4263 per
2494 4194 2665 4248 multa
2693 4193 2814 4249 loca
2842 4194 3026 4266 fruges
3057 4205 3110 4250 et
3149 4196 3336 4251 omnia
3376 4205 3495 4252 sata
3526 4215 3765 4269 pessum-

2183 4282 2353 4339 dedit.
2383 4283 2520 4339 Nam
2548 4286 2758 4356 lapides
2786 4302 2891 4341 ovo
2920 4287 3119 4358 gallinc
3144 4289 3383 4358 majores
3408 4306 3508 4361 per
3533 4290 3654 4348 loca
3687 4293 3763 4348 di-

2183 4390 2340 4431 versa
2372 4378 2706 4445 ceciderunt,
2749 4380 2843 4450 qui
2866 4396 3062 4449 pecora
3092 4381 3145 4435 in
3183 4383 3392 4454 campis
3431 4393 3488 4439 et
3536 4396 3667 4443 aVes
3714 4385 3761 4439 in

493 4477 623 4519 cum
651 4460 886 4520 IIem-leo
908 4480 1054 4535 rege,
1085 4465 1201 4521 tilio
1229 4481 1354 4533 suo,
1378 4467 1524 4537 apud
1571 4466 1796 4538 Papiam
1838 4469 2078 4526 celebres
2110 4473 2155 4532 ο
2182 4468 2342 4538 aquis
2371 4469 2710 4536 occiderunt,
2741 4470 3012 4526 fenestras
3036 4486 3257 4543 quoque
3282 4475 3482 4530 vitreas
3511 4478 3764 4535 ecclesia-

492 4552 623 4622 egit.
654 4550 766 4608 Illis
789 4554 984 4610 diebus
1017 4554 1147 4611 fecit
1192 4556 1490 4628 imperator
1537 4559 1759 4629 nuptias
1804 4560 1918 4615 lilio
1973 4575 2076 4617 suo

496 4641 646 4714 (hau.
676 4643 791 4715 Ξῖ),
839 4645 1186 4716 despondeus
1231 4648 1283 4703 ei
1338 4649 1508 4704 tiliam
1564 4647 1787 4721 Rogeri,
1819 4650 2077 4707 ditissimi

491 4734 771 4805 quondam
799 4738 942 4813 regis
971 4737 1155 4796 Sicilie
1186 4750 1241 4794 et
1263 4738 1421 4795 ducis
1464 4740 1678 4811 Apulie,
1712 4740 1856 4815 regis
1902 4741 2079 4797 Fran-

488 4841 682 4883 corum
704 4837 1012 4898 cognatam.
1037 4829 1149 4886 Ilec
1169 4832 1316 4887 enim
1346 4839 1471 4886 ttata
1499 4840 1672 4888 estex
1697 4833 1807 4889 filia
1857 4834 2075 4890 comitis

490 4918 560 4973 de
593 4917 853 4975 Ileitesta.
899 4919 998 4977 llis
1040 4922 1248 4999 nuptiis
1302 4922 1552 4979 interfuit
1595 4940 1782 4982 comes
1822 4924 2077 4982 Flandrie

488 5010 794 5080 l’biiippos,
819 5028 942 5067 cum
974 5013 1225 5083 plurimis
1275 5006 1490 5085 imperii
1527 5014 1758 5073 Romani
1798 5018 2075 5089 optimati-

491 5101 616 5155 bus.
640 5100 746 5168 Qni
775 5102 829 5157 in
858 5104 1037 5161 eundo
1062 5102 1352 5160 Frauciam
1380 5104 1683 5173 dimittens,
1728 5123 1826 5178 per
1853 5108 2078 5164 Genna-

490 5192 639 5248 niam
668 5192 772 5248 iter
797 5192 962 5261 fecit;
996 5202 1279 5251 revertens
1305 5211 1437 5252 vero
1465 5212 1561 5268 per
1588 5196 1877 5255 Franciam
1907 5201 2075 5269 venit,

486 5298 560 5341 ne
586 5286 699 5356 regi
722 5284 1063 5343 Francorum
1081 5296 1228 5364 esset
1256 5288 1581 5361 suspicioni.
1608 5288 1721 5347 Rex
1744 5301 1948 5360 autem,
1980 5291 2077 5349 ad-

575 5492 623 5529 ⁸³
669 5493 965 5550 CLXXX"!
1013 5497 1197 5565 codex,
1231 5508 1281 5555 et
1323 5499 1402 5554 ita
1420 5514 1603 5569 porro.

1942 5593 2165 5653 NOTAE.

582 5680 650 5734 44
660 5680 708 5749 4)
731 5678 1139 5740 Flandreusem.

546 5750 709 5821 ’(445)
736 5750 1049 5808 Mundensis.

2182 4576 2303 4614 rum
2330 4602 2345 4627 ,
2397 4570 2451 4616 et
2506 4562 2795 4617 domorum
2848 4564 3057 4635 tegulas
3102 4564 3519 4638 confregerunt;
3576 4569 3758 4640 stipula

2180 4668 2421 4724 quoque,
2450 4670 2558 4725 que
2586 4654 2642 4708 in
2676 4654 2822 4725 agris
2850 4663 3209 4722 remanserat,
3233 4657 3308 4711 ita
3336 4662 3454 4713 erat
3504 4658 3681 4715 fetcns
3713 4666 3760 4711 et

2180 4744 2413 4812 inutilis,
2450 4756 2509 4800 ut
2530 4761 2630 4802 nec
2660 4746 2838 4817 pastui
2868 4755 3017 4802 esset
3047 4758 3171 4819 apta
3203 4749 3415 4805 bestiis.
3445 4747 3597 4807 Obiit
3621 4751 3759 4806 Gau-

2180 4836 2357 4893 fridus
2388 4854 2575 4893 comes
2601 4839 2901 4905 Britannic,
2939 4839 3085 4895 illius
3114 4838 3333 4896 llcnrici
3374 4842 3519 4913 regis
3554 4844 3755 4913 Anglic.

2186 4931 2267 4986 l5.
2302 4929 2421 4985 Kal.
2455 4930 2574 4987 Oct.
2603 4932 2825 5002 quando
2849 4932 2930 4987 sol
2953 4941 3062 4987 stat
3085 4932 3141 4987 iu
3162 4931 3380 5000 libram,
3413 4937 3598 5007 magni
3622 4932 3757 4990 venti

2179 5024 2480 5093 periculum
2511 5030 2670 5081 antea
2700 5027 3081 5097 prophetatum
3109 5042 3207 5097 per
3232 5027 3327 5083 Dei
3367 5031 3599 5102 gratiam
3642 5046 3758 5086 eva-

2179 5114 2375 5171 simus.
2406 5115 2613 5171 Futura
2642 5117 2789 5173 enim
2839 5133 3002 5173 nemo
3031 5119 3181 5173 novit
3209 5116 3317 5174 nisi
3362 5120 3528 5188 Deus,
3582 5131 3637 5177 et
3675 5120 3757 5175 cui

2180 5205 2296 5277 ipse
2325 5206 2582 5280 dignatus
2606 5206 2772 5263 fuerit
2795 5208 3055 5264 revelare.
3082 5204 3192 5265 Nec
3213 5210 3389 5281 ipsius
3410 5219 3472 5266 ut
3492 5213 3755 5269 credimus

2181 5298 2401 5371 sapiens
2422 5300 2713 5372 dispositio
2737 5300 2983 5372 subjecta
3026 5311 3111 5358 cst
3139 5303 3304 5358 alicui
3343 5305 3619 5377 astrologo
3663 5312 3755 5358 nec

1801 5406 2034 5467 VARIE
2077 5410 2481 5477 LECTIONES.

2277 5701 2406 5773 HG)
2442 5693 2565 5749 llaec
2591 5695 2768 5751 fusius
2800 5705 2986 5751 narrat
3008 5694 3351 5751 Gislcbcrtus
3376 5710 3429 5767 p.
3460 5695 3576 5749 143.

2389 5786 2403 5801 κ
