3934 6316
171 338 265 395 3‘25

1010 322 1377 392 CHRONIGA.
1419 347 1490 375 ι-
1524 317 1995 392 οοΝΤιΝυΑτιο
2031 334 2539 405 AQUICINCTINA.

3304 355 3413 416 338

162 458 412 520 Toletano
451 442 881 508 nichromantico
922 448 1094 522 (117).
1140 446 1425 504 Vindemia
1482 448 1538 502 in
1582 448 1723 520 pago
1750 449 1800 511 Α
1826 445 2018 505 fertur.
2053 440 2170 506 Rex
2191 452 2407 523 capitur
2429 460 2486 508 et
2512 468 2708 512 omnes
2735 458 3010 533 principes
3039 473 3136 523 aut
3154 471 3415 530 deciduiiv

160 545 463 607 Belvacensi
494 551 549 600 et
587 535 939 599 Noviomensi
960 556 1058 612 per
1101 550 1479 612 tempestatem
1526 556 1725 611 supra-

159 643 404 711 scriptam
428 645 543 693 tota
572 650 709 707 pene
730 633 964 705 perdita,
991 649 1101 689 non
1125 635 1304 690 solum
1332 633 1388 687 in
1434 633 1523 689 his
1560 633 1721 703 locis,

158 732 241 790 sed
266 730 431 786 etiam
458 728 518 782 in
551 724 713 781 Arida
743 724 1030 780 Gamantia
1076 724 1225 797 (448)
1269 725 1356 779 vel
1378 722 1633 791 Humida,
1666 724 1724 780 in

158 822 407 879 comitatu
428 832 650 892 quoque
675 811 1099 874 Ostrevandensi
1116 825 1170 872 et
1185 815 1478 872 Hainoensi
1506 825 1592 883 ;et
1606 815 1724 872 ubi-

154 929 385 986 cumque
405 911 675 977 transivit,
699 908 877 965 ﬂenda
905 913 960 964 et
980 909 1210 965 dolenda
1229 909 1450 979 reliquit
1468 907 1717 979 vestigia.

218 1002 368 1058 1187.
422 1001 778 1057 lacrimabilis
820 1000 1001 1056 nobis.
1193 999 1259 1055 Β.
1295 1001 1384 1057 35.
1562 1000 1624 1056 F.
1668 1000 1720 1056 7.

154 1094 213 1149 A.
247 1094 333 1149 55.
524 1091 589 1149 Η.
631 1093 717 1149 11.
1714 1088 1719 1093 ”

216 1186 368 1240 Anno
409 1184 628 1240 Domini
663 1184 823 1252 1187,
850 1198 997 1240 anno
1038 1183 1129 1239 26.
1168 1184 1442 1240 Frederici
1488 1184 1723 1257 impera-

155 1274 296 1340 toris,
330 1280 385 1328 et
410 1272 461 1327 7.
489 1272 725 1344 Philippi
754 1272 1093 1330 Francorum
1124 1275 1286 1347 regis,
1308 1280 1474 1345 porro
1500 1273 1722 1330 Henrici

156 1366 433 1435 Anglorum
459 1366 605 1437 regis
630 1365 718 1432 55,
752 1365 1197 1437 incomparabilis
1225 1367 1381 1423 dolor
1404 1376 1459 1423 et
1490 1367 1721 1422 tristicia

156 1455 422 1512 ineli‘abilis
449 1456 704 1513 universe
732 1458 928 1513 accidit
951 1459 1358 1515 Christianitati.
1410 1458 1547 1514 Nam
1599 1459 1722 1515 8³1-

156 1550 307 1605 duino
324 1563 450 1621 rege
479 1548 961 1606 lherosolimorum
994 1552 1107 1607 lilio
1133 1552 1396 1607 Amalrici
1438 1551 1718 1622 defuncto,

155 1639 399 1695 successit
421 1641 472 1695 ei
496 1638 797 1703 Balduinus
823 1656 978 1711 puer,
1017 1643 1139 1713 ejus
1178 1658 1247 1697 ex
1292 1657 1483 1698 sorore
1526 1657 1716 1712 nepos,

1832 547 1921 633 tur
1947 542 2033 597 vel
2065 541 2378 613 capiuntur,
2406 545 2602 618 vulgus
2649 548 3052 612 innumerabile
3097 560 3405 633 perimitur.

1830 628 2031 727 §icque
2056 635 2208 691 omni
2232 645 2376 693 terra
2397 653 2536 709 pene
2564 655 2594 694 a
2618 641 2735 697 suis
2754 628 3134 708 defensoribus
3154 644 3408 727 vacuata;

1829 722 2192 783 Salahadinus
2250 736 2451 785 terram
2500 733 2871 804 perambulat,
2926 738 3171 803 civitates
3229 722 3406 818 capit';

1826 817 2048 875 castella
2094 827 2191 875 aut
2236 820 2341 876 sibi
2389 823 2587 880 retinet
2636 836 2731 882 aut
2752 826 3022 899 destruit,
3072 817 3407 898 monastemt

1824 910 2037 977 evertit,
2068 914 2389 981 monachos,
2436 916 2791 989 presbiteros,
2834 922 3065 981 clericos
3120 926 3401 999 interﬁcit,

1824 1000 2273 1060 sanctimoniales
2299 1004 2625 1063 dehonestat
2647 1016 2702 1063 et
2731 1011 2952 1067 occidit.
2990 1011 3106 1069 Rex
3147 1032 3274 1072 cum
3310 1033 3406 1074 ce-

1823 1091 1958 1147 teris
1980 1092 2210 1163 captivis
2233 1102 2290 1150 et
2312 1110 2477 1152 cruce
2509 1096 2785 1155 dominica
2809 1099 3137 1158 Damascum
3160 1103 3405 1176 ducitur;

1821 1181 2093 1251 Armenii,
2122 1183 2303 1254 Greei,
2341 1187 2648 1256 christiani,
2676 1204 2876 1262 magno
2918 1193 3046 1247 dato
3073 1196 3193 1249 auri
3218 1199 3406 1266 precio

1823 1274 2175 1344 sepulchrum
2220 1275 2436 1332 Domini
2468 1294 2594 1333 cum
2644 1296 2744 1336 sua
2795 1281 3025 1338 ecclesia
3079 1290 3134 1339 et
3190 1284 3409 1344 Domini

1822 1367 2085 1436 templum
2110 1383 2140 1422 a
2166 1365 2498 1425 Salahadino
2521 1371 2892 1429 redemerunt.
2923 1367 3016 1429 liae
3041 1391 3170 1432 sunt
3211 1378 3407 1434 civita-

1821 1465 1926 1525 tes,
1954 1459 2050 1530 qui
2076 1460 2392 1517 christianis
2440 1473 2865 1520 remanserunt:
2902 1465 3191 1524 Antiochia
3225 1469 3405 1542 Syrio,-

1822 1550 2142 1608 t‘ortitudine
2170 1553 2435 1624 principis
2466 1555 2552 1611 sui
2577 1564 2633 1611 et
2656 1556 3079 1614 inhabitantium
3096 1562 3405 1630 custodita;

1822 1641 2000 1714 Tyrus
2029 1644 2226 1699 civitas
2256 1644 2496 1712 Fenicie,
2530 1662 2627 1716 per
2664 1648 2989 1704 industriam
3021 1649 3117 1703 lilii
3140 1651 3405 1707 marchisi

154 1732 284 1787 ﬁlius
313 1730 574 1786 Willelmi
598 1732 860 1788 marcbisi
887 1734 955 1789 de
978 1733 1316 1802 Moutl‘errat,
1346 1751 1511 1804 quem
1552 1750 1719 1804 supra
1755 1805 1784 1808 _
1820 1732 1888 1787 de
1915 1731 2256 1801 Montl'errat,
2287 1731 2476 1791 fratris
2506 1734 2787 1804 Willelmi,
2811 1754 2974 1808 quem
3005 1755 3172 1808 supra
3207 1740 3402 1794 retulié

154 1824 374 1879 diximus
394 1838 612 1879 veneno
640 1824 963 1880 extinctum.
994 1824 1184 1881 Tutela
1211 1826 1363 1896 pueri
1396 1835 1450 1881 et
1478 1828 1630 1899 regni
1652 1842 1719 1881 ex
1754 1805 1795 1860 Β
1820 1839 1945 1880 mus
1966 1825 2268 1880 extinctum
2297 1842 2528 1895 veneno,
2559 1836 2804 1896 retenta;
2834 1828 3071 1900 Tripolis
3106 1831 3273 1886 etiam
3308 1847 3408 1901 per

155 1914 367 1969 consilio
391 1915 692 1984 primatum
734 1916 901 1971 totius
928 1917 1205 1986 provincic
1232 1918 1594 1973 committitur
1624 1934 1720 1973 eo-
1822 1915 2075 1971 comitem
2103 1924 2159 1971 et
2187 1916 2554 1974 inhabitantes
2580 1929 2814 1975 servata.
2839 1916 2987 1977 Obiit
3011 1930 3195 1978 comes
3208 1921 3406 1994 Tripo-

153 2003 254 2058 miti
286 2002 650 2075 Tripolitauo.
705 2004 878 2060 Mater
923 2016 1103 2061 autem
1146 2008 1300 2076 pueri
1356 2008 1490 2064 satis
1538 2017 1720 2065 astuta

153 2097 361 2154 extorsit
389 2113 421 2153 a
459 2099 773 2168 patriarcha
795 2107 850 2154 et
877 2100 1073 2155 ceteris
1097 2101 1435 2171 principibus
1459 2102 1631 2173 regni,
1661 2111 1719 2158 ut

1820 2007 2044 2073 litanus,
2074 2008 2242 2078 hujus
2264 2010 2392 2064 mali
2422 2010 2688 2067 incentor.
2766 2024 2767 2027 ‘

1892 2100 2147 2158 Urbanus
2176 2117 2314 2173 papa
2365 2119 2398 2159 a
2444 2101 2657 2161 Verona
2704 2105 2987 2173 secedens,
3017 2114 3072 2163 et
3113 2106 3397 2163 Venetiam

151 2188 191 2243 si
217 2204 341 2258 puer
362 2190 652 2246 decederet
674 2200 850 2248 morte
881 2192 1194 2260 immatura,
1250 2193 1355 2248 sibi
1398 2193 1723 2249 redderetur
1818 2193 1898 2247 ire
1931 2193 2247 2264 disponens,
2297 2196 2440 2265 apud
2484 2194 2792 2252 Ferrariam
2823 2198 2970 2254 venit
2997 2199 3290 2254 civitatem.
3325 2198 3405 2254 lbi

151 2283 328 2336 'corona
349 2282 519 2354 regia.
552 2281 852 2337 Balduinus
872 2298 968 2338 rex
997 2282 1479 2340 lherosolimorum
1501 2286 1604 2340 sub
1626 2293 1717 2340 tu;-

151 2371 238 2427 tela
260 2373 473 2429 comitis
519 2362 848 2444 Tripolitani
877 2376 1152 2444 moritur;
1206 2384 1380 2431 mater
1422 2393 1556 2432 vero
1595 2377 1718 2448 ejus

151 2464 402 2520 comitissa
431 2465 501 2520 de
531 2464 726 2537 Joppe,
750 2484 780 2521 a
798 2468 1113 2538 patriarcha
1142 2476 1196 2524 et
1229 2469 1496 2524 militibus
1529 2471 1714 2541 templi

151 2563 195 2609 et
227 2555 503 2627 hospitalis
539 2566 596 2613 et
630 2558 826 2615 ceteris
860 2561 1140 2630 provincie
1184 2561 1521 2631 primoribus
1558 2580 1716 2619 coro-

151 2658 257 2700 nam
282 2646 430 2718 regni
454 2647 562 2702 sibi
588 2647 918 2705 hereditario
947 2651 1073 2722 jure
1120 2660 1522 2722 competentem
1546 2670 1715 2724 expe-

151 2738 238 2793 tiit.
259 2736 370 2807 Qua
404 2749 646 2811 recepta,
667 2742 833 2812 capiti
856 2743 960 2797 viri
992 2744 1077 2797 sui
1106 2742 1375 2799 Cuidonis
1400 2746 1619 2802 comitis
1647 2746 1715 2803 de

151 2827 298 2900 Joppe
326 2831 610 2901 imposuit.
641 2831 693 2887 ls
723 2834 867 2887 enim
894 2832 1056 2889 Wido
1093 2843 1211 2890 erat
1250 2850 1448 2907 genere
1484 2836 1716 2906 Aquita-

152 2928 258 2989 nus,
278 2924 342 2979 de
368 2926 599 2980 castello
623 2925 915 2982 Lesinionc
936 2927 1151 2998 (.149),a
1172 2928 1381 2983 semine
1402 2929 1553 3000 regio
1584 2928 1715 2984 alie-

151 3028 252 3069 nus.
305 3014 459 3082 Quod
503 3016 715 3073 factum
777 3020 966 3075 multis
1018 3020 1362 3089 principibus
1411 3021 1709 3091 displicuit,

1818 2284 2004 2339 audito
2026 2285 2177 2356 gravi
2204 2286 2408 2343 nuncio
2435 2288 2504 2343 de
2534 2287 2840 2358 perditione
2864 2290 3228 2345 transmarine
3252 2289 3405 2346 cirri-

1819 2375 2135 2443 stianitatis,
2178 2376 2233 2431 in
2287 2376 2660 2433 inﬁrmitatem
2708 2377 2909 2434 decidit
2938 2378 3082 2450 (Oct.
3124 2379 3237 2449 19).
3281 2377 3406 2447 Quo

1817 2476 2038 2523 mortuo
2071 2477 2125 2524 et
2167 2467 2365 2524 ibidem
2408 2470 2700 2537 tumulato,
2743 2469 2988 2526 succedit
3021 2469 3071 2526 ei
3107 2470 3405 2528 Autbertus

1816 2562 2180 2619 cancellarius
2223 2563 2368 2634 ejus,
2405 2563 2500 2634 qui
2532 2560 2762 2623 alteran
2797 2562 3022 2618 nomine
3058 2571 3288 2619 vocatus
3316 2571 3405 2619 est

1815 2654 2113 2727 Gregorius
2139 2653 2276 2724 Vill,
2313 2672 2451 2726 papa
2496 2654 2764 2711 171nm.
2808 2654 2913 2722 Qui
2947 2665 3071 2725 post
3104 2670 3403 2710 consecra~

1814 2747 2020 2802 tionem
2050 2756 2206 2804 suam
2239 2746 2472 2803 Romam
2499 2748 2578 2802 ire
2605 2747 2925 2818 disponens,
2959 2748 3013 2801 in
3052 2747 3174 2818 ipso
3205 2747 3404 2803 itinere

1813 2835 2006 2894 Januis
2032 2839 2267 2893 moritur
2297 2838 2445 2909 (Dec.
2498 2839 2610 2909 17),-
2642 2847 2698 2894 et
2737 2847 2861 2908 post
2907 2839 3253 2910 septuaginta
3282 2839 3401 2896 dies

1813 2926 2106 2982 sacerdotii
2139 2927 2228 2982 sui
2254 2928 2326 2983 ibi
2363 2927 2419 2982 in
2464 2928 2696 2999 ecclesia
2725 2928 2881 2983 beate
2921 2927 3093 2983 Marie
3120 2928 3400 2998 sepelitur.

1812 3016 1916 3097 Cui
1945 3019 2191 3075 succedit
2209 3019 2411 3097 Paulus
2433 3019 2791 3075 Prcnestinns
2818 3019 3132 3090 episcopus,
3155 3020 3251 3090 qui
3279 3035 3405 3074 mue

150 3105 359 3162 maxime
414 3108 608 3162 comiti
653 3107 1014 3179 Tripolitano.
1060 3108 1177 3165 Rex
1239 3126 1371 3166 vero
1426 3112 1711 3183 prodictus
1739 3150 1782 3210 C
1817 3119 1927 3166 tato
1949 3113 2171 3167 nomine
2200 3096 2429 3169 vocatur
2456 3111 2712 3168 Clemens
2742 3110 2831 3178 lli,
2863 3112 2919 3165 in
2950 3109 3398 3199 ordinepontiti—

150 3207 255 3247 cum
280 3195 585 3251 homiuium
606 3199 913 3267 requireret
938 3214 968 3252 a
990 3197 1202 3268 prefato
1226 3199 1447 3265 comite,
1466 3201 1518 3255 ei
1541 3201 1710 3257 dene-

149 3287 300 3355 gavit;
334 3287 560 3360 insuper
593 3299 647 3345 et
676 3289 1068 3346 Salahadinum
1094 3306 1277 3362 regem
1320 3289 1614 3363 Babylonis
1658 3301 1713 3349 et

151 3376 421 3448 principem
451 3380 713 3436 Damasci
738 3395 905 3451 super
946 3398 1072 3437 cum
1122 3382 1393 3450 invitavit,
1437 3390 1492 3437 ct
1533 3382 1713 3438 fmdus

149 3469 294 3536 pacis,
322 3472 462 3542 quod
488 3488 621 3528 eum
649 3472 964 3527 ehristianis
984 3489 1082 3543 per
1121 3475 1263 3529 duos
1285 3487 1463 3529 annos
1488 3474 1704 3545 pepige-

150 3568 237 3625 rat,
257 3562 595 3635 disrumpere
628 3563 774 3619 l'ecit.
803 3562 1170 3620 Salahadinus
1199 3565 1384 3620 audita
1405 3581 1597 3621 eorum
1625 3566 1713 3620 di-
1812 3578 1813 3581 ‘

149 3652 333 3706 Scbrdia
362 3655 584 3724 gavisus
608 3661 712 3721 est,
738 3663 793 3709 et
814 3663 1097 3710 contracto
1126 3655 1518 3725 undecumque
1567 3652 1709 3709 Tur-

150 3748 310 3795 corum
360 3751 413 3798 et
475 3743 912 3800 Sarracenorum
975 3744 1361 3823 innumerabili
1419 3745 1662 3800 exercitu
1692 3787 1707 3812 ,

150 3839 254 3886 ante
282 3849 516 3890 mensem
551 3836 859 3907 Augustum
886 3852 1055 3907 prope
1095 3845 1337 3891 montem
1366 3831 1590 3891 Thahor
1617 3852 1711 3893 ca-

150 3926 244 3978 stra
268 3925 478 3982 locavit.
509 3926 694 3983 Guido
725 3936 909 3983 autem
953 3943 1072 3994 rex,
1107 3936 1441 4000 congregato
1463 3928 1709 3984 exercitu

149 4012 546 4074 christianorum
569 4020 977 4090 comparatione
998 4034 1334 4090 paganorum
1357 4020 1708 4090 parvissima,

146 4102 275 4171 juxta
301 4109 573 4166 civitatem
594 4109 863 4166 Nazaretb
890 4113 1120 4165 tentoria
1144 4109 1280 4165 ﬁxit.
1301 4109 1500 4168 Comes
1526 4121 1708 4167 autem

149 4192 665 4268 Tripolitanus,‘facti
688 4203 960 4273 peniteus,
989 4203 1058 4257 ad
1091 4217 1274 4274 regem
1300 4202 1487 4269 venit;
1529 4211 1583 4259 ct
1628 4202 1709 4259 vl-

148 4283 259 4341 dens
279 4292 573 4347 exercitum
590 4292 1021 4348 Christianorum
1040 4293 1367 4363 imparatum
1381 4302 1436 4348 et
1452 4288 1705 4363 parvum,

150 4379 404 4437 consilium
428 4383 526 4438 dat
549 4384 686 4454 regi,
718 4392 777 4438 ut
803 4384 871 4439 ad
905 4392 1120 4454 tempus
1149 4384 1386 4450 recedat,
1422 4392 1477 4438 et
1511 4384 1706 4441 civita-

1814 3218 1938 3259 cum
1964 3204 2227 3259 {72"8‘".
2260 3203 2570 3259 llicbardus
2601 3198 2894 3274 Aquitanie
2928 3201 3061 3267 dux,
3086 3194 3231 3257 illius
3256 3200 3401 3257 Hem

1813 3294 1913 3349 rici
1966 3295 2265 3364 Anglorum
2315 3294 2481 3365 regis,
2513 3294 2772 3366 iujuriam
2817 3294 3093 3365 sepulchri
3136 3292 3401 3349 dominici

1811 3386 2206 3451 vindicaturus,
2229 3385 2441 3456 primus
2463 3387 2709 3440 omnium
2733 3385 3038 3456 principum
3069 3382 3403 3454 reguiFram

1812 3492 2002 3534 corum
2028 3493 2246 3533 crucem
2277 3467 2530 3543 assumit,
2562 3487 2689 3531 ante
2715 3476 2951 3531 natalem
2977 3474 3216 3554 Domini.

1919 3567 2076 3624 uss.
2198 3552 2199 3557 ‘
2288 3566 2431 3623 .56.
2678 3566 2732 3621 8.
2974 3566 3066 3622 δι.
3170 3552 3176 3554 “
3275 3564 3328 3622 1.

1811 3659 1937 3716 Post
1966 3659 2302 3717 nativitatem
2328 3657 2567 3727 Domini,
2599 3656 2883 3729 Philippus
2919 3672 3010 3712 rex
3056 3655 3399 3713 Francorum

1809 3752 2162 3812 et‘llenricus
2195 3771 2288 3811 rex
2341 3756 2644 3825 Anglorum
2691 3766 2747 3809 c'.‘
2792 3750 3058 3809 Henricus
3107 3751 3400 3823 episcOpus

1804 3847 2156 3913 'Albaneusis,
2208 3847 2417 3918 legatus
2465 3846 2768 3915 Romanus,
2824 3855 2880 3903 et
2931 3844 3090 3900 multi
3139 3843 3232 3900 alii
3281 3854 3395 3899 tam

1809 3932 2069 4009 episcopi,
2097 3954 2262 4010 quam
2287 3939 2455 3995 duces
2479 3948 2534 3994 et
2555 3939 2803 4005 comites,
2836 3938 2892 3992 in
2919 3937 3160 4017 marchis
3183 3936 3394 3991 utrius-

1809 4046 1916 4101 que
1963 4031 2112 4102 regni
2167 4040 2569 4098 cuin'encrunt;
2609 4031 2698 4086 ubi
2741 4031 2882 4085 inter
2915 4045 3012 4085 eos
3054 4029 3123 4084 de
3162 4028 3398 4083 diversis

1807 4122 1993 4179 causis
2036 4130 2167 4178 sunt
2215 4128 2445 4179 tractata
2501 4122 2740 4188 diversa,
2779 4119 3018 4177 maxime
3063 4119 3131 4175 de
3162 4111 3393 4175 ecclesia

1805 4215 2196 4270 transmarina.
2238 4215 2415 4271 Ambo
2474 4231 2628 4286 reges
2676 4219 2803 4269 cum
2864 4212 3052 4278 multis
3102 4211 3194 4267 sui
3238 4209 3394 4280 regni

1806 4307 2167 4378 principibus,
2190 4308 2461 4379 episcopis
2484 4319 2538 4363 et
2558 4304 3136 4374 militibus,nobilibus
3159 4311 3213 4358 et
3238 4304 3396 4374 igno-

1807 4396 2031 4467 bilibus,
2086 4409 2235 4456 trans
2288 4416 2442 4455 mare
2484 4398 2804 4470 profeeturi,
2856 4410 3046 4453 cruces
3094 4393 3391 4464 accipiunt.

147 4479 215 4526 tes
242 4484 289 4529 et
307 4478 524 4533 castella
557 4478 729 4533 tutius
764 4478 917 4549 regni
945 4479 1179 4533 muniat.
1219 4477 1322 4533 Cui
1354 4493 1451 4534 rex
1480 4478 1704 4536 minimc
1733 4499 1781 4561 ι)
1810 4489 2114 4546 llichardus
2154 4492 2448 4562 Aquitanie
2475 4492 2588 4546 dux
2626 4489 2858 4561 insurgit
2884 4495 3076 4544 contra
3106 4484 3391 4541 dominum

149 4567 401 4634 acquievit.
433 4570 638 4627 Comes
667 4578 852 4626 autem
897 4570 1092 4644 statim.
1120 4586 1245 4625 cum
1289 4571 1407 4626 suis
1448 4571 1572 4625 inde
1616 4587 1702 4627 rc-

149 4657 305 4723 cessit,
333 4669 385 4716 et
413 4671 620 4717 terram
658 4677 815 4717 suam
840 4661 1075 4717 munivit
1092 4670 1148 4716 et
1177 4662 1489 4718 custodivit.
1524 4662 1702 4719 Cuido

148 4758 257 4801 vero
281 4765 369 4806 rex
392 4754 637 4809 nondum
661 4754 1022 4809 duo'menses
1046 4753 1101 4807 in
1132 4768 1304 4824 regno
1338 4763 1696 4826 transegerat.

149 4830 292 4892 initur
336 4842 540 4899 bellum
589 4845 922 4915 miserabile,
974 4857 1029 4903 ct
1073 4848 1328 4904 omnibus
1370 4850 1701 4906 Christicolis

148 4925 279 4981 valde
303 4930 669 4991 lamentabile.
718 4936 1104 4993 Bcthleemites
1156 4938 1447 5010 episcopus
1492 4940 1702 4996 ferebat

151 5028 335 5076 crucem
362 5025 735 5095 dominicam;
763 5029 819 5084 in
853 5044 965 5100 quo
992 5030 1249 5085 conﬂictu
1282 5031 1400 5101 ipse
1443 5034 1702 5090 sacerdos

151 5108 400 5182 occiditur,
425 5132 559 5172 crux
581 5119 857 5175 dominica
889 5137 919 5175 a
943 5124 1170 5192 paganis
1192 5120 1463 5189 aufertur,
1487 5132 1541 5177 et
1562 5124 1696 5179 heu!

152 5202 381 5263 translata
406 5217 490 5264 est
518 5210 693 5281 gloria
718 5211 789 5267 ab
809 5210 996 5281 Israel,
1027 5221 1088 5268 ut
1120 5211 1188 5268 de
1217 5228 1343 5269 arca
1365 5211 1588 5268 Domini
1613 5231 1700 5270 re-

1806 4600 1966 4639 suum
1990 4598 2171 4655 regem
2196 4583 2555 4639 Francorum.
2576 4582 2748 4649 Quem
2780 4596 2877 4637 rex
2900 4579 3033 4634 toﬁs
3058 4577 3269 4633 viribus
3297 4592 3393 4632 ρει.

1805 4675 2031 4747 cipiens,
2076 4677 2340 4748 compulit
2370 4677 2435 4731 ad
2463 4675 2817 4731 deditionem.
2860 4671 3002 4726 Pace
3035 4677 3218 4724 autem
3248 4667 3394 4723 inter

1805 4778 1900 4818 eos
1951 4765 2186 4831 lii-mata,
2240 4775 2435 4822 contra
2493 4763 2790 4819 llenricum
2845 4774 3029 4833 regem
3086 4758 3394 4830 Anglorum

1805 4856 2104 4911 exercitum
2151 4858 2381 4923 ducunt,
2413 4869 2468 4912 et
2510 4857 2632 4926 ejus
2680 4856 2904 4912 castelta
2930 4850 3198 4922 diripiunt
3225 4857 3281 4904 et
3309 4850 3395 4904 in-

1805 4947 2070 5013 cendunt;
2116 4963 2240 5002 nam
2287 4963 2502 5018 semper
2524 4947 2861 5002 Francorum
2913 4943 3133 5015 regibus
3173 4937 3395 4996 rebellis

1800 5029 2056 5093 extiterat
2085 5038 2273 5109 (Hart.
2303 5040 2418 5112 27).
2440 5040 2722 5096 Dominiea
2745 5039 2925 5094 media
2950 5032 3388 5107 quadragesime,

1802 5129 1944 5197 apud
1978 5129 2376 5201 Maguntiacum
2411 5132 2648 5204 generali
2679 5131 3206 5199 curia‘congrcgata,
3250 5120 3383 5221 Frc-

1803 5217 2023 5274 dericus
2066 5221 2361 5291 imperator
2408 5239 2536 5278 cum
2582 5222 2772 5279 multis
2813 5217 3087 5291 episconis
3132 5223 3185 5270 et
3218 5217 3388 5267 totius

1388 5323 1619 5382 VARUS
1659 5327 2043 5388 LECTIONES

208 5404 268 5441 “'
290 5408 561 5472 CLXXXI.
594 5416 711 5472 cod.
787 5416 856 5450 ⁸⁸⁷
885 5414 1194 5472 CLXXXII.
1223 5417 1345 5473 cod.

1606 5526 1841 5586 NOTAE.

209 5607 339 5692 (44:7)
355 5613 545 5692 _l_nnuit
564 5617 1068 5692 vaticinium,quod
1089 5618 1289 5691 legitur
1315 5618 1465 5691 apud
1492 5617 1709 5677 Rober-

157 5682 249 5732 tum
268 5682 329 5738 de
353 5684 527 5745 Monte
556 5706 606 5745 a.
637 5690 794 5747 1179.

214 5746 343 5826 (“8)
368 5754 486 5814 Est
521 5761 655 5817 silva
718 5761 773 5817 in
830 5775 971 5833 pago
1049 5760 1412 5819 Atrebatensi.
1460 5758 1696 5820 Humida

1817 5620 2104 5694 Gamantia
2132 5620 2358 5694 inferior
2381 5621 2501 5694 ejus
2531 5636 2659 5679 cars
2685 5620 2791 5679 erit
2807 5620 2877 5678 ad
2899 5618 3206 5679 Sambram.

1870 5693 2019 5764 (449)
2044 5692 2344 5765 Lusignan.
2413 5692 2423 5694 ἡ
3210 5704 3215 5709 “
