4012 6442
483 337 602 392 527

1690 322 2048 384 SIGEBERTI
2087 320 2616 379 GEMBLACENSIS

3684 327 3787 384 5‘28

496 449 650 522 regni
693 449 782 506 sui
825 446 1168 520 principibus
1214 453 1272 502 et
1312 443 1702 502 innumerabili
1741 440 2090 498 multitudine
2118 442 2166 500 Α
2196 439 2337 494 ultra
2372 455 2540 511 quam
2575 441 2722 496 credi
2759 451 2935 512 potest
2962 443 3339 510 contristatns,
3389 444 3445 499 in
3492 442 3787 501 infirmita-

497 541 966 597 Theutonicorum
989 555 1185 598 cruces
1215 546 1460 596 sumunt.
1493 537 1693 594 Comes
1723 533 2087 591 Namucensis

495 634 766 691 Henricus
792 634 961 690 filiam
993 647 1153 690 suam
1179 631 1422 698 unicam,
1450 631 1631 687 adhuc
1656 630 1969 692 lactentem,
1995 627 2089 682 dat

494 726 736 784 Henrico
763 723 953 782 00111111
991 722 1303 791 l‘recarum,
1333 732 1388 780 et
1412 739 1539 779 cum
1561 739 1627 778 ea
1653 730 1777 794 post
1801 736 1964 777 suum
1991 721 2088 778 de-

491 835 719 876 cessum
766 825 986 875 omnem
1039 827 1184 874 terre
1227 831 1328 874 sue
1379 817 1724 873 comitatum.
1782 813 2088 871 Balduinus

494 927 683 968 comes
713 910 1063 977 Haindensis,
1099 925 1167 965 ex
1204 923 1396 964 sorore
1437 923 1608 979 nepos
1641 907 1785 978 ejus,
1835 907 1940 963 hoc
1983 922 2087 962 au-

495 1001 655 1057 diens
681 1010 736 1056 et
765 1001 976 1066 videns,
1009 997 1264 1067 inddluit,
1317 999 1446 1070 quia
1493 1000 1728 1055 eundem
1765 1000 2087 1054 comitatum

495 1094 651 1149 valde
677 1093 983 1159 affectabat,
1008 1102 1064 1148 et
1084 1107 1184 1162 pro
1211 1107 1277 1147 eo
1321 1092 1672 1160 adipiscendo
1709 1086 1818 1147 tam
1854 1086 2090 1162 impera-

496 1187 604 1240 tori
627 1184 936 1251 Frederico,
965 1200 1133 1257 quam
1154 1184 1353 1240 ceteris
1385 1184 1453 1239 de
1481 1184 1656 1251 curia,
1686 1184 1889 1239 multas
1919 1183 2084 1240 dede-

494 1284 582 1332 rat
617 1277 901 1346 pecunias.
935 1275 1076 1332 Cum
1121 1291 1303 1332 autem
1336 1283 1464 1331 ante
1493 1291 1738 1332 mensem
1773 1267 2084 1347 Augustum

496 1369 552 1425 in
577 1385 776 1442 guerra
803 1370 946 1441 regis
974 1368 1314 1424 Francorum
1340 1365 1610 1424 Henricus
1633 1382 1819 1424 comes
1850 1367 2088 1424 Trecen-

495 1460 573 1517 sis
637 1461 1085 1516 inexcusabiliter
1137 1469 1439 1531 occupatus
1487 1468 1654 1527 esset,
1708 1470 1765 1515 et
1816 1458 2086 1517 Henricus

495 1566 682 1608 comes
735 1552 875 1608 lecto
927 1551 1300 1619 decumberet,
1348 1546 1650 1608 Balduinus
1701 1551 2086 1622 undecumque

496 1651 778 1698 contracto
825 1643 1093 1710 exercitu;
1121 1651 1368 1699 castrum
1404 1633 1577 1699 milite
1615 1644 1878 1699 nudatum
1905 1652 1960 1699 et
1989 1645 2086 1699 de-

496 1728 809 1787 fensoribus
862 1733 1198 1802 repperiens,
1247 1733 1670 1804 inexpugnabile
1699 1742 1941 1790 castrum
1979 1732 2089 1790 Na—
2119 1764 2153 1804 ,ς

497 1837 776 1888 mucense,
809 1831 871 1877 ut
904 1824 1222 1893 putabatur,
1248 1823 1468 1880 fortuna
1498 1825 1601 1880 sibi
1623 1826 1897 1881 arridente
1921 1827 2082 1897 cepit.

495 1911 767 1966 Mediante
801 1923 984 1967 autem
1034 1928 1225 1968 mense
1265 1913 1514 1983 Augusto
1544 1914 1685 1968 ultra
1715 1916 2083 1985 progreditur,

494 2012 550 2058 ct
569 2003 853 2059 castellum
884 2003 1250 2062 fortissimum
1279 2004 1771 2077 Βον11110118ομδυ)
1800 2007 2088 2064 011811110110

495 2093 738 2165 cingens,
767 2103 892 2164 post
918 2094 1062 2150 diem
1095 2094 1182 2150 15.
1213 2094 1444 2150 viriliter
1469 2095 1633 2165 cepit,
1655 2103 1710 2150 et
1731 2109 1948 2152 omnem
1973 2105 2086 2152 ter"-

495 2201 613 2240 ram
649 2185 785 2240 citra
820 2185 1027 2241 Mosam
1058 2186 1352 2242 comitatus
1374 2185 1736 2243 Namucensis
1759 2188 1863 2244 sibi
1894 2189 2085 2245 subdi-'-

493 2276 594 2332 dit.
626 2276 824 2334 Paucis
852 2294 981 2333 vero
1004 2278 1196 2334 diebus
1221 2279 1533 2346 transactis,
1557 2292 1742 2336 comes
1777 2279 2089 2337 Namucen—

493 2369 571 2424 sis
599 2369 897 2424 canonicos
921 2369 988 2425 de
1037 2370 1268 2425 ecclesia
1307 2369 1348 2423 F
1353 2370 1554 2426 10101110
1583 2371 1835 2441 ejicicns,
1895 2381 2087 2429 contra

493 2460 756 2530 impetum
801 2461 1050 2517 Baldnini
1109 2463 1394 2518 castellum
1452 2464 1558 2520 sibi
1597 2464 1746 2532 fecit,
1790 2479 1845 2522 et
1888 2467 2088 2525 milites

491 2567 620 2607 cum
652 2553 767 2608 suis
790 2552 1116 2610 satellitibus
1143 2554 1217 2610 ibi
1246 2555 1536 2612 constituit
1563 2557 1734 2629 (451).

601 2643 759 2699 1181).
904 2645 969 2700 li.
1002 2646 1090 2700 57.
1204 2645 1265 2701 F.
1307 2647 1360 2704 9.
1524 2647 1590 2704 A.
1629 2650 1720 2705 55.
1830 2649 1894 2707 H.
1924 2652 1978 2707 2.

491 2732 817 2791 Fredcricus
859 2737 1157 2808 imperator
1200 2753 1327 2795 cum
1373 2754 1475 2796 suo
1523 2741 1765 2798 exercitu
1817 2753 1940 2813 post
1970 2745 2088 2802 dies

493 2839 656 2894 pasce
683 2826 914 2897 arripuit
943 2828 1065 2895 iter,
1092 2837 1148 2884 et
1172 2845 1299 2884 cum
1335 2846 1536 2901 magno
1564 2833 1840 2888 exercitus
1867 2835 1951 2890 sui
1987 2835 2087 2891 de-

494 2917 752 2973 trimento
798 2920 1014 2975 transiit
1041 2936 1136 2990 per
1167 2919 1527 2994 Huugariam,
1569 2923 1820 2981 Traciam
1866 2936 1922 2983 et
1947 2927 2087 2986 Gre.

492 3007 657 3075 ciam,
689 3019 744 3064 et
775 3012 1018 3080 pervenit
1045 3028 1220 3083 usque
1261 3014 1330 3068 ad
1369 3014 1596 3070 ﬂuvium
1634 3015 1791 3090 Syrie
1835 3021 2088 3077 nomina-

493 3096 766 3191 tissimum
813 3099 1023 3156 Farfar.
1057 3102 1232 3157 Porro
1259 3106 1435 3160 nostri
1467 3106 1691 3174 milites,
1712 3106 1951 3166 Jacobus
1979 3112 2086 3168 801⁴
2113 3129 2156 3191 C

494 3185 620 3240 licet
641 3187 708 3242 de
745 3188 996 3254 Avcsnis,
1035 3189 1283 3248 Hellinus
1327 3193 1557 3264 dapifer,
1581 3205 1636 3252 et
1683 3199 1840 3253 multi
1880 3201 2087 3256 0111111-

493 3292 650 3332 verse
697 3278 982 3349 dignitatis
1006 3290 1063 3337 et
1085 3281 1317 3351 ordinis,
1346 3301 1442 3355 per
1469 3285 1725 3356 Apuliam
1747 3290 2083 3360 incedentes,

493 3383 646 3424 mare
674 3379 979 3440 transeunt,
1005 3383 1060 3429 et
1089 3376 1280 3431 urbem
1305 3377 1518 3446 Aehon,
1565 3395 1734 3450 quam
1772 3381 2088 3440 Tholomai-

492 3459 621 3513 dam
672 3462 955 3532 Scriptura
1016 3465 1200 3523 divina
1257 3477 1438 3537 vocat,
1493 3471 1779 3530 obsidione
1837 3475 2082 3549 cingunt.

495 3549 698 3611 Eodem
733 3564 973 3627 tempore
1007 3559 1143 3616 obiit
1172 3560 1483 3618 Willelmus
1535 3565 1624 3632 pie
1678 3568 1942 3622 memorie
1991 3583 2086 3623 rex

492 3643 708 3714 Apulie,
745 3648 1174 3707 Christianorum
1206 3656 1704 3710 transmarinorum
1731 3667 2006 3727 protector
2033 3669 2088 3716 et

491 3736 768 3808 defensor,
797 3741 1003 3812 absque
1030 3744 1258 3811 herede;
1283 3745 1400 3814 qui,
1433 3749 1777 3817 congregatis
1805 3749 1974 3804 totius
2001 3765 2088 3805 re-

493 3829 583 3899 gni
620 3831 704 3887 sui
736 3833 1098 3902 principibus,
1139 3835 1396 3890 heredem
1428 3837 1580 3908 regni
1611 3838 1862 3910 designat
1892 3839 2088 3897 Henri-

491 3934 620 3974 cum
652 3937 856 3992 regem,
889 3923 1061 3977 filium
1095 3923 1373 3982 Frederici
1422 3926 1789 3997 imperatoris,
1839 3931 1933 4000 qui
1965 3932 2086 4002 ejus

493 4011 722 4065 amitam
761 4013 997 4069 habebat
1044 4015 1101 4068 in
1151 4015 1429 4088 conjugio.
1472 4017 1578 4084 Qui
1607 4035 1799 4078 omnes
1828 4038 1954 4078 cum
1995 4039 2087 4080 8οά

492 4111 797 4167 cramento,
826 4104 929 4159 fide
954 4105 1300 4176 interposita,
1324 4111 1700 4179 promiserunt
1719 4129 1816 4169 sua
1839 4116 2086 4185 prediclo

493 4193 610 4266 regi
650 4195 791 4250 colla
845 4197 1242 4256 submissuros.
1305 4200 1439 4258 Post
1486 4213 1720 4260 mortem
1775 4221 1906 4262 vero
1941 4207 2086 4280 regis

495 4284 777 4354 Willelmi,
826 4288 987 4344 fidem
1041 4299 1097 4346 et
1135 4302 1564 4363 sacramentum,
1621 4297 1768 4368 quod
1821 4297 2082 4367 fecerant,

494 4380 969 4449 parvipendentes,
1023 4383 1297 4453 quendam
1353 4385 1726 4444 Trancredum
1761 4404 1828 4444 ex
1877 4391 2086 4447 semine

2190 541 2297 586 tem
2327 531 2545 588 decidit.
2587 531 2836 604 Cumque
2869 534 3014 606 apud
3051 537 3338 592 castellum
3377 536 3525 607 quod
3553 547 3788 594 vocatur

2187 623 2364 679 Cinon
2413 625 2673 694 venisset,
2723 628 2812 682 ubi
2845 643 2972 697 pars
3015 629 3402 684 thesaurorum
3436 628 3558 699 ejus
3590 638 3786 688 custo-

2187 715 2465 788 diebatur,
2495 717 2717 787 langore
2744 717 3174 789 ingravescente,
3208 720 3460 774 moritur.
3493 718 3604 786 Qui
3633 719 3781 790 apud

2187 803 2738 862 Ρο1110111⁸⁸⁸Ε11101111
2767 809 3111 878 deportatus,
3137 810 3222 864 t-ix
3252 804 3599 868 necessarios
3635 807 3791 866 sum;

2188 906 2314 970 ptus
2345 896 2432 954 ille
2462 895 2737 970 quondam
2771 891 2922 957 dives
2969 911 3025 956 et
3057 896 3351 973 prcpotcns
3401 897 3468 958 arl
3509 902 3787 975 sepelienL

2188 989 2318 1044 dum
2350 990 2578 1058 habens,
2626 992 2700 1047 ibi
2736 992 2794 1047 in
2837 995 3176 1056 monasterio
3207 995 3478 1066 virginum
3527 996 3782 1052 tumula-

2187 1094 2297 1141 tur.
2331 1085 2432 1140 Cui
2462 1087 2704 1142 succedit
2731 1086 3037 1144 Richardus
3059 1104 3244 1146 comes
3270 1089 3610 1161 Aquitanus,
3645 1091 3791 1146 filius

2187 1178 2327 1248 ejus.
2352 1177 2498 1234 Obiit
2518 1179 2674 1252 ilugo
2695 1181 3024 1236 castellanus
3035 1181 3468 1238 Cameracensis.
3497 1183 3789 1238 Elizabeth

2187 1260 2526 1325 Francorum
2562 1272 2783 1351 regina,
2836 1270 2970 1328 satis
3024 1268 3301 1344 religiosa“,
3348 1275 3414 1329 ad
3484 1274 3789 1328 Dominum

2189 1361 2444 1432 migravit
2496 1362 2686 1434 (Mart.
2744 1364 2877 1436 15),
2933 1373 2988 1419 01
3033 1381 3159 1420 011111
3219 1366 3392 1420 11111110
3439 1365 3791 1421 Francorum

2188 1453 2409 1524 planctu
2457 1455 2512 1509 in
2543 1456 2773 1512 ecclesia
2813 1457 2970 1512 beate
3019 1455 3187 1512 Marie
3213 1456 3459 1513 Parisins
3493 1459 3790 1528 sepelitur.

2188 1545 2395 1602 Civitas
2427 1547 2848 1614 Attrebateusis,
2889 1563 3016 1604 cum
3046 1548 3277 1603 ecclesia
3321 1549 3494 1604 sancti
3529 1547 3789 1617 Vcdasti',

2188 1634 2443 1692 1110οι11110
2482 1637 2870 1709 conflagratur.
2896 1710 2898 1712 ν

2437 1727 2659 1810 11911.)
2835 1727 2925 1784 58.
3051 1795 3054 1810 ί
3171 1729 3259 1784 111.
3513 1729 3570 1785 1.

2189 1818 2349 1874 Circa
2409 1805 2762 1875 festivitatem
2815 1821 2992 1876 sancti
3038 1805 3286 1888 Joannis,
3345 1820 3642 1892 Philippus
3700 1834 3792 1876 rex

2189 1910 2522 1966 Francorum
2566 1921 2621 1967 et
2659 1912 2968 1970 Richardus
3002 1929 3102 1968 .rex
3126 1905 3428 1985 Anglorum
3451 1923 3608 1969 trans
3639 1929 3797 1969 mare

2188 1999 2508 2070 profecturi,
2559 2002 2663 2058 iter
2709 2003 3008 2073 arripiunt;
3051 2019 3145 2058 rex
3185 2004 3518 2060 Francorum
3563 2004 3795 2074 portum

2188 2088 2363 2145 Janue
2389 2091 2626 2148 civitatis
2654 2093 2898 2162 expetiit,
2928 2102 2983 2148 et
3003 2108 3097 2148 rex
3126 2093 3426 2164 Anglorum
3474 2093 3793 2148 Massiliam

2190 2182 2356 2237 venit.
2413 2182 2595 2238 Pridie
2624 2179 2744 2238 Kal.
2797 2182 3053 2255 Augusti,
3106 2184 3391 2239 christiani
3436 2184 3533 2254 qui
3590 2184 3796 2242 Achon

2189 2275 2538 2339 obsederant,
2573 2274 2898 2332 inconsultis
2925 2275 3200 2332 exercitus
3241 2276 3605 2346 principibus,
3652 2275 3797 2333 1111⁵04

2189 2366 2367 2424 liciter
2410 2377 2792 2440 pugnaverunt
2845 2369 3109 2424 adversus
3153 2368 3571 2437 Salahadinum,
3619 2369 3796 2425 insti-

2189 2469 2350 2532 gante
2377 2475 2474 2517 eos
2518 2457 2740 2517 Elberto
2781 2450 3101 2532 presbiter'o,
3142 2460 3411 2516 Duaccnsi
3456 2462 3703 2527 decano,
3737 2469 3799 2517 ut

2189 2553 2423 2607 relatum
2459 2561 2544 2609 est
2573 2553 2735 2608 nobis
2765 2553 2834 2608 ab
2863 2554 2948 2608 his
2975 2554 3068 2624 qui
3102 2552 3485 2608 interfuerunt.
3517 2552 3597 2607 lbi
3633 2552 3794 2609 oeci-‘-

2191 2653 2287 2700 8118
2313 2654 2398 2700 081
2434 2645 2575 2701 idem
2603 2644 2879 2719 Elhertus;
2927 2655 2982 2701 et
3027 2644 3185 2700 multi
3236 2646 3326 2699 alii
3359 2661 3533 2716 usque
3570 2645 3647 2700 ad
3698 2650 3795 2702 sex

2190 2736 2340 2790 milia
2392 2736 2735 2792 interierunt.
2779 2736 2918 2792 Cum
2968 2751 3065 2792 rex
3107 2735 3444 2796 Francorum
3495 2736 3553 2790 in
3604 2736 3796 2792 Ianua

2189 2837 2411 2882 ventum
2441 2828 2508 2884 ad
2546 2825 3010 2884 transfretandum
3041 2837 3352 2899 expectaret
3385 2826 3598 2899 aptum,
3644 2825 3795 2900 qna-

2188 2918 2312 2974 dam
2338 2920 2426 2974 die
2476 2919 2532 2974 in
2556 2920 2747 2976 eadem
2775 2920 2996 2976 civitate
3023 2920 3207 2990 fulgur
3244 2921 3311 2975 110
3341 2921 3457 2975 0010
3481 2920 3796 2990 quinquies

2189 3010 2413 3076 cecidit;
2440 3011 2586 3078 quod
2609 3025 2790 3081 regem
2813 3011 2967 3065 valde
2989 3010 3301 3080 perterruit.
3328 3008 3573 3064 Tandem
3597 3009 3793 3064 omni—

2190 3103 2292 3157 bus
2319 3103 2644 3158 necessariis
2669 3100 2996 3174 prcp’aratis,
3031 3103 3087 3158 in
3126 3103 3214 3158 die
3252 3102 3570 3158 festivitatis
3601 3102 3793 3158 sancti

2189 3195 2469 3251 Laurentii
2491 3196 2681 3250 relicto
2705 3195 3224 3266 pdrtu,veliﬁcavit;
3257 3205 3492 3264 cumque
3508 3195 3789 3266 prospere

2187 3288 2529 3358 navigarent,
2558 3295 2613 3341 01
2646 3286 2762 3356 jam
2799 3286 2967 3341 multa
3019 3285 3188 3340 maris
3219 3286 3403 3355 spacia
3436 3287 3795 3342 1100810108-

2187 3388 2330 3446 80111,
2358 3387 2582 3449 repente
2608 3387 2806 3434 ventus
2839 3393 3070 3450 surgens
3115 3378 3448 3445 contrarius,
3477 3394 3674 3450 regem
3702 3393 3792 3434 reo

2185 3470 2506 3544 trogradare
2529 3471 2727 3542 coegit.
2761 3469 2926 3525 Multe
2957 3485 3124 3526 naves
3153 3469 3432 3526 confracte
3467 3477 3623 3537 sunt,
3657 3469 3793 3541 equi

2185 3563 2400 3629 amissi,
2433 3563 2800 3618 instrumenta
2848 3563 3048 3634 lignea,
3079 3544 3187 3633 que
3216 3577 3402 3618 secum
3449 3562 3696 3617 ducebat
3721 3561 3792 3617 ad

2188 3655 2480 3726 capiendas
2509 3655 2868 3722 munitiones,
2914 3663 3044 3710 sunt
3084 3653 3315 3725 perdita,
3357 3653 3571 3708 Milites
3615 3653 3794 3708 etiam

2187 3746 2346 3801 multi
2387 3747 2658 3803 submersi
2698 3756 2754 3803 et
2801 3747 3018 3818 perditi.
3051 3745 3251 3817 Sicque
3291 3761 3387 3801 rex
3433 3744 3794 3802 Francorum

2186 3851 2290 3891 suo
2323 3834 2620 3892 frustratus
2658 3830 2880 3903 conatu,
2912 3834 2966 3890 in
3006 3833 3258 3891 Messana
3308 3832 3504 3904 Apulie
3554 3833 3796 3889 civitate

2186 3941 2314 3982 cum
2348 3943 2474 3998 rege
2502 3927 2825 3998 Anglorum,
2863 3927 3157 3983 transitum
3195 3924 3475 3996 sequentis
3511 3924 3649 3979 anni
3701 3941 3798 3980 ex-

2186 4027 2414 4090 pectans
2450 4020 2668 4076 reseditt
2708 4019 2907 4075 Comes
2955 4027 3138 4074 autem
3183 4017 3439 4072 Flandrie
3495 4015 3795 4088 Philippus

2187 4113 2462 4168 mediante
2492 4111 2742 4184 Augusto
2772 4111 2923 4184 (452)
2953 4110 3232 4182 profectus
3279 4117 3383 4175 est,
3422 4117 3476 4163 et
3526 4109 3584 4164 in
3625 4107 3796 4164 Italia

2187 4205 2482 4277 byemavit.
2513 4205 2638 4276 Ipso
2665 4220 2810 4260 anno
2836 4220 3070 4275 magnus
3099 4203 3418 4260 christianis
3453 4201 3667 4258 nostris
3694 4215 3795 4258 ac;

2188 4297 2321 4353 cidit
2358 4297 2534 4354 dolor.
2584 4295 2723 4352 Nam
2753 4295 3080 4352 Fredericus
3123 4294 3409 4366 piissimus
3457 4294 3790 4364 imperator,

2187 4404 2315 4446 cum
2356 4389 2410 4444 in
2446 4387 2673 4444 flumine
2696 4387 2891 4442 Farfar
2931 4402 3101 4458 prope
3142 4385 3528 4440 Anthiochiam
3559 4384 3792 4439 lavandi

497 4470 646 4541 regio
671 4471 775 4528 sibi
806 4489 988 4545 regem
1023 4488 1366 4533 creaverunt.
1396 4479 1680 4551 Philippus
1716 4497 1810 4537 rex
1838 4481 2083 4540 1³1011οο-
2117 4477 2164 4536 D
2187 4487 2244 4535 et
2275 4476 2634 4549 refrigerandi
2679 4492 2846 4532 causa
2885 4484 3119 4543 nataret,
3148 4475 3464 4529 violentiam
3493 4489 3642 4544 aque
3674 4490 3793 4528 non

494 4577 640 4628 rum,
673 4576 958 4638 assumpto
991 4584 1180 4624 secum
1213 4569 1468 4642 Philippo
1513 4574 1714 4629 comite
1747 4573 2003 4632 Flandrie
2033 4583 2088 4632 et

495 4653 772 4716 Richardo
803 4661 1096 4732 Aquitanie
1125 4665 1344 4733 comite,
1378 4668 1602 4723 castella
1647 4677 1703 4723 et
1742 4669 1900 4725 villas
1929 4669 2086 4740 regni

495 4745 716 4805 chrici
776 4752 920 4823 regis
973 4753 1168 4826 Anglic
1217 4764 1272 4811 et
1325 4757 1569 4814 incendit
1601 4766 1657 4814 et
1691 4759 1944 4815 destruit.
1973 4759 2086 4816 Rex

493 4855 627 4896 vero
656 4841 848 4913 Anglie
883 4845 952 4900 ad
999 4848 1315 4904 conﬂictum
1359 4866 1470 4906 non
1511 4851 1818 4908 sustinebat
1844 4868 1960 4918 eos,
1989 4853 2083 4908 sed

495 4947 688 4988 eorum
719 4935 955 4992 adventu
987 4939 1192 5006 audito,
1223 4945 1384 5011 quasl
1415 4941 1632 5014 fugiens
1663 4942 1877 4999 deloco
1905 4943 1974 4998 ad
2000 4943 2084 4998 lo-

496 5039 623 5079 cum
659 5027 966 5084 secedebat.
1006 5029 1250 5098 Tandem
1298 5034 1670 5090 Cenomannis
1708 5035 1974 5106 pervenit.
2005 5034 2083 5091 lbi

495 5129 620 5170 eum
671 5133 764 5172 rex
797 5118 1129 5177 Francorum
1165 5132 1222 5179 et
1273 5123 1581 5182 Richardus
1614 5143 1802 5182 0011108
1850 5126 2082 5184 insecuti

494 5217 658 5276 sunt;
708 5210 804 5280 qui
856 5211 1190 5282 insperatum
1239 5231 1429 5273 eorum
1481 5217 1712 5274 audiens
1753 5217 2048 5274 adventum

2181 4570 2484 4636 sustinens,
2520 4577 2602 4624 ter
2643 4568 2698 4624 in
2724 4567 2970 4637 ejusdem
3021 4579 3162 4637 aque
3190 4564 3463 4636 profundo
3486 4565 3790 4619 demersus

2180 4673 2286 4732 est,
2302 4673 2502 4720 etcum
2527 4678 2725 4734 magno
2745 4661 2977 4716 militum
3007 4660 3194 4714 labore
3220 4658 3344 4714 inde
3372 4667 3455 4712 est
3473 4665 3787 4712 extractus.

2183 4754 2289 4823 Qui
2320 4754 2505 4812 triduo
2540 4752 2842 4823 supervixit
2867 4750 3121 4823 elinguis,
3150 4758 3205 4804 et
3237 4764 3467 4818 corpore
3498 4746 3791 4802 dominico

2187 4858 2411 4918 accepto
2442 4861 2567 4901 cum
2594 4860 2748 4901 sacra
2797 4843 3076 4906 unctione,
3108 4842 3252 4896 diem
3296 4841 3549 4894 ultimum
3581 4838 3793 4892 clausit

2190 4941 2342 5012 (Jun.
2371 4939 2480 5010 10).
2505 4938 2718 5007 Corpus
2747 4936 2868 5006 ejus
2898 4933 3179 4990 conditum
3207 4931 3566 4995 aromatibus,
3599 4928 3792 4982 adhuc

2187 5031 2522 5103 insepultum
2545 5026 2875 5084 custoditur.
2917 5024 3019 5080 Cui
3052 5023 3319 5080 successit
3345 5019 3400 5073 in
3430 5033 3596 5088 regno
3635 5015 3792 5070 Hen-

2184 5127 2336 5183 ricus
2365 5124 2512 5180 filius
2538 5122 2678 5192 ejus.
2712 5119 2880 5175 Porro
2907 5118 3209 5173 exercitum
3233 5115 3374 5185 ejus,
3405 5110 3500 5182 qui
3527 5111 3582 5165 in
3616 5107 3784 5180 Syria

2184 5224 2545 5272 remanserat.
2595 5212 2737 5268 rexit
2779 5210 3067 5268 Conradus
3113 5209 3226 5264 dux
3270 5206 3600 5270 Sucvorum,
3633 5201 3789 5257 ﬁlius

1775 5329 2009 5386 VARIE
2049 5325 2434 5387 LECTIONES

589 5411 658 5445 ⁸³³
687 5413 922 5471 frontem
953 5418 1070 5471 cod.

1987 5530 2220 5592 NOTE.

579 5619 717 5693 uso;
747 5621 922 5693 Prope
951 5621 1172 5677 Dinant.
1222 5588 1226 5592 ’

577 5691 950 5778 (ιὸέιληῖιξὶἰιιε
996 5695 1112 5778 fige
1132 5693 1317 5748 omnia
1345 5702 1530 5749 narrat
1557 5693 1762 5753 Cisleb.
1790 5709 1842 5766 p.
1884 5693 1976 5749 161
2007 5723 2064 5734 ο·-

502 5762 621 5820 166.
657 5762 776 5816 170.
809 5764 988 5817 1Ἱ“’-
1005 5763 1124 5818 186.

2183 5694 2207 5748 1
2262 5622 2412 5749 (:52)
2471 5621 2656 5680 Mense
2706 5619 3010 5694 Septembri
3057 5616 3363 5690 profectum
3412 5615 3546 5672 dicit
3601 5610 3788 5674 Gisia-

2205 5710 2278 5749 ‘02'
2307 5709 2389 5747 US.
2966 5745 2969 5747 _

2205 5709 2389 5751 terms.
2966 5745 2969 5747 _
