3934 6316
1028 368 1399 425 (lilIlONlCA.
1443 398 1511 405 -α
1548 360 2015 419 CON'I'INUATIO
2056 358 2555 428 AQHCINCTlNA.

3326 367 3431 420 330

148 487 378 569 ipsius,
428 483 581 539 miles
628 482 867 539 inclitus.
916 481 1060 537 Oaiit
1088 482 1362 536 livrardus
1392 480 1753 545 Torpucensis
1781 484 1826 542 Α
1859 477 2029 530 sancti
2053 476 2315 531 Johannis
2344 477 2620 547 Philippus
2643 491 2731 531 rex
2766 476 3099 533 Francorum
3122 489 3174 535 et
3202 478 3431 537 Richar’-
3470 454 3495 501 τ

136 575 484 645 cpiscopus.
524 572 580 626 ln
615 571 938 637 ebdomada,
974 588 1078 641 que
1122 571 1383 642 pI‘CCI‘SSll
1414 568 1748 622 nativitatem

134 664 529 729 dominicam,
575 662 776 719 factum
826 671 909 717 est
955 662 1184 732 prelium
1227 660 1279 714 in
1312 657 1579 731 llyspania
1613 658 1751 711 inter

153 772 323 829 rcges
348 755 749 827 llyspaniarum
782 765 835 807 et
859 752 1213 817 Sarracenos,
1242 751 1295 804 in
1320 764 1430 822 quo
1466 747 1749 803 christiani

151 843 273 901 Deo
304 834 613 901 auxiliante
640 834 1048 908 victorcs‘facti,
1081 837 1531 919 innumerabilem
1562 853 1750 894 eorum

135 934 581 990 multitudinem
614 942 980 1005 peremerunt.

348 1026 511 1079 “91.
657 1018 801 1078 ΒΛ.
1016 1020 1190 1078 FJI.
1403 1020 1539 1075 A.2.

226 1112 393 1168 Multi
421 1126 532 1168 tam
569 1114 842 1186 principes
867 1130 1031 1183 quam
1058 1112 1319 1184 episcopi,
1357 1121 1411 1167 ct
1442 1113 1751 1165 innumera-

54 1250 101 1281 π
150 1203 284 1258 bilis
321 1204 621 1258 multitudo
642 1204 808 1274 vulgi,
834 1204 926 1273 qui
964 1204 1150 1257 urbem
1183 1203 1380 1258 Auram
1410 1202 1747 1267 obsidebant,

104 1304 107 1307 ’
152 1296 366 1375 mortui
400 1307 552 1361 sunt,
578 1298 685 1350 tam
714 1295 930 1366 propria
974 1304 1169 1361 morte,
1207 1310 1373 1364 quam
1416 1294 1749 1348 Sarraceno-

149 1381 277 1439 rum
322 1386 488 1450 telis;
518 1382 816 1439 Bulduinus
842 1383 1284 1453 archiepiscopus
1312 1381 1745 1449 Cantuariensis,

150 1475 417 1547 Rogerus
470 1470 884 1531 Cameracensis
932 1473 1241 1544 episcopus,
1288 1473 1607 1529 Fredericus
1639 1473 1750 1529 dux

151 1565 481 1622 Suevorum
512 1566 666 1620 miles
692 1565 1016 1631 acerrimus,
1041 1562 1388 1619 Theobaldus
1416 1578 1601 1619 eomes
1627 1562 1748 1619 Ble-

150 1658 365 1725 sensis,
402 1669 459 1713 et
502 1656 813 1727 Stephanus
864 1655 1028 1711 frater
1066 1655 1206 1725 ejus,
1241 1653 1484 1709 llellinus
1532 1667 1751 1726 quoque
1786 1676 1787 1681 η

148 1747 372 1817 ἁαρῖΐει·
420 1744 796 1812 Flandrensis,
835 1755 889 1800 ct
917 1746 1073 1799 multi
1105 1745 1218 1810 alii,
1248 1759 1482 1815 quorum
1526 1745 1748 1799 nomina

1853 569 1955 622 dus
1973 583 2062 621 rex
2084 568 2370 637 Anglorum
2395 582 2518 622 cum
2542 568 2656 623 suis
2676 568 3002 625 exercitibus
3021 572 3244 638 vallum,
3265 588 3429 642 quem
3484 588 3495 603 τ

1856 653 2140 712 Sarraccni
2176 658 2231 711 in
2271 657 2497 713 circuitu
2539 658 2774 713 civitatis
2811 660 3237 716 munitissimum
3280 662 3428 721 fece-

1852 757 1995 814 rant,
2025 765 2149 804 cum
2188 762 2387 820 magno
2417 749 2602 805 labore
2644 764 2804 804 muro
2846 747 3083 805 civitatis
3125 764 3430 821 cocquave-

1853 845 1998 903 runt,
2032 846 2085 892 et
2120 838 2383 907 petrarias
2425 838 2610 892 decem
2650 853 2817 909 prope
2853 853 3073 893 murum
3116 851 3426 895 erexerunt.

1851 923 2145 981 Sarraceni
2172 941 2303 982 vero
2326 935 2380 981 et
2407 926 2592 995 Turci,
2627 929 2883 997 impetum
2899 944 3088 982 eorum
3109 944 3218 984 non
3249 929 3431 985 feren-

1854 1023 1952 1081 tes,
1998 1026 2051 1071 et
2089 1017 2155 1070 de
2193 1018 2427 1073 civitatis
2455 1021 2757 1075 retentione
2785 1020 3119 1088 difﬁdentes,
3152 1035 3273 1079 eam
3316 1025 3432 1093 regi
3480 1060 3487 1070 .

1852 1107 2185 1162 Francorum
2207 1118 2261 1164 et
2281 1109 2543 1165 exercitui
2571 1111 2869 1166 christiano
2892 1114 2925 1166 εἰ
2955 1112 3071 1167 lial.
3097 1112 3227 1168 Julii
3252 1115 3432 1170 reddi-
3472 1144 3481 1157 ο

1852 1199 2067 1254 derunt.
2102 1200 2278 1267 Quam
2320 1216 2410 1256 rex
2443 1217 2505 1256 ea
2548 1204 2858 1259 conditione
2886 1206 3109 1275 recepit,
3147 1215 3207 1261 ut
3240 1222 3447 1261 omnes.

1853 1290 1978 1345 inde
2018 1292 2137 1345 sani
2177 1292 2406 1358 exirent,
2449 1293 2493 1347 si
2536 1302 2591 1347 et
2628 1291 2990 1350 Salahadinus
3020 1305 3267 1351 sanctam
3305 1312 3431 1352 eru-
3480 1314 3487 1343 ε

1852 1395 1969 1436 cem
2017 1390 2071 1436 et
2116 1380 2258 1436 2600
2302 1384 2548 1453 captivos
2599 1384 2848 1439 redderet
2894 1387 3240 1443 christianos.
3300 1388 3433 1445 Pust
3478 1406 3489 1437 .'

1850 1474 2151 1529 diScessum
2181 1486 2309 1529 vero
2332 1476 2474 1546 regis
2497 1474 2831 1531 Francorum
2858 1477 3097 1546 prodicta
3117 1480 3429 1535 conditione
3484 1494 3487 1497 ·

1852 1565 2157 1631 inﬁrmata,
2186 1581 2282 1621 rex
2328 1566 2656 1639 Anglorum,
2693 1569 2786 1639 qui
2824 1569 3028 1624 ibidem
3072 1580 3427 1637 remanserat,
3478 1590 3490 1615 ι

1848 1652 2013 1722 2600,
2042 1655 2232 1726 paucis
2259 1657 2325 1711 de
2351 1658 2708 1713 nobilioribus
2736 1660 2980 1726 retentis,
3005 1675 3101 1730 per
3127 1676 3265 1731 quos
3301 1678 3427 1717 san-
3484 1686 3489 1699 ι

1853 1755 1993 1802 ctam
2022 1742 2238 1804 crucem
2260 1757 2314 1804 et
2339 1748 2602 1820 quosdam
2619 1744 3221 1821 captivosrecuperarc
3245 1767 3430 1823 spera-

149 1815 409 1893 scribere
452 1840 747 1919 noluimus,
774 1838 903 1908 quia
948 1836 1150 1892 diversi
1184 1837 1465 1901 relatores,
1496 1834 1659 1889 dubia
1698 1844 1746 1890 et
1783 1815 1824 1873 θ
1851 1838 2002 1904 bant,
2028 1839 2259 1894 diversis
2288 1815 2567 1894 interfecit
2582 1815 2889 1895 tormentis.

151 1930 369 1984 incerta
398 1929 744 1993 nunciantes,
778 1942 879 1981 nos
909 1925 1155 1981 fecerunt
1184 1926 1440 1979 incertos.
1468 1924 1751 1993 Philippus

149 2030 246 2077 rex
276 2022 651 2088 Francorum,
678 2019 983 2075 Riehardus
1013 2036 1105 2074 rex
1129 2019 1448 2088 Anglorum,
1468 2015 1751 2085 Philippus

149 2129 347 2169 comes
394 2112 670 2178 Flandrie,
713 2120 837 2182 post
887 2125 1129 2183 mensem
1183 2107 1434 2163 Martium
1480 2123 1604 2161 cum
1636 2106 1751 2161 suis

148 2194 687 2260 exercitibus-mare
728 2211 1033 2258 transeunt.
1081 2199 1384 2255 Ilichardus
1425 2214 1518 2252 rex
1552 2198 1752 2267 Anglo-

150 2311 276 2349 rum
311 2307 617 2364 antequam
650 2293 931 2359 transiret,
969 2306 1195 2345 uxorem
1226 2289 1380 2345 duxit
1412 2289 1575 2342 tiliam
1609 2288 1750 2357 regis

150 2382 430 2450 Navarrc,
461 2392 769 2452 contempta
798 2396 985 2438 sorore
1024 2381 1168 2451 regis
1197 2378 1556 2440 Francorum,
1585 2391 1749 2447 quam

151 2478 557 2548 spoponderat.
597 2476 851 2531 Clemens
878 2474 944 2529 Ill
981 2490 1119 2545 papa
1146 2474 1193 2526 7'
1213 2471 1331 2527 Kal.
1356 2473 1560 2542 Aprilis
1585 2470 1746 2536 obiit;

151 2570 414 2625 s‘uccelit
461 2564 509 2623 ei
562 2567 841 2625 Jaeinctus
890 2566 1155 2622 diaconus
1205 2565 1497 2620 eardinalis
1553 2562 1750 2617 Sancte

154 2661 327 2717 laric
380 2662 444 2716 in
493 2662 639 2717 scola
690 2659 882 2726 Greca,
922 2672 1117 2729 genere
1163 2656 1558 2721 nobilissimus,
1608 2663 1751 2710 etate

152 2763 478 2823 provectus,
504 2764 557 2809 et
585 2762 810 2808 vocatus
836 2750 1239 2807 estCelestinus
1265 2748 1352 2803 Ill.
1378 2747 1481 2815 Qui
1508 2747 1750 2802 llomanc

151 2848 396 2902 ecrlesie
428 2845 674 2917 presidet
698 2845 854 2899 173“
875 2844 965 2898 ιδ’.
1001 2842 1266 2898 Ilenricns
1296 2857 1410 2905 rex,
1437 2840 1582 2895 filius
1620 2839 1750 2894 Frea-

153 2937 327 2994 derici
368 2937 736 3008 imperatoris,
764 2936 816 2989 in
849 2935 1229 3005 imperatorem
1267 2934 1321 2986 in
1351 2931 1750 3001 sollempnitate

153 3029 411 3099 paschali
442 3029 513 3083 ab
540 3043 605 3084 eo
633 3037 927 3083 coronatur
956 3025 1106 3096 (Apr.
1136 3025 1252 3096 15);
1287 3024 1377 3094 qui
1414 3024 1465 3076 in
1502 3038 1599 3077 sua
1623 3038 1750 3093 pro-

1921 1927 2189 1985 Henrieus
2247 1931 2540 2000 imperator
2596 1940 2785 1985 contra
2846 1927 3190 1986 Tancredum
3248 1947 3428 2002 regem
3474 1935 3485 1945 '

1851 2012 2044 2088 Apulie
2092 2019 2399 2085 dimicans,
2450 2020 2722 2074 civitatem
2768 2019 3176 2090 Neapolitanam
3221 2022 3432 2095 obsedit

1854 2110 2070 2182 (Mai);
2109 2111 2166 2165 in
2202 2127 2314 2181 qua
2357 2111 2640 2165 obsidione
2681 2109 2963 2180 Philippis
2992 2111 3429 2181 archiepiscopus

1850 2198 2075 2254 Colonie
2102 2208 2158 2254 et
2192 2201 2348 2254 multi
2378 2201 2470 2254 alii
2507 2201 2674 2256 duces
2700 2209 2756 2255 et
2785 2203 3014 2256 comites
3047 2202 3246 2257 mortui
3281 2212 3430 2267 sunt,

1851 2298 1906 2343 et
1941 2291 2122 2345 omnis
2162 2291 2438 2346 exercitus
2468 2291 2588 2361 ejus
2627 2292 3070 2347 incommoditate
3110 2294 3253 2347 aeris
3294 2308 3433 2362 pene

1851 2390 2209 2450 consumptus
2240 2391 2342 2436 est.
2398 2380 2518 2448 Quo
2562 2393 2843 2453 comperto
2884 2384 3030 2439 cives
3078 2382 3428 2448 Salernitani,

1850 2480 1905 2527 et
1932 2472 2110 2543 ipsum
2134 2472 2513 2542 imperatorem
2541 2474 2704 2529 etiam
2731 2483 3006 2531 mortuum
3032 2476 3428 2539 existimantes,

1849 2565 2019 2635 quini
2047 2574 2205 2619 antea
2233 2563 2504 2631 favebant,
2544 2567 2617 2620 ob
2639 2551 2869 2637 gratiam
2902 2566 3166 2621 Tancredi
3200 2583 3428 2636 recupe-
3472 2602 3481 2617 ς

1851 2656 2098 2722 randam,
2126 2656 2544 2726 imperatrieem,
2570 2656 2699 2727 quia
2728 2657 2781 2710 in
2808 2656 2995 2712 eadem
3022 2659 3154 2713 urbe
3182 2658 3429 2729 degebat,
3474 2686 3477 2693 -

1850 2757 2131 2819 ceperunt,
2154 2757 2208 2804 et
2232 2749 2477 2805 custodio
2505 2749 2730 2804 honeste
2754 2749 3219 2819 mancipaverunt.
3254 2750 3431 2819 lmpe-
3468 2800 3481 2806 ς

1851 2849 2001 2896 rator
2029 2849 2232 2908 autem,
2271 2842 2476 2896 amisso
2510 2840 2750 2895 exercitu
2798 2848 2852 2893 et
2898 2855 3087 2905 uxore,
3136 2840 3190 2893 in
3221 2838 3428 2895 Italiam
3470 2850 3479 2855 ’

1852 2932 2164 2988 irteriorem
2194 2933 2351 2987 rediit
2384 2947 2508 2987 cum
2540 2930 2768 2986 tristicia
2797 2940 2853 2985 et
2879 2931 3085 2987 dolore.
3130 2930 3186 2984 In
3216 2931 3433 2986 civitate

1850 3021 2231 3078 Cameracensi
2270 3022 2577 3089 Johannes,
2613 3023 2855 3093 ejusdem
2897 3023 3123 3079 eeeiesie
3162 3023 3476 3082 archidia-.

156 3119 411 3177 motione
471 3119 673 3174 multas
724 3116 1182 3174 contradictiones
1219 3124 1330 3170 tam
1377 3130 1411 3169 a
1460 3113 1745 3181 Romanis,
1776 3153 1816 3207 Ε
1848 3129 2021 3170 sonus
2047 3123 2100 3170 et
2131 3115 2528 3171 Attrebatensis
2579 3116 2848 3182 decanus,
2878 3115 3096 3187 eligitur
3120 3117 3426 3187 episcopus.
3470 3146 3477 3161 η.

153 3220 325 3280 quam
368 3225 401 3264 a
434 3209 801 3265 cardinalibus
841 3207 1128 3273 sustinuit;
1161 3206 1375 3261 tandem
1403 3220 1634 3259 cernens
1661 3220 1747 3258 rc-

155 3316 400 3371 gnarum
436 3298 895 3369 perturbationem
932 3305 986 3351 et
1012 3294 1390 3366 Apuliensium
1418 3308 1546 3362 erga
1574 3307 1633 3348 se
1662 3308 1747 3347 re-

156 3392 484 3455 bellionem,
510 3405 609 3459 pro
632 3399 875 3458 tempore
904 3395 1013 3441 tam
1050 3385 1421 3441 cardinalihus
1458 3382 1744 3444 satisfecit,

156 3498 295 3551 pape
325 3480 628 3535 restituens
651 3478 842 3544 multa,
880 3492 988 3548 que
1032 3486 1410 3531 antecessores
1430 3474 1550 3545 ejus
1573 3474 1749 3529 eccle-

157 3572 237 3625 sie
259 3572 639 3634 abstulerant,
671 3568 936 3623 Romanis
981 3582 1112 3622 vero
1160 3564 1516 3620 munitionem
1546 3563 1751 3619 Tuscu-

157 3664 344 3718 lanam
368 3663 617 3728 tradens,
639 3676 801 3731 quam
826 3670 979 3730 pater
996 3658 1115 3729 ejus
1136 3671 1271 3727 pape
1294 3656 1613 3710 abstulerat.
1629 3653 1746 3721 Qua

160 3750 403 3808 Romani
433 3762 671 3822 accepta,
695 3751 748 3806 in
773 3750 1126 3808 eoronatione
1155 3747 1496 3818 imperatoris
1518 3748 1749 3818 prebue—

160 3854 293 3899 runt
316 3860 629 3899 assensum.

229 3934 523 4005 Philippus
540 3949 725 3989 comes
739 3933 990 3989 Flandrie
1010 3932 1064 3986 in
1084 3931 1370 3987 obsidione
1382 3930 1535 3985 urbis
1550 3930 1748 3997 Aelim,

159 4028 539 4099 indigentibus
566 4036 619 4082 et
648 4028 883 4082 maxime
917 4026 1181 4081 militibus
1217 4024 1309 4095 qui
1346 4039 1443 4079 sua
1480 4024 1753 4093 stipendia

160 4129 644 4190 consumpserant,
675 4135 775 4176 sua
808 4119 1100 4190 erogando,
1130 4117 1359 4172 nimium
1383 4117 1622 4171 liberalis
1650 4132 1747 4171 ex-‘

161 4212 288 4266 titit.
326 4210 389 4266 Si
420 4212 565 4266 mille
594 4210 848 4268 haberem
882 4210 1117 4281 linguas,
1151 4224 1259 4263 non
1287 4217 1479 4277 potero
1506 4205 1752 4277 proferre

161 4301 521 4356 necessitates
545 4300 727 4367 famis,
768 4300 988 4373 frigoris
1021 4307 1078 4353 et
1120 4306 1272 4353 estus
1296 4339 1310 4364 ,
1358 4313 1496 4367 quas
1530 4298 1584 4351 in
1611 4312 1749 4367 qua-

161 4391 315 4446 drien
325 4408 395 4447 na
418 4392 569 4447 urbis
593 4391 876 4447 obsidione
901 4390 1172 4446 exercitus
1196 4388 1290 4444 Dei
1316 4388 1596 4443 sustinuit.
1617 4386 1748 4441 Phi-

1918 3206 2227 3262 Ilicbardus
2268 3223 2359 3261 rex
2408 3207 2730 3279 Anglorum,
2775 3216 2897 3278 post
2937 3223 3242 3279 regressum
3288 3208 3477 3278 regis.

1851 3296 2206 3365 Francorum,
2251 3308 2306 3354 et
2335 3301 2508 3355 ruinis
2550 3316 2830 3356 murorum
2864 3300 3097 3356 civitatis
3126 3300 3303 3355 Aehre
3332 3317 3432 3371 pro
3466 3338 3475 3349 .

1849 3395 2091 3457 tempore
2117 3390 2406 3458 reparatis,
2443 3388 2638 3445 divisis
2676 3391 3002 3445 exercitibus
3032 3391 3148 3445 suis
3175 3391 3227 3445 in
3260 3392 3434 3445 tribus
3468 3436 3473 3443 .

1850 3477 2080 3543 turmis,
2118 3492 2311 3533 versus
2353 3480 2715 3535 Ascbalonem
2747 3480 2933 3533 tendit.
2974 3481 3202 3537 Tractus
3249 3492 3432 3541 autem
3460 3514 3473 3539 ι

1848 3569 1933 3623 vie
1962 3567 2103 3622 inter
2125 3568 2361 3625 Aehram
2391 3580 2445 3626 et
2474 3569 2835 3626 Aschaloncm
2871 3571 3065 3642 longus
3098 3582 3235 3628 erat.
3267 3572 3325 3627 In
3358 3574 3449 3631 υις.

1850 3659 1979 3715 tima
2026 3669 2227 3729 turma,
2252 3677 2360 3733 que
2383 3662 2733 3732 precedentes
2768 3661 3065 3727 muniebat,
3098 3663 3255 3718 multi
3287 3664 3433 3718 ceci-

1849 3752 2047 3807 derunt
2073 3751 2386 3807 Salahadini
2424 3753 2639 3808 insidiis
2673 3762 2730 3808 ct
2771 3750 3074 3809 Turcorum
3101 3753 3240 3808 telis.
3277 3752 3465 3813 'Tan--.

1849 3843 1971 3897 dem
2000 3841 2290 3898 Cesaream
2336 3853 2717 3913 pervenerunt,
2762 3853 2819 3901 et
2963 3845 3242 3915 paululum
3276 3846 3433 3914 quie-
3460 3900 3465 3905 ,

1852 3943 2063 3988 xerunt.
2129 3934 2267 3989 Cum
2325 3943 2506 3991 autem
2551 3935 2620 3990 de
2658 3934 2893 3992 Ccsarea
2951 3946 3236 4007 pergerent
3289 3936 3433 4005 apud

1850 4022 2077 4093 Joppen,
2113 4022 2476 4081 Salabadinus
2495 4041 2621 4083 cum
2644 4025 2760 4081 suis
2780 4025 2845 4081 ﬁt
2867 4025 2947 4081 eis
2969 4025 3182 4090 obvius,
3216 4026 3270 4080 in
3303 4026 3431 4079 sab-

1848 4115 1979 4169 bato
2020 4115 2200 4185 vigilis
2230 4116 2525 4172 nativitatis
2563 4117 2716 4171 beate
2749 4115 2936 4171 Marie.
2968 4113 3100 4171 Mira
3133 4116 3226 4171 Dei
3252 4118 3435 4171 virtus

1852 4215 2073 4261 ostensa
2101 4217 2186 4263 est
2216 4207 2273 4261 in
2304 4208 2393 4263 illa
2425 4208 2533 4269 die.
2564 4206 2699 4263 Nam
2732 4207 3095 4264 Salalzaiinus
3121 4225 3244 4263 cum
3272 4225 3417 4263 exer-
3448 4246 3457 4257 η.

1855 4295 1965 4350 citu
2012 4311 2135 4360 suo,
2180 4297 2385 4352 nostris
2432 4298 2899 4367 persequentibus,
2953 4297 3132 4367 fugam
3181 4299 3432 4367 arripuit,

1852 4395 2168 4457 tantamque
2193 4397 2427 4458 stragem
2449 4389 2517 4445 de
2542 4388 2898 4445 nobilioribus
2930 4388 3268 4455 Sarraceuis,
3294 4406 3436 4459 quos
3446 4404 3462 4456 ς

163 4483 346 4555 lippus
376 4500 563 4539 comes
592 4483 844 4538 Flandrie
883 4482 1104 4538 inclitus
1138 4478 1393 4535 Kalendis
1419 4478 1567 4533 Junii
1594 4478 1750 4544 obiit,
1778 4484 1830 4542 υ
1857 4490 2040 4533 secum
2073 4477 2355 4545 habuerat,
2391 4479 2479 4534 die
2519 4480 2608 4534 illa
2650 4496 2817 4550 prope
2856 4482 3032 4537 Assur
3070 4482 3243 4536 nostri
3287 4481 3461 4545 [αρε-ι

164 4572 338 4626 tet-cio
368 4586 557 4625 mense
584 4570 1043 4626 transfretationis
1068 4584 1185 4631 sue,
1216 4576 1267 4622 et
1315 4566 1558 4636 sepultus
1585 4575 1670 4622 est
1696 4567 1753 4621 in

162 4663 396 4718 basilica
448 4663 620 4717 sancti
668 4661 874 4717 Nicolai
900 4700 915 4728 ,
964 4661 1099 4717 foris
1145 4674 1363 4714 murum
1407 4658 1614 4725 Acbre;
1660 4658 1753 4714 ubi

163 4755 328 4809 etiam
378 4754 633 4809 tumulati
683 4763 813 4809 sunt
852 4754 975 4823 plus
1018 4767 1182 4825 quam
1214 4750 1607 4821 quinquaginta
1638 4760 1749 4805 tam

163 4845 430 4917 episcopi,
482 4860 646 4916 quam
709 4826 875 4900 duces
912 4852 967 4899 et
1015 4843 1261 4899 comites.
1293 4841 1350 4896 In
1406 4843 1567 4912 cujus
1588 4842 1743 4897 obitu

163 4938 321 4992 dolor
349 4937 795 5007 incomparabilis
822 4935 1136 4991 christianis
1179 4933 1300 5000 fuit,
1328 4934 1584 5004 gaudium
1618 4949 1748 4990 vero

167 5027 488 5083 Sarracenis
513 5035 568 5083 et
593 5025 806 5082 Turcis.
837 5025 1080 5099 Eclypsis
1110 5025 1244 5080 solis
1274 5024 1415 5079 facta
1442 5033 1527 5079 est
1552 5026 1586 5080 9
1624 5023 1741 5079 Kal.

166 5118 313 5185 Julii,
344 5121 435 5175 die
464 5117 759 5184 dominica,
789 5119 921 5173 hora
942 5117 986 5171 -6
1016 5118 1070 5171 in
1099 5117 1280 5186 vigilia
1307 5116 1445 5170 beati
1478 5114 1745 5170 Johannis

170 5211 421 5283 baptiste,
444 5211 652 5282 fulgore
675 5209 794 5281 ejus
826 5211 877 5265 in
906 5209 1209 5278 aquilonari
1235 5218 1388 5278 parte
1411 5215 1743 5272 remanente,

164 5305 314 5374 juxta
360 5305 719 5375 quantitatem
760 5303 999 5357 terciane
1043 5302 1186 5355 lune.
1234 5300 1362 5354 Post
1402 5299 1741 5354 festivitatem

244 5509 305 5539 δ”
345 5502 671 5561 CLXXXIII.
707 5502 820 5556 cod.

1854 4575 2002 4633 runt,
2036 4576 2297 4636 quantam
2336 4570 2484 4625 omni
2531 4578 2772 4640 tempore
2808 4571 3147 4641 principatus
3190 4571 3276 4627 sui
3323 4587 3461 4639 non.

1852 4659 2113 4715 sustinuit
2143 4675 2250 4714 una
2280 4661 2387 4717 die.
2420 4660 2495 4716 De
2537 4662 2739 4716 nostris
2779 4671 2962 4718 autem
3000 4663 3187 4732 nullus
3213 4664 3459 4727 eecidit,.

1853 4753 1959 4808 nisi
1985 4752 2235 4819 Jacobus
2259 4753 2328 4808 de
2355 4753 2605 4820 Avesnis,
2645 4754 2804 4810 miles
2841 4754 3092 4825 egregius
3127 4742 3184 4808 et
3223 4755 3317 4823 uni
3367 4756 3436 4810 de

1852 4841 2160 4898 Macbabeis
2186 4843 2585 4912 comparandus
2615 4841 2786 4914 (455).
2823 4841 2884 4898 In
2913 4857 3100 4899 mense
3126 4840 3457 4915 Septembri,

1853 4932 2044 4993 relatio
2072 4948 2233 4989 veras
2270 4935 2337 4989 de
2370 4943 2542 4990 morte
2579 4933 2814 5006 Philippi
2846 4934 3083 5002 comitis,
3128 4936 3223 5006 qui
3252 4936 3432 5007 comi-

1852 5031 2026 5079 tatum
2067 5023 2321 5083 Flaudrie
2370 5026 2442 5082 24
2490 5027 2653 5081 annis
2699 5036 2921 5083 strenue
2966 5034 3231 5093 rexerat,.
3262 5028 3453 5101 venit.,

1851 5113 2054 5173 Omnes
2080 5117 2295 5186 timent,
2329 5133 2519 5174 omnes
2545 5119 2747 5185 dolent,
2775 5128 2885 5176 tam
2917 5120 3096 5177 clerus
3134 5137 3296 5192 quam
3334 5135 3449 5196 pos.

1850 5208 2031 5277 palus.
2066 5208 2319 5269 Succedit
2349 5212 2399 5264 ei
2430 5210 2728 5277 Balduinus
2757 5227 2943 5268 comes
2974 5211 3297 5267 Hainoensis
3328 5210 3396 5263 he.
3421 5236 3453 5265 ~.

1851 5300 2109 5357 reditario
2145 5302 2286 5369 jure.
2328 5302 2462 5358 Nam
2503 5302 2858 5373 Margaretam
2897 5305 3061 5357 tiliam
3107 5300 3427 5355 Theoderici

1469 5426 1701 5481 VARlJE
1738 5426 2136 5486 LEC'I‘IONES.

1716 5568 1941 5622 ΝΟΤΑΞ.

241 5670 386 5739 (£33)
428 5665 856 5739 ll92.placol_ms
882 5664 949 5739 de
978 5663 1212 5727 Arcsm's,
1249 5662 1398 5716 mites
1442 5661 1674 5731 egregius
1710 5669 1756 5713 et
1807 5663 1896 5713 uni
1951 5662 2015 5717 de
2050 5662 2313 5719 Μαι-αὐδὴ
2353 5666 2769 5735 rmnparmtdus,
2809 5665 2861 5717 in
2902 5660 3035 5715 bello
3066 5679 3096 5714 α
3130 5657 3409 5717 Saraceni:

174 5734 557 5795 muniiizatur.
590 5737 730 5790 Ann.
757 5735 950 5806 Aquic.

534 5832 804 5889 ΡΑτιιοι..
853 5829 1033 5905 CLX.

2993 5820 3053 5878 ll
