3934 6316
528 383 628 440 551

1676 350 1689 359 ”
1723 379 2090 438 smus]:an
2133 377 2660 439 CEMBLACENSIS
3676 384 3768 442 352

526 499 766 566 comitis,
799 512 1046 555 sororem
1079 496 1331 569 Philippi,
1373 496 1606 552 habebat
1633 496 1686 551 in
1713 497 1999 568 conjugio;
2046 510 2111 549 ex
2145 497 2189 555 A
2218 492 2557 561 intenderet,
2611 493 2793 549 subito
2838 493 2948 549 duo
2991 509 3059 549 ex
3109 493 3203 548 illo
3249 506 3465 565 genem'
3492 495 3761 567 hominum,

524 605 635 660 qua
666 598 929 661 genuerat
959 588 1239 646 Elizabeth
1268 588 1601 665 Francorum
1630 588 1873 655 reginam
1899 596 1952 643 et
1973 586 2116 642 ﬁlios

522 681 875 738 Balduinum.
911 681 1221 752 Philippum
1255 691 1305 738 et
1336 680 1653 737 Henricum.
1693 680 1980 752 Philippus
2018 696 2112 735 rex

521 773 884 841 Francorum,
915 784 1040 830 ante
1059 775 1177 831 dies
1199 775 1499 831 nativitatis
1519 774 1811 839 dominice,
1844 773 1898 827 in
1937 772 2114 828 Fran-

523 865 668 921 ciam
703 867 870 922 venit.
906 865 1168 923 Videntes
1197 876 1379 922 autem
1409 866 1631 937 quidam
1668 866 1890 931 milites,
1939 864 2114 920 Deum

523 955 708 1011 minus
734 956 1043 1026 diligentes,
1063 957 1184 1028 ejus
1204 955 1666 1027 repatriationcm,
1689 954 1899 1009 laboris
1918 962 1976 1008 et
1994 968 2114 1009 cer-

529 1049 746 1105 taminis
773 1066 871 1120 pro
892 1050 1113 1106 Christo
1147 1050 1510 1120 impatientes,
1534 1059 1732 1104 etcum
1765 1048 1891 1103 ﬁliis
1912 1044 2109 1102 El'frem

526 1149 578 1195 in
618 1140 708 1197 die
744 1142 870 1197 belli
909 1150 1052 1214 terga
1094 1143 1344 1197 hostibus
1383 1142 1595 1207 dantes,
1636 1156 1743 1195 non
1787 1147 1847 1194 ut
1888 1140 2108 1206 milites,

520 1232 616 1287 sed
636 1239 696 1286 ut
716 1232 930 1302 lepores
958 1233 1154 1299 timidi,
1183 1232 1250 1288 ad
1276 1248 1433 1288 suam
1463 1241 1707 1286 eternam
1730 1247 1761 1286 c
1784 1229 2109 1286 infusionem

519 1322 587 1378 ad
609 1324 828 1393 propria
853 1332 985 1381 sunt
1007 1324 1230 1380 reversi.
1258 1322 1378 1379 Non
1403 1324 1483 1379 sic
1502 1322 1739 1379 Jacohus
1762 1323 1833 1378 de
1851 1322 2109 1391 Avcsnis,

516 1427 629 1467 non
657 1413 769 1480 sic;
803 1415 899 1470 sed
927 1414 1057 1485 quia
1091 1413 1459 1485 perseveravit
1500 1428 1673 1484 usque
1717 1414 1771 1467 in
1817 1414 2001 1480 linem,
2047 1423 2109 1468 ut

514 1504 814 1571 credimus,
847 1507 1031 1563 salvus
1064 1507 1189 1573 erit,
1216 1514 1271 1563 et
1296 1521 1420 1562 cum
1453 1506 1659 1563 sanctis
1699 1506 2030 1579 martyribus
2051 1506 2108 1561 in

515 1595 651 1652 celis
692 1598 1070 1669 triumphabit.

591 1689 752 1744 1192.
970 1690 1035 1745 Β.
1075 1690 1130 1746 2.
1351 1691 1411 1746 F.
1453 1691 1543 1748 12.
1762 1693 1828 1747 Α.
1870 1692 1926 1747 '5.

585 1776 855 1838 Henricus
877 1783 1171 1852 imperator
1197 1782 1314 1839 dies
1340 1784 1640 1840 nativitatis
1667 1784 1941 1840 dominice
1961 1784 2105 1851 apud

513 1870 873 1929 Wormatiam
908 1891 1033 1930 cum
1076 1876 1432 1946 optimatibus
1472 1876 1622 1948 regni
1656 1876 1986 1943 celebravit;
2029 1877 2101 1932 ibi

513 1965 570 2022 in
601 1967 875 2037 presentia
904 1967 1073 2021 totius
1104 1968 1255 2023 curie
1279 1967 1627 2023 conﬁrmavit
1650 1967 1975 2037 electionem
2004 1965 2102 2022 Jo-

510 2055 715 2111 hannis
761 2054 1180 2111 Cameracensis
1221 2054 1401 2112 electi.
1453 2055 1735 2127 Philippus
1789 2057 1957 2112 etiam
2008 2073 2103 2112 rex

509 2142 853 2201 Francorum
902 2146 1148 2202 Parisius
1194 2162 1320 2202 cum
1368 2147 1485 2202 suis
1528 2148 1748 2204 eosdem
1790 2148 1911 2204 dies
1959 2149 2102 2204 cele-

510 2234 709 2290 bravit.
742 2238 822 2292 Ad
853 2238 1012 2308 cujus
1039 2238 1248 2294 curiam
1284 2238 1589 2295 Balduinus
1609 2254 1798 2296 comes
1825 2238 2103 2307 Flandrie,

510 2327 706 2384 litteris
734 2329 913 2398 ipsius
937 2330 1386 2401 precipientibus,
1418 2330 1588 2386 venit.
1626 2330 1742 2386 Rex
1771 2338 1953 2387 autem
2002 2347 2104 2387 nec

509 2419 751 2475 humane
792 2435 892 2476 nec
931 2421 1164 2492 benigne
1205 2437 1332 2476 eum
1373 2422 1633 2492 suscepit.
1678 2420 1836 2488 Quod
1874 2438 2106 2477 cernens

508 2524 718 2578 comes,
782 2525 909 2584 rege
959 2512 1278 2580 insalutato,
1329 2514 1470 2569 clam
1526 2528 1559 2568 a
1615 2512 1835 2568 civitate
1889 2513 2101 2568 disces-

507 2602 585 2656 sit
606 2603 777 2675 (454).
816 2604 882 2659 18
908 2603 1031 2659 Kal.
1064 2604 1224 2660 Febr.
1256 2605 1291 2660 4
1329 2604 1486 2672 feria,
1511 2611 1636 2674 post
1662 2604 1795 2659 solis
1819 2619 2100 2669 occasum,

506 2693 566 2747 in
601 2693 722 2764 ipso
751 2697 929 2751 noctis
956 2697 1280 2768 crepusculo
1297 2738 1312 2763 ,
1352 2697 1468 2752 visa
1509 2705 1593 2751 est
1620 2712 1651 2751 a
1679 2695 1865 2751 multis
1893 2696 2104 2765 species

505 2784 653 2855 ignis
696 2786 975 2853 terribilis,
1017 2795 1191 2842 totum
1224 2787 1414 2842 orbem
1456 2785 1525 2841 ad
1568 2793 1778 2856 partem
1825 2785 2101 2840 borealem

506 2890 801 2946 occupans.
840 2876 1144 2933 Subsecuta
1183 2885 1268 2933 est
1300 2877 1356 2932 in
1383 2877 1571 2933 multis
1601 2876 1739 2932 locis
1766 2877 1819 2930 in
1851 2877 2102 2948 partibus

505 2967 615 3022 illis
646 2968 806 3040 plaga
854 2969 995 3040 ignis
1040 2969 1232 3023 divini.
1266 2968 1421 3024 Unde
1456 2969 1511 3024 in
1547 2968 1862 3039 epis00patu
1892 2967 2104 3023 Torna-

505 3061 659 3116 censi
696 3069 752 3115 et
792 3061 980 3117 multis
1016 3062 1152 3131 locis
1186 3062 1451 3118 indictum
1480 3070 1567 3118 est
1589 3061 1860 3133 jejunium
1895 3061 1928 3116 6
1967 3061 2101 3118 feric

2214 598 2356 654 quos
2378 585 2815 657 hystoriographi
2838 585 3134 641 Arsacidas
3157 594 3378 652 vocant,
3399 602 3428 641 a
3449 586 3651 657 prefato
3664 605 3766 660 pcr-

2214 674 2325 730 ﬁdo
2354 675 2598 746 principe
2643 677 2974 743 transmissi,
3024 685 3319 748 utrumque
3368 678 3509 735 latus
3534 677 3651 749 ejus
3669 694 3766 737 ani.

2211 764 2468 833 bierunt;
2519 767 2613 838 qui
2664 768 2874 824 nullum
2923 769 3202 836 timentes,
3244 770 3395 825 clara
3433 770 3545 837 die,
3585 782 3767 831 astante

2212 858 2397 928 populi
2429 856 2771 930 frequentia,
2813 860 3050 916 cultellis
3084 876 3229 931 quos
3264 860 3556 931 improprie
3587 863 3763 919 miseri.

2212 950 2432 1007 cordias
2453 962 2653 1007 vocant
2675 952 2972 1009 crudeliter
2994 953 3264 1008 lateribus
3284 953 3404 1023 ejus
3427 953 3626 1021 inﬁxis,
3650 956 3760 1011 heu!

2211 1043 2614 1100 nobilissimum
2642 1044 2945 1117 principem
2979 1044 3390 1101 interfecerunt.
3433 1044 3516 1099 Illi
3551 1046 3769 1104 statim'a

2210 1136 2412 1206 populo
2451 1138 2651 1205 necati,
2692 1146 2755 1193 ut
2794 1138 3020 1210 dignum
3059 1147 3209 1205 erat,
3254 1139 3688 1194 transmittuntur
3713 1142 3771 1197 ad

2210 1234 2447 1295 tartara;
2486 1230 2646 1286 miles
2689 1229 2888 1303 dignus
2927 1229 3095 1301 digno
3133 1231 3353 1301 planctu
3399 1230 3692 1302 plangitur,
3725 1240 3770 1286 et

2211 1319 2500 1392 sepulchro
2539 1328 2697 1376 tanto
2736 1320 2983 1392 principe
3023 1321 3192 1393 digno
3226 1322 3508 1393 sepulture
3546 1322 3765 1379 traditur.

2208 1410 2355 1467 Proh
2385 1413 2568 1468 dolor!
2606 1413 2885 1484 principes
2908 1421 2964 1468 et
2991 1412 3194 1468 milites
3237 1412 3414 1468 incliti
3456 1413 3630 1484 gladio
3665 1430 3768 1469 cor-

2208 1511 2379 1560 ruunt
2405 1513 2459 1559 et
2497 1504 2830 1571 moriuntur,
2864 1502 3192 1560 Fredericus
3233 1503 3445 1560 scilicet
3484 1504 3768 1574 imperator,

2206 1594 2532 1652 Fredericus
2559 1596 2670 1651 dux
2716 1594 3049 1663 Suavorum,
3097 1596 3247 1651 ﬁlius
3284 1596 3429 1666 ejus,
3459 1594 3687 1653 Iacobus
3711 1598 3767 1653 de

2206 1685 2459 1754 Avesnis,
2511 1685 2759 1743 Hellinus
2807 1686 3040 1758 dapifer,
3074 1685 3363 1759 Philippus
3410 1704 3598 1745 comes
3635 1688 3768 1746 Flau-

2205 1779 2455 1846 drensis,
2501 1778 2851 1836 Tneobaldus
2891 1778 3269 1848 Carnotensis,
3322 1779 3630 1853 Stephanus
3668 1781 3769 1837 Bie-

2206 1871 2405 1938 sensis,
2432 1880 2486 1927 et
2512 1871 2944 1928 innumerabiles
2969 1872 3065 1927 alii
3095 1873 3276 1946 (457);
3311 1883 3369 1929 et
3400 1874 3591 1932 militie
3616 1875 3769 1932 scoria

2205 1979 2306 2020 nec
2344 1952 2706 2032 nominanda,
2744 1979 2853 2036 que
2886 1979 3106 2020 crucem
3152 1963 3357 2022 Christi
3403 1978 3768 2038 assumpserat,

2204 2057 2296 2112 illa
2326 2056 2594 2128 projecta,
2625 2055 2843 2128 fugiens
2871 2072 3092 2112 reversa
3138 2065 3246 2125 est,
3276 2074 3384 2113 non
3431 2059 3624 2131 sagitta
3665 2075 3768 2130 pcr-

2204 2158 2464 2219 seqnente
2513 2162 2616 2203 nec
2649 2149 2839 2205 lancea
2873 2149 2953 2204 vel
3005 2149 3208 2220 gladio,
3242 2148 3340 2205 sed
3368 2150 3519 2207 sicut
3550 2153 3690 2208 canis
3713 2152 3769 2207 ad

2203 2240 2469 2295 vomitum
2504 2248 2806 2307 revertens,
2831 2248 2887 2295 et
2914 2249 2975 2296 ut
3002 2241 3166 2312 lupus
3189 2250 3448 2310 rapax,et
3477 2240 3770 2297 insatiabilis

2205 2332 2376 2387 hianti
2422 2348 2516 2388 ore
2564 2333 2712 2388 bona
2757 2332 2987 2413 ecclesie
3027 2332 3267 2389 comedit
3309 2342 3366 2389 et
3408 2334 3772 2390 substantiola

2204 2439 2506 2494 pauperum
2539 2425 2811 2480 cruciﬁxi.

2275 2515 2585 2572 Richardus
2625 2533 2719 2573 rex
2761 2518 3062 2589 Anglorum
3101 2527 3154 2573 et
3194 2517 3305 2573 dux
3340 2516 3669 2591 Burgundie,
3702 2517 3769 2572 vel

2203 2609 2368 2664 ceteri
2400 2609 2694 2680 principes,
2716 2610 2903 2680 templi
2927 2625 3151 2681 quoque
3174 2619 3228 2665 et
3255 2610 3549 2682 hospitalis
3576 2611 3768 2676 milites,

2203 2703 2608 2757 communicato
2637 2701 2705 2757 ad
2737 2703 2970 2758 invicem
3000 2703 3255 2770 consilio,
3292 2701 3591 2759 Henricum
3619 2704 3767 2758 mmi-

2204 2802 2310 2848 tem
2351 2793 2787 2864 Campanensem
2830 2794 3131 2865 principem
3178 2795 3345 2850 totius
3380 2794 3770 2850 christianitatis

2204 2886 2594 2952 transmarine,
2644 2895 2873 2957 excepto
2909 2886 3220 2958 principatu
3253 2886 3620 2952 Antiocheno,
3657 2901 3770 2941 con-

2203 2980 2518 3044 stituerunt,
2550 2987 2606 3034 et
2637 2978 2688 3034 ei
2722 2995 2951 3034 uxorem
2988 2979 3253 3035 marchisi
3292 2978 3347 3033 in
3389 2978 3646 3048 conjugio
3673 2985 3767 3031 tra-

2201 3069 2477 3125 diderunt.
2510 3067 2621 3124 llec
2646 3070 2794 3124 enim
2826 3077 2945 3123 erat
2974 3076 3095 3124 orta
3123 3068 3192 3123 de
3217 3069 3386 3138 regali
3411 3083 3637 3139 genere;
3678 3065 3768 3120 ﬁlia

504 3153 752 3224 exceptis
777 3154 1011 3209 inﬁrmis
1052 3162 1107 3209 et
1146 3152 1448 3210 infantibus
1472 3154 1767 3210 universis.
1798 3153 2099 3211 Balduinus
2125 3180 2172 3242 ε
2201 3162 2349 3217 enim
2377 3161 2636 3216 Amalrici
2663 3162 2809 3232 regis
2836 3169 3013 3216 mater
3036 3160 3157 3230 ejus
3179 3160 3378 3216 extitit.
3405 3159 3640 3215 Guidoni
3659 3172 3768 3212 vero

504 3259 712 3312 comes,
745 3246 848 3300 sibi
894 3255 949 3301 et
993 3255 1135 3301 terre
1174 3262 1274 3302 sue
1302 3246 1616 3313 consulens,
1661 3245 1729 3301 ad
1770 3261 2102 3317 recuperan-

503 3335 631 3391 dam
663 3342 806 3407 regis
835 3335 1090 3408 gratiam,
1137 3338 1389 3393 abbatem
1433 3337 1729 3409 Symonem
1758 3334 2099 3408 Aquicinen-

504 3441 625 3483 sem
668 3434 724 3482 et
774 3425 1090 3485 Danihelem
1140 3430 1208 3485 de
1253 3428 1561 3485 Camberon
1599 3430 1668 3484 ad
1708 3444 1835 3485 eum
1879 3430 2095 3487 direxit.

504 3516 749 3595 Tandem
779 3529 905 3590 post
931 3518 1203 3577 mediante
1228 3521 1504 3577 Willelmo
1544 3519 1797 3577 Remensi
1828 3522 2101 3592 archiepi-

504 3626 672 3682 scopo
700 3621 755 3667 et
780 3611 944 3670 Petro
969 3613 1338 3670 Attrebatensi
1383 3614 1664 3684 episcopo,
1709 3630 1815 3684 pax
1847 3615 1989 3670 inter
2013 3630 2101 3670 re-

501 3718 625 3773 gem
673 3713 729 3760 et
774 3708 1033 3762 comitem
1079 3707 1316 3762 formata
1363 3715 1469 3773 est,
1515 3707 1658 3776 apud
1711 3705 2012 3762 Perronam
2045 3717 2100 3764 et

504 3795 649 3868 apud
677 3796 1024 3854 Attrebatum
1050 3798 1340 3854 ﬁrmanda.
1370 3797 1432 3853 In
1461 3797 1492 3850 7
1518 3798 1823 3855 ebdomada
1853 3810 1978 3855 ante
2002 3817 2100 3871 pa-

504 3889 660 3956 scha,
686 3905 781 3945 rex
810 3888 1111 3945 Perronam
1133 3905 1258 3946 cum
1286 3890 1403 3946 suis
1423 3888 1695 3961 episcopis
1718 3901 1773 3946 et
1800 3891 2099 3949 baronibus

502 3980 671 4035 venit.
718 3980 798 4036 lbi
839 3981 1140 4036 Balduinus
1176 3997 1361 4039 comes
1390 3998 1517 4038 cum
1547 3982 1666 4038 suis
1691 3981 1877 4050 aﬂuit,
1916 3993 1970 4039 et
1997 3985 2098 4039 ho-

503 4072 737 4127 minium
775 4072 888 4143 regi
931 4072 1173 4139 faciens,
1212 4082 1428 4143 partem
1477 4073 1733 4130 Flandrie
1777 4075 2095 4131 orientalem

502 4164 767 4234 possedit,
801 4179 897 4221 rex
925 4181 1056 4220 vero
1085 4166 1499 4235 occidentalem,
1532 4166 1793 4223 Sanctum
1822 4167 2099 4224 Andania-

503 4269 654 4320 rum,
708 4252 928 4321 Ariam,
975 4255 1354 4324 Attrebatum,
1402 4257 1724 4329 Bapalmas,
1776 4259 2094 4315 comitatum

503 4342 919 4401 Hesdiniensem
949 4356 1004 4402 et
1035 4346 1368 4404 LenSensem
1388 4390 1404 4416 ,
1434 4349 1811 4422 hominagium
1850 4342 2092 4420 Bolonie,

500 4444 556 4491 et
583 4432 771 4493 Sancti
800 4435 976 4506 Pauli,
1010 4448 1065 4495 et
1097 4439 1363 4496 Cisnense
1396 4450 1450 4496 et
1476 4439 1714 4498 Lineilse
1743 4442 1915 4514 (455).
1949 4441 2095 4498 Reli-

2200 3254 2479 3325 quondam
2508 3251 2621 3323 regi
2649 3251 2796 3307 dedit
2839 3267 2935 3306 rex
2966 3250 3266 3322 Anglorum
3297 3250 3539 3305 insulam
3565 3248 3767 3320 opuleno

2200 3345 2468 3401 tissimam
2508 3343 2697 3415 Cypri.
2740 3341 2943 3398 Ordine
2982 3352 3107 3398 utor
3147 3350 3507 3414 prepostero,
3555 3341 3644 3398 sed
3682 3341 3770 3396 hoc

2202 3434 2332 3491 fecit
2357 3435 2583 3491 oblivio.
2619 3432 2940 3490 Procedenti
2968 3433 3114 3488 enim
3143 3447 3315 3501 anno,
3348 3448 3482 3489 cum
3504 3449 3600 3489 rex
3625 3433 3770 3488 Frano

2199 3542 2392 3583 eorum
2423 3541 2548 3581 cum
2577 3525 2694 3581 suis
2726 3525 2795 3581 ad
2828 3525 3019 3581 urbem
3054 3523 3471 3580 transfretasset
3498 3524 3766 3585 Acconant.

2199 3635 2295 3675 rex
2333 3619 2634 3690 Anglorum
2670 3618 2736 3673 ad
2773 3616 3078 3689 Cyprorum
3110 3616 3681 3689 navigavitinsulam.
3718 3613 3769 3669 In

2198 3726 2264 3767 ea
2303 3725 2540 3781 namque
2579 3710 2801 3780 quidam
2839 3718 3133 3780 prepotens
3173 3717 3366 3765 contra
3402 3709 3768 3781 imperatorem

2197 3801 2862 3871 Constantinopolitanum
2907 3799 3309 3873 tyrannizabat,
3346 3808 3407 3860 et,
3445 3815 3641 3857 nomen
3680 3796 3768 3854 sibi

2199 3893 2480 3964 imperiale
2525 3901 2905 3963 usurpaverat.
2957 3891 3163 3947 Contra
3210 3892 3359 3948 hunc
3402 3892 3650 3949 ascendit
3688 3906 3766 3945 rex

2197 3984 2499 4055 Anglorum
2534 3999 2659 4037 cum
2689 3981 2808 4038 suis
2843 3982 2912 4037 de
2938 3981 3114 4047 mari;
3151 3996 3314 4051 quem
3344 3981 3584 4037 viriliter
3606 3978 3767 4036 debel-

2199 4077 2339 4142 lans,
2369 4090 2493 4132 cum
2519 4084 2630 4130 tota
2659 4074 2762 4129 sibi
2792 4073 3009 4144 subegit
3034 4073 3234 4128 insula.
3266 4072 3443 4140 Quem
3466 4089 3594 4129 cum
3623 4085 3768 4129 uxore

2196 4177 2252 4223 et
2293 4168 2479 4223 liberis
2519 4167 2815 4237 captivum,
2848 4156 2974 4220 cum
3019 4164 3140 4220 auri
3179 4173 3234 4220 et
3266 4167 3480 4237 argenti
3519 4174 3574 4221 et
3607 4178 3765 4220 rerum

2197 4271 2502 4318 ceterarum
2533 4258 2725 4329 copiis,
2764 4273 2951 4314 secum
2990 4257 3237 4324 adduxit,
3275 4265 3329 4312 et
3373 4257 3444 4312 ad
3485 4257 3765 4313 exercitum

2197 4351 2437 4421 Domini,
2477 4352 2533 4406 in
2576 4350 2858 4406 obsidione
2892 4348 3047 4405 urbis
3086 4348 3304 4406 Accone
3343 4346 3493 4405 fame
3530 4350 3764 4405 diuturna

2196 4445 2557 4510 laborantem,
2583 4442 2851 4513 pervenit,
2874 4456 3179 4512 eorumque
3212 4440 3458 4512 inopiam
3489 4441 3557 4497 de
3591 4438 3766 4511 opibus

501 4540 609 4596 qua
660 4525 927 4586 Balduino
965 4540 1271 4588 cesserunt.
1326 4531 1433 4589 Hec
1481 4534 1666 4589 omnia
1718 4535 2089 4606 suprascripta
2122 4525 2377 4608 D'secum
2427 4532 2676 4588 adductis
2716 4530 3004 4604 magniﬁce
3051 4531 3329 4587 relevavit.
3380 4529 3581 4587 Filiam
3621 4528 3764 4598 hujus

499 4617 650 4674 dedit
670 4619 954 4693 Philippus
976 4639 1162 4680 comes
1191 4624 1327 4696 regi,
1357 4624 1581 4696 quando
1605 4626 1656 4680 ei
1687 4634 1903 4697 neptem
1931 4642 2090 4682 suam

498 4707 797 4781 Elizabeth,
827 4714 995 4769 tiliam
1025 4714 1326 4787 Margarete
1362 4717 1574 4773 sororis
1613 4732 1733 4785 sue,
1760 4715 2092 4774 Hainoensis

499 4802 797 4871 comitisse,
828 4805 986 4876 legali
1014 4806 1365 4861 matrimonio
1389 4807 1673 4877 conjunxit
1703 4807 1873 4879 (456).

565 4894 706 4953 Cum
735 4900 1044 4955 marchisus
1073 4898 1360 4957 Conradus
1385 4900 1609 4973 Tyrum,
1647 4899 1802 4972 Syrie
1831 4901 2087 4959 Phenicis

495 4989 776 5047 civitatem
804 4993 1227 5060 nobilissimam,
1253 4993 1403 5064 justo
1437 4994 1811 5049 moderamine
1853 5002 2082 5064 regeret,

497 5083 905 5139 machinatione
933 5085 1218 5157 cujusdam
1251 5069 1613 5155 potentissimi
1648 5084 1909 5154 principis
1939 5083 2089 5138 chri-

497 5174 684 5242 stiani,
720 5175 979 5246 probitati
1025 5186 1080 5232 et
1127 5175 1371 5233 felicitati
1409 5176 1585 5247 ipsius
1628 5175 1937 5242 invidentis,
1983 5176 2088 5231 hoc

495 5267 661 5323 modo
683 5269 901 5324 occisus
925 5279 1026 5326 est.
1056 5269 1116 5326 ln
1140 5270 1334 5326 diebus
1356 5270 1503 5326 enim
1534 5268 1883 5340 paschalibus
1903 5269 1938 5321 5
1962 5266 2082 5323 Kal.

496 5355 645 5423 Maii,
673 5359 799 5414 cum
827 5361 1082 5432 princeps
1111 5362 1228 5432 ipse
1260 5362 1499 5433 quadam
1536 5360 1626 5416 die
1656 5360 1713 5415 in
1739 5361 1862 5416 loco
1888 5356 2084 5416 civita-

497 5445 591 5514 tis,
620 5447 711 5502 ubi
733 5451 1019 5506 monetarii
1047 5460 1223 5520 erant,
1257 5467 1422 5523 super
1444 5464 1648 5520 equum
1675 5448 1870 5505 sedens
1897 5447 1966 5503 ad
1987 5463 2084 5503 eos

2193 4627 2476 4698 principis,
2500 4640 2663 4696 quem
2687 4640 2875 4680 secum
2898 4624 3140 4679 vinctum
3170 4624 3494 4690 adduxerat,
3520 4623 3664 4679 dedit
3681 4634 3761 4675 rex

2192 4719 2493 4790 Anglorum
2533 4716 2768 4772 Gnidoni
2812 4715 3090 4786 quondam
3129 4715 3279 4787 regi,
3316 4729 3445 4770 cum
3475 4723 3590 4770 tota
3618 4710 3761 4784 Cypri

2193 4808 2394 4864 insula.
2423 4804 2627 4860 Comes
2649 4818 2779 4859 vero
2808 4801 3099 4870 Henricus,
3151 4801 3198 4858 si
3244 4801 3390 4859 Deus
3431 4802 3599 4857 nobis
3620 4799 3761 4856 resti-

2194 4898 2359 4954 tuerit
2384 4894 2745 4958 Hierusalem,
2774 4906 2869 4946 rex
2892 4890 3117 4947 futurus
3134 4890 3306 4962 (458),
3328 4889 3563 4962 Tyrum,
3580 4887 3762 4943 Asche-

2190 4990 2397 5054 lo'nem,
2430 4986 2767 5051 Acchonem,
2796 4982 3110 5048 Cesaream,
3146 4981 3354 5053 Joppen
3394 4990 3450 5037 et
3477 4991 3655 5038 cetera
3675 4993 3758 5035 ca-

2191 5081 2347 5138 stella
2376 5094 2538 5149 super
2569 5079 2723 5132 littus
2749 5074 2919 5131 maris
2949 5074 3150 5129 stantia
3185 5073 3449 5144 possedit.

2264 5166 2578 5224 Taneredus
2614 5165 2812 5235 Apulie
2840 5173 3105 5235 tyrannus
3149 5163 3383 5218 nuncios
3418 5176 3551 5219 suos
3578 5160 3642 5217 ad
3664 5157 3757 5216 Ce-

2191 5261 2449 5316 lestinum
2492 5271 2688 5327 papam
2723 5262 2779 5309 et
2830 5254 3108 5308 Romanos
3148 5252 3355 5325 dirigit,
3404 5252 3674 5324 spondens
3705 5262 3755 5304 se

2192 5352 2528 5410 redditurum
2566 5355 2760 5404 sancto
2782 5344 2964 5410 Petro,
3012 5345 3276 5415 quicquid
3321 5344 3643 5414 Apulienses
3667 5341 3754 5395 du-

2191 5459 2284 5500 ces
2318 5442 2388 5498 ab
2442 5438 2682 5496 antiquis
2721 5436 2915 5491 diebus
2952 5435 3028 5489 illi
3079 5434 3443 5502 abstulerant,
3488 5433 3537 5490 si
3589 5431 3750 5493 ﬁdem.

2017 5559 2249 5618 NOTE.

570 5651 720 5728 (tsi)
757 5655 843 5728 cr.
874 5656 1103 5723 Gisleb.,
1132 5672 1187 5728 p.
1214 5617 1341 5711 230.

593 5723 719 5782 455)
759 5724 1057 5782 lnsulense.

570 5655 697 5720 (454
757 5655 843 5710 Cf.
874 5656 1103 5723 Gisleb.,
1132 5672 1187 5728 p.
1214 5655 1341 5711 230.

593 5723 698 5778 455
759 5724 1057 5782 lnsulense.

566 5655 720 5865 £456;
758 5794 927 5853 Paulo
948 5797 1056 5853 alia
1078 5804 1263 5853 narrat
1291 5795 1647 5863 Gislebcrtus,
1672 5810 1725 5866 p.
1750 5792 1858 5848 255
1890 5807 1900 5823 π
2012 5824 2017 5828 ο

2262 5648 2412 5721 (457)
2436 5636 2641 5721 Plures
2657 5643 2924 5721 nominat
2944 5638 3310 5721 Cisleb‘ertu‘s,
3339 5652 3393 5706 p.
3423 5636 3545 5721 253.

2445 5698 2569 5797 llaec
2600 5698 2764 5783 igitur
2785 5698 3574 5802 scripta-sggtnant‘e.'niortem
3614 5698 3740 5754 [Icu-

2187 5777 2310 5856 rici,
2337 5777 2503 5859 quam
2531 5777 2648 5855 ipse
2678 5790 2870 5839 auctor
2892 5777 2944 5835 εἰ,
2986 5777 3119 5833 1197
3144 5786 3351 5831 narrat.
