3934 6316
176 399 277 464 δδς

993 397 1357 453 CllRONlC.\.
1398 426 1469 436 ——-
1504 390 1969 450 CONTINUATlO
2012 388 2518 457 AQUICINCTINA.
3279 391 3387 449 '53}

175 530 321 587 quam
365 510 630 567 habebant
678 527 802 567 cum
865 510 1099 567 Henrico
1141 512 1484 581 imperatore,
1537 506 1607 561 ad
1663 521 1723 561 se
1751 507 1796 563 Α
1821 503 2012 559 domos
2033 503 2374 568 clericorum,
2416 501 2507 570 qui
2536 500 2585 554 ei
2627 499 2976 568 adherebant,
3022 500 3207 554 subvet
3223 500 3306 566 tit,
3345 509 3393 551 et

175 604 531 661 transfean
568 602 721 670 Quod
760 603 987 660 audiens
1034 618 1170 672 papa
1211 601 1533 668 Celestinus,
1570 598 1725 654 valde

174 704 247 751 est
276 693 614 765 indignatus;
655 694 750 765 qui
796 709 953 750 versa
995 694 1112 749 vice
1144 693 1373 748 nuncios
1405 708 1557 758 suos,
1587 691 1727 746 duos

175 789 379 863 scilicet
404 786 729 853 cardinales,
775 786 844 841 ad
891 802 1018 842 eum
1065 785 1285 851 direxit,
1339 785 1624 851 mandans,
1669 793 1792 863 ut_

174 858 557 947 imperairicem
599 877 665 931 de
712 878 961 932 custodia
999 877 1237 932 edocens
1283 874 1597 946 imperatori
1635 890 1725 931 re-

176 971 428 1033 mitteret;
455 967 505 1022 si
532 982 661 1023 vero
691 968 794 1023 hoc
820 967 999 1023 facere
1021 968 1205 1025 nollet.
1236 967 1579 1022 anathemate
1600 982 1726 1037 per-

176 1070 320 1130 petuo
354 1073 412 1114 se
457 1057 758 1114 feriendum
795 1075 922 1116 cum
963 1069 1116 1129 parte
1164 1060 1458 1129 provincie,
1500 1075 1607 1129 que
1648 1059 1727 1115 illi

173 1149 387 1213 favebat,
423 1162 525 1218 pro
573 1157 722 1203 certo
755 1149 937 1204 sciret.
974 1147 1207 1204 Radulfo
1255 1148 1573 1205 Leodicensi
1612 1149 1728 1219 epi-

175 1256 342 1312 scopo,
365 1242 601 1313 quicum
625 1241 914 1297 Frederico
938 1240 1263 1310 imperatore
1279 1255 1494 1295 crucem
1521 1254 1731 1296 assum-

176 1340 357 1403 prerat,
406 1333 463 1387 in
499 1332 695 1399 itinere
740 1346 887 1386 anno
927 1331 1194 1401 superiori
1227 1338 1462 1399 mortuo,
1494 1330 1606 1386 duo
1632 1345 1729 1401 per

176 1422 558 1478 contentionem
582 1423 636 1477 in
659 1418 898 1493 prodicta
909 1423 1137 1479 ecclesia
1159 1430 1287 1479 sunt
1309 1422 1729 1489 electi,Autber-

176 1521 254 1569 tus
279 1513 501 1579 scilicet,
524 1513 694 1568 frater
724 1513 881 1569 ducis
907 1512 1284 1579 Lovauiensis,
1331 1523 1385 1568 et
1410 1513 1726 1579 Autbertus,

176 1602 323 1659 frater
348 1605 568 1660 comitis
596 1604 664 1659 de
686 1604 942 1660 Reitesta.
976 1602 1361 1660 Verumtamen
1406 1602 1737 1659 Lovaniensi

176 1695 418 1750 Autbcrto
430 1696 632 1766 justior
659 1711 803 1766 pars,
834 1695 1021 1752 sanior
1038 1704 1093 1750 et
1120 1694 1469 1765 multiplicior
1491 1695 1724 1750 favebat.

176 1785 420 1842 Henricus
471 1797 655 1843 autem
705 1789 998 1859 imperator
1040 1789 1111 1843 ab
1156 1773 1496 1857 expeditione
1539 1789 1727 1859 Appu-

177 1877 318 1934 licnsi
359 1894 635 1946 reversus,
677 1879 994 1936 electionem
1041 1880 1326 1950 utriusque
1372 1882 1628 1948 cessavit,
1677 1890 1733 1937 et

178 1968 471 2027 Lotbarium
523 1972 867 2027 Bonuensem
915 1972 1250 2042 prepositum
1295 1973 1625 2029 ditissimum
1664 1974 1734 2030 ad

177 2062 426 2117 civitatem
473 2063 736 2133 dirigens,
782 2064 1054 2134 palacium
1094 2063 1356 2135 episeOpi,
1388 2066 1542 2121 villas
1565 2074 1618 2121 et
1644 2082 1735 2121 ca-

178 2153 315 2208 stella
358 2155 621 2225 epise0pii
671 2156 721 2210 ei
781 2155 1039 2223 tradidit;
1097 2156 1303 2212 clerum
1348 2173 1567 2229 quoque
1608 2173 1732 2213 cum

180 2244 357 2314 populo
395 2245 445 2299 ei
485 2246 709 2301 obedire
750 2247 1007 2316 precepit.
1058 2245 1168 2302 Hec
1195 2248 1400 2313 omnia,
1428 2258 1488 2304 ut
1515 2249 1733 2320 quidam

179 2333 490 2407 existimant,
519 2334 650 2389 fecit
695 2337 991 2406 imperator
1020 2338 1250 2393 consilio
1287 2336 1536 2393 Balduini
1572 2339 1737 2395 comi-

162 2424 239 2478 tis
276 2423 597 2480 llainoensis
648 2427 816 2497 (459).
881 2426 1017 2482 Nant
1076 2438 1296 2499 propter
1357 2429 1528 2498 ipsius
1581 2429 1736 2485 ducis

180 2515 465 2583 superbiam
502 2525 557 2570 et
604 2516 964 2572 inveteratum
1008 2533 1136 2589 erga
1167 2534 1226 2573 se
1267 2517 1451 2573 odium
1477 2517 1735 2573 infestum

182 2605 389 2661 habebat
438 2606 613 2676 ipsius
658 2606 902 2663 fratrem.
944 2607 1064 2678 Ipse
1096 2624 1223 2664 vero
1251 2607 1547 2665 Autbcrtus
1571 2609 1739 2664 frater

181 2696 346 2763 ducis,
393 2697 585 2753 videns
640 2699 695 2752 in
754 2715 814 2755 se
869 2699 1069 2754 f..ctam
1122 2700 1474 2770 injusticiam,
1543 2701 1738 2756 timore

183 2785 504 2856 inperatoris
554 2788 743 2844 habitu
788 2790 1041 2859 pauperis
1080 2790 1304 2846 viatoris
1335 2799 1637 2861 assumpto,
1670 2791 1738 2846 ad

181 2878 326 2948 Mes
345 2877 607 2939 ϐαιτεϋηὶ
641 2897 796 2952 papze
821 2880 1104 2937 Latet-anis
1128 2884 1389 2952 pervenit.
1420 2882 1619 2938 Audita
1641 2900 1738 2938 au-

182 2976 275 3024 tem
299 2986 432 3041 papa
456 2972 748 3028 electionis
777 2974 989 3040 ratione
1020 2983 1075 3028 et
1116 2974 1428 3042 concordia,
1452 2976 1625 3030 electo
1647 2976 1737 3030 lit-

184 3068 309 3116 teras
340 3078 469 3118 suas
512 3064 763 3131 tradidit,
809 3065 1221 3137 archiepiscopo
1263 3068 1528 3123 mandans
1571 3068 1737 3128 Calo-

182 3151 357 3220 niensi,
388 3163 447 3209 ut
470 3156 521 3210 ei
554 3172 761 3213 munus
780 3156 1029 3213 conferat
1055 3159 1505 3220 consecrationis.
1537 3163 1733 3220 Letha-

184 3243 284 3300 rius
304 3255 476 3302 tamen
498 3248 847 3319 imperatoris
864 3249 1091 3321 electus,
1112 3269 1209 3323 per
1218 3256 1499 3322 ecclesias,
1520 3258 1739 3314 castella

182 3345 229 3390 et
246 3338 474 3406 ejusdem
501 3341 767 3413 episeopii
798 3342 958 3401 villas
1005 3348 1347 3415 pontificales
1382 3350 1577 3421 agebat
1605 3368 1742 3406 cau-

185 3442 280 3484 sas.
317 3427 465 3488 Luna
510 3435 717 3491 mensis
767 3435 996 3507 Augusti
1033 3453 1288 3495 crescens
1321 3448 1377 3495 et
1420 3441 1742 3499 decrescens

189 3521 331 3579 nimis
352 3526 528 3581 extitit
560 3528 806 3596 pluviosa
832 3538 888 3584 et
916 3538 1303 3599 tempestuosa,
1326 3541 1381 3588 et
1414 3535 1742 3591 metentibus

188 3613 332 3671 nimis
397 3619 671 3687 molesta;
724 3630 905 3676 tamen
956 3622 1296 3693 subsequens
1365 3625 1495 3680 luna
1537 3627 1743 3684 mensis

190 3704 498 3775 Septembris
553 3709 658 3764 fuit
704 3711 962 3780 gratiosa,
1011 3713 1152 3767 unde
1196 3714 1390 3769 messis
1428 3715 1652 3771 triticea
1690 3725 1744 3772 et

190 3793 434 3851 vindemia
467 3798 819 3854 mediocriter
844 3800 949 3854 fuit
976 3800 1138 3854 bona.
1176 3800 1483 3858 Riebardus
1514 3820 1607 3859 rex
1632 3805 1745 3859 An-

190 3884 399 3955 glorum,
427 3904 596 3959 supra
637 3899 887 3945 naturam
940 3891 1235 3947 humanam
1277 3894 1508 3964 cupidus
1532 3904 1585 3949 et
1612 3911 1744 3952 ava-

191 3992 289 4044 rus,
309 3988 360 4034 et
384 3982 533 4036 omni
565 3982 951 4038 christianitati
1000 3983 1212 4040 invisus
1239 3994 1294 4040 et
1328 3987 1563 4053 rebellis,
1591 4002 1623 4041 a
1646 3986 1746 4043 Sa-

190 4068 421 4126 lahadino
442 4089 647 4145 magno
694 4075 880 4144 preeio
927 4076 1047 4130 auri
1084 4086 1357 4147 suscepto,
1382 4078 1745 4134 Asebalonem

192 4162 659 4219 nominatissimatn
696 4166 1119 4222 Christianorum
1161 4168 1434 4223 civitatem
1460 4169 1742 4224 subvertit.

193 4247 481 4312 Tancredus
519 4256 719 4327 Apulie
750 4265 1016 4328 tyrannus
1059 4274 1089 4313 a
1137 4258 1410 4315 Celestino
1436 4275 1571 4330 papa
1599 4276 1749 4316 com-

194 4342 360 4410 pulsus
385 4346 786 4417 imperatricem
819 4350 887 4405 de
932 4350 1181 4406 custodia
1216 4351 1487 4416 relaxans,
1514 4351 1748 4421 impera-

195 4436 282 4489 lori
308 4439 544 4496 remittit.

1765 3204 1813 3268 C

1823 592 1975 663 regni
2001 591 2088 646 sui
2109 590 2389 644 introitum
2419 588 2591 642 eidem
2621 587 2876 656 episeopo
2917 587 3212 643 interdixit.
3244 587 3390 643 Tan-

1823 681 2018 735 credus
2047 677 2237 749 Apulie
2274 685 2536 748 tyrannus
2577 675 2828 730 moritur.
2875 675 3180 735 Celestiuus
3227 692 3387 748 papa,

1824 780 2001 825 morte
2029 770 2150 839 ejus
2178 769 2381 833 audita,
2422 774 2611 823 contra
2645 764 2937 822 Henricum
2985 767 3388 836 imperatorem,

1824 877 1986 931 quem
2010 870 2228 932 prepter
2252 858 2571 914 Autbertum
2602 858 2987 914 Leodicensem
3000 860 3313 929 episcopum
3340 868 3394 915 et

1824 953 1961 1008 alias
1992 952 2223 1009 latentes
2247 968 2444 1008 causas
2466 950 2722 1007 infestum
2762 951 3014 1019 habebat,
3048 952 3213 1006 filium
3246 951 3393 1006 Tan-

1825 1041 1975 1097 credi
2001 1042 2056 1096 in
2076 1042 2292 1112 Apulia,
2314 1040 2565 1096 Calabria
2590 1049 2646 1096 et
2677 1039 2863 1096 Sicilia
2904 1056 3084 1113 regem
3115 1042 3391 1097 sublimat.

1826 1132 2071 1205 Eclypsis
2093 1134 2220 1189 lune
2247 1133 2446 1190 accidit
2474 1133 2532 1187 ll
2566 1131 2684 1189 Kal.
2708 1132 2960 1189 Decemb.
2995 1133 3123 1189 luna
3147 1134 3233 1198 η,
3260 1134 3391 1190 hora

1827 1225 2002 1280 noctis
2047 1224 2102 1291 8,
2154 1224 2365 1280 duabus
2396 1224 2640 1295 ejusdem
2684 1224 2928 1295 partibus
2970 1225 3294 1293 obscuratis,
3342 1227 3394 1281 in

1827 1331 1930 1373 suo
1963 1315 2173 1387 fulgore
2217 1324 2370 1386 parte
2404 1315 2569 1370 tercia
2615 1324 2984 1385 permanente.
3030 1305 3395 1388 Subsequenti

1827 1407 1915 1462 die
1940 1407 2234 1463 Autbertus
2276 1406 2624 1462 Leodicensis
2663 1408 2972 1478 episcopus,
3013 1425 3045 1464 a
3072 1411 3396 1480 quibusdam

1828 1498 2200 1570 proditoribus
2224 1507 2375 1553 extra
2409 1501 2594 1554 urbem
2622 1499 2943 1555 llemensem
2968 1502 3216 1571 eductus,
3245 1503 3401 1558 inau-

1829 1590 1943 1646 dita
1994 1592 2187 1647 mortis
2217 1591 2535 1647 crudelitate
2569 1593 2652 1646 vir
2679 1592 2864 1662 justus
2891 1593 2957 1649 ab
2984 1596 3166 1666 impiis
3189 1606 3242 1651 et
3270 1581 3402 1667 pro-
3426 1586 3431 1597 ’

1828 1684 2096 1739 ditoribus
2123 1683 2440 1739 innocenter
2460 1683 2763 1753 perimitur.
2788 1683 2924 1740 Nam
2951 1683 3218 1743 Henricus
3235 1688 3377 1759 impe

1832 1785 1999 1843 rator,
2049 1775 2143 1845 qui
2191 1773 2448 1830 Lotbario
2479 1774 2711 1843 favebat,
2764 1792 2926 1848 quem
2962 1777 3016 1833 in
3058 1779 3184 1834 sede
3212 1779 3399 1835 Leodi-

1831 1866 1980 1921 censi
2007 1865 2323 1932 intruserat,
2355 1881 2479 1919 eum
2509 1882 2538 1919 a
2586 1882 2752 1936 regno
2800 1882 2902 1922 suo
2935 1868 3231 1938 expulerat.
3262 1867 3404 1923 Wil-

1832 1957 2027 2014 lelmus
2067 1966 2249 2012 autem
2303 1956 2587 2013 Remensis
2632 1958 3073 2029 archiepiscopus
3117 1969 3170 2015 et
3212 1976 3404 2017 omnes

1831 2049 1977 2104 cives
2010 2048 2333 2115 Hennenses,
2378 2064 2505 2104 eum
2554 2049 2855 2105 detinentes
2896 2050 3116 2116 ibidem,
3145 2067 3401 2122 magnum

1830 2143 1880 2197 ei
1905 2142 2164 2199 honorem
2208 2149 2263 2196 et
2305 2141 2660 2196 reverentiam
2701 2141 3007 2196 exibebant.
3040 2140 3296 2212 Sepultus
3324 2152 3405 2199 est

1832 2244 2012 2288 autem
2061 2249 2185 2288 eum
2230 2232 2442 2302 magnis
2489 2234 2732 2287 omnium
2788 2234 3032 2289 lacrimis
3075 2235 3129 2290 in
3178 2236 3404 2291 ecclesia

1835 2326 2026 2395 majori
2076 2324 2388 2380 beatissime
2427 2323 2593 2379 Matio
2632 2325 2721 2381 Dei
2750 2326 3043 2397 genitricis,
3077 2327 3132 2382 in
3162 2326 3282 2383 loco
3315 2330 3406 2383 ubi

1836 2419 2026 2472 lentus
2058 2413 2350 2472 Nichasius
2379 2414 2822 2487 archiepiscopus
2856 2433 2956 2488 pro
2995 2417 3215 2473 Christo
3242 2434 3401 2474 oecu-

1835 2510 1969 2566 buit.
2017 2508 2123 2575 Qui
2166 2508 2387 2564 fuerunt
2433 2508 2808 2564 interfectores
2850 2509 3112 2579 episcopi,
3145 2518 3199 2565 et
3241 2529 3268 2564 a
3300 2526 3411 2581 quo

1837 2601 2010 2667 missi,
2050 2601 2333 2671 ignoratur
2364 2599 2549 2670 (460);
2599 2600 2703 2654 hoc
2742 2608 2922 2654 tamen
2955 2600 3146 2665 scitur,
3173 2600 3318 2670 quod
3344 2600 3413 2655 de

1836 2686 2126 2767 Germania
2173 2690 2453 2755 venerint,
2505 2697 2559 2744 et
2595 2689 2734 2764 .illuc
2778 2689 3108 2768 aufugerim.
3158 2689 3238 2752 Ve
3283 2686 3425 2763 illis,

1836 2784 1965 2854 quia
2014 2786 2095 2839 via
2141 2783 2279 2839 Cain
2327 2785 2598 2851 abierunt,
2672 2792 2766 2863 qui
2800 2792 3025 2847 fratrem
3076 2808 3239 2849 suum
3281 2791 3413 2848 Abel

1833 2872 2042 2943 justum
2076 2872 2130 2928 in
2152 2890 2294 2961 agro
2318 2873 2616 2947 interfecit,
2652 2898 2682 2937 e
2716 2882 3065 2939 tabernaculo
3085 2892 3411 2939 extractum.

1838 2965 2009 3036 Cujus
2039 2982 2306 3042 sequaces
2342 2974 2452 3040 isti,
2494 2984 2702 3043 patrem
2750 2989 2909 3028 suum
2935 2981 2991 3029 et
3038 2973 3319 3029 dominum
3349 2975 3418 3029 tle

1841 3058 2057 3119 Civitate
2087 3063 2343 3119 Remensi
2370 3063 2562 3118 callide
2589 3063 2898 3131 educentes,
2945 3070 3006 3118 ut
3042 3062 3268 3118 liberius
3296 3080 3420 3134 per-

1842 3163 2119 3226 petrarent
2152 3154 2437 3226 flagitium,
2480 3155 2719 3210 secundo
2760 3171 2945 3212 mense
2989 3155 3419 3212 consecrationis

1841 3247 1961 3317 ejus
2004 3245 2094 3301 vix
2133 3247 2338 3316 elapso,
2387 3254 2549 3315 caput
2594 3246 2766 3301 sancti
2817 3246 3114 3302 sacerdotis
3156 3262 3420 3301 mucrone

1843 3337 2012 3408 impio
2033 3338 2440 3393 mutilaverunt.
2466 3336 2709 3392 Prudens
2735 3337 2923 3405 lector,
2956 3346 3087 3393 nota
3116 3337 3417 3392 inauditam

1842 3429 2181 3502 proditorum
2213 3427 2528 3483 versutiam.
2553 3427 2733 3483 Pridie
2753 3428 2899 3483 enim
2929 3446 3097 3500 quam
3126 3430 3231 3486 ista
3258 3446 3419 3501 agere

1843 3521 2223 3588 deliberarent,
2249 3520 2551 3576 bominium
2583 3519 2633 3574 ei
2663 3519 2928 3587 fecerunt,
2960 3537 3029 3575 ne
3054 3536 3151 3576 eos
3194 3521 3421 3577 haberet

1844 3622 2147 3684 suspectos.
2174 3611 2249 3668 Ve
2279 3611 2462 3683 impiis
2492 3611 2866 3679 traditoribus,
2901 3626 3138 3683 quorum
3166 3613 3417 3683 impieta-

1845 3714 1951 3761 tem
1976 3704 2076 3760 celi
2101 3704 2435 3770 revelabunt,
2463 3714 2513 3759 et
2543 3713 2681 3757 terra
2707 3703 2969 3758 adversus
3002 3717 3099 3758 eos
3124 3713 3417 3775 consurget

1845 3797 1900 3851 in
1922 3796 2009 3851 die
2043 3794 2242 3850 furoris
2268 3794 2505 3861 Domini,
2533 3793 2638 3848 nisi
2655 3792 2856 3849 fuerint
2880 3791 3112 3849 Domino
3141 3803 3420 3865 prestante

1845 3884 2112 3943 conversi.
2151 3885 2292 3941 Inter
2335 3883 2665 3941 Ricbardum
2704 3899 2883 3955 regem
2913 3883 3215 3955 Anglorum
3243 3891 3297 3939 et
3322 3880 3422 3938 Sa-

1846 3978 2183 4044 labadinum,
2214 3975 2543 4031 christianos
2571 3991 2789 4047 quoque
2811 3984 2865 4032 et
2888 3968 3221 4031 Sarracenos
3250 3984 3423 4031 trans-

1847 4068 2112 4135 marinos,
2139 4067 2356 4122 induete
2382 4066 2545 4122 triutn
2578 4081 2845 4122 annorum
2878 4066 3186 4134 firmantur,
3220 4065 3419 4121 misera

1848 4160 2165 4214 condicione
2189 4158 2527 4229 interposita,
2561 4162 2618 4212 ut
2640 4157 2832 4213 civitas
2870 4157 3145 4213 Aschalon
3189 4157 3419 4213 nobilis-

1850 4250 1987 4303 sima
2016 4248 2420 4303 subverteretur
2449 4263 2478 4300 a
2510 4247 2733 4301 nostris.
2768 4244 2924 4318 Hugo
2945 4247 3054 4301 dux
3078 4245 3423 4318 Burgundio-'-

1850 4357 1979 4394 num
2007 4339 2202 4393 ibidem
2235 4338 2505 4404 moritur;
2533 4336 2621 4392 cui
2654 4338 2707 4392 in
2741 4337 2940 4392 ducatu
2973 4336 3423 4407 Burgundionum

1851 4434 2116 4492 successit
2148 4430 2285 4498 Odo,
2324 4431 2467 4486 filius
2496 4431 2633 4499 ejus.
2669 4429 2820 4484 Multi
2854 4430 3054 4485 milites
3083 4429 3252 4485 armis
3280 4437 3424 4484 stre-

256 4526 546 4588 Willelmus
596 4531 885 4588 Bernensis
952 4535 1415 4606 archiepiscopus,
1474 4536 1668 4591 litteris
1713 4553 1742 4591 ει
1778 4535 1821 4588 D
1849 4527 1939 4583 nui
1965 4526 2070 4581 hoc
2095 4539 2239 4578 anno
2271 4532 2420 4577 trans
2448 4538 2597 4577 mare
2625 4530 2753 4576 sunt
2783 4521 3006 4587 mortui,
3044 4522 3264 4593 quidam
3297 4522 3428 4578 Sar-

194 4618 443 4678 Celestino
494 4639 637 4696 papa
685 4628 944 4696 acceptis,
994 4626 1315 4682 Autbcrtum
1361 4627 1748 4683 Leodicensem

194 4710 399 4769 electum
441 4716 496 4770 in
545 4716 765 4772 civitate
787 4716 1042 4773 Remensi
1083 4733 1270 4774 mense
1304 4717 1604 4788 Septembri
1635 4718 1751 4788 epi-

196 4817 399 4876 scopum
448 4810 809 4865 consecravit.
874 4809 1330 4880 Archiepiscopus
1388 4811 1552 4865 etiam
1589 4809 1750 4865 Coto;

196 4894 397 4963 niensis,
436 4899 506 4954 ab
553 4899 677 4968 ejus
711 4901 1120 4955 consecratione
1173 4915 1544 4965 seexcusaus,
1588 4909 1647 4954 ut
1699 4901 1750 4954 ei

198 4998 376 5043 munus
414 4989 844 5059 consecrationis
880 4990 1201 5060 imponeret,
1250 5006 1346 5061 per
1374 4990 1581 5046 litteras
1615 5006 1744 5045 suas

198 5074 425 5140 optinuit.
457 5075 727 5134 Henricus
752 5079 1048 5149 imperator
1068 5079 1316 5146 audiens,
1338 5079 1486 5149 quod
1514 5078 1757 5136 Autber-.

200 5168 275 5218 tus
315 5161 656 5225 Leodicensis
706 5169 910 5224 electus
955 5168 1185 5240 gratiam
1239 5169 1668 5224 consecrationis
1715 5184 1745 5223 a

201 5262 318 5323 papa
342 5266 393 5311 et
418 5257 681 5315 Romanis
702 5268 892 5315 contra
915 5276 1075 5315 suum
1114 5260 1455 5330 propositum
1484 5258 1744 5329 imper-a-

208 5345 336 5413 verit,
363 5348 586 5405 nimium
629 5351 940 5423 indignatus
982 5350 1239 5405 Leodium
1275 5349 1422 5404 venit
1457 5349 1671 5419 (Soph),
1696 5358 1749 5403 et

1853 4631 2177 4675 racenorum
2223 4612 2416 4684 gladiis
2459 4612 2787 4681 interempti,
2839 4611 2933 4665 alii
2963 4625 3091 4666 vero
3121 4622 3296 4669 morte
3330 4629 3429 4669 na-

1853 4707 2033 4764 turali.
2066 4704 2289 4761 Residui
2315 4713 2497 4757 autem
2524 4710 2753 4771 excepto
2782 4699 3017 4756 Henrico
3053 4717 3178 4773 rege
3209 4711 3262 4758 et
3288 4703 3427 4771 suis,

1850 4814 2042 4871 parum
2069 4797 2141 4852 ibi
2170 4793 2535 4866 proficientes,
2561 4792 2627 4846 ad
2652 4790 2867 4862 propria
2900 4782 3028 4846 sunt
3056 4794 3281 4850 reversi.

1923 4890 2078 4945 H93.
2152 4887 2216 4941 Β.
2259 4887 2311 4941 5.
2385 4884 2445 4938 F.
2494 4884 2574 4938 l5.
2646 4883 2709 4936 A.
2750 4883 2801 4937 ιι.

1920 4983 2103 5037 Mense
2154 4979 2414 5035 Januario
2474 4978 2743 5049 peregrini
2796 4982 3145 5036 transmarini
3199 4980 3268 5037 ad
3326 4996 3431 5041 nos

1852 5073 2054 5129 reversi
2076 5080 2222 5138 sunt,
2256 5071 2322 5125 de
2364 5071 2774 5139 rccuperatione
2822 5079 2965 5126 terre
3013 5072 3240 5142 perdite,
3278 5072 3428 5144 quod

1853 5179 1953 5218 nos
1978 5161 2258 5218 letificaret
2287 5160 2368 5214 vel
2407 5160 2611 5231 scripto
2640 5160 2864 5232 dignum
2902 5170 3070 5229 esset,
3094 5161 3262 5218 nichil
3284 5177 3428 5217 nun-

1853 5255 2077 5309 ciantes.
2112 5251 2418 5308 Ricbardus
2444 5257 2632 5307 sancte
2653 5252 2914 5308 memorie
2927 5253 3232 5308 conversus
3251 5251 3430 5323 Aqui-

1852 5346 2145 5402 cina-tensis
2174 5342 2423 5412 moritur,
2468 5354 2522 5402 et
2550 5346 2605 5400 in
2636 5346 2823 5402 eodem
2857 5345 3187 5400 monasterio
3230 5347 3430 5418 sepeli-

1688 5501 1921 5561 NOTAE.

262 5615 398 5694 {459)
440 5617 833 5694 Nequaquam;
880 5617 1177 5694 Qalduinus
1213 5616 1360 5694 enim
1404 5630 1510 5694 pro
1541 5630 1741 5694 conso-

262 5636 398 5694 μου)
440 5636 833 5743 nequaquam;
881 5636 1177 5700 uatuutnus
1213 5636 1360 5672 enim
1404 5636 1503 5686 pro
1541 5636 1741 5669 conso-

207 5680 347 5765 brino
374 5703 471 5765 suo
563 5689 846 5765 Iberto_de
888 5687 1127 5743 Rettesta
1172 5686 1416 5765 multum'
1442 5684 1743 5765 laborabat,

209 5755 281 5805 cui
306 5762 354 5809 et
374 5757 657 5827 imperator
676 5759 1050 5829 episcopatum
1072 5756 1415 5829 promiserat,
1444 5755 1536 5829 sed
1560 5763 1742 5829 postea

210 5835 403 5895 accepta
431 5823 592 5884 nimia
624 5823 880 5900 pecunia,
903 5823 1163 5882 Lothaﬁo
1191 5826 1439 5881 contulit.
1464 5823 1747 5880 Cf.Cisle-

1848 5614 2083 5682 bertum,
2113 5633 2275 5687 quem
2299 5617 2598 5687 Balduinus
2620 5632 2745 5687 pro
2774 5616 3011 5687 ihlberto
3036 5615 3105 5670 ad
3134 5616 3435 5687 imperato-

1850 5701 1963 5757 rem
2014 5684 2324 5757 delegavitx
2348 5703 2403 5757 p.
2452 5686 2579 5752 217,
2607 5684 2734 5757 ﬁt,
2754 5684 2893 5757 A224,
2913 5685 3020 5740 228
3047 5701 3131 5757 sq.
3150 5684 3425 5757 εδδ-246.

1922 5750 2070 5880 {tolli
2115 5750 2235 5811 σω(
2286 5750 2662 5811 ἰιὸναηὶθὴείε
2716 5753 2771 5811 id
2808 5750 3136 5841 imperatori
3193 5756 3436 5829 imputa-

1852 5841 1917 5879 na
1950 5866 1961 5881 .
2130 5848 2133 5851 ·
