  <div class='ocr_page' id='page_1' title='image "/cluster/home/n/w/nwhite01/storage/ocr_20150623/160/hvd.32044015473846/173.png"; bbox 0 0 3934 6316; ppageno 0'>
   <div class='ocr_carea' id='block_1_1' title="bbox 490 400 600 464">
    <p class='ocr_par' dir='ltr' id='par_1_1' title="bbox 490 400 600 464">
     <span class='ocr_line' id='line_1_1' title="bbox 490 400 600 464; baseline 0 0"><span class='ocrx_word' id='word_1_1' title='bbox 490 400 600 464; x_wconf 73' lang='lat'><strong>555</strong></span> 
     </span>
    </p>
   </div>
   <div class='ocr_carea' id='block_1_2' title="bbox 1675 371 2605 447">
    <p class='ocr_par' dir='ltr' id='par_1_2' title="bbox 1675 371 2605 447">
     <span class='ocr_line' id='line_1_2' title="bbox 1675 371 2605 447; baseline -0.018 1"><span class='ocrx_word' id='word_1_2' title='bbox 1675 373 2037 447; x_wconf 81' lang='lat' dir='ltr'><strong>SIGEBERTI</strong></span> <span class='ocrx_word' id='word_1_3' title='bbox 2077 371 2605 439; x_wconf 77' lang='lat' dir='ltr'><strong>GEMBLACE’NSIS</strong></span> 
     </span>
    </p>
   </div>
   <div class='ocr_carea' id='block_1_3' title="bbox 3650 366 3757 423">
    <p class='ocr_par' dir='ltr' id='par_1_3' title="bbox 3650 366 3757 423">
     <span class='ocr_line' id='line_1_3' title="bbox 3650 366 3757 423; baseline -0.009 -28"><span class='ocrx_word' id='word_1_4' title='bbox 3650 366 3757 423; x_wconf 58' lang='lat'><strong>55,.</strong></span> 
     </span>
    </p>
   </div>
   <div class='ocr_carea' id='block_1_4' title="bbox 495 479 3742 583">
    <p class='ocr_par' dir='ltr' id='par_1_4' title="bbox 495 479 3742 583">
     <span class='ocr_line' id='line_1_4' title="bbox 495 479 3742 583; baseline -0.011 -11"><span class='ocrx_word' id='word_1_5' title='bbox 495 524 601 573; x_wconf 86' lang='lat' dir='ltr'><strong>tur.</strong></span> <span class='ocrx_word' id='word_1_6' title='bbox 636 510 811 583; x_wconf 80' lang='lat' dir='ltr'><strong>Hujus</strong></span> <span class='ocrx_word' id='word_1_7' title='bbox 839 499 944 566; x_wconf 82' lang='lat' dir='ltr'><strong>viri</strong></span> <span class='ocrx_word' id='word_1_8' title='bbox 979 510 1116 565; x_wconf 89' lang='lat' dir='ltr'><strong>mira</strong></span> <span class='ocrx_word' id='word_1_9' title='bbox 1166 509 1269 567; x_wconf 88' lang='lat' dir='ltr'><strong>fuit</strong></span> <span class='ocrx_word' id='word_1_10' title='bbox 1288 508 1409 582; x_wconf 81' lang='lat' dir='ltr'><strong>cybi</strong></span> <span class='ocrx_word' id='word_1_11' title='bbox 1450 515 1503 563; x_wconf 91' lang='lat' dir='ltr'><strong>et</strong></span> <span class='ocrx_word' id='word_1_12' title='bbox 1530 513 1692 576; x_wconf 89' lang='lat' dir='ltr'><strong>potus</strong></span> <span class='ocrx_word' id='word_1_13' title='bbox 1717 499 2067 565; x_wconf 74' lang='lat' dir='ltr'><strong>abstinentia,</strong></span> <span class='ocrx_word' id='word_1_14' title='bbox 2102 501 2141 558; x_wconf 73' lang='grc' dir='ltr'>Α</span> <span class='ocrx_word' id='word_1_15' title='bbox 2169 482 2357 558; x_wconf 78' lang='lat' dir='ltr'><strong>Marie,</strong></span> <span class='ocrx_word' id='word_1_16' title='bbox 2380 490 2685 546; x_wconf 81' lang='lat' dir='ltr'><strong>Ambianis.</strong></span> <span class='ocrx_word' id='word_1_17' title='bbox 2708 488 2766 542; x_wconf 83' lang='lat' dir='ltr'><strong>In</strong></span> <span class='ocrx_word' id='word_1_18' title='bbox 2783 488 2871 542; x_wconf 92' lang='lat' dir='ltr'><strong>die</strong></span> <span class='ocrx_word' id='word_1_19' title='bbox 2898 495 3080 542; x_wconf 89' lang='lat' dir='ltr'><strong>autem</strong></span> <span class='ocrx_word' id='word_1_20' title='bbox 3103 480 3495 553; x_wconf 85' lang='lat' dir='ltr'><strong>assumptionis</strong></span> <span class='ocrx_word' id='word_1_21' title='bbox 3514 479 3742 550; x_wconf 74' lang='lat' dir='ltr'><strong>ejusdem</strong></span> 
     </span>
    </p>
   </div>
   <div class='ocr_carea' id='block_1_5' title="bbox 493 591 2075 670">
    <p class='ocr_par' dir='ltr' id='par_1_5' title="bbox 493 591 2075 670">
     <span class='ocr_line' id='line_1_5' title="bbox 493 591 2075 670; baseline -0.009 -11"><span class='ocrx_word' id='word_1_22' title='bbox 493 605 664 661; x_wconf 82' lang='lat' dir='ltr'><strong>lectus</strong></span> <span class='ocrx_word' id='word_1_23' title='bbox 704 604 889 658; x_wconf 89' lang='lat' dir='ltr'><strong>nullus</strong></span> <span class='ocrx_word' id='word_1_24' title='bbox 934 591 1029 658; x_wconf 79' lang='lat' dir='ltr'><strong>aut</strong></span> <span class='ocrx_word' id='word_1_25' title='bbox 1047 603 1240 670; x_wconf 90' lang='lat' dir='ltr'><strong>durus,</strong></span> <span class='ocrx_word' id='word_1_26' title='bbox 1283 601 1454 656; x_wconf 78' lang='lat' dir='ltr'><strong>vestis</strong></span> <span class='ocrx_word' id='word_1_27' title='bbox 1496 597 1725 667; x_wconf 76' lang='lat' dir='ltr'><strong>abiecta,</strong></span> <span class='ocrx_word' id='word_1_28' title='bbox 1766 591 2075 663; x_wconf 88' lang='lat' dir='ltr'><strong>compassio</strong></span> 
     </span>
    </p>
   </div>
   <div class='ocr_carea' id='block_1_6' title="bbox 492 680 2074 765">
    <p class='ocr_par' dir='ltr' id='par_1_6' title="bbox 492 680 2074 765">
     <span class='ocr_line' id='line_1_6' title="bbox 492 680 2074 765; baseline -0.009 -16"><span class='ocrx_word' id='word_1_29' title='bbox 492 711 619 765; x_wconf 83' lang='lat' dir='ltr'><strong>erga</strong></span> <span class='ocrx_word' id='word_1_30' title='bbox 648 709 915 765; x_wconf 81' lang='lat' dir='ltr'><strong>pauperes</strong></span> <span class='ocrx_word' id='word_1_31' title='bbox 930 702 985 748; x_wconf 91' lang='lat' dir='ltr'><strong>et</strong></span> <span class='ocrx_word' id='word_1_32' title='bbox 1012 694 1315 749; x_wconf 84' lang='lat' dir='ltr'><strong>monachos</strong></span> <span class='ocrx_word' id='word_1_33' title='bbox 1342 689 1660 747; x_wconf 88' lang='lat' dir='ltr'><strong>claustrales</strong></span> <span class='ocrx_word' id='word_1_34' title='bbox 1681 685 1878 742; x_wconf 77' lang='lat' dir='ltr'><strong>eximia</strong></span> <span class='ocrx_word' id='word_1_35' title='bbox 1903 680 2074 753; x_wconf 69' lang='grc'><strong>(461).</strong></span> 
     </span>
    </p>
   </div>
   <div class='ocr_carea' id='block_1_7' title="bbox 494 775 2075 849">
    <p class='ocr_par' dir='ltr' id='par_1_7' title="bbox 494 775 2075 849">
     <span class='ocr_line' id='line_1_7' title="bbox 494 775 2075 849; baseline -0.008 -9"><span class='ocrx_word' id='word_1_36' title='bbox 494 785 764 842; x_wconf 79' lang='lat' dir='ltr'><strong>Henricus</strong></span> <span class='ocrx_word' id='word_1_37' title='bbox 793 785 903 840; x_wconf 80' lang='lat' dir='ltr'><strong>dux</strong></span> <span class='ocrx_word' id='word_1_38' title='bbox 926 783 1289 840; x_wconf 86' lang='lat' dir='ltr'><strong>Lovaniensis</strong></span> <span class='ocrx_word' id='word_1_39' title='bbox 1316 793 1373 839; x_wconf 88' lang='lat' dir='ltr'><strong>et</strong></span> <span class='ocrx_word' id='word_1_40' title='bbox 1401 782 1668 838; x_wconf 87' lang='lat' dir='ltr'><strong>llenricns</strong></span> <span class='ocrx_word' id='word_1_41' title='bbox 1686 787 1915 849; x_wconf 90' lang='lat' dir='ltr'><strong>patruus</strong></span> <span class='ocrx_word' id='word_1_42' title='bbox 1935 775 2075 845; x_wconf 86' lang='lat' dir='ltr'><strong>ejus,</strong></span> 
     </span>
    </p>
   </div>
   <div class='ocr_carea' id='block_1_8' title="bbox 494 867 2081 947">
    <p class='ocr_par' dir='ltr' id='par_1_8' title="bbox 494 867 2081 947">
     <span class='ocr_line' id='line_1_8' title="bbox 494 867 2081 947; baseline -0.007 -15"><span class='ocrx_word' id='word_1_43' title='bbox 494 880 607 932; x_wconf 75' lang='lat' dir='ltr'><strong>dux</strong></span> <span class='ocrx_word' id='word_1_44' title='bbox 650 877 1057 944; x_wconf 80' lang='lat' dir='ltr'><strong>Ardennensis,</strong></span> <span class='ocrx_word' id='word_1_45' title='bbox 1131 877 1423 947; x_wconf 77' lang='lat' dir='ltr'><strong>insurgunt</strong></span> <span class='ocrx_word' id='word_1_46' title='bbox 1478 881 1667 930; x_wconf 86' lang='lat' dir='ltr'><strong>contra</strong></span> <span class='ocrx_word' id='word_1_47' title='bbox 1714 869 1969 926; x_wconf 86' lang='lat' dir='ltr'><strong>comitem</strong></span> <span class='ocrx_word' id='word_1_48' title='bbox 2012 867 2081 923; x_wconf 83' lang='lat' dir='ltr'><strong>de</strong></span> 
     </span>
    </p>
   </div>
   <div class='ocr_carea' id='block_1_9' title="bbox 497 958 2082 1040">
    <p class='ocr_par' dir='ltr' id='par_1_9' title="bbox 497 958 2082 1040">
     <span class='ocr_line' id='line_1_9' title="bbox 497 958 2082 1040; baseline -0.01 -13"><span class='ocrx_word' id='word_1_49' title='bbox 497 970 696 1027; x_wconf 83' lang='lat' dir='ltr'><strong>Oslada</strong></span> <span class='ocrx_word' id='word_1_50' title='bbox 727 970 874 1040; x_wconf 73' lang='grc'>(462)</span> <span class='ocrx_word' id='word_1_51' title='bbox 901 978 956 1024; x_wconf 91' lang='lat' dir='ltr'><strong>et</strong></span> <span class='ocrx_word' id='word_1_52' title='bbox 984 968 1306 1024; x_wconf 85' lang='lat' dir='ltr'><strong>Lotharium</strong></span> <span class='ocrx_word' id='word_1_53' title='bbox 1330 966 1549 1021; x_wconf 80' lang='lat' dir='ltr'><strong>fratrem</strong></span> <span class='ocrx_word' id='word_1_54' title='bbox 1575 963 1716 1034; x_wconf 88' lang='lat' dir='ltr'><strong>ejus,</strong></span> <span class='ocrx_word' id='word_1_55' title='bbox 1748 977 1908 1032; x_wconf 86' lang='lat' dir='ltr'><strong>quem</strong></span> <span class='ocrx_word' id='word_1_56' title='bbox 1934 958 2082 1013; x_wconf 80' lang='lat' dir='ltr'><strong>lien-</strong></span> 
     </span>
    </p>
   </div>
   <div class='ocr_carea' id='block_1_10' title="bbox 495 1053 2081 1132">
    <p class='ocr_par' dir='ltr' id='par_1_10' title="bbox 495 1053 2081 1132">
     <span class='ocr_line' id='line_1_10' title="bbox 495 1053 2081 1132; baseline -0.005 -17"><span class='ocrx_word' id='word_1_57' title='bbox 495 1063 649 1118; x_wconf 88' lang='lat' dir='ltr'><strong>ricus</strong></span> <span class='ocrx_word' id='word_1_58' title='bbox 668 1063 963 1132; x_wconf 83' lang='lat' dir='ltr'><strong>imperator</strong></span> <span class='ocrx_word' id='word_1_59' title='bbox 1000 1062 1056 1116; x_wconf 91' lang='lat' dir='ltr'><strong>in</strong></span> <span class='ocrx_word' id='word_1_60' title='bbox 1092 1061 1219 1117; x_wconf 90' lang='lat' dir='ltr'><strong>sede</strong></span> <span class='ocrx_word' id='word_1_61' title='bbox 1266 1061 1564 1115; x_wconf 88' lang='lat' dir='ltr'><strong>intruserat</strong></span> <span class='ocrx_word' id='word_1_62' title='bbox 1612 1053 1954 1119; x_wconf 82' lang='lat' dir='ltr'><strong>Leodiceusi,</strong></span> <span class='ocrx_word' id='word_1_63' title='bbox 1982 1067 2081 1122; x_wconf 90' lang='lat' dir='ltr'><strong>pro</strong></span> 
     </span>
    </p>
   </div>
   <div class='ocr_carea' id='block_1_11' title="bbox 496 1145 2114 1225">
    <p class='ocr_par' dir='ltr' id='par_1_11' title="bbox 496 1145 2114 1225">
     <span class='ocr_line' id='line_1_11' title="bbox 496 1145 2114 1225; baseline -0.004 -19"><span class='ocrx_word' id='word_1_64' title='bbox 496 1153 879 1210; x_wconf 73' lang='lat' dir='ltr'><strong>interiectione</strong></span> <span class='ocrx_word' id='word_1_65' title='bbox 946 1154 1194 1210; x_wconf 83' lang='lat' dir='ltr'><strong>Autberti</strong></span> <span class='ocrx_word' id='word_1_66' title='bbox 1259 1153 1501 1224; x_wconf 81' lang='lat' dir='ltr'><strong>episcopi</strong></span> <span class='ocrx_word' id='word_1_67' title='bbox 1555 1150 1832 1204; x_wconf 83' lang='lat' dir='ltr'><strong>nominate</strong></span> <span class='ocrx_word' id='word_1_68' title='bbox 1906 1145 2114 1225; x_wconf 23' lang='lat' dir='ltr'><strong>urbis...</strong></span> 
     </span>
    </p>
   </div>
   <div class='ocr_carea' id='block_1_12' title="bbox 501 1236 2079 1317">
    <p class='ocr_par' dir='ltr' id='par_1_12' title="bbox 501 1236 2079 1317">
     <span class='ocr_line' id='line_1_12' title="bbox 501 1236 2079 1317; baseline -0.008 -16"><span class='ocrx_word' id='word_1_69' title='bbox 501 1245 697 1301; x_wconf 85' lang='lat' dir='ltr'><strong>Omnia</strong></span> <span class='ocrx_word' id='word_1_70' title='bbox 723 1247 843 1317; x_wconf 79' lang='lat' dir='ltr'><strong>ejus</strong></span> <span class='ocrx_word' id='word_1_71' title='bbox 867 1247 1114 1314; x_wconf 78' lang='lat' dir='ltr'><strong>castella,</strong></span> <span class='ocrx_word' id='word_1_72' title='bbox 1145 1262 1251 1317; x_wconf 88' lang='lat' dir='ltr'><strong>que</strong></span> <span class='ocrx_word' id='word_1_73' title='bbox 1300 1245 1446 1300; x_wconf 88' lang='lat' dir='ltr'><strong>circa</strong></span> <span class='ocrx_word' id='word_1_74' title='bbox 1490 1242 1699 1297; x_wconf 79' lang='lat' dir='ltr'><strong>Renum</strong></span> <span class='ocrx_word' id='word_1_75' title='bbox 1749 1236 2079 1309; x_wconf 80' lang='lat' dir='ltr'><strong>possidebat,</strong></span> 
     </span>
    </p>
   </div>
   <div class='ocr_carea' id='block_1_13' title="bbox 500 1326 2084 1410">
    <p class='ocr_par' dir='ltr' id='par_1_13' title="bbox 500 1326 2084 1410">
     <span class='ocr_line' id='line_1_13' title="bbox 500 1326 2084 1410; baseline -0.008 -15"><span class='ocrx_word' id='word_1_76' title='bbox 500 1331 744 1409; x_wconf 84' lang='lat' dir='ltr'><strong>capiunt,</strong></span> <span class='ocrx_word' id='word_1_77' title='bbox 794 1347 849 1394; x_wconf 84' lang='lat' dir='ltr'><strong>et</strong></span> <span class='ocrx_word' id='word_1_78' title='bbox 891 1340 1123 1410; x_wconf 88' lang='lat' dir='ltr'><strong>quedam</strong></span> <span class='ocrx_word' id='word_1_79' title='bbox 1161 1338 1449 1394; x_wconf 87' lang='lat' dir='ltr'><strong>destruunt</strong></span> <span class='ocrx_word' id='word_1_80' title='bbox 1495 1342 1548 1389; x_wconf 84' lang='lat' dir='ltr'><strong>et</strong></span> <span class='ocrx_word' id='word_1_81' title='bbox 1597 1332 1909 1387; x_wconf 61' lang='lat' dir='ltr'><strong>inccnlunt.</strong></span> <span class='ocrx_word' id='word_1_82' title='bbox 1962 1326 2084 1396; x_wconf 85' lang='lat' dir='ltr'><strong>Ipse</strong></span> 
     </span>
    </p>
   </div>
   <div class='ocr_carea' id='block_1_14' title="bbox 501 1419 2086 1495">
    <p class='ocr_par' dir='ltr' id='par_1_14' title="bbox 501 1419 2086 1495">
     <span class='ocr_line' id='line_1_14' title="bbox 501 1419 2086 1495; baseline -0.007 -10"><span class='ocrx_word' id='word_1_83' title='bbox 501 1438 684 1486; x_wconf 87' lang='lat' dir='ltr'><strong>autem</strong></span> <span class='ocrx_word' id='word_1_84' title='bbox 712 1446 897 1487; x_wconf 88' lang='lat' dir='ltr'><strong>comes</strong></span> <span class='ocrx_word' id='word_1_85' title='bbox 922 1445 1048 1486; x_wconf 91' lang='lat' dir='ltr'><strong>cum</strong></span> <span class='ocrx_word' id='word_1_86' title='bbox 1089 1430 1257 1485; x_wconf 80' lang='lat' dir='ltr'><strong>fratre</strong></span> <span class='ocrx_word' id='word_1_87' title='bbox 1297 1443 1398 1485; x_wconf 91' lang='lat' dir='ltr'><strong>suo</strong></span> <span class='ocrx_word' id='word_1_88' title='bbox 1421 1428 1489 1483; x_wconf 89' lang='lat' dir='ltr'><strong>ad</strong></span> <span class='ocrx_word' id='word_1_89' title='bbox 1539 1427 1921 1495; x_wconf 84' lang='lat' dir='ltr'><strong>imperatorem</strong></span> <span class='ocrx_word' id='word_1_90' title='bbox 1958 1419 2086 1476; x_wconf 80' lang='lat' dir='ltr'><strong>fecit</strong></span> 
     </span>
    </p>
   </div>
   <div class='ocr_carea' id='block_1_15' title="bbox 496 1513 2085 1595">
    <p class='ocr_par' dir='ltr' id='par_1_15' title="bbox 496 1513 2085 1595">
     <span class='ocr_line' id='line_1_15' title="bbox 496 1513 2085 1595; baseline -0.008 -16"><span class='ocrx_word' id='word_1_91' title='bbox 496 1521 841 1595; x_wconf 73' lang='lat' dir='ltr'><strong>confugium.</strong></span> <span class='ocrx_word' id='word_1_92' title='bbox 867 1522 1175 1579; x_wconf 85' lang='lat' dir='ltr'><strong>Celestinus</strong></span> <span class='ocrx_word' id='word_1_93' title='bbox 1198 1537 1337 1593; x_wconf 84' lang='lat' dir='ltr'><strong>papa</strong></span> <span class='ocrx_word' id='word_1_94' title='bbox 1362 1534 1555 1575; x_wconf 88' lang='lat' dir='ltr'><strong>omnes</strong></span> <span class='ocrx_word' id='word_1_95' title='bbox 1582 1515 1959 1594; x_wconf 68' lang='lat' dir='ltr'><strong>interfectores</strong></span> <span class='ocrx_word' id='word_1_96' title='bbox 1974 1513 2085 1585; x_wconf 88' lang='lat' dir='ltr'><strong>epi-</strong></span> 
     </span>
    </p>
   </div>
   <div class='ocr_carea' id='block_1_16' title="bbox 496 1605 2085 1685">
    <p class='ocr_par' dir='ltr' id='par_1_16' title="bbox 496 1605 2085 1685">
     <span class='ocr_line' id='line_1_16' title="bbox 496 1605 2085 1685; baseline -0.007 -15"><span class='ocrx_word' id='word_1_97' title='bbox 496 1615 655 1685; x_wconf 79' lang='lat' dir='ltr'><strong>scopi</strong></span> <span class='ocrx_word' id='word_1_98' title='bbox 686 1615 1031 1670; x_wconf 84' lang='lat' dir='ltr'><strong>anathemate</strong></span> <span class='ocrx_word' id='word_1_99' title='bbox 1054 1622 1319 1684; x_wconf 88' lang='lat' dir='ltr'><strong>perpetuo</strong></span> <span class='ocrx_word' id='word_1_100' title='bbox 1350 1609 1649 1666; x_wconf 82' lang='lat' dir='ltr'><strong>innodavit.</strong></span> <span class='ocrx_word' id='word_1_101' title='bbox 1681 1607 1816 1662; x_wconf 85' lang='lat' dir='ltr'><strong>Cum</strong></span> <span class='ocrx_word' id='word_1_102' title='bbox 1855 1605 2085 1659; x_wconf 76' lang='lat' dir='ltr'><strong>Richar-</strong></span> 
     </span>
    </p>
   </div>
   <div class='ocr_carea' id='block_1_17' title="bbox 503 1698 2088 1775">
    <p class='ocr_par' dir='ltr' id='par_1_17' title="bbox 503 1698 2088 1775">
     <span class='ocr_line' id='line_1_17' title="bbox 503 1698 2088 1775; baseline -0.007 -14"><span class='ocrx_word' id='word_1_103' title='bbox 503 1704 607 1761; x_wconf 88' lang='lat' dir='ltr'><strong>dus</strong></span> <span class='ocrx_word' id='word_1_104' title='bbox 629 1721 722 1759; x_wconf 78' lang='lat' dir='ltr'><strong>rex</strong></span> <span class='ocrx_word' id='word_1_105' title='bbox 746 1704 937 1775; x_wconf 83' lang='lat' dir='ltr'><strong>Anglic</strong></span> <span class='ocrx_word' id='word_1_106' title='bbox 962 1713 1088 1760; x_wconf 87' lang='lat' dir='ltr'><strong>ante</strong></span> <span class='ocrx_word' id='word_1_107' title='bbox 1116 1702 1234 1758; x_wconf 88' lang='lat' dir='ltr'><strong>dies</strong></span> <span class='ocrx_word' id='word_1_108' title='bbox 1277 1700 1693 1773; x_wconf 86' lang='lat' dir='ltr'><strong>quadragesime</strong></span> <span class='ocrx_word' id='word_1_109' title='bbox 1728 1698 1794 1754; x_wconf 90' lang='lat' dir='ltr'><strong>de</strong></span> <span class='ocrx_word' id='word_1_110' title='bbox 1817 1707 2088 1752; x_wconf 84' lang='lat' dir='ltr'><strong>transma-</strong></span> 
     </span>
    </p>
   </div>
   <div class='ocr_carea' id='block_1_18' title="bbox 500 1788 2079 1864">
    <p class='ocr_par' dir='ltr' id='par_1_18' title="bbox 500 1788 2079 1864">
     <span class='ocr_line' id='line_1_18' title="bbox 500 1788 2079 1864; baseline -0.004 -16"><span class='ocrx_word' id='word_1_111' title='bbox 500 1793 641 1849; x_wconf 87' lang='lat' dir='ltr'><strong>riuis</strong></span> <span class='ocrx_word' id='word_1_112' title='bbox 662 1794 910 1864; x_wconf 90' lang='lat' dir='ltr'><strong>partibus</strong></span> <span class='ocrx_word' id='word_1_113' title='bbox 938 1800 1324 1857; x_wconf 80' lang='lat' dir='ltr'><strong>reverteretur,</strong></span> <span class='ocrx_word' id='word_1_114' title='bbox 1348 1800 1633 1860; x_wconf 86' lang='lat' dir='ltr'><strong>suspectas</strong></span> <span class='ocrx_word' id='word_1_115' title='bbox 1682 1788 1891 1842; x_wconf 82' lang='lat' dir='ltr'><strong>habens</strong></span> <span class='ocrx_word' id='word_1_116' title='bbox 1919 1802 2079 1856; x_wconf 87' lang='lat' dir='ltr'><strong>quas-</strong></span> 
     </span>
    </p>
   </div>
   <div class='ocr_carea' id='block_1_19' title="bbox 491 1878 2087 1955">
    <p class='ocr_par' dir='ltr' id='par_1_19' title="bbox 491 1878 2087 1955">
     <span class='ocr_line' id='line_1_19' title="bbox 491 1878 2087 1955; baseline -0.005 -15"><span class='ocrx_word' id='word_1_117' title='bbox 491 1886 629 1940; x_wconf 76' lang='lat' dir='ltr'><strong>dam</strong></span> <span class='ocrx_word' id='word_1_118' title='bbox 653 1885 925 1955; x_wconf 81' lang='lat' dir='ltr'><strong>regiones,</strong></span> <span class='ocrx_word' id='word_1_119' title='bbox 973 1884 1226 1955; x_wconf 79' lang='lat' dir='ltr'><strong>Apuliam</strong></span> <span class='ocrx_word' id='word_1_120' title='bbox 1253 1882 1463 1938; x_wconf 90' lang='lat' dir='ltr'><strong>scilicet</strong></span> <span class='ocrx_word' id='word_1_121' title='bbox 1496 1890 1550 1936; x_wconf 92' lang='lat' dir='ltr'><strong>et</strong></span> <span class='ocrx_word' id='word_1_122' title='bbox 1573 1880 1905 1943; x_wconf 83' lang='lat' dir='ltr'><strong>Calabriam,</strong></span> <span class='ocrx_word' id='word_1_123' title='bbox 1949 1878 2087 1933; x_wconf 87' lang='lat' dir='ltr'><strong>Cor-</strong></span> 
     </span>
    </p>
   </div>
   <div class='ocr_carea' id='block_1_20' title="bbox 503 1969 2088 2045">
    <p class='ocr_par' dir='ltr' id='par_1_20' title="bbox 503 1969 2088 2045">
     <span class='ocr_line' id='line_1_20' title="bbox 503 1969 2088 2045; baseline -0.006 -13"><span class='ocrx_word' id='word_1_124' title='bbox 503 1978 672 2032; x_wconf 81' lang='lat' dir='ltr'><strong>sicam</strong></span> <span class='ocrx_word' id='word_1_125' title='bbox 715 1985 768 2031; x_wconf 79' lang='lat' dir='ltr'><strong>ct</strong></span> <span class='ocrx_word' id='word_1_126' title='bbox 817 1977 1050 2042; x_wconf 85' lang='lat' dir='ltr'><strong>Italiam,</strong></span> <span class='ocrx_word' id='word_1_127' title='bbox 1107 1983 1327 2045; x_wconf 87' lang='lat' dir='ltr'><strong>propter</strong></span> <span class='ocrx_word' id='word_1_128' title='bbox 1379 1971 1808 2028; x_wconf 83' lang='lat' dir='ltr'><strong>interfectionem</strong></span> <span class='ocrx_word' id='word_1_129' title='bbox 1851 1969 2088 2025; x_wconf 80' lang='lat' dir='ltr'><strong>Conradi</strong></span> 
     </span>
    </p>
   </div>
   <div class='ocr_carea' id='block_1_21' title="bbox 501 2054 2090 2135">
    <p class='ocr_par' dir='ltr' id='par_1_21' title="bbox 501 2054 2090 2135">
     <span class='ocr_line' id='line_1_21' title="bbox 501 2054 2090 2135; baseline -0.006 -13"><span class='ocrx_word' id='word_1_130' title='bbox 501 2068 764 2123; x_wconf 74' lang='lat' dir='ltr'><strong>marchisi</strong></span> <span class='ocrx_word' id='word_1_131' title='bbox 787 2068 854 2123; x_wconf 91' lang='lat' dir='ltr'><strong>de</strong></span> <span class='ocrx_word' id='word_1_132' title='bbox 876 2065 1217 2132; x_wconf 79' lang='lat' dir='ltr'><strong>Montferrat,</strong></span> <span class='ocrx_word' id='word_1_133' title='bbox 1246 2080 1351 2135; x_wconf 86' lang='lat' dir='ltr'><strong>que</strong></span> <span class='ocrx_word' id='word_1_134' title='bbox 1379 2064 1479 2131; x_wconf 79' lang='lat' dir='ltr'><strong>illi,</strong></span> <span class='ocrx_word' id='word_1_135' title='bbox 1506 2062 1693 2118; x_wconf 85' lang='lat' dir='ltr'><strong>nescio</strong></span> <span class='ocrx_word' id='word_1_136' title='bbox 1715 2062 1759 2117; x_wconf 90' lang='lat' dir='ltr'><strong>si</strong></span> <span class='ocrx_word' id='word_1_137' title='bbox 1791 2054 1961 2131; x_wconf 68' lang='lat' dir='ltr'><strong>justo,</strong></span> <span class='ocrx_word' id='word_1_138' title='bbox 1985 2061 2090 2114; x_wconf 89' lang='lat' dir='ltr'><strong>im-</strong></span> 
     </span>
    </p>
   </div>
   <div class='ocr_carea' id='block_1_22' title="bbox 502 2153 2088 2230">
    <p class='ocr_par' dir='ltr' id='par_1_22' title="bbox 502 2153 2088 2230">
     <span class='ocr_line' id='line_1_22' title="bbox 502 2153 2088 2230; baseline -0.006 -14"><span class='ocrx_word' id='word_1_139' title='bbox 502 2161 827 2230; x_wconf 80' lang='lat' dir='ltr'><strong>ponebatur,</strong></span> <span class='ocrx_word' id='word_1_140' title='bbox 878 2159 1066 2228; x_wconf 92' lang='lat' dir='ltr'><strong>paueis</strong></span> <span class='ocrx_word' id='word_1_141' title='bbox 1110 2173 1298 2213; x_wconf 88' lang='lat' dir='ltr'><strong>secum</strong></span> <span class='ocrx_word' id='word_1_142' title='bbox 1336 2156 1634 2226; x_wconf 90' lang='lat' dir='ltr'><strong>assumptis</strong></span> <span class='ocrx_word' id='word_1_143' title='bbox 1689 2153 1874 2220; x_wconf 61' lang='lat' dir='ltr'><strong>soriis,</strong></span> <span class='ocrx_word' id='word_1_144' title='bbox 1913 2160 1971 2208; x_wconf 81' lang='lat' dir='ltr'><strong>ut</strong></span> <span class='ocrx_word' id='word_1_145' title='bbox 1999 2167 2088 2207; x_wconf 89' lang='lat' dir='ltr'><strong>se-</strong></span> 
     </span>
    </p>
   </div>
   <div class='ocr_carea' id='block_1_23' title="bbox 500 2243 2092 2320">
    <p class='ocr_par' dir='ltr' id='par_1_23' title="bbox 500 2243 2092 2320">
     <span class='ocr_line' id='line_1_23' title="bbox 500 2243 2092 2320; baseline -0.005 -13"><span class='ocrx_word' id='word_1_146' title='bbox 500 2253 707 2308; x_wconf 87' lang='lat' dir='ltr'><strong>cretius</strong></span> <span class='ocrx_word' id='word_1_147' title='bbox 730 2252 798 2307; x_wconf 84' lang='lat' dir='ltr'><strong>ad</strong></span> <span class='ocrx_word' id='word_1_148' title='bbox 827 2261 1077 2320; x_wconf 89' lang='lat' dir='ltr'><strong>nepotem</strong></span> <span class='ocrx_word' id='word_1_149' title='bbox 1106 2265 1265 2306; x_wconf 90' lang='lat' dir='ltr'><strong>suum</strong></span> <span class='ocrx_word' id='word_1_150' title='bbox 1300 2248 1494 2304; x_wconf 87' lang='lat' dir='ltr'><strong>ducem</strong></span> <span class='ocrx_word' id='word_1_151' title='bbox 1527 2247 1763 2302; x_wconf 86' lang='lat' dir='ltr'><strong>Saxonie</strong></span> <span class='ocrx_word' id='word_1_152' title='bbox 1806 2243 2092 2315; x_wconf 85' lang='lat' dir='ltr'><strong>pervenire</strong></span> 
     </span>
    </p>
   </div>
   <div class='ocr_carea' id='block_1_24' title="bbox 497 2326 2091 2424">
    <p class='ocr_par' dir='ltr' id='par_1_24' title="bbox 497 2326 2091 2424">
     <span class='ocr_line' id='line_1_24' title="bbox 497 2326 2091 2424; baseline -0.006 -25"><span class='ocrx_word' id='word_1_153' title='bbox 497 2352 709 2424; x_wconf 75' lang='lat' dir='ltr'><strong>posset,</strong></span> <span class='ocrx_word' id='word_1_154' title='bbox 739 2351 940 2397; x_wconf 85' lang='lat' dir='ltr'><strong>terram</strong></span> <span class='ocrx_word' id='word_1_155' title='bbox 962 2340 1118 2395; x_wconf 87' lang='lat' dir='ltr'><strong>ducis</strong></span> <span class='ocrx_word' id='word_1_156' title='bbox 1143 2340 1364 2395; x_wconf 86' lang='lat' dir='ltr'><strong>Austrie</strong></span> <span class='ocrx_word' id='word_1_157' title='bbox 1384 2326 1689 2409; x_wconf 88' lang='lat' dir='ltr'><strong>ingressus,</strong></span> <span class='ocrx_word' id='word_1_158' title='bbox 1721 2337 1790 2393; x_wconf 84' lang='lat' dir='ltr'><strong>ab</strong></span> <span class='ocrx_word' id='word_1_159' title='bbox 1814 2337 1933 2407; x_wconf 87' lang='lat' dir='ltr'><strong>ipso</strong></span> <span class='ocrx_word' id='word_1_160' title='bbox 1952 2335 2091 2390; x_wconf 90' lang='lat' dir='ltr'><strong>duce</strong></span> 
     </span>
    </p>
   </div>
   <div class='ocr_carea' id='block_1_25' title="bbox 502 2428 2093 2506">
    <p class='ocr_par' dir='ltr' id='par_1_25' title="bbox 502 2428 2093 2506">
     <span class='ocr_line' id='line_1_25' title="bbox 502 2428 2093 2506; baseline -0.006 -16"><span class='ocrx_word' id='word_1_161' title='bbox 502 2435 735 2506; x_wconf 87' lang='lat' dir='ltr'><strong>capitur,</strong></span> <span class='ocrx_word' id='word_1_162' title='bbox 785 2442 840 2489; x_wconf 90' lang='lat' dir='ltr'><strong>et</strong></span> <span class='ocrx_word' id='word_1_163' title='bbox 879 2433 1125 2487; x_wconf 84' lang='lat' dir='ltr'><strong>custodio</strong></span> <span class='ocrx_word' id='word_1_164' title='bbox 1172 2430 1538 2501; x_wconf 83' lang='lat' dir='ltr'><strong>mancipatur.</strong></span> <span class='ocrx_word' id='word_1_165' title='bbox 1594 2428 1729 2483; x_wconf 80' lang='lat' dir='ltr'><strong>Nam</strong></span> <span class='ocrx_word' id='word_1_166' title='bbox 1777 2444 1904 2484; x_wconf 90' lang='lat' dir='ltr'><strong>eum</strong></span> <span class='ocrx_word' id='word_1_167' title='bbox 1947 2435 2093 2483; x_wconf 89' lang='lat' dir='ltr'><strong>esset</strong></span> 
     </span>
    </p>
   </div>
   <div class='ocr_carea' id='block_1_26' title="bbox 502 2515 2090 2590">
    <p class='ocr_par' dir='ltr' id='par_1_26' title="bbox 502 2515 2090 2590">
     <span class='ocr_line' id='line_1_26' title="bbox 502 2515 2090 2590; baseline -0.005 -10"><span class='ocrx_word' id='word_1_168' title='bbox 502 2515 649 2582; x_wconf 87' lang='lat' dir='ltr'><strong>idem</strong></span> <span class='ocrx_word' id='word_1_169' title='bbox 681 2527 792 2581; x_wconf 80' lang='lat' dir='ltr'><strong>dux</strong></span> <span class='ocrx_word' id='word_1_170' title='bbox 838 2525 893 2578; x_wconf 90' lang='lat' dir='ltr'><strong>in</strong></span> <span class='ocrx_word' id='word_1_171' title='bbox 938 2524 1228 2579; x_wconf 86' lang='lat' dir='ltr'><strong>obsidione</strong></span> <span class='ocrx_word' id='word_1_172' title='bbox 1269 2523 1424 2576; x_wconf 87' lang='lat' dir='ltr'><strong>urbis</strong></span> <span class='ocrx_word' id='word_1_173' title='bbox 1452 2522 1610 2586; x_wconf 84' lang='lat' dir='ltr'><strong>Aere,</strong></span> <span class='ocrx_word' id='word_1_174' title='bbox 1649 2536 1740 2575; x_wconf 79' lang='lat' dir='ltr'><strong>rex</strong></span> <span class='ocrx_word' id='word_1_175' title='bbox 1789 2520 2090 2590; x_wconf 79' lang='lat' dir='ltr'><strong>Anglorum</strong></span> 
     </span>
    </p>
   </div>
   <div class='ocr_carea' id='block_1_27' title="bbox 506 2610 2089 2686">
    <p class='ocr_par' dir='ltr' id='par_1_27' title="bbox 506 2610 2089 2686">
     <span class='ocr_line' id='line_1_27' title="bbox 506 2610 2089 2686; baseline -0.004 -15"><span class='ocrx_word' id='word_1_176' title='bbox 506 2616 815 2686; x_wconf 85' lang='lat' dir='ltr'><strong>frequenter</strong></span> <span class='ocrx_word' id='word_1_177' title='bbox 866 2616 1021 2669; x_wconf 91' lang='lat' dir='ltr'><strong>illum</strong></span> <span class='ocrx_word' id='word_1_178' title='bbox 1083 2614 1375 2669; x_wconf 88' lang='lat' dir='ltr'><strong>verborum</strong></span> <span class='ocrx_word' id='word_1_179' title='bbox 1427 2612 1774 2667; x_wconf 90' lang='lat' dir='ltr'><strong>contumeliis</strong></span> <span class='ocrx_word' id='word_1_180' title='bbox 1818 2610 2089 2666; x_wconf 79' lang='lat' dir='ltr'><strong>all‘ecerat.</strong></span> 
     </span>
    </p>
   </div>
   <div class='ocr_carea' id='block_1_28' title="bbox 502 2703 2093 2776">
    <p class='ocr_par' dir='ltr' id='par_1_28' title="bbox 502 2703 2093 2776">
     <span class='ocr_line' id='line_1_28' title="bbox 502 2703 2093 2776; baseline -0.005 -13"><span class='ocrx_word' id='word_1_181' title='bbox 502 2708 678 2775; x_wconf 82' lang='lat' dir='ltr'><strong>Quem</strong></span> <span class='ocrx_word' id='word_1_182' title='bbox 702 2708 983 2776; x_wconf 81' lang='lat' dir='ltr'><strong>aliquanto</strong></span> <span class='ocrx_word' id='word_1_183' title='bbox 1007 2715 1250 2776; x_wconf 88' lang='lat' dir='ltr'><strong>tempore</strong></span> <span class='ocrx_word' id='word_1_184' title='bbox 1279 2720 1465 2759; x_wconf 86' lang='lat' dir='ltr'><strong>secum</strong></span> <span class='ocrx_word' id='word_1_185' title='bbox 1489 2703 1743 2770; x_wconf 76' lang='lat' dir='ltr'><strong>detinuit,</strong></span> <span class='ocrx_word' id='word_1_186' title='bbox 1770 2710 1827 2757; x_wconf 87' lang='lat' dir='ltr'><strong>et</strong></span> <span class='ocrx_word' id='word_1_187' title='bbox 1850 2712 2093 2772; x_wconf 83' lang='lat' dir='ltr'><strong>postmo-</strong></span> 
     </span>
    </p>
   </div>
   <div class='ocr_carea' id='block_1_29' title="bbox 506 2794 2092 2871">
    <p class='ocr_par' dir='ltr' id='par_1_29' title="bbox 506 2794 2092 2871">
     <span class='ocr_line' id='line_1_29' title="bbox 506 2794 2092 2871; baseline -0.006 -15"><span class='ocrx_word' id='word_1_188' title='bbox 506 2802 636 2857; x_wconf 86' lang='lat' dir='ltr'><strong>dum</strong></span> <span class='ocrx_word' id='word_1_189' title='bbox 675 2800 743 2855; x_wconf 89' lang='lat' dir='ltr'><strong>ad</strong></span> <span class='ocrx_word' id='word_1_190' title='bbox 784 2801 1167 2871; x_wconf 80' lang='lat' dir='ltr'><strong>imperatorem</strong></span> <span class='ocrx_word' id='word_1_191' title='bbox 1211 2798 1265 2852; x_wconf 93' lang='lat' dir='ltr'><strong>in</strong></span> <span class='ocrx_word' id='word_1_192' title='bbox 1306 2796 1684 2852; x_wconf 88' lang='lat' dir='ltr'><strong>Alemanniam</strong></span> <span class='ocrx_word' id='word_1_193' title='bbox 1725 2795 1944 2850; x_wconf 75' lang='lat' dir='ltr'><strong>direxit.</strong></span> <span class='ocrx_word' id='word_1_194' title='bbox 1988 2794 2092 2860; x_wconf 86' lang='lat' dir='ltr'><strong>Qui</strong></span> 
     </span>
    </p>
   </div>
   <div class='ocr_carea' id='block_1_30' title="bbox 505 2887 2091 2967">
    <p class='ocr_par' dir='ltr' id='par_1_30' title="bbox 505 2887 2091 2967">
     <span class='ocr_line' id='line_1_30' title="bbox 505 2887 2091 2967; baseline -0.004 -20"><span class='ocrx_word' id='word_1_195' title='bbox 505 2909 632 2967; x_wconf 86' lang='lat' dir='ltr'><strong>cum</strong></span> <span class='ocrx_word' id='word_1_196' title='bbox 658 2907 873 2957; x_wconf 83' lang='lat' dir='ltr'><strong>secum,</strong></span> <span class='ocrx_word' id='word_1_197' title='bbox 907 2898 1256 2959; x_wconf 86' lang='lat' dir='ltr'><strong>quocumque</strong></span> <span class='ocrx_word' id='word_1_198' title='bbox 1295 2896 1563 2959; x_wconf 82' lang='lat' dir='ltr'><strong>pergeret,</strong></span> <span class='ocrx_word' id='word_1_199' title='bbox 1593 2888 1825 2943; x_wconf 86' lang='lat' dir='ltr'><strong>ducebat</strong></span> <span class='ocrx_word' id='word_1_200' title='bbox 1860 2887 1963 2942; x_wconf 86' lang='lat' dir='ltr'><strong>sub</strong></span> <span class='ocrx_word' id='word_1_201' title='bbox 1990 2887 2091 2941; x_wconf 89' lang='lat' dir='ltr'><strong>ho-</strong></span> 
     </span>
    </p>
   </div>
   <div class='ocr_carea' id='block_1_31' title="bbox 500 2978 2095 3049">
    <p class='ocr_par' dir='ltr' id='par_1_31' title="bbox 500 2978 2095 3049">
     <span class='ocr_line' id='line_1_31' title="bbox 500 2978 2095 3049; baseline -0.005 -10"><span class='ocrx_word' id='word_1_202' title='bbox 500 2984 741 3039; x_wconf 84' lang='lat' dir='ltr'><strong>norabili</strong></span> <span class='ocrx_word' id='word_1_203' title='bbox 771 2982 1042 3039; x_wconf 90' lang='lat' dir='ltr'><strong>custodia.</strong></span> <span class='ocrx_word' id='word_1_204' title='bbox 1081 2980 1220 3035; x_wconf 91' lang='lat' dir='ltr'><strong>Dum</strong></span> <span class='ocrx_word' id='word_1_205' title='bbox 1244 2979 1553 3035; x_wconf 80' lang='lat' dir='ltr'><strong>Richardus</strong></span> <span class='ocrx_word' id='word_1_206' title='bbox 1577 2995 1668 3034; x_wconf 73' lang='lat' dir='ltr'><strong>rex</strong></span> <span class='ocrx_word' id='word_1_207' title='bbox 1702 2979 1999 3049; x_wconf 81' lang='lat' dir='ltr'><strong>Anglorum</strong></span> <span class='ocrx_word' id='word_1_208' title='bbox 2026 2978 2095 3032; x_wconf 88' lang='lat' dir='ltr'><strong>ab</strong></span> 
     </span>
    </p>
   </div>
   <div class='ocr_carea' id='block_1_32' title="bbox 492 3071 2091 3148">
    <p class='ocr_par' dir='ltr' id='par_1_32' title="bbox 492 3071 2091 3148">
     <span class='ocr_line' id='line_1_32' title="bbox 492 3071 2091 3148; baseline -0.004 -18"><span class='ocrx_word' id='word_1_209' title='bbox 492 3078 836 3148; x_wconf 77' lang='lat' dir='ltr'><strong>imperatore</strong></span> <span class='ocrx_word' id='word_1_210' title='bbox 878 3074 1236 3140; x_wconf 86' lang='lat' dir='ltr'><strong>detineretur,</strong></span> <span class='ocrx_word' id='word_1_211' title='bbox 1271 3072 1558 3144; x_wconf 77' lang='lat' dir='ltr'><strong>Philippus</strong></span> <span class='ocrx_word' id='word_1_212' title='bbox 1600 3089 1692 3127; x_wconf 79' lang='lat' dir='ltr'><strong>rex</strong></span> <span class='ocrx_word' id='word_1_213' title='bbox 1734 3071 2091 3137; x_wconf 83' lang='lat' dir='ltr'><strong>Francorum,</strong></span> 
     </span>
    </p>
   </div>
   <div class='ocr_carea' id='block_1_33' title="bbox 500 3162 2093 3236">
    <p class='ocr_par' dir='ltr' id='par_1_33' title="bbox 500 3162 2093 3236">
     <span class='ocr_line' id='line_1_33' title="bbox 500 3162 2093 3236; baseline -0.003 -16"><span class='ocrx_word' id='word_1_214' title='bbox 500 3168 887 3236; x_wconf 85' lang='lat' dir='ltr'><strong>undecumque</strong></span> <span class='ocrx_word' id='word_1_215' title='bbox 927 3166 1154 3221; x_wconf 89' lang='lat' dir='ltr'><strong>collecto</strong></span> <span class='ocrx_word' id='word_1_216' title='bbox 1187 3181 1252 3219; x_wconf 84' lang='lat' dir='ltr'><strong>ex</strong></span> <span class='ocrx_word' id='word_1_217' title='bbox 1299 3165 1449 3218; x_wconf 90' lang='lat' dir='ltr'><strong>omni</strong></span> <span class='ocrx_word' id='word_1_218' title='bbox 1502 3162 1671 3234; x_wconf 82' lang='lat' dir='ltr'><strong>regno</strong></span> <span class='ocrx_word' id='word_1_219' title='bbox 1712 3164 1816 3218; x_wconf 84' lang='lat' dir='ltr'><strong>sibi</strong></span> <span class='ocrx_word' id='word_1_220' title='bbox 1846 3163 2093 3233; x_wconf 84' lang='lat' dir='ltr'><strong>subjecto</strong></span> 
     </span>
    </p>
   </div>
   <div class='ocr_carea' id='block_1_34' title="bbox 2175 570 3740 653">
    <p class='ocr_par' dir='ltr' id='par_1_34' title="bbox 2175 570 3740 653">
     <span class='ocr_line' id='line_1_34' title="bbox 2175 570 3740 653; baseline -0.01 -13"><span class='ocrx_word' id='word_1_221' title='bbox 2175 585 2262 640; x_wconf 88' lang='lat' dir='ltr'><strong>die</strong></span> <span class='ocrx_word' id='word_1_222' title='bbox 2286 584 2582 647; x_wconf 71' lang='lat' dir='ltr'><strong>dominica,</strong></span> <span class='ocrx_word' id='word_1_223' title='bbox 2610 590 2863 653; x_wconf 89' lang='lat' dir='ltr'><strong>presente</strong></span> <span class='ocrx_word' id='word_1_224' title='bbox 2893 578 3170 633; x_wconf 72' lang='lat' dir='ltr'><strong>Willelmo</strong></span> <span class='ocrx_word' id='word_1_225' title='bbox 3211 573 3623 642; x_wconf 81' lang='lat' dir='ltr'><strong>archiepiscopo</strong></span> <span class='ocrx_word' id='word_1_226' title='bbox 3645 570 3740 625; x_wconf 75' lang='lat' dir='ltr'><strong>Be-</strong></span> 
     </span>
    </p>
   </div>
   <div class='ocr_carea' id='block_1_35' title="bbox 2177 662 3759 744">
    <p class='ocr_par' dir='ltr' id='par_1_35' title="bbox 2177 662 3759 744">
     <span class='ocr_line' id='line_1_35' title="bbox 2177 662 3759 744; baseline -0.011 -12"><span class='ocrx_word' id='word_1_227' title='bbox 2177 677 2374 744; x_wconf 89' lang='lat' dir='ltr'><strong>mensi,</strong></span> <span class='ocrx_word' id='word_1_228' title='bbox 2418 675 2579 730; x_wconf 84' lang='lat' dir='ltr'><strong>Petro</strong></span> <span class='ocrx_word' id='word_1_229' title='bbox 2638 670 3031 735; x_wconf 83' lang='lat' dir='ltr'><strong>Attrebatcnsi,</strong></span> <span class='ocrx_word' id='word_1_230' title='bbox 3070 668 3316 723; x_wconf 73' lang='lat' dir='ltr'><strong>Iohanne</strong></span> <span class='ocrx_word' id='word_1_231' title='bbox 3354 662 3759 726; x_wconf 64' lang='lat' dir='ltr'><strong>Cameracensi,</strong></span> 
     </span>
    </p>
   </div>
   <div class='ocr_carea' id='block_1_36' title="bbox 2178 749 3746 827">
    <p class='ocr_par' dir='ltr' id='par_1_36' title="bbox 2178 749 3746 827">
     <span class='ocr_line' id='line_1_36' title="bbox 2178 749 3746 827; baseline -0.011 -4"><span class='ocrx_word' id='word_1_232' title='bbox 2178 766 2492 823; x_wconf 82' lang='lat' dir='ltr'><strong>Theobaldo</strong></span> <span class='ocrx_word' id='word_1_233' title='bbox 2524 763 2900 827; x_wconf 82' lang='lat' dir='ltr'><strong>Ambianensi,</strong></span> <span class='ocrx_word' id='word_1_234' title='bbox 2956 760 3248 814; x_wconf 87' lang='lat' dir='ltr'><strong>Lamberto</strong></span> <span class='ocrx_word' id='word_1_235' title='bbox 3291 753 3614 817; x_wconf 74' lang='lat' dir='ltr'><strong>Morinensi,</strong></span> <span class='ocrx_word' id='word_1_236' title='bbox 3634 749 3746 806; x_wconf 60' lang='lat' dir='ltr'><strong>Stc~</strong></span> 
     </span>
    </p>
   </div>
   <div class='ocr_carea' id='block_1_37' title="bbox 2177 834 3747 930">
    <p class='ocr_par' dir='ltr' id='par_1_37' title="bbox 2177 834 3747 930">
     <span class='ocr_line' id='line_1_37' title="bbox 2177 834 3747 930; baseline -0.013 -15"><span class='ocrx_word' id='word_1_237' title='bbox 2177 860 2361 930; x_wconf 88' lang='lat' dir='ltr'><strong>phano</strong></span> <span class='ocrx_word' id='word_1_238' title='bbox 2390 854 2722 911; x_wconf 79' lang='lat' dir='ltr'><strong>Tornaeensi</strong></span> <span class='ocrx_word' id='word_1_239' title='bbox 2748 862 2803 908; x_wconf 90' lang='lat' dir='ltr'><strong>et</strong></span> <span class='ocrx_word' id='word_1_240' title='bbox 2818 853 2942 907; x_wconf 87' lang='lat' dir='ltr'><strong>aliis</strong></span> <span class='ocrx_word' id='word_1_241' title='bbox 2964 846 3324 919; x_wconf 81' lang='lat' dir='ltr'><strong>suﬁ‘raganeis</strong></span> <span class='ocrx_word' id='word_1_242' title='bbox 3346 834 3747 911; x_wconf 67' lang='lat' dir='ltr'><strong>ai&#39;cbiejiiscopi,</strong></span> 
     </span>
    </p>
   </div>
   <div class='ocr_carea' id='block_1_38' title="bbox 2178 933 3748 1015">
    <p class='ocr_par' dir='ltr' id='par_1_38' title="bbox 2178 933 3748 1015">
     <span class='ocr_line' id='line_1_38' title="bbox 2178 933 3748 1015; baseline -0.012 -10"><span class='ocrx_word' id='word_1_243' title='bbox 2178 959 2234 1005; x_wconf 88' lang='lat' dir='ltr'><strong>et</strong></span> <span class='ocrx_word' id='word_1_244' title='bbox 2260 949 2447 1004; x_wconf 87' lang='lat' dir='ltr'><strong>multis</strong></span> <span class='ocrx_word' id='word_1_245' title='bbox 2472 946 2700 1001; x_wconf 77' lang='lat' dir='ltr'><strong>Francia</strong></span> <span class='ocrx_word' id='word_1_246' title='bbox 2722 943 3062 1015; x_wconf 85' lang='lat' dir='ltr'><strong>principibus</strong></span> <span class='ocrx_word' id='word_1_247' title='bbox 3091 938 3425 1003; x_wconf 84' lang='lat' dir='ltr'><strong>astantibus,</strong></span> <span class='ocrx_word' id='word_1_248' title='bbox 3464 933 3614 1005; x_wconf 87' lang='lat' dir='ltr'><strong>regio</strong></span> <span class='ocrx_word' id='word_1_249' title='bbox 3642 933 3748 987; x_wconf 66' lang='lat' dir='ltr'><strong>dia-</strong></span> 
     </span>
    </p>
   </div>
   <div class='ocr_carea' id='block_1_39' title="bbox 2180 1024 3750 1101">
    <p class='ocr_par' dir='ltr' id='par_1_39' title="bbox 2180 1024 3750 1101">
     <span class='ocr_line' id='line_1_39' title="bbox 2180 1024 3750 1101; baseline -0.013 -3"><span class='ocrx_word' id='word_1_250' title='bbox 2180 1043 2393 1098; x_wconf 84' lang='lat' dir='ltr'><strong>demate</strong></span> <span class='ocrx_word' id='word_1_251' title='bbox 2427 1047 2686 1095; x_wconf 81' lang='lat' dir='ltr'><strong>coronata</strong></span> <span class='ocrx_word' id='word_1_252' title='bbox 2738 1045 2847 1101; x_wconf 89' lang='lat' dir='ltr'><strong>est,</strong></span> <span class='ocrx_word' id='word_1_253' title='bbox 2897 1035 2949 1088; x_wconf 89' lang='lat' dir='ltr'><strong>in</strong></span> <span class='ocrx_word' id='word_1_254' title='bbox 2997 1034 3165 1088; x_wconf 85' lang='lat' dir='ltr'><strong>totius</strong></span> <span class='ocrx_word' id='word_1_255' title='bbox 3211 1028 3451 1085; x_wconf 88' lang='lat' dir='ltr'><strong>civitatis</strong></span> <span class='ocrx_word' id='word_1_256' title='bbox 3490 1024 3681 1097; x_wconf 82' lang='lat' dir='ltr'><strong>gaudio</strong></span> <span class='ocrx_word' id='word_1_257' title='bbox 3701 1032 3750 1077; x_wconf 86' lang='lat' dir='ltr'><strong>et</strong></span> 
     </span>
    </p>
   </div>
   <div class='ocr_carea' id='block_1_40' title="bbox 2182 1118 3753 1204">
    <p class='ocr_par' dir='ltr' id='par_1_40' title="bbox 2182 1118 3753 1204">
     <span class='ocr_line' id='line_1_40' title="bbox 2182 1118 3753 1204; baseline -0.014 -12"><span class='ocrx_word' id='word_1_258' title='bbox 2182 1142 2493 1204; x_wconf 88' lang='lat' dir='ltr'><strong>conspectu.</strong></span> <span class='ocrx_word' id='word_1_259' title='bbox 2537 1130 2884 1202; x_wconf 85' lang='lat' dir='ltr'><strong>Octogesimo</strong></span> <span class='ocrx_word' id='word_1_260' title='bbox 2925 1136 3111 1182; x_wconf 81' lang='lat' dir='ltr'><strong>autem</strong></span> <span class='ocrx_word' id='word_1_261' title='bbox 3151 1133 3209 1178; x_wconf 86' lang='lat' dir='ltr'><strong>et</strong></span> <span class='ocrx_word' id='word_1_262' title='bbox 3251 1120 3499 1177; x_wconf 85' lang='lat' dir='ltr'><strong>secundo</strong></span> <span class='ocrx_word' id='word_1_263' title='bbox 3530 1118 3622 1173; x_wconf 70' lang='lat' dir='ltr'><strong>die</strong></span> <span class='ocrx_word' id='word_1_264' title='bbox 3643 1126 3753 1187; x_wconf 84' lang='lat' dir='ltr'><strong>post</strong></span> 
     </span>
    </p>
   </div>
   <div class='ocr_carea' id='block_1_41' title="bbox 2183 1210 3753 1299">
    <p class='ocr_par' dir='ltr' id='par_1_41' title="bbox 2183 1210 3753 1299">
     <span class='ocr_line' id='line_1_41' title="bbox 2183 1210 3753 1299; baseline -0.015 -14"><span class='ocrx_word' id='word_1_265' title='bbox 2183 1232 2283 1286; x_wconf 85' lang='lat' dir='ltr'><strong>has</strong></span> <span class='ocrx_word' id='word_1_266' title='bbox 2311 1229 2548 1299; x_wconf 81' lang='lat' dir='ltr'><strong>nuptias,</strong></span> <span class='ocrx_word' id='word_1_267' title='bbox 2567 1223 2914 1296; x_wconf 81' lang='lat' dir='ltr'><strong>quorundam</strong></span> <span class='ocrx_word' id='word_1_268' title='bbox 2934 1218 3187 1283; x_wconf 85' lang='lat' dir='ltr'><strong>consilio,</strong></span> <span class='ocrx_word' id='word_1_269' title='bbox 3206 1215 3350 1285; x_wconf 85' lang='lat' dir='ltr'><strong>apud</strong></span> <span class='ocrx_word' id='word_1_270' title='bbox 3370 1210 3753 1281; x_wconf 85' lang='lat' dir='ltr'><strong>Compendium</strong></span> 
     </span>
    </p>
   </div>
   <div class='ocr_carea' id='block_1_42' title="bbox 2182 1299 3756 1385">
    <p class='ocr_par' dir='ltr' id='par_1_42' title="bbox 2182 1299 3756 1385">
     <span class='ocr_line' id='line_1_42' title="bbox 2182 1299 3756 1385; baseline -0.014 -9"><span class='ocrx_word' id='word_1_271' title='bbox 2182 1337 2278 1376; x_wconf 83' lang='lat' dir='ltr'><strong>rex</strong></span> <span class='ocrx_word' id='word_1_272' title='bbox 2308 1335 2431 1374; x_wconf 91' lang='lat' dir='ltr'><strong>cum</strong></span> <span class='ocrx_word' id='word_1_273' title='bbox 2460 1318 2577 1374; x_wconf 86' lang='lat' dir='ltr'><strong>suis</strong></span> <span class='ocrx_word' id='word_1_274' title='bbox 2600 1310 3050 1385; x_wconf 78' lang='lat' dir='ltr'><strong>areliiepiscOpis,</strong></span> <span class='ocrx_word' id='word_1_275' title='bbox 3079 1305 3354 1379; x_wconf 87' lang='lat' dir='ltr'><strong>episcopis</strong></span> <span class='ocrx_word' id='word_1_276' title='bbox 3386 1311 3446 1359; x_wconf 89' lang='lat' dir='ltr'><strong>et</strong></span> <span class='ocrx_word' id='word_1_277' title='bbox 3471 1299 3756 1358; x_wconf 79' lang='lat' dir='ltr'><strong>baronibus</strong></span> 
     </span>
    </p>
   </div>
   <div class='ocr_carea' id='block_1_43' title="bbox 2184 1392 3759 1481">
    <p class='ocr_par' dir='ltr' id='par_1_43' title="bbox 2184 1392 3759 1481">
     <span class='ocr_line' id='line_1_43' title="bbox 2184 1392 3759 1481; baseline -0.014 -13"><span class='ocrx_word' id='word_1_278' title='bbox 2184 1411 2521 1481; x_wconf 89' lang='lat' dir='ltr'><strong>colloquium</strong></span> <span class='ocrx_word' id='word_1_279' title='bbox 2562 1408 2777 1462; x_wconf 84' lang='lat' dir='ltr'><strong>habuit.</strong></span> <span class='ocrx_word' id='word_1_280' title='bbox 2823 1404 2902 1458; x_wconf 91' lang='lat' dir='ltr'><strong>lbi</strong></span> <span class='ocrx_word' id='word_1_281' title='bbox 2926 1401 3151 1473; x_wconf 85' lang='lat' dir='ltr'><strong>quidam</strong></span> <span class='ocrx_word' id='word_1_282' title='bbox 3199 1395 3443 1469; x_wconf 81' lang='lat' dir='ltr'><strong>episcopi</strong></span> <span class='ocrx_word' id='word_1_283' title='bbox 3472 1402 3531 1449; x_wconf 85' lang='lat' dir='ltr'><strong>et</strong></span> <span class='ocrx_word' id='word_1_284' title='bbox 3575 1392 3759 1448; x_wconf 79' lang='lat' dir='ltr'><strong>milites</strong></span> 
     </span>
    </p>
   </div>
   <div class='ocr_carea' id='block_1_44' title="bbox 2181 1484 3758 1574">
    <p class='ocr_par' dir='ltr' id='par_1_44' title="bbox 2181 1484 3758 1574">
     <span class='ocr_line' id='line_1_44' title="bbox 2181 1484 3758 1574; baseline -0.014 -13"><span class='ocrx_word' id='word_1_285' title='bbox 2181 1510 2601 1574; x_wconf 84' lang='lat' dir='ltr'><strong>consurgentes,</strong></span> <span class='ocrx_word' id='word_1_286' title='bbox 2631 1495 3167 1569; x_wconf 85' lang='lat' dir='ltr'><strong>consanguinitatem</strong></span> <span class='ocrx_word' id='word_1_287' title='bbox 3200 1492 3343 1546; x_wconf 82' lang='lat' dir='ltr'><strong>inter</strong></span> <span class='ocrx_word' id='word_1_288' title='bbox 3372 1488 3607 1559; x_wconf 77' lang='lat' dir='ltr'><strong>primam</strong></span> <span class='ocrx_word' id='word_1_289' title='bbox 3630 1484 3758 1555; x_wconf 78' lang='lat' dir='ltr'><strong>regi-</strong></span> 
     </span>
    </p>
   </div>
   <div class='ocr_carea' id='block_1_45' title="bbox 2186 1582 3757 1661">
    <p class='ocr_par' dir='ltr' id='par_1_45' title="bbox 2186 1582 3757 1661">
     <span class='ocr_line' id='line_1_45' title="bbox 2186 1582 3757 1661; baseline -0.014 -8"><span class='ocrx_word' id='word_1_290' title='bbox 2186 1613 2313 1653; x_wconf 83' lang='lat' dir='ltr'><strong>nam</strong></span> <span class='ocrx_word' id='word_1_291' title='bbox 2350 1604 2404 1650; x_wconf 82' lang='lat' dir='ltr'><strong>et</strong></span> <span class='ocrx_word' id='word_1_292' title='bbox 2446 1592 2742 1651; x_wconf 83' lang='lat' dir='ltr'><strong>secundam</strong></span> <span class='ocrx_word' id='word_1_293' title='bbox 2787 1590 3130 1661; x_wconf 79' lang='lat' dir='ltr'><strong>juraverunt.</strong></span> <span class='ocrx_word' id='word_1_294' title='bbox 3164 1585 3286 1651; x_wconf 87' lang='lat' dir='ltr'><strong>Quo</strong></span> <span class='ocrx_word' id='word_1_295' title='bbox 3323 1582 3640 1652; x_wconf 76' lang='lat' dir='ltr'><strong>iuramento</strong></span> <span class='ocrx_word' id='word_1_296' title='bbox 3676 1592 3757 1632; x_wconf 67' lang='lat' dir='ltr'><strong>res</strong></span> 
     </span>
    </p>
   </div>
   <div class='ocr_carea' id='block_1_46' title="bbox 2187 1670 3761 1761">
    <p class='ocr_par' dir='ltr' id='par_1_46' title="bbox 2187 1670 3761 1761">
     <span class='ocr_line' id='line_1_46' title="bbox 2187 1670 3761 1761; baseline -0.013 -14"><span class='ocrx_word' id='word_1_297' title='bbox 2187 1698 2430 1761; x_wconf 87' lang='lat' dir='ltr'><strong>accepto,</strong></span> <span class='ocrx_word' id='word_1_298' title='bbox 2477 1688 2686 1757; x_wconf 87' lang='lat' dir='ltr'><strong>absque</strong></span> <span class='ocrx_word' id='word_1_299' title='bbox 2730 1685 2840 1740; x_wconf 82' lang='lat' dir='ltr'><strong>ulla</strong></span> <span class='ocrx_word' id='word_1_300' title='bbox 2890 1681 3153 1738; x_wconf 81' lang='lat' dir='ltr'><strong>dilatione</strong></span> <span class='ocrx_word' id='word_1_301' title='bbox 3198 1686 3254 1734; x_wconf 90' lang='lat' dir='ltr'><strong>et</strong></span> <span class='ocrx_word' id='word_1_302' title='bbox 3293 1675 3534 1732; x_wconf 84' lang='lat' dir='ltr'><strong>consilio</strong></span> <span class='ocrx_word' id='word_1_303' title='bbox 3570 1670 3761 1728; x_wconf 66' lang='lat' dir='ltr'><strong>diluxit</strong></span> 
     </span>
    </p>
   </div>
   <div class='ocr_carea' id='block_1_47' title="bbox 2187 1763 3762 1844">
    <p class='ocr_par' dir='ltr' id='par_1_47' title="bbox 2187 1763 3762 1844">
     <span class='ocr_line' id='line_1_47' title="bbox 2187 1763 3762 1844; baseline -0.013 -5"><span class='ocrx_word' id='word_1_304' title='bbox 2187 1798 2332 1839; x_wconf 87' lang='lat' dir='ltr'><strong>eam.</strong></span> <span class='ocrx_word' id='word_1_305' title='bbox 2360 1782 2402 1834; x_wconf 86' lang='lat' dir='ltr'><strong>A</strong></span> <span class='ocrx_word' id='word_1_306' title='bbox 2436 1779 2692 1835; x_wconf 81' lang='lat' dir='ltr'><strong>Kalendis</strong></span> <span class='ocrx_word' id='word_1_307' title='bbox 2735 1776 2921 1831; x_wconf 83' lang='lat' dir='ltr'><strong>Marcii</strong></span> <span class='ocrx_word' id='word_1_308' title='bbox 2952 1787 3125 1844; x_wconf 83' lang='lat' dir='ltr'><strong>usque</strong></span> <span class='ocrx_word' id='word_1_309' title='bbox 3158 1770 3227 1826; x_wconf 75' lang='lat' dir='ltr'><strong>ad</strong></span> <span class='ocrx_word' id='word_1_310' title='bbox 3249 1771 3438 1824; x_wconf 83' lang='lat' dir='ltr'><strong>lunam</strong></span> <span class='ocrx_word' id='word_1_311' title='bbox 3467 1763 3762 1822; x_wconf 76' lang='lat' dir='ltr'><strong>Decembris</strong></span> 
     </span>
    </p>
   </div>
   <div class='ocr_carea' id='block_1_48' title="bbox 2190 1858 3763 1939">
    <p class='ocr_par' dir='ltr' id='par_1_48' title="bbox 2190 1858 3763 1939">
     <span class='ocr_line' id='line_1_48' title="bbox 2190 1858 3763 1939; baseline -0.01 -11"><span class='ocrx_word' id='word_1_312' title='bbox 2190 1874 2414 1939; x_wconf 89' lang='lat' dir='ltr'><strong>mensis,</strong></span> <span class='ocrx_word' id='word_1_313' title='bbox 2443 1885 2634 1927; x_wconf 87' lang='lat' dir='ltr'><strong>omnes</strong></span> <span class='ocrx_word' id='word_1_314' title='bbox 2659 1869 2971 1925; x_wconf 90' lang='lat' dir='ltr'><strong>lunationes</strong></span> <span class='ocrx_word' id='word_1_315' title='bbox 3003 1866 3057 1919; x_wconf 93' lang='lat' dir='ltr'><strong>in</strong></span> <span class='ocrx_word' id='word_1_316' title='bbox 3083 1863 3266 1919; x_wconf 88' lang='lat' dir='ltr'><strong>iniciis</strong></span> <span class='ocrx_word' id='word_1_317' title='bbox 3298 1860 3578 1917; x_wconf 79' lang='lat' dir='ltr'><strong>mensium</strong></span> <span class='ocrx_word' id='word_1_318' title='bbox 3615 1858 3763 1913; x_wconf 82' lang='lat' dir='ltr'><strong>nimis</strong></span> 
     </span>
    </p>
   </div>
   <div class='ocr_carea' id='block_1_49' title="bbox 2187 1951 3763 2035">
    <p class='ocr_par' dir='ltr' id='par_1_49' title="bbox 2187 1951 3763 2035">
     <span class='ocr_line' id='line_1_49' title="bbox 2187 1951 3763 2035; baseline -0.011 -14"><span class='ocrx_word' id='word_1_319' title='bbox 2187 1966 2416 2022; x_wconf 84' lang='lat' dir='ltr'><strong>extitere</strong></span> <span class='ocrx_word' id='word_1_320' title='bbox 2440 1963 2724 2035; x_wconf 77' lang='lat' dir='ltr'><strong>pluviales,</strong></span> <span class='ocrx_word' id='word_1_321' title='bbox 2755 1974 2943 2016; x_wconf 90' lang='lat' dir='ltr'><strong>mense</strong></span> <span class='ocrx_word' id='word_1_322' title='bbox 2984 1957 3207 2014; x_wconf 83' lang='lat' dir='ltr'><strong>Octobri</strong></span> <span class='ocrx_word' id='word_1_323' title='bbox 3246 1963 3499 2024; x_wconf 76' lang='lat' dir='ltr'><strong>excepto.</strong></span> <span class='ocrx_word' id='word_1_324' title='bbox 3524 1951 3581 2005; x_wconf 82' lang='lat' dir='ltr'><strong>in</strong></span> <span class='ocrx_word' id='word_1_325' title='bbox 3622 1957 3763 2005; x_wconf 64' lang='lat' dir='ltr'><strong>node</strong></span> 
     </span>
    </p>
   </div>
   <div class='ocr_carea' id='block_1_50' title="bbox 2189 2041 3765 2120">
    <p class='ocr_par' dir='ltr' id='par_1_50' title="bbox 2189 2041 3765 2120">
     <span class='ocr_line' id='line_1_50' title="bbox 2189 2041 3765 2120; baseline -0.009 -9"><span class='ocrx_word' id='word_1_326' title='bbox 2189 2055 2501 2111; x_wconf 74' lang='lat' dir='ltr'><strong>festivitatis</strong></span> <span class='ocrx_word' id='word_1_327' title='bbox 2548 2053 2723 2110; x_wconf 80' lang='lat' dir='ltr'><strong>sancti</strong></span> <span class='ocrx_word' id='word_1_328' title='bbox 2770 2051 2987 2107; x_wconf 84' lang='lat' dir='ltr'><strong>Martini</strong></span> <span class='ocrx_word' id='word_1_329' title='bbox 3034 2048 3269 2120; x_wconf 83' lang='lat' dir='ltr'><strong>eclypsis</strong></span> <span class='ocrx_word' id='word_1_330' title='bbox 3321 2047 3455 2100; x_wconf 85' lang='lat' dir='ltr'><strong>lune</strong></span> <span class='ocrx_word' id='word_1_331' title='bbox 3506 2043 3626 2098; x_wconf 78' lang='lat' dir='ltr'><strong>fuit.</strong></span> <span class='ocrx_word' id='word_1_332' title='bbox 3668 2041 3765 2097; x_wconf 80' lang='lat' dir='ltr'><strong>llee</strong></span> 
     </span>
    </p>
   </div>
   <div class='ocr_carea' id='block_1_51' title="bbox 2188 2134 3763 2212">
    <p class='ocr_par' dir='ltr' id='par_1_51' title="bbox 2188 2134 3763 2212">
     <span class='ocr_line' id='line_1_51' title="bbox 2188 2134 3763 2212; baseline -0.011 -8"><span class='ocrx_word' id='word_1_333' title='bbox 2188 2149 2365 2204; x_wconf 82' lang='lat' dir='ltr'><strong>littere</strong></span> <span class='ocrx_word' id='word_1_334' title='bbox 2419 2146 2682 2203; x_wconf 85' lang='lat' dir='ltr'><strong>translate</strong></span> <span class='ocrx_word' id='word_1_335' title='bbox 2724 2153 2854 2201; x_wconf 89' lang='lat' dir='ltr'><strong>sunt</strong></span> <span class='ocrx_word' id='word_1_336' title='bbox 2908 2160 2941 2198; x_wconf 87' lang='lat' dir='ltr'><strong>a</strong></span> <span class='ocrx_word' id='word_1_337' title='bbox 2994 2142 3242 2212; x_wconf 86' lang='lat' dir='ltr'><strong>partibus</strong></span> <span class='ocrx_word' id='word_1_338' title='bbox 3287 2136 3674 2194; x_wconf 77' lang='lat' dir='ltr'><strong>transmarinis</strong></span> <span class='ocrx_word' id='word_1_339' title='bbox 3715 2134 3763 2188; x_wconf 89' lang='lat' dir='ltr'><strong>iu</strong></span> 
     </span>
    </p>
   </div>
   <div class='ocr_carea' id='block_1_52' title="bbox 2190 2227 3765 2305">
    <p class='ocr_par' dir='ltr' id='par_1_52' title="bbox 2190 2227 3765 2305">
     <span class='ocr_line' id='line_1_52' title="bbox 2190 2227 3765 2305; baseline -0.011 -9"><span class='ocrx_word' id='word_1_340' title='bbox 2190 2240 2420 2297; x_wconf 82' lang='lat' dir='ltr'><strong>Galliam</strong></span> <span class='ocrx_word' id='word_1_341' title='bbox 2450 2259 2463 2294; x_wconf 74' lang='grc' dir='ltr'><strong>ε</strong></span> <span class='ocrx_word' id='word_1_342' title='bbox 2494 2238 2690 2293; x_wconf 78' lang='lat' dir='ltr'><strong>Frater</strong></span> <span class='ocrx_word' id='word_1_343' title='bbox 2718 2236 3036 2305; x_wconf 82' lang='lat' dir='ltr'><strong>Canfridus,</strong></span> <span class='ocrx_word' id='word_1_344' title='bbox 3063 2233 3158 2287; x_wconf 85' lang='lat' dir='ltr'><strong>Dei</strong></span> <span class='ocrx_word' id='word_1_345' title='bbox 3188 2231 3365 2302; x_wconf 84' lang='lat' dir='ltr'><strong>gratia</strong></span> <span class='ocrx_word' id='word_1_346' title='bbox 3387 2237 3572 2283; x_wconf 80' lang='lat' dir='ltr'><strong>sancte</strong></span> <span class='ocrx_word' id='word_1_347' title='bbox 3595 2227 3765 2279; x_wconf 77' lang='lat' dir='ltr'><strong>domus</strong></span> 
     </span>
    </p>
   </div>
   <div class='ocr_carea' id='block_1_53' title="bbox 2189 2319 3765 2404">
    <p class='ocr_par' dir='ltr' id='par_1_53' title="bbox 2189 2319 3765 2404">
     <span class='ocr_line' id='line_1_53' title="bbox 2189 2319 3765 2404; baseline -0.01 -17"><span class='ocrx_word' id='word_1_348' title='bbox 2189 2330 2469 2404; x_wconf 73' lang='lat' dir='ltr'><strong>hospitalis</strong></span> <span class='ocrx_word' id='word_1_349' title='bbox 2491 2328 2822 2385; x_wconf 77' lang='lat' dir='ltr'><strong>Jlrerusalem</strong></span> <span class='ocrx_word' id='word_1_350' title='bbox 2840 2327 3057 2381; x_wconf 79' lang='lat' dir='ltr'><strong>humilis</strong></span> <span class='ocrx_word' id='word_1_351' title='bbox 3080 2325 3351 2396; x_wconf 75' lang='lat' dir='ltr'><strong>magister,</strong></span> <span class='ocrx_word' id='word_1_352' title='bbox 3382 2338 3496 2375; x_wconf 88' lang='lat' dir='ltr'><strong>una</strong></span> <span class='ocrx_word' id='word_1_353' title='bbox 3518 2335 3633 2374; x_wconf 87' lang='lat' dir='ltr'><strong>cum</strong></span> <span class='ocrx_word' id='word_1_354' title='bbox 3656 2319 3765 2372; x_wconf 52' lang='lat' dir='ltr'><strong>unié</strong></span> 
     </span>
    </p>
   </div>
   <div class='ocr_carea' id='block_1_54' title="bbox 2190 2408 3765 2491">
    <p class='ocr_par' dir='ltr' id='par_1_54' title="bbox 2190 2408 3765 2491">
     <span class='ocr_line' id='line_1_54' title="bbox 2190 2408 3765 2491; baseline -0.011 -14"><span class='ocrx_word' id='word_1_355' title='bbox 2190 2440 2334 2478; x_wconf 83' lang='lat' dir='ltr'><strong>verso</strong></span> <span class='ocrx_word' id='word_1_356' title='bbox 2365 2422 2597 2491; x_wconf 84' lang='lat' dir='ltr'><strong>ejusdem</strong></span> <span class='ocrx_word' id='word_1_357' title='bbox 2622 2421 2807 2473; x_wconf 85' lang='lat' dir='ltr'><strong>domus</strong></span> <span class='ocrx_word' id='word_1_358' title='bbox 2840 2415 3099 2487; x_wconf 79' lang='lat' dir='ltr'><strong>capitulo,</strong></span> <span class='ocrx_word' id='word_1_359' title='bbox 3129 2414 3413 2468; x_wconf 79' lang='lat' dir='ltr'><strong>kurissimo</strong></span> <span class='ocrx_word' id='word_1_360' title='bbox 3436 2423 3487 2465; x_wconf 88' lang='lat' dir='ltr'><strong>et</strong></span> <span class='ocrx_word' id='word_1_361' title='bbox 3514 2408 3765 2463; x_wconf 77' lang='lat' dir='ltr'><strong>dilectain</strong></span> 
     </span>
    </p>
   </div>
   <div class='ocr_carea' id='block_1_55' title="bbox 2191 2501 3762 2584">
    <p class='ocr_par' dir='ltr' id='par_1_55' title="bbox 2191 2501 3762 2584">
     <span class='ocr_line' id='line_1_55' title="bbox 2191 2501 3762 2584; baseline -0.01 -14"><span class='ocrx_word' id='word_1_362' title='bbox 2191 2515 2418 2569; x_wconf 86' lang='lat' dir='ltr'><strong>Domino</strong></span> <span class='ocrx_word' id='word_1_363' title='bbox 2441 2515 2600 2584; x_wconf 73' lang='lat' dir='ltr'><strong>fratri</strong></span> <span class='ocrx_word' id='word_1_364' title='bbox 2628 2512 2897 2566; x_wconf 73' lang='lat' dir='ltr'><strong>Willelmo</strong></span> <span class='ocrx_word' id='word_1_365' title='bbox 2919 2511 2983 2564; x_wconf 88' lang='lat' dir='ltr'><strong>de</strong></span> <span class='ocrx_word' id='word_1_366' title='bbox 3018 2508 3284 2571; x_wconf 82' lang='lat' dir='ltr'><strong>Vileruns,</strong></span> <span class='ocrx_word' id='word_1_367' title='bbox 3301 2504 3599 2574; x_wconf 81' lang='lat' dir='ltr'><strong>preceptori</strong></span> <span class='ocrx_word' id='word_1_368' title='bbox 3621 2501 3762 2555; x_wconf 80' lang='lat' dir='ltr'><strong>ultra-</strong></span> 
     </span>
    </p>
   </div>
   <div class='ocr_carea' id='block_1_56' title="bbox 2193 2593 3764 2674">
    <p class='ocr_par' dir='ltr' id='par_1_56' title="bbox 2193 2593 3764 2674">
     <span class='ocr_line' id='line_1_56' title="bbox 2193 2593 3764 2674; baseline -0.01 -13"><span class='ocrx_word' id='word_1_369' title='bbox 2193 2609 2419 2674; x_wconf 86' lang='lat' dir='ltr'><strong>marino,</strong></span> <span class='ocrx_word' id='word_1_370' title='bbox 2455 2605 2682 2659; x_wconf 80' lang='lat' dir='ltr'><strong>salutem</strong></span> <span class='ocrx_word' id='word_1_371' title='bbox 2720 2612 2769 2657; x_wconf 84' lang='lat' dir='ltr'><strong>et</strong></span> <span class='ocrx_word' id='word_1_372' title='bbox 2804 2605 3094 2673; x_wconf 79' lang='lat' dir='ltr'><strong>fraternam</strong></span> <span class='ocrx_word' id='word_1_373' title='bbox 3125 2599 3489 2652; x_wconf 80' lang='lat' dir='ltr'><strong>dilectionem.</strong></span> <span class='ocrx_word' id='word_1_374' title='bbox 3525 2593 3764 2661; x_wconf 73' lang='lat' dir='ltr'><strong>Quoniam</strong></span> 
     </span>
    </p>
   </div>
   <div class='ocr_carea' id='block_1_57' title="bbox 2190 2691 3766 2767">
    <p class='ocr_par' dir='ltr' id='par_1_57' title="bbox 2190 2691 3766 2767">
     <span class='ocr_line' id='line_1_57' title="bbox 2190 2691 3766 2767; baseline -0.01 -14"><span class='ocrx_word' id='word_1_375' title='bbox 2190 2699 2256 2753; x_wconf 86' lang='lat' dir='ltr'><strong>de</strong></span> <span class='ocrx_word' id='word_1_376' title='bbox 2311 2700 2416 2764; x_wconf 85' lang='lat' dir='ltr'><strong>his,</strong></span> <span class='ocrx_word' id='word_1_377' title='bbox 2465 2713 2563 2767; x_wconf 75' lang='lat' dir='ltr'><strong>qua</strong></span> <span class='ocrx_word' id='word_1_378' title='bbox 2610 2697 2665 2749; x_wconf 88' lang='lat' dir='ltr'><strong>in</strong></span> <span class='ocrx_word' id='word_1_379' title='bbox 2711 2704 2850 2748; x_wconf 86' lang='lat' dir='ltr'><strong>terra</strong></span> <span class='ocrx_word' id='word_1_380' title='bbox 2885 2691 3485 2747; x_wconf 76' lang='lat' dir='ltr'><strong>Jlierosolimitanorum</strong></span> <span class='ocrx_word' id='word_1_381' title='bbox 3533 2694 3766 2758; x_wconf 81' lang='lat' dir='ltr'><strong>aguntur.</strong></span> 
     </span>
    </p>
   </div>
   <div class='ocr_carea' id='block_1_58' title="bbox 2192 2776 3766 2847">
    <p class='ocr_par' dir='ltr' id='par_1_58' title="bbox 2192 2776 3766 2847">
     <span class='ocr_line' id='line_1_58' title="bbox 2192 2776 3766 2847; baseline -0.009 -3"><span class='ocrx_word' id='word_1_382' title='bbox 2192 2791 2453 2844; x_wconf 79' lang='lat' dir='ltr'><strong>credimus</strong></span> <span class='ocrx_word' id='word_1_383' title='bbox 2484 2804 2570 2841; x_wconf 87' lang='lat' dir='ltr'><strong>vos</strong></span> <span class='ocrx_word' id='word_1_384' title='bbox 2596 2795 2764 2840; x_wconf 85' lang='lat' dir='ltr'><strong>certos</strong></span> <span class='ocrx_word' id='word_1_385' title='bbox 2814 2800 3048 2838; x_wconf 85' lang='lat' dir='ltr'><strong>rumores</strong></span> <span class='ocrx_word' id='word_1_386' title='bbox 3087 2782 3409 2847; x_wconf 85' lang='lat' dir='ltr'><strong>desiderare,</strong></span> <span class='ocrx_word' id='word_1_387' title='bbox 3438 2788 3621 2834; x_wconf 79' lang='lat' dir='ltr'><strong>notum</strong></span> <span class='ocrx_word' id='word_1_388' title='bbox 3644 2776 3766 2831; x_wconf 71' lang='lat' dir='ltr'><strong>nobis</strong></span> 
     </span>
    </p>
   </div>
   <div class='ocr_carea' id='block_1_59' title="bbox 2186 2870 3767 2951">
    <p class='ocr_par' dir='ltr' id='par_1_59' title="bbox 2186 2870 3767 2951">
     <span class='ocr_line' id='line_1_59' title="bbox 2186 2870 3767 2951; baseline -0.009 -16"><span class='ocrx_word' id='word_1_389' title='bbox 2186 2882 2442 2951; x_wconf 76' lang='lat' dir='ltr'><strong>facimus,</strong></span> <span class='ocrx_word' id='word_1_390' title='bbox 2470 2879 2608 2950; x_wconf 81' lang='lat' dir='ltr'><strong>quod</strong></span> <span class='ocrx_word' id='word_1_391' title='bbox 2638 2878 2882 2948; x_wconf 73' lang='lat' dir='ltr'><strong>proximo</strong></span> <span class='ocrx_word' id='word_1_392' title='bbox 2924 2885 3039 2947; x_wconf 81' lang='lat' dir='ltr'><strong>post</strong></span> <span class='ocrx_word' id='word_1_393' title='bbox 3074 2873 3431 2946; x_wconf 82' lang='lat' dir='ltr'><strong>Septembrem</strong></span> <span class='ocrx_word' id='word_1_394' title='bbox 3479 2872 3688 2943; x_wconf 75' lang='lat' dir='ltr'><strong>quidam</strong></span> <span class='ocrx_word' id='word_1_395' title='bbox 3713 2870 3767 2922; x_wconf 88' lang='lat' dir='ltr'><strong>de</strong></span> 
     </span>
    </p>
   </div>
   <div class='ocr_carea' id='block_1_60' title="bbox 2193 2965 3768 3045">
    <p class='ocr_par' dir='ltr' id='par_1_60' title="bbox 2193 2965 3768 3045">
     <span class='ocr_line' id='line_1_60' title="bbox 2193 2965 3768 3045; baseline -0.009 -17"><span class='ocrx_word' id='word_1_396' title='bbox 2193 2982 2341 3045; x_wconf 83' lang='lat' dir='ltr'><strong>gente</strong></span> <span class='ocrx_word' id='word_1_397' title='bbox 2386 2988 2618 3043; x_wconf 81' lang='lat' dir='ltr'><strong>pagana,</strong></span> <span class='ocrx_word' id='word_1_398' title='bbox 2660 2970 2855 3024; x_wconf 81' lang='lat' dir='ltr'><strong>nobilis</strong></span> <span class='ocrx_word' id='word_1_399' title='bbox 2900 2985 3087 3039; x_wconf 80' lang='lat' dir='ltr'><strong>genere</strong></span> <span class='ocrx_word' id='word_1_400' title='bbox 3133 2976 3183 3021; x_wconf 88' lang='lat' dir='ltr'><strong>et</strong></span> <span class='ocrx_word' id='word_1_401' title='bbox 3214 2965 3382 3020; x_wconf 84' lang='lat' dir='ltr'><strong>armis</strong></span> <span class='ocrx_word' id='word_1_402' title='bbox 3410 2965 3768 3035; x_wconf 60' lang='lat' dir='ltr'><strong>famosus,»-</strong></span> 
     </span>
    </p>
   </div>
   <div class='ocr_carea' id='block_1_61' title="bbox 2194 3054 3767 3137">
    <p class='ocr_par' dir='ltr' id='par_1_61' title="bbox 2194 3054 3767 3137">
     <span class='ocr_line' id='line_1_61' title="bbox 2194 3054 3767 3137; baseline -0.008 -20"><span class='ocrx_word' id='word_1_403' title='bbox 2194 3065 2333 3137; x_wconf 80' lang='lat' dir='ltr'><strong>mine</strong></span> <span class='ocrx_word' id='word_1_404' title='bbox 2367 3062 2585 3127; x_wconf 82' lang='lat' dir='ltr'><strong>Mestoc,</strong></span> <span class='ocrx_word' id='word_1_405' title='bbox 2634 3062 2795 3115; x_wconf 86' lang='lat' dir='ltr'><strong>vitam</strong></span> <span class='ocrx_word' id='word_1_406' title='bbox 2830 3075 2984 3113; x_wconf 80' lang='lat' dir='ltr'><strong>suam</strong></span> <span class='ocrx_word' id='word_1_407' title='bbox 3037 3056 3359 3111; x_wconf 83' lang='lat' dir='ltr'><strong>terminavit.</strong></span> <span class='ocrx_word' id='word_1_408' title='bbox 3404 3054 3611 3108; x_wconf 83' lang='lat' dir='ltr'><strong>Deinde</strong></span> <span class='ocrx_word' id='word_1_409' title='bbox 3646 3065 3767 3104; x_wconf 78' lang='lat' dir='ltr'><strong>mor-</strong></span> 
     </span>
    </p>
   </div>
   <div class='ocr_carea' id='block_1_62' title="bbox 2143 3146 3766 3233">
    <p class='ocr_par' dir='ltr' id='par_1_62' title="bbox 2143 3146 3766 3233">
     <span class='ocr_line' id='line_1_62' title="bbox 2143 3146 3766 3233; baseline -0.008 -23"><span class='ocrx_word' id='word_1_410' title='bbox 2143 3206 2163 3233; x_wconf 54' lang='lat'><strong>‘,</strong></span> <span class='ocrx_word' id='word_1_411' title='bbox 2198 3167 2318 3209; x_wconf 82' lang='lat' dir='ltr'><strong>(nus</strong></span> <span class='ocrx_word' id='word_1_412' title='bbox 2349 3164 2422 3208; x_wconf 86' lang='lat' dir='ltr'><strong>est</strong></span> <span class='ocrx_word' id='word_1_413' title='bbox 2480 3163 2623 3208; x_wconf 77' lang='lat' dir='ltr'><strong>vetus</strong></span> <span class='ocrx_word' id='word_1_414' title='bbox 2664 3152 2913 3206; x_wconf 82' lang='lat' dir='ltr'><strong>dominus</strong></span> <span class='ocrx_word' id='word_1_415' title='bbox 2971 3150 3355 3219; x_wconf 80' lang='lat' dir='ltr'><strong>Assyriorum;</strong></span> <span class='ocrx_word' id='word_1_416' title='bbox 3419 3146 3612 3201; x_wconf 82' lang='lat' dir='ltr'><strong>deinde</strong></span> <span class='ocrx_word' id='word_1_417' title='bbox 3642 3159 3766 3196; x_wconf 77' lang='lat' dir='ltr'><strong>nm-</strong></span> 
     </span>
    </p>
   </div>
   <div class='ocr_carea' id='block_1_63' title="bbox 503 3224 3765 3329">
    <p class='ocr_par' dir='ltr' id='par_1_63' title="bbox 503 3224 3765 3329">
     <span class='ocr_line' id='line_1_63' title="bbox 503 3224 3765 3329; baseline -0.008 -17"><span class='ocrx_word' id='word_1_418' title='bbox 503 3258 730 3329; x_wconf 84' lang='lat' dir='ltr'><strong>copioso</strong></span> <span class='ocrx_word' id='word_1_419' title='bbox 784 3257 1049 3322; x_wconf 82' lang='lat' dir='ltr'><strong>exercitu,</strong></span> <span class='ocrx_word' id='word_1_420' title='bbox 1103 3265 1225 3327; x_wconf 90' lang='lat' dir='ltr'><strong>post</strong></span> <span class='ocrx_word' id='word_1_421' title='bbox 1267 3255 1579 3326; x_wconf 83' lang='lat' dir='ltr'><strong>paschalem</strong></span> <span class='ocrx_word' id='word_1_422' title='bbox 1635 3253 2090 3324; x_wconf 70' lang='lat' dir='ltr'><strong>sollempnitatem</strong></span> <span class='ocrx_word' id='word_1_423' title='bbox 2121 3224 2164 3273; x_wconf 57' lang='grc' dir='ltr'>υ</span> <span class='ocrx_word' id='word_1_424' title='bbox 2197 3259 2317 3301; x_wconf 84' lang='lat' dir='ltr'><strong>tuus</strong></span> <span class='ocrx_word' id='word_1_425' title='bbox 2338 3256 2413 3300; x_wconf 82' lang='lat' dir='ltr'><strong>est</strong></span> <span class='ocrx_word' id='word_1_426' title='bbox 2438 3249 2678 3300; x_wconf 80' lang='lat' dir='ltr'><strong>soltanus</strong></span> <span class='ocrx_word' id='word_1_427' title='bbox 2703 3244 2767 3298; x_wconf 89' lang='lat' dir='ltr'><strong>de</strong></span> <span class='ocrx_word' id='word_1_428' title='bbox 2795 3241 3014 3307; x_wconf 80' lang='lat' dir='ltr'><strong>Yconio,</strong></span> <span class='ocrx_word' id='word_1_429' title='bbox 3037 3250 3086 3295; x_wconf 91' lang='lat' dir='ltr'><strong>et</strong></span> <span class='ocrx_word' id='word_1_430' title='bbox 3114 3254 3173 3294; x_wconf 89' lang='lat' dir='ltr'><strong>eo</strong></span> <span class='ocrx_word' id='word_1_431' title='bbox 3217 3247 3465 3303; x_wconf 87' lang='lat' dir='ltr'><strong>mortuo,</strong></span> <span class='ocrx_word' id='word_1_432' title='bbox 3486 3239 3571 3291; x_wconf 81' lang='lat' dir='ltr'><strong>ira</strong></span> <span class='ocrx_word' id='word_1_433' title='bbox 3595 3244 3643 3290; x_wconf 83' lang='lat' dir='ltr'><strong>et</strong></span> <span class='ocrx_word' id='word_1_434' title='bbox 3668 3234 3765 3288; x_wconf 75' lang='lat' dir='ltr'><strong>dis-</strong></span> 
     </span>
    </p>
   </div>
   <div class='ocr_carea' id='block_1_64' title="bbox 507 3344 2096 3418">
    <p class='ocr_par' dir='ltr' id='par_1_64' title="bbox 507 3344 2096 3418">
     <span class='ocr_line' id='line_1_64' title="bbox 507 3344 2096 3418; baseline -0.003 -16"><span class='ocrx_word' id='word_1_435' title='bbox 507 3364 696 3403; x_wconf 90' lang='lat' dir='ltr'><strong>mense</strong></span> <span class='ocrx_word' id='word_1_436' title='bbox 725 3347 897 3418; x_wconf 83' lang='lat' dir='ltr'><strong>Aprili</strong></span> <span class='ocrx_word' id='word_1_437' title='bbox 922 3347 975 3401; x_wconf 90' lang='lat' dir='ltr'><strong>in</strong></span> <span class='ocrx_word' id='word_1_438' title='bbox 1005 3344 1455 3401; x_wconf 75' lang='lat' dir='ltr'><strong>Northmanniam</strong></span> <span class='ocrx_word' id='word_1_439' title='bbox 1491 3344 1660 3410; x_wconf 86' lang='lat' dir='ltr'><strong>vadit,</strong></span> <span class='ocrx_word' id='word_1_440' title='bbox 1692 3360 1825 3400; x_wconf 86' lang='lat' dir='ltr'><strong>eam</strong></span> <span class='ocrx_word' id='word_1_441' title='bbox 1850 3344 2096 3415; x_wconf 86' lang='lat' dir='ltr'><strong>depopu-</strong></span> 
     </span>
    </p>
   </div>
   <div class='ocr_carea' id='block_1_65' title="bbox 506 3428 2096 3512">
    <p class='ocr_par' dir='ltr' id='par_1_65' title="bbox 506 3428 2096 3512">
     <span class='ocr_line' id='line_1_65' title="bbox 506 3428 2096 3512; baseline -0.002 -19"><span class='ocrx_word' id='word_1_442' title='bbox 506 3435 759 3506; x_wconf 84' lang='lat' dir='ltr'><strong>latnrns;</strong></span> <span class='ocrx_word' id='word_1_443' title='bbox 789 3508 793 3512; x_wconf 90' lang='lat'>_</span> <span class='ocrx_word' id='word_1_444' title='bbox 824 3438 1046 3494; x_wconf 88' lang='lat' dir='ltr'><strong>castella</strong></span> <span class='ocrx_word' id='word_1_445' title='bbox 1098 3436 1414 3494; x_wconf 82' lang='lat' dir='ltr'><strong>Wilcassini</strong></span> <span class='ocrx_word' id='word_1_446' title='bbox 1459 3436 1760 3501; x_wconf 71' lang='lat' dir='ltr'><strong>territorii,</strong></span> <span class='ocrx_word' id='word_1_447' title='bbox 1797 3428 2096 3492; x_wconf 82' lang='lat' dir='ltr'><strong>Cisortiuni</strong></span> 
     </span>
    </p>
   </div>
   <div class='ocr_carea' id='block_1_66' title="bbox 510 3525 2096 3599">
    <p class='ocr_par' dir='ltr' id='par_1_66' title="bbox 510 3525 2096 3599">
     <span class='ocr_line' id='line_1_66' title="bbox 510 3525 2096 3599; baseline -0.002 -14"><span class='ocrx_word' id='word_1_448' title='bbox 510 3531 718 3587; x_wconf 85' lang='lat' dir='ltr'><strong>scilicet</strong></span> <span class='ocrx_word' id='word_1_449' title='bbox 745 3537 799 3587; x_wconf 91' lang='lat' dir='ltr'><strong>et</strong></span> <span class='ocrx_word' id='word_1_450' title='bbox 828 3530 933 3585; x_wconf 90' lang='lat' dir='ltr'><strong>alia</strong></span> <span class='ocrx_word' id='word_1_451' title='bbox 957 3529 1146 3596; x_wconf 91' lang='lat' dir='ltr'><strong>multa,</strong></span> <span class='ocrx_word' id='word_1_452' title='bbox 1174 3529 1336 3599; x_wconf 82' lang='lat' dir='ltr'><strong>cepit.</strong></span> <span class='ocrx_word' id='word_1_453' title='bbox 1361 3528 1651 3583; x_wconf 74' lang='lat' dir='ltr'><strong>Civitatem</strong></span> <span class='ocrx_word' id='word_1_454' title='bbox 1699 3525 2096 3582; x_wconf 84' lang='lat' dir='ltr'><strong>Northmannie</strong></span> 
     </span>
    </p>
   </div>
   <div class='ocr_carea' id='block_1_67' title="bbox 506 3617 2096 3694">
    <p class='ocr_par' dir='ltr' id='par_1_67' title="bbox 506 3617 2096 3694">
     <span class='ocr_line' id='line_1_67' title="bbox 506 3617 2096 3694; baseline -0.003 -16"><span class='ocrx_word' id='word_1_455' title='bbox 506 3622 980 3694; x_wconf 77' lang='lat' dir='ltr'><strong>metropolitanum</strong></span> <span class='ocrx_word' id='word_1_456' title='bbox 1013 3621 1377 3693; x_wconf 83' lang='lat' dir='ltr'><strong>Rotomagqu</strong></span> <span class='ocrx_word' id='word_1_457' title='bbox 1425 3620 1711 3674; x_wconf 89' lang='lat' dir='ltr'><strong>obsidione</strong></span> <span class='ocrx_word' id='word_1_458' title='bbox 1747 3619 1958 3683; x_wconf 75' lang='lat' dir='ltr'><strong>cinxit;</strong></span> <span class='ocrx_word' id='word_1_459' title='bbox 2002 3617 2096 3673; x_wconf 86' lang='lat' dir='ltr'><strong>sed</strong></span> 
     </span>
    </p>
   </div>
   <div class='ocr_carea' id='block_1_68' title="bbox 505 3710 2098 3784">
    <p class='ocr_par' dir='ltr' id='par_1_68' title="bbox 505 3710 2098 3784">
     <span class='ocr_line' id='line_1_68' title="bbox 505 3710 2098 3784; baseline -0.005 -12"><span class='ocrx_word' id='word_1_460' title='bbox 505 3714 719 3772; x_wconf 77' lang='lat' dir='ltr'><strong>civibus</strong></span> <span class='ocrx_word' id='word_1_461' title='bbox 766 3714 994 3771; x_wconf 75' lang='lat' dir='ltr'><strong>viriliter</strong></span> <span class='ocrx_word' id='word_1_462' title='bbox 1032 3712 1488 3784; x_wconf 79' lang='lat' dir='ltr'><strong>repugnantibus,</strong></span> <span class='ocrx_word' id='word_1_463' title='bbox 1537 3720 1848 3765; x_wconf 80' lang='lat' dir='ltr'><strong>commotus</strong></span> <span class='ocrx_word' id='word_1_464' title='bbox 1880 3710 1960 3764; x_wconf 89' lang='lat' dir='ltr'><strong>ira</strong></span> <span class='ocrx_word' id='word_1_465' title='bbox 1992 3724 2098 3779; x_wconf 78' lang='lat' dir='ltr'><strong>que</strong></span> 
     </span>
    </p>
   </div>
   <div class='ocr_carea' id='block_1_69' title="bbox 504 3802 2094 3874">
    <p class='ocr_par' dir='ltr' id='par_1_69' title="bbox 504 3802 2094 3874">
     <span class='ocr_line' id='line_1_69' title="bbox 504 3802 2094 3874; baseline -0.005 -11"><span class='ocrx_word' id='word_1_466' title='bbox 504 3807 556 3863; x_wconf 88' lang='lat' dir='ltr'><strong>ei</strong></span> <span class='ocrx_word' id='word_1_467' title='bbox 580 3808 721 3863; x_wconf 89' lang='lat' dir='ltr'><strong>inest</strong></span> <span class='ocrx_word' id='word_1_468' title='bbox 763 3808 970 3873; x_wconf 90' lang='lat' dir='ltr'><strong>nativa,</strong></span> <span class='ocrx_word' id='word_1_469' title='bbox 1008 3802 1261 3874; x_wconf 78' lang='lat' dir='ltr'><strong>peti-ariis</strong></span> <span class='ocrx_word' id='word_1_470' title='bbox 1283 3812 1339 3857; x_wconf 91' lang='lat' dir='ltr'><strong>et</strong></span> <span class='ocrx_word' id='word_1_471' title='bbox 1372 3802 1627 3873; x_wconf 76' lang='lat' dir='ltr'><strong>ingeniis,</strong></span> <span class='ocrx_word' id='word_1_472' title='bbox 1672 3802 1875 3871; x_wconf 83' lang='lat' dir='ltr'><strong>quibus</strong></span> <span class='ocrx_word' id='word_1_473' title='bbox 1909 3802 2094 3856; x_wconf 89' lang='lat' dir='ltr'><strong>urbem</strong></span> 
     </span>
    </p>
   </div>
   <div class='ocr_carea' id='block_1_70' title="bbox 484 3886 2097 3963">
    <p class='ocr_par' dir='ltr' id='par_1_70' title="bbox 484 3886 2097 3963">
     <span class='ocr_line' id='line_1_70' title="bbox 484 3886 2097 3963; baseline -0.004 -12"><span class='ocrx_word' id='word_1_474' title='bbox 484 3886 823 3963; x_wconf 44' lang='lat' dir='ltr'><strong>«vallaverat,</strong></span> <span class='ocrx_word' id='word_1_475' title='bbox 856 3895 1120 3960; x_wconf 89' lang='lat' dir='ltr'><strong>incensis,</strong></span> <span class='ocrx_word' id='word_1_476' title='bbox 1146 3893 1216 3947; x_wconf 88' lang='lat' dir='ltr'><strong>ab</strong></span> <span class='ocrx_word' id='word_1_477' title='bbox 1243 3892 1457 3947; x_wconf 89' lang='lat' dir='ltr'><strong>assultu</strong></span> <span class='ocrx_word' id='word_1_478' title='bbox 1483 3891 1750 3962; x_wconf 81' lang='lat' dir='ltr'><strong>inglorius</strong></span> <span class='ocrx_word' id='word_1_479' title='bbox 1783 3891 1958 3945; x_wconf 87' lang='lat' dir='ltr'><strong>rediit.</strong></span> <span class='ocrx_word' id='word_1_480' title='bbox 1992 3889 2097 3945; x_wconf 90' lang='lat' dir='ltr'><strong>Sa-</strong></span> 
     </span>
    </p>
   </div>
   <div class='ocr_carea' id='block_1_71' title="bbox 502 3976 2094 4065">
    <p class='ocr_par' dir='ltr' id='par_1_71' title="bbox 502 3976 2094 4065">
     <span class='ocr_line' id='line_1_71' title="bbox 502 3976 2094 4065; baseline -0.006 -20"><span class='ocrx_word' id='word_1_481' title='bbox 502 3976 766 4065; x_wconf 78' lang='lat' dir='ltr'><strong>lahadino</strong></span> <span class='ocrx_word' id='word_1_482' title='bbox 794 3987 936 4059; x_wconf 90' lang='lat' dir='ltr'><strong>apud</strong></span> <span class='ocrx_word' id='word_1_483' title='bbox 969 3985 1295 4040; x_wconf 87' lang='lat' dir='ltr'><strong>Damascum</strong></span> <span class='ocrx_word' id='word_1_484' title='bbox 1327 3992 1564 4047; x_wconf 90' lang='lat' dir='ltr'><strong>mortuo,</strong></span> <span class='ocrx_word' id='word_1_485' title='bbox 1598 3982 1691 4037; x_wconf 88' lang='lat' dir='ltr'><strong>filii</strong></span> <span class='ocrx_word' id='word_1_486' title='bbox 1717 3982 1837 4053; x_wconf 79' lang='lat' dir='ltr'><strong>ejus</strong></span> <span class='ocrx_word' id='word_1_487' title='bbox 1856 3982 1914 4035; x_wconf 89' lang='lat' dir='ltr'><strong>in</strong></span> <span class='ocrx_word' id='word_1_488' title='bbox 1942 3982 2094 4052; x_wconf 87' lang='lat' dir='ltr'><strong>prin-</strong></span> 
     </span>
    </p>
   </div>
   <div class='ocr_carea' id='block_1_72' title="bbox 497 4072 2095 4150">
    <p class='ocr_par' dir='ltr' id='par_1_72' title="bbox 497 4072 2095 4150">
     <span class='ocr_line' id='line_1_72' title="bbox 497 4072 2095 4150; baseline -0.005 -14"><span class='ocrx_word' id='word_1_489' title='bbox 497 4072 689 4150; x_wconf 73' lang='lat' dir='ltr'><strong>cipatu</strong></span> <span class='ocrx_word' id='word_1_490' title='bbox 735 4078 891 4149; x_wconf 81' lang='lat' dir='ltr'><strong>Syrie</strong></span> <span class='ocrx_word' id='word_1_491' title='bbox 936 4086 990 4132; x_wconf 91' lang='lat' dir='ltr'><strong>et</strong></span> <span class='ocrx_word' id='word_1_492' title='bbox 1039 4075 1333 4147; x_wconf 80' lang='lat' dir='ltr'><strong>Babylonis</strong></span> <span class='ocrx_word' id='word_1_493' title='bbox 1375 4074 1426 4130; x_wconf 90' lang='lat' dir='ltr'><strong>ei</strong></span> <span class='ocrx_word' id='word_1_494' title='bbox 1479 4074 1796 4129; x_wconf 87' lang='lat' dir='ltr'><strong>succedunt.</strong></span> <span class='ocrx_word' id='word_1_495' title='bbox 1854 4072 2095 4129; x_wconf 82' lang='lat' dir='ltr'><strong>Ecelesie</strong></span> 
     </span>
    </p>
   </div>
   <div class='ocr_carea' id='block_1_73' title="bbox 507 4156 2093 4251">
    <p class='ocr_par' dir='ltr' id='par_1_73' title="bbox 507 4156 2093 4251">
     <span class='ocr_line' id='line_1_73' title="bbox 507 4156 2093 4251; baseline -0.003 -25"><span class='ocrx_word' id='word_1_496' title='bbox 507 4158 1203 4251; x_wconf 73' lang='lat' dir='ltr'><strong>Anglie&#39;etNorthmannie</strong></span> <span class='ocrx_word' id='word_1_497' title='bbox 1247 4178 1300 4223; x_wconf 91' lang='lat' dir='ltr'><strong>et</strong></span> <span class='ocrx_word' id='word_1_498' title='bbox 1333 4168 1665 4223; x_wconf 88' lang='lat' dir='ltr'><strong>monasteria</strong></span> <span class='ocrx_word' id='word_1_499' title='bbox 1699 4156 2093 4223; x_wconf 82' lang='lat' dir='ltr'><strong>monachOrum</strong></span> 
     </span>
    </p>
   </div>
   <div class='ocr_carea' id='block_1_74' title="bbox 502 4259 2093 4335">
    <p class='ocr_par' dir='ltr' id='par_1_74' title="bbox 502 4259 2093 4335">
     <span class='ocr_line' id='line_1_74' title="bbox 502 4259 2093 4335; baseline -0.003 -16"><span class='ocrx_word' id='word_1_500' title='bbox 502 4263 831 4335; x_wconf 69' lang='lat' dir='ltr'><strong>atbesauris</strong></span> <span class='ocrx_word' id='word_1_501' title='bbox 876 4262 993 4318; x_wconf 90' lang='lat' dir='ltr'><strong>suis</strong></span> <span class='ocrx_word' id='word_1_502' title='bbox 1023 4261 1095 4316; x_wconf 91' lang='lat' dir='ltr'><strong>ob</strong></span> <span class='ocrx_word' id='word_1_503' title='bbox 1137 4261 1565 4331; x_wconf 78' lang='lat' dir='ltr'><strong>redemptionem</strong></span> <span class='ocrx_word' id='word_1_504' title='bbox 1613 4260 1754 4331; x_wconf 86' lang='lat' dir='ltr'><strong>regis</strong></span> <span class='ocrx_word' id='word_1_505' title='bbox 1794 4259 2093 4330; x_wconf 75' lang='lat' dir='ltr'><strong>Anglorum</strong></span> 
     </span>
    </p>
   </div>
   <div class='ocr_carea' id='block_1_75' title="bbox 507 4351 2093 4433">
    <p class='ocr_par' dir='ltr' id='par_1_75' title="bbox 507 4351 2093 4433">
     <span class='ocr_line' id='line_1_75' title="bbox 507 4351 2093 4433; baseline -0.002 -22"><span class='ocrx_word' id='word_1_506' title='bbox 507 4355 832 4433; x_wconf 76' lang='lat' dir='ltr'><strong>spoliantur.</strong></span> <span class='ocrx_word' id='word_1_507' title='bbox 878 4352 1172 4409; x_wconf 87' lang='lat' dir='ltr'><strong>Lotharius</strong></span> <span class='ocrx_word' id='word_1_508' title='bbox 1217 4351 1569 4407; x_wconf 84' lang='lat' dir='ltr'><strong>Leodiccnsis</strong></span> <span class='ocrx_word' id='word_1_509' title='bbox 1604 4351 1874 4417; x_wconf 77' lang='lat' dir='ltr'><strong>inti-usus,</strong></span> <span class='ocrx_word' id='word_1_510' title='bbox 1927 4368 2093 4408; x_wconf 85' lang='lat' dir='ltr'><strong>causa</strong></span> 
     </span>
    </p>
   </div>
   <div class='ocr_carea' id='block_1_76' title="bbox 505 4442 2093 4527">
    <p class='ocr_par' dir='ltr' id='par_1_76' title="bbox 505 4442 2093 4527">
     <span class='ocr_line' id='line_1_76' title="bbox 505 4442 2093 4527; baseline -0.001 -27"><span class='ocrx_word' id='word_1_511' title='bbox 505 4445 899 4527; x_wconf 75' lang='lat' dir='ltr'><strong>interfectionis</strong></span> <span class='ocrx_word' id='word_1_512' title='bbox 946 4442 1199 4499; x_wconf 78' lang='lat' dir='ltr'><strong>Autberti</strong></span> <span class='ocrx_word' id='word_1_513' title='bbox 1243 4443 1488 4513; x_wconf 79' lang='lat' dir='ltr'><strong>ejusdem</strong></span> <span class='ocrx_word' id='word_1_514' title='bbox 1546 4443 1697 4497; x_wconf 90' lang='lat' dir='ltr'><strong>urbis</strong></span> <span class='ocrx_word' id='word_1_515' title='bbox 1743 4443 1984 4514; x_wconf 84' lang='lat' dir='ltr'><strong>episcopi</strong></span> <span class='ocrx_word' id='word_1_516' title='bbox 2023 4445 2093 4499; x_wconf 88' lang='lat' dir='ltr'><strong>ab</strong></span> 
     </span>
    </p>
   </div>
   <div class='ocr_carea' id='block_1_77' title="bbox 506 4533 2091 4617">
    <p class='ocr_par' dir='ltr' id='par_1_77' title="bbox 506 4533 2091 4617">
     <span class='ocr_line' id='line_1_77' title="bbox 506 4533 2091 4617; baseline -0.001 -26"><span class='ocrx_word' id='word_1_517' title='bbox 506 4533 657 4617; x_wconf 81' lang='lat' dir='ltr'><strong>omni</strong></span> <span class='ocrx_word' id='word_1_518' title='bbox 710 4537 1010 4608; x_wconf 89' lang='lat' dir='ltr'><strong>prelatione</strong></span> <span class='ocrx_word' id='word_1_519' title='bbox 1063 4535 1291 4591; x_wconf 90' lang='lat' dir='ltr'><strong>ecclesie</strong></span> <span class='ocrx_word' id='word_1_520' title='bbox 1326 4550 1356 4589; x_wconf 90' lang='lat' dir='ltr'><strong>a</strong></span> <span class='ocrx_word' id='word_1_521' title='bbox 1400 4534 1678 4590; x_wconf 81' lang='lat' dir='ltr'><strong>Celestino</strong></span> <span class='ocrx_word' id='word_1_522' title='bbox 1721 4551 1859 4606; x_wconf 90' lang='lat' dir='ltr'><strong>papa</strong></span> <span class='ocrx_word' id='word_1_523' title='bbox 1908 4538 2091 4606; x_wconf 87' lang='lat' dir='ltr'><strong>priva-</strong></span> 
     </span>
    </p>
   </div>
   <div class='ocr_carea' id='block_1_78' title="bbox 503 4616 2092 4702">
    <p class='ocr_par' dir='ltr' id='par_1_78' title="bbox 503 4616 2092 4702">
     <span class='ocr_line' id='line_1_78' title="bbox 503 4616 2092 4702; baseline 0 -21"><span class='ocrx_word' id='word_1_524' title='bbox 503 4616 598 4681; x_wconf 87' lang='lat' dir='ltr'><strong>tur</strong></span> <span class='ocrx_word' id='word_1_525' title='bbox 629 4625 797 4702; x_wconf 70' lang='grc'><strong>(465).</strong></span> <span class='ocrx_word' id='word_1_526' title='bbox 854 4624 1126 4681; x_wconf 85' lang='lat' dir='ltr'><strong>Henricus</strong></span> <span class='ocrx_word' id='word_1_527' title='bbox 1173 4625 1471 4695; x_wconf 83' lang='lat' dir='ltr'><strong>imperator</strong></span> <span class='ocrx_word' id='word_1_528' title='bbox 1513 4626 1579 4680; x_wconf 90' lang='lat' dir='ltr'><strong>de</strong></span> <span class='ocrx_word' id='word_1_529' title='bbox 1633 4636 1809 4681; x_wconf 88' lang='lat' dir='ltr'><strong>morte</strong></span> <span class='ocrx_word' id='word_1_530' title='bbox 1848 4627 2092 4698; x_wconf 88' lang='lat' dir='ltr'><strong>episcopi</strong></span> 
     </span>
    </p>
   </div>
   <div class='ocr_carea' id='block_1_79' title="bbox 503 4708 2092 4786">
    <p class='ocr_par' dir='ltr' id='par_1_79' title="bbox 503 4708 2092 4786">
     <span class='ocr_line' id='line_1_79' title="bbox 503 4708 2092 4786; baseline 0 -16"><span class='ocrx_word' id='word_1_531' title='bbox 503 4708 801 4785; x_wconf 65' lang='lat' dir='ltr'><strong>eupr&#39;adicti</strong></span> <span class='ocrx_word' id='word_1_532' title='bbox 822 4714 1143 4785; x_wconf 83' lang='lat' dir='ltr'><strong>parentibus</strong></span> <span class='ocrx_word' id='word_1_533' title='bbox 1173 4714 1294 4785; x_wconf 90' lang='lat' dir='ltr'><strong>ejus</strong></span> <span class='ocrx_word' id='word_1_534' title='bbox 1333 4713 1698 4783; x_wconf 83' lang='lat' dir='ltr'><strong>satisfaciens,</strong></span> <span class='ocrx_word' id='word_1_535' title='bbox 1739 4724 1919 4771; x_wconf 91' lang='lat' dir='ltr'><strong>motus</strong></span> <span class='ocrx_word' id='word_1_536' title='bbox 1941 4717 2092 4786; x_wconf 87' lang='lat' dir='ltr'><strong>prin-</strong></span> 
     </span>
    </p>
   </div>
   <div class='ocr_carea' id='block_1_80' title="bbox 502 4804 2086 4877">
    <p class='ocr_par' dir='ltr' id='par_1_80' title="bbox 502 4804 2086 4877">
     <span class='ocr_line' id='line_1_80' title="bbox 502 4804 2086 4877; baseline 0.001 -17"><span class='ocrx_word' id='word_1_537' title='bbox 502 4805 687 4876; x_wconf 71' lang='lat' dir='ltr'><strong>cipum’</strong></span> <span class='ocrx_word' id='word_1_538' title='bbox 710 4806 885 4877; x_wconf 83' lang='lat' dir='ltr'><strong>regni,</strong></span> <span class='ocrx_word' id='word_1_539' title='bbox 924 4805 1019 4875; x_wconf 87' lang='lat' dir='ltr'><strong>qui</strong></span> <span class='ocrx_word' id='word_1_540' title='bbox 1046 4804 1309 4861; x_wconf 87' lang='lat' dir='ltr'><strong>adversus</strong></span> <span class='ocrx_word' id='word_1_541' title='bbox 1356 4820 1482 4859; x_wconf 92' lang='lat' dir='ltr'><strong>eum</strong></span> <span class='ocrx_word' id='word_1_542' title='bbox 1528 4815 1750 4877; x_wconf 87' lang='lat' dir='ltr'><strong>propter</strong></span> <span class='ocrx_word' id='word_1_543' title='bbox 1779 4806 1922 4861; x_wconf 86' lang='lat' dir='ltr'><strong>hanc</strong></span> <span class='ocrx_word' id='word_1_544' title='bbox 1953 4823 2086 4862; x_wconf 86' lang='lat' dir='ltr'><strong>eau-</strong></span> 
     </span>
    </p>
   </div>
   <div class='ocr_carea' id='block_1_81' title="bbox 501 4902 2088 4979">
    <p class='ocr_par' dir='ltr' id='par_1_81' title="bbox 501 4902 2088 4979">
     <span class='ocr_line' id='line_1_81' title="bbox 501 4902 2088 4979; baseline 0.004 -22"><span class='ocrx_word' id='word_1_545' title='bbox 501 4917 618 4979; x_wconf 81' lang='lat' dir='ltr'><strong>sam</strong></span> <span class='ocrx_word' id='word_1_546' title='bbox 667 4903 1101 4970; x_wconf 67' lang='lat' dir='ltr'><strong>insurrexerunt,</strong></span> <span class='ocrx_word' id='word_1_547' title='bbox 1144 4902 1335 4968; x_wconf 88' lang='lat' dir='ltr'><strong>sedat;</strong></span> <span class='ocrx_word' id='word_1_548' title='bbox 1388 4908 1453 4957; x_wconf 89' lang='lat' dir='ltr'><strong>ea</strong></span> <span class='ocrx_word' id='word_1_549' title='bbox 1480 4902 1815 4971; x_wconf 87' lang='lat' dir='ltr'><strong>conditione,</strong></span> <span class='ocrx_word' id='word_1_550' title='bbox 1862 4915 1921 4960; x_wconf 93' lang='lat' dir='ltr'><strong>ut</strong></span> <span class='ocrx_word' id='word_1_551' title='bbox 1963 4907 2088 4963; x_wconf 91' lang='lat' dir='ltr'><strong>duci</strong></span> 
     </span>
    </p>
   </div>
   <div class='ocr_carea' id='block_1_82' title="bbox 501 4990 2085 5070">
    <p class='ocr_par' dir='ltr' id='par_1_82' title="bbox 501 4990 2085 5070">
     <span class='ocr_line' id='line_1_82' title="bbox 501 4990 2085 5070; baseline 0.003 -21"><span class='ocrx_word' id='word_1_552' title='bbox 501 4990 829 5050; x_wconf 85' lang='lat' dir='ltr'><strong>Lovaniensi</strong></span> <span class='ocrx_word' id='word_1_553' title='bbox 854 5003 908 5048; x_wconf 90' lang='lat' dir='ltr'><strong>et</strong></span> <span class='ocrx_word' id='word_1_554' title='bbox 943 4993 1287 5049; x_wconf 89' lang='lat' dir='ltr'><strong>Ardennensi</strong></span> <span class='ocrx_word' id='word_1_555' title='bbox 1320 4994 1490 5064; x_wconf 20' lang='lat' dir='ltr'><strong>(Mil),</strong></span> <span class='ocrx_word' id='word_1_556' title='bbox 1519 5011 1647 5051; x_wconf 89' lang='lat' dir='ltr'><strong>cum</strong></span> <span class='ocrx_word' id='word_1_557' title='bbox 1676 4998 1905 5053; x_wconf 89' lang='lat' dir='ltr'><strong>consilio</strong></span> <span class='ocrx_word' id='word_1_558' title='bbox 1933 5000 2085 5070; x_wconf 87' lang='lat' dir='ltr'><strong>capi-</strong></span> 
     </span>
    </p>
   </div>
   <div class='ocr_carea' id='block_1_83' title="bbox 498 5083 2086 5169">
    <p class='ocr_par' dir='ltr' id='par_1_83' title="bbox 498 5083 2086 5169">
     <span class='ocr_line' id='line_1_83' title="bbox 498 5083 2086 5169; baseline 0.006 -32"><span class='ocrx_word' id='word_1_559' title='bbox 498 5084 855 5169; x_wconf 74' lang='lat' dir='ltr'><strong>tuli&#39;lieeret,</strong></span> <span class='ocrx_word' id='word_1_560' title='bbox 905 5099 1070 5154; x_wconf 86' lang='lat' dir='ltr'><strong>quem</strong></span> <span class='ocrx_word' id='word_1_561' title='bbox 1094 5084 1368 5138; x_wconf 84' lang='lat' dir='ltr'><strong>voluerint</strong></span> <span class='ocrx_word' id='word_1_562' title='bbox 1411 5083 1610 5157; x_wconf 78' lang='lat' dir='ltr'><strong>eligere</strong></span> <span class='ocrx_word' id='word_1_563' title='bbox 1657 5088 1975 5159; x_wconf 87' lang='lat' dir='ltr'><strong>episcopum</strong></span> <span class='ocrx_word' id='word_1_564' title='bbox 2030 5091 2086 5146; x_wconf 90' lang='lat' dir='ltr'><strong>in</strong></span> 
     </span>
    </p>
   </div>
   <div class='ocr_carea' id='block_1_84' title="bbox 498 5173 2084 5259">
    <p class='ocr_par' dir='ltr' id='par_1_84' title="bbox 498 5173 2084 5259">
     <span class='ocr_line' id='line_1_84' title="bbox 498 5173 2084 5259; baseline 0.003 -28"><span class='ocrx_word' id='word_1_565' title='bbox 498 5176 625 5259; x_wconf 86' lang='lat' dir='ltr'><strong>sede</strong></span> <span class='ocrx_word' id='word_1_566' title='bbox 663 5173 1007 5230; x_wconf 85' lang='lat' dir='ltr'><strong>Leodicensi.</strong></span> <span class='ocrx_word' id='word_1_567' title='bbox 1074 5173 1180 5240; x_wconf 89' lang='lat' dir='ltr'><strong>Qui</strong></span> <span class='ocrx_word' id='word_1_568' title='bbox 1251 5176 1578 5231; x_wconf 85' lang='lat' dir='ltr'><strong>auctoritate</strong></span> <span class='ocrx_word' id='word_1_569' title='bbox 1626 5178 1894 5249; x_wconf 84' lang='lat' dir='ltr'><strong>imperiali</strong></span> <span class='ocrx_word' id='word_1_570' title='bbox 1942 5181 2084 5248; x_wconf 87' lang='lat' dir='ltr'><strong>freti,</strong></span> 
     </span>
    </p>
   </div>
   <div class='ocr_carea' id='block_1_85' title="bbox 493 5262 2084 5354">
    <p class='ocr_par' dir='ltr' id='par_1_85' title="bbox 493 5262 2084 5354">
     <span class='ocr_line' id='line_1_85' title="bbox 493 5262 2084 5354; baseline 0.005 -33"><span class='ocrx_word' id='word_1_571' title='bbox 493 5267 776 5354; x_wconf 53' lang='lat' dir='ltr'><strong>elggeru‘nt</strong></span> <span class='ocrx_word' id='word_1_572' title='bbox 843 5262 1179 5335; x_wconf 88' lang='lat' dir='ltr'><strong>Symonem,</strong></span> <span class='ocrx_word' id='word_1_573' title='bbox 1248 5264 1418 5320; x_wconf 84' lang='lat' dir='ltr'><strong>lilium</strong></span> <span class='ocrx_word' id='word_1_574' title='bbox 1483 5267 1641 5340; x_wconf 84' lang='lat' dir='ltr'><strong>ducis</strong></span> <span class='ocrx_word' id='word_1_575' title='bbox 1694 5269 2084 5329; x_wconf 89' lang='lat' dir='ltr'><strong>Ardennensis.</strong></span> 
     </span>
    </p>
   </div>
   <div class='ocr_carea' id='block_1_86' title="bbox 491 5346 2083 5436">
    <p class='ocr_par' dir='ltr' id='par_1_86' title="bbox 491 5346 2083 5436">
     <span class='ocr_line' id='line_1_86' title="bbox 491 5346 2083 5436; baseline 0.006 -25"><span class='ocrx_word' id='word_1_576' title='bbox 491 5346 779 5427; x_wconf 67' lang='lat' dir='ltr'><strong>Philippus</strong></span> <span class='ocrx_word' id='word_1_577' title='bbox 805 5372 902 5412; x_wconf 79' lang='lat' dir='ltr'><strong>rex</strong></span> <span class='ocrx_word' id='word_1_578' title='bbox 938 5356 1232 5411; x_wconf 89' lang='lat' dir='ltr'><strong>secundam</strong></span> <span class='ocrx_word' id='word_1_579' title='bbox 1269 5358 1424 5412; x_wconf 72' lang='lat' dir='ltr'><strong>duxit</strong></span> <span class='ocrx_word' id='word_1_580' title='bbox 1452 5376 1675 5416; x_wconf 74' lang='lat' dir='ltr'><strong>uxorem</strong></span> <span class='ocrx_word' id='word_1_581' title='bbox 1714 5359 2083 5436; x_wconf 82' lang='lat' dir='ltr'><strong>lngelburgem</strong></span> 
     </span>
    </p>
   </div>
   <div class='ocr_carea' id='block_1_87' title="bbox 491 5447 2087 5522">
    <p class='ocr_par' dir='ltr' id='par_1_87' title="bbox 491 5447 2087 5522">
     <span class='ocr_line' id='line_1_87' title="bbox 491 5447 2087 5522; baseline 0.006 -19"><span class='ocrx_word' id='word_1_582' title='bbox 491 5449 638 5522; x_wconf 80' lang='lat' dir='ltr'><strong>regis</strong></span> <span class='ocrx_word' id='word_1_583' title='bbox 691 5447 846 5505; x_wconf 82' lang='lat' dir='ltr'><strong>Datie</strong></span> <span class='ocrx_word' id='word_1_584' title='bbox 883 5447 1077 5513; x_wconf 85' lang='lat' dir='ltr'><strong>ﬁliam,</strong></span> <span class='ocrx_word' id='word_1_585' title='bbox 1130 5448 1185 5501; x_wconf 90' lang='lat' dir='ltr'><strong>in</strong></span> <span class='ocrx_word' id='word_1_586' title='bbox 1224 5447 1406 5518; x_wconf 82' lang='lat' dir='ltr'><strong>vigilia</strong></span> <span class='ocrx_word' id='word_1_587' title='bbox 1455 5453 1849 5522; x_wconf 89' lang='lat' dir='ltr'><strong>assumptionis</strong></span> <span class='ocrx_word' id='word_1_588' title='bbox 1899 5467 2087 5513; x_wconf 87' lang='lat' dir='ltr'><strong>sancte</strong></span> 
     </span>
    </p>
   </div>
   <div class='ocr_carea' id='block_1_88' title="bbox 2195 3328 3767 3404">
    <p class='ocr_par' dir='ltr' id='par_1_88' title="bbox 2195 3328 3767 3404">
     <span class='ocr_line' id='line_1_88' title="bbox 2195 3328 3767 3404; baseline -0.007 -13"><span class='ocrx_word' id='word_1_589' title='bbox 2195 3338 2378 3391; x_wconf 82' lang='lat' dir='ltr'><strong>cordia</strong></span> <span class='ocrx_word' id='word_1_590' title='bbox 2421 3346 2609 3391; x_wconf 75' lang='lat' dir='ltr'><strong>exorta</strong></span> <span class='ocrx_word' id='word_1_591' title='bbox 2654 3344 2733 3390; x_wconf 86' lang='lat' dir='ltr'><strong>est</strong></span> <span class='ocrx_word' id='word_1_592' title='bbox 2780 3336 2919 3389; x_wconf 87' lang='lat' dir='ltr'><strong>inter</strong></span> <span class='ocrx_word' id='word_1_593' title='bbox 2950 3334 3093 3404; x_wconf 76' lang='lat' dir='ltr'><strong>ﬁlios</strong></span> <span class='ocrx_word' id='word_1_594' title='bbox 3130 3348 3251 3386; x_wconf 84' lang='lat' dir='ltr'><strong>suos</strong></span> <span class='ocrx_word' id='word_1_595' title='bbox 3277 3331 3511 3396; x_wconf 79' lang='lat' dir='ltr'><strong>;deim!e</strong></span> <span class='ocrx_word' id='word_1_596' title='bbox 3540 3328 3767 3397; x_wconf 70' lang='lat' dir='ltr'><strong>inprima</strong></span> 
     </span>
    </p>
   </div>
   <div class='ocr_carea' id='block_1_89' title="bbox 2195 3422 3768 3500">
    <p class='ocr_par' dir='ltr' id='par_1_89' title="bbox 2195 3422 3768 3500">
     <span class='ocr_line' id='line_1_89' title="bbox 2195 3422 3768 3500; baseline -0.006 -17"><span class='ocrx_word' id='word_1_597' title='bbox 2195 3432 2491 3500; x_wconf 72' lang='lat' dir='ltr'><strong>septimana</strong></span> <span class='ocrx_word' id='word_1_598' title='bbox 2522 3427 2732 3494; x_wconf 79' lang='lat' dir='ltr'><strong>Martii,</strong></span> <span class='ocrx_word' id='word_1_599' title='bbox 2759 3427 2845 3480; x_wconf 88' lang='lat' dir='ltr'><strong>die</strong></span> <span class='ocrx_word' id='word_1_600' title='bbox 2868 3442 2966 3496; x_wconf 85' lang='lat' dir='ltr'><strong>que</strong></span> <span class='ocrx_word' id='word_1_601' title='bbox 2995 3425 3198 3477; x_wconf 86' lang='lat' dir='ltr'><strong>dicitur</strong></span> <span class='ocrx_word' id='word_1_602' title='bbox 3237 3422 3523 3489; x_wconf 77' lang='lat' dir='ltr'><strong>Mercurii,</strong></span> <span class='ocrx_word' id='word_1_603' title='bbox 3554 3429 3768 3475; x_wconf 68' lang='lat' dir='ltr'><strong>mortuus</strong></span> 
     </span>
    </p>
   </div>
   <div class='ocr_carea' id='block_1_90' title="bbox 2194 3515 3768 3592">
    <p class='ocr_par' dir='ltr' id='par_1_90' title="bbox 2194 3515 3768 3592">
     <span class='ocr_line' id='line_1_90' title="bbox 2194 3515 3768 3592; baseline -0.007 -16"><span class='ocrx_word' id='word_1_604' title='bbox 2194 3532 2270 3577; x_wconf 85' lang='lat' dir='ltr'><strong>est</strong></span> <span class='ocrx_word' id='word_1_605' title='bbox 2295 3529 2634 3592; x_wconf 73' lang='lat' dir='ltr'><strong>persequutor</strong></span> <span class='ocrx_word' id='word_1_606' title='bbox 2671 3527 2847 3572; x_wconf 82' lang='lat' dir='ltr'><strong>noster</strong></span> <span class='ocrx_word' id='word_1_607' title='bbox 2883 3515 3289 3584; x_wconf 74' lang='lat' dir='ltr'><strong>Salaltadinus;</strong></span> <span class='ocrx_word' id='word_1_608' title='bbox 3333 3516 3390 3568; x_wconf 82' lang='lat' dir='ltr'><strong>in</strong></span> <span class='ocrx_word' id='word_1_609' title='bbox 3440 3515 3596 3583; x_wconf 82' lang='lat' dir='ltr'><strong>cuius</strong></span> <span class='ocrx_word' id='word_1_610' title='bbox 3625 3520 3768 3567; x_wconf 77' lang='lat' dir='ltr'><strong>morte</strong></span> 
     </span>
    </p>
   </div>
   <div class='ocr_carea' id='block_1_91' title="bbox 2194 3603 3768 3685">
    <p class='ocr_par' dir='ltr' id='par_1_91' title="bbox 2194 3603 3768 3685">
     <span class='ocr_line' id='line_1_91' title="bbox 2194 3603 3768 3685; baseline -0.007 -18"><span class='ocrx_word' id='word_1_611' title='bbox 2194 3615 2335 3685; x_wconf 75' lang='lat' dir='ltr'><strong>genti</strong></span> <span class='ocrx_word' id='word_1_612' title='bbox 2354 3629 2449 3666; x_wconf 85' lang='lat' dir='ltr'><strong>sue</strong></span> <span class='ocrx_word' id='word_1_613' title='bbox 2477 3613 2651 3682; x_wconf 80' lang='lat' dir='ltr'><strong>factus</strong></span> <span class='ocrx_word' id='word_1_614' title='bbox 2674 3619 2750 3664; x_wconf 81' lang='lat' dir='ltr'><strong>cst</strong></span> <span class='ocrx_word' id='word_1_615' title='bbox 2773 3609 2932 3664; x_wconf 85' lang='lat' dir='ltr'><strong>timor</strong></span> <span class='ocrx_word' id='word_1_616' title='bbox 2955 3618 3005 3663; x_wconf 88' lang='lat' dir='ltr'><strong>et</strong></span> <span class='ocrx_word' id='word_1_617' title='bbox 3034 3607 3384 3679; x_wconf 78' lang='lat' dir='ltr'><strong>perturbatio,</strong></span> <span class='ocrx_word' id='word_1_618' title='bbox 3406 3616 3459 3660; x_wconf 85' lang='lat' dir='ltr'><strong>et</strong></span> <span class='ocrx_word' id='word_1_619' title='bbox 3491 3610 3628 3660; x_wconf 84' lang='lat' dir='ltr'><strong>inter</strong></span> <span class='ocrx_word' id='word_1_620' title='bbox 3646 3603 3768 3675; x_wconf 68' lang='lat' dir='ltr'><strong>ﬁlios</strong></span> 
     </span>
    </p>
   </div>
   <div class='ocr_carea' id='block_1_92' title="bbox 2192 3698 3765 3777">
    <p class='ocr_par' dir='ltr' id='par_1_92' title="bbox 2192 3698 3765 3777">
     <span class='ocr_line' id='line_1_92' title="bbox 2192 3698 3765 3777; baseline -0.007 -17"><span class='ocrx_word' id='word_1_621' title='bbox 2192 3708 2307 3777; x_wconf 82' lang='lat' dir='ltr'><strong>ejus</strong></span> <span class='ocrx_word' id='word_1_622' title='bbox 2340 3711 2526 3759; x_wconf 78' lang='lat' dir='ltr'><strong>exorta</strong></span> <span class='ocrx_word' id='word_1_623' title='bbox 2580 3712 2658 3757; x_wconf 88' lang='lat' dir='ltr'><strong>est</strong></span> <span class='ocrx_word' id='word_1_624' title='bbox 2709 3703 2791 3756; x_wconf 90' lang='lat' dir='ltr'><strong>ira</strong></span> <span class='ocrx_word' id='word_1_625' title='bbox 2826 3711 2873 3755; x_wconf 89' lang='lat' dir='ltr'><strong>et</strong></span> <span class='ocrx_word' id='word_1_626' title='bbox 2920 3701 3202 3754; x_wconf 81' lang='lat' dir='ltr'><strong>dissensio.</strong></span> <span class='ocrx_word' id='word_1_627' title='bbox 3231 3699 3472 3765; x_wconf 79' lang='lat' dir='ltr'><strong>Quilibet</strong></span> <span class='ocrx_word' id='word_1_628' title='bbox 3497 3700 3636 3754; x_wconf 82' lang='lat' dir='ltr'><strong>enim</strong></span> <span class='ocrx_word' id='word_1_629' title='bbox 3655 3698 3765 3751; x_wconf 86' lang='lat' dir='ltr'><strong>illo-</strong></span> 
     </span>
    </p>
   </div>
   <div class='ocr_carea' id='block_1_93' title="bbox 2196 3787 3768 3869">
    <p class='ocr_par' dir='ltr' id='par_1_93' title="bbox 2196 3787 3768 3869">
     <span class='ocr_line' id='line_1_93' title="bbox 2196 3787 3768 3869; baseline -0.006 -18"><span class='ocrx_word' id='word_1_630' title='bbox 2196 3806 2334 3865; x_wconf 83' lang='lat' dir='ltr'><strong>rum,</strong></span> <span class='ocrx_word' id='word_1_631' title='bbox 2361 3800 2584 3869; x_wconf 83' lang='lat' dir='ltr'><strong>quorum</strong></span> <span class='ocrx_word' id='word_1_632' title='bbox 2609 3796 2747 3849; x_wconf 88' lang='lat' dir='ltr'><strong>alter</strong></span> <span class='ocrx_word' id='word_1_633' title='bbox 2763 3804 2840 3849; x_wconf 82' lang='lat' dir='ltr'><strong>est</strong></span> <span class='ocrx_word' id='word_1_634' title='bbox 2861 3794 2916 3847; x_wconf 86' lang='lat' dir='ltr'><strong>in</strong></span> <span class='ocrx_word' id='word_1_635' title='bbox 2950 3792 3188 3860; x_wconf 79' lang='lat' dir='ltr'><strong>Halapia</strong></span> <span class='ocrx_word' id='word_1_636' title='bbox 3228 3792 3400 3863; x_wconf 62' lang='grc'>(465),</span> <span class='ocrx_word' id='word_1_637' title='bbox 3442 3792 3585 3847; x_wconf 79' lang='lat' dir='ltr'><strong>alter</strong></span> <span class='ocrx_word' id='word_1_638' title='bbox 3602 3792 3654 3845; x_wconf 82' lang='lat' dir='ltr'><strong>in</strong></span> <span class='ocrx_word' id='word_1_639' title='bbox 3672 3787 3768 3842; x_wconf 77' lang='grc' dir='ltr'><strong>Π..-</strong></span> 
     </span>
    </p>
   </div>
   <div class='ocr_carea' id='block_1_94' title="bbox 2196 3883 3767 3957">
    <p class='ocr_par' dir='ltr' id='par_1_94' title="bbox 2196 3883 3767 3957">
     <span class='ocr_line' id='line_1_94' title="bbox 2196 3883 3767 3957; baseline -0.005 -14"><span class='ocrx_word' id='word_1_640' title='bbox 2196 3906 2395 3955; x_wconf 86' lang='lat' dir='ltr'><strong>masco,</strong></span> <span class='ocrx_word' id='word_1_641' title='bbox 2427 3888 2564 3942; x_wconf 86' lang='lat' dir='ltr'><strong>alter</strong></span> <span class='ocrx_word' id='word_1_642' title='bbox 2589 3887 2644 3940; x_wconf 88' lang='lat' dir='ltr'><strong>in</strong></span> <span class='ocrx_word' id='word_1_643' title='bbox 2666 3885 2965 3957; x_wconf 74' lang='lat' dir='ltr'><strong>Babylonia</strong></span> <span class='ocrx_word' id='word_1_644' title='bbox 2997 3894 3382 3950; x_wconf 85' lang='lat' dir='ltr'><strong>commoratur,</strong></span> <span class='ocrx_word' id='word_1_645' title='bbox 3426 3901 3489 3938; x_wconf 86' lang='lat' dir='ltr'><strong>se</strong></span> <span class='ocrx_word' id='word_1_646' title='bbox 3510 3883 3667 3955; x_wconf 84' lang='lat' dir='ltr'><strong>fratri</strong></span> <span class='ocrx_word' id='word_1_647' title='bbox 3686 3897 3767 3935; x_wconf 80' lang='lat' dir='ltr'><strong>suo</strong></span> 
     </span>
    </p>
   </div>
   <div class='ocr_carea' id='block_1_95' title="bbox 2192 3974 3769 4050">
    <p class='ocr_par' dir='ltr' id='par_1_95' title="bbox 2192 3974 3769 4050">
     <span class='ocr_line' id='line_1_95' title="bbox 2192 3974 3769 4050; baseline -0.005 -15"><span class='ocrx_word' id='word_1_648' title='bbox 2192 3981 2485 4050; x_wconf 77' lang='lat' dir='ltr'><strong>subjectum</strong></span> <span class='ocrx_word' id='word_1_649' title='bbox 2506 3996 2617 4035; x_wconf 84' lang='lat' dir='ltr'><strong>esse</strong></span> <span class='ocrx_word' id='word_1_650' title='bbox 2652 3980 2884 4050; x_wconf 77' lang='lat' dir='ltr'><strong>fastidit,</strong></span> <span class='ocrx_word' id='word_1_651' title='bbox 2917 3977 3008 4032; x_wconf 86' lang='lat' dir='ltr'><strong>sed</strong></span> <span class='ocrx_word' id='word_1_652' title='bbox 3040 3977 3176 4032; x_wconf 87' lang='lat' dir='ltr'><strong>alter</strong></span> <span class='ocrx_word' id='word_1_653' title='bbox 3210 3978 3281 4030; x_wconf 83' lang='lat' dir='ltr'><strong>ad</strong></span> <span class='ocrx_word' id='word_1_654' title='bbox 3328 3977 3627 4030; x_wconf 80' lang='lat' dir='ltr'><strong>dominium</strong></span> <span class='ocrx_word' id='word_1_655' title='bbox 3646 3974 3769 4027; x_wconf 81' lang='lat' dir='ltr'><strong>alte-</strong></span> 
     </span>
    </p>
   </div>
   <div class='ocr_carea' id='block_1_96' title="bbox 2196 4066 3767 4140">
    <p class='ocr_par' dir='ltr' id='par_1_96' title="bbox 2196 4066 3767 4140">
     <span class='ocr_line' id='line_1_96' title="bbox 2196 4066 3767 4140; baseline -0.004 -16"><span class='ocrx_word' id='word_1_656' title='bbox 2196 4071 2308 4124; x_wconf 88' lang='lat' dir='ltr'><strong>rius</strong></span> <span class='ocrx_word' id='word_1_657' title='bbox 2329 4079 2380 4124; x_wconf 86' lang='lat' dir='ltr'><strong>et</strong></span> <span class='ocrx_word' id='word_1_658' title='bbox 2406 4079 2540 4124; x_wconf 84' lang='lat' dir='ltr'><strong>terre</strong></span> <span class='ocrx_word' id='word_1_659' title='bbox 2560 4069 2675 4139; x_wconf 86' lang='lat' dir='ltr'><strong>ejus</strong></span> <span class='ocrx_word' id='word_1_660' title='bbox 2710 4070 2894 4140; x_wconf 85' lang='lat' dir='ltr'><strong>pocius</strong></span> <span class='ocrx_word' id='word_1_661' title='bbox 2939 4068 3189 4122; x_wconf 87' lang='lat' dir='ltr'><strong>intendit.</strong></span> <span class='ocrx_word' id='word_1_662' title='bbox 3226 4066 3376 4122; x_wconf 83' lang='lat' dir='ltr'><strong>Unde</strong></span> <span class='ocrx_word' id='word_1_663' title='bbox 3419 4068 3678 4122; x_wconf 73' lang='lat' dir='ltr'><strong>veraciter</strong></span> <span class='ocrx_word' id='word_1_664' title='bbox 3692 4079 3767 4117; x_wconf 80' lang='lat' dir='ltr'><strong>te-</strong></span> 
     </span>
    </p>
   </div>
   <div class='ocr_carea' id='block_1_97' title="bbox 2194 4158 3766 4233">
    <p class='ocr_par' dir='ltr' id='par_1_97' title="bbox 2194 4158 3766 4233">
     <span class='ocr_line' id='line_1_97' title="bbox 2194 4158 3766 4233; baseline -0.005 -17"><span class='ocrx_word' id='word_1_665' title='bbox 2194 4163 2513 4233; x_wconf 80' lang='lat' dir='ltr'><strong>gnoscimus,</strong></span> <span class='ocrx_word' id='word_1_666' title='bbox 2539 4163 2678 4232; x_wconf 86' lang='lat' dir='ltr'><strong>quod</strong></span> <span class='ocrx_word' id='word_1_667' title='bbox 2701 4179 2733 4215; x_wconf 86' lang='grc' dir='ltr'><em>α</em></span> <span class='ocrx_word' id='word_1_668' title='bbox 2757 4172 2986 4232; x_wconf 87' lang='lat' dir='ltr'><strong>tempore</strong></span> <span class='ocrx_word' id='word_1_669' title='bbox 3004 4160 3317 4232; x_wconf 80' lang='lat' dir='ltr'><strong>perditionis</strong></span> <span class='ocrx_word' id='word_1_670' title='bbox 3342 4169 3503 4225; x_wconf 81' lang='lat' dir='ltr'><strong>terre,</strong></span> <span class='ocrx_word' id='word_1_671' title='bbox 3525 4158 3766 4214; x_wconf 81' lang='lat' dir='ltr'><strong>hereditas</strong></span> 
     </span>
    </p>
   </div>
   <div class='ocr_carea' id='block_1_98' title="bbox 2196 4249 3765 4327">
    <p class='ocr_par' dir='ltr' id='par_1_98' title="bbox 2196 4249 3765 4327">
     <span class='ocr_line' id='line_1_98' title="bbox 2196 4249 3765 4327; baseline -0.008 -17"><span class='ocrx_word' id='word_1_672' title='bbox 2196 4255 2397 4327; x_wconf 71' lang='lat' dir='ltr'><strong>Christi</strong></span> <span class='ocrx_word' id='word_1_673' title='bbox 2420 4254 2496 4306; x_wconf 85' lang='lat' dir='ltr'><strong>sic</strong></span> <span class='ocrx_word' id='word_1_674' title='bbox 2524 4254 2589 4307; x_wconf 90' lang='lat' dir='ltr'><strong>de</strong></span> <span class='ocrx_word' id='word_1_675' title='bbox 2623 4252 2721 4307; x_wconf 88' lang='lat' dir='ltr'><strong>levi</strong></span> <span class='ocrx_word' id='word_1_676' title='bbox 2755 4268 2857 4306; x_wconf 81' lang='lat' dir='ltr'><strong>non</strong></span> <span class='ocrx_word' id='word_1_677' title='bbox 2878 4253 3048 4323; x_wconf 86' lang='lat' dir='ltr'><strong>potuit</strong></span> <span class='ocrx_word' id='word_1_678' title='bbox 3081 4250 3406 4321; x_wconf 72' lang='lat' dir='ltr'><strong>recuperari.</strong></span> <span class='ocrx_word' id='word_1_679' title='bbox 3443 4249 3608 4305; x_wconf 87' lang='lat' dir='ltr'><strong>Terra</strong></span> <span class='ocrx_word' id='word_1_680' title='bbox 3626 4263 3765 4319; x_wconf 79' lang='lat' dir='ltr'><strong>quam</strong></span> 
     </span>
    </p>
   </div>
   <div class='ocr_carea' id='block_1_99' title="bbox 2197 4338 3766 4415">
    <p class='ocr_par' dir='ltr' id='par_1_99' title="bbox 2197 4338 3766 4415">
     <span class='ocr_line' id='line_1_99' title="bbox 2197 4338 3766 4415; baseline -0.004 -13"><span class='ocrx_word' id='word_1_681' title='bbox 2197 4359 2333 4403; x_wconf 86' lang='lat' dir='ltr'><strong>tenet</strong></span> <span class='ocrx_word' id='word_1_682' title='bbox 2354 4346 2718 4400; x_wconf 77' lang='lat' dir='ltr'><strong>christianitas</strong></span> <span class='ocrx_word' id='word_1_683' title='bbox 2743 4346 2798 4398; x_wconf 85' lang='lat' dir='ltr'><strong>in</strong></span> <span class='ocrx_word' id='word_1_684' title='bbox 2824 4344 3041 4415; x_wconf 86' lang='lat' dir='ltr'><strong>treugis,</strong></span> <span class='ocrx_word' id='word_1_685' title='bbox 3075 4352 3249 4397; x_wconf 86' lang='lat' dir='ltr'><strong>manet</strong></span> <span class='ocrx_word' id='word_1_686' title='bbox 3273 4343 3383 4413; x_wconf 76' lang='lat' dir='ltr'><strong>fere</strong></span> <span class='ocrx_word' id='word_1_687' title='bbox 3401 4344 3613 4411; x_wconf 81' lang='lat' dir='ltr'><strong>penitus</strong></span> <span class='ocrx_word' id='word_1_688' title='bbox 3630 4338 3766 4393; x_wconf 65' lang='lat' dir='ltr'><strong>helli—</strong></span> 
     </span>
    </p>
   </div>
   <div class='ocr_carea' id='block_1_100' title="bbox 2195 4432 3764 4496">
    <p class='ocr_par' dir='ltr' id='par_1_100' title="bbox 2195 4432 3764 4496">
     <span class='ocr_line' id='line_1_100' title="bbox 2195 4432 3764 4496; baseline -0.005 -4"><span class='ocrx_word' id='word_1_689' title='bbox 2195 4438 2456 4496; x_wconf 77' lang='lat' dir='ltr'><strong>tataribus</strong></span> <span class='ocrx_word' id='word_1_690' title='bbox 2504 4438 2781 4491; x_wconf 78' lang='lat' dir='ltr'><strong>destituta.</strong></span> <span class='ocrx_word' id='word_1_691' title='bbox 2838 4434 3067 4489; x_wconf 85' lang='lat' dir='ltr'><strong>Factum</strong></span> <span class='ocrx_word' id='word_1_692' title='bbox 3115 4452 3254 4489; x_wconf 85' lang='lat' dir='ltr'><strong>anno</strong></span> <span class='ocrx_word' id='word_1_693' title='bbox 3290 4434 3509 4489; x_wconf 87' lang='lat' dir='ltr'><strong>Domini</strong></span> <span class='ocrx_word' id='word_1_694' title='bbox 3559 4432 3689 4489; x_wconf 76' lang='lat' dir='ltr'><strong>H95</strong></span> <span class='ocrx_word' id='word_1_695' title='bbox 3717 4432 3764 4484; x_wconf 68' lang='lat' dir='ltr'><strong>is</strong></span> 
     </span>
    </p>
   </div>
   <div class='ocr_carea' id='block_1_101' title="bbox 2128 4528 2602 4622">
    <p class='ocr_par' dir='ltr' id='par_1_101' title="bbox 2128 4528 2602 4622">
     <span class='ocr_line' id='line_1_101' title="bbox 2128 4528 2602 4622; baseline -0.008 -37"><span class='ocrx_word' id='word_1_696' title='bbox 2128 4569 2169 4622; x_wconf 70' lang='grc' dir='ltr'>ο</span> <span class='ocrx_word' id='word_1_697' title='bbox 2194 4532 2341 4586; x_wconf 74' lang='lat' dir='ltr'><strong>exitu</strong></span> <span class='ocrx_word' id='word_1_698' title='bbox 2374 4528 2602 4597; x_wconf 61' lang='lat' dir='ltr'><strong>Aprilis:</strong></span> 
     </span>
    </p>
   </div>
   <div class='ocr_carea' id='block_1_102' title="bbox 2338 4618 3461 4676">
    <p class='ocr_par' dir='ltr' id='par_1_102' title="bbox 2338 4618 3461 4676">
     <span class='ocr_line' id='line_1_102' title="bbox 2338 4618 3461 4676; baseline -0.002 0"><span class='ocrx_word' id='word_1_699' title='bbox 2338 4621 2498 4676; x_wconf 72' lang='lat' dir='ltr'><strong>HM.</strong></span> <span class='ocrx_word' id='word_1_700' title='bbox 2644 4619 2710 4674; x_wconf 82' lang='lat' dir='ltr'><strong>R.</strong></span> <span class='ocrx_word' id='word_1_701' title='bbox 2755 4620 2810 4674; x_wconf 69' lang='grc'><strong>4.</strong></span> <span class='ocrx_word' id='word_1_702' title='bbox 2957 4618 3019 4673; x_wconf 86' lang='lat' dir='ltr'><strong>F.</strong></span> <span class='ocrx_word' id='word_1_703' title='bbox 3064 4620 3152 4674; x_wconf 67' lang='grc'><strong>14.</strong></span> <span class='ocrx_word' id='word_1_704' title='bbox 3296 4618 3362 4673; x_wconf 83' lang='grc' dir='ltr'><strong>Α.</strong></span> <span class='ocrx_word' id='word_1_705' title='bbox 3404 4619 3461 4674; x_wconf 82' lang='lat'><strong>5.</strong></span> 
     </span>
    </p>
   </div>
   <div class='ocr_carea' id='block_1_103' title="bbox 2265 4709 3763 4782">
    <p class='ocr_par' dir='ltr' id='par_1_103' title="bbox 2265 4709 3763 4782">
     <span class='ocr_line' id='line_1_103' title="bbox 2265 4709 3763 4782; baseline -0.004 -15"><span class='ocrx_word' id='word_1_706' title='bbox 2265 4712 2573 4768; x_wconf 77' lang='lat' dir='ltr'><strong>Richardus</strong></span> <span class='ocrx_word' id='word_1_707' title='bbox 2606 4728 2702 4767; x_wconf 79' lang='lat' dir='ltr'><strong>rex</strong></span> <span class='ocrx_word' id='word_1_708' title='bbox 2752 4711 3073 4782; x_wconf 83' lang='lat' dir='ltr'><strong>Anglorum,</strong></span> <span class='ocrx_word' id='word_1_709' title='bbox 3105 4720 3230 4781; x_wconf 88' lang='lat' dir='ltr'><strong>post</strong></span> <span class='ocrx_word' id='word_1_710' title='bbox 3284 4727 3527 4765; x_wconf 88' lang='lat' dir='ltr'><strong>annuam</strong></span> <span class='ocrx_word' id='word_1_711' title='bbox 3559 4709 3763 4780; x_wconf 71' lang='lat' dir='ltr'><strong>captivi—</strong></span> 
     </span>
    </p>
   </div>
   <div class='ocr_carea' id='block_1_104' title="bbox 2195 4804 3761 4877">
    <p class='ocr_par' dir='ltr' id='par_1_104' title="bbox 2195 4804 3761 4877">
     <span class='ocr_line' id='line_1_104' title="bbox 2195 4804 3761 4877; baseline -0.005 -14"><span class='ocrx_word' id='word_1_712' title='bbox 2195 4816 2389 4873; x_wconf 90' lang='lat' dir='ltr'><strong>tatem,</strong></span> <span class='ocrx_word' id='word_1_713' title='bbox 2415 4821 2615 4877; x_wconf 79' lang='lat' dir='ltr'><strong>maguo</strong></span> <span class='ocrx_word' id='word_1_714' title='bbox 2660 4814 2737 4872; x_wconf 92' lang='lat' dir='ltr'><strong>et,</strong></span> <span class='ocrx_word' id='word_1_715' title='bbox 2766 4814 2827 4860; x_wconf 91' lang='lat' dir='ltr'><strong>ut</strong></span> <span class='ocrx_word' id='word_1_716' title='bbox 2851 4806 2928 4860; x_wconf 87' lang='lat' dir='ltr'><strong>ita</strong></span> <span class='ocrx_word' id='word_1_717' title='bbox 2958 4805 3161 4871; x_wconf 87' lang='lat' dir='ltr'><strong>dicam,</strong></span> <span class='ocrx_word' id='word_1_718' title='bbox 3207 4805 3420 4859; x_wconf 79' lang='lat' dir='ltr'><strong>inﬁnito</strong></span> <span class='ocrx_word' id='word_1_719' title='bbox 3452 4804 3658 4876; x_wconf 85' lang='lat' dir='ltr'><strong>argenti</strong></span> <span class='ocrx_word' id='word_1_720' title='bbox 3688 4817 3761 4856; x_wconf 85' lang='lat' dir='ltr'><strong>re-</strong></span> 
     </span>
    </p>
   </div>
   <div class='ocr_carea' id='block_1_105' title="bbox 2190 4896 3761 4971">
    <p class='ocr_par' dir='ltr' id='par_1_105' title="bbox 2190 4896 3761 4971">
     <span class='ocr_line' id='line_1_105' title="bbox 2190 4896 3761 4971; baseline -0.005 -14"><span class='ocrx_word' id='word_1_721' title='bbox 2190 4896 2444 4971; x_wconf 83' lang='lat' dir='ltr'><strong>demptus</strong></span> <span class='ocrx_word' id='word_1_722' title='bbox 2486 4900 2701 4970; x_wconf 88' lang='lat' dir='ltr'><strong>precio,</strong></span> <span class='ocrx_word' id='word_1_723' title='bbox 2736 4900 2805 4954; x_wconf 89' lang='lat' dir='ltr'><strong>ab</strong></span> <span class='ocrx_word' id='word_1_724' title='bbox 2834 4900 3164 4969; x_wconf 90' lang='lat' dir='ltr'><strong>imperatore</strong></span> <span class='ocrx_word' id='word_1_725' title='bbox 3217 4896 3454 4953; x_wconf 81' lang='lat' dir='ltr'><strong>Henrico</strong></span> <span class='ocrx_word' id='word_1_726' title='bbox 3484 4896 3761 4954; x_wconf 80' lang='lat' dir='ltr'><strong>honoriﬁce</strong></span> 
     </span>
    </p>
   </div>
   <div class='ocr_carea' id='block_1_106' title="bbox 2189 4976 3757 5065">
    <p class='ocr_par' dir='ltr' id='par_1_106' title="bbox 2189 4976 3757 5065">
     <span class='ocr_line' id='line_1_106' title="bbox 2189 4976 3757 5065; baseline -0.008 -14"><span class='ocrx_word' id='word_1_727' title='bbox 2189 5003 2244 5051; x_wconf 88' lang='lat' dir='ltr'><strong>et</strong></span> <span class='ocrx_word' id='word_1_728' title='bbox 2295 5009 2420 5050; x_wconf 90' lang='lat' dir='ltr'><strong>cum</strong></span> <span class='ocrx_word' id='word_1_729' title='bbox 2477 4993 2675 5065; x_wconf 81' lang='lat' dir='ltr'><strong>gratia,</strong></span> <span class='ocrx_word' id='word_1_730' title='bbox 2705 4976 2836 5063; x_wconf 77' lang='lat' dir='ltr'><strong>pace</strong></span> <span class='ocrx_word' id='word_1_731' title='bbox 2893 4992 3059 5046; x_wconf 90' lang='lat' dir='ltr'><strong>etiam</strong></span> <span class='ocrx_word' id='word_1_732' title='bbox 3104 4992 3250 5046; x_wconf 90' lang='lat' dir='ltr'><strong>inter</strong></span> <span class='ocrx_word' id='word_1_733' title='bbox 3303 5007 3400 5046; x_wconf 92' lang='lat' dir='ltr'><strong>eos</strong></span> <span class='ocrx_word' id='word_1_734' title='bbox 3444 4982 3757 5055; x_wconf 74' lang='lat' dir='ltr'><strong>ﬁrmata,in</strong></span> 
     </span>
    </p>
   </div>
   <div class='ocr_carea' id='block_1_107' title="bbox 2190 5072 3759 5156">
    <p class='ocr_par' dir='ltr' id='par_1_107' title="bbox 2190 5072 3759 5156">
     <span class='ocr_line' id='line_1_107' title="bbox 2190 5072 3759 5156; baseline -0.007 -16"><span class='ocrx_word' id='word_1_735' title='bbox 2190 5084 2440 5156; x_wconf 85' lang='lat' dir='ltr'><strong>Angliam</strong></span> <span class='ocrx_word' id='word_1_736' title='bbox 2469 5084 2785 5139; x_wconf 89' lang='lat' dir='ltr'><strong>remittitur.</strong></span> <span class='ocrx_word' id='word_1_737' title='bbox 2817 5081 2922 5150; x_wconf 87' lang='lat' dir='ltr'><strong>Qui</strong></span> <span class='ocrx_word' id='word_1_738' title='bbox 2951 5072 3260 5138; x_wconf 76' lang='lat' dir='ltr'><strong>navibusin</strong></span> <span class='ocrx_word' id='word_1_739' title='bbox 3282 5090 3442 5152; x_wconf 90' lang='lat' dir='ltr'><strong>portu</strong></span> <span class='ocrx_word' id='word_1_740' title='bbox 3472 5077 3759 5147; x_wconf 75' lang='lat' dir='ltr'><strong>Andovcrpi</strong></span> 
     </span>
    </p>
   </div>
   <div class='ocr_carea' id='block_1_108' title="bbox 2189 5173 3757 5250">
    <p class='ocr_par' dir='ltr' id='par_1_108' title="bbox 2189 5173 3757 5250">
     <span class='ocr_line' id='line_1_108' title="bbox 2189 5173 3757 5250; baseline -0.005 -17"><span class='ocrx_word' id='word_1_741' title='bbox 2189 5178 2520 5250; x_wconf 71' lang='lat' dir='ltr'><strong>preparatis,</strong></span> <span class='ocrx_word' id='word_1_742' title='bbox 2551 5176 2958 5233; x_wconf 76' lang='lat' dir='ltr'><strong>translretavit&#39;</strong></span> <span class='ocrx_word' id='word_1_743' title='bbox 2990 5192 3114 5232; x_wconf 89' lang='lat' dir='ltr'><strong>cum</strong></span> <span class='ocrx_word' id='word_1_744' title='bbox 3163 5176 3350 5232; x_wconf 80' lang='lat' dir='ltr'><strong>favore</strong></span> <span class='ocrx_word' id='word_1_745' title='bbox 3376 5192 3576 5248; x_wconf 86' lang='lat' dir='ltr'><strong>magno</strong></span> <span class='ocrx_word' id='word_1_746' title='bbox 3601 5193 3629 5229; x_wconf 85' lang='lat' dir='ltr'><strong>a</strong></span> <span class='ocrx_word' id='word_1_747' title='bbox 3657 5173 3757 5229; x_wconf 88' lang='lat' dir='ltr'><strong>suis</strong></span> 
     </span>
    </p>
   </div>
   <div class='ocr_carea' id='block_1_109' title="bbox 2190 5262 3757 5342">
    <p class='ocr_par' dir='ltr' id='par_1_109' title="bbox 2190 5262 3757 5342">
     <span class='ocr_line' id='line_1_109' title="bbox 2190 5262 3757 5342; baseline -0.007 -14"><span class='ocrx_word' id='word_1_748' title='bbox 2190 5273 2510 5342; x_wconf 82' lang='lat' dir='ltr'><strong>suseipitur,</strong></span> <span class='ocrx_word' id='word_1_749' title='bbox 2540 5278 2594 5324; x_wconf 90' lang='lat' dir='ltr'><strong>et</strong></span> <span class='ocrx_word' id='word_1_750' title='bbox 2616 5270 2671 5324; x_wconf 90' lang='lat' dir='ltr'><strong>in</strong></span> <span class='ocrx_word' id='word_1_751' title='bbox 2702 5271 2854 5341; x_wconf 84' lang='lat' dir='ltr'><strong>regni</strong></span> <span class='ocrx_word' id='word_1_752' title='bbox 2882 5269 3023 5323; x_wconf 90' lang='lat' dir='ltr'><strong>solio</strong></span> <span class='ocrx_word' id='word_1_753' title='bbox 3048 5270 3307 5324; x_wconf 87' lang='lat' dir='ltr'><strong>decenter</strong></span> <span class='ocrx_word' id='word_1_754' title='bbox 3330 5270 3621 5325; x_wconf 87' lang='lat' dir='ltr'><strong>relocatur.</strong></span> <span class='ocrx_word' id='word_1_755' title='bbox 3649 5262 3757 5319; x_wconf 80' lang='lat' dir='ltr'><strong>illos</strong></span> 
     </span>
    </p>
   </div>
   <div class='ocr_carea' id='block_1_110' title="bbox 2193 5356 3753 5434">
    <p class='ocr_par' dir='ltr' id='par_1_110' title="bbox 2193 5356 3753 5434">
     <span class='ocr_line' id='line_1_110' title="bbox 2193 5356 3753 5434; baseline -0.004 -16"><span class='ocrx_word' id='word_1_756' title='bbox 2193 5365 2288 5434; x_wconf 86' lang='lat' dir='ltr'><strong>qui</strong></span> <span class='ocrx_word' id='word_1_757' title='bbox 2335 5364 2522 5419; x_wconf 82' lang='lat' dir='ltr'><strong>lideles</strong></span> <span class='ocrx_word' id='word_1_758' title='bbox 2567 5363 2672 5417; x_wconf 87' lang='lat' dir='ltr'><strong>sibi</strong></span> <span class='ocrx_word' id='word_1_759' title='bbox 2712 5363 3044 5429; x_wconf 79' lang='lat' dir='ltr'><strong>extiterant,</strong></span> <span class='ocrx_word' id='word_1_760' title='bbox 3092 5361 3399 5418; x_wconf 86' lang='lat' dir='ltr'><strong>honoribus</strong></span> <span class='ocrx_word' id='word_1_761' title='bbox 3434 5356 3753 5423; x_wconf 74' lang='lat' dir='ltr'><strong>sublimarit,</strong></span> 
     </span>
    </p>
   </div>
   <div class='ocr_carea' id='block_1_111' title="bbox 2192 5453 3752 5528">
    <p class='ocr_par' dir='ltr' id='par_1_111' title="bbox 2192 5453 3752 5528">
     <span class='ocr_line' id='line_1_111' title="bbox 2192 5453 3752 5528; baseline -0.004 -16"><span class='ocrx_word' id='word_1_762' title='bbox 2192 5457 2499 5528; x_wconf 89' lang='lat' dir='ltr'><strong>proditores</strong></span> <span class='ocrx_word' id='word_1_763' title='bbox 2531 5469 2664 5510; x_wconf 83' lang='lat' dir='ltr'><strong>vero</strong></span> <span class='ocrx_word' id='word_1_764' title='bbox 2701 5454 3146 5521; x_wconf 80' lang='lat' dir='ltr'><strong>exauctorisavit,</strong></span> <span class='ocrx_word' id='word_1_765' title='bbox 3179 5454 3447 5525; x_wconf 89' lang='lat' dir='ltr'><strong>quosdam</strong></span> <span class='ocrx_word' id='word_1_766' title='bbox 3491 5453 3648 5510; x_wconf 86' lang='lat' dir='ltr'><strong>etiam</strong></span> <span class='ocrx_word' id='word_1_767' title='bbox 3674 5462 3752 5505; x_wconf 84' lang='lat' dir='ltr'><strong>oc-</strong></span> 
     </span>
    </p>
   </div>
   <div class='ocr_carea' id='block_1_112' title="bbox 1994 5568 2228 5627">
    <p class='ocr_par' dir='ltr' id='par_1_112' title="bbox 1994 5568 2228 5627">
     <span class='ocr_line' id='line_1_112' title="bbox 1994 5568 2228 5627; baseline 0 -3"><span class='ocrx_word' id='word_1_768' title='bbox 1994 5568 2228 5627; x_wconf 63' lang='lat' dir='ltr'><strong>NOTAE.</strong></span> 
     </span>
    </p>
   </div>
   <div class='ocr_carea' id='block_1_113' title="bbox 495 5661 2090 5746">
    <p class='ocr_par' dir='ltr' id='par_1_113' title="bbox 495 5661 2090 5746">
     <span class='ocr_line' id='line_1_113' title="bbox 495 5661 2090 5746; baseline 0.002 -29"><span class='ocrx_word' id='word_1_769' title='bbox 495 5732 508 5746; x_wconf 44' lang='lat'><em>.</em></span> <span class='ocrx_word' id='word_1_770' title='bbox 558 5662 713 5746; x_wconf 51' lang='lat' dir='ltr'><strong>(flii)</strong></span> <span class='ocrx_word' id='word_1_771' title='bbox 738 5661 1046 5746; x_wconf 49' lang='lat' dir='ltr'><strong>gishardus</strong></span> <span class='ocrx_word' id='word_1_772' title='bbox 1058 5671 1133 5742; x_wconf 53' lang='grc' dir='ltr'><strong>ές·-</strong></span> <span class='ocrx_word' id='word_1_773' title='bbox 1153 5662 1353 5746; x_wconf 59' lang='grc' dir='ltr'><strong>οςιξίιξιία</strong></span> <span class='ocrx_word' id='word_1_774' title='bbox 1385 5663 1574 5719; x_wconf 81' lang='lat' dir='ltr'><strong>iisdem</strong></span> <span class='ocrx_word' id='word_1_775' title='bbox 1621 5665 1800 5721; x_wconf 85' lang='lat' dir='ltr'><strong>verbis</strong></span> <span class='ocrx_word' id='word_1_776' title='bbox 1835 5665 2090 5736; x_wconf 83' lang='lat' dir='ltr'><strong>leguntur</strong></span> 
     </span>
    </p>
   </div>
   <div class='ocr_carea' id='block_1_114' title="bbox 494 5729 1431 5799">
    <p class='ocr_par' dir='ltr' id='par_1_114' title="bbox 494 5729 1431 5799">
     <span class='ocr_line' id='line_1_114' title="bbox 494 5729 1431 5799; baseline -0.002 -12"><span class='ocrx_word' id='word_1_777' title='bbox 494 5732 549 5787; x_wconf 79' lang='lat' dir='ltr'><strong>in</strong></span> <span class='ocrx_word' id='word_1_778' title='bbox 566 5729 577 5773; x_wconf 72' lang='grc' dir='ltr'><em>Τ</em></span> <span class='ocrx_word' id='word_1_779' title='bbox 583 5729 891 5799; x_wconf 74' lang='lat' dir='ltr'><strong>Annalibus</strong></span> <span class='ocrx_word' id='word_1_780' title='bbox 907 5729 1329 5799; x_wconf 77' lang='lat' dir='ltr'><strong>Aquicinetinis.</strong></span> <span class='ocrx_word' id='word_1_781' title='bbox 1426 5770 1431 5771; x_wconf 44' lang='grc' dir='ltr'><em>κ</em></span> 
     </span>
    </p>
   </div>
   <div class='ocr_carea' id='block_1_115' title="bbox 566 5794 1245 5874">
    <p class='ocr_par' dir='ltr' id='par_1_115' title="bbox 566 5794 1245 5874">
     <span class='ocr_line' id='line_1_115' title="bbox 566 5794 1245 5874; baseline -0.006 -17"><span class='ocrx_word' id='word_1_782' title='bbox 566 5801 716 5874; x_wconf 68' lang='grc'>(462)</span> <span class='ocrx_word' id='word_1_783' title='bbox 746 5799 854 5856; x_wconf 83' lang='lat' dir='ltr'><strong>Seu</strong></span> <span class='ocrx_word' id='word_1_784' title='bbox 877 5794 1245 5855; x_wconf 78' lang='lat' dir='ltr'><strong>Hochstaden.</strong></span> 
     </span>
    </p>
   </div>
   <div class='ocr_carea' id='block_1_116' title="bbox 2267 5662 3546 5732">
    <p class='ocr_par' dir='ltr' id='par_1_116' title="bbox 2267 5662 3546 5732">
     <span class='ocr_line' id='line_1_116' title="bbox 2267 5662 3546 5732; baseline -0.001 -14"><span class='ocrx_word' id='word_1_785' title='bbox 2267 5664 2416 5729; x_wconf 66' lang='grc'>(465)</span> <span class='ocrx_word' id='word_1_786' title='bbox 2451 5662 2684 5731; x_wconf 77' lang='lat' dir='ltr'><strong>Excepta</strong></span> <span class='ocrx_word' id='word_1_787' title='bbox 2713 5662 3071 5732; x_wconf 66' lang='lat' dir='ltr'><strong>pra-positura</strong></span> <span class='ocrx_word' id='word_1_788' title='bbox 3104 5664 3156 5717; x_wconf 90' lang='lat' dir='ltr'><strong>in</strong></span> <span class='ocrx_word' id='word_1_789' title='bbox 3187 5662 3546 5718; x_wconf 78' lang='lat' dir='ltr'><strong>Conliuentia.</strong></span> 
     </span>
    </p>
   </div>
   <div class='ocr_carea' id='block_1_117' title="bbox 2262 5732 3083 5805">
    <p class='ocr_par' dir='ltr' id='par_1_117' title="bbox 2262 5732 3083 5805">
     <span class='ocr_line' id='line_1_117' title="bbox 2262 5732 3083 5805; baseline 0.002 -20"><span class='ocrx_word' id='word_1_790' title='bbox 2262 5733 2411 5805; x_wconf 60' lang='grc'>(464)</span> <span class='ocrx_word' id='word_1_791' title='bbox 2438 5732 2672 5805; x_wconf 78' lang='lat' dir='ltr'><strong>Henrico</strong></span> <span class='ocrx_word' id='word_1_792' title='bbox 2701 5738 2769 5788; x_wconf 80' lang='lat' dir='ltr'><strong>tle</strong></span> <span class='ocrx_word' id='word_1_793' title='bbox 2804 5733 3083 5805; x_wconf 83' lang='lat' dir='ltr'><strong>Limhurg.</strong></span> 
     </span>
    </p>
   </div>
   <div class='ocr_carea' id='block_1_118' title="bbox 2264 5803 2673 5875">
    <p class='ocr_par' dir='ltr' id='par_1_118' title="bbox 2264 5803 2673 5875">
     <span class='ocr_line' id='line_1_118' title="bbox 2264 5803 2673 5875; baseline 0 -18"><span class='ocrx_word' id='word_1_794' title='bbox 2264 5803 2414 5875; x_wconf 78' lang='grc'>(465)</span> <span class='ocrx_word' id='word_1_795' title='bbox 2451 5803 2673 5872; x_wconf 81' lang='lat' dir='ltr'><strong>Aleppo.</strong></span> 
     </span>
    </p>
   </div>
  </div>
