3934 6316
191 369 285 431 55,

1021 364 1394 424 CliRO‘NlCA.
1435 397 1501 405 ο-
1541 363 2009 421 ΕΟΝΤὶΙίὕΑΤῙΟ
2046 359 2556 427 AQUICINCTINA.

3329 362 3435 418 558

191 480 331 541 cidit.
368 476 516 534 inter
537 493 893 549 quosunum,
927 478 1018 549 qui
1051 480 1261 550 dapifer
1281 479 1548 536 Johannis
1568 479 1755 535 fratris
1784 485 1830 542 Α
1859 476 2227 547 inquireretur
2254 476 2324 531 ab
2353 490 2417 534 ea
2440 474 2756 545 salvationis
2790 475 3014 543 modus,
3064 474 3281 531 dicebat
3309 460 3447 547 spe-'

188 572 295 642 ijus
323 570 517 637 fuerat,
544 569 701 645 cujus
732 570 980 638 consilio,
1013 580 1074 624 ut
1094 572 1405 638 dicebatur,
1441 572 1510 627 ab
1542 587 1609 627 eo
1655 570 1753 626 de-

187 667 373 730 iecerat
398 672 453 717 et
489 663 553 717 ad
611 678 796 734 regem
846 661 1184 719 Francorum
1218 665 1530 731 transierat,
1586 681 1751 720 exco-

184 755 346 811 riavit.
388 751 455 809 Et
483 755 612 825 quia
666 755 783 812 dies
812 755 1228 827 quadragesime
1270 758 1567 824 instabant,
1613 758 1753 813 inter

182 846 346 917 ipsum
374 856 425 901 et
452 862 632 917 regem
663 845 1000 903 Francorum
1032 846 1345 919 Philippum
1367 860 1553 919 treuge
1577 866 1751 921 usque

179 938 239 995 ad
284 928 529 993 octavas‘
571 947 923 1008 peutecostcn
973 950 1398 1012 componuntur.
1452 934 1750 997 Baiduinus

176 1046 345 1087 comes
368 1030 783 1086 Fiandrensium
808 1041 861 1087 et
896 1027 1307 1103 Hainoensium,
1326 1034 1378 1089 in
1406 1035 1539 1105 ipsis
1559 1036 1750 1091 dielus

176 1121 576 1201 quadragesime
605 1124 908 1180 exercitum
935 1141 1272 1196 congregans
1291 1126 1597 1198 cupiosum,
1617 1143 1749 1182 con-

177 1200 250 1281 tra
282 1212 576 1269 ilenricum
631 1215 828 1289 ducem
881 1210 1123 1293 Lovanie
1174 1227 1227 1272 et
1264 1200 1532 1290 quasdam
1581 1218 1745 1272 Fian-

174 1300 380 1363 drenses
412 1307 519 1364 sibi
549 1308 776 1364 rebelles
802 1309 1076 1365 hostiiiter
1092 1294 1266 1378 vadit,
1301 1320 1383 1367 set
1407 1327 1600 1382 parum
1626 1328 1746 1381 pro.

174 1397 344 1476 ficiens
372 1414 510 1468 pene
536 1399 785 1454 inefﬁcax
824 1400 1017 1468 rediit;
1042 1411 1097 1459 et
1135 1402 1353 1458 inducie
1386 1396 1483 1457 vix'
1503 1403 1747 1472 optinen-

175 1497 252 1541 tur
280 1503 450 1558 usque
484 1489 556 1544 ad
590 1489 832 1545 medium
873 1488 1080 1547 mensis
1118 1491 1372 1563 Augusti.
1410 1492 1644 1560 Quidam
1674 1493 1744 1548 ab

173 1572 348 1650 Anglia
376 1581 659 1638 venientes
700 1582 755 1636 in
792 1580 1270 1656 Northmanniam,
1306 1584 1554 1640 homines
1597 1585 1743 1657 regis

178 1668 501 1725 Francorum
533 1672 751 1742 injuriis
780 1673 1146 1750 lacesscentes
1166 1716 1181 1740 ,
1210 1690 1398 1746 pacem
1446 1684 1587 1730 terre
1626 1671 1742 1731 tur-

170 1762 451 1831 bat-erunt;
481 1766 555 1822 ob
584 1782 748 1837 quam
781 1783 1005 1823 causam
1035 1783 1131 1823 rex
1171 1767 1508 1823 Francorum
1554 1769 1741 1824 turba-

1855 570 2217 626 ciosissimam
2247 568 2521 625 dominam
2548 583 2734 623 secum
2768 564 2958 633 fuisse,
2997 576 3052 622 ct
3078 569 3149 623 ab
3183 562 3310 639 igne
3340 564 3443 625 ex-F

1854 662 2104 716 traxisse.
2140 660 2279 718 Post
2312 662 2411 716 hee
2450 661 2505 715 in
2530 660 2803 715 civitatem
2834 659 2908 713 ad
2952 660 3237 715 ecclesiam
3281 660 3447 715 beate'

1851 748 2020 808 Marie
2071 753 2396 809 liberatricis
2436 768 2533 808 sue
2581 752 2889 818 reducitur;
2918 760 3030 807 tota
3062 768 3200 822 pene
3241 752 3447 809 civitas’

1850 854 2232 921 congregatur,
2259 853 2314 907 et
2340 844 2394 898 in
2432 843 2705 915 prcsentia
2734 841 2921 897 domui
2946 840 3095 896 Petri
3121 841 3361 913 episcopi
3381 850 3437 898 et

1849 937 1982 990 cieri
2019 922 2207 1001 laudes
2232 951 2322 991 om
2333 936 2483 990 nium
2505 934 2850 1001 attolluntur,
2875 942 2930 989 et
2949 942 3058 988 tam
3091 936 3295 1006 grande
3338 934 3438 989 mi-

1849 1030 2118 1096 racuium,
2150 1028 2357 1084 nostris
2401 1027 2740 1098 temporibus
2777 1026 3102 1093 inauditum,
3139 1041 3171 1080 a
3214 1024 3439 1096 prefato

1848 1120 2146 1176 reverendo
2196 1119 2450 1190 episcopo
2489 1118 2877 1174 auctorizatur.
2912 1118 3107 1173 Actum
3144 1117 3251 1172 hoc
3290 1132 3436 1172 anno

1848 1214 1988 1284 apud
2012 1212 2376 1280 Attrebatum,
2434 1213 2489 1266 in
2515 1211 2913 1282 sollempnitate
2963 1209 3199 1281 Spiritus
3233 1212 3428 1265 sancti.

1917 1302 2186 1359 [lem-icus
2230 1304 2526 1374 imperator
2553 1302 2898 1372 Apulienses,
2943 1298 3161 1355 Siculos
3194 1309 3250 1354 et
3270 1300 3433 1354 Cala-

1846 1397 1995 1465 bros,
2028 1414 2127 1469 per
2156 1396 2469 1456 violentiam
2511 1394 2778 1451 Tancredi
2815 1394 3091 1465 quondam
3125 1394 3227 1449 sibi
3259 1395 3429 1449 rebel-

1846 1489 1944 1555 les,
1974 1494 2184 1559 partem
2218 1487 2383 1543 etiam
2408 1487 2700 1559 quamdam
2728 1486 2948 1553 Attrice,
2981 1486 3188 1556 absque
3215 1485 3437 1557 sanguiJ

1845 1579 1931 1634 nis
1961 1568 2226 1635 effusione
2264 1579 2369 1636 sibi
2416 1578 2708 1635 victoriose
2763 1578 3095 1649 subjugavit.
3139 1577 3431 1633 Civitatem

1843 1670 2309 1739 Panormitanam,
2342 1671 2585 1742 expulsis
2623 1670 3042 1737 habitatoribus,
3074 1684 3213 1741 pene
3258 1680 3433 1726 totam
3462 1656 3465 1659 ’

1843 1765 2135 1832 destruxit,
2163 1780 2229 1821 eo
2258 1764 2405 1835 quod
2426 1780 2616 1820 eorum
2656 1763 2892 1817 factione
2928 1762 3249 1833 imperati-ix
3271 1771 3430 1832 capta

168 1864 263 1921 tus,
311 1856 554 1915 indutias
592 1874 767 1930 usque
806 1859 875 1915 ad
910 1869 1134 1929 octavas
1172 1869 1546 1931 pentecostes,
1579 1860 1734 1931 juxta
1773 1840 1812 1895 Β
1839 1856 2002 1913 fuerit
2032 1871 2178 1912 anno
2209 1855 2506 1926 superiore.
2536 1852 2838 1925 Optimates
2873 1853 3037 1907 etiam
3070 1854 3215 1912 illius
3248 1853 3433 1923 regios

165 1947 477 2016 condictum,
532 1948 760 2005 minime
808 1950 1144 2021 expectavit,
1196 1948 1293 2006 sed
1353 1951 1737 2020 undecumque

164 2040 377 2097 collecto
416 2041 617 2114 grandi
654 2043 929 2113 exercitu,
964 2044 1249 2105 castellum
1303 2043 1735 2100 munitissimum

164 2133 290 2203 regis
338 2133 555 2207 Anglic,
600 2136 749 2206 quod
805 2135 1108 2193 Venonium
1150 2135 1299 2209 (466)
1340 2144 1556 2203 vocant,
1588 2134 1733 2192 circa

164 2227 523 2283 ascensionem
600 2228 815 2287 Domini
851 2229 1084 2285 obsedit.
1140 2228 1449 2285 Riebardus
1483 2245 1578 2283 rex
1618 2228 1732 2282 An-

163 2315 351 2384 glorum
388 2318 494 2384 hoc
550 2320 803 2388 audiens,
852 2336 1006 2376 mare
1061 2318 1483 2387 transfretavit,
1519 2329 1573 2376 et
1607 2335 1733 2376 cum

164 2407 330 2461 multis
362 2409 632 2466 militibus
681 2421 736 2467 et
766 2412 898 2468 viris
932 2411 1251 2468 fortissimis
1291 2413 1359 2467 ad
1390 2412 1730 2467 obsidionem

164 2499 346 2555 castelli
376 2518 483 2556 non
516 2505 819 2574 imparatus
843 2504 1007 2560 venit.
1037 2505 1260 2561 Obsessi
1281 2513 1336 2560 et
1358 2522 1456 2562 sua
1485 2504 1734 2560 multitu-

163 2589 274 2646 dine
297 2601 349 2647 (τι
396 2592 743 2660 fortitudine,
775 2596 986 2656 castelli
1016 2596 1180 2659 etiam
1210 2594 1509 2652 fortissima
1553 2594 1734 2651 muni-

164 2682 292 2738 tione
335 2686 565 2752 coulisi,
616 2688 845 2744 viriliter
887 2689 1250 2755 resistebant,
1296 2688 1482 2759 januis
1528 2688 1732 2758 apertis

164 2774 362 2841 relictis,
395 2777 449 2831 in
481 2787 863 2849 contemptum
891 2781 1167 2836 exercitus
1192 2779 1337 2852 regis
1366 2778 1725 2835 Francorum.

162 2864 282 2930 Cum
320 2869 500 2941 itaque
534 2887 632 2928 rex
661 2872 998 2929 Francorum
1029 2874 1102 2929 ibi
1133 2874 1368 2940 sederet,
1402 2890 1494 2928 rex
1525 2874 1729 2944 Anglo-

165 2973 269 3013 rum
318 2962 516 3019 milites
583 2964 786 3025 electos
845 2966 917 3021 ad
967 2965 1249 3022 civitatem
1312 2964 1728 3022 Ebroiccnsium

164 3050 330 3117 misit,
380 3055 471 3122 qui
535 3055 785 3110 homines
836 3056 981 3127 regis
1026 3055 1395 3122 Francorum,
1444 3054 1727 3110 castellum

163 3142 382 3209 ejusdem
438 3146 684 3201 civitatis
749 3147 1157 3213 custodientes,
1209 3163 1305 3218 per
1363 3146 1728 3217 proditionun

165 3234 343 3290 civium
387 3253 590 3294 omnes
638 3238 1046 3295 interfecerunt.
1076 3238 1211 3295 Nam
1246 3247 1517 3293 retroacto
1548 3254 1725 3301 anu”,

163 3341 271 3379 cum
302 3343 389 3382 rex
418 3329 721 3399 Anglorum
757 3328 1092 3385 detineretur
1120 3329 1175 3382 in
1201 3327 1518 3383 Alemannia
1539 3369 1553 3393 ,
1580 3342 1730 3380 eam-

164 3416 269 3495 dem
312 3420 588 3476 civitatem
644 3406 767 3476 cum
825 3421 1153 3491 quibusdam
1202 3419 1596 3475 Nortbmannie
1639 3436 1731 3475 ca-

165 3506 314 3569 stellis
339 3525 428 3566 rex
462 3509 802 3567 Francorum
830 3522 1065 3582 ceperat.
1090 3512 1288 3581 Audita
1321 3512 1484 3583 igitur
1518 3512 1728 3581 Philip-

164 3610 252 3665 pus
300 3616 388 3656 rex
439 3603 732 3659 hominum
786 3620 1014 3660 suorum
1052 3620 1215 3679 nece,
1244 3604 1384 3658 ultra
1420 3620 1583 3675 quam
1622 3603 1728 3658 dici

164 3698 337 3759 potest,
373 3694 585 3759 iratus,
639 3697 851 3752 castelli
903 3695 1148 3752 Vernolii
1199 3696 1387 3751 relicta
1424 3696 1726 3761 obsidione,

164 3794 272 3836 cum
319 3785 502 3841 electis
548 3787 816 3843 militibus
878 3788 945 3842 a:l
978 3787 1255 3842 civitatem
1313 3785 1730 3841 Ebroieeusium

165 3875 310 3941 venit,
339 3886 391 3935 et
420 3863 598 3948 ipsam
627 3887 794 3939 totam
823 3894 949 3934 cum
981 3878 1181 3947 templo
1211 3877 1386 3933 sancti
1422 3876 1646 3931 Taurini
1677 3881 1731 3932 et

162 3958 270 4023 aliis
289 3970 634 4031 monasteriis
662 3970 910 4035 funditus
933 3971 1221 4037 subvertit,
1246 3970 1301 4024 in
1331 3970 1730 4040 sollempnitate

167 4056 376 4129 Spiritus
420 4062 621 4119 sancti.
658 4062 770 4119 Rex
807 4072 990 4126 autem
1034 4061 1373 4118 Francorum
1416 4071 1732 4133 prceeperat

166 4150 494 4223 principibus,
528 4163 590 4209 ut
616 4154 918 4210 exercitum
950 4152 1006 4207 in
1036 4152 1323 4207 obsidione
1344 4153 1553 4208 castelli
1577 4163 1730 4207 tene-

168 4250 297 4307 rent;
329 4244 418 4300 sed
443 4260 511 4299 eo
543 4244 859 4300 discedente
898 4242 1084 4298 nullus
1113 4243 1292 4311 potuit
1310 4258 1437 4297 eum
1474 4242 1726 4296 retinere.

168 4328 405 4391 llenrieus
437 4336 737 4406 imperator
776 4344 969 4390 contra
998 4333 1326 4405 Apulienses
1355 4333 1460 4388 sibi
1504 4333 1731 4389 rebelles

168 4427 434 4483 exercitum
454 4427 841 4501 dueit(Sept.).
874 4427 933 4484 In
966 4428 1187 4484 civitate
1217 4426 1582 4507 Attrehatensi
1607 4427 1731 4497 qui-

1837 1948 1942 2014 nis,
1975 1949 2077 2018 qui
2104 1956 2296 2003 contra
2321 1963 2450 2002 eum
2486 1945 2912 2016 conjuraverant
2940 1951 2997 1998 et
3020 1943 3172 1996 illum
3216 1942 3394 1998 interii
3414 1971 3428 1983 -

1835 2040 1959 2095 cere
2005 2039 2388 2109 disponebant,
2428 2038 2570 2107 cepit
2609 2045 2662 2091 et
2707 2034 3089 2091 incarceravit.
3121 2033 3427 2105 Margarcta

1835 2130 2252 2186 Flandrcnsium
2284 2139 2338 2184 et
2361 2128 2752 2184 liainoensium
2780 2127 3057 2183 comitissa
3088 2125 3342 2191 moritur,
3377 2133 3433 2182 et

1836 2226 1890 2278 in
1914 2223 2116 2293 templo
2141 2223 2319 2278 sancti
2347 2221 2660 2288 Donatiani,
2683 2221 2839 2292 juxta
2857 2219 3129 2284 Karolnm
3146 2219 3427 2286 comitem,

1834 2314 2030 2386 Brugis
2058 2315 2356 2391 sepelitur;
2390 2315 2479 2370 cui
2503 2313 2769 2369 successit
2791 2314 2847 2367 in
2876 2313 3141 2369 comitatu
3175 2312 3430 2367 Flandrie

1834 2398 2133 2463 Balduinus
2160 2408 2305 2462 filius
2333 2407 2471 2477 ejus.
2514 2404 2716 2477 Sicque
2739 2405 3034 2460 Comitatus
3063 2420 3317 2460 reversus
3344 2400 3431 2459 est

1834 2500 1901 2555 ad
1928 2499 2142 2570 justum
2201 2498 2455 2553 heredem
2493 2494 2742 2551 Balduini
2803 2493 3241 2567 Hasnouiensis,
3283 2510 3429 2548 anno

1834 2589 2051 2646 Domini
2091 2589 2250 2657 1194,
2283 2590 2378 2660 qui
2406 2589 2475 2643 ab
2525 2604 2672 2643 anno
2703 2586 2843 2642 1072
2870 2601 3162 2656 posseSsus
3191 2584 3368 2640 fuerat
3394 2601 3430 2640 a

1832 2683 2247 2739 Successoribus
2280 2681 2504 2737 Robcrti
2533 2678 2863 2736 Callotensis
2891 2677 3040 2749 (467)
3070 2677 3309 2743 comitis,
3334 2690 3428 2746 per

1831 2789 2006 2829 annos
2058 2772 2159 2827 100
2186 2781 2241 2829 et
2291 2772 2382 2827 25.
2428 2771 2791 2826 Successores
2847 2767 3069 2823 fuerunt
3107 2766 3273 2836 hujus
3315 2764 3426 2823 Ro-

1832 2865 1970 2920 berti
2004 2884 2015 2920 :
2062 2863 2334 2919 Robertus
2378 2862 2524 2918 ﬁlius
2552 2862 2707 2932 ejus,
2747 2859 3049 2917 Balduinus
3092 2857 3251 2915 ﬁl'uts.
3283 2857 3425 2926 ejus,

1833 2956 2065 3011 Karolus
2114 2962 2380 3026 cognatus
2430 2950 2570 3025 ejus,
2634 2949 2938 3006 Wilielmus
2987 2945 3422 3011 Northmannus,

1834 3048 2223 3114 Theodericus,
2240 3046 2525 3116 Philippus
2538 3041 2683 3098 illius
2694 3041 2834 3112 ejus.
2852 3039 2938 3095 Hii
2960 3054 3152 3095 omnes
3167 3038 3279 3095 orti.
3297 3042 3428 3093 sunt

1831 3139 1897 3195 de
1927 3154 2121 3212 genere
2152 3136 2397 3204 Roberti,
2430 3136 2526 3206 qui
2557 3133 2700 3204 apud
2726 3132 3014 3188 Casietum.
3052 3131 3105 3184 in
3134 3131 3275 3184 bello
3319 3143 3418 3182 oc~

1831 3227 1961 3282 cidit
1988 3224 2277 3280 Arnull‘um
2311 3234 2563 3295 nepotem
2587 3239 2768 3286 suum,
2795 3220 2967 3276 filium
2997 3218 3247 3274 Balduini
3285 3216 3425 3271 Has-

1831 3313 2112 3375 noniensis
2145 3314 2332 3370 fratris
2370 3314 2487 3383 sui,
2538 3321 2593 3368 et
2624 3312 2704 3368 sic
2754 3310 3175 3367 Fiandrensium
3224 3306 3424 3363 invasit

1831 3409 2170 3467 comitatum.
3414 3402 3419 3407 ·

1973 3500 2132 3554 1195.
2282 3497 2347 3552 Ιὶ.
2390 3497 2444 3552 5.
2590 3495 2651 3550 F.
2691 3496 2779 3549 15.
2927 3494 2991 3547 Α.
3034 3494 3085 3547 6.
3159 3536 3162 3539 .

1900 3592 2103 3647 Mensis
2147 3588 2471 3654 Ianuarius,
2520 3586 2856 3642 Februarius
2889 3592 2945 3661 et
3009 3584 3210 3654 Aprilis
3254 3585 3420 3638 nimis

1831 3682 2054 3736 fuerunt
2068 3679 2353 3751 pluviaies.
2373 3678 2406 3733 5
2429 3675 2548 3731 Kal.
2578 3674 2749 3746 April.
2778 3675 2831 3728 in
2856 3674 2994 3745 pago
3013 3671 3419 3737 Cameracensi,

1832 3782 2129 3844 tempestas
2171 3776 2295 3825 cum
2328 3769 2533 3823 tonitru
2586 3766 2835 3822 horribili
2871 3763 3088 3829 cecidit,
3113 3778 3219 3835 que
3252 3768 3421 3819 unani

1828 3867 2013 3922 villam
2045 3880 2170 3921 cum
2195 3862 2399 3933 templo
2425 3861 2500 3916 ita
2528 3858 2822 3925 destruxit,
2852 3866 2915 3911 ut
2951 3856 3044 3910 vix
3071 3856 3125 3909 in
3163 3871 3227 3911 ea
3252 3868 3420 3926 parve

1831 3964 2177 4012 remanerent
2207 3953 2456 4025 reliquie.
2498 3950 2765 4006 Henricus
2794 3948 3091 4018 imperator
3124 3946 3193 4001 ab
3226 3945 3420 4016 Apulia

1830 4049 2004 4105 victor
2059 4064 2184 4103 cum
2241 4046 2519 4116 triumpho
2575 4041 2867 4097 revertitur
2897 4039 3109 4115 (Μαί.),
3144 4037 3422 4094 adducens

1831 4144 2019 4198 Becmn
2066 4155 2294 4195 uxorem
2341 4145 2396 4193 et
2420 4137 2594 4195 lilium
2626 4133 2896 4192 Taneredi
2919 4141 2973 4188 et
3003 4131 3296 4202 principes,
3326 4129 3422 4200 qui

1832 4236 2022 4286 'contra
2057 4245 2183 4284 eum
2230 4227 2696 4297 conspirationem
2743 4222 3018 4289 fecerant,
3052 4222 3108 4276 in
3136 4222 3418 4286 custodia;

1832 4334 2086 4390 magnam
2137 4317 2303 4372 etiam
2349 4330 2565 4385 coptam
2603 4312 2724 4368 auri
2757 4320 2812 4366 et
2841 4310 3052 4382 argenti
3081 4317 3135 4364 et
3189 4308 3422 4363 aliarum

1832 4411 1996 4465 etiam
2028 4425 2213 4465 rerum
2240 4418 2428 4464 secum
2459 4404 2703 4462 adduxit.
2745 4403 2930 4458 Mense
2952 4400 3099 4456 iulio
3133 4400 3421 4455 Sarracenl

168 4513 273 4570 dam
304 4518 533 4576 clericus
581 4529 635 4576 et
681 4535 841 4576 soror
871 4519 1013 4591 ejus,
1055 4519 1127 4573 ob
1171 4500 1386 4575 reatum
1426 4516 1728 4583 homicidii,

1838 4499 1902 4553 ab
1928 4497 2126 4553 Aﬂ‘rica
2154 4495 2462 4569 venientes,
2495 4505 2661 4562 super
2702 4505 2884 4560 regem
2922 4487 3216 4560 Hyspanie,
3256 4496 3421 4558 quem

169 4604 392 4666 incendio
419 4620 553 4668 sunt
584 4611 900 4682 adjudicati.
936 4611 1216 4667 Accensus
1246 4618 1333 4666 est
1377 4610 1431 4665 in
1480 4604 1755 4664 Baiduini’

170 4708 333 4756 monte
360 4703 524 4774 ignis,
574 4713 789 4768 astante
842 4705 1129 4760 innumera
1166 4703 1470 4774 frequentia
1520 4702 1725 4773 populi.

172 4784 333 4871 Frater
359 4784 412 4849 et
443 4810 605 4851 soror
631 4796 700 4851 ad
730 4785 968 4868 stipitem
996 4797 1254 4867 ligantur,
1286 4803 1341 4849 et
1370 4793 1512 4866 ignis
1544 4793 1598 4847 in
1631 4794 1734 4847 cir-

170 4882 300 4941 cuitu
325 4874 514 4942 corum
541 4888 801 4959 copiosus
820 4888 1161 4947 accenditur.
1183 4884 1378 4946 Mulier
1397 4899 1522 4940 cum
1552 4883 1731 4937 valido

170 4975 328 5033 cordis
367 4980 606 5036 clamore
631 4988 686 5045 et
736 4979 993 5041 ineffabili
1019 4978 1350 5043 contritione
1377 4986 1432 5033 et
1453 4976 1566 5033 oris
1593 4992 1727 5031 con-

172 5063 381 5126 fessione
404 5080 653 5131 sanctam
689 5071 917 5129 Mariam
955 5070 1048 5126 Dei
1088 5067 1408 5142 genitricem
1444 5058 1727 5133 invocans,

171 5164 217 5209 et
247 5158 374 5215 idem
409 5150 643 5219 fratrem
685 5161 865 5218 facere
906 5161 1227 5229 admonens,
1282 5160 1375 5215 illo
1408 5160 1461 5213 in
1495 5158 1730 5215 ﬂammis

175 5259 395 5319 mortuo,
446 5254 658 5311 meritis
714 5253 1028 5309 beatissime
1078 5252 1173 5308 Dei
1236 5250 1516 5324 genitricis
1564 5249 1731 5304 illarie

174 5334 407 5397 liberatur
433 5345 502 5403 ab
518 5345 787 5401 incendio.
808 5343 941 5399 Mira
972 5360 1087 5410 res;
1104 5342 1273 5406 facies
1297 5344 1417 5414 ejus
1439 5352 1491 5397 ct
1518 5340 1732 5410 loquela

168 5442 271 5494 .non
313 5442 392 5488 est
420 5435 725 5500 immutata,
755 5436 986 5506 capillus
1016 5435 1136 5506 ejus
1182 5450 1281 5489 nec
1312 5433 1455 5505 pilus
1477 5432 1728 5495 adustus,

178 5536 265 5577 ace
281 5526 432 5582 etim"
463 5529 595 5576 ἰλιγ-
618 5529 851 5584 'ncendii
885 5527 1145 5584 remansit
1174 5527 1227 5581 in
1264 5543 1345 5581 ea.
1379 5524 1514 5581 Cum
1544 5533 1725 5579 autem

1628 5626 1642 5640 ⁵
1674 5628 1903 5690 ΜΥΠΕ.

171 5796 181 5806 .
236 5728 375 5806 ti?th
403 5730 676 5806 rerum
716 5742 766 5805 ·.
842 5801 850 5806 ,
952 5778 953 5783 γ

242 5797 378 5869 (ίὶίὶἷ)
403 5799 440 5855 1.
472 5814 521 5857 c.
558 5798 903 5857 Caslctcnsfs.

1831 4591 2064 4643 Parvum
2088 4595 2315 4652 .vocant,
2353 4593 2407 4638 et
2451 4583 2573 4653 ejus
2601 4580 2899 4637 exercitum
2931 4580 3231 4645 irruerunt,
3260 4586 3317 4634 et
3354 4593 3423 4634 ex

1831 4681 1913 4737 eis
1942 4694 2194 4751 magnam
2227 4686 2464 4745 stragem
2496 4673 2762 4729 fecerunt.
2794 4669 2905 4725 Rex
2951 4677 3131 4723 autem
3161 4667 3423 4745 Hispania

1832 4773 1890 4828 in
1919 4771 2183 4836 crastino,
2214 4767 2422 4822 viribus
2448 4780 2547 4837 per
2580 4763 2674 4818 Dei
2714 4762 2943 4835 gratiam
2993 4761 3260 4830 receptis,
3295 4761 3420 4831 plus

1832 4880 1998 4937 quam
2029 4858 2220 4933 viginti
2278 4856 2425 4915 milia
2467 4871 2659 4913 eorum
2686 4853 2995 4933 interfecit;
3027 4853 3081 4907 in
3109 4868 3221 4923 quo
3249 4853 3421 4923 prelio

1832 4953 2277 5024 archiepiscopus
2309 4948 2495 5003 Sancti
2525 4946 2713 5001 Jacobi
2748 4945 3034 5004 occubuit.
3062 4942 3271 5003 Electio
3320 4940 3422 5013 Sy-

1824 5047 2014 5104 ‘monis
2048 5040 2397 5100 Leodiccnsis
2451 5055 2481 5093 a
2528 5037 2806 5093 Celestino
2852 5051 2989 5109 papa
3038 5042 3323 5099 cessatur,
3366 5041 3421 5086 et

1834 5126 2082 5195 Antberti
2114 5134 2260 5207 (468)
2295 5131 2669 5189 conﬁrmatur.
2703 5127 2910 5186 Tamen
2956 5128 3023 5188 ad
3050 5124 3414 5197 mitigandum

1835 5232 2081 5304 ejusdem
2114 5225 2372 5301 Symonis
2398 5224 2643 5280 dolorem
2672 5237 2701 5276 a
2726 5235 2865 5292 papa
2889 5220 2939 5275 ei
2966 5219 3200 5289 quedam
3238 5213 3420 5270 cardi-

1822 5308 2034 5381 ‘nalitas
2083 5320 2387 5388 confertur.
2425 5314 2625 5371 Clerici
2656 5314 2901 5389 quicum
2947 5327 3015 5371 eo
3058 5309 3228 5363 Rome
3251 5319 3413 5360 vene-

1837 5426 1981 5483 rant,
2020 5428 2210 5471 omnes
2240 5410 2350 5465 fere
2387 5408 2590 5465 mortui
2616 5414 2777 5472 sunt;
2817 5405 2934 5473 ipse
2963 5403 3126 5458 etiam
3178 5399 3418 5453 intrante

1822 5508 2025 5569 "mense
2045 5506 2292 5576 Augusto
2316 5500 2515 5555 ibidem
2543 5497 2832 5554 defunctus
2858 5503 2960 5550 est.
2994 5491 3287 5545 Autbertus
3314 5502 3419 5542 aua-

1828 5744 1857 5749 ,η
1914 5716 2063 5787 (468)
2092 5713 2175 5787 De
2200 5708 2496 5787 gnemqui
2543 5706 2748 5761 electus
2778 5698 2883 5753 fuit
2923 5694 3182 5759 Namuci,
3226 5703 3417 5747 mense

1830 5783 2127 5845 Novembri
2162 5784 2179 5837 l
2198 5783 2314 5844 191.
3372 5790 3399 5830 .3.
