3934 6316
462 385 567 443 559

1658 376 2017 434 SIGEBERTI
2053 376 2577 461 GEMBLACENSI§

3630 381 3732 438 διο

462 508 572 555 teut
598 513 629 552 a
665 502 999 553 Numa-cum
1028 510 1254 551 munere
1284 494 1565 550 electionis
1595 509 1867 560 reversus,
1900 493 2044 563 apud
2074 499 2119 556 Λ
2149 493 2459 560 noensium,
2511 469 2823 565 Philippum
2856 510 3075 566 quoque
3124 503 3178 552 et
3216 492 3549 549 H‘euricum.
3579 480 3765 564 Duxit!

460 588 789 645 Cistercium
821 587 1081 655 veniens,
1130 587 1532 658 aliquantulum
1580 586 1829 641 inﬁrmus
1862 584 1935 640 ibi
1966 593 2053 642 est.

461 682 739 737 detentus.
776 678 987 734 Rumor
1012 688 1193 734 autem
1246 678 1417 734 falsus
1447 677 1686 752 perlatus
1734 678 1877 753 apud
1907 676 2056 733 Leo».

459 773 635 840 dium,
695 771 976 827 nunciavit
1009 772 1312 838 canonicis,
1362 771 1514 826 illum
1568 786 1690 826 esse
1738 780 2045 839 mortuum;

460 863 555 934 qui
587 862 770 918 statim
797 862 1080 934 elegerunt
1116 863 1396 933 quendam.
1421 862 1691 917 illustrem
1720 861 2048 917 canonicum

461 954 633 1025 (469),
681 952 917 1025 Philippi
941 954 1009 1011 de
1033 953 1287 1010 Falconis
1334 964 1520 1010 monte
1569 954 1763 1011 ﬁlium.
1807 953 1898 1010 Sic
1926 962 2071 1024 post.

459 1043 899 1101 interfectionem
932 1045 1189 1104 Autbcrti
1213 1045 1476 1119 episcopi,
1507 1044 1694 1101 Remis
1725 1044 1924 1112 occisi,
1955 1059 2051 1100 ec-

458 1136 628 1191 clesia
657 1135 1013 1193 Leodieensis
1057 1137 1112 1192 in
1170 1138 1436 1195 electione
1483 1135 1721 1207 episcopi
1748 1132 2047 1191 lluctuavit.

458 1224 652 1281 Pluvia
700 1228 908 1283 mensis
945 1227 1181 1298 Augusti
1227 1227 1557 1282 metentibus
1596 1226 1760 1281 nimis
1796 1224 1901 1280 fuit
1927 1241 2048 1281 mo-

462 1318 620 1386 lesta,
675 1317 1011 1390 Septembris
1055 1320 1384 1375 vindemiam
1431 1318 1813 1390 colligentibus
1840 1319 2048 1390 gravis,

462 1407 717 1467 Octobris
786 1410 1185 1468 seminantibus
1249 1411 1414 1467 nimis
1465 1410 1830 1467 incommoda.
1887 1409 2051 1466 Sexto

466 1501 591 1558 ldus
615 1501 866 1559 Octobris
891 1514 1087 1560 ventus
1107 1505 1402 1563 vehemens
1422 1512 1553 1575 post.
1572 1512 1797 1559 noctem.
1814 1502 2049 1559 mediam

465 1594 537 1649 ab
562 1594 766 1651 Al'frico
801 1596 1046 1661 veniens,
1080 1597 1276 1651 dumos
1310 1596 1525 1663 evertit,
1553 1605 1732 1651 wrres
1760 1594 2049 1661 destruxit,

2150 594 2333 639 autem
2384 584 2685 640 Balduinus
2717 580 2897 641 adhuc
2931 587 3147 642 vivente
3188 594 3344 657 patre
3374 601 3605 642 uxorem
3631 584 3734 640 lla-

2148 675 2311 742 riam,
2346 676 2513 731 tiliam
2578 674 2796 732 Henrici
2828 676 3072 747 :comitis
3105 676 3532 749 Campaneusis,
3579 693 3734 748 quant

2149 766 2339 838 genuit
2363 783 2427 822 ex
2454 766 2564 821 ﬁlia
2589 765 2853 824 Ludovici
2885 766 3025 834 Vllf,
3058 766 3407 823 Francorum
3430 768 3599 839 regis.

2221 855 2380 913 “96.
2528 856 2594 911 Il.
2636 856 2689 912 6.
2836 855 2899 912 F.
2942 851 3030 912 16.
3178 858 3244 913 Α.
3285 857 3338 913 7.

2221 947 2489 1005 llenricus
2529 949 2827 1020 imperator
2874 951 3069 1022 hyeme
3112 960 3411 1018 transacta,
3447 951 3643 1006 iterum
3671 951 3731 1007 ad

2151 1038 2393 1096 Siciliam
2420 1050 2479 1096 et
2497 1041 2745 1112 Apuliam
2769 1043 3135 1114 proﬁciscitur
3159 1044 3375 1116 (.4ug.);
3408 1045 3730 1116 et‘quicquid

2148 1133 2203 1188 in
2234 1148 2402 1205 regno
2430 1134 2810 1207 corrigendum
2832 1145 2968 1202 erat,
3010 1136 3081 1191 ab
3115 1152 3182 1192 eo
3210 1136 3584 1208 corriguntur.
3615 1136 3733 1194 Pre-

2149 1234 2412 1296 parantttr
2458 1226 2837 1283 etiam-naves
2865 1236 2920 1283 et
2952 1237 3154 1295 cetera,
3209 1244 3317 1299 quc
3364 1227 3739 1297 Theulonicis,

2149 1318 2241 1388 qui
2274 1319 2540 1390 superiori
2571 1334 2717 1375 anno
2755 1300 2958 1376 'cruces
3004 1332 3439 1392 assuntpserant,
3471 1321 3539 1376 ad
3565 1331 3731 1377 trans-

2148 1400 2458 1467 fretandum
2513 1420 2671 1467 erant
2703 1412 3032 1469 necessaria.
3063 1411 3276 1480 Quibus
3302 1412 3535 1484 prefecit
3565 1412 3731 1470 archic

2148 1503 2465 1575 episcopum
2518 1502 2920 1575 Maguntinum,
2980 1504 3162 1559 virum
3226 1504 3733 1576 prudentissimum.

2149 1581 2453 1665 Philippus,
2497 1611 2592 1651 rex
2618 1594 2976 1662 Francorum,
3009 1595 3175 1651 filiam
3209 1597 3499 1668 cujusdam
3531 1596 3738 1652 comitis

467 1686 626 1739 ruina
645 1684 1221 1755 domorumplurimos
1239 1685 1450 1752 stravit,
1478 1699 1712 1756 quercus
1734 1700 1973 1739 anttosas
1997 1692 2053 1739 et
2148 1686 2490 1743 Alemannici
2543 1688 2693 1759 (471)
2747 1686 3052 1762 lngelburgi
3101 1687 3285 1760 regine
3346 1688 3736 1759 superindueit.

466 1776 691 1832 arbores
722 1775 1033 1831 fructiferas
1063 1778 1283 1844 evulsit,
1312 1786 1365 1833 et
1396 1778 1452 1832 itt
1481 1776 1668 1832 multis
1702 1777 1838 1831 locis
1883 1775 2050 1831 nimis
2088 1849 2113 1851 η
2150 1778 2263 1837 Pax
2287 1780 2427 1836 inter
2445 1779 2756 1851 Philippunt
2784 1796 2964 1851 regem
2984 1780 3026 1834 F
3031 1796 3321 1837 raneorutn
3339 1790 3391 1835 et
3409 1780 3737 1836 Ricltardum

463 1869 802 1938 dampnosus
832 1868 1028 1923 extitit.
1070 1868 1224 1924 Multi
1260 1869 1327 1924 de
1357 1885 1525 1940 regno
1559 1867 1920 1934 Tlteutonico,
1946 1866 2043 1922 Lo—
2084 1849 2135 1905 Β
2154 1886 2333 1941 regem
2380 1849 2680 1941 Anglorum
2710 1849 2907 1926 iterum
2939 1870 3235 1936 turbatur;
3290 1870 3437 1929 unde
3466 1868 3741 1940 Philippus

465 1959 701 2032 thuringi
724 2001 738 2025 ,
771 1959 1085 2027 Alemanni,
1122 1958 1395 2027 Saxones,
1444 1962 1663 2016 hortatu
1706 1958 2053 2031 imperatoris
2153 1978 2269 2027 rex,
2300 1962 2528 2017 collecto
2549 1962 2931 2033 undecumque
2956 1962 3153 2033 grandi
3168 1963 3436 2029 exercitu,
3466 1962 3742 2017 castellum

466 2046 694 2103 ιιι-ιιιιίρί
715 2065 906 2104 cruces
955 2058 1244 2107 assumunt
1275 2049 1472 2122 (April.
1500 2049 1610 2121 l7),
1640 2049 1918 2120 episcopi,
1946 2050 2051 2104 du-
2153 2054 2297 2125 regis
2334 2053 2637 2127 Anglorum
2673 2053 2727 2108 in
2775 2051 3197 2120 Northmannia,
3244 2053 3390 2124 quod
3438 2052 3744 2107 Albatnarla

467 2155 582 2207 ces,
611 2141 862 2207 comites,
894 2141 1117 2208 milites,
1138 2150 1194 2196 et
1215 2142 1281 2197 de
1299 2142 1513 2212 reliquo
1542 2142 1744 2212 populo
1766 2142 2061 2200 innumera.
2152 2158 2398 2212 vocatur,
2455 2145 2701 2213 obsedit,
2747 2153 2802 2200 et
2844 2154 2970 2219 post
3016 2161 3113 2202 sex
3158 2143 3504 2201 ebdomadas
3529 2148 3672 2219 cepit
3698 2153 3746 2199 et

466 2232 781 2287 multitudo.
814 2231 1099 2304 Philippus
1150 2248 1243 2289 rex
1288 2232 1626 2289 Francorum
1661 2242 1715 2289 et
1746 2231 2055 2289 Richardus

466 2342 565 2381 rex
600 2324 902 2397 Anglorum
936 2334 1059 2399 post
1101 2327 1320 2398 longam
1357 2326 1689 2383 discordiam
1715 2326 1933 2383 tandem
1967 2342 2057 2382 re-

466 2417 637 2473 deunt
693 2417 760 2472 ad
820 2419 1207 2475 concordiam.
1258 2417 1406 2473 Obiit
1454 2417 1755 2473 Balduinus
1807 2417 2055 2472 tnateltio

469 2506 833 2565 Namucensis
876 2518 942 2567 et.
976 2526 1161 2565 comes
1193 2508 1520 2565 llainoensis
1558 2509 1620 2563 16
1660 2508 1779 2563 Kal.
1807 2508 2055 2564 Januarii

469 2599 643 2670 (670),
679 2609 737 2656 et
765 2600 1198 2671 sepeliturapud
1224 2600 1591 2657 Castrilocum
1620 2617 1745 2655 cum
1782 2601 2050 2671 patribus.

471 2691 730 2747 Succedit
760 2692 809 2747 ei
862 2690 1163 2749 Balduinus
1192 2692 1334 2749 ﬁlius
1364 2693 1504 2764 ejus,
1550 2708 1735 2748 comes
1764 2692 2051 2761 Flandrie;

470 2783 566 2838 sed
605 2782 736 2852 quia
757 2780 812 2836 in
849 2783 1134 2853 superiora
1162 2783 1327 2853 hujus
1350 2783 1566 2838 cronice
1589 2798 1786 2853 parum
1814 2782 2059 2838 declara-

470 2884 578 2941 tur,
602 2890 669 2930 ex
698 2891 804 2947 qua
835 2875 913 2930 ltii
948 2875 1176 2931 comites
1219 2874 1557 2933 Hainoeuses
1589 2875 1808 2930 oriundi
1836 2874 2058 2930 fuerunt

466 2967 677 3037 stirpe,
739 2966 794 3022 id
837 2966 1076 3022 breviter
1134 2967 1414 3022 declarare
1465 2967 1769 3038 legentibus
1830 2967 2057 3037 dignum

469 3057 750 3112 duximus.
790 3054 1069 3127 Originem
1104 3058 1249 3111 enim
1276 3058 1485 3113 ducunt
1511 3073 1577 3112 ex
1604 3056 2059 3128 sanguineimpe-

2152 2240 2443 2296 destruxit.
2499 2239 2675 2306 Mulli,
2724 2250 2779 2296 et
2826 2239 3065 2295 maxime
3100 2239 3352 2311 juvenes,
3398 2247 3565 2294 acuta
3612 2237 3748 2293 febre

2154 2331 2503 2396 moriuntur;
2558 2329 2702 2385 inter
2737 2347 2880 2402 quos
2911 2340 2965 2387 et
3006 2329 3286 2386 Joltannes
3333 2330 3750 2385 Cameracensis

2153 2424 2465 2495 episcopus,
2518 2443 2643 2481 cuttt
2680 2425 2748 2480 ad
2801 2439 2983 2496 regem
3035 2424 3090 2479 itt
3140 2421 3547 2478 Nortlnnannia
3596 2427 3741 2494 prori.

2157 2515 2473 2584 cisceretur,
2502 2517 2787 2572 Ambianis
2815 2525 3068 2571 mortuus
3089 2523 3191 2571 est.
3224 2514 3567 2570 Gravissima
3598 2514 3757 2585 panis

2157 2609 2389 2678 penuria
2424 2609 2531 2664 hoc
2576 2624 2721 2664 anno
2768 2608 2969 2662 ntultos
3016 2605 3206 2661 alllixit
3234 2613 3291 2661 ct
3316 2606 3525 2660 multos
3555 2621 3752 2677 paupe-

2157 2700 2315 2755 ravit.
2349 2701 2432 2755 Ah
2458 2701 2745 2771 Apennino
2769 2709 2953 2755 monte
2980 2714 3154 2769 usque
3178 2697 3245 2752 ad
3273 2713 3425 2752 mare
3451 2695 3750 2762 Oceanum,

2157 2806 2253 2861 per
2281 2800 2451 2846 totam
2494 2791 2725 2846 Galliatn
2753 2800 2807 2847 et
2830 2789 3203 2855 Germaniam,
3253 2788 3429 2844 fames
3459 2789 3515 2843 itt
3548 2797 3752 2845 tantum

2157 2882 2836 2953 prevaluit,utmaximam
2857 2881 3141 2952 utriusque
3157 2898 3323 2936 sexus
3347 2881 3753 2935 multitudinem

2158 2975 2446 3046 contigerit
2478 2975 2744 3030 interisse.
2791 2973 2926 3028 Nam
2959 2973 3196 3028 triticum
3241 2973 3311 3027 40
3358 2974 3441 3028 vel
3474 2972 3547 3027 50
3569 2972 3752 3027 solidis

2160 3067 2594 3134 venundabatnr,
2623 3066 2768 3137 quod
2800 3083 2898 3136 pro
2927 3075 3164 3136 quatuor
3208 3078 3303 3120 aut
3346 3065 3597 3137 quinque
3631 3074 3752 3122 ante

465 3146 2053 3222 rialiRomanorumetregaliFrancm'um(Gen.c.Flund.).
2084 3187 2128 3249 Ο
2160 3156 2303 3211 hanc
2356 3166 2563 3228 pestem
2613 3158 2883 3222 dalratur;
2938 3155 3082 3210 unde
3128 3154 3323 3210 accidit
3354 3163 3416 3209 ut
3447 3156 3633 3219 multi,
3664 3154 3751 3225 qui

466 3237 770 3295 Balduiuus
798 3238 1089 3296 lnsulanus
1118 3256 1313 3296 comes
1341 3241 1613 3307 Flandrie,
1646 3250 1815 3297 ortus.
1851 3240 1918 3297 de
1959 3256 2054 3311 ge-

467 3342 599 3384 nere
621 3327 806 3384 Karoli
832 3329 984 3383 Calvi
1015 3328 1359 3399 imperatoris
1400 3328 1771 3384 Romanorum
1815 3339 1868 3385 et
1911 3331 2058 3400 regis

468 3419 844 3489 Francorum,
861 3420 1016 3477 duxit
1064 3436 1288 3477 uxorem
1339 3419 1587 3489 Adelam,
1618 3421 1787 3476 ﬁliam
1830 3419 2055 3476 Roberti

465 3510 612 3582 regis
642 3510 1004 3580 Francorum,
1026 3522 1079 3568 et
1106 3513 1291 3584 genuit
1315 3528 1382 3569 ex
1404 3528 1467 3570 ea
1496 3512 1821 3569 Balduinum
1850 3510 2058 3568 llasuo—

468 3600 738 3672 niensem,
769 3603 1026 3659 comitem
1077 3602 1506 3659 Flandrensium.
1535 3611 1590 3657 et
1638 3601 2057 3669 llainoensium,

464 3700 521 3747 et
547 3690 846 3750 Robertum
880 3693 1276 3759 Casletensem,
1308 3691 1533 3747 fratrem
1572 3692 1716 3761 ejus.
1755 3690 2084 3748 BalduinuS‘

464 3780 861 3841 Hasuoniensis
907 3783 1065 3839 duxit
1115 3799 1343 3839 uxorem
1391 3782 1705 3838 lliclteldem
1730 3824 1745 3849 ,
1808 3783 2055 3837 relictam

463 3870 786 3930 Herimanni
809 3873 1029 3930 comitis
1051 3871 1374 3939 Montensis,
1406 3888 1514 3943 que
1549 3881 1667 3927 erat
1697 3872 1763 3928 de
1791 3873 2056 3944 sanguine

466 3966 762 4037 imperiali,
791 3974 846 4021 et
891 3979 1051 4021 soror
1094 3964 1269 4020 sancti
1298 3963 1498 4020 Leonis
1524 3979 1673 4035 .pape
1698 3963 1859 4031 noni;
1883 3974 1937 4018 et
1964 3979 2055 4035 ge-

463 4058 590 4112 nuit
616 4073 687 4113 ex
711 4072 775 4112 ea
811 4048 1102 4113 Arnulfum
1156 4058 1410 4113 comitem
1440 4055 1853 4123 Flandrensem,
1889 4071 2053 4126 quem

470 4146 746 4203 Bobertus
775 4156 1006 4219 patruus
1025 4148 1146 4217 ejus
1169 4146 1439 4203 interfecit
1469 4148 1525 4202 itt
1556 4147 1696 4202 bello
1724 4146 2050 4217 Casletensi,

462 4248 520 4295 et
545 4239 874 4295 Balduinum
905 4238 1479 4308 lltcrosolimitanum,
1497 4240 1752 4295 comitem
1779 4238 2054 4297 llainoen-

463 4347 604 4399 sem,
624 4330 846 4386 fratrem
868 4331 1007 4401 ejus.
1036 4330 1335 4387 Balduinus
1357 4330 1875 4388 Jlterosolimitanus
1897 4332 2053 4391 duxit

466 4438 693 4495 uxorem
722 4422 895 4490 Idam,
925 4423 1092 4480 ﬁliam
1132 4422 1349 4499 Henrici
1389 4423 1736 4495 imperatoris
1766 4425 1967 4495 quarti,
1997 4437 2052 4481 et

2161 3250 2495 3320 putabantur
2526 3251 2628 3305 sibi
2661 3249 2991 3304 sufﬁcientes
3018 3264 3160 3313 esse,
3206 3248 3330 3303 diro
3377 3248 3543 3303 famis
3577 3247 3759 3318 gladio

2162 3352 2516 3415 perurgente,
2554 3342 2728 3397 coacti
2777 3351 2906 3395 sunt
2940 3341 3049 3395 alio
3097 3341 3386 3412 emigrare.
3430 3339 3637 3410 Sicque
3673 3337 3754 3392 fa-

2158 3443 2308 3489 ctum
2345 3446 2448 3501 est,
2489 3445 2548 3489 ut
2590 3442 2992 3489 excrescentem
3017 3447 3319 3510 pauperum
3348 3430 3751 3487 multitudinem

2158 3527 2278 3582 sine
2313 3541 2511 3598 magno
2550 3526 2865 3596 gravaminc
2904 3533 3213 3580 sustentare
3248 3532 3471 3594 possent
3510 3523 3613 3586 ltii,
3662 3522 3761 3592 qui‘

2160 3624 2405 3685 respectu
2446 3614 2539 3670 Dei
2591 3631 2817 3675 manum
2856 3615 3231 3683 utisericordie
3266 3616 3346 3670 eis
3385 3615 3751 3686 porrigebant.

2156 3703 2365 3758 Earnes
2392 3719 2612 3775 quoque
2643 3705 2756 3774 jam
2789 3704 3072 3761 fetentium
3096 3706 3416 3761 animalium
3452 3714 3507 3761 et
3547 3705 3763 3760 radices

2159 3797 2772 3853 inusitatasherbarunt
2804 3799 3073 3871 compulsi
3100 3807 3230 3855 sunt
3255 3798 3611 3856 manducare.
3636 3795 3754 3853 Non

2158 3894 2370 3941 tantum
2408 3887 2589 3958 panis,
2644 3888 2741 3943 sed
2784 3890 2949 3944 etiam
2987 3900 3164 3945 cetere
3194 3907 3282 3945 res
3319 3890 3757 3955 mandumbiles,

2158 3974 2404 4030 inaudito
2453 3977 2613 4032 nobis
2664 3977 2851 4048 precio
2889 3979 3365 4035 venundabantur.
3428 3978 3567 4051 Lupi
3610 3982 3752 4036 circa

2157 4066 2321 4137 Alpes
2359 4067 2414 4122 itt
2452 4068 2740 4126 itineribus
2776 4080 2831 4126 et
2863 4071 2919 4126 in
2945 4071 3090 4127 villis
3115 4072 3168 4127 in
3212 4088 3382 4127 unum
3417 4073 3760 4145 congregati,

2157 4158 2364 4231 absque
2393 4161 2504 4216 ullo
2539 4161 2735 4217 timore
2765 4164 2966 4220 multos
3001 4164 3284 4220 devorant.
3332 4163 3569 4220 Tritieea
3612 4183 3751 4221 mes-

2157 4251 2243 4307 sis.
2283 4262 2337 4308 et
2366 4269 2536 4309 avene
2566 4255 2817 4311 collectio
2847 4257 2989 4311 ultra
3031 4257 3437 4313 estitnationem
3469 4259 3755 4314 hominum

2157 4342 2260 4399 fuit
2293 4345 2607 4405 rarissima.

2230 4433 2388 4489 “97.
2647 4435 2707 4493 7.
2952 4437 3041 4495 ΓΙ.
3321 4438 3377 4495 8.

463 4515 1222 4609 genuit-exeaBalduinum;
1254 4518 1343 4573 cui
1375 4517 1603 4609 abstulit
1642 4516 1915 4574 Robertus
1956 4533 2050 4573 cor
2082 4548 2128 4609 υ
2228 4523 2443 4580 Menses
2477 4524 2793 4594 Januarius,
2844 4527 3197 4596 Februarius,
3249 4529 3479 4586 Martius
3536 4545 3755 4603 quoque

465 4620 583 4660 mes
614 4604 868 4662 Flaudrie
898 4605 1142 4663 Duacum
1178 4615 1446 4663 castrum.
1486 4606 1586 4662 Hic
1612 4609 1771 4665 duxit
1820 4623 2048 4663 uxorem

433 4684 445 4717 ³
468 4695 791 4763 Yolendem,
818 4696 987 4752 ﬁliam
1018 4697 1247 4753 Gerardt
1271 4698 1493 4754 comitis
1518 4698 1587 4753 de
1606 4698 2051 4768 Wassemberga,

462 4797 520 4844 et
552 4788 739 4859 genuit
762 4804 829 4843 ex
855 4804 925 4861 ea
945 4788 1296 4857 Balduinum,
1325 4790 1419 4861 qui
1458 4788 1908 4847 Valentiauenses
1948 4790 2052 4846 sibi

463 4879 694 4936 rebelles
758 4880 963 4950 optime
1011 4881 1282 4951 optinuit,
1323 4888 1380 4936 et
1424 4880 1529 4936 alia
1572 4881 1727 4936 utilia
1770 4881 2054 4938 comitatui

461 4969 709 5025 adauxit.
754 4968 855 5025 llic
892 4986 1115 5042 quoque
1147 4971 1305 5027 duxit
1339 4986 1574 5028 uxorem
1597 4971 2053 5040 Ermensendam,

460 5077 712 5121 sororem
756 5059 977 5118 Henrici
1033 5063 1251 5119 comitis
1280 5061 1676 5131 Namucensis;
1714 5081 1783 5120 ex
1815 5080 1923 5135 qua
1959 5080 2058 5137 ges

459 5156 583 5211 nuit
607 5153 939 5210 Balduintun
967 5155 1367 5220 marchionem,
1393 5154 1481 5211 cui
1522 5155 1687 5211 etiam
1726 5157 2056 5212 multoeiens

461 5244 817 5305 accesserunt
868 5246 1058 5303 felices
1106 5264 1431 5315 successus;
1483 5248 1578 5319 qui
1622 5248 1779 5304 duxit
1827 5264 2052 5305 uxorem

459 5341 844 5414 Margaretam,
873 5356 1117 5398 sororem
1143 5341 1376 5412 Philippi
1400 5342 1619 5398 comitis
1647 5340 1919 5409 Flandrie‘,
1945 5357 2052 5413 que

458 5434 515 5491 ei
544 5434 730 5505 genuit
756 5433 1085 5493 Balduiuum
1116 5432 1372 5488 comitem
1394 5433 1812 5490 Flandrensium
1843 5443 1896 5489 et
1919 5432 2051 5490 ﬂai-

2152 4625 2207 4670 et
2236 4616 2457 4687 Aprilis,
2485 4618 2587 4673 hoc
2619 4635 2764 4673 anno
2801 4618 3021 4676 fuerunt
3048 4622 3324 4677 naturales
3346 4631 3400 4676 et
3432 4623 3752 4677 hominibus

2155 4707 2474 4780 gratissimi.
2511 4707 2898 4766 Verumtamen
2933 4712 3136 4779 fames,
3175 4715 3335 4769 annis
3375 4714 3753 4783 superioribus

2155 4809 2456 4869 concepta,
2530 4803 2738 4860 nullum
2801 4804 2992 4859 habuit
3044 4814 3564 4877 temperamentum,
3629 4803 3751 4875 quia

2161 4892 2460 4961 superioris
2485 4894 2612 4947 anni
2654 4911 2869 4950 annone
2898 4912 3021 4950 rara
3046 4897 3294 4952 collectio
3333 4897 3547 4953 nullum
3580 4895 3750 4967 potuit

2156 4981 2406 5037 confetae
2435 4984 2824 5041 levamentum.
2868 4986 3005 5042 Nam
3050 5004 3223 5059 usque
3252 4988 3415 5043 hodie
3460 4987 3748 5042 lamento-

2156 5072 2378 5129 riuntur
2415 5075 2567 5135 milia
2608 5078 2861 5145 milium;
2902 5079 3059 5133 tttulti
3095 5080 3242 5134 enim
3279 5081 3383 5134 hac
3426 5080 3751 5134 necessitate

2156 5165 2458 5233 constricti,
2498 5178 2688 5223 contra
2722 5180 3045 5225 consuetum
3081 5170 3295 5225 vivendi
3322 5187 3489 5225 usum
3512 5170 3749 5225 latrones

2157 5253 2358 5321 eﬁecti,
2384 5256 2582 5327 laqueo
2620 5268 2753 5317 sunt.
2778 5262 3052 5333 suspensi.
3097 5261 3191 5316 Set
3214 5262 3453 5316 vernalis
3488 5259 3748 5331 temporis

2161 5348 2453 5417 temperies
2487 5352 2749 5421 gratiosa,
2794 5363 2849 5408 et
2890 5354 3160 5409 seminum
3189 5364 3247 5410 ut
3274 5353 3488 5408 videtur
3522 5352 3745 5423 pulchra

2159 5441 2463 5509 processio,
2523 5442 2585 5499 fit
2619 5446 3035 5515 expectantibus
3085 5463 3191 5501 non
3232 5447 3459 5503 minima
3493 5445 3743 5502 consola-

2006 5547 2241 5606 NOTAE.

449 5655 681 5780 .Gigg?)
693 5653 990 5794 wgm;
1039 5657 1135 5714 sed
1166 5658 1284 5728 ipse
1316 5655 1540 5721 Alberto
1571 5672 1631 5715 se
1663 5658 1927 5729 subjecit.~
1957 5657 2042 5716 Cf.

449 5814 458 5844 l
534 5793 681 5866 (470)
728 5795 811 5861 ιε.
856 5794 983 5852 Kal.
1029 5796 1299 5866 Januarii,
1345 5808 1529 5853 octava
1570 5798 1769 5855 scilicet
1809 5798 1893 5857 die
1935 5808 2055 5865 ante

2152 5663 2348 5733 festum
2373 5668 2670 5722 nativitatis
2691 5666 2927 5723 Domini.
2955 5666 3157 5723 Gisleb.

2232 5734 2384 5807 (471)
2421 5734 2587 5795 Ducis
2620 5736 2856 5796 Boemiae
2880 5737 3262 5811 Moraviaeque,
3296 5737 3563 5797 Mariam.
3594 5735 3742 5799 Μιιι.
