3934 6316
175 347 258 402 5H
998 353 1370 414 (IllRONICA.
1411 389 1482 400 --
1518 359 1989 423 CONTINUATIO
2027 367 2533 436 AQUIL'INCTINA.

3316 381 3427 436 542

165 456 1264 574 ΙῗρῗςιῖρτεῗλΒςιὶιιιιεοηδξς.
1285 469 1503 574 capitur
1528 488 1559 574 a
1591 475 1737 528 mili-
1768 478 1808 535 Α
1834 476 2138 574 ςςιεδιίιιιιε
2165 481 2232 536 ill
2268 499 2429 555 papa,
2459 484 2493 540 6
2528 484 2645 540 Kal.
2677 485 2930 555 Januar.,
2960 504 3123 545 senex
3149 499 3203 545 et
3229 478 3421 561 plenus

168 548 303 613 libus
336 548 590 606 Richardi
637 554 781 625 regis
814 555 1136 627 Anglorum,
1181 571 1235 615 et
1265 564 1406 632 apud
1433 563 1735 622 Rothoma-

177 656 282 712 gum
341 642 494 711 gravi
549 645 798 700 eustodie
842 648 1202 719 mancipatur.
1255 651 1401 708 Inter
1426 652 1736 727 Philippum

171 730 331 805 regem
377 733 714 793 Francorum
754 749 809 794 et
836 738 1163 821 Balduinum
1189 748 1447 803 comitem
1484 748 1737 807 Flandrie

169 842 256 894 pax
295 827 565 895 turbatur,
605 831 867 889 instinctu
907 834 1164 894 Richardi
1215 841 1360 912 regis
1413 842 1732 915 Anglorum.

169 915 216 969 In
257 932 439 975 mense
482 917 631 976 Julio
665 922 967 983 Balduinus
1004 944 1212 998 eomes,
1251 942 1534 991 contracto
1562 937 1736 993 unde-

167 1024 383 1080 cumque
420 1015 663 1068 exercitu
694 1017 938 1086 copioso,
967 1030 1157 1077 contra
1190 1038 1371 1096 regem
1397 1025 1735 1085 Francorum

167 1114 251 1169 per
279 1117 473 1175 pagum
529 1103 930 1165 Tornaceusem
978 1120 1033 1167 et
1077 1112 1531 1175 Cameracensem
1567 1120 1732 1188 vadit,

165 1201 213 1246 et
258 1194 435 1249 omnia
470 1196 716 1265 ejusdem
769 1202 895 1273 pagi
958 1206 1181 1261 castella
1232 1209 1395 1279 cepit,
1442 1210 1631 1282 sicque
1664 1213 1736 1268 ad

165 1285 416 1341 civitatem
471 1289 909 1350 Attrebatenscm
983 1297 1211 1354 tendens
1236 1342 1253 1363 ,
1315 1315 1438 1356 eam
1496 1321 1526 1357 a
1586 1314 1737 1373 parte

165 1376 396 1430 orientali
446 1377 705 1448 obsedit;
750 1384 992 1439 secunjo
1036 1386 1372 1445 obsessionis
1420 1391 1508 1447 die
1555 1395 1735 1450 subito

166 1465 277 1522 inde
299 1470 542 1525 recessit.
570 1470 853 1545 Philippus
880 1492 971 1531 rex
990 1476 1044 1530 1F
1050 1494 1339 1535 raucorum
1368 1482 1473 1539 hoc
1508 1486 1735 1542 audiens

165 1568 211 1612 et
253 1558 465 1630 indigne
519 1559 723 1630 ferens,
773 1568 1118 1639 congregatis
1146 1571 1231 1625 sui
1263 1573 1416 1643 regni
1438 1575 1730 1647 episcopis,

163 1646 449 1714 abbatibus,
476 1652 723 1722 equitum
747 1670 966 1727 quoque
987 1667 1041 1712 et
1064 1660 1308 1729 peditum
1337 1678 1530 1733 magna
1555 1646 1731 1736 copia,

162 1744 335 1793 contra
359 1738 685 1797 Balduinum
714 1745 1099 1815 proﬁciscitur,
1139 1758 1195 1805 et
1221 1751 1275 1806 in
1305 1751 1488 1824 vigilia
1518 1770 1734 1811 assum-

163 1829 345 1900 ptionis
394 1831 553 1888 beate
598 1833 766 1892 Mario
820 1839 963 1908 apud
1034 1838 1276 1897 Duacum
1334 1860 1399 1899 ex
1458 1845 1734 1916 insperato

164 1924 329 1991 venit;
362 1926 454 1980 sed
486 1927 607 1982 utili
649 1929 810 1986 nobis
857 1935 1380 2003 aceeptoconsilio,
1410 1936 1598 1993 eadem
1648 1940 1735 1994 die

162 2015 385 2071 recessit.
408 2018 616 2075 Deinde
634 2036 735 2090 per
752 2036 952 2094 pagum
975 2024 1222 2096 Letigum
1239 2028 1411 2097 (4⁸72),
1438 2030 1732 2097 transiens,

162 2106 289 2177 apud
316 2108 498 2189 Ariani
549 2122 769 2183 pontem
800 2114 1041 2172 fluminis
1081 2120 1174 2189 qui
1203 2120 1400 2176 dicitur
1431 2122 1523 2178 Lis
1552 2133 1734 2179 trans-

163 2200 282 2267 iens,
311 2202 363 2257 in
401 2212 607 2261 terram
634 2207 874 2275 comitis,
918 2225 1037 2265 eam
1095 2220 1432 2280 vastaturus,
1465 2215 1730 2277 intravit;

162 2300 235 2347 set
253 2294 572 2363 quihusdam
619 2307 795 2355 tactus
826 2301 1163 2370 infortuniis,
1195 2320 1319 2360 cum
1354 2307 1553 2363 comite
1581 2317 1733 2364 extra

163 2380 265 2452 lpre
284 2385 617 2457 colloquium
643 2390 852 2457 habuit,
876 2402 959 2447 set
982 2392 1185 2448 infecto
1208 2397 1423 2467 negotio
1444 2399 1508 2452 ad
1535 2408 1734 2455 terram

163 2489 297 2528 suam
329 2476 501 2532 rediit.
532 2477 686 2534 Multi
720 2482 814 2550 qui
844 2483 1139 2539 adventum
1175 2486 1254 2542 eis
1286 2487 1731 2559 formidaverant,

162 2564 440 2622 discessum
497 2570 826 2627 incilicaeem
879 2575 1139 2631 riserunt.
1192 2576 1337 2633 Inter
1385 2581 1525 2637 duos
1577 2599 1734 2653 rcges

163 2658 354 2718 iudueie
382 2679 478 2734 per
518 2681 730 2721 annum
754 2668 1031 2738 jurantur.
1086 2669 1369 2727 Vindemia
1419 2690 1516 2745 per
1561 2685 1732 2730 totam

166 2748 445 2822 Franciam,
503 2756 561 2811 in
619 2773 758 2830 pago
791 2760 1000 2817 scilicet
1046 2760 1321 2830 Remensi,
1358 2763 1731 2834 Lauduncnsi,

164 2840 547 2909 Snessionensi.
573 2847 923 2908 Noviomensi
945 2862 1000 2908 et
1020 2852 1358 2922 Belvacensi,
1390 2873 1515 2911 rara
1551 2856 1654 2912 fuit
1680 2869 1734 2913 et

166 2933 296 2987 tarda
325 2953 339 3002 ;
393 2939 535 2994 unde
588 2940 788 2995 accidit
812 2950 870 2997 ut
900 2943 1111 3010 rustici,
1141 2945 1233 3015 qui
1262 2946 1451 3003 vineas
1481 2932 1735 3004 colebant

160 3034 211 3080 et
246 3030 521 3098 pecuniam
575 3047 743 3104 super
801 3033 988 3090 vinum
1047 3035 1292 3091 futurum
1330 3046 1730 3107 mutnarcrant,

1836 569 2048 626 dierum
2112 575 2366 629 moritur.
2418 575 2712 633 Lotharius
2760 577 3026 637 diaconus
3086 583 3379 639 cardinalis
3407 626 3422 650 ,

1835 677 2034 733 genere
2066 662 2365 733 Romanus,
2399 678 2624 725 vocatus
2661 668 3030 737 Innocentius,
3063 672 3227 743 hujus
3249 676 3417 729 nomi-

1837 754 1924 809 nis
1976 772 2115 827 papa
2169 760 2391 823 tercius,
2454 769 2600 815 etate
2647 760 2896 832 juvenis,
2962 762 3125 818 {84M
3182 763 3428 821 Romane

1835 847 2066 904 ecelesie
2096 850 2355 919 prcsidet.
2395 850 2622 921 Fulcho,
2674 853 3000 911 venerabilis
3048 854 3317 925 presbiter
3362 857 3428 911 de

1837 939 2114 1019 territorio
2176 940 2471 1000 Parisiensi
2496 988 2510 1011 ,
2574 947 2899 1002 auctoritate
2973 948 3276 1019 apostolica
3332 964 3430 1019 per

1823 1011 2008 1087 'totam
2025 1032 2311 1090 Franciam
2327 1037 2541 1107 publice
2561 1039 2807 1117 prodicat
2823 1039 2972 1110 (475)
2992 1011 3088 1111 (cf.
3107 1040 3173 1094 Α.
3193 1011 3424 1111 Aquid).

1836 1120 1974 1179 Cum
2003 1125 2058 1180 in
2085 1141 2337 1183 sermone
2389 1144 2490 1185 suo
2532 1130 2717 1186 omnia
2763 1139 3010 1201 carperet
3039 1131 3195 1199 vicia,
3246 1141 3430 1188 tamen

1834 1219 2018 1275 omnis
2045 1219 2130 1275 vis
2146 1220 2269 1290 ejus
2297 1221 2684 1291 predicationis
2707 1225 2899 1279 eontra
2924 1225 3207 1279 usurarius
3234 1240 3430 1280 avaros

1832 1322 1889 1366 et
1911 1313 2161 1383 cupidos,
2187 1322 2378 1370 contra
2402 1316 2639 1384 prolatos
2661 1318 2992 1388 negligentes
3022 1327 3074 1372 et
3101 1318 3432 1386 presbiter-os

1835 1406 2237 1461 incontinentes
2286 1408 2524 1465 maxime
2575 1410 2877 1467 intonabat.
2911 1410 3047 1465 Tota
3086 1428 3224 1482 pene
3256 1413 3432 1482 patria

1838 1499 1892 1554 in
1943 1500 2140 1555 melius
2173 1500 2293 1570 ejus
2325 1504 2697 1573 predieatione
2741 1514 2951 1561 mutata
2992 1516 3094 1562 est.
3140 1506 3431 1563 Maximam

1834 1604 2054 1660 quoque
2114 1590 2405 1646 mulierum
2461 1594 2801 1663 publicarum
2864 1596 3133 1651 convertit
3186 1597 3434 1652 multitu—

1832 1679 2039 1735 dinem.
2094 1679 2294 1737 Polens
2325 1683 2488 1738 etiam
2547 1683 2648 1740 fuit
2702 1686 2757 1740 in
2806 1686 3089 1743 miraculis
3144 1686 3429 1742 faciendis;

1834 1768 1971 1825 Nam
2021 1787 2182 1829 eccos
2243 1773 2605 1843 illuminabat,
2666 1777 2894 1833 claudos
2943 1779 3193 1844 curabat,
3249 1778 3433 1835 surdis

1836 1864 2083 1918 auditum
2133 1865 2430 1933 reddebat;
2484 1878 2575 1933 et,
2628 1869 2777 1939 quod
2825 1868 3000 1939 magis
3033 1860 3288 1926 omnibus
3335 1885 3433 1940 pro

1837 1955 2103 2011 miraculo
2148 1966 2286 2023 erat,
2345 1958 2762 2015 innumerabilis
2795 1959 2981 2031 populi
3035 1961 3329 2017 multitudo
3364 1961 3434 2016 ad

1835 2062 1962 2103 eum
2018 2048 2396 2116 audiendum,
2463 2051 2623 2121 quasi
2680 2051 2748 2107 ad
2801 2052 3040 2122 aliquem
3102 2052 3433 2123 apostolum,

1838 2140 2218 2210 undecumque
2296 2141 2624 2197 confluebat.
2701 2143 2832 2199 Post
2902 2154 3131 2199 mortem
3213 2142 3435 2200 llenriei

1835 2230 2183 2301 imperatoris
2243 2226 2531 2304 optimates
2579 2234 2733 2307 regni
2782 2234 3133 2303 Theutonici,
3189 2236 3257 2291 de
3309 2251 3436 2307 rege
3490 2260 3491 2265 π

1835 2323 2220 2379 substituendo
2262 2324 2587 2393 diliidentes,
2619 2326 2806 2393 Suavi,
2837 2326 3097 2398 Bajoarii,
3124 2328 3432 2395 Alemanni,

1834 2413 2155 2483 Apulienses
2202 2416 2286 2471 vel
2333 2415 2671 2484 Sicilienses,
2714 2416 3026 2489 Philippum
3065 2419 3259 2474 ducem
3292 2417 3435 2473 Sua—

1834 2520 2049 2573 vorum,
2086 2505 2309 2563 fratrem
2358 2506 2577 2564 Henrici
2614 2510 2992 2580 imperatoris,
3045 2527 3207 2581 quem
3266 2527 3434 2581 supra

1832 2595 2076 2653 diximus
2089 2606 2323 2654 tutorem
2352 2600 2504 2670 pueri
2524 2601 2904 2667 constitutum,
2927 2603 3206 2673 elegerunt
3238 2603 3429 2673 (Mart.

1834 2685 1922 2755 5);
1968 2686 2213 2744 Saxones
2235 2697 2419 2743 autem
2448 2699 2502 2745 et
2527 2689 2845 2761 Lotharingi
2870 2688 3141 2746 Othonem
3173 2692 3430 2748 comitem

1833 2774 2229 2845 Pictavensem,
2291 2780 2461 2835 tilium
2514 2779 2731 2836 llenrici
2793 2782 2948 2838 ducis
3004 2782 3308 2850 Saxonum,
3375 2783 3430 2838 ia

1833 2868 2075 2939 Aquensi
2119 2870 2321 2940 palatio
2366 2872 2421 2926 in
2468 2889 2650 2943 regem
2698 2873 3151 2930 sublimaverunt.
3185 2874 3286 2930 Hie
3313 2885 3430 2931 erat

1832 2974 1900 3014 ex
1936 2975 2126 3016 sorore
2155 2959 2413 3017 Richardi
2442 2964 2589 3032 regis
2616 2964 2917 3035 Anglorum
2945 2983 2960 3031 ;
2998 2965 3158 3035 cujus
3199 2965 3432 3022 consilio

1831 3058 1889 3103 et
1909 3050 2143 3118 auxilio,
2168 3061 2222 3106 et
2263 3050 2516 3108 Balduini
2558 3053 2777 3109 comitis
2806 3053 3082 3122 Flandrie,
3125 3056 3432 3111 assentien—

165 3134 259 3174 uon
285 3122 516 3180 valentes
543 3124 736 3180 vinum
766 3125 1014 3194 reddere,
1044 3128 1311 3198 compulsi
1350 3138 1479 3183 sunt
1520 3129 1727 3200 fugere.
1760 3164 1803 3225 ρ
1836 3141 1983 3196 tibus
2029 3142 2109 3197 eis
2168 3144 2580 3216 archiepiscopo
2629 3146 2944 3204 Colmiicnsi
2992 3158 3046 3203 et
3076 3150 3432 3219 optimatibus

168 3207 405 3270 llenricus
453 3215 755 3286 imperator
800 3218 854 3273 in
905 3218 1101 3289 Apulia
1152 3220 1385 3276 moritur
1410 3219 1580 3292 (Sept.
1613 3221 1727 3291 28).

166 3299 252 3359 llic
276 3314 472 3361 statura
502 3309 812 3378 personalis
847 3324 955 3366 non
981 3308 1103 3377 fuit,
1134 3310 1230 3365 sed
1263 3310 1735 3380 litteraturaciust

165 3397 581 3467 magnanimitas,
608 3399 830 3469 justicia
864 3411 917 3456 ct
950 3402 1235 3471 prudentia
1272 3401 1730 3472 pulchritudinem

165 3484 425 3543 Absolouis
470 3491 771 3561 superavit.
820 3490 993 3564 Luget
1034 3494 1273 3549 mundus
1327 3502 1556 3548 mortem
1587 3493 1728 3564 ejus,

169 3573 323 3647 Syria,
371 3579 592 3652 Sycilia,
650 3582 887 3652 Apulia,
943 3584 1217 3649 Calabria,
1273 3585 1495 3652 Aﬂ'rica,
1549 3585 1727 3652 italia,

166 3667 477 3740 Memnonio,
538 3672 819 3740 Saxonia,
879 3673 1173 3744 Bajoaria,
1237 3676 1477 3744 Suavia,
1531 3676 1728 3744 Frisia,

166 3757 377 3828 Austria,
434 3763 812 3837 Lotharingia.
871 3764 1005 3821 Nam
1052 3768 1120 3822 de
1153 3768 1272 3838 ejus
1313 3778 1489 3825 morte
1539 3786 1731 3825 omnes

1835 3230 2226 3303 Lothariugis,
2290 3234 2544 3306 Aquense
2614 3240 2887 3307 palacium
2960 3240 3178 3296 obsedit
3238 3252 3431 3298 contra

1833 3318 2224 3376 Walerannmn
2268 3322 2439 3378 tilium
2462 3326 2618 3381 ducis
2648 3326 3093 3399 Lemburgcnsis,
3142 3331 3239 3401 qui
3276 3334 3435 3402 oppi-

1830 3411 1962 3467 dum
2004 3412 2259 3482 Aquense
2300 3430 2427 3475 eum
2470 3418 2650 3473 valida
2697 3436 2861 3474 malm
2916 3422 3148 3478 militum
3178 3421 3432 3494 Philippo

1828 3500 1958 3557 duci
1998 3501 2304 3559 Suavornm
2339 3507 2701 3562 custodiebat.
2755 3510 2859 3576 Qui
2922 3518 3076 3566 sexta
3127 3513 3430 3569 obsidionis

1828 3591 2156 3661 septimana,
2194 3593 2381 3651 labore
2412 3595 2697 3666 multiplici
2736 3598 2964 3669 fatigati,
3005 3601 3217 3656 nullum
3240 3602 3313 3656 ab
3338 3618 3428 3663 eo.

1831 3684 1920 3738 cui
1973 3684 2244 3754 palacium
2300 3686 2698 3755 custodiebant,
2760 3690 3019 3746 habentes
3081 3708 3426 3759 succursum,

1830 3772 2030 3830 Othoni
2079 3777 2230 3831 salvo
2270 3776 2324 3832 in
2353 3778 2612 3836 onmibus
2644 3780 2853 3835 honore
2886 3790 3129 3838 castrum
3174 3784 3428 3839 reddide-

165 3859 277 3917 sant
299 3854 524 3910 turbate.
565 3853 739 3912 Filius
764 3855 886 3927 ejus
909 3872 1044 3927 puer
1071 3858 1331 3928 parvulus
1366 3876 1397 3915 a
1441 3859 1641 3916 Siculis
1672 3860 1727 3915 in
1831 3877 1997 3935 runt;
2027 3885 2191 3939 quem
2237 3871 2423 3926 statim
2452 3871 2798 3930 Coloniensis
2822 3875 3271 3947 archiepiscopus
3298 3892 3425 3933 cum

168 3954 321 4010 regem
362 3944 485 4014 jme
532 3955 764 4017 paterno
817 3948 1153 4018 suscipitur;
1211 3966 1374 4019 porro
1422 3949 1726 4023 Philippus,
1823 3957 2189 4029 snﬂ‘raganeis
2217 3960 2355 4027 suis,
2402 3962 2527 4018 oleo
2585 3979 2747 4022 sacro
2805 3966 3113 4035 inunctum,
3168 3968 3226 4023 in
3288 3969 3430 4024 solio

167 4030 310 4088 laeter
337 4034 548 4093 Henrici
582 4038 945 4108 imperatoris,
968 4049 1113 4095 tutor
1154 4042 1308 4112 pueri
1354 4042 1724 4098 constituitur.
1829 4045 1982 4117 regni
2038 4048 2226 4104 sedere
2281 4048 2531 4108 fecerunt
2587 4050 2723 4124 (Jul.
2778 4054 2890 4126 12).
2936 4055 2982 4109 Α
3029 4030 3221 4113 diebus
3278 4058 3428 4115 enim

119 4132 126 4137 '
168 4124 508 4189 Lacrimahilis
560 4133 779 4191 fortuna
825 4132 1021 4193 accidit
1074 4138 1128 4192 in
1172 4138 1308 4194 urbe
1339 4138 1540 4195 Achra.
1592 4139 1727 4195 Nam
1831 4135 2017 4193 Karoli
2047 4138 2229 4212 Magni
2268 4141 2427 4199 sedes
2460 4144 2613 4216 regni
2633 4155 2721 4201 est
2743 4124 3100 4218 Aquisgrani,
3142 4149 3237 4205 ubi
3285 4150 3425 4207 idem

171 4215 413 4282 Henricus
432 4242 621 4283 comes
649 4226 1043 4300 Campanensis
1074 4240 1132 4286 et
1163 4232 1418 4303 princeps
1455 4242 1731 4290 transma-
1830 4230 2146 4300 requiescit.
2203 4231 2371 4290 Duxit
2419 4215 2603 4291 autém
2655 4234 2782 4293 Otto
2809 4215 2947 4295 irex-
2977 4215 3206 4296 uxorem
3257 4241 3424 4296 tiliam

166 4310 267 4367 fine
284 4315 715 4387 christianitatis,
759 4335 883 4375 cum
906 4321 1141 4392 quadam
1184 4321 1273 4378 die
1296 4324 1445 4394 apud
1475 4324 1726 4380 eamdem
1830 4319 2130 4390 Godefridi,
2149 4324 2370 4380 comitis
2396 4323 2757 4384 Lovaniensis
2785 4344 2851 4384 ac
2870 4328 3027 4386 ducis
3046 4329 3422 4402 Lotharingie.

169 4402 331 4460 urbem
352 4406 403 4463 in
433 4410 638 4467 solario
659 4412 944 4481 cujusdam
974 4413 1171 4470 domus
1197 4413 1490 4491 fenestram
1514 4415 1728 4485 aperire
1899 4407 2187 4482 Philippus
2218 4413 2330 4468 dux
2358 4423 2412 4469 et
2440 4412 2568 4471 Otto
2595 4431 2693 4472 rex
2723 4417 2791 4473 de
2819 4417 3048 4489 imperio
3087 4420 3427 4477 contenden-

167 4492 416 4564 voluisset,
462 4515 559 4569 per
603 4516 725 4556 eam
777 4500 844 4556 ad
893 4509 1097 4557 terram
1142 4504 1370 4570 con-uit,
1415 4513 1470 4559 et
1516 4504 1730 4560 cervice
1760 4506 1937 4572 ptes,
1979 4498 2204 4556 ﬂuvium
2248 4501 2524 4572 Rhenum,
2568 4506 2665 4577 qui
2705 4505 3115 4580 Lotharingiam
3158 4520 3211 4567 et
3248 4509 3423 4566 Saso-

163 4584 431 4657 _confracta,
453 4591 589 4661 proh
611 4592 799 4647 dolor!
841 4590 1156 4664 exspiravit,
1178 4595 1212 4649 6
1231 4611 1377 4650 anno
1399 4595 1731 4665 principatus

1835 4584 1982 4645 niam
2014 4590 2226 4660 dividit,
2257 4595 2493 4650 transire
2525 4611 2635 4651 non
2677 4606 2991 4666 potuerunt,
3030 4598 3312 4671 Philippus
3355 4601 3426 4655 ab

167 4676 257 4730 sui.
281 4676 444 4751 Cujus
474 4699 627 4739 mors
665 4685 994 4741 iuelfabilem
1026 4687 1346 4743 cbristianis
1375 4687 1643 4755 dolorem,
1671 4696 1731 4743 et
1830 4682 2042 4739 oriente
2092 4683 2149 4739 in
2197 4685 2559 4755 occidentem,
2613 4686 2744 4745 Otto
2783 4704 2914 4744 vero
2946 4690 3018 4746 ab
3051 4691 3333 4749 occidente
3369 4693 3427 4749 in

171 4784 391 4845 "uanam
438 4781 730 4839 Saracenis
771 4784 985 4854 prebuit
1026 4784 1276 4840 letitiam.
1335 4782 1480 4839 Inter
1528 4784 1730 4840 milites

1834 4773 2118 4831 orientem.
2162 4775 2302 4833 Unte
2335 4777 2553 4834 titulum
2587 4778 2985 4849 Romanorum,
3016 4780 3082 4839 Β.
3116 4783 3341 4852 scilicet,
3370 4795 3426 4841 et

168 4864 484 4943 christianos,
535 4892 677 4946 quos
719 4875 987 4932 Henricus
1026 4876 1323 4947 imperator
1356 4884 1482 4931 ante
1515 4875 1725 4931 obitum

1834 4866 2048 4943 titulum
2090 4866 2581 4927 Jh‘erosolimorum
2603 4914 2620 4939 ,
2675 4871 2741 4929 ﬂ.
2800 4874 3007 4930 omitto.
3042 4878 3382 4946 prescribere

169 4968 305 5013 suum
354 4971 499 5021 trans
542 4982 697 5021 mare
729 4965 974 5034 miserat,
1022 4974 1078 5021 et
1102 4965 1312 5022 Turcos
1366 4981 1726 5036 sepenumero

1834 4959 1956 5029 quia
1987 4969 2110 5031 post
2138 4970 2369 5020 mortem
2403 4962 2646 5033 Henrici,
2666 4964 3079 5036 ﬂliiFrederici,
3105 4968 3278 5027 Rome
3302 4972 3425 5026 nul-

170 5058 447 5123 Pugnatur;
494 5066 580 5112 set
614 5066 822 5113 certam
870 5066 1186 5114 nostrorum
1213 5056 1498 5113 victoriam
1544 5057 1725 5112 adhuc

173 5136 368 5198 minimc
395 5147 723 5204 audivimus.

232 5228 372 5287 nos.
611 5237 673 5293 F.
706 5240 791 5295 l8.
886 5306 887 5309 γ
1038 5240 1103 5294 Α.
1134 5240 1185 5295 9.

231 5316 442 5397 Hiemps
489 5329 851 5399 mollissima;
906 5330 1232 5396 ianuarias,
1286 5330 1620 5386 Februarius
1670 5338 1727 5385 et

175 5402 376 5472 Nautius
431 5422 705 5492 tranquilli
757 5431 813 5478 et
877 5422 1177 5495 gratissimi
1233 5421 1497 5488 fuerunt;
1557 5434 1724 5491 porro

174 5495 345 5569 Alll‘ilis
385 5518 439 5565 et
486 5510 662 5570 Maius
716 5514 983 5586 pluviales
1034 5524 1106 5571 et
1170 5514 1352 5586 frigidi
1403 5514 1719 5572 extiterunt.

1829 5050 1917 5106 lus
1939 5050 2189 5122 imperat,
2219 5055 2345 5110 etin
2370 5057 2619 5127 partibus
2646 5060 3035 5122 transmarinis
3061 5069 3189 5131 post
3209 5062 3423 5117 obitum

1826 5140 2045 5200 Henrici
2083 5146 2303 5205 comitis
2336 5146 2736 5223 Campanensis
2766 5151 3100 5208 christianos
3129 5154 3313 5208 nullus
3335 5168 3421 5208 re-

1824 5243 1976 5305 gnat.
2036 5235 2167 5294 Post
2206 5254 2453 5302 mensem
2505 5241 2861 5315 Augustum,
2897 5243 3198 5300 Balduinus
3235 5258 3421 5298 comes

1832 5327 2251 5391 Flandrensium
2306 5341 2361 5389 et
2407 5332 2826 5405 Bainoensium,
2875 5345 3201 5409 congregata
3239 5334 3421 5391 valida

1829 5428 1940 5475 tam
1978 5420 2215 5478 militum
2254 5439 2424 5494 quam
2470 5426 2713 5496 peditum
2748 5426 3115 5491 multitudine,
3157 5426 3213 5481 in
3256 5425 3421 5480 Flau-

1826 5512 2003 5569 driam
2028 5515 2226 5587 pergit,
2266 5524 2330 5574 ut
2365 5517 2610 5587 castella,
2648 5534 2755 5589 que
2784 5518 2871 5574 sui
2898 5525 3074 5583 erant,
3105 5526 3167 5573 ut
3200 5517 3303 5573 sibi
3339 5518 3421 5574 vi-

1639 5623 1870 5683 NOTAE.

203 5682 504 5790 ,flimt
541 5695 834 5783 Laticum,
887 5716 954 5771 ad
996 5715 1194 5772 flumen
1229 5732 1353 5789 hys,
1395 5716 1485 5772 ubi
1521 5716 1716 5790 oppida

181 5770 411 5833 Ca'ssel'ct
438 5782 576 5839 Airc.

1899 5715 2048 5793 (473)
2100 5713 2424 5793 Venerabilis
2456 5712 2625 5793 ulto
2665 5712 2919 5793 presbiter
2941 5713 3178 5793 prcdicat
3209 5716 3418 5774 verbum

1840 5782 1955 5855 Dei,
1979 5782 2037 5841 et
2069 5784 2262 5841 "cultos
2288 5783 2567 5857 languidos
2591 5792 2764 5838 sanat.
2798 5782 2938 5839 Ann.
2973 5783 3161 5861 Aquic,
