3934 6316
119 376 213 443 545

948 378 1317 435 εηιιυλιω.
1370 408 1431 416 -
1467 338 1935 432 CONTINUATIO
1974 324 2487 437 semensum.

3259 348 3363 426 sic

122 504 393 562 utrumque
442 490 544 546 fuit
586 488 905 567 tempezata.
950 489 1248 557 Ianuarius
1267 531 1280 555 ,
1333 486 1681 549 Februarius,
1714 487 1759 541 Α
1785 497 1889 537 nus
1919 480 2319 551 campanilibus
2341 496 2464 535 cum
2487 479 2739 535 undecim
2766 456 3046 551 campanis
3065 451 3364 549 studiosius

116 585 347 649 Martius,
384 581 587 652 Aprilis
602 566 662 637 et
686 566 862 638 Maius
882 582 1108 653 gratiosi
1140 582 1291 638 fuere
1309 590 1363 637 et
1383 579 1680 636 naturales.

118 677 366 730 Mediante
407 690 595 730 mense
638 674 852 739 Mattio.
891 673 1222 731 Octavianus
1248 673 1561 740 cardinalis,
1593 688 1684 727 ar—

117 766 454 837 cliiepiscopi,
477 767 738 837 episcopi,
762 783 885 822 cum
909 766 1160 838 Philippo
1181 783 1303 839 rege
1325 765 1683 830 Francorum,

119 862 164 913 in
208 860 337 913 urbe
369 857 724 925 Suessonica,
758 875 883 915 cum
928 860 1214 916 innumera
1245 858 1375 913 clcri
1415 867 1468 913 et
1501 856 1687 927 pepuli

118 949 449 1008 lllllltiludltle
471 951 823 1021 conveniunt,
852 961 912 1006 ut
942 952 1008 1007 de
1037 951 1180 1022 regis
1208 960 1263 1005 et
1292 950 1477 1021 regine
1497 949 1684 1003 divor-

117 1046 183 1098 tio
205 1053 409 1099 certum
443 1052 496 1098 et
537 1043 749 1117 justum
789 1044 947 1114 juxta
975 1042 1274 1099 Innocentii
1315 1057 1453 1112 pape
1497 1056 1685 1110 prece-

117 1151 252 1210 ptum
276 1140 546 1209 agitarent
568 1138 860 1209 judicium.
901 1137 1005 1191 Sed
1050 1136 1179 1207 quia
1204 1135 1483 1190 JObanncs
1505 1133 1686 1190 cardi-

120 1230 244 1283 nalis
279 1229 467 1282 Sancti
508 1227 685 1296 Pauli,
712 1218 1028 1285 “nionachns
1079 1227 1250 1295 nostri
1280 1225 1514 1293 ordinis,
1547 1241 1688 1278 nou-

118 1320 231 1372 dum
263 1318 579 1385 advenerat,
607 1319 697 1375 cui
720 1319 821 1374 hec
852 1334 1018 1374 causa
1049 1317 1117 1372 ab
1139 1316 1441 1388 apostolico
1484 1315 1687 1386 princi-

119 1411 295 1479 paliter
344 1412 644 1466 commissa
716 1409 894 1465 fuerat
926 1452 942 1477 ,
1008 1410 1342 1480 colloquium
1393 1406 1687 1479 protelatur

120 1522 277 1574 usque
297 1505 363 1559 ad
385 1505 681 1559 adventum
705 1504 846 1573 ejus.
874 1502 978 1570 Qui
1000 1502 1295 1558 adveniens
1317 1516 1501 1556 mense
1527 1498 1689 1568 Maio,

120 1613 229 1651 rum
273 1612 475 1667 magno
520 1597 576 1651 in
617 1597 862 1667 predicta
896 1594 1280 1651 Sucssiouensi
1318 1593 1451 1648 urbe
1480 1609 1513 1648 a
1545 1607 1689 1664 rege,

120 1688 531 1759 ardriepiscOpis
564 1697 628 1744 et
674 1688 967 1759 episcopis,
999 1688 1053 1742 in
1094 1686 1331 1742 ecclesia
1375 1693 1692 1742 sanctorum

112 1791 405 1851 martyrum
437 1781 699 1837 Gervasii-
725 1791 784 1837 et
816 1780 1119 1847 Prothasii,
1161 1777 1720 1849 excipiturgaudio‘;.

121 1871 197 1928 cui
219 1870 397 1926 oblata
426 1879 558 1926 sunt
578 1887 805 1926 munera
828 1888 858 1926 a
883 1886 1044 1943 rege,
1058 1878 1144 1925 set
1177 1869 1269 1924 ille
1290 1869 1474 1940 justus
1493 1882 1692 1923 manus
1726 1852 1767 1906 Β

114 1980 236 2020 suas
256 1964 508 2021 excussit
536 1963 606 2021 ab
620 1962 750 2033 .ejus
779 1978 1026 2021 munere.
1074 1961 1157 2017 Ad
1176 1984 1181 1993 ν
1199 1961 1533 2031 colloquium
1560 1975 1693 2015 con-

108 2056 348 2114 .veuiuut.
381 2053 511 2111 Rex
555 2055 792 2123 vallatus
813 2063 867 2115 et
887 2063 1139 2110 armatus
1156 2053 1504 2111 multitudine
1527 2052 1695 2109 advo-

112 2156 374 2216 catorum,
397 2148 496 2220 qui
515 2163 741 2205 causam
770 2162 927 2202 suam
949 2163 1050 2221 pro
1070 2161 1173 2202 suo
1194 2146 1331 2202 velle
1354 2152 1692 2216 perorarent,

110 2240 364 2307 accessit;
395 2241 588 2313 regina
618 2255 747 2301 vero
774 2239 915 2307 sola,
953 2238 1093 2308 prob
1117 2238 1304 2293 dolor!
1331 2236 1545 2295 nullum
1566 2251 1692 2306 pre-

111 2343 194 2388 .tcr
220 2331 386 2393 Deum
410 2333 626 2403 habens
646 2332 969 2389 advocatum
998 2329 1163 2386 venit.
1186 2329 1434 2400 Cumque
1460 2329 1519 2384 in
1544 2336 1696 2387 tanta

127 2425 464 2481 multitudine
492 2424 679 2491 nullus
699 2432 867 2491 esset,
888 2423 983 2495 qui
1013 2438 1113 2495 pro
1130 2438 1223 2489 ea,
1248 2406 1395 2477 metu
1430 2421 1597 2492 regis,
1625 2419 1694 2479 li-

120 2518 338 2588 tigaret,
382 2516 609 2587 quidam
653 2517 873 2589 ignotus
909 2531 1114 2586 pauper
1160 2513 1395 2569 clericus
1433 2527 1465 2567 e
1516 2512 1698 2571 medio

115 2596 361 2680 surgens,
385 2608 606 2664 licentia
650 2607 792 2678 regis
822 2615 877 2662 et
909 2604 1294 2670 Cardinalium,
1335 2619 1560 2660 causam
1605 2618 1696 2679 re-

128 2672 239 2769 gine
280 2672 356 2754 ita
406 2672 801 2754 litteratissiine
840 2695 1198 2761 dilucidavit,
1237 2704 1298 2750 ut
1343 2694 1448 2765 ipsi
1486 2693 1599 2765 regi
1643 2672 1698 2749 et

114 2789 485 2869 reardinalibus
515 2788 883 2859 omnibusque
924 2786 1199 2863 episcopis
1243 2785 1395 2839 lieret
1453 2782 1696 2838 admira-

118 2881 271 2943 tioni.
305 2880 412 2947 Qui
456 2887 579 2951 post
619 2894 719 2934 nec
761 2887 887 2932 ante
923 2876 979 2931 in
1013 2875 1205 2931 eadem
1236 2874 1457 2930 civitate
1485 2872 1700 2928 arnullo

131 2972 310 3027 dicitur
334 2973 488 3027 visus
510 2969 701 3026 fuisse.
731 2967 859 3043 Rex
891 2958 1019 3022 vero
1043 2984 1151 3022 non
1186 2974 1471 3036 expectato
1504 2981 1702 3038 secun-

131 3063 244 3117 dum
272 3064 493 3118 decreta
528 3071 845 3117 sanctorum
887 3059 1111 3115 Patrum
1153 3057 1528 3114 ecclesiastico
1551 3056 1700 3127 judi-

126 3173 157 3211 ‘c
177 3172 224 3221 ο,
258 3156 485 3212 recessit
514 3171 545 3209 a
586 3153 880 3223 colloquio.
927 3150 1246 3206 Carilinales
1289 3149 1453 3203 etiam
1488 3152 1554 3203 et
1592 3147 1702 3218 epi-

135 3250 267 3320 scopi
290 3248 494 3305 reversi
525 3254 653 3303 sunt
684 3246 751 3300 ad
779 3244 1022 3315 propria,
1046 3257 1216 3297 causa
1250 3240 1495 3296 nondum
1524 3239 1704 3297 termi-

134 3352 245 3396 nata
257 3342 317 3372 “'
328 3382 344 3396 .

196 3432 513 3504 (.4.Aquic.)
551 3429 698 3486 Obiit
730 3429 968 3484 domnus
1009 3426 1213 3499 Symon
1240 3468 1255 3490 ,
1303 3434 1488 3480 noster
1532 3422 1702 3483 abbas

136 3520 238 3594 9“,
271 3528 357 3583 cui
380 3524 646 3591 successit
676 3523 914 3579 domnus
940 3520 1110 3575 Adam
1150 3519 1415 3574 decimus.

198 3623 351 3678 1205.
386 3620 640 3675 Monachi
676 3618 855 3689 primo
886 3617 1229 3670 intraverunt
1258 3612 1310 3666 in
1343 3626 1597 3682 magnam
1621 3624 1706 3664 ec-

138 3716 361 3779 clesiam,
392 3711 670 3768 dominica
694 3711 749 3764 in
775 3708 994 3779 palmis.
1272 3776 1275 3777 ν

197 3805 347 3859 1204.
386 3803 634 3858 Domnus
678 3800 874 3864 Adam,
914 3806 1103 3853 noster
1145 3797 1267 3850 1ου³
1300 3794 1493 3862 abbas,
1527 3792 1702 3859 obiit;

136 3897 216 3954 cui
254 3895 523 3953 sureessit
549 3892 795 3950 domnus
823 3889 1137 3948 \Villelmns
1162 3887 1316 3954 ll“,
1357 3884 1704 3957 postmodum

140 3989 291 4045 abbas
322 3987 507 4043 Sancti
540 3984 805 4051 Amandi;
836 3990 895 4039 et
916 3980 1145 4036 Romam
1184 3977 1463 4049 prolectus
1488 3986 1542 4031 et
1583 3976 1709 4031 inde

141 4081 356 4147 rediens,
387 4079 565 4134 lactus
611 4086 695 4132 est
745 4074 1054 4131 monachus
1094 4068 1533 4126 Clarevallensis.
1582 4066 1708 4136 Ipso

142 4179 301 4231 autem
333 4170 475 4225 facto
505 4167 705 4231 abbate
723 4163 909 4220 Sancti
938 4159 1194 4227 Amandi,
1226 4158 1466 4218 domnus
1502 4154 1705 4229 Symon

136 4263 299 4319 abbas
320 4262 437 4316 t2“
466 4260 517 4316 ei
541 4258 808 4315 successit
829 4275 849 4323 ;.
876 4255 972 4327 qui
1003 4255 1057 4310 in
1095 4267 1339 4323 tempore
1371 4266 1477 4307 suo
1505 4250 1709 4305 multas

145 4365 334 4412 veteres
372 4353 618 4410 odieinas
641 4350 939 4422 prostravit
962 4390 977 4416 ,
1026 4356 1079 4403 et
1125 4360 1295 4402 novas
1337 4342 1709 4399 editicationes

145 4448 328 4506 multas
347 4445 673 4511 construxit,
687 4452 744 4499 et
769 4443 935 4507 etiam
958 4440 1114 4497 sedes
1141 4438 1196 4493 in
1232 4437 1402 4494 choro
1431 4443 1709 4506 sumptum

1727 3204 1774 3265 Ο

1787 573 2069 642 insignivit
2102 575 2188 639 (Λ.
2218 574 2454 643 Aquit).
2487 571 2712 647 Insuper
2748 573 2947 629 multos
2989 573 3231 631 redditus
3269 592 3364 642 ac:

1784 665 2028 735 quisivit.
2083 665 2194 721 lloc
2233 665 2395 719 etiam
2446 679 2592 719 anno
2639 665 3143 735 Coustantinopolis
3175 667 3367 733 civitas

1784 767 1940 827 capta
1971 766 2053 813 est
2088 774 2119 812 a
2150 759 2349 813 comite
2381 756 2670 823 Balduino,
2709 755 2933 817 domino
2965 756 3287 815 Flandrensi
3314 770 3370 825 et

1786 846 2113 917 Ilainoensi;
2147 850 2201 903 in
2233 866 2339 921 qua
2386 849 2605 905 civitate
2626 865 2729 921 per.
2750 848 2847 904 Dei
2887 850 3122 920 gratiam
3163 850 3369 911 electus

1786 951 1840 996 et
1864 951 2243 1009 consecratus
2292 949 2377 999 est
2410 942 2709 1012 imperator
2756 924 2810 1003 et
2851 952 3119 1014 angustus
3166 941 3371 1001 Roma-

1787 1047 2006 1087 norum.
3318 1086 3327 1093 .

1866 1121 2024 1191 l2'J8.
2073 1124 2185 1180 lloc
2214 1140 2361 1180 anno
2386 1122 2696 1180 Willelmus
2719 1121 2906 1180 uester
2921 1123 3090 1180 abbas
3113 1110 3375 1192 “unab-

1789 1220 1888 1274 bas
1925 1216 2110 1272 Sancti
2139 1214 2370 1270 Amandi
2401 1214 2661 1281 edicitur;
2701 1214 2787 1269 cui
2832 1214 3097 1269 successit
3137 1213 3375 1275 domnus

1791 1310 1995 1383 Synion
2028 1308 2197 1364 abbas
2228 1307 2375 1373 12‘",
2409 1306 2475 1361 de
2497 1320 2606 1376 quo
2632 1321 2798 1376 supra
2821 1304 3081 1361 diximus.

1864 1402 2017 1458 1212.
2054 1400 2375 1456 Fernandus
2402 1398 2469 1453 de
2505 1374 2803 1469 i’Ot‘tug-alli
2838 1398 3046 1468 accepit
3068 1374 3372 1452 Jobannam

1791 1494 2129 1553 coniitissam
2167 1491 2558 1547 Flandrcnsem
2589 1499 2644 1545 et
2673 1488 3080 1547 llainoiensem.

1866 1587 2026 1641 1215.
2064 1583 2179 1641 Hoc
2210 1600 2353 1641 anno
2401 1583 2544 1654 cepit
2590 1583 2846 1638 editicare
2890 1580 3127 1636 domnus
3162 1578 3376 1651 ,Symon

1794 1664 1965 1735 abbas
2016 1677 2139 1744 12υε
2194 1676 2518 1732 claustrum.
2573 1673 2795 1730 Grande
2833 1672 3035 1728 bellum
3085 1670 3190 1726 fuit
3238 1671 3379 1726 inter

1794 1770 2107 1845 Philippum
2125 1786 2324 1843 “regem
2351 1768 2689 1824 Francorum
2720 1776 2774 1820 et
2811 1781 2943 1820 suos
2976 1779 3043 1820 ex
3066 1779 3174 1818 una
3203 1771 3378 1834 parte,

1792 1877 1848 1924 et
1876 1865 2223 1923 Fernandum
2247 1872 2302 1921 et
2334 1859 2704 1925 Flandreuses
2734 1868 2789 1914 et
2829 1855 3099 1913 Othonem
3142 1856 3375 1929 impera-

1792 1972 1968 2018 torem
1995 1955 2317 2013 Alemannie
2339 1970 2406 2011 ex
2435 1954 2564 2020 alia,
2597 1950 2739 2023 apud
2766 1959 2985 2023 pontem
3015 1948 3380 2027 Bovinarum;

1786 2050 1889 2109 'sed
1916 2050 2115 2107 Franci
2144 2046 2428 2103 victoriam
2458 2044 2769 2100 habuerunt
2795 2043 2908 2114 (an.
2936 2040 3093 2109 1214,
3120 2038 3238 2101 Jul.
3262 2039 3377 2109 27)..

1794 2142 1913 2211 Qua
1955 2143 2096 2209 visa,
2133 2138 2277 2196 Otho
2302 2153 2428 2195 cum
2469 2133 2799 2207 quibusdam
2845 2128 2913 2188 de
2952 2130 3068 2188 suis
3115 2128 3381 2196 recessit;

1796 2232 2118 2291 Fernandus
2143 2240 2324 2287 autem
2359 2238 2415 2284 et
2444 2226 2744 2283 Rainaldus
2784 2239 2973 2283 comes
2996 2220 3242 2295 Bolonie,
3290 2219 3386 2290 qui

1795 2342 1921 2382 cum
1953 2339 2020 2380 eo
2044 2330 2183 2390 erat,
2215 2330 2269 2377 et
2312 2318 2619 2375 Wilekiuus
2661 2331 2849 2372 comes
2888 2311 3196 2377 Hollandie,
3242 2309 3387 2381 capti

1796 2418 2018 2476 fuerunt
2059 2416 2112 2472 in
2145 2416 2265 2486 ipso
2299 2412 2492 2485 prelio.
2532 2407 2638 2464 Sed
2678 2405 3028 2480 postmodum
3068 2402 3388 2459 Fernandus

1796 2528 1894 2584 per
1924 2511 2192 2566 illustram
2222 2507 2291 2540 ³⁸⁸
2322 2519 2552 2560 uxorem
2583 2517 2741 2559 suam
2775 2498 3106 2567 Jobannam,
3138 2493 3387 2553 comitis-

1797 2621 1917 2661 sam
1974 2599 2259 2667 Flaudrie,
2321 2614 2353 2653 a
2408 2596 2660 2669 captione
2701 2592 2846 2669 regis
2881 2590 3220 2651 Francorum
3264 2602 3391 2661 pre-

1798 2702 1885 2758 cio
1917 2717 2025 2756 non
2055 2697 2273 2755 modico
2299 2703 2386 2751 est
2415 2692 2745 2760 redemptus.
2790 2686 2990 2742 Comes
3009 2686 3138 2738 vero
3164 2677 3392 2735 Bolonie

1799 2793 1854 2849 in
1889 2793 2130 2863 quodam
2179 2795 2363 2862 castro
2418 2785 2525 2841 sito
2561 2782 2614 2837 in
2664 2779 2942 2853 Sequana,
2987 2772 3135 2855 quod
3188 2769 3392 2826 dicitur

1800 2884 2018 2949 Goulct,
2047 2880 2152 2937 sub
2183 2876 2437 2932 V'ernone
2462 2873 2554 2940 ⁸⁸⁸,
2584 2867 2854 2941 expiravit
2880 2863 3050 2939 (476).
3362 2924 3377 2945 η,

1873 2972 2033 3027 1216.
2084 2967 2428 3032 Ludovicus,
2488 2958 2888 3034 primogenitus
2955 2949 3193 3025 Philippi
3247 2949 3393 3021 regis

1796 3063 2051 3130 ‘Francie,
2078 3060 2330 3131 Angliam
2374 3053 2623 3121 intravit,
2671 3050 2907 3122 quedam
2944 3045 3169 3103 castella
3213 3034 3390 3111 cepiti

1805 3157 1898 3212 sed
1931 3169 2077 3210 anno
2102 3150 2350 3222 sequenti
2381 3163 2479 3220 per
2502 3148 2819 3218 preCeptum
2843 3138 3030 3197 domui
3053 3134 3394 3215 papeillonod-

1804 3249 1873 3305 rii
1909 3247 2072 3302 rediit
2099 3246 2155 3298 in
2181 3240 2492 3297 Franciam.
2594 3250 2597 3251 '
3370 3224 3378 3235 ’

1820 3340 1825 3345 “
1873 3338 2031 3394 1218.
2084 3333 2339 3391 Monachi
2400 3329 2862 3403 .Aquicinctenses
2905 3323 3247 3385 intraverunt
3293 3334 3394 3373 nov

1804 3446 1932 3485 vum
1959 3429 2213 3493 chorum,
2251 3431 2503 3496 presente
2544 3417 2845 3476 venerabili
2884 3416 3140 3487 episcopo
3172 3410 3396 3493 Ambia-

1803 3522 1963 3579 nensi
1992 3517 2289 3583 Everardo,
2320 3515 2376 3570 in
2401 3512 2586 3586 vigilia
2616 3510 2814 3566 natalis
2847 3506 3081 3563 Domini.
3356 3498 3374 3510 ³

1881 3612 2035 3670 1219.
2080 3607 2356 3665 Honorius
2385 3621 2524 3678 papa
2552 3603 2621 3658 111
2641 3600 2921 3658 concessit
2936 3598 3142 3654 domno
3171 3593 3398 3665 Symoni

1806 3707 1989 3764 abbati
2039 3700 2455 3776 Aquicinctensi
2506 3694 2832 3759 duodecimo
2880 3700 2935 3747 et
2982 3686 3397 3745 successoribus

1805 3801 1927 3871 ejus
1958 3814 2117 3853 usum
2141 3797 2304 3851 mitre
2324 3803 2379 3849 et
2400 3791 2571 3858 anuli,
2599 3803 2725 3845 cum
2747 3783 3075 3858 quibusdam
3099 3776 3397 3851 privilegiis

1806 3902 1860 3950 et
1886 3888 2257 3962 iudulgentiis.
3262 3889 3301 3962 μ’

1881 3957 2065 4038 1222.⁷
2079 3979 2195 4036 Hoc
2217 3992 2364 4034 anno
2393 3975 2541 4047 iacta
2589 3981 2720 4029 sunt
2760 3968 3117 4030 fundamenta
3164 3957 3397 4019 ecelesi‘e

1808 4078 1964 4134 beate
1991 4072 2162 4130 Marie
2195 4071 2261 4126 14
2286 4068 2405 4124 Kal.
2429 4065 2579 4135 Maii,
2603 4064 2736 4121 feria
2763 4064 2818 4121 2.

1875 4167 2035 4222 1223.
2069 4164 2358 4234 Philippus
2407 4159 2632 4216 inclitus
2680 4172 2774 4214 rex
2819 4151 3051 4210 Francie
3087 4148 3256 4217 obiit;
3307 4142 3399 4209 cui

1811 4259 2079 4317 successit
2107 4254 2506 4328 primogenitus
2530 4252 2653 4323 ejus
2673 4246 3005 4304 Ludovicus.

1883 4352 2040 4407 1221.
2069 4326 2185 4407 Hoc
2229 4326 2375 4403 anno
2407 4345 2461 4400 in
2511 4338 2931 4415 quadragesima
2984 4332 3130 4391 venit
3174 4326 3402 4402 quidam

1813 4424 2054 4516 ignouis,
2086 4450 2141 4497 et
2165 4449 2447 4509 tamquam
2492 4432 2757 4497 heremita
2783 4416 3152 4484 habitavitin
3198 4420 3407 4479 foresta

144 4553 223 4596 sas
240 4548 300 4595 et
316 4539 615 4596 laudabiles
636 4510 693 4593 et
719 4535 999 4590 honestas.
1034 4528 1320 4585 Ediﬁcavit
1344 4528 1507 4583 etiam
1534 4525 1711 4595 capel-
1739 4561 1787 4621 ο
1812 4510 1880 4591 αἶ,
1904 4532 2193 4590 Glaucum.
2217 4530 2374 4599 juxta
2402 4524 2704 4593 Mor-mgna
2730 4518 2911 4589 (477);
2956 4524 3012 4570 et
3039 4510 3276 4570 tamdem
3308 4524 3401 4567 re-

149 4630 244 4686 lam
276 4631 326 4685 in
352 4632 560 4687 honore
592 4630 750 4683 beate
780 4625 1041 4696 Virginis,
1078 4637 1185 4692 que
1217 4621 1502 4676 honestate
1532 4634 1631 4675 sua
1656 4626 1712 4675 et
1739 4605 1783 4621 ν
1806 4626 2008 4685 vetavit
2029 4620 2385 4694 quibusdam,
2415 4615 2562 4687 quod
2586 4614 2703 4684 ipse
2725 4618 2845 4666 erat
2866 4605 3191 4669 Balduinns,
3212 4615 3411 4657 comes.

144 4723 528 4792 pulchritudine
585 4719 916 4776 intuentium
960 4715 1150 4772 oculos
1202 4721 1385 4784 potest
1436 4712 1714 4771 morosius

135 4813 384 4870 deﬂuere.
407 4815 683 4885 lnceptam
713 4812 878 4866 etiam
896 4807 1197 4866 ecclesiam.
1215 4806 1286 4862 ab
1316 4805 1589 4860 avunculo
1611 4820 1715 4861 suo

138 4902 441 4976 ~8rjmmonc,
466 4921 617 4961 nono
657 4905 874 4967 abbate,
924 4901 1100 4956 multo
1147 4898 1335 4954 labore
1361 4905 1419 4954 et
1461 4897 1717 4968 expensis

150 5014 245 5052 non
268 5000 490 5056 modicis
526 4997 757 5054 feliciter
780 4992 1204 5058 consummavit,
1243 4991 1388 5047 sicut
1407 4991 1589 5046 adhuc
1614 5006 1716 5061 po-

146 5097 248 5152 test
270 5091 573 5148 evidentius
601 5104 883 5160 apparere,
913 5096 967 5142 et
1001 5084 1230 5141 eandem
1261 5082 1550 5140 ecclesiam
1573 5082 1713 5139 dno-

1809 4692 2067 4779 Flaudrie
2096 4723 2152 4772 et
2178 4711 2409 4768 Hainoie
2428 4716 2487 4764 et
2513 4707 2812 4778 imperator
2825 4692 3401 4765 Constantinopolita-

1810 4833 1936 4873 nus.
1964 4812 2088 4881 Quo
2118 4810 2327 4875 audito,
2351 4806 2576 4878 quidam
2599 4800 2810 4858 nobiles
2839 4795 3189 4855 crediderunt
3218 4790 3407 4850 verbis

1808 4907 2005 4979 ipsius,
2037 4904 2315 4959 duxerunt
2345 4912 2474 4954 eum
2515 4892 2897 4949 Valencbenas
2939 4901 3069 4944 cum
3104 4885 3312 4951 honore
3346 4889 3411 4938 et

1811 5013 1937 5053 eum
1969 4996 2044 5051 ibi
2070 5000 2349 5055 ornatum,
2376 4988 2522 5045 sicut
2543 4983 2771 5041 decebat
2795 4980 3180 5051 imperatorem
3207 4982 3264 5031 et
3299 4987 3403 5029 εοε-

1810 5087 2026 5152 mitem,
2059 5084 2339 5140 duxerunt
2365 5093 2462 5149 per
2482 5073 2796 5131 Flandriam
2812 5088 2830 5137 ;
2845 5078 2900 5125 et
2924 5066 3085 5125 multi
3102 5064 3404 5122 Flandren~

1409 5213 1638 5269 VAIHAS
1681 5212 2084 5273 LECTIONES.

215 5323 273 5354 “‘
301 5323 400 5378 llic
428 5320 623 5377 desinit
656 5334 860 5372 mmms.
890 5314 1171 5386 Sequentin
1202 5310 1415 5386 scripsit
1445 5326 1702 5386 sequam.
1742 5311 1817 5386 in.
1849 5312 2002 5386 vilius
2050 5310 2269 5381 quidam
2319 5306 2510 5386 omnia.
2533 5321 2656 5386 Iuno
2708 5309 2924 5386 tractat
2956 5314 3049 5382 nec
3084 5282 3405 5386 Ιιαριιιιιίιεὲ

154 5364 678 5463 ιιιναηιεηῖοῖιηξιοιωη
710 5395 944 5463 mnum);
970 5364 1217 5463 'ctre‘rbaﬁ
1244 5364 1614 5463 qu'ideutntihiit
1644 5411 1717 5463 -ς
1742 5380 1992 5463 decimus
2019 5364 2317 5463 fusa-ra.
2359 5375 2460 5463 Ex.
2489 5376 2572 5461 {iis
2601 5389 2840 5463 magna:
2883 5364 3075 5453 [fuerit
3107 5364 3405 5463 minqriblu:

152 5466 498 5530 expressimus,
524 5432 593 5514 (lui
618 5432 1144 5530 t-erbumudeerripsit
1176 5432 1550 5530 cx'ammlibus
1579 5432 1990 5521 Aquicinrtrnis:
2013 5432 2115 5505 tibi
2137 5432 2319 5504 eadem
2352 5448 2532 5503 multis
2567 5432 2811 5501 manibus
2837 5441 3025 5497 ceteris
3070 5442 3292 5491 exarata
3323 5432 3402 5489 ιε-⁵

154 5523 340 5600 giretur.
409 5523 494 5589 ⁸⁸³7
512 5534 594 5587 ita
614 5531 735 5586 cad.
805 5528 875 5559 ⁸⁸⁸
899 5528 1000 5587 sub
1030 5523 1210 5582 unone.
1234 5523 1351 5578 cod.

1643 5630 1849 5688 ΝΟΤᾸνῖ

150 5728 153 5731 ’
213 5736 346 5806 (176)
380 5728 443 5791 Α.
488 5736 647 5791 1227.
690 5734 938 5807 I‘lcrique
979 5732 1231 5805 Perronte
1293 5737 1510 5800 captum
1559 5742 1705 5802 mor—

160 5796 622 5864 tuunmnedirunt.
832 5796 868 5814 ’”
1024 5818 1040 5829 ⁴
1212 5798 1215 5805 ’
1330 5796 1376 5811 ⁷’
1447 5822 1457 5827 -
1602 5796 1609 5802 ’
1686 5824 1691 5827 <

1806 5806 1813 5809 _
1888 5726 2040 5809 (1⁸17)
2082 5724 2140 5780 ln
2168 5724 2394 5796 regione
2420 5717 2772 5806 Turnaccusi.
