3934 6316
125 298 224 364 Sta

1054 311 1414 373 canemus.
1451 347 1521 357 -
1558 288 2026 377 CONTINUATIO
2066 323 2460 387 BEltGE-NSIS

3304 310 3412 402 ad

126 421 359 479 dedecus
403 420 523 476 sibi
550 416 763 478 illatum
798 424 958 492 irata,
996 440 1328 499 congregato
1361 431 1533 486 multo
1569 447 1724 486 exer-
1752 434 1795 489 Λ
1831 430 2043 505 {i2l5.]
2067 434 2349 507 Philippus
2398 457 2491 493 rex
2533 438 2868 516 Francorum
2917 450 3144 508 collecto
3167 416 3410 513 exercitu

126 518 249 582 citu,
275 515 411 570 illos
432 514 683 573 factores
704 519 961 589 quesivit,
984 530 1040 577 et
1066 523 1210 593 apud
1242 524 1427 579 villam
1449 523 1724 583 Iloutbcm

125 609 176 664 in
200 607 330 663 loco
345 604 649 678 quiJlolin
677 609 876 666 dicitur
901 628 1000 669 eos
1018 613 1228 671 invenit
1250 624 1305 671 et
1326 617 1561 673 obsedit.

189 720 403 793 [ﬁli]
443 720 619 778 Auno
641 722 859 780 Domini
883 725 1046 793 1204,
1074 727 1396 787 Fernandus
1424 731 1493 787 de
1526 730 1725 789 Portu-

125 815 242 888 galli
269 812 494 884 accepit
541 830 769 872 uxorem
821 816 1127 875 Johannam
1174 823 1513 879 comitissam
1562 824 1723 881 Flau-

124 910 370 963 ilreusem
396 914 459 961 et
486 904 882 966 Haiuoensem.
924 910 1135 985 [£205.]
1166 912 1465 971 Balduinus
1487 916 1724 988 impera-

126 1015 204 1059 tor
246 1003 912 1076 Constantinopolitauus
968 1020 1001 1061 a
1054 1003 1304 1063 Iohanne
1359 1018 1723 1079 cognomento

125 1095 278 1150 Blake
311 1095 369 1149 in
419 1095 690 1153 conﬂictu
740 1095 883 1151 inter
935 1110 995 1151 se
1029 1096 1330 1153 commisso
1370 1106 1562 1169 captus
1595 1097 1719 1167 fuit,

123 1185 249 1240 nulli
276 1195 476 1256 postea
507 1186 581 1242 de
601 1187 717 1244 suis
736 1203 1080 1257 comparens.
1102 1186 1314 1262 [1205.]
1336 1187 1481 1245 Obiit
1501 1188 1722 1247 Baldui-

125 1293 222 1333 nus
245 1286 441 1333 comes
467 1276 766 1334 Gisnensis
788 1278 824 1332 4
851 1276 1039 1334 Nonas
1058 1277 1327 1347 Januarii,
1358 1288 1413 1336 et
1436 1281 1577 1352 apud
1604 1281 1720 1337 An-

124 1368 311 1424 drei-es
341 1369 643 1439 sepelitur.
688 1368 925 1426 Obsessa
953 1379 1039 1427 est
1056 1371 1184 1426 villa
1215 1371 1507 1445 Bergensis
1533 1390 1565 1428 a
1601 1373 1721 1430 Bla-

126 1457 373 1529 votingis,
427 1469 633 1514 contra
669 1477 810 1531 quos
852 1462 1012 1533 pauci
1043 1461 1453 1534 lsengrinorum
1488 1467 1718 1537 egressi,

127 1549 242 1604 ilico
268 1549 323 1604 in
376 1548 515 1620 fuga
542 1569 574 1604 ιι
613 1553 757 1608 versi
789 1563 939 1620 sunt,
980 1562 1035 1609 et
1065 1569 1211 1609 unus
1251 1553 1717 1628 Blavoringorum,

130 1640 393 1696 Gerardus
432 1641 536 1697 Fal
584 1645 827 1712 nomine,
864 1646 1055 1702 videns
1086 1646 1268 1703 socios
1321 1664 1451 1705 suos
1499 1638 1635 1704 ante.
1660 1664 1722 1707 se

129 1739 439 1786 currentes.
497 1741 704 1795 putans
752 1750 876 1790 esse
927 1735 1050 1791 illos
1112 1737 1367 1793 inimicos
1422 1737 1713 1810 fugientes,

1824 534 1879 581 ct
1908 527 2126 597 navigio
2148 546 2366 601 magno,
2395 548 2520 588 cum
2543 533 2701 589 multi
2737 552 2863 593 cum
2885 539 2939 594 in
2966 541 3215 613 Angliam
3239 527 3413 603 trans:

1826 616 2025 675 fretare
2055 631 2326 691 putarent,
2377 624 2514 695 ipse,
2552 635 2763 683 mutato
2801 638 2860 684 ut
2905 631 3189 690 videbatur
3211 652 3410 708 propog-

1825 710 1950 777 sito,
1982 721 2156 770 totum
2178 717 2479 772 exercitum
2514 733 2674 774 suum
2706 724 2763 777 in
2793 720 3108 780 Flandriam
3150 727 3324 797 duxit,
3353 741 3410 789 et

1824 805 2062 873 acceptis
2083 804 2367 864 obsidibus
2392 824 2422 863 a
2440 810 2757 868 melioribus
2776 815 2994 881 castris,
3008 816 3219 873 scilicet
3240 819 3407 891 Ypra,

1809 893 2083 952 .Gandavo
2117 906 2171 953 et
2204 897 2420 971 Brugis,
2449 902 2505 957 in
2544 902 2833 962 Franciam
2861 907 3046 964 rediit.
3077 908 3212 966 Post
3251 913 3411 983 cujus

1824 998 2102 1041 recessum
2138 1003 2326 1046 eomes
2353 991 2608 1049 Flandrie
2633 993 2957 1054 Fernandus
2984 1009 3165 1056 castra
3190 1018 3289 1057 sua
3315 1018 3393 1058 re-

1823 1066 1983 1149 cepit.
2018 1078 2213 1137 Postea
2245 1081 2480 1141 domnus
2507 1085 2816 1146 Ludovicus
2838 1092 3235 1163 primogenitus
3266 1096 3410 1166 regis

1823 1168 2055 1256 Francie
2080 1172 2263 1229 villam
2292 1190 2459 1246 supra
2482 1192 2657 1244 mare,
2697 1196 2806 1251 que
2854 1182 3055 1238 dicitur
3076 1182 3263 1249 Novus
3288 1201 3402 1256 por-

1823 1252 1933 1329 tus,
1972 1271 2027 1317 et
2071 1264 2334 1334 quasdam
2373 1267 2532 1334 alias,
2577 1268 2786 1325 scilicet
2819 1269 3109 1327 Balliolum
3155 1282 3210 1328 et
3244 1252 3407 1329 Sten-

1822 1351 1950 1421 fort,
1986 1370 2088 1425 pro
2114 1372 2312 1428 magna
2351 1368 2506 1428 parte
2536 1360 2844 1418 combussit
2876 1372 2931 1419 et
2963 1364 3288 1434 devastavit,
3315 1366 3409 1424 ubi

1822 1446 1966 1517 capti
1998 1445 2221 1504 fuerunt
2250 1449 2683 1520 innumerabiles
2715 1454 3006 1527 utriusque
3030 1471 3197 1512 sexus
3234 1456 3412 1514 homi-

1821 1549 1938 1590 nes.
1971 1533 2174 1592 Deindc
2198 1537 2390 1608 paucis
2411 1539 2644 1597 evolutis
2675 1540 2890 1609 diebus,
2930 1558 3116 1601 comes
3155 1543 3410 1604 Flandrie

1821 1626 2097 1684 civitatem
2140 1627 2544 1688 Tornaccnsem
2594 1633 2757 1704 cepit.
2802 1632 3083 1692 Honorius
3108 1665 3181 1680 --
3223 1637 3407 1695 indul-

1820 1720 2039 1792 gentiis.
2065 1720 2275 1795 [1219.]
2306 1722 2364 1779 In
2392 1725 2669 1781 territorio
2696 1726 2884 1800 Sancti
2910 1725 3065 1782 Pauli
3082 1745 3271 1786 mense
3290 1730 3407 1785 Au-

131 1831 319 1892 εθμεηι
344 1823 563 1880 θερίσει
587 1840 654 1880 εχ
684 1826 838 1897 ipsis.
874 1827 1068 1884 postea
1095 1827 1384 1901 lsengrini,
1418 1807 1714 1903 resumptis
1747 1807 1790 1867 Β
1818 1820 1980 1884 gusto
2009 1822 2158 1869 tanta
2201 1814 2486 1872 inundatio
2527 1817 2711 1887 pluvie
2756 1818 2898 1876 facta
2946 1830 3050 1888 est,
3084 1831 3145 1876 ut
3183 1839 3406 1880 murum

129 1913 321 1969 viribus
345 1925 402 1970 et
430 1917 696 1983 audacia,
723 1918 969 1975 collectis
993 1929 1199 1990 septem
1242 1922 1375 1979 viris
1413 1921 1469 1977 in
1517 1938 1710 1992 unum,

131 2019 347 2073 quorum
380 2005 501 2062 dux
535 2007 641 2063 fuit
664 2009 888 2079 quidam
920 2012 1077 2068 miles
1106 2014 1329 2069 nomine
1364 2015 1714 2073 Christianus

129 2097 185 2149 dc
227 2094 406 2163 Prato,
470 2115 670 2156 omnes
726 2101 1106 2175 Blavotingos,
1156 2121 1398 2176 quorum
1450 2124 1713 2168 numerus

131 2188 221 2241 fuit
244 2188 470 2244 circiter
507 2205 608 2245 sex
639 2192 788 2246 milia
819 2192 1091 2261 virorum,
1128 2194 1457 2266 fugaverunt
1476 2198 1565 2252 “’.

190 2298 394 2374 [1215.]
422 2299 591 2359 Anno
605 2302 823 2361 Domini
851 2305 992 2363 1205
1023 2302 1279 2365 editicarc
1311 2311 1452 2382 cepit
1476 2311 1711 2371 domnus

135 2390 302 2448 Simon
343 2395 522 2451 abbas
544 2397 905 2454 duodecimus
946 2400 1267 2457 claustrum.
1311 2403 1522 2477 [1207.]
1549 2404 1711 2461 Lam-

134 2481 303 2539 bertus
326 2483 668 2543 Morinensis
699 2489 992 2562 cpiscopus
1035 2493 1287 2561 moritur,
1329 2496 1415 2549 cui
1445 2498 1711 2553 successit

135 2570 393 2632 Johannes
432 2580 865 2636 archidiaconus
889 2598 1059 2653 nepos
1100 2584 1293 2654 ipsius.
1326 2585 1538 2659 [1209.]
1573 2587 1709 2643 Pro-

136 2674 239 2735 pter
279 2670 572 2726 ecclesiam
604 2671 1056 2732 Cantuarieusem
1088 2686 1199 2733 tota
1238 2678 1430 2750 Anglia
1470 2682 1573 2736 sub
1619 2682 1707 2736 in-

139 2759 342 2816 terdicto
370 2764 556 2832 posita
602 2775 707 2832 cst,
739 2768 903 2824 nullis
947 2770 1349 2827 celebrantibus
1373 2773 1553 2828 divina
1586 2790 1708 2844 pre-

141 2857 208 2906 ter
230 2850 644 2931 Cistercienses.
672 2858 885 2934 [1208.]
915 2860 971 2916 In
1003 2864 1283 2933 provincia
1309 2865 1495 2921 Sancti
1530 2865 1706 2938 Egidii

140 2940 325 3001 heresis
361 2946 745 3019 Albigcusium
782 2954 991 3010 detecta
1023 2964 1127 3021 est,
1176 2957 1335 3028 cujus
1365 2959 1707 3030 professores

142 3033 297 3090 virum
330 3041 699 3097 venerabilem
736 3043 978 3114 Petrum,
1027 3050 1326 3119 apostolice
1370 3052 1515 3107 sedis
1554 3051 1705 3124 lega-

1817 1903 1994 1974 ipsius
2017 1905 2184 1960 castri
2209 1922 2308 1977 pro
2336 1923 2536 1978 magna
2583 1918 2739 1980 parte
2788 1920 3073 1978 everteret,
3103 1912 3227 1968 aliis
3258 1914 3405 1971 villis

1816 2009 1943 2057 cum
1991 1996 2249 2052 domibus
2300 1997 2574 2065 universis
2619 2000 2927 2057 submersis
2952 2002 3041 2057 δτι.
3086 2002 3274 2075 [1216]
3311 2002 3406 2059 Jo-

1816 2086 2028 2152 hannes
2081 2104 2177 2143 rex
2219 2087 2412 2158 Anglic
2446 2106 2573 2146 cum
2605 2107 2805 2163 magno
2842 2095 3087 2150 exercitu
3120 2095 3404 2152 Pictavum

1814 2177 1985 2245 venit,
2029 2187 2084 2233 ct
2131 2176 2576 2236 confederatione
2621 2180 2762 2238 facta
2806 2199 2933 2239 cum
2985 2182 3405 2243 Pictavcnsibus

1815 2262 2123 2339 castrisque
2177 2267 2426 2335 redditis,
2475 2269 2713 2327 domnus
2757 2288 2852 2326 rex
2883 2270 3115 2328 Francie
3168 2273 3400 2329 nimium

1811 2360 2193 2427 exacerbatus,
2255 2361 2520 2418 domnum
2576 2362 2912 2419 Ludovicum
2971 2364 3390 2436 primogenitum

1811 2461 1865 2506 et
1893 2451 2286 2507 marescalcum
2315 2452 2516 2510 ibidem
2545 2469 2669 2509 cum
2695 2454 2884 2509 multis
2916 2455 3182 2510 militibus
3215 2455 3282 2511 ad
3314 2472 3402 2511 re-

1812 2543 2114 2599 sistendum
2142 2545 2192 2598 ei
2223 2546 2550 2601 transmisit.
2583 2544 2980 2615 Stipendiarios
3011 2562 3142 2603 suos
3162 2547 3401 2603 domnus

1812 2652 1901 2691 rex
1928 2634 2155 2690 Francie
2187 2637 2255 2691 dc
2277 2636 2474 2712 castris
2504 2635 2759 2691 Fiandrie
2804 2636 3096 2692 revocavit.
3125 2636 3252 2692 Post
3299 2637 3401 2694 hcc

1809 2730 1996 2799 paucis
2039 2728 2377 2800 interpositis
2416 2728 2630 2795 diebus,
2661 2725 2984 2783 Fernandus
3004 2744 3188 2784 comes
3229 2728 3398 2784 Flau-

1807 2825 1926 2881 dric
1955 2841 2080 2881 cum
2139 2839 2338 2896 magno
2389 2823 2629 2881 exercitu
2678 2831 2881 2878 terram
2908 2821 3136 2877 Arnoldi
3182 2820 3401 2878 comitis

1812 2916 2099 2974 Gisuensis
2124 2914 2407 2988 ingressus
2441 2922 2546 2970 est.
2628 2954 2635 2963 .

1878 3045 2091 3122 [1222.]
2140 3044 2301 3102 Anno
2336 3022 2553 3101 Domini
2611 3043 2751 3100 1210
2801 3043 2946 3115 iacta
3002 3050 3132 3100 sunt
3194 3028 3396 3098 funda-

145 3132 259 3190 tum,
317 3127 386 3181 ob
424 3129 832 3188 confessionem
868 3132 996 3191 Jesu
1053 3137 1257 3194 Christi
1290 3139 1541 3210 nequiter
1581 3157 1705 3211 per-
1731 3153 1778 3215 ο
1809 3150 1989 3196 menta
2034 3139 2263 3196 ccclesie
2300 3139 2457 3193 beate
2486 3137 2655 3194 Marie
2696 3137 2764 3197 14
2816 3135 3087 3195 Kalendas
3135 3136 3284 3205 Maii,
3315 3136 3398 3194 fc-

149 3226 397 3272 cmerunt.
456 3218 672 3295 [1208.]
704 3222 988 3296 Philippus
1010 3237 1373 3299 cognomento
1400 3228 1616 3285 Suavus
1636 3231 1706 3263 νο

145 3303 237 3372 iam
260 3306 428 3366 factus
479 3328 581 3368 rex
636 3314 977 3384 Alemanuie,
1000 3318 1073 3373 ad
1105 3319 1394 3390 imperiunm
1436 3319 1709 3379 Romano-

146 3409 250 3451 rum
284 3402 556 3471 aspirans,
589 3421 619 3459 a
648 3408 885 3477 quodam
918 3425 1020 3464 suo
1062 3410 1244 3481 gladio
1283 3426 1579 3482 percussus
1616 3412 1703 3468 in-

146 3486 285 3542 teriit.
309 3488 522 3567 [1209.]
546 3493 831 3566 Philippus
856 3513 953 3554 rex
1004 3498 1236 3557 Fraucie
1261 3501 1329 3557 ad
1384 3502 1703 3573 petitionem

149 3573 364 3636 Reinaldi
410 3586 636 3642 comitis
692 3586 918 3646 Bolonie
977 3599 1177 3649 terram
1210 3592 1437 3650 Arnoldi
1488 3594 1704 3651 comitis

149 3665 401 3758 [iisnensis
426 3677 674 3746 intravit,
704 3689 760 3736 et
785 3664 971 3739 diruto
1000 3684 1226 3742 castello
1245 3687 1393 3758 quod
1418 3674 1729 3745 dicebatur.

149 3756 383 3833 Bonham,
415 3770 726 3842 positisque
748 3775 1072 3833 custodibus
1109 3777 1163 3832 in
1195 3756 1320 3834 aliis
1352 3780 1594 3836 castellis
1621 3781 1704 3851 ip-

149 3851 242 3944 sius
263 3859 489 3931 comitis,
522 3863 578 3918 in
599 3863 897 3944 [Franciam
926 3869 1106 3925 rediit.
1127 3868 1565 3944 [12l3.]Grande
1588 3873 1704 3929 bel-

150 3940 243 4000 luln
265 3977 332 3987 —-
354 3950 553 4011 Goulet
577 3942 683 4011 sub
715 3956 962 4015 Vernonc
982 3940 1273 4031 expiravit.

202 4058 392 4140 [l2l5.]
433 4069 599 4126 Anno
641 4069 860 4127 Domini
914 4073 1051 4129 1106
1095 4072 1406 4133 Ludovicus
1431 4074 1732 4132 —Fran-'

151 4149 283 4208 ciam.
313 4156 518 4235 [1211.]
547 4161 825 4221 Ilenaldus
837 4181 1022 4224 comes
1047 4167 1272 4224 Bolonie
1292 4185 1323 4224 a
1348 4169 1572 4224 domino
1598 4185 1703 4231 suo

151 4236 369 4332 Philippo
429 4269 559 4326 rege
612 4254 952 4313 Francorum
1012 4258 1081 4314 de
1120 4267 1265 4316 terra
1313 4275 1414 4316 sua
1457 4258 1699 4332 fugatur.

153 4329 330 4413 11212]
378 4343 491 4401 Rex
530 4346 751 4405 Marocb
787 4349 855 4406 de
879 4349 1063 4407 Africa
1102 4350 1158 4407 in
1211 4360 1396 4424 partes
1435 4329 1703 4425 Hispania

153 4428 334 4517 navigio
352 4438 603 4507 veniens,
625 4456 751 4497 cum
788 4442 1119 4500 christianos
1156 4460 1468 4517 expugnare
1508 4444 1698 4504 decre-

1811 3232 1892 3286 ria
1921 3232 1975 3286 2.
2009 3230 2222 3304 [1215.]
2252 3228 2576 3286 Frcdericus
2605 3244 2703 3284 rex
2735 3229 2928 3300 Apulie
2951 3228 3276 3301 Aquisgrani
3301 3244 3398 3285 co-

1809 3335 2037 3379 ronatus
2066 3332 2149 3378 est
2172 3323 2227 3377 in
2253 3337 2457 3394 regem,
2490 3334 2545 3381 et
2582 3322 2783 3380 ibidem
2829 3337 2994 3378 cruce
3043 3322 3315 3393 signatus,
3343 3327 3400 3376 et

1807 3415 1966 3470 multi
1994 3415 2258 3486 episcopi,
2283 3415 2454 3472 duces
2481 3424 2535 3471 et
2561 3415 2792 3471 comites
2812 3428 2945 3469 cum
2968 3429 3054 3469 eo.
3242 3462 3245 3463 ν
3292 3460 3317 3465 -.

1875 3505 2085 3580 [1215.]
2117 3506 2278 3563 Anno
2325 3506 2542 3563 Domini
2588 3507 2728 3561 1215
2768 3504 3037 3563 celebrata
3078 3512 3162 3559 est
3199 3511 3389 3558 sancta

1805 3598 2136 3677 uniuersalis
2169 3600 2400 3675 siuodus
2457 3598 2631 3677 Bome
2679 3598 2734 3677 in
2781 3594 3014 3652 ecclesia
3068 3592 3395 3662 Salvatoris,

1804 3664 1921 3761 (iud
1940 3664 2396 3745 Coirstanihiiarta
2438 3664 2699 3753 vocatur}
2727 3698 2918 3744 mense
2962 3681 3257 3738 Novembri
3302 3682 3392 3736 in-

1803 3781 2042 3837 dictione
2069 3781 2122 3849 5,
2160 3789 2413 3852 presente
2435 3779 2640 3835 domno
2674 3776 2993 3833 Innocentio
3041 3790 3202 3846 papa,
3247 3789 3397 3829 anno

1803 3872 2153 3945 pontificatus
2212 3872 2333 3944 ejus
2402 3871 2490 3927 18.
2561 3865 2933 3925 Interfuerunt
3023 3867 3188 3923 etiam
3258 3864 3394 3953 cpi.

1804 3964 1955 4036 scopi
1981 3965 2107 4033 H2,
2147 3964 2290 4021 inter
2335 3979 2476 4036 quos
2530 3963 2830 4019 extiterunt
2882 3959 2951 4015 de
2976 3955 3250 4031 precipuis
3297 3972 3395 4027 pa-

1801 4054 2060 4110 triarchis
2118 4054 2250 4121 duo,
2325 4054 2575 4110 videlicet
2641 4049 3285 4120 Constantinopolitanus
3338 4055 3394 4103 et

1802 4145 2341 4204 Hierosolimitanus.
2399 4145 2820 4201 Anthiocbenus
2875 4154 3013 4199 vero
3064 4140 3215 4214 gravi
3263 4140 3388 4195 lan-

1804 4255 1976 4313 guore
2019 4236 2274 4296 detentus
2317 4238 2504 4295 venire
2539 4254 2650 4292 non
2705 4237 2910 4308 potuit,
2961 4236 3055 4292 sed
3101 4235 3275 4315 misit
3290 4249 3391 4304 pro

1800 4347 1860 4388 se
1892 4331 2160 4386 vicarium
2219 4330 2649 4386 Anteradensem
2700 4329 3041 4399 episcopum.
3070 4325 3392 4381 Alexandri-

1802 4438 1908 4478 nus
1955 4437 2088 4478 vero
2135 4422 2240 4478 sub
2290 4420 2721 4476 Sarracenorum
2769 4419 2995 4475 domino
3056 4417 3390 4474 censtitutus

153 4516 448 4591 vissemnox
471 4532 631 4602 quasi
670 4549 899 4591 securus
924 4535 991 4592 de
1016 4509 1264 4605 Victorii,
1302 4509 1474 4594 Laws
1500 4552 1695 4595 omnes
1726 4530 1770 4587 υ
1797 4512 1923 4570 fecit
1986 4512 2138 4617 gnod
2192 4511 2391 4583 potuit,
2453 4510 2675 4566 mittens
2727 4509 3020 4564 diaconqu
3064 4519 3387 4617 germanum

154 4622 264 4702 gues
282 4618 575 4679 adduxerat
604 4623 734 4681 fecit
753 4626 1045 4701 confringi.
1076 4627 1539 4702 [l212.]Maxima
1565 4645 1696 4701 pars

156 4694 347 4764 Francie
373 4729 537 4773 cruce
588 4716 797 4773 Clu-isti
834 4694 1049 4790 signata
1070 4694 1126 4774 in
1163 4694 1407 4794 pectore,
1431 4730 1487 4777 et
1532 4694 1667 4777 innu

156 4805 277 4853 mera
292 4805 577 4864 multitudo
602 4809 858 4866 Flandrie
881 4819 937 4867 et
961 4809 1302 4879 Alemannie,
1329 4813 1398 4869 ad
1437 4812 1695 4885 Albigcn-

159 4887 537 4974 sesincredulos
564 4902 1013 4960 exterminandos
1033 4902 1101 4958 ad
1132 4904 1471 4974 provinciam
1507 4904 1693 4960 Sancti

158 4968 295 5044 Είόίίιὶί
334 5002 770 5061 properaverant.
809 4993 1025 5069 [1212.]
1054 4968 1313 5068 Set—[uenti
1341 4997 1519 5053 hieme
1560 4995 1691 5052 Fer-

159 5071 324 5161 ξλιιίυε
354 5080 492 5141 illius
525 5087 669 5161 regis
697 5085 1108 5161 Portugalensis
1137 5105 1362 5145 uxorem
1403 5090 1561 5145 duxit
1593 5088 1688 5146 Jo-

164 5151 373 5254 ξθηηιω,
396 5173 558 5230 tiliam
584 5151 769 5232 domui
795 5151 1045 5234 Balduini
1062 5178 1408 5250 imperatoris
1420 5180 1693 5236 Constan-

161 5251 394 5329 “noxialis,
413 5265 664 5325 Flandrie
688 5280 741 5325 et
766 5269 1015 5326 lianonie
1036 5271 1275 5326 comitis.

214 5339 582 5427 [1218.]Anno
612 5360 829 5419 Domini
872 5363 1012 5419 1207
1055 5364 1310 5421 monachi
1345 5394 1414 5404 —
1446 5362 1684 5419 Domini.

1795 4621 1958 4663 suum
1984 4606 2073 4660 δ”.

1870 4720 2082 4795 [1225.]
2132 4720 2292 4774 Anno
2340 4700 2556 4774 Domini
2609 4715 2746 4770 1212
2816 4712 3101 4795 Philippus
3166 4710 3386 4767 inclitus

1797 4813 1961 4881 obiit;
1998 4812 2086 4870 cui
2137 4810 2404 4869 successit
2450 4807 2848 4880 primogenitus
2880 4805 3002 4877 ejus
3048 4801 3382 4859 Ludovicus.

1799 4904 2011 4979 [1216.]
2062 4904 2307 4959 Domnus
2351 4899 2663 4957 Ludovicus
2707 4898 2895 4955 domui
2956 4897 3101 4968 regis
3154 4894 3383 4953 Francia

1798 4996 2216 5071 primogenitus,
2267 4994 2568 5052 secundum
2635 4993 2783 5069 quod
2839 4989 3139 5048 baronibus
3192 4986 3386 5090 Apglie

1797 5089 2146 5163 promiserat,
2178 5103 2305 5144 cum
2349 5102 2551 5160 magno
2592 5085 2837 5141 exercitu
2889 5097 3041 5138 mare
3085 5085 3378 5145 transiens,

1797 5182 1940 5254 apud
1974 5180 2243 5236 Stenhore
2264 5180 2322 5234 in
2349 5178 2544 5250 Anglia
2566 5170 2844 5249 applicuit.
2881 5170 3095 5247 [1216.]
3118 5169 3355 5225 innocen

1797 5274 1907 5331 tius
1925 5272 2275 5344 pontiﬁcatus
2303 5270 2388 5327 sui
2430 5286 2576 5325 anno
2603 5271 2695 5339 18,
2735 5268 2895 5325 tertio
2927 5266 3015 5322 die
3055 5259 3265 5319 mensis
3289 5257 3384 5323 ⁸⁷³,

1798 5366 2007 5423 scilicet
2054 5364 2121 5421 l7
2174 5363 2402 5420 Kalend.
2448 5360 2712 5433 Augusti,
2760 5367 3009 5416 mortuus
3053 5361 3141 5409 est
3183 5359 3239 5406 et
3282 5347 3385 5404 Pc-

1391 5560 1620 5617 VABUE
1656 5561 2058 5621 LECTIONES.

524 5664 945 5769 —fugaveruut
989 5716 1090 5753 nou
1144 5699 1296 5755 habet
1328 5700 1523 5757 Chron.
1554 5702 1825 5757 Amlremc
1899 5702 1972 5743 κατ’
2005 5699 2203 5757 Suavrs

2458 5701 2526 5734 ⁸⁷⁸
2560 5699 2617 5754 In
2653 5708 2783 5755 terr.
2829 5727 2900 5739 -
2937 5697 3240 5757 submersis
3270 5708 3367 5758 nol

167 5739 286 5806 habet
309 5739 504 5823 Ciir'JiT
529 5739 945 5824 Ληξίὲῗψίθῗίίί
1878 5790 1904 5829 c
1938 5739 2203 5829 (31.73.7553
2478 5771 2547 5804 ⁸⁷³
2594 5739 2706 5826 1ιᾶυ
2698 5770 2841 5839 cod.;
2877 5767 3022 5829 locus
3074 5778 3375 5845 corruptus.
