3934 6316
466 863 475 918 l

538 339 645 396 565
664 400 680 410 ,,

1707 327 2067 390 SIGEBERTI
2105 328 2628 388 GEMBLACENSIS

3691 331 3785 386 δα

527 456 631 511 bus
669 450 787 508 suis
826 449 1185 522 pluribusque
1224 447 1542 521 proceribus
1585 445 1735 518 regni
1773 461 1804 500 a
1839 444 2114 500 Ludovico
2141 453 2196 510 Α
2287 443 2412 499 828.
2453 442 2746 498 Batbertus
2782 449 3144 514 cognomento
3184 440 3536 508 Paschasius,
3563 441 3789 514 discipu.

524 547 855 616 imperatore
881 543 1211 613 dampnatur
1239 541 1422 597 exilio.
1467 538 1526 594 ln
1559 539 1718 609 cujus
1742 537 1956 592 locatur
1979 537 2110 592 sede

521 624 607 690 γίἓ
634 635 966 691 venerabilis
1005 633 1175 689 abbas
1217 631 1343 688 1ου
1389 631 1610 687 nomine
1637 630 1960 685 Adalardus.
2010 627 2112 685 Hic

523 727 764 797 pri-mum
795 726 936 796 cepit
961 724 1216 780 edificare
1253 738 1450 779 novam
1477 722 1784 778 Corbeiam.

593 816 718 871 821.
758 815 1066 871 Adalardus
1105 814 1453 870 Corbeiensis
1487 813 1656 868 abbas
1692 811 1893 881 aliique
1919 823 2111 880 proce-

522 923 614 964 res
641 907 796 979 regni
820 913 1149 963 revocantur
1186 907 1257 961 ab
1292 906 1477 972 exilio,
1503 903 1611 960 nisi
1639 919 1782 974 quos
1811 916 1959 956 mors
1997 899 2109 956 vita

523 998 852 1069 privaverat,
889 998 1243 1068 pristinisque
1268 996 1569 1052 honoribus
1597 995 1929 1050 relocantur.

596 1089 720 1144 827.
761 1087 1085 1144 Adalardus'
1119 1087 1470 1144 Corbeiensis
1497 1086 1680 1157 {abbas
1721 1082 2108 1140 celeberrimus

526 1179 670 1236 inter
699 1179 940 1235 Francos
969 1179 1164 1235 extitit.

2215 538 2302 593 lus
2342 535 2513 592 sancti
2547 533 2821 600 Adalardi,
2857 533 3103 590 omnium
3141 533 3455 589 divinarum
3496 534 3789 604 scriptura-

2216 646 2339 685 rum
2365 635 2753 699 perscrutator,
2789 626 2944 682 floret
2971 627 3027 681 in
3052 625 3246 681 Gallia.

2285 719 2409 773 844.
2460 717 2560 773 llic
2616 717 2848 772 Karolus
2892 728 3015 787 post
3059 716 3270 786 imperii
3321 715 3654 772 divisionem
3699 715 3790 774 fuit

2215 810 2550 865 Francorum
2578 823 2673 864 rex
2701 810 2932 880 primus.
2975 807 3077 864 Hic
3118 808 3410 864 Lotharius
3447 808 3556 863 fuit
3585 809 3657 878 pii
3689 808 3788 863 Lu-

2215 902 2412 967 dovici,
2445 901 2629 956 Karoli
2661 902 2843 972 magni
2873 901 2993 967 lilii,
3039 900 3205 966 tilius,
3251 901 3554 971 imperator
3577 899 3787 955 tercius.

2283 991 2407 1047 885.
2437 991 2537 1046 Hic
2557 990 2790 1046 Karolus
2811 990 2913 1046 fuit
2934 991 3195 1046 Ludovici
3215 989 3618 1047 Germanorum
3638 991 3787 1066 regis,

2212 1084 2289 1153 pii
2321 1083 2580 1140 Ludovici
2611 1084 2956 1154 imperatoris
2991 1083 3106 1150 filii,
3138 1083 3302 1139 illius.

533 1348 3776 1400 ww

840 1568 1834 1708 CONTINUATIO
1918 1564 3436 1682 PRZEMONSTRATENSIS

600 1817 799 1871 Damus
827 1830 893 1868 ea:
915 1813 1095 1867 codice
1124 1812 1192 1865 Bl
1223 1813 1693 1877 continuationem,
1720 1825 1836 1880 quo:
1859 1808 2204 1880 Laudunensi
2239 1817 2628 1879 superstructa,
2662 1810 2785 1864 huic
2811 1820 2935 1864 ante
2972 1828 3024 1864 a.
3065 1810 3204 1865 1126
3235 1811 3314 1865 nil
3335 1812 3443 1880 fere
3466 1813 3659 1866 inserit
3703 1814 3798 1867 nisi

520 1903 737 1954 magnos
767 1894 1005 1938 centones
1028 1900 1099 1954 ex,
1125 1882 1246 1936 Vita
1277 1881 1528 1954 Norberti
1561 1879 2268 1954 c9nsutos,_i_n_sequentibus
2294 1880 2558 1950 permulta
2582 1881 2742 1954 addit
2768 1879 3202 1954 a_liu_nde_petita,
3247 1879 3366 1952 quae
3393 1900 3646 1954 magnam
3689 1900 3798 1937 cuiu

530 1950 845 2011 Valcellensi
893 1953 1256 2023 cognationem
1283 1953 1533 2022 produnt.
1578 1951 1711 2023 Post
1741 1970 1794 2006 a.
1829 1951 1966 2005 1145
1998 1951 2452 2023 excepitfortasse
2495 1951 2728 2004 codicem
2770 1950 2940 2004 Vallis
2976 1950 3342 2023 Larentia—dc
3373 1950 3593 2023 quo'cf.
3640 1970 3799 2023 supra

521 2027 622 2082 col.
675 2027 762 2081 51.
819 2021 1100 2077 Auctorem
1142 2021 1476 2093 ignoramus;
1516 2021 1675 2091 facile
1719 2031 1894 2093 taqmen
1935 2030 2166 2093 apparet
2194 2021 2357 2093 fuisse
2392 2021 2976 2093 Prtemonstratensem,
3022 2022 3259 2093 dioecesi;
3305 2021 3682 2077 Laudunensi:
3709 2021 3801 2078 loc!

519 2098 810 2152 Bernensis.
844 2093 1080 2150 Scribere
1109 2090 1261 2162 erepit
1290 2110 1390 2146 non
1417 2090 1537 2146 ante
1565 2111 1616 2146 a.
1654 2091 1812 2157 1146,
1846 2108 1948 2162 quo
1969 2107 2107 2144 anno
2133 2091 2653 2162 desinitiauctarium
2676 2090 3060 2156 Laudunense;
3091 2091 3236 2146 ultra
3272 2094 3487 2146 initium
3509 2095 3643 2147 anni
3670 2094 3800 2148 1153

521 2184 650 2238 opus
681 2184 783 2221 non
808 2165 1091 2219 deductum
1123 2161 1382 2238 fuisng
1404 2174 1647 2238 auctore,
1671 2161 1902 2238 ostendit
1936 2162 2265 2238 continuatio
2284 2161 2694 2238 yrsicampina,
2725 2178 2847 2238 qua:
2890 2171 3153 2238 nostrane
3173 2164 3378 2238 accepit
3423 2165 3716 2238 integram,
3758 2173 3801 2217 et

520 2231 640 2304 ipsa
671 2238 864 2291 iterum
907 2231 1151 2303 excerpta
1178 2251 1210 2286 a
1255 2232 1483 2286 Nicolao
1527 2232 1892 2290 Ambianensi.
1937 2231 2209 2287 Vincentio
2273 2231 2502 2288 Robcrto
2546 2231 3008 2286 Altissiodorensi.
3054 2231 3399 2288 Valcellensis
3436 2231 3603 2288 etiam
3652 2245 3802 2304 atque

573 2306 910 2363 urbaraensis
940 2313 1118 2358 nostra
1149 2320 1259 2359 usa:
1286 2304 1550 2358 videntur.

592 2505 722 2563 Post
757 2503 998 2568 Ivonem,
1035 2503 1130 2573 qui
1159 2502 1269 2556 vita
1304 2511 1468 2572 atque
1492 2501 1740 2558 doctrina
1771 2515 1869 2555 sua
1897 2501 2109 2556 Carno-
2142 2506 2187 2560 Β
2213 2500 2480 2572 presbiter
2523 2500 2686 2556 simul
2725 2501 3032 2570 ordinatus,
3070 2505 3411 2574 paupertatis
3465 2505 3676 2562 Christi
3723 2519 3800 2564 tu-

517 2609 727 2655 tensem
781 2597 1083 2652 :ccclesiam
1131 2595 1443 2658 illustravit,
1493 2594 1694 2663 quique
1744 2591 1886 2648 inter
1931 2601 2106 2648 cetera

520 2707 686 2761 opera
725 2706 823 2745 sua
862 2689 995 2743 illud
1040 2687 1318 2753 volumen,
1367 2687 1512 2756 quod
1551 2686 1767 2742 decreta
1805 2685 1985 2742 lvonis
2023 2687 2108 2742 di-

519 2790 672 2847 cunt,
718 2795 816 2834 sua
861 2777 1130 2833 industria
1182 2777 1385 2831 utiliter
1427 2776 1778 2845 compilavit,
1827 2776 2108 2844 Gid‘ridus,

518 2873 630 2928 vite
671 2870 866 2926 merito
910 2885 974 2925 ac
1014 2867 1299 2938 prudentia
1342 2866 1688 2934 venerabilis,
1719 2867 2109 2923 Carnotensem

519 2965 823 3019 tecclesiam
857 2962 1015 3017 rexit.
1054 2958 1110 3013 In
1147 2958 1403 3014 Remensi
1435 2974 1652 3028 quoque
1681 2959 1966 3028 metropoli
1990 2967 2114 3029 post

519 3057 828 3113 Manassem
860 3055 1126 3108 illustrem
1156 3053 1355 3117 virum,
1379 3050 1666 3106 exturbato
1693 3051 1946 3107 invasere
1973 3051 2110 3108 Ger-

517 3148 695 3213 vasio,
726 3144 995 3202 Radull‘us
1022 3143 1291 3200 successit
1321 3142 1491 3214 (500),
1537 3143 1630 3213 qui
1683 3141 1878 3198 Viridis
1905 3159 2112 3215 cogno~

518 3256 645 3296 men
691 3239 922 3293 habuit.’
953 3236 1138 3308 (Cant.
1189 3234 1395 3306 Laud.)
1439 3233 1717 3289 Waldrico
1763 3233 2114 3290 Laudunensi

519 3331 778 3401 episcopo
828 3345 860 3384 a
907 3344 1004 3386 sue
1049 3327 1205 3384 urbis
1254 3327 1464 3382 civibus
1509 3326 1760 3396 nequiter
1803 3335 2111 3397 perempto,

518 3422 677 3494 Hugo
720 3421 1129 3477 Aurelianensis
1173 3419 1431 3475 ascclesite
1472 3418 1712 3474 decanus
1742 3418 2109 3473 substituitur.

519 3513 641 3581 Quo
669 3525 794 3584 post
819 3507 1034 3582 septem
1058 3527 1276 3567 menses
1303 3504 1562 3577 mortuo,
1591 3511 1678 3564 vir
1709 3510 1939 3565 illustris
1975 3509 2113 3564 Bar-

519 3607 828 3660 tholomeus
864 3605 932 3658 ad
969 3603 1344 3674 episc0patum
1378 3600 1695 3655 Laudunice
1725 3599 1962 3654 civitatis
1985 3614 2115 3668 pro-

519 3697 760 3752 vehitur.
815 3695 987 3764 Cujus
1041 3694 1308 3749 industria
1364 3701 1419 3747 et
1469 3691 1796 3761 episcopalis
1841 3690 2110 3755 zecclesia,

518 3803 641 3858 qua:
671 3787 892 3842 incensa
925 3784 1120 3848 fuerat,
1153 3784 1206 3837 in
1234 3783 1385 3838 brevi
1415 3791 1662 3852 reparata
1696 3783 1891 3836 iterum
1918 3796 2112 3836 conse-

519 3889 707 3934 cratur
726 3920 740 3943 ,
779 3885 833 3931 et
874 3875 1109 3929 civitatis
1140 3891 1203 3928 ac
1232 3872 1527 3942 provincia:
1559 3873 1895 3928 desolatione
1927 3872 2112 3928 suble-
2139 3863 2184 3924 C

523 3978 667 4031 vata,
717 3965 772 4018 in
826 3962 1014 4017 multis
1058 3963 1215 4026 locis,
1267 3960 1324 4016 in
1373 3962 1574 4032 quibus
1625 3970 1784 4016 antea
1827 3977 2109 4032 nunquam

521 4056 720 4119 fuerat,
768 4051 1047 4121 religionis
1089 4051 1271 4105 fervor
1309 4058 1365 4104 et
1401 4049 1496 4105 Dei
1524 4051 1705 4106 cultus
1747 4049 2028 4118 fundatur,
2058 4060 2134 4110 et.

522 4146 650 4202 inde
696 4145 748 4198 in
798 4142 998 4198 multas
1041 4158 1106 4198 ac
1148 4152 1384 4198 remotas
1423 4151 1476 4197 et
1508 4141 1670 4197 etiam
1717 4143 2113 4198 transmarinas

525 4238 776 4309 regiones
802 4244 1151 4306 propagatur.
1482 4274 1486 4278 .

597 4328 758 4382 HM.
871 4325 936 4380 R.
977 4325 1030 4381 8.
1144 4324 1206 4379 F.
1248 4325 1300 4380 5.
1415 4325 1604 4379 Α.1ι1.
1717 4323 1874 4380 Η.4.

599 4419 778 4489 (Cont.
815 4417 1018 4488 Laud.)
1059 4416 1115 4471 In
1143 4417 1360 4472 civitate
1387 4415 1700 4473 Belvacensi
1723 4433 1754 4472 a
1779 4417 2002 4473 Conone
2027 4433 2113 4473 se»

523 4512 608 4568 dis
636 4510 948 4582 apostolica:
975 4509 1154 4581 legato
1183 4509 1475 4565 concilium
1501 4507 1826 4564 celebratur.

597 4603 755 4658 1115.
975 4603 1028 4658 9.
1246 4601 1298 4656 6.
1519 4602 1607 4657 15.
1831 4602 1884 4656 5.

595 4693 729 4766 (1b.)
769 4693 1094 4751 Lambertus
1121 4695 1264 4750 bone
1290 4694 1553 4750 memorie
1595 4693 1974 4749 Atrebatensis
1999 4693 2114 4763 epi-

525 4802 724 4856 scopus
777 4787 912 4854 obit,
965 4791 1125 4857 eique
1178 4787 1234 4840 in
1295 4779 1608 4857 episcopatu
1670 4785 1942 4842 Robertus
1989 4801 2115 4840 suc-

524 4878 689 4932 cedit.

599 4969 756 5023 1116.
945 4968 1028 5023 10.
1247 4969 1298 5022 7.
1518 4969 1605 5024 16.
1826 4969 1878 5022 6.

597 5056 692 5131 (γ.
729 5057 923 5128 Norb.)
959 5058 1075 5114 Hoc
1118 5067 1360 5131 tempore
1389 5058 1714 5126 Norbertus,
1744 5058 1849 5113 loci
1880 5067 1936 5112 et
1963 5057 2114 5112 ordi-

524 5151 612 5206 nis
648 5150 1176 5207 Premonstratensis
1211 5149 1484 5218 fundator,
1518 5150 1585 5205 de
1623 5150 1870 5220 partibus
1914 5147 2116 5204 Lotha-

2215 2592 2394 2648 nicam
2418 2593 2692 2660 induitur;
2725 2603 2778 2648 et
2800 2593 2966 2648 verbo
2987 2594 3380 2664 predicationis
3402 2595 3804 2655 ferventissime

2213 2684 2444 2752 instans,
2491 2685 2745 2755 bajulans
2779 2686 2884 2741 sibi
2912 2687 3388 2754 crucemnudam,
3434 2689 3620 2745 nudus
3651 2689 3804 2746 Chri-

2214 2783 2359 2830 stum
2393 2775 2658 2846 sequitur.
2693 2776 3049 2843 Quorundam
3079 2779 3245 2834 etiam
3277 2779 3667 2851 religiosorum
3693 2798 3802 2838 mo-

2213 2865 2368 2923 ribus
2417 2868 2746 2938 exploratis,
2794 2869 3015 2924 artioris
3051 2870 3153 2925 viae
3201 2873 3546 2942 prepositum
3585 2882 3641 2928 et
3680 2884 3805 2930 tunc

2213 2959 2553 3030 temporibus
2582 2959 2883 3014 inauditam
2913 2960 3312 3018 districtionem
3349 2963 3570 3033 arripit;
3615 2975 3674 3020 et
3714 2981 3804 3037 per

2214 3050 2554 3120 aliquantum
2580 3051 2845 3120 temporis
2870 3051 3032 3109 nudis
3059 3053 3317 3110 incedens
3342 3055 3574 3125 pedibus
3601 3057 3656 3110 in
3680 3058 3804 3112 bru-

2214 3141 2344 3194 mali
2375 3141 2574 3212 rigore,
2607 3143 2835 3198 verbum
2879 3142 2975 3198 Dei
3026 3159 3310 3216 spargens,
3359 3146 3568 3202 multos
3607 3149 3680 3202 ab
3719 3163 3803 3203 er-

2214 3247 2338 3287 rore
2366 3234 2654 3288 convertit.

2287 3365 2443 3420 1117.
2634 3368 2715 3423 11.
2932 3369 2986 3425 8.
3205 3371 3292 3425 17.
3514 3373 3548 3426 7

2285 3457 2463 3528 (Cant.
2497 3458 2697 3532 Laud.)
2736 3459 3030 3518 Anselmus
3057 3461 3390 3520 Laudunicae
3421 3464 3661 3522 civitatis
3687 3483 3798 3522 ma-

2214 3549 2385 3620 gister
2432 3551 2925 3620 nominatissimns,
2971 3555 3276 3610 litterarum
3321 3557 3551 3613 scientia
3602 3560 3798 3626 clarus,

2213 3640 2298 3694 vir
2320 3656 2537 3696 morum
2567 3643 2852 3700 honestate
2891 3653 2945 3700 et
2982 3646 3200 3702 consilii
3231 3649 3546 3705 maturitate
3581 3666 3800 3706 venera-

2214 3733 2360 3800 bilis,
2393 3735 2540 3800 obit;
2580 3735 2674 3805 qui
2701 3737 2820 3790 utili
2867 3738 3050 3792 studio
3077 3746 3132 3793 et
3163 3739 3369 3794 sollerti
3398 3741 3694 3808 industria,
3721 3743 3799 3797 in-

2215 3833 2299 3880 ter
2325 3834 2504 3880 cetera
2533 3817 2697 3896 Opera
2725 3843 2842 3895 sua,
2881 3828 3045 3884 etiam
3073 3829 3129 3884 in
3161 3831 3422 3900 psalterio
3452 3832 3635 3903 glosas
3661 3848 3800 3888 mar-

2216 3918 2425 3990 ginales
2464 3929 2626 3990 atque
2671 3921 3027 3978 interliniales
3059 3923 3126 3978 de
3169 3925 3492 3980 auctenticis
3532 3927 3800 3996 exposito-

2214 4011 2367 4067 ribus
2392 4011 2610 4067 climata
2641 4013 3012 4070 abreviatione
3041 4014 3334 4070 ordinavit.

2255 4125 2444 4216 ius.
2629 4148 2716 4202 l2.
2933 4149 2986 4204 9.
3206 4151 3293 4204 is.
3511 4150 3565 4205 ε.

2252 4236 2418 4308 ,(ιὺ.)
2456 4236 2738 4295 Paschalis
2789 4255 2928 4310 papa
2975 4241 3109 4309 obit,
3167 4242 3327 4312 eique
3373 4240 3646 4309 Gelasius,
3694 4241 3796 4297 Ro-

2216 4343 2393 4384 manae
2425 4330 2688 4386 accelesite
2733 4331 3114 4398 cancellarius,
3163 4332 3218 4387 in
3259 4333 3583 4403 pontiﬁcatu
3624 4349 3798 4389 succe-

2206 4420 2311 4494 _dit.
2357 4419 2725 4478 Terrtemotus
2769 4421 2950 4479 factus
2989 4431 3074 4478 est
3117 4424 3260 4493 apud
3294 4440 3397 4480 nos
3435 4425 3471 4480 5
3502 4423 3582 4480 Id.
3615 4423 3734 4480 Jan.
3766 4425 3797 4478 ι

2215 4511 2369 4567 feria.
2430 4511 2638 4570 Ventus
2683 4515 3202 4575 vehementissimus
3251 4517 3307 4570 in
3357 4517 3543 4587 vigilia
3609 4516 3796 4571 natalis

2220 4599 2467 4668 Domini,
2519 4617 2616 4672 per
2667 4612 2836 4659 totam
2888 4605 3032 4660 diem
3069 4614 3124 4660 et
3169 4617 3383 4662 noctem
3432 4608 3661 4663 durans.
3707 4605 3793 4676 (ν.

2220 4689 2414 4762 Norb.)
2438 4689 2689 4748 Gelasius
2716 4710 2874 4764 papa,
2899 4695 3103 4751 indicto
3131 4693 3318 4752 Remis
3344 4698 3602 4766 consilio,
3633 4709 3794 4754 trans-

2217 4785 2467 4855 grediens
2515 4786 2678 4856 Alpes
2726 4787 2780 4841 in
2812 4787 3014 4843 Gallias
3059 4789 3226 4844 venit.
3265 4789 3346 4844 Ad
3396 4807 3560 4861 quem
3595 4794 3681 4847 vir
3713 4792 3794 4847 Dci

2216 4874 2536 4944 Norbertus,
2579 4879 2742 4936 nudis
2790 4888 2850 4934 ut
2890 4890 3006 4935 erat
3043 4881 3300 4938 incedens
3338 4883 3593 4953 pedibus,
3627 4901 3796 4940 200(5-

2218 4969 2321 5036 sit;
2352 4970 2512 5040 eique
2537 4970 2707 5025 animi
2739 4972 2828 5027 sui
2858 4974 3200 5043 propositum
3237 4975 3504 5044 pandens,
3536 4977 3793 5032 licentiam

2218 5067 2272 5113 et
2300 5061 2682 5116 auctoritatem
2708 5063 3014 5119 seminandi
3036 5063 3240 5134 ubique
3269 5065 3496 5120 verbum
3527 5065 3625 5120 Dei
3653 5066 3717 5120 ab
3735 5079 3793 5118 eo
3834 5061 3846 5075 “

2221 5150 2458 5219 accepit.
2481 5148 2610 5206 Inde
2632 5166 2808 5222 usque
2833 5151 3181 5208 Valentianas
3209 5155 3446 5219 rediens,
3475 5153 3618 5208 infra
3645 5155 3792 5224 quin-

526 5242 718 5313 ringia:
763 5241 1032 5296 oriundus
1055 5283 1070 5308 ,
1121 5257 1318 5313 genere
1342 5283 1357 5311 ,
1408 5241 1614 5297 divitiis
1647 5249 1810 5311 atque
1861 5240 2113 5295 facundia
2150 5216 2192 5270 θ
2219 5241 2396 5296 decim
2441 5242 2656 5297 dierum
2694 5245 2940 5313 spacium
2969 5254 3080 5299 tres
3113 5243 3314 5309 socios,
3345 5259 3489 5313 quos
3529 5245 3675 5301 solos
3700 5245 3790 5299 ba-

526 5335 661 5406 ipsis
689 5334 856 5390 etiam
885 5333 1116 5390 summis
1143 5335 1482 5405 principibus
1511 5333 1797 5388 familiaris
1827 5341 1988 5402 atque
2015 5346 2115 5386 no—

527 5426 796 5493 tissimus,
840 5424 1027 5480 divino
1065 5423 1276 5480 fervore
1324 5440 1645 5490 succensus,
1683 5425 1982 5493 postposita
2029 5438 2115 5475 se-

530 5517 636 5572 culi
676 5533 894 5590 pompa,
947 5526 1170 5589 repente
1209 5517 1278 5573 ad
1316 5525 1504 5572 votum
1547 5531 1709 5572 suum
1753 5515 2015 5570 diaconus
2062 5520 2118 5568 et

601 5736 752 5811 (509)
791 5738 854 5792 Α.
895 5738 1042 5793 nec.

2221 5332 2401 5398 bcbat,
2438 5343 2613 5416 morte
2641 5340 2921 5401 prereptos
2951 5334 3164 5399 amisit;
3194 5344 3248 5389 et
3275 5335 3475 5391 ibidem
3505 5352 3607 5408 pro
3633 5337 3787 5392 tribus

2225 5435 2392 5474 unum
2438 5421 2661 5491 recepit,
2713 5422 2993 5494 Hugoncm
3042 5425 3309 5494 videlicet,
3360 5429 3457 5498 qui
3496 5430 3547 5485 ei
3575 5430 3629 5485 in
3656 5428 3788 5499 regi-

2224 5513 2371 5569 mine
2387 5512 2822 5573 ~Premonstratac
2846 5517 3104 5575 tecclesite
3138 5522 3423 5577 successit.

2033 5620 2268 5704 nom.
