3934 6316
121 332 213 390 365

174 437 305 494 lll9.
411 435 589 491 “.13.
703 431 876 489 F.10.
985 433 1051 486 Α.
1082 432 1164 487 19.
1279 430 1343 487 Η.
1369 432 1426 487 9.

166 529 319 602 (Cant.
347 525 541 597 Laud.)
577 522 827 581 Gelasius
855 537 994 594 papa
1013 521 1160 593 apud
1183 520 1506 579 Cluniacum
1532 535 1651 576 mo-

112 628 225 681 ritur
246 664 263 688 ,
302 629 354 676 et
396 618 570 675 Cuido
616 614 946 673 Viennensis
991 614 1475 687 archiepiscopus,
1524 613 1663 672 Ste-.

112 713 247 786 pharii
270 710 696 781 Burgundiorum
712 706 932 764 comitis
963 722 1278 778 germanus,
1307 706 1363 760 in
1389 713 1649 776 papatum

110 806 317 877 eligitur;
349 812 401 858 et
433 802 503 860 ab
529 817 593 857 eo
619 800 914 856 concilium
950 815 984 859 a
1020 799 1407 870 predecessore
1433 813 1534 863 suo
1560 797 1648 853 in-

109 898 281 957 dietum
324 893 507 951 Remis
546 894 870 948 celebratur.
922 890 1222 947 Balduinus
1267 889 1649 947 Flandriarum

109 1004 289 1055 comes,
324 986 521 1043 Kalixti
570 978 722 1058 papae
766 987 835 1043 de
882 1001 1071 1042 sorore
1109 984 1411 1041 Clementia
1458 999 1649 1055 nepos,

113 1081 397 1137 Willelmum
442 1079 615 1134 ﬁlium
659 1078 882 1135 ltoberti
924 1076 1363 1133 Normannorum
1414 1076 1650 1143 comitis,

110 1189 134 1227 a
152 1171 296 1226 fratre
314 1186 411 1227 suo
431 1168 667 1227 Henrico
694 1186 818 1240 rege
846 1168 1148 1241 Anglorum
1181 1168 1461 1238 captivati,
1511 1167 1651 1223 Nor-

111 1262 308 1319 manniae
333 1271 589 1333 potenter
623 1266 911 1317 restituere
936 1262 1145 1326 volens,
1179 1271 1302 1331 post
1329 1269 1654 1331 occupatam

109 1371 322 1427 magnam
349 1354 595 1425 ejusdem
622 1353 974 1409 Normanniae
997 1362 1229 1423 partem,
1261 1353 1316 1407 in
1337 1352 1517 1423 capite
1537 1353 1657 1407 vul-

110 1460 296 1503 neratus
322 1448 455 1502 obiit
488 1447 585 1518 (cf.
630 1446 696 1501 A.
737 1446 964 1515 Bland.)
1001 1445 1104 1500 Cui
1141 1445 1509 1501 consobrinus
1536 1445 1657 1516 ejus

111 1538 325 1606 Karolns,
354 1537 553 1599 Kanuti
585 1539 863 1595 Danorum
893 1538 1039 1609 regis
1067 1536 1234 1604 ﬁlius,
1265 1538 1318 1592 in
1346 1537 1655 1608 principatu

110 1632 327 1689 succedit.
660 1640 665 1643 '

160 1723 298 1779 1120.
475 1724 565 1778 14.
748 1723 836 1778 ll.

1052 1720 1144 1789 30.
1330 1721 1417 1776 10.

817 318 1191 391 CIIRONICA.
1226 346 1299 361 --
1325 315 1802 393 CONTINUATIO
1841 314 2609 374 PIEMONSTRATENSIS.

2959 173 3046 213 ..ι

1667 433 1717 492 Α
1743 428 1880 485 taeda
1908 430 2223 501 relinquens
2254 424 2482 502 vestigia
2510 427 2743 500 aufugit,
2772 443 2987 500 vasque
3020 442 3341 499 possessum

1753 524 1994 594 reliquit.

1825 619 1987 675 ms.
2177 619 2259 675 ιτ.
2442 620 2529 676 u.
2710 616 2802 672 es.
2985 613 3101 669 ιδ..
3224 685 3229 689 η

1820 708 1999 781 (Cant.
2038 709 2237 781 Laud.)
2274 709 2522 765 Concilio
2552 708 2742 764 Romae
2771 706 3067 772 celebrato,
3101 721 3207 774 pax
3250 705 3340 761 in-

1751 808 1834 854 ter
1853 815 2081 869 regnum
2110 809 2168 855 et
2191 795 2572 856 sacerdotium
2589 796 2941 860 reformatur,
2989 801 3045 848 et
3066 793 3159 863 jus
3191 793 3348 848 inve—

1754 893 2074 965 stiturarum
2095 892 2490 963 episcopalium
2509 891 2579 946 ab
2603 891 2931 960 imperatore
2951 884 3346 945 exfestucatur.

1754 987 1772 1056 (
1789 984 1849 1039 γ.
1882 984 2075 1056 Norb.)
2112 983 2381 1041 Norberto
2422 985 2490 1040 ad
2519 981 2841 1054 quaerendas
2874 982 3194 1056 Sanctorum
3222 977 3352 1034 reli-

1753 1077 1913 1147 quias
1957 1075 2245 1133 Coloniam
2281 1076 2550 1143 veniente,
2597 1085 2653 1131 et
2698 1072 2816 1129 suis
2861 1071 3069 1128 indicto
3114 1068 3348 1142 jejunio,

1754 1168 2098 1223 orationibus
2125 1168 2385 1235 instante,
2415 1183 2525 1223 una
2558 1168 2625 1222 de
2670 1179 2903 1222 numero
2945 1163 3202 1221 undecim
3244 1162 3353 1218 mi-

1756 1260 2193 1331 lium,virginum
2224 1275 2426 1316 nomen
2456 1275 2622 1315 suum
2653 1267 2709 1314 et
2748 1258 2951 1322 locum,
2983 1255 3079 1311 ubi
3105 1254 3346 1326 jacebat.

1755 1351 2064 1423 specialiter
2104 1352 2423 1424 designans,
2469 1351 2525 1406 in
2569 1351 2815 1408 crastino
2860 1347 3235 1419 sollempniter
3266 1348 3352 1403 le-

1755 1454 1900 1509 vata,
1927 1452 1982 1499 et
2009 1459 2134 1500 cum
2162 1444 2285 1500 aliis
2311 1452 2626 1501 sanctorum
2658 1441 2904 1513 reliquiis
2917 1442 2986 1496 ad
3013 1440 3194 1496 locum
3219 1438 3355 1495 Pre~

1758 1545 2121 1592 monstratum
2149 1545 2235 1593 est
2258 1536 2328 1592 ab
2353 1552 2420 1592 eo
2464 1536 2751 1591 translata.
2788 1525 3050 1604 Sequenti
3093 1546 3224 1587 vero
3263 1530 3355 1587 die

1758 1632 1903 1702 apud
1941 1629 2206 1688 Sanctum
2251 1629 2555 1687 Gereonem
2604 1629 2660 1684 in
2701 1628 2952 1684 oratione
2996 1633 3351 1697 pernoctans,

1759 1739 1920 1779 mane
1953 1722 2097 1779 facto
2126 1724 2182 1778 in
2211 1722 2393 1779 medio
2426 1722 2708 1789 aaeclesiae,
2739 1719 2834 1777 ubi
2863 1719 3076 1776 nullum
3119 1732 3356 1789 appare-

160 1814 238 1886 (γ.
276 1814 464 1887 Norb.)
504 1814 603 1869 Vir
642 1813 741 1871 Dei
783 1812 1084 1871 Norbertus
1106 1857 1122 1881 ,
1173 1829 1207 1869 a
1250 1828 1389 1884 papa
1440 1811 1656 1870 Kalixto
1687 1792 1731 1847 Β
1756 1817 1850 1872 bat
1876 1816 2172 1887 sepulturae
2194 1815 2510 1888 vestigium,
2557 1812 3012 1883 eﬂ‘odi'precepit,
3058 1818 3115 1866 et
3152 1824 3356 1880 corpus

110 1907 446 1964 Bartholomeo
479 1905 835 1963 Laudunensi
868 1906 1131 1977 episcopo
1159 1903 1468 1975 specialiter
1501 1919 1653 1960 com-

110 1997 374 2066 mendatus,
407 2014 537 2054 cum
565 1998 617 2053 ei
641 1997 891 2054 ecclesia
915 1997 1061 2054 beati
1090 1996 1308 2052 Martini
1339 2013 1392 2061 a_
1413 1995 1657 2067 predieto

109 2090 322 2162 episeopo
367 2089 683 2157 offerretur,
736 2098 853 2145 tum
902 2098 1124 2161 propter
1171 2089 1326 2145 urbis
1372 2089 1656 2158 viciniam,

109 2197 198 2235 .mn
222 2182 341 2252 quia
372 2182 623 2251 ejusdem
655 2174 915 2238 ecclesiae
943 2181 1128 2238 clerici
1154 2181 1419 2252 propositi
1452 2190 1508 2238 et
1532 2182 1659 2238 vitae

109 2273 203 2343 ejus
240 2276 613 2331 austeritatem
664 2276 982 2343 horrebant,
1030 2290 1151 2331 eam
1197 2276 1447 2346 reliquit;
1498 2285 1554 2332 et
1589 2276 1660 2331 ab

109 2366 325 2437 episeopo
388 2367 649 2424 diversis
689 2367 939 2438 ejusdem
1000 2368 1297 2438 provincia:
1339 2359 1497 2426 locis
1532 2369 1661 2425 reli-

110 2457 225 2528 εἰυηί
252 2459 677 2531 congruentibus
705 2459 810 2515 sibi
844 2459 1104 2522 ostensis.
1131 2458 1359 2515 tandem
1395 2458 1660 2515 divinitus

110 2551 274 2607 1111000
302 2550 698 2608 Premonstrati
734 2551 954 2617 resedit,
992 2552 1179 2622 ibique
1214 2548 1501 2608 solitarius
1529 2552 1661 2608 reli-

110 2640 279 2711 giosam
307 2643 471 2700 vitam
497 2658 665 2715 agerc
690 2644 862 2714 cepit;
889 2651 943 2699 et
968 2653 1217 2713 tempore
1243 2643 1664 2717 quadragesimo

109 2733 160 2787 ad
193 2734 509 2807 colligendos
556 2736 734 2793 socios
772 2737 924 2792 solus
959 2718 1250 2808 egressus,
1289 2745 1416 2794 ante
1456 2737 1662 2809 pascha

109 2839 207 2880 cum
229 2827 478 2882 tredecim
505 2827 679 2883 sociis
707 2827 889 2894 rediit,
917 2836 1125 2884 etcum
1169 2828 1255 2885 his
1299 2828 1356 2883 in
1399 2828 1664 2885 Premen-

109 2924 248 2975 strato
276 2916 391 2973 loco
420 2918 731 2974 secundum
779 2918 1059 2976 canonicae
1113 2918 1482 2977 institutionis
1534 2936 1663 2976 nor.

111 3021 225 3063 mam
256 3010 317 3065 ad
344 3018 595 3066 tenorem
627 3011 827 3081 regula:
853 3010 997 3067 beati
1028 3011 1320 3083 Augustini
1366 3011 1478 3069 Deo
1514 3013 1663 3069 mili—-

110 3107 201 3153 tare
222 3102 371 3171 cepit.
767 3105 772 3110 ’
1026 3104 1029 3105 ⁷
1380 3100 1383 3103 ⁷

164 3190 303 3249 1121.
483 3194 576 3250 15.
761 3194 847 3250 ll.
1027 3194 1117 3248 21.
1307 3195 1388 3251 ll.

163 3279 280 3351 Ub.)
316 3282 373 3339 ln
411 3283 919 3355 Premonstratensi
963 3286 1212 3342 recclesia
1252 3287 1470 3341 cuidam
1511 3283 1667 3340 fratri

110 3371 243 3429 altius
265 3375 327 3430 de
352 3376 617 3432 ineffabili
641 3377 901 3444 trinitate,
927 3392 1051 3448 quae
1080 3377 1226 3433 Deus
1254 3387 1360 3444 est,
1385 3377 1667 3449 cogitanti,

111 3463 153 3517 in
172 3468 435 3525 matutinis
452 3456 669 3525 [demon
697 3469 889 3537 astitit,
918 3479 973 3525 et
1005 3471 1056 3525 ei
1100 3469 1204 3526 tria
1232 3480 1452 3542 gestans
1493 3471 1672 3543 capita

112 3560 347 3627 apparuit,
376 3560 707 3618 Trinitatem
737 3577 797 3619 se
820 3578 945 3619 esse
970 3571 1306 3633 contestans,
1352 3572 1406 3619 et
1447 3565 1521 3621 ob
1550 3552 1681 3620 fidei

114 3664 204 3706 suae
233 3653 477 3709 meritum
520 3652 809 3709 Trinitatis
841 3654 1053 3711 visione
1097 3671 1225 3711 eum
1273 3655 1501 3727 dignum
1550 3671 1675 3715 esse

115 3740 371 3801 allinnans.
404 3744 514 3802 Sed
559 3744 729 3802 frater
764 3746 1050 3817 paululum
1087 3743 1506 3818 premeditatus,
1545 3763 1673 3803 cum

115 3846 201 3888 non
229 3835 440 3893 sibilum
473 3852 628 3893 aura:
666 3837 828 3904 lenis,
877 3838 972 3894 sed
1021 3838 1249 3894 fetidum
1289 3848 1514 3895 ventum
1558 3848 1677 3894 tur-

115 3922 233 3981 binis
254 3929 493 3996 sentiret,
550 3928 759 3985 inimici
805 3931 993 3986 dolum
1040 3931 1282 4001 agnovit,
1315 3939 1371 3987 et
1403 3931 1455 3986 ei
1483 3932 1675 3986 convi-

116 4014 258 4085 cians,
298 4022 559 4078 recedere
603 4020 885 4093 compulit.
937 4020 1042 4090 Qui
1094 4033 1278 4079 tamen
1312 4038 1441 4079 eum
1488 4032 1678 4094 postea

117 4105 214 4162 aliis
242 4110 410 4168 modis
449 4112 677 4168 delusit.
729 4112 946 4168 Mortuo
992 4110 1284 4169 Lamberto
1326 4110 1678 4167 Noviomensi

115 4198 354 4273 φίεοορο,
378 4203 615 4277 Symon,
641 4202 906 4265 Ludovici
935 4206 1079 4279 regis
1108 4200 1444 4261 Francorum
1468 4215 1682 4277 patrue-

117 4287 187 4354 ΠΒ,
212 4296 477 4351 successit
498 4297 558 4351 in
586 4295 706 4367 ejus
731 4296 875 4352 loco.

175 4383 315 4444 1122.
464 4389 468 4393 ’
502 4387 595 4445 16.
780 4389 866 4444 15.
1048 4390 1138 4445 2‘2.
1325 4388 1411 4444 12.

1758 1907 1934 1963 sancti
1966 1907 2233 1963 Cerconis
2261 1906 2534 1978 integrum
2563 1906 2772 1975 absque
2796 1903 3025 1959 cerebro
3052 1899 3359 1957 honoriﬁce

1756 2015 1831 2061 et.
1857 2004 2140 2076 diligenter
2189 2003 2518 2060 collocatum
2566 2001 2811 2068 invenit;
2860 1999 3003 2055 sicut
3029 2006 3083 2053 et
3124 1997 3192 2053 de
3222 1997 3347 2067 ipso

1759 2098 2056 2170 legebatur,
2092 2097 2240 2168 quod
2268 2111 2399 2167 pars
2444 2093 2660 2166 capitis,
2703 2102 2760 2148 et
2806 2106 2914 2148 non
2960 2100 3138 2147 totum
3167 2098 3355 2160 caput,

1760 2189 2036 2246 abscisum
2080 2187 2202 2243 fuit.
2241 2187 2398 2254 Quod
2432 2201 2558 2242 cum
2608 2185 2819 2240 honore
2867 2193 2922 2239 et
2974 2182 3276 2237 reverentia
3321 2196 3357 2237 a

1761 2285 1908 2340 clero
1935 2291 1989 2338 et
2014 2281 2218 2354 populo
2252 2282 2522 2337 elevatum
2553 2286 2638 2334 est
2661 2319 2677 2345 ,
2706 2285 2765 2335 et
2794 2276 2920 2332 inde
2947 2290 3077 2347 pars
3104 2274 3222 2330 viro
3257 2272 3358 2332 Dei

1760 2377 1961 2435 donata
1981 2383 2086 2434 est.
2113 2373 2243 2429 Inde
2269 2373 2743 2428 Premonstratum
2773 2368 3012 2435 rediens,
3042 2375 3098 2422 et
3118 2365 3360 2437 quadra~

1762 2469 1909 2541 ginta
1939 2467 2054 2539 jam
2083 2466 2314 2523 clericos
2348 2480 2477 2521 cum
2504 2463 2693 2520 multis
2718 2461 2873 2519 laicis
2908 2473 3096 2517 secum
3125 2458 3357 2525 habens.

1762 2559 2160 2632 professionem
2190 2573 2288 2615 eos
2317 2557 2498 2613 facere
2527 2554 2830 2613 secundum
2857 2552 3219 2623 apostolicam
3269 2551 3360 2605 in-

1763 2651 2104 2709 stitutionem
2147 2659 2205 2706 et
2238 2648 2564 2705 canonicam
2600 2646 2847 2717 regulam
2886 2642 3032 2699 beati
3068 2641 3363 2714 Augustini

1763 2743 1970 2811 docuit,
1999 2750 2055 2798 et
2080 2741 2148 2796 ad
2180 2739 2545 2796 voluntariam
2574 2744 2950 2809 paupertatem
2974 2744 3029 2790 et
3054 2742 3368 2805 promptam
3430 2745 3433 2749 ‘

1764 2834 2149 2892 oboedientiam
2201 2841 2491 2907 ceteraque
2537 2829 2747 2885 militiae
2801 2826 3105 2898 spiritualis
3149 2826 3360 2881 instra-—

1766 2935 1949 2984 menta
1997 2925 2222 2983 eosdem
2265 2923 2556 2996 diligenter
2598 2920 2857 2987 instituit.
2901 2917 3003 2976 Cui
3042 2933 3154 2974 non
3192 2918 3367 2974 multo

1765 3026 1891 3089 post
1911 3018 2137 3090 quidam
2163 3030 2351 3073 comes
2392 3016 2461 3071 de
2509 3012 2846 3084 Westphalia
2881 3009 3208 3067 Codefridus
3239 3018 3368 3065 cum

1692 3136 1738 3197 ο
1768 3131 1941 3171 uxore
1984 3131 2084 3171 sua
2121 3112 2500 3171 conversionis
2536 3110 2710 3183 gratia
2745 3125 2805 3167 se
2843 3108 3102 3172 contulit,
3147 3116 3202 3162 et
3250 3107 3356 3161 tria

1765 3209 1885 3264 loca
1936 3208 1991 3262 in
2020 3206 2223 3261 allodio
2270 3221 2403 3270 suo,
2455 3213 2701 3260 castrum
2753 3200 3002 3255 videlicet
3050 3198 3367 3268 Capenber—

1769 3311 1954 3368 gense,
1992 3298 2173 3353 locum
2204 3295 2668 3361 Elostathensem,
2714 3291 3146 3356 Warlarensem,
3180 3290 3375 3347 divino

1770 3387 1943 3443 cultui
1984 3401 2081 3458 per
2115 3402 2241 3442 eum
2294 3384 2646 3455 mancipavit.
2697 3381 2872 3454 Cujus
2917 3380 3167 3451 exemplo
3215 3395 3369 3436 com-

1770 3486 2008 3550 punctus
2038 3493 2224 3534 comes
2253 3475 2564 3533 Teobaldus
2597 3473 2811 3537 homini
2845 3471 2940 3528 Dei
2966 3488 3025 3528 se
3056 3472 3375 3528 familiaris~

1772 3573 1975 3628 simum
2008 3554 2154 3637 fecit,
2203 3578 2258 3625 et
2299 3570 2419 3641 ejus
2458 3566 2685 3624 monitis
2727 3556 3154 3636 atqueiconsilio
3200 3564 3373 3619 multa

1774 3663 2123 3734 postmodum
2169 3677 2297 3734 erga
2344 3657 2614 3732 pauperes
2636 3649 2745 3716 'vel‘
2779 3656 3056 3729 quoslibet
3082 3655 3372 3728 religiosos

1775 3756 2098 3811 liberalitate
2132 3764 2296 3825 atque
2325 3752 2699 3809 munilicentia
2724 3752 2811 3807 uti
2843 3740 3027 3821 cepit.

1793 3870 1805 3876 δ
1850 3847 2007 3902 1121.
2192 3847 2279 3901 18.
2468 3845 2556 3900 15.
2606 3841 2683 3919 λος
2755 3842 2863 3896 ~24.
3088 3840 3175 3895 M.

1852 3938 1955 4010 (C.
2005 3938 2226 4010 Laud.)
2283 3936 2432 3994 Obiit
2465 3926 2898 3993 bone-memorie
2926 3949 3065 4005 papa
3103 3933 3375 4001 Kalixtus,

1777 4031 1939 4100 eique
1982 4029 2036 4083 in
2067 4037 2273 4101 papatu
2300 4027 2546 4084 succedit
2583 4016 2882 4083 Honorius.
2933 4023 3030 4095 (V.
3069 4022 3265 4097 Norb.)
3293 4025 3376 4083 Ad

1780 4138 1943 4193 quem
1972 4122 2326 4193 proficiscens
2348 4128 2501 4192 pater
2522 4118 2847 4187 Norbertus,
2871 4126 2926 4174 et
2953 4118 3024 4174 ab
3051 4133 3118 4174 eo
3145 4118 3376 4175 honori»

1782 4215 1881 4270 tice
1920 4208 2229 4285 susceptus,
2259 4221 2313 4268 et
2340 4229 2463 4284 quae
2492 4212 2769 4283 ﬂagitabat
2815 4211 2980 4283 digne
3021 4219 3375 4277 consecutus,

1779 4301 2198 4373 Purthenopolis
2218 4318 2277 4357 se
2302 4302 2546 4359 futurum
2574 4301 2893 4372 episcopum
2921 4300 3188 4358 divinitus
3212 4315 3381 4373 agno-

1782 4395 1877 4450 vit.
1910 4394 1977 4450 Et
2004 4396 2242 4463 rediens,
2272 4412 2397 4451 cum
2428 4396 2485 4452 in
2509 4395 2595 4451 die
2622 4396 2842 4466 paschae
2869 4394 3013 4464 apud
3038 4378 3377 4464 Herbipolim

172 4475 290 4551 (1ο.)
324 4479 601 4538 Norherto
633 4481 1185 4560 instantiusverbum
1223 4481 1318 4537 Dei
1345 4482 1678 4552 predicante,
1715 4504 1758 4561 ο
1786 4488 1842 4542 in
1887 4488 2073 4559 populi
2111 4487 2417 4558 frequentia
2446 4483 2687 4544 missam
2728 4487 3063 4554 celebraret,
3092 4501 3382 4542 careamu-

119 4570 234 4637 apud
252 4569 780 4647 Nivigellam'puella
806 4590 904 4646 per
925 4568 1131 4630 annum
1154 4567 1467 4632 a'demonio
1486 4586 1678 4632 vexata

120 4666 421 4739 coram’ip’so
447 4668 777 4738 adducitur;
808 4663 993 4742 eoque
1031 4670 1312 4743 evangelia
1351 4680 1406 4726 et
1432 4672 1679 4728 exorcis—

122 4769 218 4812 mos
243 4774 400 4832 super
427 4761 581 4818 illam
618 4762 1037 4834 multiplicante,
1063 4762 1263 4818 demon
1288 4762 1523 4821 irridens
1551 4779 1678 4820 can~

123 4845 207 4902 lica
233 4855 570 4910 canticorum
598 4871 630 4911 a
664 4855 937 4927 principio
962 4870 1142 4929 usque
1169 4856 1238 4913 ad
1269 4857 1432 4913 tinem
1480 4872 1578 4929 per
1619 4872 1682 4912 os

122 4938 284 5003 pusilze
299 4934 488 5010 edidit,
514 4959 582 4999 ac
600 4938 795 5001 deinde
815 4938 1044 5003 verbum
1074 4962 1105 5002 e
1129 4947 1294 5003 verbo
1316 4946 1682 5018 interpretans

123 5025 167 5080 in
209 5028 446 5090 Romana
495 5032 706 5106 lingua,
755 5044 811 5091 et
855 5030 1207 5108 postmodum
1254 5038 1310 5092 in
1360 5037 1680 5102 Teutonica,

125 5123 271 5176 totum
315 5126 604 5195 expressit.
656 5126 765 5182 Sed
813 5126 911 5183 Dei
958 5145 1119 5186 servo
1156 5130 1331 5185 artius
1368 5128 1681 5196 insistente,

124 5223 229 5267 cum
264 5214 316 5269 in
359 5218 696 5274 monachum
740 5228 1010 5276 astantem
1054 5222 1365 5279 introeundi
1410 5222 1685 5278 licentiam

126 5311 352 5367 quaeret
394 5322 499 5362 nec
541 5306 831 5379 acciperet,
885 5309 978 5363 illo
1023 5309 1111 5365 die
1152 5326 1212 5366 se
1253 5327 1364 5365 non
1408 5313 1687 5368 exiturum

126 5402 230 5447 esse
251 5399 546 5470 respondit,
578 5409 634 5455 et
671 5409 784 5456 tota
815 5398 903 5456 die
934 5395 1121 5456 coram
1152 5403 1354 5472 populo
1388 5404 1688 5472 plurimum

128 5493 234 5537 cum
263 5500 325 5541 eo
354 5492 654 5547 contendit.
699 5491 966 5549 Sacerdos
1003 5493 1299 5565 inpransus
1338 5510 1688 5566 permanens,

1781 4583 1901 4649 lier,
1934 4582 2054 4653 ipso
2093 4591 2219 4652 post
2260 4589 2478 4650 sumpta
2508 4580 2768 4652 mysteria
2800 4581 2855 4634 in
2882 4579 3074 4635 oculos
3105 4578 3228 4648 ejus
3256 4578 3391 4641 sui--~

1781 4673 1967 4740 ﬂante,
2000 4673 2177 4730 visum
2225 4675 2447 4742 recepit,
2508 4669 2664 4726 Unde
2705 4660 2933 4741 quidam
2979 4669 3179 4728 divites
3229 4684 3383 4725 com-

1782 4766 2005 4838 puncti,
2051 4781 2111 4822 se
2157 4774 2211 4819 et
2261 4780 2363 4820 sua
2412 4763 2524 4820 Deo
2555 4763 2926 4837 reddiderunt,
2972 4771 3027 4821 et
3074 4762 3397 4827 mcclesiam

1782 4860 1984 4917 ibidem
2033 4858 2373 4924 ediﬁcantes,
2403 4857 2591 4913 divino
2631 4856 2804 4913 cultui
2854 4870 2952 4928 per
2982 4870 3208 4933 manum
3258 4869 3384 4927 pre-

1782 4953 1915 5011 dicti
1945 4952 2117 5023 patris
2154 4966 2275 5007 eam
2315 4950 2785 5022 mancipaverunt,
2833 4947 2964 5005 Inde
3008 4946 3386 5004 Premonstra-

1783 5035 1901 5102 tum
1927 5044 2167 5110 rediens,
2200 5042 2253 5098 in
2288 5043 2534 5122 tecclesia
2566 5043 2712 5099 beati
2737 5040 2977 5109 Martini,
3013 5057 3139 5113 quas
3168 5040 3273 5096 sita
3297 5050 3386 5096 est

1785 5138 1840 5193 in
1870 5133 2137 5194 suburbio
2167 5135 2440 5203 Lauduni,
2484 5135 2760 5209 quendam
2800 5135 2869 5191 de
2914 5135 3067 5202 suis,
3116 5133 3380 5189 domuum

1788 5224 2038 5287 videlicet
2066 5227 2388 5285 Gualterum
2415 5272 2431 5297 ,
2485 5228 2737 5287 abbatem
2782 5228 3023 5299 primum
3070 5224 3401 5301 consecrari.

1789 5315 1946 5389 fecit;
1995 5322 2157 5393 cujus
2197 5314 2634 5390 industria,’Deo
2676 5302 3248 5392 cooperante,.eadcin
3275 5329 3383 5371 rec?

1790 5413 1956 5470 elesia
1982 5421 2095 5468 tam
2120 5413 2175 5468 in
2206 5415 2599 5493 temporalibus
2624 5430 2791 5485 quam
2833 5411 2887 5467 in
2919 5406 3297 5482 spiritualibns
3322 5405 3383 5468 in

1789 5512 2002 5560 tantum
2055 5513 2141 5560 est
2184 5504 2240 5559 in
2289 5505 2439 5561 brevi
2470 5506 2848 5576 multiplicata,
2880 5511 2940 5557 ut
2983 5500 3185 5556 famam
3224 5499 3384 5558 bonan

128 5580 174 5626 et
196 5588 399 5636 noctem
426 5584 676 5640 oratione
709 5585 1060 5653 continuans,
1093 5600 1255 5640 mane
1282 5601 1408 5642 cum
1436 5597 1693 5658 presente
1792 5595 2066 5666 opinionis
2095 5605 2152 5652 et
2180 5597 2511 5669 propagines
2537 5606 2739 5653 sanene
2765 5591 3122 5667 plantationis
3148 5591 3203 5647 in
3233 5597 3385 5648 extc.

130 5669 286 5733 ρυεηι
319 5683 372 5729 et
394 5675 627 5734 demone
654 5692 752 5750 per
790 5694 853 5735 os
874 5679 993 5750 ejus
1031 5678 1267 5751 plurima
1302 5680 1575 5751 garriente
1605 5683 1691 5738 di-

1794 5702 1886 5742 ras
1913 5702 1978 5743 ac
2001 5687 2333 5759 longinquas
2358 5688 2473 5759 jam
2501 5686 2815 5743 extenderet
2840 5685 3113 5756 regiones,
3134 5682 3385 5747 videlicet

130 5756 239 5816 Villa
258 5765 575 5839 celebraret,
599 5770 741 5843 inter
768 5770 885 5848 ipsa
912 5772 1234 5850 sollempnia
1262 5772 1492 5837 fatentis
1521 5773 1693 5835 urinae
1796 5776 1852 5837 in
1885 5756 2161 5847 Nerviam,
2204 5756 2261 5833 in
2291 5756 2631 5845 Flandriam,
2669 5776 2723 5831 in
2755 5773 3028 5851 Angliam,
3064 5772 3121 5829 in
3162 5771 3379 5836 Wasw
