3934 6316
560 302 666 360 367

561 419 730 481 niam,
775 413 830 475 in
856 411 1132 480 Gothiam,
1174 413 1228 469 in
1256 411 1598 483 Hispaniam,
1627 413 1692 474 in
1723 413 2098 485 Burgundiam
2124 433 2138 482 ;
2171 421 2222 479 Α
2318 417 2478 472 1125.

557 527 697 584 quas
719 525 910 566 omnes
931 510 1242 580 provincias
1263 527 1359 582 per
1378 511 1605 566 eandem
1625 510 1848 565 domum
1870 510 2016 566 bono
2031 502 2146 581 jam

558 604 810 659 videmus
836 603 1006 658 odore
1052 618 1354 673 respersas.
1393 603 1452 658 ln
1482 602 1787 658 V'ivariensi
1823 603 1988 658 etiam
2037 619 2146 658 aec-

555 695 724 751 clesia
753 695 820 750 de
842 693 1105 752 fratribus
1127 696 1244 752 suis
1287 696 1538 750 abbatem
1569 705 1700 750 tunc
1724 695 1964 750 ordinari
1996 693 2143 751 fecit.

557 787 663 845 Ubi
713 803 836 843 cum
869 789 936 842 ad
989 787 1272 843 introitum
1320 787 1553 843 fratrum
1599 789 1872 859 malignus
1917 789 2147 858 spiritus

558 881 837 936 hominem
868 880 1139 950 quendam
1190 880 1502 947 invasisset,
1545 889 1601 935 et
1639 896 1765 935 eum
1792 897 1890 950 per
1915 880 2144 936 biduum

556 982 829 1038 vexasset,
853 989 948 1043 per
971 973 1144 1027 virum
1171 971 1265 1028 Dei
1289 973 1518 1043 expulso
1538 973 1769 1028 demone
1793 983 2016 1028 curatus
2037 980 2142 1027 est.

555 1064 616 1125 τυ
637 1075 821 1121 castro
844 1065 1232 1120 nichilominus
1254 1064 1654 1134 Antwerpiensi
1677 1064 1980 1120 acelesiam
2006 1065 2150 1120 ordi-

556 1159 792 1216 nandam
823 1159 926 1212 hac
971 1157 1038 1212 de
1065 1173 1233 1213 causa
1284 1157 1542 1227 suscepit.
1593 1155 1859 1227 Oppidani
1890 1157 2058 1212 castri
2088 1157 2146 1212 il-

555 1250 664 1305 lius
690 1266 720 1304 a
754 1250 990 1319 quodam
1023 1250 1264 1305 heretico
1298 1249 1632 1306 Tanchelmo
1681 1249 1912 1317 seducti,
1955 1249 2147 1319 paula-

553 1341 652 1395 tim
682 1358 712 1396 a
742 1341 848 1396 tide
881 1351 936 1396 et
980 1342 1141 1398 bonis
1169 1343 1419 1398 moribus
1449 1341 1811 1408 desciverant,
1841 1342 1969 1412 quia
2003 1341 2145 1396 idem

553 1433 828 1489 hereticus
850 1435 1034 1490 nimiae
1056 1435 1395 1502 subtilitatis,
1420 1443 1750 1489 cumtamen
1777 1441 1922 1490 esset
1949 1434 2142 1502 laicus,

554 1526 650 1582 sed
681 1528 870 1582 multis
898 1528 1065 1583 etiam
1112 1528 1334 1584 disertis
1383 1528 1596 1584 clericis
1645 1527 1702 1582 in
1732 1541 1987 1583 sermone
2016 1541 2146 1581 aeu-

554 1620 680 1687 tior,
732 1621 874 1676 sacri
926 1622 1138 1677 ordinis
1169 1622 1451 1677 ministros
1476 1629 1531 1676 et
1561 1621 1924 1691 episcopalem
1959 1635 2024 1674 ac
2051 1635 2141 1675 sa-

552 1716 882 1771 cerdotalem
914 1715 1144 1786 gradum
1195 1716 1364 1770 nichil
1405 1731 1528 1772 esse
1555 1715 1787 1780 dicebat,
1817 1713 2063 1784 corporis
2087 1722 2143 1768 et

1735 300 2097 358 ειειυειτι
2137 299 2665 361 CIIIILACINSIS

3723 306 3819 362 381

2591 415 2660 472 IL
2702 415 2785 472 19.
2910 415 2971 470 1⁸.
3010 417 3096 472 16.
3207 417 3272 471 Δ.
3301 417 3394 472 25.
3505 414 3575 474 Η.
3605 416 3686 473 15.

2319 509 2516 566 Fames
2562 509 2900 581 permaxima
2953 519 3237 581 grassatur
3286 512 3338 564 in
3390 509 3587 577 Gallia,
3625 511 3676 565 in
3720 526 3819 584 qna

2247 601 2434 657 Karoli
2461 643 2477 669 ,
2527 603 2716 676 inclyti
2745 602 3084 658 marcbionis
3112 602 3402 669 Flandriae,
3453 603 3694 659 liberalis
3720 604 3824 660 eni-

2248 694 2350 748 tuit
2386 694 2792 762 munificentia;
2835 695 2928 764 qui
2972 695 3466 750 innumerabilibus
3509 694 3738 750 diversis
3771 695 3822 751 in

2247 784 2384 840 locis
2418 786 2750 856 pauperibus
2803 787 3075 842 cotidiana
3120 788 3469 844 ministrabat
3505 788 3686 842 victus
3732 788 3824 847 sti-

2246 877 2465 948 pendia.

2320 968 2480 1024 1126.
2660 969 2752 1024 20.
2936 970 3024 1025 17.
3203 970 3295 1028 26.
3501 971 3589 1026 16.

2321 1060 2445 1130 (An.
2480 1060 2664 1132 “25.)
2708 1060 2944 1118 Henrico
2977 1063 3308 1134 imperatore
3345 1075 3587 1130 mortuo,
3617 1065 3824 1135 quibus

2250 1150 2377 1207 dam
2411 1153 2768 1224 principibus,
2800 1154 3038 1210 maxime
3074 1155 3140 1211 de
3189 1154 3388 1211 Suevia
3415 1165 3471 1211 et
3498 1157 3818 1220 Alemannia,

2247 1255 2499 1316 nepotem
2529 1246 2650 1316 ejus
2674 1246 3028 1303 Cuonradum
3075 1250 3130 1304 in
3161 1265 3390 1321 regnum
3421 1251 3716 1306 sublimare
3739 1266 3823 1306 vo-

2245 1335 2502 1403 lentibus,
2529 1338 2621 1391 alii
2649 1337 2949 1394 Lutherum
2979 1338 3234 1396 Saxonis:
3258 1342 3477 1409 ducem,
3504 1343 3685 1397 virum
3712 1357 3825 1397 eon-

2246 1426 2353 1485 silii
2378 1435 2432 1483 et
2462 1427 2802 1495 bellicosum,
2835 1429 2890 1483 in
2918 1445 3099 1500 regem
3131 1431 3464 1502 provehunt.

2318 1517 2476 1572 1127.
2695 1519 2746 1574 1.
2929 1521 3016 1574 18.
3197 1521 3288 1577 27.
3471 1523 3561 1578 17.

2315 1607 2447 1664 Post
2475 1619 2704 1665 mortem
2743 1609 2976 1666 Lisiardi
3017 1611 3258 1684 episcopi
3289 1613 3460 1684 (50f),
3510 1613 3824 1670 Suessorutn

2247 1700 2306 1756 fit
2347 1701 2639 1772 episcopus
2666 1702 2943 1770 Joslenus,
2979 1705 3064 1758 vir
3091 1706 3328 1759 consilii.
3377 1706 3664 1763 Cameraci
3697 1723 3821 1777 quo-

553 1805 840 1877 sanguinis
862 1782 1067 1860 Christi
1096 1807 1500 1876 perceptionem
1533 1805 1876 1860 sumentibus
1901 1782 1968 1858 ad
1998 1803 2139 1859 salu-

2249 1807 2353 1862 que
2381 1799 2507 1862 post
2535 1793 2914 1850 Burcbardum
2957 1792 3328 1850 Herimannus
3352 1796 3728 1866 episcopatum
3755 1806 3823 1852 te-

551 1904 660 1950 tem
685 1896 941 1965 prodesse
963 1896 1228 1967 negabat;
1256 1896 1310 1950 in
1334 1894 1584 1966 precioso
1607 1903 1870 1965 apparatu
1899 1903 1954 1950 et
1978 1895 2147 1948 vesti-

550 1987 656 2042 bus
683 1987 960 2042 deauratis
989 1987 1268 2052 incedens,
1289 1987 1487 2056 triplici
1519 1986 1764 2042 funiculo
1789 1987 2035 2043 crinibus
2060 1987 2146 2042 in-

551 2079 734 2145 tortis,
762 2079 944 2134 verbis
974 2079 1426 2148 persuasibilibus
1455 2087 1510 2134 et
1549 2079 1930 2134 conviviorum
1971 2095 2142 2149 appa-

552 2170 764 2226 ratibus
806 2187 958 2236 suos,
985 2171 1078 2241 qui
1113 2186 1239 2226 eum
1266 2172 1484 2229 circiter
1516 2171 1616 2226 tria
1647 2173 1797 2227 milia
1829 2173 2027 2227 armati
2057 2188 2144 2228 se-

550 2262 882 2332 quebantur,
927 2262 1219 2328 alliciebat,
1272 2271 1327 2318 et
1356 2279 1452 2333 per
1479 2279 1574 2319 eos
1604 2263 1658 2316 in
1691 2263 2010 2319 resistentes
2037 2262 2142 2319 sibi

551 2353 778 2409 cedibus
819 2354 1078 2410 seviebat.
1105 2354 1412 2410 Credebant
1434 2356 1484 2410 ei
1501 2364 1555 2409 et
1579 2355 1971 2410 reverebantur
1991 2370 2140 2422 eum,

550 2443 607 2510 in
633 2454 844 2500 tantum
873 2453 933 2500 ut
960 2462 1122 2516 aqua,
1153 2463 1262 2517 qua
1291 2463 1493 2517 corpus
1529 2447 1770 2513 lavisset,
1803 2447 2051 2502 biberent
2089 2455 2146 2503 et

549 2551 651 2605 pro
681 2538 928 2608 reliquiis
953 2548 1328 2608 asportarent;
1362 2556 1488 2596 cum
1527 2548 1712 2594 tamen
1756 2545 1922 2594 tantae
1951 2539 2145 2595 incon-

551 2627 793 2682 liuentia:
815 2637 868 2684 et
894 2630 1204 2698 inpuritatis
1228 2640 1394 2698 esset,
1419 2640 1478 2685 ut
1505 2630 1644 2686 filias
1668 2631 1721 2685 in
1748 2639 1987 2686 matrum
2013 2647 2146 2701 prae-

551 2717 747 2784 sentia,
772 2733 1113 2789 sponsasque
1136 2721 1351 2775 maritis
1378 2721 1718 2777 intuentibus
1744 2730 2140 2792 corrumperet,

549 2817 605 2863 et
645 2809 748 2864 hoc
777 2826 916 2880 opus
948 2812 1232 2881 spirituale
1275 2811 1399 2868 esse
1442 2823 1732 2868 assereret.
1775 2811 1879 2880 Qui
1921 2813 2141 2869 tandem

549 2909 675 2970 post
702 2902 906 2957 multos
927 2918 1144 2964 errores
1165 2913 1219 2959 et
1247 2904 1447 2960 multas
1463 2895 1655 2972 cedes,
1683 2905 1811 2960 dum
1839 2906 2140 2977 navigaret,

549 3007 580 3046 a
611 2993 848 3062 quodam
876 2995 1178 3064 presbitero
1202 2995 1256 3050 in
1288 2998 1514 3052 cerebro
1534 3013 1830 3068 percussus
1859 2997 2138 3054 occubuit.

552 3083 657 3139 Sed
691 3100 790 3140 nec
837 3096 963 3156 post
995 3087 1115 3157 ejus
1154 3097 1386 3144 mortem
1432 3105 1588 3145 error
1638 3090 1808 3160 ipsius
1844 3098 1953 3145 tam
1982 3089 2142 3146 facile

546 3180 809 3250 extirpari
853 3182 1047 3252 potuit.
1081 3182 1309 3252 Pr0pter
1337 3184 1482 3254 quod
1529 3200 1560 3238 a
1601 3183 1816 3238 clericis
1848 3182 1953 3237 loci
1993 3182 2140 3238 illius

546 3271 791 3330 acclesia
823 3289 949 3328 cum
995 3274 1290 3344 aliquantis
1321 3275 1622 3331 reddit-ibus
1651 3291 1747 3345 per
1773 3257 1996 3330 manum
2026 3275 2141 3344 epi-

547 3364 700 3434 scopi
731 3363 1002 3422 Norberto
1043 3368 1346 3424 ordinanda
1385 3369 1567 3436 datur,
1593 3369 1964 3439 sperantibus,
1991 3367 2139 3438 quod

547 3470 644 3524 per
673 3456 793 3526 ejus
830 3459 1124 3515 salutarem
1167 3460 1474 3516 doctrinam
1509 3461 1721 3516 heresis
1749 3461 1840 3515 illa
1869 3459 1937 3516 de
1960 3459 2140 3515 medio

547 3547 846 3604 tolleretur.
875 3549 1033 3617 Quod
1061 3560 1115 3606 et
1142 3551 1347 3608 factum
1378 3560 1482 3607 est.
1513 3551 1793 3622 Siquidem
1817 3551 1938 3621 ipso
1965 3550 2141 3620 predi-

545 3649 704 3695 cante
749 3645 1066 3712 eompuneti
1109 3645 1215 3699 viri
1245 3653 1299 3701 et
1327 3645 1606 3710 mulieres,
1654 3659 1857 3714 corpus
1897 3643 2136 3700 domini-

544 3747 691 3798 cum,
714 3735 860 3802 quod
893 3735 946 3789 in
974 3736 1128 3792 cistis
1159 3744 1213 3790 et
1243 3736 1607 3790 foraminibus
1628 3752 1725 3806 per
1746 3736 1933 3792 decem
1962 3751 2137 3793 annos

543 3831 596 3875 et
631 3823 868 3892 amplius
902 3834 1281 3892 reposuerant,
1313 3825 1632 3891 attulerunt,
1663 3834 1717 3880 et
1751 3842 1846 3895 per
1889 3826 2010 3896 ejus
2039 3825 2138 3880 do-

543 3915 778 3970 ctrinam
811 3915 1074 3985 paulatim
1105 3917 1174 3970 ad
1205 3932 1397 3972 sanam
1427 3917 1588 3971 fidem
1629 3917 1994 3986 resipuerunt.
2027 3917 2137 3972 Ra-

542 4005 697 4059 dulfo
750 4005 1045 4060 Remorum
1093 4007 1507 4076 archiepiscopo
1557 4007 1792 4063 obeunte
1851 4006 1986 4077 (Jul.
2018 4008 2133 4078 25),

543 4094 848 4153 Rainaldus
872 4099 1118 4154 succedit
1145 4099 1198 4152 in
1230 4100 1510 4169 presulatu
1540 4099 1829 4156 Remensis
1851 4100 2133 4156 meclesize.

542 4185 832 4244 Venetiani
862 4191 1041 4245 navali
1065 4192 1309 4246 exercitu
1334 4192 1658 4248 Ascalonem
1688 4192 2023 4259 obsidentes,
2053 4208 2138 4248 ao-

541 4289 695 4351 cepta
727 4282 796 4337 ab
825 4281 1161 4338 Ascalonitis
1189 4285 1435 4354 pecunia:
1487 4285 1762 4340 taxatione
1786 4326 1802 4351 ,
1850 4285 2132 4351 recedunt,

541 4384 596 4431 et
625 4373 832 4446 Tyrum
863 4377 1184 4447 aliquandiu
1237 4378 1522 4433 obsessam
1555 4378 1610 4432 in
1637 4377 1969 4434 deditionem
1998 4378 2138 4433 acci-

539 4468 716 4538 piunt.
770 4467 1072 4524 Balduinus
1107 4486 1204 4526 rex
1259 4468 1712 4526 Jerosolimorum
1761 4488 1794 4526 a
1843 4470 2132 4542 Saracenis
2161 4486 2214 4549 ι)

538 4582 832 4643 preventus
881 4574 1134 4644 capitur,
1183 4585 1238 4631 et
1285 4583 1410 4646 post
1460 4575 1730 4632 diutinam
1763 4578 2134 4647 captivitatem

534 4675 660 4729 data
684 4675 932 4745 pecunia:
956 4675 1309 4732 estimatione
1333 4677 1633 4733 relaxatur.
1666 4678 1750 4750 (C.
1775 4677 1975 4746 Laud.)
2000 4676 2140 4732 Hen-

533 4777 685 4859 ricus
715 4776 1017 4846 imperator
1041 4789 1371 4850 congregata
1401 4782 1677 4836 exercitus
1705 4781 1916 4836 infinita
1949 4780 2136 4834 multi-

533 4875 748 4943 tudine,
781 4876 920 4933 tines
960 4880 1114 4951 regni
1144 4879 1484 4937 Francorum
1516 4883 1821 4953 irrumpere
1849 4884 2129 4954 disponit;

532 4977 628 5032 sed
653 4977 935 5036 Ludovico
957 4981 1298 5040 Francorum
1334 5002 1460 5058 rege
1490 5003 1616 5042 cum
1665 4987 1877 5043 infinito
1930 4988 2128 5042 nichil-

531 5070 756 5126 ominus
784 5076 1025 5130 exercitu
1071 5077 1125 5132 in
1150 5095 1440 5134 occursum
1472 5081 1592 5150 ejus
1622 5090 1968 5151 properante,
1998 5097 2126 5137 con-

533 5164 660 5219 silio
686 5167 995 5239 principum
1019 5180 1074 5226 et
1109 5173 1494 5244 episcoporum
1527 5175 1596 5229 ab
1635 5175 1814 5229 inutili
1844 5176 2127 5246 proposito

531 5257 768 5314 desistit.
822 5260 889 5316 Et
912 5263 1015 5318 hoc
1045 5263 1250 5320 factum
1281 5275 1366 5322 est
1400 5283 1588 5322 mense
1614 5264 1881 5339 Augusto.
1939 5267 2130 5323 llenri—

534 5377 632 5417 cus
662 5363 958 5434 imperator
987 5365 1327 5424 Montionem
1357 5377 1602 5424 castrum
1633 5369 1798 5438 capit,
1827 5378 1881 5424 et
1907 5368 2126 5424 Rainal-

531 5451 662 5508 dum
685 5454 804 5526 ejus
833 5458 1088 5513 comitem
1120 5469 1339 5531 captum
1371 5476 1557 5516 secum
1598 5459 1837 5515 abducit.

2247 1884 2385 1938 nuit.
2419 1883 2540 1950 Quo
2567 1893 2690 1955 post
2715 1885 3010 1941 triennium
3040 1893 3289 1953 extruso,
3315 1885 3608 1943 Lietardus
3632 1890 3683 1942 ei
3711 1904 3823 1944 suc-

2247 1977 2440 2043 cessit;
2495 1977 2591 2047 qui
2630 1986 2684 2032 et
2725 1977 2841 2048 ipse
2883 1986 3008 2047 post
3045 1987 3308 2048 quattuor
3361 1995 3538 2035 annos
3583 1981 3814 2050 repudia-

2249 2067 2524 2138 tus(502),
2544 2067 2868 2124 Nicholaum
2893 2085 3269 2126 successorem
3290 2071 3502 2126 habuit.
3528 2071 3624 2141 (Υ.
3644 2072 3821 2142 Νοτὺ.)

2246 2158 2780 2230 Parthenopolitanae
2827 2161 3064 2217 civitatis
3107 2163 3524 2235 archiepiscopo
3561 2162 3822 2228 defuat-tu,

2246 2266 2372 2306 cum
2401 2251 2585 2307 clerici
2633 2261 2690 2306 et
2733 2251 2881 2308 cives
2915 2251 3161 2322 ejusdem
3196 2253 3349 2308 urbis
3389 2269 3576 2308 coram
3608 2254 3823 2324 impera-

2248 2350 2366 2398 tore
2412 2341 2653 2398 Luthero
2698 2342 2764 2398 ad
2814 2344 3128 2416 eligendum
3166 2345 3638 2417 archiepiseOpum
3699 2346 3822 2416 apud

2249 2437 2466 2508 Spiram
2497 2439 2906 2507 convenissent,
2938 2449 3073 2496 nutu
3102 2441 3290 2496 domni
3318 2442 3547 2496 Gerardi
3578 2440 3822 2495 Romam

2247 2532 2394 2587 sedis
2421 2531 2607 2603 legati,
2639 2532 2734 2602 qui
2766 2542 2898 2588 tunc
2929 2532 3068 2589 forte
3095 2535 3303 2600 aderat,
3335 2545 3389 2588 et
3429 2543 3617 2605 postea
3667 2533 3822 2589 factus

2258 2632 2343 2678 est
2370 2639 2507 2694 papa
2534 2623 2758 2690 Lucius,
2788 2641 2888 2680 nec
2914 2641 3024 2680 non
3055 2635 3105 2681 et
3134 2626 3424 2682 Alberonis
3447 2625 3705 2681 Metensis
3731 2627 3823 2696 pri-

2248 2714 2482 2781 micerii,
2509 2717 2602 2786 qui
2635 2727 2821 2786 postea
2858 2715 3036 2772 factus
3061 2727 3146 2773 est
3187 2717 3538 2772 Trevirorum
3569 2717 3820 2786 archiepi-

2249 2822 2470 2877 scopus,
2503 2806 2831 2864 Norbertum
2868 2807 3295 2865 Premonstrata:
3319 2809 3584 2865 (ecclesiae.
3610 2819 3819 2880 patrem,

2248 2901 2344 2971 qui
2390 2916 2490 2971 pro
2521 2902 2851 2972 quibusdam
2884 2903 3070 2959 causis
3113 2918 3180 2957 eo
3231 2903 3371 2958 forte
3423 2904 3737 2965 advenerat,
3776 2900 3819 2954 in

2245 2999 2518 3060 pastorem
2549 2991 2775 3062 eligunt,
2806 2999 2862 3046 et
2905 2992 3073 3063 regali
3117 3001 3481 3062 prosequente
3511 2991 3819 3050 coniventia,

2249 3080 2314 3135 ad
2358 3079 2726 3135 sacerdotium
2759 3079 2998 3151 praefata:
3040 3082 3193 3136 urbis
3243 3083 3569 3152 provehunt.
3609 3081 3819 3134 Kal-olus

2243 3187 2429 3227 comes
2457 3171 2747 3239 Flandrite,
2781 3188 2882 3243 pro
2911 3174 3233 3229 executione
3255 3172 3486 3244 justitiae
3507 3172 3816 3243 quibusdam

2242 3279 2468 3318 suorum
2498 3279 2752 3334 perosus,
2783 3265 2976 3320 diebus
3011 3266 3448 3337 quadragesima:
3477 3265 3534 3320 in
3566 3264 3814 3327 περιθείη,

2242 3353 2336 3407 ubi
2367 3351 2594 3408 misSam
2626 3354 2920 3410 auditurus
2959 3363 3208 3422 venerat,
3235 3371 3404 3410 orans
3433 3371 3559 3409 cum
3610 3353 3810 3424 quibus-

2241 3444 2367 3500 dam
2404 3445 2521 3507 suis
2561 3446 2903 3515 proceribus,
2933 3447 3002 3502 ab
3027 3447 3108 3502 eis
3137 3447 3484 3502 interficitur.
3523 3446 3680 3513 Quod
3715 3459 3815 3500 sce-

2241 3536 2328 3593 lus
2351 3538 2648 3608 provincize
2673 3539 2844 3594 totius
2873 3539 2990 3594 zelo
3016 3549 3071 3594 et
3096 3540 3341 3594 unanimi
3376 3555 3653 3594 concursu
3685 3545 3814 3592 tanta

2239 3639 2326 3686 est
2355 3632 2646 3687 severitate
2670 3633 3030 3698 vindicatum,
3064 3642 3126 3688 ut
3170 3649 3279 3688 non
3330 3632 3492 3689 facile
3517 3634 3694 3703 possit
3735 3646 3813 3685 or-

2241 3735 2465 3776 currere
2516 3729 2629 3776 tam
2658 3722 2924 3779 districta:
2955 3723 3179 3778 ultionis
3227 3723 3560 3793 exemplum.
3621 3721 3810 3775 Willet-

2239 3826 2384 3874 mus,
2416 3809 2639 3867 Boberti
2686 3811 3034 3868 Normanniae
3075 3813 3352 3882 quondam
3406 3811 3628 3867 comitis
3670 3811 3810 3869 ﬁlius.

2237 3903 2505 3960 electione
2554 3903 2864 3975 principum
2913 3913 2969 3959 et
3019 3903 3329 3960 coniventia
3376 3903 3642 3958 Ludovici
3691 3902 3812 3969 regis

2237 3993 2578 4054 Francorum
2609 3997 2963 4052 substituitur
2991 3996 3048 4050 in
3078 3996 3470 4067 principatum.
3523 3993 3696 4062 Quem
3732 4008 3812 4062 pa-

2239 4097 2397 4144 truus
2427 4105 2562 4145 suus
2591 4088 2860 4146 Henricus
2896 4089 3196 4160 Anglorum
3239 4105 3335 4144 rex
3363 4099 3683 4159 suspectum
3729 4086 3810 4138 lia-

2239 4177 2399 4244 bens,
2425 4194 2492 4234 eo
2518 4181 2664 4249 quod
2692 4180 2813 4250 ipso
2841 4180 3173 4236 exheredato
3215 4188 3426 4250 patrem
3471 4180 3595 4249 ejus
3626 4177 3807 4232 Rober-

2239 4278 2354 4326 tum
2379 4272 2654 4342 captivum
2683 4281 2912 4339 teneret,
2941 4273 3217 4343 principes
3239 4271 3512 4327 Flandria:
3543 4272 3808 4325 adversum

2241 4379 2365 4418 eum
2397 4365 2452 4418 in
2485 4365 2834 4420 rebellionem
2863 4365 3112 4420 suscitat.
3144 4363 3249 4430 Qui
3283 4362 3682 4419 Theodericum
3721 4357 3807 4412 lia-

2239 4457 2342 4510 roli
2366 4457 2758 4512 consobrinum
2787 4457 2854 4512 de
2879 4456 3088 4512 Alsatia
3116 4464 3307 4512 contra
3342 4471 3468 4512 eum
3501 4454 3804 4510 accersiunl.

2237 4555 2290 4600 et
2324 4545 2599 4602 Willelmo
2628 4557 2751 4619 post
2797 4547 3078 4603 biennium
3122 4564 3220 4619 per
3267 4547 3466 4603 vulnus
3492 4557 3723 4608 mortuo,
3749 4541 3802 4595 ad

2236 4639 2603 4710 principatum
2651 4641 2979 4711 provehunt.
3034 4639 3202 4696 Fulco
3251 4639 3520 4696 successit
3568 4635 3805 4692 Balduiao

2236 4731 2290 4786 in
2322 4747 2492 4804 regno
2520 4731 2986 4789 Jerosolimitano.

2307 4823 2466 4877 1128.
2717 4825 2771 4880 2.
2997 4824 3082 4880 19.
3302 4823 3395 4879 38.
3595 4821 3679 4876 18.
3701 4879 3704 4882 .

2310 4912 2394 4986 (C.
2429 4911 2631 4984 Laud.)
2669 4914 2923 4970 Lnuduni
2954 4915 3008 4969 in
3057 4913 3303 4970 accclesia
3336 4913 3515 4968 sancti
3541 4904 3797 4965 Johannis.

2235 5007 2471 5062 consilio
2503 5008 2648 5080 regis
2677 5016 2733 5063 et
2761 5008 3094 5079 principum,
3131 5006 3484 5068 monialibus,
3524 5018 3644 5074 quae
3683 5000 3798 5053 male

2235 5099 2465 5156 infames
2491 5111 2669 5169 erant,
2689 5101 2900 5172 ejectis,
2931 5112 2983 5157 et
3015 5100 3300 5155 monachis
3333 5099 3386 5152 in
3418 5110 3606 5151 earum
3646 5093 3796 5147 locum

2237 5194 2569 5261 substitutis,
2599 5194 2801 5266 Drogo,
2832 5194 3096 5264 religione
3121 5202 3175 5248 et
3194 5190 3452 5246 facundia
3478 5180 3793 5242 venerabilis.

2232 5298 2262 5338 a
2295 5283 2680 5343 Barthnlomeo
2715 5288 2977 5356 episcOpo
3024 5285 3235 5354 primus
3282 5283 3453 5338 abbas
3496 5280 3790 5336 ordinatur:

2229 5375 2324 5444 (Ιυί
2358 5380 2704 5444 POStmodum
2735 5395 2765 5433 a
2798 5393 2939 5447 papa
2973 5375 3292 5434 innocentia
3341 5374 3531 5431 Romae
3555 5361 3791 5425 Ostiensis

2229 5465 2519 5537 episcopus
2545 5469 2840 5526 cardinalis
2864 5478 3220 5527 consecratur
3252 5469 3363 5539 (an.
3394 5465 3573 5537 “36).

2068 5587 2307 5646 .NOTIE.

629 5765 756 5822 509.)
794 5767 858 5821 Δ.
899 5768 1059 5822 1137.
1581 5809 1586 5812 -

890 5697 1106 5822 ᾑδριῗῑ.
1161 5699 1297 5753 1126
1346 5699 1644 5812 secundum
1677 5699 1813 5756 Gall.
1845 5701 2083 5755 Christ.-
2135 5704 2270 5763 H25
2301 5723 2409 5762 sec.
2441 5706 2611 5777 Bouq.
