3934 6316
157 394 244 450 πω
856 382 1225 442 CHRONICA.
1265 411 1336 424 --
1369 375 1837 440 CONTINUATIO
1872 374 2639 433 PREMONSTRATENSIS.
3272 386 3380 445 379

286 511 433 568 μεθ.
543 512 608 568 Β.
638 513 691 569 5.
796 511 860 568 F.
888 512 979 568 20.
1080 512 1144 566 A.
1170 512 1259 568 29.
1372 508 1438 563 ﬂ.
1475 509 1523 563 l.
1718 507 1766 568 Α
1795 498 1950 556 Unde
1975 497 2140 556 etiam
2172 496 2230 552 in
2277 494 2491 570 Syriam
2543 505 2599 552 et
2641 494 2970 554 Palestinam
3015 499 3082 557 de
3110 499 3378 561 Premen-

207 604 287 678 (ν.
313 602 499 674 Norb.)
535 603 832 663 Norbertus
872 603 1316 675 archiepiscopus
1363 601 1420 656 in
1447 600 1691 657 :ecclesia

1826 599 1965 648 trato
2003 589 2199 646 fratres
2231 589 2431 656 missi,
2476 589 2768 645 nonnullas
2815 590 3062 649 abbatias
3089 595 3379 653 edilieave-

149 703 325 752 sancta:
350 694 529 753 Mariae
558 698 699 767 apud
746 696 1161 768 Magedeburch,
1191 694 1456 765 expositis
1481 692 1693 749 clericis
1793 692 1940 741 ιἰιηι-
1975 683 2212 755 Eratque
2237 684 2384 740 Circa
2412 684 2528 739 haec
2556 691 2799 755 tempora
2827 685 3054 756 pulchra
3085 704 3150 744 ac
3178 690 3376 747 decora

149 786 475 853 secularibus,
519 788 604 844 sui
657 788 869 845 ordinis
917 787 1115 844 fratres
1149 787 1475 852 collocavit,
1522 794 1597 851 et,
1632 792 1694 840 ut
1793 776 1960 834 facies
1985 775 2263 843 ωοοιεείθε.
2294 776 2636 833 diversorum
2686 778 2940 834 ordinum
2991 794 3056 835 ac
3082 780 3379 849 professio-

146 881 257 935 inihi
283 880 346 935 ad
374 889 612 935 tenorem
660 882 880 952 regulae,
914 897 1079 953 quam
1118 879 1511 936 Premonstrati
1537 879 1693 935 insti-

1823 886 1923 923 ium
1953 868 2290 924 circumdata
2318 868 2610 936 varietate;
2666 868 2795 924 dum
2840 869 2969 925 hinc
2995 869 3376 928 Premonstra-

145 979 314 1036 ιιιεηι,
356 969 465 1027 Deo
510 972 827 1039 militarem,
874 972 1166 1029 ordinavit,
1215 969 1273 1026 in
1313 970 1693 1027 premonsmi.
1790 970 1995 1027 tenses,
2044 959 2173 1016 hinc
2215 958 2629 1027 Cistercienses,
2662 960 2789 1016 inde
2837 959 3228 1020 Cluniacenses
3255 980 3375 1019 mo-

144 1065 263 1121 ιεηεί
304 1080 517 1136 quoque
559 1067 804 1123 περιθείη
854 1080 1229 1122 successorem
1276 1065 1380 1120 sibi
1427 1064 1689 1119 domuum
1789 1054 1973 1119 nachi,
1998 1053 2325 1108 tum-etiam
2352 1052 2553 1110 diversi
2578 1054 2797 1110 habitus
2822 1064 2985 1126 atque
3013 1054 3374 1126 professionis

146 1156 414 1228 nugonem,
444 1158 539 1228 qui
570 1159 639 1214 ab
660 1158 825 1214 inicio
851 1158 1187 1230 paupertatis
1215 1173 1327 1213 suae
1361 1157 1545 1212 socius
1568 1155 1689 1212 fue—
1789 1148 2235 1204 sanctimoniales
2254 1155 2309 1202 et
2331 1147 2593 1203 mulieres
2620 1146 2730 1202 Deo
2755 1148 2982 1213 devotae,
3014 1148 3068 1203 in
3098 1148 3377 1205 continen-

143 1258 228 1313 rat,
254 1249 492 1304 abbatem
529 1251 773 1307 ordinari
801 1250 949 1307 fecit.
990 1249 1097 1307 Sed
1123 1259 1177 1306 et
1204 1250 1273 1306 ad
1302 1249 1692 1320 Audwerpien-

1821 1237 1862 1293 ia
1892 1245 2054 1307 atque
2075 1243 2393 1307 paupertate
2421 1237 2524 1292 sub
2550 1237 2871 1293 obedientia:
2890 1237 3023 1309 jugo
3054 1237 3374 1308 regulariter

140 1358 235 1397 sem
258 1350 411 1411 atque
439 1341 842 1400 Florelliensem
870 1343 1175 1400 ecclesiam
1204 1344 1272 1400 ad
1302 1344 1543 1413 regimen
1578 1342 1691 1398 fra-

1822 1326 2051 1392 iventes,
2087 1323 2300 1381 fervore
2344 1326 2621 1397 religionis
2648 1327 2878 1383 invicem
2908 1337 3288 1397 provocarent,
3321 1338 3374 1383 et

141 1443 260 1488 trum
287 1435 592 1491 nominatos
613 1443 794 1505 patres
819 1434 1129 1491 destinavit.
1160 1434 1245 1506 (Ο.
1268 1433 1468 1505 Laud.)
1492 1434 1688 1491 Ansel-

1818 1433 1928 1474 [ova
1977 1418 2225 1473 certatim
2272 1419 2503 1476 diversis
2532 1419 2589 1474 in
2631 1420 2768 1476 locis
2797 1420 3131 1495 monasteria
3174 1418 3371 1479 funda—

141 1539 243 1580 m.
269 1524 448 1591 abbas,
479 1525 835 1596 postmodum
883 1527 1176 1597 episcopus
1211 1524 1469 1593 Τοι-ηειοί,
1501 1541 1692 1582 sume.
1787 1521 1928 1567 rent.
1977 1509 2119 1566 Cum
2166 1510 2254 1566 his
2291 1511 2457 1567 etiam
2488 1511 2744 1567 monachi
2770 1510 3160 1583 Cartugienses
3186 1519 3243 1566 et
3268 1510 3375 1581 ipsi

138 1616 205 1671 dit
248 1614 469 1671 Seifrido
497 1617 554 1671 in
584 1618 831 1675 tecclesia
880 1619 1056 1679 sancti
1105 1617 1373 1675 Vineentii
1409 1619 1477 1674 de
1504 1628 1691 1676 monte

1819 1603 2047 1658 aulatim
2075 1603 2447 1676 pullulabant;
2496 1604 2593 1675 qui
2638 1620 2734 1677 pre
2778 1605 2975 1661 ceteris
3007 1605 3372 1671 continentes,

140 1705 389 1763 Lauduno.
435 1707 723 1780 Philippus
749 1726 910 1782 puer,
938 1710 1199 1767 Ludovici
1226 1711 1566 1768 Francorum
1598 1728 1687 1769 re-

1822 1698 1926 1755 esti
1977 1699 2241 1766 avaritiae,
2272 1714 2381 1770 qua
2429 1698 2697 1770 plurimos
2723 1698 2825 1754 sub
2872 1697 3151 1767 religionis
3183 1696 3375 1752 habitu

139 1795 205 1866 gis
228 1796 383 1864 ﬁlius,
420 1796 610 1854 Remis
656 1800 712 1855 in
741 1817 925 1874 regem
957 1803 1199 1875 ungitur,
1235 1804 1324 1860 die
1351 1805 1591 1874 pascha,
1619 1805 1687 1859 ig
1720 1867 1755 1875 Δ
1787 1790 2039 1846 laborare
2064 1791 2333 1858 videmus,
2362 1791 2628 1847 terminos
2656 1797 2979 1861 posuerunt,
3001 1789 3131 1845 dum
3161 1797 3375 1844 certum

139 1884 235 1943 Kal.
264 1886 400 1956 Maii,
426 1896 581 1961 patre
611 1867 882 1962 ρι-εεεηῖθ,
908 1890 909 1893 ‘
1035 1867 1063 1875 ’
1185 1867 1195 1872 ’
1351 1867 1369 1874 ’
1574 1867 1586 1874 ⁷
1718 1867 1761 1928 Β
1789 1896 2077 1944 numerum
2126 1883 2412 1938 hominum
2437 1925 2453 1950 ,
2506 1882 2825 1937 animalium
2854 1924 2869 1949 ,
2918 1880 3328 1952 possessionum
3354 1922 3371 1947 ,

197 1979 335 2036 “50.
515 1982 571 2037 4,
788 1985 878 2041 gi,
1100 1983 1190 2042 3o,
1407 1988 1460 2043 1
1787 1988 1950 2043 quem
1980 1973 2061 2029 eis
2088 1973 2419 2047 pretergredi
2442 1973 2593 2029 nullo
2618 1973 2782 2029 modo
2811 1974 2991 2039 liceat,
3023 1980 3372 2039 statuerunt;

193 2069 311 2143 (16.)
366 2071 613 2131 Honorio
657 2092 800 2149 papa
851 2076 1110 2134 defuncto
1134 2122 1150 2146 ,
1202 2078 1363 2136 {aegis
1412 2081 1682 2152 panibus,
1786 2073 1842 2120 et
1878 2064 1980 2134 ipsi
2027 2065 2272 2137 singulas
2300 2065 2502 2137 singuli
2529 2065 2695 2121 cellas
2724 2065 3008 2131 habentes,
3036 2080 3101 2120 ac
3132 2078 3258 2118 raro
3287 2064 3375 2119 vel

135 2161 395 2233 Gregorius
422 2175 477 2221 et
504 2166 702 2225 Petrus
749 2168 816 2225 de
868 2169 1050 2227 Leone
1080 2171 1147 2226 ad
1179 2181 1438 2243 papam",
1467 2174 1683 2245 eligi"...
1714 2202 1718 2205 .
1787 2158 1859 2214 ob
1887 2157 1981 2213 Dei
2009 2159 2239 2227 cultum,
2269 2159 2355 2214 vel
2381 2159 2453 2214 oh
2479 2166 2733 2215 mutuum
2760 2158 2815 2213 in
2850 2158 3079 2214 caritate
3104 2157 3374 2214 solacium

135 2263 223 2323 cur,
247 2264 297 2312 οι
336 2256 629 2330 Gregorius
675 2260 975 2318 ιηηοοεηιίί
1001 2305 1017 2331 ,
1068 2262 1264 2320 Ρθιηιε
1294 2265 1538 2321 Anacieii
1585 2282 1685 2321 no.
1786 2251 2190 2319 convenientes,
2222 2251 2517 2322 perfectius
2549 2251 2688 2307 mori
2725 2250 2930 2307 mundo
2958 2258 3013 2305 et
3059 2250 3257 2306 ceteris
3283 2250 3371 2305 di-

135 2346 256 2402 mine
279 2348 589 2407 alterantur.
622 2351 717 2424 (V.
746 2351 941 2424 Norb.)
971 2354 1077 2411 Sed
1105 2354 1267 2412 Petro
1293 2356 1365 2411 ob
1392 2357 1686 2427 parentelae

1817 2343 2040 2414 igentius
2084 2343 2267 2399 vivere
2320 2342 2432 2399 Deo
2479 2343 2781 2415 elegerunt.
2833 2340 2979 2397 Inter
3022 2356 3163 2411 quos
3212 2338 3370 2410 Gigo,

133 2452 229 2493 tua
264 2438 633 2500 fortitudinem
683 2446 826 2516 apud
878 2444 1141 2503 saucium
1185 2447 1407 2505 parum
1437 2464 1685 2506 ροηηηο,
1784 2435 1936 2505 prior
1953 2434 2238 2503 Cartusiaz,
2266 2435 2528 2506 religione
2556 2450 2622 2491 ac
2644 2432 2910 2505 sapientia
2937 2431 3376 2488 eminentissimo

134 2537 279 2596 tante,
317 2529 665 2592 Innocentius
695 2534 866 2592 Roma
893 2552 1150 2608 egressus
1183 2538 1239 2593 in
1284 2536 1489 2595 Gallias
1516 2539 1684 2610 proﬁ-

1822 2528 1995 2594 oruit;
2044 2536 2099 2583 et
2123 2527 2190 2583 de
2216 2527 2405 2583 eadem
2439 2528 2606 2583 domo
2634 2525 2811 2597 Hugo,
2844 2541 2911 2581 ex
2944 2525 3127 2595 priore
3155 2522 3373 2578 Gratia-

133 2619 342 2689 ciscitur,
370 2632 425 2680 et
457 2624 739 2687 Gallicana
770 2628 875 2683 sibi
926 2630 1219 2686 adherente
1247 2631 1515 2699 tecelesia,
1545 2645 1681 2687 con-
1783 2618 2134 2687 ηοροείιοηυε
2167 2619 2480 2689 episcopus:
2515 2618 2881 2688 Ροεῑῐηοάιιιπ
2899 2614 3227 2670 “amen-"i9
3254 2627 3369 2668 me"

132 2710 250 2768 ciliis
272 2715 546 2773 celebratis
573 2718 754 2788 primo
782 2718 990 2787 Remis,
1024 2722 1265 2779 secundo
1310 2720 1473 2790 pisis,
1502 2722 1558 2778 in
1585 2739 1683 2794 pa-
1782 2709 2169 2780 tropolitanus,
2203 2711 2260 2765 in
2288 2710 2462 2781 ipsius
2508 2710 2789 2781 religionis
2835 2707 3178 2765 districtione
3227 2704 3366 2762 insi-

133 2808 235 2869 patu
260 2803 626 2875 conﬁrmatur,
667 2816 724 2864 et
771 2808 968 2866 Petrus
1009 2812 1080 2867 ab
1127 2811 1386 2868 omnibus
1414 2811 1603 2868 Gaium
1628 2820 1683 2868 ει
1783 2801 1906 2872 guis
1933 2801 2148 2857 claruit.
2199 2802 2280 2857 Ad
2329 2803 2447 2857 haec
2469 2802 2634 2858 etiam
2661 2800 2860 2858 milites
2889 2799 3075 2871 templi
3104 2796 3370 2854 Jerosoli—

134 2888 397 2952 Germania:
421 2899 697 2971 episcopis
721 2903 1231 2961 anathematizatur.
1264 2902 1547 2960 Iohannes
1577 2904 1683 2974 piae

1819 2891 1997 2957 iitani,
2041 2891 2242 2949 fratres
2288 2908 2509 2964 quoque
2555 2894 2624 2949 de
2675 2892 2953 2964 hospitali,
2984 2892 3089 2948 sub
3116 2889 3372 2961 religioso

133 2986 373 3044 memoria:
416 2989 757 3049 Morinorum
786 2994 1077 3065 episcopus
1108 2995 1245 3052 obii;
1275 3015 1290 3065 ς
1339 2997 1501 3067 eique
1552 2995 1681 3051 Μίιο
1781 2981 1971 3038 habitu
1995 2984 2339 3040 continenter
2358 2985 2626 3053 viventes,
2649 2985 2853 3054 ubique
2877 2999 2936 3041 se
2958 2981 3375 3052 multiplicando

132 3076 271 3135 abbas
291 3080 354 3136 de
373 3085 547 3139 sancti
569 3083 763 3143 Judoci
784 3102 853 3142 ex
872 3089 1064 3145 ordine
1087 3087 1680 3146 Premoustratensium

1821 3074 2195 3143 iﬂ'undebant,
2259 3085 2314 3133 et
2360 3092 2483 3147 quin
2527 3085 2798 3148 poterant,
2848 3076 2936 3132 vel
2984 3075 3053 3133 de
3091 3075 3372 3131 laboribus

130 3169 351 3281 succedit.
399 3173 640 3233 Roberto
686 3195 908 3250 quoque
954 3179 1395 3239 Atrebatensium
1425 3183 1682 3252 episcopo
1709 3220 1754 3281 Ο
1784 3166 2043 3281 Ρτξζρΐίίετ
2075 3168 2161 3224 νει
2208 3168 2277 3273 (1ξέ
2308 3168 2568 3281 “ﬁdelium
2612 3169 2952 3235 ειθωοείηίεν
2993 3169 3061 3225 ad
3091 3184 3231 3238 opus
3259 3166 3372 3222 De“

134 3258 369 3345 defuncto,
399 3267 623 3325 Alvisus
652 3270 823 3327 abbas
848 3272 1135 3328 ordinatur
1161 3274 1451 3344 episcopus
1478 3274 1532 3328 in
1561 3275 1682 3345 ejus

1821 3258 2135 3314 tilitantium
2163 3267 2218 3315 et
2246 3259 2589 3317 infirmorum
2615 3275 2961 3332 quorumque
2980 3276 3047 3317 ac
3071 3275 3374 3332 pauperum

132 3344 245 3409 ἰοω.
274 3356 350 3427 (C.
373 3357 576 3432 Laud.)
611 3360 854 3420 Thomas
895 3364 963 3419 de
989 3364 1157 3423 Marla
1202 3366 1259 3420 in
1308 3382 1410 3422 suo
1457 3366 1681 3437 proprio
1782 3347 2166 3406 Jerosonmam
2193 3352 2500 3408 mittebam-

132 3446 363 3505 conductu
406 3453 777 3531 negotiatores
825 3455 952 3511 dolo
1002 3458 1245 3529 capiens,
1275 3474 1307 3513 a
1342 3472 1469 3529 rege
1497 3457 1682 3516 Ludo-
1855 3440 2017 3531 5159;
2126 3529 2170 3531 Η
2478 3440 2571 3498 9⁵·
2731 3443 2847 3531 βε·
3036 3444 3120 3531 -4-

132 3535 229 3593 vico
250 3554 362 3596 cum
386 3546 632 3601 exercitu
663 3528 963 3617 ίηίρειίιιηι,
993 3560 1046 3605 οι
1073 3528 1103 3605 ξ,
1135 3528 1681 3608 κραυιίοήίτοωθη,
1857 3528 1944 3601 (C.
1978 3528 2180 3600 Laud.)
2210 3528 2350 3586 Fara
2391 3538 2636 3586 castrum
2671 3546 2704 3586 a
2729 3528 3010 3588 Ludovico
3032 3529 3373 3587 Francorum

132 3626 297 3686 dorum
335 3638 531 3694 comite
579 3639 901 3696 vulneratus
927 3649 983 3697 et
1025 3650 1240 3713 captus,
1274 3642 1527 3701 Lauduui
1556 3660 1679 3700 mo-

1818 3640 1909 3697 ege
1939 3623 2228 3681 obsidione
2268 3624 2525 3696 cingitur,
2562 3636 2592 3680 a
2634 3621 2806 3680 Nonis
2840 3622 2987 3713 Maii
3016 3637 3191 3692 usque
3227 3622 3371 3713 add?

133 3719 260 3779 ritur.
1093 3711 1108 3713 ’
1781 3715 1911 3773 ldus
1950 3714 2109 3783 Julii;
2158 3732 2262 3772 nec
2283 3723 2466 3773 tamen
2499 3715 2733 3787 capitur.
2767 3712 2904 3787 (1b.)
2948 3711 3196 3785 Eclypsis
3239 3711 3374 3769 solis

182 3812 317 3871 1151.
530 3822 588 3877 5.
771 3822 865 3878 22.
1046 3824 1136 3880 5|.
1347 3826 1384 3881 3

1779 3806 1924 3864 facta
1951 3815 2036 3864 est
2048 3808 2092 3877 ,4
2117 3805 2260 3863 Non.
2287 3806 2427 3879 Aug.
2454 3805 2556 3863 fer.
2590 3806 2625 3863 6
2644 3807 2783 3863 hora
2816 3804 2850 3859 6
2876 3804 3048 3878 (505).

180 3903 292 3977 (1b.)
315 3906 662 3971 Innocentius
688 3930 828 3987 papa
851 3914 1102 3973 Lauduni
1129 3918 1183 3972 in
1213 3918 1460 3974 (ecclesia
1476 3927 1680 3975 sanctae

1621 3927 1680 3975 tae
1922 3921 1948 3975 1
1962 3920 2082 3976 155.
2306 3918 2359 3974 7.
2538 3919 2631 3974 ει.
2812 3917 2902 3975 55.
3121 3915 3174 3971 5.

128 3993 279 4056 Elatiae
302 4002 571 4067 dominica
602 4005 657 4062 in
684 4009 856 4066 ramis
895 4010 1226 4081 palmarum,
1255 4019 1311 4066 et
1338 4011 1509 4067 tercia
1542 4011 1677 4069 feria
1846 4010 1945 4084 (V.
1977 4008 2174 4084 Norb.)
2215 4010 2490 4067 Lutherus
2543 4011 2841 4082 imperator
2880 4007 3282 4080 expeditionem
3309 4006 3371 4063 in

130 4096 338 4161 sequenti
369 4097 424 4153 in
456 4100 706 4157 aacclesia
735 4101 880 4157 beati
924 4100 1141 4158 Martini
1181 4104 1367 4159 divina
1413 4106 1677 4177 mysteria
1780 4103 1990 4161 Italiam
2035 4113 2228 4175 parat;
2270 4114 2326 4161 et
2367 4121 2494 4161 cum
2543 4104 2817 4176 episcopis
2862 4112 2918 4159 et
2940 4101 3372 4174 archiepiscopis

128 4179 395 4242 celebravit.
444 4187 735 4261 Philippus
781 4206 919 4262 puer
947 4207 1123 4263 nuper
1152 4194 1208 4248 iu
1238 4209 1421 4265 regem
1454 4203 1675 4260 unctus,
1779 4208 1978 4266 papam
2022 4195 2401 4253 Innocentium
2445 4196 2677 4254 Romam
2711 4196 3010 4262 deducens,
3040 4204 3232 4252 contra
3259 4192 3368 4249 Pe-

126 4268 232 4327 dum
254 4275 304 4330 in
335 4279 549 4337 civitate
576 4280 823 4339 Parisius
851 4299 997 4355 equo
1043 4284 1280 4352 vehitur,
1317 4302 1519 4356 porcus
1549 4287 1676 4357 equi
1780 4294 1927 4342 trum
1957 4287 2178 4357 Leonis,
2201 4290 2296 4361 qui
2324 4290 2723 4346 monasterium
2746 4289 2939 4345 sancti
2970 4287 3121 4344 Petri
3152 4287 3371 4342 munio-

126 4364 314 4431 Μίδαις
354 4385 412 4428 se
454 4372 601 4430 forte
649 4377 1022 4445 summittens,
1048 4393 1252 4449 equum
1304 4392 1467 4447 super
1493 4378 1674 4447 ipsum
1776 4389 1884 4446 rat,
1929 4394 2055 4434 eum
2099 4380 2157 4436 in
2183 4382 2462 4453 episcopio
2490 4381 2847 4438 Lateranensi
2886 4381 2941 4436 in
2987 4381 3115 4436 sede
3157 4377 3376 4452 pontiﬁ-

127 4459 398 4531 Ρηοὶρὶιεηι
438 4466 610 4535 dedit,
657 4475 713 4524 et
759 4468 828 4525 de
873 4469 995 4541 ejus
1033 4470 1214 4525 subita
1260 4477 1316 4525 et
1363 4469 1674 4526 miseranda
1778 4470 1882 4525 eali
1906 4480 2158 4542 potenter
2189 4474 2439 4529 collocat.
2476 4472 2659 4544 ipsum
2696 4486 2829 4529 vero
2857 4473 3181 4528 Liutherum
3209 4472 3374 4527 Inno-

128 4557 270 4607 morte
309 4552 531 4615 Francis
561 4558 770 4615 luctum
817 4559 1052 4627 induxit,
1104 4561 1139 4617 5
1166 4560 1244 4617 ld.
1275 4559 1398 4617 Oct.
1433 4560 1674 4617 Ecclesia
1706 4563 1751 4618 Ι)
1776 4563 1993 4619 centius
2017 4578 2158 4634 papa
2186 4563 2387 4620 ibidem
2416 4566 2472 4620 iu
2495 4566 2881 4636 imperatorem
2911 4574 3220 4621 consecrat.

126 4643 269 4697 sancti
293 4642 525 4706 Medardi
580 4648 899 4709 Suessionis
926 4653 997 4709 ab
1023 4651 1342 4709 Innocentio
1370 4664 1508 4723 papa
1534 4667 1670 4707 eon-

1621 4668 1670 4706 ι-
1921 4656 2082 4712 1154.
2300 4657 2353 4712 8.
2534 4658 2628 4715 25.
2809 4657 2899 4714 54.
3120 4656 3174 4711 6.

125 4740 350 4790 sacratur.
392 4738 643 4797 Concilio
691 4740 879 4800 Remis
912 4744 1119 4810 habito,
1150 4752 1404 4815 preseute
1431 4741 1674 4799 Franco~
1853 4745 1990 4818 (1b.)
2050 4745 2355 4805 Norbertus
2415 4749 2882 4820 archiepiscOpus,
2928 4749 3012 4804 vir
3062 4757 3260 4820 potens
3310 4748 3368 4804 in

127 4830 222 4875 "Im
244 4840 357 4897 rege
376 4827 661 4902 Ludovico
680 4875 696 4900 ,
742 4834 889 4891 illius
916 4835 1036 4905 ejus
1064 4837 1375 4893 Ludovicus
1402 4836 1456 4892 in
1488 4853 1671 4910 regem
1778 4854 1944 4912 opere
1960 4849 2015 4896 et
2033 4856 2307 4909 sermone,
2356 4842 2656 4898 multorum
2692 4841 3155 4898 monasteriorum
3178 4839 3377 4896 {uuida-

126 4921 435 4976 Oonsecratur
462 4939 495 4979 a
522 4940 663 4997 papa
693 4925 1034 4993 Innocentio,
1067 4927 1100 4983 8
1130 4928 1250 4983 Kal.
1279 4929 1416 4985 Nov.
1448 4929 1564 4985 Sub
1584 4929 1671 4985 his
1777 4941 1884 5000 tor,
1908 4942 1963 4989 et
1987 4943 2192 4991 sanctae
2219 4934 2502 5007 religionis
2542 4935 2781 5000 eximius
2821 4943 3171 5006 propagator,
3210 4932 3377 4989 Inno—

128 5006 420 5073 ιειυροτίδυε
451 5017 589 5073 ordo
623 5019 924 5077 canonicos
971 5019 1588 5088 Premonstratensium,
1618 5030 1674 5077 et
1778 5025 1944 5079 centii
1987 5040 2143 5097 papa:
2169 5006 2427 5084 catholici
2451 5027 2790 5099 equissimus
2832 5026 3034 5095 fautor,
3062 5026 3210 5081 Petri
3239 5040 3373 5081 vero

127 5100 420 5160 Mnasticus
442 5106 913 5179 Cistercienslum,
943 5112 1103 5184 quasi
1129 5112 1252 5167 duae
1276 5113 1433 5168 olivae
1458 5114 1511 5167 in
1541 5128 1674 5169 con-
1774 5117 2076 5174 scismatici
2127 5119 2473 5190 iustissimus
2505 5129 2813 5189 execrator,
2857 5136 2984 5177 eum
3035 5120 3371 5191 imperatore

305 5192 534 5267 Domini,
562 5203 776 5273 pietatis
807 5205 993 5263 lumen
1023 5216 1079 5263 et
1106 5205 1414 5262 devotionis
1440 5206 1670 5278 pingue-
1774 5206 2038 5265 Liuthero
2084 5210 2154 5265 ab
2176 5212 2525 5281 expeditione
2549 5211 2732 5268 Italica
2779 5212 3143 5283 regressusin
3172 5207 3369 5275 civita—

128 5272 276 5373 t‘iinem
306 5290 505 5346 mundo
537 5272 943 5365 ministrabant,
982 5305 1038 5352 et
1082 5297 1241 5368 quasi
1290 5272 1667 5352 vites'fructi-
1774 5303 1887 5351 tem
1909 5312 2089 5367 suam,
2140 5272 2267 5355 non.
2282 5301 2458 5357 multo
2480 5311 2605 5373 post
2627 5272 2948 5356 inﬁrmitate
2971 5272 3285 5367 corripitur,
3313 5303 3369 5351 et

128 5357 269 5465 ferte,
316 5377 589 5451 religionis
639 5386 891 5456 palmites
928 5357 1372 5458 circumquaque
1403 5402 1672 5458 propaga-
1772 5385 1829 5442 in
1862 5403 1927 5444 ea
1957 5406 2056 5460 per
2076 5357 2321 5463 spatium
2362 5357 2601 5465 quatuor
2622 5393 2897 5450 mensium
2936 5357 3216 5457 labora-ns,
3246 5357 3365 5458 epio

129 5450 253 5557 ξηηιο
287 5474 341 5522 et
365 5450 458 5540 per
482 5450 673 5535 omnes
701 5477 815 5536 fere
862 5450 1355 5537 christiani-orbis
1401 5450 1668 5536 terminos
1777 5450 2001 5552 seopat-u
2032 5450 2307 5557 sapienter
2333 5450 2398 5543 ac
2428 5487 2656 5544 fideliter
2702 5487 3019 5542 ministrate
3060 5497 3156 5552 per
3184 5450 3363 5537 annos

131 5543 259 5648 limat
277 5561 538 5648 opinionis
564 5571 825 5639 paulatim
851 5572 1020 5629 odore
1048 5573 1270 5641 ditfuso,
1304 5587 1475 5629 novas
1500 5572 1670 5627 abba-
1775 5543 2528 5646 octo,astantibusfratribus,
2547 5580 2674 5635 data
2693 5543 3089 5642 benedictione,
3102 5572 3358 5629 moritur.

130 5644 233 5710 tias,
262 5651 344 5707 ubi
370 5644 524 5714 antea
553 5660 648 5718 Dei
679 5664 860 5721 cultus
887 5680 996 5721 non
1023 5664 1221 5734 fuerat,
1251 5664 1665 5722 construebant.
1775 5666 1914 5724 Cum
1941 5670 2009 5726 de
2038 5672 2315 5743 sepultura
2349 5672 2490 5729 inter
2516 5644 2750 5728 clericos
2772 5666 2999 5740 majoris
3027 5664 3364 5723 recciesiaeet

1594 5777 1829 5836 NOTAS.
2379 5766 2390 5774 ’

190 5847 315 5923 {303)
338 5857 397 5912 Α.
425 5861 576 5927 1153,
606 5872 818 5933 ponunt
844 5863 1015 5922 Laud.
1045 5875 1099 5923 et
1133 5865 1404 5939 Burburg.
