3934 6316
550 382 649 440 371

1718 378 2076 440 SIGEBER'I'I
2115 376 2639 436 GEMBLACENSIS

3718 385 3813 441 δτι

549 496 749 554 ἠπίως
794 504 997 553 sancta:
1035 494 1220 553 Maria:
1249 496 1527 553 contentio
1554 494 1724 562 ﬁeret,
1749 510 1839 551 res
1867 494 1934 550 ad
1959 493 2131 565 impe—
2162 499 2211 559 Α
2238 508 2413 549 annos
2443 491 2588 566 apud
2617 490 2944 548 Solodorurn
2978 492 3035 547 in
3066 491 3377 550 reclusione
3394 492 3605 549 vivens-
3641 509 3815 568 egres-

548 598 787 648 ratorem
816 589 994 647 delata
1028 598 1132 657 est,
1153 597 1207 645 et
1245 605 1312 646 ex
1338 589 1458 660 ejus
1487 596 1761 659 praecepto
1800 588 1854 642 in
1885 588 2131 643 accclesia

547 690 755 740 sancte
782 682 967 738 Mariae
988 696 1113 738 cum
1144 682 1271 738 liliis
1314 697 1378 737 ac
1402 680 1686 747 fratribus,
1721 694 1861 751 quos
1890 679 1945 733 in
1967 678 2131 733 Chri-

549 782 638 832 sto
672 783 932 847 genuerat
971 783 1026 829 et
1070 773 1292 830 Christo
1325 774 1685 837 educaverat,
1728 771 1975 842 sepultus
2025 778 2130 826 est.

548 865 720 938 Cujus
741 865 922 921 extitit
952 864 1008 920 in
1033 864 1256 921 Christo
1284 864 1544 920 dormitio
1573 862 1706 918 81d.
1732 859 1883 916 Julii.

668 958 854 1014 1155.
986 956 1055 1012 Η.
1080 958 1134 1013 9.
1253 955 1314 1011 F.
1346 955 1437 1011 26.
1527 956 1591 1008 Α.
1617 954 1707 1008 35.
1797 952 1864 1007 II.
1904 952 1954 1004 7.

618 1048 707 1117 (C.
734 1048 938 1120 Laud.)
968 1047 1236 1106 Henricus
1257 1049 1393 1114 obit,
1420 1063 1514 1103 rex
1544 1046 1770 1117 Angliae,
1791 1045 1874 1099 vir
1898 1044 1951 1099 in
1982 1043 2133 1115 regni

547 1146 637 1202 sui
660 1146 1154 1203 amministrationc
1181 1146 1475 1218 singularis
1495 1145 1800 1202 severitatis
1822 1154 1986 1215 atque
2008 1160 2135 1199 cen-
2242 1180 2243 1183 η

546 1256 715 1296 surae.
741 1239 844 1296 Cui
901 1240 1212 1311 Stephanus
1255 1241 1324 1297 de
1364 1254 1557 1296 sorore
1588 1253 1759 1308 nepos
1801 1237 1853 1292 in
1907 1250 2133 1307 regnum

420 1359 429 1364 -
544 1332 815 1399 succedit,
871 1333 967 1388 sed
1018 1344 1217 1403 magna
1267 1340 1421 1403 parte
1462 1331 1615 1402 regni
1666 1329 1971 1394 mutilatus,
2026 1342 2135 1381 non

547 1423 724 1479 multo
761 1430 886 1493 post
911 1430 1082 1478 totam
1136 1420 1530 1477 Normanniam
1572 1419 1791 1475 amittit.
1822 1418 1958 1472 Filia
1989 1418 2140 1473 enim

547 1513 692 1584 regis
715 1511 935 1569 Henrici
959 1512 1254 1580 Mathildis,
1280 1527 1403 1582 qua;
1423 1511 1601 1582 primo
1623 1518 1883 1580 nupserat
1904 1507 2136 1562 Ilenrico

547 1603 890 1675 imperatori,
907 1604 1257 1674 postmodum
1283 1602 1511 1658 Giﬂ‘rido
1526 1601 1712 1657 comiti
1736 1600 2134 1671 Andcgavensi,

547 1710 653 1766 ope
676 1696 823 1768 regis
847 1695 1188 1752 Francorum
1212 1695 1476 1752 Ludovici
1503 1694 1857 1750 Normanniae
1876 1694 2134 1747 ducatum

545 1794 798 1854 occupat,
816 1790 875 1841 ‘et
897 1785 952 1839 in
985 1786 1103 1856 ipsa
1126 1785 1320 1857 Anglia
1340 1800 1567 1857 magnas
1593 1785 1641 1840 ci
1673 1784 1955 1840 molestias
1975 1792 2138 1853 atque

2237 603 2337 643 sus
2363 585 2509 651 inde,
2540 586 2924 654 imperatorem
2946 582 3242 642 Henricum
3270 602 3330 643 se
3350 602 3473 643 esse
3511 603 3619 642 me!
3641 588 3813 645 tiendo

2237 677 2394 733 dixit.
2424 675 2529 743 Qui
2558 691 2685 757 cum
2716 676 2920 732 multos
2957 677 3266 733 seducendo
3296 677 3403 733 sibi
3446 678 3744 746 allexisset,
3764 680 3812 738 in

2232 778 2443 825 tantum
2467 778 2528 824 ut
2548 783 2649 839 pro
2690 783 2759 823 eo
2793 769 2959 823 etiam
2989 785 3182 841 graves
3222 786 3420 842 pugnae
3448 779 3505 825 et
3528 771 3811 828 homicidia

2234 859 2445 929 tierent,
2477 862 2600 916 aliis
2625 874 2753 915 eum
2776 860 3192 931 recipientibus,
3214 861 3337 918 aliis
3364 863 3707 919 seductorem
3728 880 3814 933 pa.

2234 955 2341 1010 lam
2393 955 2793 1026 proﬁtentibus,
2830 954 3048 1009 tandem
3083 955 3360 1011 declarata
3402 955 3526 1027 ejus
3564 954 3811 1019 falsitate.

2233 1047 2482 1103 Cluniaci
2513 1048 2568 1102 in
2597 1047 2932 1103 monachum
2956 1055 3209 1103 attonsus
3232 1056 3338 1104 est.

2380 1140 2539 1195 1159.
2756 1139 2812 1194 2.
3033 1138 3088 1193 2.
3307 1139 3362 1194 4.
3548 1138 3634 1193 11.

2306 1230 2577 1288 Rainoldo
2599 1230 2896 1288 Remorum
2933 1230 3347 1302 archiepiscopo
3368 1229 3628 1287 defuncto
3654 1232 3812 1303 (501),

2234 1325 2479 1383 ecclesia
2509 1324 2795 1380 Remensis
2823 1339 2921 1395 per
2950 1324 3231 1381 biennium
3277 1322 3392 1380 fere
3434 1324 3698 1395 pontiﬁce
3734 1341 3815 1380 ra-

2234 1418 2375 1485 ruit;
2405 1426 2461 1473 et
2499 1416 2719 1472 tandem
2772 1416 2879 1471 hoc
2899 1431 3044 1470 anno
3075 1415 3311 1471 Samson
3334 1416 3402 1471 de
3432 1416 3584 1471 clero
3614 1415 3813 1469 Carno-

2234 1506 2411 1563 tensis
2460 1506 2720 1562 aecclesiae
2775 1504 3104 1561 Bemensem
3152 1505 3511 1575 prmsulatum
3565 1505 3811 1575 suscepit.

2237 1597 2492 1654 Florebat
2518 1598 2625 1653 hoc
2672 1605 2919 1668 tempore
2950 1595 3230 1652 Gallicana
3278 1596 3525 1652 aeeclesia
3554 1612 3656 1667 per
3683 1597 3815 1651 viros

2236 1689 2498 1761 religione
2528 1705 2593 1746 ac
2618 1689 2885 1761 sapientia
2936 1689 3199 1756 illustres,
3243 1688 3503 1745 Milonem
3546 1688 3815 1745 Morinen-

2237 1796 2351 1837 sem
2373 1781 2711 1863 episcopum,
2756 1781 3082 1838 humilitatis
3107 1781 3308 1837 virtute
3352 1782 3702 1853 prceipuum,
3734 1778 3814 1834 Al-

545 1864 887 1929 calamitates
915 1874 1169 1930 suscitat.
1207 1873 1381 1940 Quem
1409 1873 1573 1928 etiam
1619 1873 1763 1929 bello
1783 1872 2135 1944 postmodum
2169 1866 2212 1921 Β
2237 1874 2418 1929 visum
2445 1873 2882 1941 Atrebatensem,
2930 1874 3256 1931 liberalitate
3300 1883 3466 1945 atque
3508 1874 3742 1930 consilio
3771 1882 3818 1928 et

544 1963 723 2031 cepit;
758 1964 851 2018 sed
898 1978 999 2034 pro
1040 1965 1238 2019 comite
1268 1963 1508 2021 Roberto
1536 1965 1706 2022 fratre
1730 1982 1854 2034 suo,
1888 1981 1920 2021 a
1948 1966 2134 2037 regina

544 2053 756 2125 Anglia
801 2064 981 2126 capto,
1014 2072 1140 2112 eum
1187 2054 1470 2112 relaxavit.
1512 2055 1647 2129 (1b.)
1680 2056 1888 2113 Ventus
1933 2055 2135 2111 nimius

544 2144 582 2197 δ
615 2144 734 2201 Kal.
759 2144 895 2201 Nov.
922 2145 1047 2213 fuit,
1077 2148 1171 2218 qui
1213 2156 1396 2205 turres
1424 2157 1481 2204 et
1498 2147 1712 2204 ediﬁcia
1741 2150 1910 2204 multa
1945 2148 2131 2204 diruit.

696 2239 852 2294 “56.
1037 2239 1125 2295 10.
1310 2240 1401 2297 27.
1623 2242 1674 2296 1.
1893 2242 1947 2296 8.

617 2328 754 2402 (1b.)
805 2329 955 2387 Mare
983 2332 1249 2390 terminos
1297 2348 1431 2390 suos
1495 2348 1806 2405 egressum,
1857 2334 2135 2405 inopinate

543 2421 842 2478 submersit
884 2420 1017 2478 eum
1069 2423 1474 2480 habitatoribus
1529 2425 1647 2481 suis
1694 2434 1905 2497 partem
1969 2425 2133 2479 Fian-

542 2512 817 2569 driarum.

688 2605 848 2660 “37.
962 2602 1122 2662 ’n.
1305 2607 1397 2667 28.
1528 2584 1671 2662 ἐξ.
1889 2608 1924 2664 9

1034 2607 1122 2662 11.

614 2693 753 2767 (Ιὸ.)
782 2692 1015 2754 Siccitas
1037 2708 1189 2754 tanta
1232 2697 1337 2755 fuit
1367 2701 1422 2754 in
1454 2698 1707 2767 Francia,
1731 2709 1993 2772 quantam
2036 2717 2134 2756 ne-

541 2796 658 2855 mo,
695 2788 791 2859 qui
821 2799 951 2847 tunc
970 2791 1201 2859 viveret,
1226 2807 1286 2847 se
1312 2792 1516 2849 vidisse
1538 2793 1623 2847 vel
1659 2792 1729 2847 ab
1769 2794 2123 2849 antecessorio

544 2879 656 2938 bus
692 2883 811 2939 suis
849 2885 1072 2940 audisse
1115 2893 1430 2953 testaretur,
1463 2887 1538 2940 ita
1568 2894 1629 2941 ut
1667 2885 1846 2943 fontes
1869 2896 1926 2943 et
1966 2885 2133 2957 putei,

548 2973 775 3044 quidam
799 2974 965 3029 etiam
995 2973 1148 3029 ﬂuvii
1188 2975 1548 3031 siccarentur.
1581 2975 1881 3047 Imperator
1912 2974 2137 3032 Liuthe-

548 3076 649 3121 rus
672 3066 971 3122 secundam
1002 3064 1135 3122 facit
1160 3066 1562 3138 expeditionem
1590 3067 1646 3122 in
1676 3065 1907 3123 Italiam.
1939 3066 2136 3124 Comes

545 3157 909 3217 Pictaviensis
937 3159 1245 3217 Willelmus
1262 3156 1333 3216 ad
1356 3159 1619 3217 Sanctum
1644 3159 1999 3217 Jacobnmin
2023 3159 2133 3217 Ga-

2237 1966 2488 2023 facundia
2519 1967 2752 2033 clarum,
2786 1965 3143 2023 Codcl'ridum
3183 1966 3614 2038 Lingoncnsem,
3642 1965 3815 2038 Rugo-

2237 2074 2362 2114 nem
2425 2057 2956 2126 Autisiodorenscm,
3002 2056 3286 2114 Joslenum
3346 2057 3815 2122 Suessioncnsem.

2237 2150 2525 2208 Ciil‘ridum
2560 2150 3045 2218 Catalauncnsem,
3082 2149 3393 2206 Albericum
3430 2149 3813 2206 Bituricensem

2237 2242 2735 2313 archiepiscopum,
2786 2242 3014 2299 scientia
3063 2242 3368 2298 litterarum
3413 2251 3583 2313 atque
3618 2242 3814 2298 consilii

2237 2334 2526 2407 prudentia
2559 2334 2953 2392 clarissimum.
3010 2334 3156 2390 Inter
3194 2335 3298 2390 hos
3338 2344 3394 2390 et
3439 2335 3582 2389 alios
3631 2335 3817 2389 multos

2237 2436 2370 2484 tunc
2413 2428 2594 2483 claros
2632 2427 2862 2484 scientia
2893 2427 3041 2483 viros
3081 2427 3247 2482 etiam
3289 2425 3611 2483 Bernardus
3648 2425 3816 2481 Clare-

2126 2545 2133 2553 -
2236 2517 2495 2574 vallensis
2531 2517 2724 2587 abbas,
2771 2517 2857 2573 vir
2907 2517 3307 2588 opinatissima:
3349 2516 3657 2588 religionis,
3696 2516 3817 2571 emi-

2238 2610 2562 2667 nentissime
2597 2609 2865 2678 clarebat;
2914 2609 3007 2680 qui
3054 2609 3207 2665 verbi
3258 2608 3353 2664 Dei
3391 2607 3817 2665 ferventissimus

2237 2699 2545 2771 predicator
2558 2708 2613 2756 et
2633 2699 3118 2773 innumerabilium
3144 2699 3606 2755 monasteriorum
3635 2698 3808 2754 funda-

2236 2799 2345 2857 tor,
2383 2791 2587 2848 multas
2608 2790 2809 2847 cotidie
2848 2790 3064 2848 animas
3092 2791 3161 2847 ad
3190 2791 3435 2848 studium
3467 2790 3748 2863 religionis
3770 2799 3816 2842 et

2238 2893 2444 2939 sanctae
2471 2884 2808 2954 paupertatis
2840 2884 3181 2955 propositum
3204 2883 3486 2945 inbuebat.
3512 2882 3601 2953 (Ε.
3631 2882 3812 2949 Laud.)

2238 2971 2623 3031 Habitaculum
2657 2989 2939 3031 servorum
2992 2972 3089 3033 Dei
3122 2976 3179 3031 in
3223 2976 3346 3031 loco
3390 2976 3488 3047 qui
3516 2976 3717 3031 dicitur
3745 2973 3813 3027 Α]

2239 3055 2481 3122 mentem
2512 3064 2606 3121 Dei
2629 3066 2991 3132 construitur.

2383 3157 2543 3214 1140.
2760 3158 2816 3214 5.
3035 3159 3090 3214 ὅ.
3310 3160 3365 3215 5.
3592 3160 3681 3214 η.

543 3250 674 3305 latis
705 3250 971 3307 orationis
999 3266 1166 3308 causa
1203 3251 1591 3322 proﬁciscitur,
1620 3259 1675 3308 et
1705 3252 1760 3307 in
1798 3251 1833 3306 6
1863 3250 1999 3308 feria
2033 3267 2133 3323 pa-
2162 3210 2205 3269 Ο
2309 3247 2465 3321 Hugo
2495 3247 2825 3306 Parisiensis
2861 3248 3048 3306 Sancti
3086 3248 3326 3306 Victoris
3353 3251 3679 3318 eanonicus,
3700 3250 3812 3306 rdi-
3930 3290 3931 3323 γ

542 3357 770 3399 rasceve
816 3344 871 3398 in
920 3343 1170 3399 acclesia
1226 3343 1373 3400 beati
1414 3342 1602 3400 Jacobi
1638 3344 1894 3411 moritur,
1929 3354 1985 3399 et
2008 3352 2136 3399 ante

542 3435 715 3490 altare
742 3436 1020 3505 sepelitur.
1045 3434 1152 3503 Qui
1197 3432 1501 3495 moriturus
1535 3452 1790 3508 proceres
1816 3452 1969 3503 suos,
1994 3451 2136 3507 quos

500 3521 505 3526 ’
541 3536 730 3581 secum
760 3526 1016 3596 habebat,
1055 3536 1417 3597 contestatur,
1439 3530 1632 3584 uti-lilia
1664 3545 1763 3586 sua
1793 3528 1970 3600 major
1990 3527 2136 3584 Alie-

541 3618 735 3675 nordis
755 3617 1034 3677 Ludovico
1055 3621 1263 3693 juniori
1298 3606 1638 3678 Francorum
1674 3621 1789 3692 regi
1812 3637 1937 3677 cum
1964 3619 2137 3691 Aqui-

540 3711 708 3767 taniae
749 3712 951 3769 ducatu
1005 3728 1148 3769 uxor
1175 3713 1445 3771 tradatur.
1477 3711 1612 3784 (1b.)
1651 3712 1827 3779 Quam
1855 3712 2135 3784 prodictus

542 3799 859 3860 Ludovicus
912 3804 1057 3875 apud
1114 3803 1473 3876 Burdegalam
1498 3844 1515 3871 ,
1571 3804 1927 3874 optimatibus
1981 3805 2135 3877 regni

541 3895 914 3962 presentibus,
942 3893 1125 3964 jungit
1154 3893 1258 3949 sibi
1287 3893 1495 3964 nuptiis
1520 3909 1686 3964 quam
1719 3893 2132 3965 sollcmpnibus.

541 3982 717 4054 Cujus
745 3993 904 4054 pater
951 3983 1436 4041 Ludovicusintra
1468 3985 1701 4042 eundem
1734 3984 1847 4043 fere
1889 4001 2135 4042 mensem

544 4076 692 4148 apud
733 4069 994 4148 Parisyus
1021 4075 1335 4145 defunctus,
1368 4077 1424 4133 in
1456 4077 1703 4134 tecclesia
1725 4077 1871 4134 beati
1888 4077 2135 4152 Dyouisii

541 4173 674 4221 ante
693 4181 895 4236 corpus
924 4166 1100 4238 ipsius
1139 4177 1225 4224 est
1244 4169 1514 4239 sepultus,
1544 4166 1664 4224 Kal.
1700 4167 1840 4240 Aug.
1881 4169 1953 4225 28
1986 4184 2134 4225 anno

541 4257 699 4329 regni
725 4258 832 4314 sui.
854 4257 1154 4315 Liutberus
1178 4259 1478 4332 imperator
1520 4270 1647 4332 post
1672 4262 1957 4317 subactam
1988 4261 2043 4315 in
2079 4260 2139 4315 ﬂ-

543 4346 769 4406 deIitate
806 4349 1069 4407 Romanae
1109 4352 1371 4409 ecclesia:
1408 4352 1665 4424 Apuliam
1703 4352 1920 4409 rediens
1946 4352 2003 4408 in
2040 4367 2137 4423 pa-

543 4432 707 4499 triam
733 4459 892 4501 suam
925 4445 1192 4515 moritur;
1223 4455 1279 4503 et
1305 4445 1653 4515 Cuonradus,
1682 4446 1779 4518 qui
1800 4454 1927 4502 ante
1954 4446 2135 4516 ipsum

2236 3342 2399 3413 gionc
2417 3351 2471 3397 et
2493 3342 2801 3398 litterarum
2831 3343 3057 3399 scientia
3085 3343 3271 3399 clarus
3291 3353 3348 3399 et
3377 3344 3431 3399 in
3456 3353 3668 3415 septem
3693 3343 3810 3399 libe-

2235 3436 2434 3491 ralium
2472 3437 2671 3492 artium
2706 3436 2897 3507 peritia
2940 3437 3076 3491 nulli
3121 3437 3207 3493 sui
3243 3438 3505 3509 temporis
3531 3437 3811 3501 secundus,

2238 3527 2354 3583 obit
2399 3527 2572 3599 (505).
2605 3526 2710 3595 Qui
2757 3528 2896 3582 inter
2944 3528 3116 3583 multa
3173 3515 3297 3599 qua:
3342 3528 3548 3586 utiliter
3587 3528 3811 3600 scripsit,

2236 3620 2400 3676 etiam
2458 3619 2660 3674 librum
2709 3619 2777 3674 dc
2822 3619 3186 3675 sacramentis
3231 3620 3389 3676 valde
3434 3620 3809 3683 necessarium.

2236 3709 2455 3774 duobus
2483 3710 2853 3767 voluminibus
2875 3710 3358 3781 comprehensum,
3379 3711 3569 3768 edidit.
3598 3710 3811 3767 Senoois

2237 3814 2489 3874 preseute
2514 3818 2641 3874 rege
2670 3801 2950 3860 Ludovico
2970 3804 3356 3875 episcoporum
3383 3812 3440 3859 et
3458 3804 3715 3860 abbatum
3739 3818 3810 3856 rec

2239 3893 2561 3965 ligiosorum
2584 3894 2645 3950 lit
2668 3903 2972 3951 conventus
2992 3903 3183 3951 contra
3208 3894 3435 3952 Petrum
3456 3895 3808 3955 Abalardum.

2238 3983 2335 4056 qui
2359 3984 2595 4055 quadam
2615 3983 2844 4055 profana
2871 3984 3165 4041 verborum
3194 3984 3277 4039 vel
3300 4000 3565 4053 sensuum
3590 3983 3810 4041 novitate
3844 4005 3855 4014 -

2239 4076 2544 4134 tecclesiam
2592 4076 3017 4134 scandalizabat.
3055 4075 3163 4145 Qui
3210 4077 3281 4133 ab
3309 4077 3391 4134 eis
3429 4076 3809 4148 interpellatus,

2240 4186 2367 4226 cum
2390 4181 2539 4226 esset
2585 4184 2976 4240 responsurus,
3010 4170 3079 4226 de
3102 4168 3316 4240 justitia
3348 4168 3579 4236 veritus,
3608 4166 3810 4225 audien-

2241 4261 2374 4317 tiam
2406 4260 2722 4332 apostolicae
2745 4260 2892 4317 sedis
2911 4260 3232 4332 appellavit;
3256 4268 3312 4315 et
3340 4259 3421 4316 sic
3444 4258 3808 4325 evadensm

2240 4353 2417 4409 multo
2445 4361 2573 4423 post
2613 4350 2866 4407 Cabiloni
2909 4352 2980 4408 ad
3030 4352 3295 4409 Sanctum
3332 4349 3649 4407 Marcellum
3672 4348 3805 4405 obiit.

2242 4445 2369 4518 (An.
2396 4444 2556 4511 1142,
2602 4443 2780 4516 April.
2831 4443 2949 4515 2|.)
2996 4443 3145 4500 Inter
3191 4459 3376 4516 regem
3412 4442 3809 4501 Ludovicumet

543 4534 834 4605 imperium
856 4536 1225 4607 aﬂ’ectaverat,
1253 4537 1838 4611 Henriciimperatoris
1853 4538 1922 4595 de
1946 4551 2137 4595 sorore
2174 4581 2216 4611 η
2241 4536 2501 4594 comitem
2538 4534 2911 4593 'I‘beobaldum
2952 4535 3104 4609 (506)
3155 4536 3456 4592 simultatis
3475 4550 3692 4609 germen
3710 4531 3810 4604 pul-

545 4641 740 4697 nepos,
775 4629 842 4685 ad
868 4646 1097 4703 regnum
1125 4632 1466 4703 provehitur.

683 4720 842 4776 uss.
1061 4724 1114 4779 1.
1342 4725 1394 4780 1.
1615 4723 1669 4779 s.
1759 4781 1769 4791 ,
1854 4721 1941 4776 ιθ.

609 4811 739 4869 Obit
780 4813 961 4886 Drogo
990 4814 1151 4871 bona:
1193 4817 1477 4873 memoria:
1508 4814 1780 4873 Ostiensis
1816 4814 2131 4884 episcopus,

538 4910 629 4964 vir
646 4908 912 4979 religione
933 4923 998 4963 ac
1015 4909 1282 4978 sapientia
1326 4911 1543 4965 clarus.
1567 4908 1763 4965 Petrus
1784 4907 2007 4975 Leonis,
2037 4907 2133 4979 qui

536 5016 641 5072 per
684 5000 887 5056 scisma
926 5001 1266 5070 presulatum
1308 5000 1554 5057 Romane
1573 5000 1721 5057 sedis
1745 5009 1934 5057 contra
1960 4998 2145 5055 ωηο-ο

537 5092 783 5151 centium
814 5092 1111 5159 invaserat,
1137 5101 1193 5147 et
1217 5094 1480 5150 aecclesiae
1510 5093 1604 5148 Dei
1633 5107 1836 5165 magno
1870 5091 2130 5149 seandalo

536 5187 653 5257 iam
682 5200 781 5257 per
820 5194 948 5240 octo
978 5199 1156 5240 annos
1205 5183 1406 5252 fuerat,
1446 5184 1544 5241 Dei
1574 5184 1783 5256 judicio
1835 5199 2135 5256 percussus

540 5279 659 5335 obit
702 5276 853 5350 (Jan.
897 5277 1025 5349 25);
1056 5285 1113 5332 et
1145 5277 1217 5332 ab
1248 5292 1317 5334 eo
1358 5278 1642 5333 ordinatos
1676 5278 1988 5349 degradari,
2032 5291 2135 5331 nec

538 5368 689 5424 ultra
709 5368 778 5423 ad
808 5382 1000 5424 sacros
1024 5366 1251 5423 ordines
1273 5367 1606 5438 promoveri,
1620 5366 1972 5444 Innocentius
1992 5381 2131 5437 papa

528 5454 804 5513 decernit.
839 5455 936 5513 His
971 5456 1312 5527 temporibus
1348 5456 1571 5528 quidam
1626 5456 2134 5527 pseudoimperator

539 5546 599 5604 in
649 5551 897 5620 partibus
945 5549 1283 5607 Alemannis!
1327 5550 1585 5616 surrexit,
1642 5548 1735 5621 qui
1783 5564 1879 5620 per
1925 5547 2134 5618 aliquot

2197 4628 2396 4694 LIulat,
2421 4642 2522 4699 pro
2551 4643 2618 4683 eo
2645 4628 2793 4699 quod
2816 4643 3006 4685 comes
3026 4644 3153 4686 cum
3193 4643 3321 4701 rege
3347 4628 3405 4685 in
3447 4628 3806 4702 Aquitaniam

2241 4719 2644 4790 expeditionem
2671 4718 2946 4791 proﬁcisci
2974 4720 3261 4777 detrectat.

2388 4812 2546 4867 1141.
2764 4811 2820 4866 4.
3038 4812 3095 4869 4.
3272 4862 3277 4865 .
3318 4813 3375 4869 6.
3562 4811 3667 4877 13.¹

2314 4902 2565 4977 Rogerus
2595 4904 2667 4959 de
2711 4903 2897 4962 Sicilia
2939 4914 3066 4976 post
3105 4914 3441 4978 occupatum
3491 4902 3807 4961 Calabriae!

2240 4993 2452 5065 Apuliae
2501 4993 2895 5065 principatum,
2924 5011 3126 5067 papam
3155 4995 3538 5054 Innocentium
3576 4993 3709 5050 bello
3732 5005 3801 5044 ce-

2240 5087 2350 5159 pit;
2381 5095 2437 5144 ct
2462 5086 2605 5145 facta
2626 5103 2753 5144 cum
2782 5102 2850 5144 eo
2882 5088 3278 5161 qualicumque
3306 5103 3465 5158 pace,
3496 5094 3559 5142 ut
3578 5084 3653 5140 ab
3674 5098 3735 5138 eo
3759 5081 3805 5133 in

2242 5193 2426 5251 regem
2453 5185 2834 5245 coronaretur,
2862 5178 3130 5247 obtinuit;
3162 5178 3353 5249 sicque
3367 5177 3584 5249 primus
3600 5175 3665 5231 de
3681 5168 3804 5227 Nor-

2240 5286 2571 5327 mannorum
2634 5285 2835 5343 genere
2887 5271 3033 5343 regis
3083 5270 3191 5327 sibi
3252 5286 3455 5327 nomen
3511 5263 3802 5338 usurpavit.

2238 5370 2294 5417 et
2314 5362 2666 5433 postmodum
2709 5364 2878 5419 etiam
2903 5363 2958 5418 in
3005 5362 3210 5419 Aﬂ’rica
3250 5363 3546 5418 nonnullas
3585 5359 3804 5417 civitates

2238 5455 2356 5511 sive
2377 5455 2691 5526 provincias
2714 5455 3024 5527 occupavit.
3051 5454 3309 5512 Castrum
3332 5445 3801 5520 Bullonium,quod

2240 5548 2544 5606 Rainaldus
2588 5564 2777 5607 comes
2810 5549 3015 5621 injuste
3057 5556 3332 5618 tenuerat,
3364 5548 3576 5620 capitur
3613 5544 3678 5600 ab
3702 5538 3800 5612 epi-

2069 5680 2296 5739 NOTAE.

613 5770 765 5845 (39;)
799 5771 865 5845 ᾼ.
896 5770 1142 5845 115ξ191.
1170 5770 1395 5827 Ianuar.

612 5841 764 5915 (503)
799 5841 857 5895 D.
893 5843 971 5895 ll.
1009 5841 1166 5896 Febr.
1202 5859 1252 5897 a.
1306 5844 1475 5914 Ilii;
1508 5844 1576 5898 cf.
1613 5843 1837 5918 Pagium
1870 5855 1921 5901 et
1948 5845 2123 5903 Μειηεὶ

2238 5775 2304 5831 ad
2328 5773 2524 5830 llaron.
2559 5791 2608 5829 a.
2650 5772 2805 5828 1110.

2306 5846 2455 5916 (506)
2481 5845 2813 5902 Blesensem.
