3934 6316
160 348 250 406 373
662 395 668 404 ,
854 332 1222 392 CHRONICA.
1265 361 1335 374 --
1373 329 1842 390 CDNTINHATIO
1876 321 2624 384 PBEMONSTBATENSIS

3274 323 3381 381 574

158 471 304 529 scopo
332 452 536 510 Leodii.
561 450 642 524 (ϐ.
677 449 879 521 Laud.)
907 447 1037 504 Orta
1081 448 1420 504 dissensione
1441 449 1581 502 inter
1607 463 1704 518 pa-
1732 452 1776 508 Α
1807 444 1978 499 latria:
2007 442 2260 498 sordibus
2280 454 2558 508 nunquam
2590 437 2766 492 fuerat
2794 437 3017 507 polluta,
3041 453 3108 492 ex
3133 453 3243 508 quo
3265 441 3382 509 pri-

159 567 265 625 pam
293 547 591 603 Romanum
636 552 692 599 et
739 543 1074 598 Francorum
1117 557 1296 612 regem
1344 540 1701 607 Ludovicum.

157 641 373 698 ecclesia
414 637 692 694 Gallicana
731 635 1016 701 turbatur;
1067 634 1338 701 simultas,
1371 649 1493 702 qua:
1531 633 1704 702 sopita

157 735 423 808 putabatur
449 732 590 786 inter
632 744 813 800 regem
849 737 902 782 et
938 728 1138 797 ipsum,
1169 727 1310 796 cepit
1355 726 1700 796 repullulare.

158 825 430 893 Imperator
497 819 1163 889 Constantinopolitanus,
1211 817 1538 872 Anthiochia
1606 817 1706 872 ali-

157 915 372 986 quandiu
399 913 644 977 obsessa,
680 926 866 980 pacem
897 909 1114 966 tandem
1134 925 1259 965 cum
1291 909 1536 978 principe
1559 907 1702 975 fecit,

156 1017 201 1062 et
235 1006 494 1060 civitatem
532 1004 777 1069 intravit;
812 1002 906 1057 sed
943 1001 1217 1056 venationi
1267 999 1546 1066 insistens,
1574 1000 1703 1055 dum

157 1111 318 1152 arcum
362 1096 735 1150 vehementius
777 1094 1028 1160 intendit,
1058 1094 1294 1149 toxicata
1333 1093 1526 1164 sagitta
1564 1107 1595 1146 a
1622 1107 1706 1147 se-

159 1189 365 1258 metipso
395 1187 711 1241 vulneratus
750 1186 806 1240 in
846 1186 1069 1240 sinistra
1115 1200 1303 1250 manu,
1334 1184 1486 1250 obiit,
1531 1184 1705 1253 captis

157 1288 265 1332 ante
303 1277 575 1332 nonnullis
601 1275 1206 1345 Turcorumpuesidiis.
1236 1273 1303 1328 Et
1336 1283 1460 1345 post
1487 1290 1612 1330 eum
1643 1273 1706 1328 ﬁ-

159 1369 249 1423 lius
282 1368 394 1436 ejus
419 1365 633 1421 Manuel
664 1366 951 1436 imperium
981 1365 1234 1435 sumpsit.

283 1454 429 1508 1142.
545 1453 610 1509 R.
650 1454 702 1509 5.
815 1453 876 1508 F.
919 1454 972 1509 5.
1078 1454 1144 1508 A.
1188 1453 1238 1507 7.
1349 1451 1542 1507 Η.14.

218 1545 467 1621 Radulfus
491 1543 955 1600 Viromandorum
979 1560 1164 1602 comes
1191 1559 1417 1600 uxorem
1443 1560 1597 1599 suam
1619 1544 1720 1599 di-t

158 1637 317 1702 mittit,
352 1644 404 1690 et
448 1649 695 1690 sororem
750 1635 951 1706 reginae
998 1634 1348 1709 Petronillam
1372 1635 1539 1690 ducit.
1572 1634 1706 1689 Pro-

159 1737 262 1798 pter
296 1727 434 1798 quod
472 1727 734 1782 instantia
779 1726 995 1782 comitis
1026 1725 1324 1782 Theobaldi
1363 1726 1597 1781 mittitur
1615 1725 1706 1781 lvo

161 1817 390 1872 Romanae
439 1817 588 1873 sedis
621 1819 851 1888 legatus,
881 1818 976 1889 qui
1019 1828 1072 1872 et
1120 1816 1410 1872 Radull‘um
1451 1819 1704 1874 comitem

161 1909 644 1976 excommunicavit,
699 1918 754 1965 et
791 1911 1076 1981 episcopos
1123 1908 1541 1965 Laudunensem
1584 1910 1710 1966 Bar-

160 1999 497 2066 tbolomaeum,
547 1999 970 2058 Noviomensem
1023 2000 1339 2073 Symonem,
1378 2011 1436 2056 et
1487 1999 1708 2056 Petrum

160 2090 616 2160 Silvanectenscm,
667 2094 762 2164 qui
807 2094 1102 2149 divortium
1141 2095 1273 2149 illud
1319 2092 1577 2158 fecerant,
1615 2110 1708 2149 su-

159 2184 361 2238 spendit.
420 2236 425 2242 .

284 2271 429 2326 1145.
649 2271 702 2327 6.
922 2275 975 2329 6.
1193 2274 1246 2330 8.
1439 2277 1526 2330 15.

218 2358 336 2432 Ub.)
376 2360 583 2418 Ventus
635 2364 932 2420 vehemens
981 2365 1049 2420 14
1090 2363 1210 2421 Kal.
1267 2365 1428 2422 Febr.
1458 2366 1706 2424 horribili

162 2450 333 2521 impetu
369 2454 703 2510 monasteria
746 2455 1047 2528 domosque
1097 2457 1333 2527 subruit,
1359 2459 1582 2516 arbores
1612 2476 1709 2514 an-

164 2557 300 2598 nosas
317 2552 469 2600 terra:
493 2561 792 2616 coequans.
821 2546 1130 2606 Ludovicus
1158 2566 1253 2606 rex
1281 2533 1585 2607 Vitriaeum'
1623 2568 1711 2607 ca-

163 2641 308 2689 strum
353 2639 570 2697 comitis
627 2638 919 2695 Theobaldi
958 2642 1133 2712 capit;
1175 2643 1266 2697 ubi
1296 2644 1419 2715 igne
1464 2644 1704 2711 admoto,

163 2727 372 2782 ecclesia
406 2729 649 2795 incensa,
674 2739 726 2785 et
756 2731 809 2785 in
835 2747 897 2786 ea
935 2733 1082 2787 mille
1117 2743 1369 2790 trecenta:
1388 2735 1584 2790 animae
1620 2737 1706 2792 di-

164 2817 280 2871 versi
310 2833 468 2875 sexus
510 2830 568 2876 et
613 2821 774 2878 etatis
821 2832 948 2878 sunt
996 2823 1120 2894 igne
1155 2835 1496 2896 consumpte.
1534 2827 1709 2900 Super

165 2921 254 2974 quo
280 2923 364 2963 rex
404 2908 715 2967 Ludovicus
740 2913 1117 2969 misericordia
1154 2923 1336 2971 motus
1359 2917 1601 2986 plorasse
1625 2919 1708 2974 di-

159 2997 306 3077 citur;
334 3009 383 3055 et
411 3002 510 3058 hac
544 3004 615 3059 de
642 3019 808 3060 causa
841 3006 1331 3077 peregrinationem
1368 3007 1709 3065 Jerosolimi-

1806 537 1973 591 mitus
2029 534 2097 588 ad
2150 531 2626 588 christianismum
2677 537 2760 583 est
2805 543 3086 596 conversa,
3125 545 3156 583 a
3185 528 3380 589 Turcis

1805 637 2026 692 obsessa
2060 633 2290 703 capitur.
2325 629 2428 684 Ubi
2450 628 2705 698 episcopo
2734 626 2972 682 civitatis
2992 626 3290 694 decollato,
3327 636 3383 684 et

1806 724 2009 781 sanctis
2054 721 2190 777 locis
2229 718 2605 791 prophanatis,
2649 726 2705 771 et
2751 716 2805 770 in
2847 717 2927 772 eis
2962 716 3150 771 multis
3179 731 3279 772 nec
3304 718 3383 772 di-

1805 815 1992 870 cendis
2049 811 2588 870 abliominationibus
2623 809 2970 880 perpetratis,
3021 811 3192 864 multa
3230 810 3382 864 milia

1804 906 2003 963 diversi
2052 921 2216 962 sexus
2241 913 2297 960 ct
2323 903 2484 959 etatis
2521 901 2885 969 trucidantur,
2935 901 3163 956 diversis
3203 900 3382 955 modis

1805 1000 2140 1066 cruciantur,
2195 997 2394 1067 captivi
2442 995 2788 1051 abducuntur
2846 1003 2899 1049 et
2942 991 3190 1048 servituti
3235 991 3385 1047 addi-

1805 1101 2022 1149 cuntur.
2056 1090 2212 1146 Unde
2245 1087 2560 1145 christianis
2607 1097 2788 1142 metus
2811 1094 2867 1141 et
2891 1084 3140 1150 tristicia,
3173 1083 3384 1139 Christi

1806 1183 2045 1239 nominis
2093 1181 2329 1235 inimicis
2371 1178 2569 1246 fastusf
2599 1177 2770 1233 crevit
2815 1184 2870 1231 et
2907 1175 3146 1230 audatia.
3177 1173 3384 1229 Ethac

1805 1275 2026 1344 quidem
2073 1272 2343 1327 malorum
2374 1270 2556 1325 inicia.
2590 1268 2794 1324 Lucius
2813 1283 2951 1337 papa
2978 1274 3258 1322 senatores
3279 1264 3386 1319 Ro-

1805 1380 2094 1420 manorum
2121 1371 2313 1419 contra
2341 1361 2642 1416 :ecclesiam
2667 1370 2880 1414 erectos
2915 1359 2969 1412 in
2999 1357 3270 1427 Capitolio
3291 1357 3387 1412 'ob-

1807 1455 1973 1522 sidct;
2002 1455 2096 1510 sed
2130 1454 2256 1508 inde
2303 1468 2402 1524 per
2433 1451 2721 1506 Jordanem
2764 1449 2910 1504 Petri
2943 1449 3143 1504 Leonis
3163 1457 3382 1518 pertur-

1805 1547 1985 1612 batus,
2033 1545 2349 1600 inﬁrmitate
2395 1551 2703 1612 correptus,
2727 1540 2868 1594 infra
2893 1555 3095 1593 annum
3117 1537 3384 1608 pontiﬁcii

1808 1637 1891 1693 sui
1932 1637 2186 1691 moritur.
2234 1635 2416 1706 (Febr.
2451 1635 2567 1704 ‘25.)
2611 1634 2711 1689 Cui
2739 1632 2982 1688 succedit
3002 1632 3171 1686 abbas
3199 1631 3386 1686 Sancti

1808 1730 2080 1786 Anastasii
2135 1729 2466 1794 Bernardus,
2511 1736 2566 1782 et
2621 1742 2759 1797 papa
2807 1733 3037 1779 vocatur
3084 1721 3380 1794 Eugenius.

1809 1821 2009 1876 Contra
2045 1837 2208 1892 quem
2231 1819 2462 1875 Romani
2491 1817 2784 1872 Jordanem
2823 1815 3110 1887 patricium
3138 1823 3193 1869 et
3226 1828 3387 1868 sena-

1809 1921 1954 1968 tores
1975 1914 2269 1984 erigentes,
2293 1927 2418 1966 cum
2446 1911 2514 1964 ab
2548 1908 2684 1963 urbe
2726 1908 3034 1963 deturbant.
3068 1905 3171 1973 Qui
3199 1913 3402 1960 trans--

1809 2002 2100 2073 alpinando
2127 2003 2183 2056 in
2219 2001 2425 2056 Gallias
2453 1998 2620 2053 venit.
2659 2043 2662 2046 _

1952 2095 2108 2150 1146.
2253 2094 2307 2148 9.
2454 2090 2507 2146 9.
2551 2095 2554 2098 ί
2655 2090 2742 2145 11.
2925 2089 2978 2143 ’5.
3161 2088 3216 2143 5.

1882 2186 1993 2242 Rex
2019 2186 2356 2240 Francorum
2385 2182 2716 2247 Ludovicus,
2743 2188 2915 2251 captae
2932 2195 2963 2235 a
2989 2179 3187 2235 Turcis
3211 2177 3385 2234 Meso-
3469 2177 3472 2180 ⁷

1808 2279 2063 2350 potamiaa
2089 2277 2202 2332 zelo
2230 2290 2518 2340 accensus,
2551 2273 2664 2328 sive
2690 2281 2750 2328 ut
2789 2271 2880 2326 alii
2923 2279 3137 2340 putant,
3188 2269 3388 2324 Vitria-

1810 2368 1991 2423 censis
2017 2367 2250 2422 incendii
2274 2362 2612 2420 conscientia
2638 2369 3019 2431 compunctus,
3058 2361 3201 2429 apud
3232 2358 3387 2413 Vice-

1808 2461 2009 2515 Iiacum
2061 2459 2220 2512 aiIixo
2269 2457 2376 2512 sibi
2427 2455 2608 2511 crucis
2654 2453 2831 2523 signo,
2879 2465 3004 2506 cum
3052 2448 3388 2520 principibus

1808 2550 1962 2622 regni
1984 2558 2039 2604 et
2067 2547 2418 2604 multitudine
2439 2543 2822 2600 innumerabili
2848 2541 3275 2597 transmarinam
3297 2554 3382 2609 pe-

1808 2640 2227 2711 regrinationem
2257 2637 2477 2709 aggredi
2505 2637 2780 2706 proponit.
2813 2633 3055 2688 Ecclesia
3077 2631 3384 2686 Tornacen-

1809 2731 1907 2797 sis,
1941 2746 2062 2800 qua:
2081 2745 2177 2800 per
2199 2743 2378 2784 annos
2405 2727 2624 2784 circiter
2649 2725 2755 2780 600
2788 2741 2820 2779 a
2843 2734 3088 2795 tempore
3107 2723 3254 2778 beati
3282 2720 3385 2776 Me-

1809 2823 1963 2878 dardi
1994 2823 2096 2877 sub
2129 2822 2390 2892 episeopo
2422 2818 2774 2874 Noviomensi
2819 2818 2938 2873 sine
2963 2805 3189 2886 proprio
3215 2814 3388 2869 fuerat

1809 2913 2253 2982 sacerdote,'hoc
2272 2911 2727 2984 annoproprium
2773 2910 3092 2979 episcOpum
3135 2907 3277 2977 cepit
3301 2906 3372 2960 ha

1807 3005 1956 3072 bere,
1983 3004 2242 3060 Anselmo
2263 3003 2465 3057 abbate
2493 2999 2681 3056 Sancti
2709 2998 2989 3055 Vineentii.
3011 2996 3390 3051 Laudunensis

165 3096 318 3144 tanam
359 3108 646 3164 aggressus
685 3111 715 3150 a
754 3097 1080 3168 quibusdam
1105 3099 1412 3173 estimatur.
1451 3100 1706 3156 Castrum
1734 3117 1781 3180 ο
1810 3112 1840 3151 a
1863 3112 1999 3167 papa
2039 3095 2284 3167 Eugenio
2311 3094 2501 3175 Romae
2543 3099 2865 3148 consecrato
2890 3099 2945 3146 et
2983 3090 3162 3146 eidem
3189 3086 3406 3143 civitati

163 3191 274 3234 vero
317 3181 482 3240 Odoni
537 3185 928 3258 Campaniensi
973 3191 1224 3257 contulit,
1257 3192 1436 3261 nepoti
1495 3195 1712 3249 comitis
1813 3188 1867 3242 in
1893 3189 2207 3258 episcopum
2239 3186 2532 3246 destinato.
2563 3184 2762 3239 Fames
2795 3181 3132 3252 permaxima
3170 3182 3410 3251 grassa~'

167 3265 447 3343 Theobaldi,
494 3279 592 3348 qui
640 3280 1032 3349 patrimonium
1077 3282 1146 3336 ab
1190 3281 1310 3352 ipso
1339 3283 1442 3338 sibi
1463 3293 1728 3354 ereptum
1811 3287 1900 3334 tur
1924 3281 1982 3334 in
2011 3278 2204 3344 Gallia,
2239 3278 2292 3331 in
2321 3293 2430 3347 qua
2465 3276 2840 3332 aacclesiarum
2868 3273 3074 3328 Christi
3109 3270 3308 3328 enituit
3325 3269 3388 3324 Ii-

167 3374 246 3428 per
279 3379 445 3436 regem
498 3367 840 3426 Ludovicum
901 3373 1004 3428 hac
1045 3374 1336 3430 occasione
1390 3390 1712 3444 recuperare

169 3453 327 3510 voluit.
376 3457 590 3515 Mortuo
623 3464 920 3526 venerabili
947 3463 1178 3531 Gifrido,
1202 3464 1490 3521 Catalauni
1518 3466 1577 3520 ﬁt
1603 3468 1713 3536 epi-

170 3558 336 3616 scopus
353 3549 541 3609 Guido.
573 3553 708 3625 (Ην.)
741 3555 866 3611 Obit
898 3572 1037 3627 papa
1072 3557 1441 3624 Innocentius,
1467 3559 1558 3614 cui
1586 3573 1685 3614 suc
1728 3608 1731 3610 .

172 3637 287 3694 cedit
303 3639 452 3698 Wido
477 3646 832 3714 castellanus,
863 3647 1137 3704 Cazlestini
1171 3650 1393 3705 nomine
1424 3651 1708 3706 alteratus.

170 3725 272 3783 Obit
293 3733 441 3790 etiam
468 3735 637 3792 Fulco
668 3755 762 3793 rex
807 3738 1279 3796 Jerosolimorum.
1317 3740 1442 3808 Qui,
1473 3742 1606 3797 dum
1627 3757 1713 3797 ve-

172 3823 345 3879 nationi
371 3828 634 3886 insistens
671 3831 910 3900 lcporem
961 3832 1270 3903 insequitur
1313 3849 1376 3888 ex
1415 3833 1712 3904 improviso

173 3910 256 3966 sibi
284 3929 645 3987 apparentem,
675 3937 870 3991 equus,
901 3925 991 3979 cui
1030 3925 1272 3991 sedebat,
1300 3941 1465 3994 super
1501 3941 1560 3981 se
1584 3941 1711 3981 eum

173 4005 463 4103 Ρΐξεεὶρξιρω-
487 4013 656 4080 dedit,
701 3999 990 4086 ipsumque
1037 4015 1144 4070 vita
1183 4017 1388 4085 pariter
1439 4024 1494 4070 et
1537 4031 1708 4088 regno

175 4097 386 4159 privavit.
434 4099 564 4158 Post
611 4120 773 4174 quem
826 4107 970 4160 ﬁlius
1018 4104 1318 4161 Balduinus
1368 4122 1496 4162 cum
1539 4116 1714 4163 matre

175 4195 350 4269 regnat.
388 4188 515 4262 (1b.)
541 4191 655 4248 Pax
678 4194 1008 4250 reformatur
1047 4197 1187 4251 inter
1233 4213 1428 4268 papam
1454 4207 1509 4253 et
1532 4215 1712 4269 regem

178 4268 490 4350 LudoviCum.
902 4312 904 4314 -

293 4333 489 4429 ut:
582 4374 633 4429 7.
783 4374 834 4429 7.
979 4375 1033 4430 9.
1134 4340 1240 4430 it.
1387 4333 1666 4431 ss."-

1811 3373 2011 3428 heralis
2059 3370 2474 3435 muniﬁcentia;
2509 3383 2632 3439 qua:
2677 3369 2734 3421 in
2769 3367 3221 3422 sustentationem
3260 3379 3387 3434 pau-

1811 3479 2000 3534 perum
2055 3463 2226 3518 multa
2275 3461 2649 3531 expenderunt
2689 3459 2999 3513 modiorum
3051 3457 3222 3510 milia.
3275 3455 3394 3522 Quo

1810 3564 2056 3626 tempore
2079 3554 2156 3623 εἰη
2208 3551 2541 3624 Lingonensi
2583 3549 2893 3619 parrochia,
2935 3547 3078 3617 apud
3124 3546 3382 3600 Morman-

1812 3647 1963 3713 dum,
2016 3645 2108 3700 ubi
2153 3660 2419 3716 pauperes
2465 3640 2738 3697 innumeri
2793 3639 3068 3695 cotidiana
3119 3639 3260 3708 stipe
3288 3635 3415 3692 ale-'

1813 3738 2031 3804 bantur,
2071 3738 2290 3807 quidam
2323 3735 2577 3791 homines
2605 3733 2874 3789 occidisse
2909 3739 3176 3786 eteorum
3205 3743 3396 3786 carnes

1814 3842 1998 3890 coctas
2031 3830 2340 3887 vendidisse
2379 3822 2777 3899 deprehensus,
2811 3841 2839 3880 a
2877 3823 3210 3894 pauperibus
3255 3820 3408 3891 pati-'

1814 3925 1946 3980 huic
2005 3931 2089 3979 est
2137 3937 2431 3992 appensus.
2485 3919 2664 3975 Guido
2713 3916 3032 3974 Catalaunis
3102 3915 3396 3986 episcopus

1814 4016 1946 4071 obit.

1886 4105 2044 4161 1147.
2229 4103 2315 4158 10.

1849 4224 1854 4228 -
1885 4195 2139 4250 Conrado
2161 4209 2290 4264 rege
2313 4193 2368 4247 in
2401 4192 2779 4264 purilicatione
2804 4197 3006 4245 sanctae
3027 4186 3213 4242 Mariae
3232 4184 3378 4240 Fran

1813 4287 2066 4341 kenei‘ort
2110 4285 2412 4341 constituto
2441 4282 2624 4354 (Febr.
2658 4281 2738 4350 2),
2781 4282 2954 4336 abbas
2987 4275 3401 4334 Clarevallensi!

1819 4389 1926 4435 tam
1960 4395 2086 4450 rege
2113 4376 2522 4448 quamveunctis
2546 4374 2662 4430 fere
2706 4374 2860 4444 regni
2887 4371 3232 4443 principibus
3279 4383 3396 4423 cru-

2463 4102 2550 4156 10.
2701 4101 2789 4155 12.
2935 4099 2988 4153 4.
3137 4097 3190 4151 6.

233 4459 509 4522 Celestinus
529 4483 671 4537 papa
708 4468 954 4538 quinque
983 4469 1264 4524 mensibus
1293 4477 1348 4526 et
1371 4469 1598 4526 dimidio
1626 4487 1718 4541 pa-
1743 4454 1795 4516 Ῑ)
1822 4472 1902 4526 eis
1931 4471 2098 4542 aﬁigit
2127 4467 2370 4542 signum,
2395 4476 2451 4522 et
2478 4467 2602 4522 sotii
2639 4464 3096 4536 peregrinationis
3141 4461 3398 4531 multipli-

180 4557 308 4649 patus
345 4553 554 4649 functus
589 4558 788 4627 oﬁicio,
827 4559 1034 4615 recedit
1060 4559 1246 4631 (Mart.
1282 4561 1564 4638 9.).eiq-ue
1606 4562 1716 4617 Lu-

179 4647 293 4708 cius,
324 4660 384 4700 ex
421 4647 662 4705 Gerardo
695 4651 1020 4706 cancellario
1057 4667 1196 4722 papa
1220 4651 1421 4720 factus,
1451 4653 1712 4709 succedit.

180 4725 408 4792 Mediante
457 4741 651 4796 abbate
699 4740 1060 4810 Clarevallis,’
1093 4744 1365 4815 sim-ultas,
1401 4760 1526 4815 quae
1575 4745 1717 4801 inter

181 4831 328 4890 regem
367 4826 696 4887 Ludovicum
727 4842 781 4888 et
807 4834 1065 4889 comitem
1115 4833 1491 4890 Tbcobaldum
1522 4837 1714 4892 incan-
1741 4887 1744 4890 .

182 4910 359 4985 duerat,
392 4924 615 4991 sopitur.
666 4922 812 4979 Inter
841 4923 1178 4996 Stephanum
1203 4941 1386 4998 regem
1426 4925 1634 4999 Anglia!
1661 4938 1717 4986 et

185 4999 385 5065 fautores
424 5011 716 5084 Mathildis,
756 5014 976 5072 Henrici
1021 5019 1167 5088 regis
1196 5018 1341 5086 ﬁliae,
1385 5019 1534 5074 varia
1571 5028 1718 5076 sorte

188 5096 469 5172 conﬂigitur,
518 5115 574 5162 et
613 5122 849 5185 regnum
879 5107 1035 5176 illud,
1085 5109 1232 5180 quod
1281 5126 1377 5180 pre
1399 5111 1594 5167 ceteris
1625 5113 1720 5167 ali-

187 5187 392 5269 quandiu
441 5195 683 5264 quietum
741 5205 1019 5254 manserat
1061 5206 1117 5252 et
1165 5199 1502 5269 opulentum,
1549 5201 1714 5268 I'erro,

188 5268 386 5348 ﬂamma,
413 5282 550 5342 fame
576 5287 774 5344 misere
793 5281 1120 5360 decerpitur.

305 5372 450 5432 1145.
629 5380 684 5436 8.
865 5381 919 5436 8.
1068 5382 1156 5438 10.
1316 5383 1372 5439 2.
1518 5385 1572 5439 4.

247 5457 426 5524 Edessa
457 5469 860 5544 Mesopotamiae
901 5475 1117 5542 civitas,
1168 5477 1225 5532 in
1267 5492 1376 5546 qua
1414 5485 1569 5531 erant
1597 5493 1738 5532 corr

192 5560 300 5616 Wa
325 5563 679 5628 apostolorum
724 5565 933 5621 Thome
980 5576 1035 5622 et
1070 5560 1332 5637 Thaddei,
1363 5576 1418 5625 et
1449 5584 1572 5642 quae
1600 5569 1715 5625 ido—

1825 4571 2019 4618 cantur
2049 4577 2216 4631 super
2250 4575 2566 4616 numerum.
2605 4556 2825 4611 Navalis
2869 4555 2967 4610 Dei
3011 4553 3306 4619 exercitus,
3339 4568 3404 4607 ex

1822 4655 2036 4726 Anglia,
2067 4653 2322 4708 Flandria
2349 4646 2511 4722 atque
2553 4647 2903 4718 Lotharingia
2950 4647 3229 4712 collectus,
3261 4644 3298 4698 2
3326 4643 3406 4698 Id.

1822 4748 2024 4818 Aprilis
2072 4747 2139 4801 de
2190 4742 2568 4799 Tredemunde
2609 4739 2758 4812 (507)
2800 4747 2962 4810 portu
3007 4730 3217 4808 Anglia;
3279 4751 3406 4791 cum

1821 4839 1928 4895 200
1977 4837 2091 4893 fere
2139 4837 2370 4892 navibus
2410 4833 2708 4905 profectus,
2735 4833 2769 4887 4
2798 4831 2918 4886 Kal.
2945 4828 3076 4884 Julii
3118 4828 3176 4883 in
3223 4828 3402 4899 vigilia

1825 4929 2204 5002 apostolorum
2253 4925 2628 4981 Ulixishonam
2674 4921 2824 4995 (508)
2855 4919 3137 4992 applicuit,
3185 4927 3241 4974 et
3283 4933 3409 4972 eam

1822 5029 1947 5093 post
1994 5026 2256 5090 quattuor
2281 5015 2554 5072 mensium
2588 5013 2930 5070 obsidionem
2959 5027 3058 5083 per
3088 5011 3292 5066 multas
3320 5023 3411 5063 ce-

1823 5113 1921 5169 des
1947 5120 2002 5167 et
2024 5111 2254 5167 multam
2279 5106 2705 5164 macerationem
2741 5105 2836 5161 Dei
2867 5105 3069 5161 virtute
3096 5112 3150 5159 et
3171 5117 3272 5158 sua
3311 5100 3396 5154 in—

1823 5204 2036 5261 dustria
2081 5203 2332 5274 capiunt;
2385 5209 2440 5255 et
2511 5215 2636 5255 cum
2693 5199 2760 5254 de
2827 5197 2962 5268 ipsis
3024 5203 3234 5251 tantum
3305 5204 3399 5246 es-

1739 5332 1745 5340 -
1825 5305 1948 5353 sent
1996 5293 2190 5361 15000,
2241 5291 2484 5349 hostium
2523 5288 2738 5346 200500
2783 5296 3126 5361 superantes,
3173 5281 3407 5370 ingressi

1739 5417 1742 5420 -
1825 5401 1951 5440 cum
1993 5383 2233 5456 hymnis,
2281 5381 2582 5438 :ecclesiam
2615 5379 2948 5446 dedicantes,
2981 5375 3298 5446 episcopum
3331 5371 3409 5427 ibi

1824 5485 1878 5532 et
1904 5476 2134 5531 clericos
2171 5473 2582 5529 ordinaverunt.
2621 5470 2701 5525 Ad
2727 5484 2955 5540 corpora
2985 5466 3058 5522 ibi
3097 5464 3410 5520 occisorum

1823 5578 1936 5625 tres
1957 5567 2091 5622 muti
2119 5571 2584 5635 recuperaverant
2606 5560 2864 5633 loquendi
2893 5573 3073 5615 usum.
3119 5554 3410 5614 Conradus

1664 5682 1894 5739 NOT/E.

245 5754 373 5830 (507)
402 5763 707 5826 Dartmouth
734 5771 786 5825 in
817 5771 1172 5831 Devonshire.

1891 5751 2039 5845 (5'08)
2073 5772 2356 5827 Lissanon.
