3982 6438
519 362 586 416 75
1649 341 2008 408 SIGEBERTI
2043 347 2568 408 GEMBLACENSIS

3620 347 3726 405 576

486 489 580 527 rex
631 483 820 526 mense
854 467 996 523 Maio
1031 480 1154 523 cum
1205 465 1551 523 multitudine
1583 463 1966 520 innumerabili
2009 471 2062 518 et
2091 467 2137 522 Α
2161 474 2322 534 pnata
2372 475 2421 522 et
2455 467 2669 522 abrasa.
2701 464 2949 522 Lauduni
2992 466 3025 520 4
3055 465 3204 520 Non.
3241 465 3350 519 aui.
3387 459 3544 520 factis
3580 463 3726 519 toni-

487 565 692 619 virtute
742 558 1154 631 incomparabili
1198 557 1687 629 peregrinationem
1748 571 2056 627 aggressus,

482 656 715 715 transito
744 668 1004 724 prospere
1054 650 1303 714 Bosforo,
1341 650 1470 704 dum
1518 649 1585 703 ad
1639 649 2057 719 expugnandum

483 748 727 804 Iconium
776 745 1082 800 inconsulte
1117 742 1358 807 divertit,
1389 740 1725 809 consumptis
1757 748 1909 793 terrae
1939 755 2060 810 ger—

486 839 730 894 minibus
760 845 815 891 et
834 835 1208 891 deﬁcientibus
1229 832 1576 894 victualibus,
1612 831 1726 884 suis
1752 829 1892 885 fame
1921 830 2057 884 allii-

481 931 589 985 ctis
610 928 770 994 redit,
801 935 854 982 et
881 925 1334 997 prosequentibus
1365 938 1459 976 eos
1475 921 1691 985 Turcis,
1717 921 1884 975 multa
1909 921 2058 974 milia

482 1035 710 1077 suorum
749 1018 969 1073 amittit.
1008 1015 1122 1070 Rex
1153 1013 1488 1069 Francorum
1532 1011 1838 1066 Ludovicus
1867 1012 1902 1064 5
1937 1009 2053 1063 Kal.

483 1107 632 1164 Junii
687 1109 739 1163 in
804 1113 1156 1177 pentecosten
1208 1102 1699 1173 peregrinationem
1748 1117 2055 1172 aggressus,

482 1216 609 1255 cum
634 1198 862 1252 infinitis
884 1205 938 1250 et
965 1195 1233 1265 expeditis
1272 1209 1496 1249 suorum
1535 1193 1755 1248 milibus
1784 1209 1878 1262 per
1904 1191 2057 1246 llun-

481 1289 692 1361 gariam
723 1287 1021 1358 profectus,
1043 1285 1276 1341 transito
1302 1285 1530 1339 Bosforo
1563 1300 1796 1340 occursu
1822 1283 2059 1337 Conradi

479 1379 626 1450 regis
650 1377 947 1447 excipitur;
971 1377 1066 1445 qui
1113 1375 1300 1430 multis
1338 1389 1564 1429 suorum
1602 1374 1673 1428 ob
1703 1373 1942 1442 inopiam
1973 1387 2058 1426 re—

478 1469 863 1541 patriantibus,
918 1466 1108 1538 paucis
1143 1465 1555 1530 comitantibus,
1606 1481 1636 1518 a
1687 1463 1914 1519 Francis
1958 1463 2056 1519 be-

481 1561 646 1632 nigne
676 1567 962 1629 susceptus
976 1568 1030 1613 et
1055 1574 1178 1614 cum
1200 1558 1280 1612 eis
1301 1557 1616 1626 aliquandiu
1638 1565 1722 1630 est
1759 1555 2052 1626 profectus.

485 1649 591 1704 Sed
615 1651 685 1704 ab
725 1650 1053 1720 imperatore
1096 1649 1394 1704 Grecorum
1439 1665 1469 1703 a
1499 1647 1702 1704 Tiatira
1750 1655 2054 1712 revocatus,

482 1742 712 1797 navibus
734 1743 852 1810 ejus
878 1741 1255 1796 Jerosolimam
1286 1750 1371 1796 est
1396 1748 1633 1796 evectus.
1660 1738 1903 1810 Eclypsis
1925 1739 2056 1794 solis

480 1832 587 1888 fuit
611 1833 644 1887 8
666 1832 782 1887 Kal.
815 1819 1154 1899 Novembris,
1179 1832 1267 1886 die
1292 1832 1588 1899 dominica,
1618 1831 1686 1887 ab
1712 1832 1848 1888 hora
1877 1830 1912 1889 2
1957 1847 2054 1886 us—

481 1937 588 1995 que
609 1925 664 1980 in
704 1925 895 1980 horam
927 1926 978 1980 5.

551 2017 710 2072 1148.
791 2016 857 2072 Β.
893 2017 978 2072 11.
1055 2016 1234 2072 F.ii.
1307 2017 1486 2073 A.i3.
1560 2014 1626 2071 Π.
1705 2017 1756 2071 5.
1801 2015 1858 2070 S.
1930 2015 1981 2070 ’1.

551 2109 746 2165 Franci
776 2125 874 2180 per
895 2110 1107 2164 deserta
1133 2109 1278 2164 Asiae
1311 2109 1436 2163 dolo
1459 2118 1511 2164 et
1537 2117 1659 2165 astu
1683 2107 1977 2162 Grecorum
2005 2114 2057 2160 et

479 2202 684 2259 crebro
730 2201 939 2257 assultu
984 2200 1291 2256 Turcorum
1332 2201 1653 2256 detrimenta
1691 2200 1929 2254 maxima
1959 2213 2057 2268 pa-

478 2293 722 2357 tiuntur;
760 2302 814 2348 et
857 2291 1000 2348 fame
1047 2291 1215 2348 nimia
1257 2291 1508 2359 cruciati,
1531 2291 1754 2361 quidam
1789 2305 2056 2359 equorum

479 2390 534 2436 et
568 2381 848 2437 asinorum
870 2382 1130 2436 carnibus
1150 2390 1467 2460 vescuntur.
1507 2379 1598 2436 Sic
1638 2395 1762 2435 cum
1787 2379 1957 2434 multo
1982 2379 2059 2433 la-

479 2471 614 2526 bore
642 2480 696 2526 et
717 2471 978 2542 dampno,
1014 2472 1201 2527 multis
1241 2471 1384 2526 fame
1413 2471 1784 2541 pereuntibus,
1819 2470 1907 2524 vix
1947 2477 2062 2526 tan-

481 2564 603 2618 dem
639 2563 936 2618 Seleutiam
965 2571 1252 2629 venerunt,
1276 2572 1330 2617 et
1356 2564 1482 2617 inde
1503 2562 1847 2617 Antiochiam
1878 2569 1934 2616 et
1960 2559 2053 2614 Pa-

477 2655 735 2711 lestinam
768 2656 1057 2726 petierunt.
1104 2655 1318 2711 Manuel
1366 2671 1458 2710 rex
1493 2655 1789 2709 Grecorum
1837 2653 2060 2707 nuntios

479 2745 626 2816 regis
658 2745 876 2811 Sicilize,
901 2761 1040 2818 quos
1069 2745 1136 2800 ad
1164 2760 1290 2799 eum
1315 2761 1416 2813 pro
1441 2744 1758 2816 exequenda
1786 2744 1935 2813 pacis
1965 2741 2062 2799 fm-

480 2835 611 2889 dere
659 2835 906 2900 miserat,
957 2833 1190 2890 detinuit
1241 2833 1865 2903 mancipatosfcarcere.
1905 2830 2061 2887 Unde

479 2925 653 2981 iratus
683 2924 954 2998 Rogerus,
989 2927 1160 2981 misso
1201 2925 1380 2981 navali
1425 2925 1686 2996 exercitu,
1734 2923 2058 2980 Corinthum

479 3018 736 3088 spoliavit
761 3033 886 3072 cum
910 3017 1238 3088 quihusdam
1263 3018 1386 3075 aliis
1412 3017 1726 3073 civitatibus
1747 3025 1802 3071 et
1821 3016 2060 3072 castellis

2163 557 2320 621 truis,
2346 557 2399 610 in
2426 556 2761 611 monasterio
2772 557 2943 612 sancti
2964 555 3226 611 Viuoentii
3241 555 3527 609 monachis
3545 552 3724 611 diurni

2161 648 2319 704 ofﬁcii
2344 665 2565 704 cursum
2597 649 3014 719 complentibus,
3045 649 3154 704 duo
3180 664 3245 702 ex
3269 648 3348 702 eis
3393 647 3575 701 subito
3623 644 3728 699 ful—

2161 740 2326 793 minis
2375 739 2482 794 ictu
2526 749 2844 793 corruentes
2885 739 3298 808 expiraverunt;
3354 737 3446 791 alii
3504 736 3726 805 quidam

2162 832 2289 885 tacti
2319 831 2402 884 vel
2457 830 2629 884 territi
2674 831 2765 885 vix
2810 831 3224 886 convaluerunt.
3281 828 3534 882 Fulmine
3564 827 3726 882 etiam

2160 925 2347 980 altaris
2377 926 2602 979 linteum
2633 925 2914 988 adurente,
2945 931 2999 978 et
3044 923 3344 978 sacrarium
3387 929 3730 990 penetrante,

2159 1025 2212 1072 et
2240 1017 2306 1071 de
2341 1031 2534 1086 magna
2557 1031 2722 1070 cruce
2741 1024 2970 1085 partem,
2995 1023 3202 1084 partem
3227 1028 3446 1084 quoque
3465 1012 3734 1065 claustra-

2160 1107 2226 1162 iis
2253 1108 2416 1161 hostii
2449 1115 2784 1177 asportante,
2816 1113 2930 1161 tota
2963 1106 3160 1160 domus
3199 1105 3437 1174 repletur
3477 1104 3730 1157 horrore.

2159 1195 2217 1250 In
2243 1196 2365 1250 aliis
2390 1196 2552 1250 etiam
2576 1195 2711 1250 locis
2735 1195 3049 1249 hominibus
3064 1210 3157 1248 seu
3183 1194 3466 1248 hominum
3489 1191 3735 1246 aediﬁciis

2158 1287 2241 1342 vel
2267 1287 2598 1342 animalibus
2642 1286 2869 1341 fulmine
2897 1287 3272 1357 pereuntibus,
3307 1285 3449 1339 mala
3491 1300 3616 1354 quae
3647 1299 3736 1338 so-

2159 1379 2256 1434 lito
2283 1380 2532 1449 graviora
2564 1379 2879 1434 christianis
2902 1377 3199 1448 contigere,
3229 1385 3358 1432 sunt
3385 1375 3619 1445 signata.
3652 1373 3738 1426 Di-

2159 1479 2290 1526 cunt
2319 1471 2482 1525 etiam
2522 1469 2862 1525 Jerosolimis
2913 1469 2968 1522 in
3013 1470 3215 1538 templo
3252 1467 3472 1522 Domini
3519 1466 3635 1520 sive
3680 1465 3735 1518 in

2159 1571 2343 1618 monte
2385 1561 2579 1618 Oliveti
2631 1562 2975 1629 fulminasse,
3011 1570 3064 1616 et
3113 1560 3234 1629 ejus
3290 1557 3578 1611 infortunii
3633 1556 3738 1611 hoc

2158 1653 2465 1724 presagium
2516 1650 2704 1708 fuisse.
2762 1651 2819 1705 In
2872 1651 3145 1706 territorio
3197 1648 3540 1703 Gebennensi
3577 1647 3739 1715 lupus

2159 1745 2401 1813 quidam,
2439 1743 2686 1812 corporis
2722 1741 3096 1813 magnitudine
3134 1747 3189 1793 et
3236 1737 3405 1793 animi
3455 1735 3741 1793 ferocitate

2159 1837 2280 1891 aliis
2300 1835 2601 1901 dissimilis,
2653 1833 2904 1889 homines
2949 1833 3250 1898 devoravit,
3295 1840 3350 1886 et
3401 1831 3525 1900 plus
3571 1845 3740 1898 quam

2161 1927 2379 1999 triginta
2413 1928 2624 1982 animas
2650 1927 2851 1982 diversi
2873 1942 3039 1982 sexus
3067 1935 3120 1980 et
3150 1925 3311 1980 etatis
3338 1925 3445 1977 vita
3481 1922 3737 1992 privavit.

2159 2019 2218 2076 ln
2247 2020 2368 2074 aliis
2390 2019 2556 2075 etiam
2593 2019 2728 2072 locis
2756 2019 2858 2073 hoc
2894 2033 3040 2072 anno
3085 2017 3198 2086 lupi
3223 2015 3473 2070 similiter
3504 2027 3743 2066 noscun-

2160 2117 2249 2166 tur
2278 2109 2506 2178 operati.
2560 2106 2914 2162 Hildefonsus
2959 2122 3145 2160 comes
3206 2105 3273 2159 de
3325 2103 3512 2158 Sancti
3563 2100 3739 2172 Egidii

2160 2217 2283 2254 cum
2316 2200 2492 2254 navali
2535 2200 2778 2253 exercitu
2833 2197 3163 2252 Palestinam
3196 2196 3474 2266 applicuit,
3522 2202 3576 2248 et
3614 2209 3742 2247 cum

2159 2305 2418 2360 magnum
2443 2289 2572 2358 quid
2618 2287 2864 2343 facturus
2895 2295 3228 2357 speraretur,
3259 2285 3460 2354 regina:
3497 2291 3559 2336 ut
3587 2283 3745 2336 aiunt

2159 2380 2285 2434 dolo
2330 2378 2849 2454 male'potionatus,
2915 2377 3057 2447 apud
3110 2375 3400 2430 Cesaream
3453 2372 3744 2427 Palestina:

2161 2474 2413 2529 moritur.
2446 2472 2617 2527 Filius
2662 2472 2781 2541 ejus
2823 2471 3142 2525 adolescens
3176 2468 3451 2538 quoddam
3497 2475 3743 2520 castrum

2160 2565 2376 2620 comitis
2405 2564 2721 2633 Tripolitani
2744 2561 3003 2632 patruelis
3033 2559 3118 2614 sui
3145 2559 3467 2629 ingreditur,
3497 2558 3592 2612 sed
3617 2557 3747 2610 dolo

2159 2658 2403 2728 ejusdem
2447 2670 2784 2710 cumsororc
2813 2670 2842 2708 a
2895 2652 3090 2707 Turcis
3136 2652 3458 2719 captivatur.
3505 2646 3745 2703 Obsessa

2159 2765 2259 2820 per
2285 2748 2525 2804 triduum
2554 2745 2820 2801 Damasco
2848 2761 2877 2799 a
2907 2742 3153 2807 Francis,
3185 2739 3472 2796 Germanis
3500 2754 3565 2792 ac
3590 2737 3746 2791 Jero-

2162 2840 2511 2906 solimitanis,
2537 2838 2710 2907 captis
2726 2837 2838 2907 jam
2865 2835 3038 2890 muris
3065 2831 3448 2897 exterioribus,
3473 2831 3569 2900 qui
3593 2837 3746 2884 ortos

2161 2933 2491 2998 ambiebant,
2521 2947 2645 2986 cum
2674 2931 2725 2984 in
2759 2929 2907 2984 brevi
2929 2928 3120 2982 civitas
3152 2924 3413 2994 capienda
3436 2930 3744 2992 putaretur,

2159 3025 2308 3092 dolo,
2333 3033 2392 3080 ut
2413 3025 2585 3088 aiunt,
2607 3021 2913 3092 principum
2944 3017 3346 3073 Palestinorum
3383 3015 3601 3069 obsidio
3654 3027 3745 3067 re-

482 3108 541 3163 in
569 3108 798 3175 Gracia;
827 3118 881 3164 et
907 3109 1174 3165 infinitam
1214 3125 1440 3165 sumens
1468 3109 1666 3164 diversi
1704 3108 1920 3180 generis
1963 3124 2060 3178 pa-
2086 3132 2129 3189 ρ
2161 3123 2428 3172 movetur.
2463 3113 2735 3182 Factaque
2775 3111 3132 3177 discessione,
3176 3124 3270 3162 rex
3321 3106 3660 3160 Francorum
3692 3113 3744 3162 et

479 3202 921 3259 ludamentorum
945 3211 1001 3256 et
1033 3202 1200 3256 vestis
1235 3201 1496 3271 preeiosa:
1536 3200 1900 3259 substantiam
1935 3216 2060 3258 cum

484 3294 606 3347 auri
631 3301 687 3348 et
733 3294 941 3366 argenti
981 3293 1160 3362 c0pia,
1189 3293 1481 3363 eaptivavit
1503 3301 1558 3350 et
1589 3293 1656 3347 de
1689 3293 1877 3350 Grecis
1922 3307 2062 3348 non-

483 3385 634 3439 nulla
665 3385 836 3440 milia.
869 3384 1025 3455 Cepit
1064 3386 1229 3440 etiam
1277 3385 1517 3442 insulam
1546 3383 1848 3441 Curfolium
1887 3382 2058 3454 (509),

481 3482 537 3528 et
565 3473 621 3528 in
651 3474 770 3544 ejus
800 3482 959 3545 portu
991 3473 1264 3530 ediﬁcavit
1298 3473 1440 3528 forte
1472 3474 1794 3544 presidium.
1827 3472 2062 3528 Citerio-

481 3581 573 3621 res
612 3564 840 3636 Hispani
892 3566 1116 3636 capiunt
1159 3565 1480 3629 Almariam,
1520 3571 1578 3618 et
1622 3563 1871 3633 sequenti
1917 3577 2062 3617 anno

477 3654 793 3724 Tortosam,
819 3656 1065 3728 insignes
1085 3657 1334 3712 civitates
1361 3656 1809 3713 Sarracenorum.
1841 3653 2061 3709 Alvisus

477 3748 854 3805 Atrebatensis
874 3749 1187 3822 episcopus,
1217 3749 1303 3806 vir
1336 3748 1620 3802 honestate
1652 3747 1777 3802 vitae
1799 3758 1853 3800 et
1883 3745 2060 3800 scien-

480 3840 559 3896 tia
591 3841 794 3908 clarus,
840 3841 985 3910 apud
1030 3838 1451 3909 Philippopolim
1489 3837 1606 3891 obit
1635 3836 1804 3905 (510).
1853 3834 2058 3906 Symon

479 3946 701 4001 quoque
763 3930 1148 3986 Noviomensis
1195 3929 1487 3999 episcopus
1554 3929 1696 4001 apud
1761 3928 2059 3985 Seleutiam

481 4024 626 4078 diem
649 4023 870 4078 claudit.
896 4023 1169 4077 Amedeus
1190 4037 1377 4076 comes
1400 4021 1802 4078 Maurianensis
1821 4022 1875 4076 in
1894 4021 2058 4091 Cipro

479 4114 660 4168 insula
687 4114 820 4167 obit.
851 4112 897 4166 A
923 4124 1062 4182 papa
1097 4112 1341 4183 Eugenio
1372 4111 1560 4167 Remis
1599 4113 1892 4170 concilium
1924 4113 2060 4168 cele-

475 4204 689 4272 bratur,
713 4204 770 4259 in
795 4219 905 4275 quo
930 4204 1200 4260 hereticus
1223 4204 1447 4276 quidam
1469 4205 1535 4259 de
1555 4204 1860 4261 Brittannia
1886 4206 2058 4260 addu-

475 4304 598 4350 ctus
623 4295 981 4366 dampnatur;
1015 4295 1112 4364 qui
1153 4310 1263 4350 non
1314 4296 1635 4365 prophetam
1668 4296 1754 4354 vel
1797 4312 2058 4366 magnum

477 4384 796 4453 quemlibet,
831 4386 926 4441 sed
955 4384 1167 4442 nomini
1220 4401 1321 4440 suo
1351 4386 1620 4446 alludens.
1665 4416 1738 4426 —-
1764 4386 1878 4441 Eon
1909 4387 2054 4442 enim

473 4477 760 4533 dicebatur
787 4509 860 4518 —
889 4477 991 4532 Per
1005 4495 1122 4533 eum
1151 4479 1242 4549 qui
1265 4487 1510 4534 venturus
1543 4489 1621 4534 est
1640 4480 1888 4549 judicare
1911 4481 2051 4534 vivos
2087 4470 2130 4524 Β

473 4576 524 4627 τι
551 4579 783 4624 mortuos
815 4579 868 4625 et
887 4570 1122 4626 secutum
1151 4587 1244 4641 per
1286 4571 1459 4641 ignem
1494 4587 1552 4626 se
1579 4588 1701 4627 esse
1722 4572 1954 4639 dicebat,
2001 4581 2056 4627 et

473 4663 542 4714 de
564 4661 678 4716 suis
714 4663 980 4732 quosdam
1009 4663 1228 4733 quidem
1263 4664 1509 4733 angelos,
1531 4663 1670 4718 alios
1712 4672 1892 4718 autem
1925 4678 2056 4733 apo—

475 4752 646 4807 stolos
670 4752 922 4819 faciebat,
953 4764 1007 4810 ct
1030 4755 1268 4825 propriis
1295 4755 1612 4826 angelorum
1653 4771 1750 4810 seu
1776 4756 2051 4824 apostolo-

474 4857 599 4897 rum
648 4844 966 4902 nominibus
1015 4846 1339 4914 appellabat.
1378 4845 1482 4912 Qui
1531 4846 1586 4900 in
1627 4845 1863 4900 concilio
1901 4845 2058 4899 dam-u

473 4946 694 5008 pnatus,
731 4936 834 4997 sub
879 4937 1127 4992 custodia
1175 4935 1459 4992 Remensis
1502 4935 1898 5006 archiepiscopi
1943 4951 2052 4990 non

473 5030 645 5084 multo
678 5036 800 5098 post
831 5026 1144 5094 defunctus,
1181 5028 1288 5082 vita
1326 5027 1529 5096 pariter
1557 5027 1734 5082 caruit
1759 5035 1814 5080 et
1843 5040 2056 5080 nicmo-.-.

472 5124 573 5178 ria.
603 5123 806 5183 Contra
841 5122 1197 5180 Gillebertum
1223 5137 1442 5192 quoque
1467 5121 1813 5180 Pictavorum
1839 5120 2052 5190 episco—

471 5232 623 5288 pum,
681 5216 777 5286 qui
823 5215 1061 5287 quadam
1099 5202 1261 5268 ‘nova
1306 5214 1601 5267 verborum
1653 5213 1950 5267 subtilitate
1996 5213 2052 5271 in

470 5307 688 5376 scriptis
733 5304 1305 5366 suiS'scandalizabat
1351 5303 1677 5368 aacclesiam,
1708 5303 1878 5361 multa
1924 5310 2054 5360 sunt

471 5396 616 5450 dicta
642 5407 697 5451 et
721 5397 1018 5466 disputata.
1051 5394 1209 5454 Unde
1238 5407 1294 5450 et
1321 5394 1593 5465 quazdam,
1623 5409 1745 5464 qua:
1767 5393 2060 5449 defendere

471 5501 583 5542 non
605 5490 937 5559 presumpsit
967 5489 1051 5548 vel
1096 5503 1204 5542 non
1250 5487 1446 5556 potuit,
1476 5486 1546 5541 ab
1595 5486 1714 5555 ipso
1743 5495 1872 5542 sunt
1905 5485 2059 5541 dam-

2164 3206 2477 3276 imperator,
2503 3205 2698 3260 iterum
2728 3205 2979 3260 condicto
2995 3202 3082 3256 die
3099 3201 3165 3255 ad
3192 3196 3545 3253 obsidendam
3568 3199 3744 3252 Asca-

2163 3302 2364 3368 lonem,
2401 3315 2525 3356 eum
2569 3299 2685 3354 suis
2721 3297 2891 3367 Joppe
2928 3294 3277 3350 conveniunt.
3335 3289 3441 3344 Sed
3475 3291 3745 3346 Jerosoli-

2163 3393 2312 3449 mitis
2338 3393 2563 3448 minime
2585 3391 2740 3460 juxta
2780 3389 3091 3444 condictum
3122 3387 3529 3452 oecurentibus,
3574 3387 3732 3455 impe-

2163 3493 2313 3540 rator
2337 3481 2867 3550 Constantinopolim
2905 3479 3136 3536 navibus
3159 3479 3439 3544 evehitur;
3477 3493 3595 3542 rex,
3629 3476 3745 3530 suis

2163 3573 2612 3643 repatriantibus,
2641 3587 2765 3626 cum
2794 3570 2986 3640 paucis
3025 3567 3364 3622 Jerosolimis
3400 3583 3496 3637 per
3535 3583 3745 3621 annum

2162 3674 2429 3721 moratur.
2476 3658 2722 3734 Rogerus
2775 3679 2872 3718 rex
2915 3660 3114 3717 Siciliae
3153 3660 3452 3713 exercitum
3494 3658 3744 3713 navalem

2161 3759 2362 3819 direxit
2400 3758 2468 3814 ad
2509 3757 2645 3813 fines
2675 3755 2900 3819 Alfrice;
2947 3763 3214 3826 captaque
3274 3751 3476 3822 insigni
3527 3751 3744 3804 civitate

2160 3867 2282 3921 quae
2314 3849 2514 3906 dicitur
2533 3847 2751 3912 Alii-ica,
2784 3845 2974 3911 Suilla,
3006 3845 3193 3911 Asfax,
3224 3844 3464 3912 Clippea,
3493 3843 3746 3912 alliisque

2160 3941 2358 3998 castris
2392 3939 2664 4010 pluribus,
2693 3937 3165 4007 archiepiscopum
3205 3935 3422 3989 Ali‘rica:
3445 3977 3460 4002 ,
3497 3935 3593 4003 qui
3645 3932 3746 3987 sub

2160 4033 2418 4088 servitute
2464 4030 2691 4084 Romam
2735 4037 2958 4083 venerat
2996 4026 3420 4092 consecrandus,
3454 4024 3523 4079 ad
3561 4025 3745 4080 sedem

2159 4138 2316 4180 suam
2341 4119 2566 4175 remittit
2593 4120 2845 4174 liberum.

2225 4213 2388 4271 “49.,
2571 4210 2659 4269 12.¹
2807 4209 2893 4263 12.
3042 4208 3129 4262 14.
3277 4206 3331 4264 6.
3481 4206 3534 4260 8.

2228 4304 2372 4374 Papa
2401 4302 2678 4373 Eugenius
2719 4301 2773 4354 in
2801 4300 3010 4357 Italiam
3042 4314 3346 4369 regressus,
3376 4311 3504 4352 cum
3537 4295 3744 4350 Roma-

2160 4397 2246 4451 nis
2296 4394 2450 4450 vario
2496 4401 2694 4448 eventu
2741 4391 3000 4462 conﬂigit.
3076 4389 3364 4447 Conradus
3425 4396 3481 4442 et
3528 4385 3747 4439 Manuel

2159 4489 2516 4557 imperatores
2556 4485 2940 4540 convenientes
2988 4483 3046 4538 in
3087 4479 3300 4546 Grecia,
3340 4479 3746 4549 expeditionem

2157 4586 2352 4648 parant
2377 4583 2567 4633 contra
2592 4574 2884 4645 Rogerium
2914 4573 2982 4627 de
3027 4571 3233 4627 Sicilia.
3269 4570 3376 4625 Sed
3413 4569 3744 4625 exercitibus

2157 4667 2452 4738 profligatis
2479 4669 2550 4722 ob
2599 4666 2799 4721 famem
2833 4675 2887 4720 et
2931 4679 3190 4719 aurarum
3238 4663 3747 4732 intemperantiam,

2158 4758 2442 4813 Conradus
2473 4766 2738 4827 tanquam
2761 4757 3038 4811 rediturus
3063 4754 3380 4824 repatriavit
3403 4753 3457 4808 in
3481 4752 3714 4808 Alcman

2160 4850 2328 4904 niam.
2367 4847 2655 4915 Henricus,
2689 4845 2950 4905 Ludovici
2986 4846 3325 4902 Francorum
3361 4845 3503 4916 regis
3530 4859 3730 4915 germa-

2157 4957 2282 5007 nus,
2318 4949 2630 5010 contempto
2660 4941 2849 4996 mundi
2879 4947 3129 5004 stemate,
3163 4953 3262 5008 pro
3287 4936 3506 4992 Christo
3541 4936 3594 4989 in
3621 4935 3730 4989 Cla-

2156 5034 2357 5088 ravalle
2397 5035 2622 5090 indutus
2651 5033 2946 5088 monachili
2985 5033 3281 5095 schemate,
3313 5029 3635 5102 provehitur
3678 5026 3743 5080 ad

2154 5124 2526 5196 episcopatum
2586 5125 2823 5181 civitatis
2879 5123 3199 5195 Beluagicaa.
3255 5120 3534 5190 Ecclypsis
3600 5119 3742 5185 lunzr

2156 5213 2259 5272 fuit
2288 5215 2344 5269 11
2379 5215 2496 5269 Kal.
2525 5215 2728 5285 Aprilis
2759 5215 2904 5273 circa
2961 5215 3152 5269 horam
3189 5213 3222 5267 9
3267 5212 3465 5275 noctis,
3512 5209 3744 5264 sabbato

2162 5313 2288 5360 ante
2310 5321 2494 5360 ramos
2516 5307 2850 5376 palmarum;
2875 5313 2930 5358 et
2956 5312 3244 5358 ventorum
3271 5300 3627 5371 intemperies
3653 5312 3742 5352 seq

2162 5407 2286 5453 euta
2309 5389 2392 5453 est
2406 5413 2501 5468 per
2521 5397 3083 5468 quattuorcontinuos
3104 5397 3238 5452 dies.
3262 5393 3319 5448 ln
3343 5396 3376 5449 ιι
3398 5400 3578 5448 autem
3606 5389 3741 5444 feria

2162 5498 2359 5546 ventus
2399 5491 2674 5544 maximus
2699 5499 2752 5543 et
2786 5489 2952 5547 nimia
2983 5487 3088 5550 fuit
3115 5480 3434 5550 pluviarum
3464 5482 3711 5540 inundan

1967 5597 2191 5655 NOTAE.

545 5691 696 5774 (ἕρὲ)
725 5679 951 5774 99'1"}!-

563 5695 674 5746 ’509
725 5695 951 5746 Corl‘ou.

563 5695 696 5834 ﬁlo;
723 5762 755 5815 8
785 5761 861 5818 id.
892 5761 1040 5833 Sept.
1081 5763 1380 5820 secundum
1414 5763 1793 5835 Necrologium
1830 5761 2057 5836 Aquicin

2161 5777 2196 5817 re
2220 5778 2234 5829 ;
2261 5775 2404 5821 anno
2433 5759 2570 5822 illi
2605 5755 3163 5822 secundumnhuialea
3185 5752 3600 5828 Aquieinenars.
