3934 6316
102 356 200 415 377

833 342 1199 403 canonum.
1237 373 1311 384 —
1349 321 1817 399 communio
1855 320 2616 402 rmirb‘uSramusrs

3258 334 3362 405 5'73

108 470 190 528 tia.
219 465 335 536 Qua
361 464 455 522 die
479 462 542 520 in
583 461 867 519 territorio
911 458 1233 516 Nerviorum
1257 458 1428 530 juxta
1457 455 1673 513 Ganda-
1703 458 1747 514 Α
1774 455 2066 526 religiosus
2090 456 2342 528 princeps
2363 435 2418 513 et
2439 445 2742 528 pauperum
2765 463 2919 529 pater
2952 438 3136 517 comes
3160 440 3361 518 'Theo-

106 577 219 619 vum
244 557 525 624 sacerdos,
556 554 730 611 missa
762 552 1055 620 celebrata,
1087 548 1314 606 fulmine
1344 551 1484 606 ictus
1505 564 1671 605 occu-

106 655 225 719 buit,
251 660 305 706 et
331 649 389 705 in
413 647 692 705 territorio
723 644 979 702 Remensi
1013 644 1235 715 quidam
1266 640 1497 699 clericus
1533 650 1670 697 tem-

107 750 291 817 pestate
310 740 491 813 periit.
525 738 815 805 Tonitrua,
862 734 1101 809 fulgura,
1123 735 1414 806 grandines
1441 743 1496 789 et
1532 742 1672 789 tem-

105 840 344 905 pestates,
390 830 607 886 diversa
652 829 757 883 hoc
812 842 959 882 anno
1012 825 1328 881 hominibus
1373 825 1675 879 intulerunt

107 923 456 981 incommoda.
486 920 802 978 Ludovicus
840 934 934 975 rex
974 918 1311 974 Francorum
1342 933 1372 971 a
1399 914 1671 970 Palestina

106 1015 368 1086 navigans,
403 1022 469 1070 ut
514 1013 572 1068 in
613 1013 846 1083 patriam
887 1008 1111 1077 rediret,
1157 1008 1455 1064 Grecorum
1506 1021 1673 1061 naves

105 1104 333 1161 incurrit.
369 1102 623 1174 Cumque
647 1102 716 1159 ab
737 1103 820 1158 eis
847 1099 1166 1171 imperatori
1186 1097 1491 1154 Coriolium
1524 1096 1672 1152 obsi-

105 1201 235 1257 denti
282 1198 694 1270 presentandus
743 1196 1052 1261 deducitur,
1108 1193 1373 1263 Georgius
1426 1192 1535 1247 dux
1581 1200 1675 1244 na-

104 1291 233 1345 vium
266 1289 409 1360 regis
437 1288 641 1343 Siciliae
666 1301 766 1341 eos
806 1284 1137 1356 aggreditur.
1172 1280 1450 1352 Siquidem
1490 1288 1672 1335 vasta-

104 1382 164 1436 tis
184 1390 234 1435 et
258 1381 508 1450 spoliatis
528 1378 831 1442 Grecorum
858 1375 1175 1447 provinciis,
1203 1390 1375 1446 usque
1395 1375 1462 1429 ad
1494 1375 1668 1444 ipsam

104 1474 273 1529 urbem
312 1473 524 1543 regiam
551 1469 1086 1539 Constantinopolim
1122 1469 1405 1533 accedens,
1443 1468 1669 1539 sagittas

105 1577 275 1618 aureas
297 1562 355 1616 in
387 1561 652 1632 palatium
686 1560 1035 1630 imperatoris
1063 1559 1301 1630 jecerat,
1343 1566 1397 1612 et
1431 1558 1669 1614 incensis

106 1652 436 1718 suburbanis,
468 1653 535 1707 de
562 1651 742 1707 fructu
765 1659 1016 1706 ortorum
1057 1649 1203 1720 regis
1240 1650 1505 1704 violenter
1529 1649 1669 1704 tule-

106 1754 192 1799 rat.
220 1742 369 1799 Unde
398 1744 643 1809 rediens,
674 1757 841 1799 naves
873 1740 1173 1797 Grecorum
1205 1740 1456 1806 incurrit,
1491 1740 1666 1811 captis

1774 548 1988 604 baldus.
2030 545 2182 603 Multi
2206 565 2425 620 quoque
2461 551 2671 606 nobiles
2695 551 2797 607 hoc
2825 566 2971 608 anno
3028 554 3358 612 moriuntur.

1845 640 2004 696 “52.
2187 641 2275 695 15.
2464 643 2552 698 15.
2739 643 2826 698 17.
3006 645 3058 700 9.
3179 646 3264 700 11.

1845 731 2027 805 (Febr.
2056 732 2169 805 15.)
2194 732 2480 790 Conradus
2505 733 2930 792 Teutonicorum
2959 754 3052 792 rex
3080 737 3230 805 obit;
3269 739 3362 809 qni

1772 840 1896 882 cum
1919 824 2230 895 quindecim
2268 825 2427 882 annis
2460 828 2787 896 regnaverit,
2815 829 3250 884 benedictionem
3282 836 3365 884 ta-

1772 932 1896 972 men
1932 917 2271 988 imperialem
2332 933 2442 973 non
2484 918 2694 974 habuit.
2730 918 2831 975 Cui
2900 918 3200 976 Fritericus
3253 921 3363 975 dux

1771 1023 1942 1078 nepos
1963 1008 2082 1078 ejus
2109 1008 2374 1065 succedit.
2402 1009 2675 1067 Adalbero
2701 1010 3053 1068 Trevirorum
3087 1013 3364 1083 archiepi-

1770 1114 1991 1170 scopus,
2018 1101 2103 1155 vir
2140 1102 2524 1174 magnanimus
2538 1112 2591 1158 et
2614 1103 2907 1175 singularis
2934 1121 3201 1169 censurae,
3225 1105 3358 1159 obit.

1772 1189 2140 1246 Tememotus
2170 1188 2350 1246 fuitin
2392 1194 2642 1263 partibus
2673 1194 2857 1250 italiae.
2889 1194 2998 1249 Rex
3024 1195 3360 1250 Francorum

1770 1280 2080 1338 Ludovicus
2108 1324 2123 1349 ,
2178 1282 2445 1355 zelotipim
2496 1285 2690 1355 spiritu
2743 1286 3132 1350 inﬂammatus,
3177 1287 3361 1356 jurata

1769 1375 2244 1446 consanguinitate
2272 1391 2501 1431 uxorem
2538 1393 2693 1432 suam
2728 1377 2996 1447 repudiat.
3025 1377 3197 1443 Quam
3230 1378 3359 1446 quia

1769 1472 1959 1520 contra
1994 1463 2115 1533 ejus
2162 1465 2496 1523 voluntatem
2547 1465 2815 1522 Henricus
2861 1469 2972 1522 dux
3012 1466 3361 1522 Normannia:

1768 1554 1938 1621 ducit,
1972 1571 2166 1628 magna
2197 1557 2339 1612 inter
2359 1573 2455 1612 eos
2480 1558 2734 1613 simultas
2754 1558 3118 1613 excandescit.
3153 1556 3359 1629 Regina

1768 1646 2221 1703 Jerosolimorum
2244 1649 2396 1720 justo
2424 1649 2753 1705 familiarius
2798 1651 2864 1706 ad
2907 1650 3158 1705 inimicos
3185 1648 3278 1704 Dei
3301 1664 3361 1705 se

1770 1739 2022 1806 habente,
2052 1739 2198 1796 filius
2221 1741 2339 1812 ejus
2385 1740 2687 1798 Balduinus
2735 1758 2830 1797 rex
2890 1750 3078 1797 contra
3118 1748 3241 1796 eam
3271 1741 3359 1795 in-

106 1835 416 1891 Ludovicum
451 1851 633 1907 regem
661 1835 881 1906 eripuit,
916 1834 1012 1890 sed
1041 1843 1233 1904 captos
1264 1833 1407 1905 regis
1444 1834 1666 1889 obtentu
1701 1823 1744 1878 Β
1770 1832 1962 1904 surgit,
1990 1843 2043 1888 et
2070 1834 2310 1890 obsessis
2345 1836 2631 1905 captisque
2656 1836 2776 1905 ejus
2826 1835 3250 1901 munitionibus,
3302 1836 3358 1888 in

105 1929 320 1982 dimittit.
344 1926 571 1982 Interim
611 1920 825 1982 Manuel
852 1935 1069 1997 recepto
1094 1926 1149 1981 in
1173 1925 1503 1981 deditionem
1531 1924 1671 1980 Gur-

105 2018 236 2083 folio,
267 2018 582 2073 Siculorum
615 2033 783 2072 naves
833 2032 929 2087 per
967 2032 1099 2072 suos
1130 2016 1458 2087 insequitur,
1489 2023 1545 2070 et
1576 2030 1669 2070 ca-

103 2112 193 2180 ptis
217 2108 494 2164 nonnullis
520 2108 776 2175 navibus,
802 2125 892 2164 rex
929 2107 1056 2180 fuga
1098 2109 1383 2174 liberatur,
1410 2116 1465 2163 et
1491 2123 1522 2161 a
1546 2122 1669 2177 rege

105 2199 333 2272 Rogcrio,
362 2216 468 2256 nec
494 2217 602 2255 non
626 2208 682 2255 et
708 2216 846 2270 papa
876 2198 1142 2271 Eugenio,
1170 2199 1469 2254 honoriﬁce
1498 2197 1669 2255 susci-

105 2294 229 2363 pitur
256 2288 420 2363 atque
451 2291 759 2347 deducitur.
793 2291 1136 2347 Raimundus
1176 2292 1433 2363 princeps
1474 2292 1668 2346 Antio-

104 2385 238 2449 chiae,
265 2385 345 2437 vir
387 2383 606 2439 cunctis
637 2382 923 2437 christiani
959 2383 1201 2438 nominis
1232 2382 1474 2439 inimicis
1510 2383 1669 2438 terri-

105 2475 226 2540 bilis,
252 2473 366 2529 Kal.
417 2473 656 2545 Augusti
682 2481 871 2528 contra
916 2472 1128 2528 Turcos
1174 2488 1450 2546 egressus,
1480 2474 1669 2530 multis

107 2584 302 2622 suorum
333 2567 514 2639 captis
542 2576 594 2622 et.
617 2567 814 2622 occisis
850 2566 904 2622 in
936 2565 1152 2621 insidiis
1193 2582 1408 2631 eorum,
1455 2567 1667 2639 etipse

106 2658 467 2713 miserabiliter
501 2666 586 2713 est
615 2656 955 2713 interiectus.
1000 2656 1167 2712 Turci
1199 2665 1366 2729 caput
1400 2658 1520 2729 ejus
1555 2659 1666 2714 cir-

105 2749 472 2817 cumferentes,
508 2750 695 2805 omnia
744 2748 857 2805 fere
901 2757 1083 2806 castra
1118 2750 1203 2805 vel
1243 2750 1512 2818 civitates,
1545 2766 1668 2822 qua:

107 2841 175 2895 sui
190 2840 320 2912 juris
345 2849 526 2908 erant,
552 2841 608 2896 in
647 2841 978 2899 deditionem
1010 2842 1303 2912 recipiunt,
1337 2852 1522 2913 preter
1552 2842 1665 2898 An-

104 2934 400 2991 thiocbiam.
424 2934 553 3002 Qui,
582 2950 708 2990 cum
732 2943 787 2989 et
810 2933 985 3004 ipsam
1016 2935 1182 2991 nimis
1205 2933 1546 3002 infestarent,
1569 2951 1662 2990 rex

104 3024 527 3084 lerusolimorum
572 3024 869 3083 Balduinus
911 3035 1103 3083 contra
1151 3041 1248 3083 eos
1291 3028 1568 3099 egreditur
1609 3028 1659 3082 in

106 3118 317 3192 Syriam;
354 3122 548 3192 eisque
580 3119 916 3192 proturbatis
949 3119 1005 3174 in
1031 3120 1309 3175 redeundo
1358 3117 1663 3175 Saraceno-

104 3228 206 3267 rum
232 3215 591 3269 munitionem
624 3213 770 3268 circa
807 3211 1137 3267 Damascum
1171 3211 1336 3282 capit,
1368 3221 1424 3265 et
1459 3210 1661 3265 Dama-

105 3319 271 3360 scenos
298 3305 354 3359 in
379 3305 675 3360 triennium
717 3304 1041 3359 tributarios
1070 3302 1220 3359 facit.
1251 3302 1450 3360 Milites
1478 3303 1663 3372 templi

105 3392 297 3463 Gazam,
352 3386 638 3467 antiquam
685 3394 975 3461 Palestina:
1000 3395 1279 3452 civitatem
1322 3396 1658 3463 reediilcant,

105 3495 148 3538 et
169 3488 398 3543 turribus
425 3503 548 3544 eam
574 3487 904 3556 munientes,
931 3486 1280 3544 Ascalonitas
1312 3489 1550 3560 graviter
1578 3487 1664 3543 in-

107 3572 292 3632 iestant.

162 3709 301 3766 1150.
378 3710 575 3768 R.15.
647 3711 710 3767 F.
750 3713 836 3767 15.
910 3711 976 3768 A.
1021 3713 1109 3770 15.
1188 3708 1253 3766 ll.
1297 3710 1348 3766 7.
1421 3710 1480 3766 S.
1519 3709 1573 3766 9.

162 3800 560 3860 Bartholomeus
614 3803 996 3861 Laudunensis
1028 3805 1340 3876 episcopus,
1372 3804 1663 3860 trecesimo

108 3902 269 3949 octavo
323 3911 471 3950 anno
537 3895 623 3951 sui
678 3898 1045 3968 episcopatus,
1101 3905 1416 3968 contempto
1471 3897 1661 3952 mundi

108 3992 339 4052 scemate,
368 3987 634 4043 "Fusniaci
666 3990 816 4061 (511)
864 3990 1110 4046 induitur
1162 3990 1456 4045 monachili
1499 3990 1659 4046 sche-

107 4086 239 4131 mate.
264 4077 474 4135 Habitis
503 4095 601 4151 per
626 4080 912 4138 Fra‘nciam
943 4082 1333 4149 conventibus,
1374 4081 1661 4138 conivente

106 4167 241 4223 etiam
268 4187 402 4243 papa
428 4172 693 4245 Eugenio,
721 4183 781 4230 ut
826 4172 995 4230 abbas
1041 4172 1361 4229 Clarevallis
1401 4169 1661 4227 Jerosoli-

106 4271 224 4313 mam
249 4262 312 4316 ad
338 4263 479 4320 alios
507 4265 885 4334 provocandos
927 4264 1257 4330 mitteretur,
1287 4263 1510 4334 grandis
1555 4262 1658 4318 ite-

106 4365 205 4405 rum
226 4369 401 4410 sermo
432 4355 499 4411 de
519 4355 858 4427 profectione
905 4357 1279 4412 transmarina
1314 4356 1655 4423 celebratur;

106 4442 182 4498 ted
202 4460 289 4514 per
306 4449 703 4508 Cistercienses
731 4449 1034 4506 monachos
1059 4457 1234 4505 totum
1259 4456 1532 4505 cessatur.

162 4580 298 4638 115i.
482 4586 572 4642 14.
757 4587 845 4642 14.
1030 4586 1119 4642 16.
1303 4586 1357 4643 8.
1471 4586 1558 4643 10.

159 4669 381 4733 illustres
421 4678 686 4749 religione
732 4688 786 4734 et
832 4679 1118 4750 prudentia
1173 4678 1277 4734 viri
1300 4679 1525 4746 obeunt,
1557 4679 1657 4735 Su-

1771 1924 1961 1979 urbem
1986 1934 2231 1981 sanctam
2250 1926 2455 1981 intrare
2492 1927 2562 1981 ab
2584 1926 2703 1997 ipsa
2747 1927 2988 1982 secundo
3028 1926 3356 1996 prohibitus,

1765 2016 1986 2071 tandem
2024 2017 2287 2073 violenter
2337 2018 2670 2089 ingreditur;
2713 2034 2943 2090 eamque
2971 2019 3024 2072 in
3056 2034 3183 2072 arce
3205 2017 3358 2071 obsi-

1767 2111 1925 2179 dens,
1981 2111 2124 2168 facta
2166 2129 2320 2183 pace,
2383 2112 2664 2183 Neapolim
2694 2113 2745 2169 ei
2797 2113 3041 2177 dimittit,
3090 2113 3358 2181 reliquam

1770 2201 1923 2271 regni
1949 2211 2158 2271 partem
2190 2203 2294 2257 sibi
2329 2204 2545 2258 retinet.
2581 2202 2925 2268 Massamuti,
2968 2186 3111 2273 quos
3133 2201 3358 2272 quidam

1767 2288 2034 2345 Moabitas
2075 2292 2282 2356 dicunt,
2333 2301 2457 2362 post
2507 2300 2833 2363 usurpatum
2893 2290 3234 2346 Mauritaniae
3275 2307 3363 2347 re-

1768 2395 1934 2449 gnum
1960 2396 2252 2450 regemque
2284 2380 2530 2452 patibulo
2553 2379 2796 2449 ailixum,
2826 2381 2992 2436 etiam
3022 2395 3204 2450 regem
3230 2378 3360 2433 Bul-

1767 2474 1870 2545 giaa
1910 2475 2244 2542 occidentes,
2291 2492 2520 2547 regnum
2556 2476 2677 2546 ejus
2721 2476 3024 2542 invadunt,
3075 2475 3362 2546 ipsamque

1769 2567 2033 2635 Siciliam,
2064 2569 2340 2639 Apuliam,
2371 2568 2600 2623 Romam
2626 2584 2845 2639 quoque
2872 2584 2931 2624 se
2963 2568 3220 2622 invadere
3256 2566 3361 2620 mi—

1766 2668 1988 2716 nantur.
2015 2659 2248 2716 Illustris
2278 2660 2360 2715 vir
2388 2659 2658 2717 Radulfus
2687 2674 2872 2716 comes
2897 2658 3361 2714 Viromandorum

1767 2753 1900 2807 obit.
1936 2750 2213 2824 Eugenius
2255 2766 2416 2822 papa,
2441 2766 2565 2807 cum
2594 2746 2861 2807 Romanis
2882 2766 3017 2821 pace
3046 2750 3209 2813 facta,
3247 2747 3354 2802 Ur-

1765 2845 1890 2901 bem
1923 2844 2246 2914 ingreditur,
2275 2844 2459 2916 ibique
2488 2858 2613 2899 cum
2644 2844 2726 2899 eis
2757 2843 2862 2898 hoc
2910 2856 3056 2897 anno
3103 2840 3359 2911 primitus

1767 2944 2159 2992 commoratur.

1767 3036 1779 3044 '
1835 3026 1993 3081 1155.
2207 3025 2259 3079 1.

1838 3116 1951 3174 Rex
2000 3116 2298 3175 Fritericus
2369 3116 2769 3189 expeditionem
2821 3128 2978 3188 parat
3015 3118 3068 3172 in
3117 3114 3351 3170 Italiam.

1767 3209 1903 3283 (Jul.
1932 3211 2007 3280 7.)
2031 3209 2159 3265 Obit
2186 3209 2463 3281 Eugenius
2488 3225 2657 3281 papa,
2707 3209 2795 3267 cui
2838 3207 3082 3264 succedit
3122 3206 3358 3261 Anasta-

1765 3302 1901 3357 sius.
1928 3300 2039 3355 Rex
2071 3301 2405 3356 Francorum
2429 3299 2741 3357 Ludovicus
2771 3315 2897 3355 cum
2918 3298 3088 3353 nimio
3114 3297 3355 3352 exercitu

1764 3392 2114 3449 Normanniae
2143 3393 2279 3448 lines
2303 3408 2621 3464 aggressus,
2645 3401 2888 3448 castrum
2944 3389 3156 3444 Vernon
3181 3389 3237 3443 in
3261 3388 3356 3442 de-

1763 3482 2025 3538 ditionem
2056 3482 2281 3552 recepit.
2314 3481 2537 3536 lnterim
2567 3484 2678 3538 dux
2700 3481 3137 3535 Normannorum
3162 3479 3215 3533 in
3237 3479 3352 3532 An-

1764 3573 1869 3644 glia
1901 3584 2089 3628 contra
2113 3588 2297 3644 regem
2321 3571 2661 3643 Stephanum
2688 3571 2901 3628 fortiter
2922 3584 3111 3640 agens,
3130 3568 3350 3622 tandem

1763 3681 1888 3721 cum
1914 3681 1983 3720 eo
2010 3680 2197 3736 pacem
2239 3664 2390 3733 facit,
2453 3665 2525 3721 ita
2585 3674 2646 3721 ut
2686 3665 2900 3720 vivente
2923 3676 3050 3732 rege
3078 3668 3203 3731 post
3223 3675 3352 3713 eum

1763 3756 2039 3812 secundus
2068 3757 2123 3811 in
2148 3757 2367 3828 Anglia,
2400 3766 2620 3813 mortuo
2669 3754 2946 3812 succedat.
2971 3752 3087 3808 Rex
3129 3750 3350 3807 Jeroso-

1762 3848 2021 3904 limorum
2046 3849 2197 3921 regni
2221 3849 2534 3921 integritate
2600 3849 2838 3920 potitus,
2868 3845 3189 3901 Ascalonem
3241 3840 3350 3897 Pa-

1760 3939 1976 3995 lastinaa
2027 3949 2193 4011 caput
2245 3950 2370 4012 post
2419 3941 2637 4011 longam
2689 3939 3030 3996 obsidionem
3078 3950 3187 3991 non
3230 3934 3351 3991 sine

1761 4033 1913 4104 gravi
1934 4033 2174 4104 dampno
2192 4043 2245 4089 et
2267 4033 2438 4088 multa
2459 4048 2684 4089 suormn
2722 4030 3100 4103 proﬂigatione
3127 4027 3344 4083 tandem

1761 4125 1922 4196 cepit.
1957 4123 2294 4182 Veneranda:
2333 4125 2616 4181 memorize
2671 4118 2984 4179 Bernartius
3032 4121 3202 4175 ablxas
3226 4118 3354 4173 Cla-

1761 4216 2082 4271 revallensis
2108 4224 2232 4286 post
2259 4215 2438 4271 claros
2460 4223 2617 4271 actus
2644 4222 2700 4269 et
2725 4214 3017 4268 multarum
3040 4210 3348 4264 animarum

1761 4305 1913 4360 lucra
1936 4315 1991 4360 et
2041 4305 2330 4360 innumera
2389 4302 2609 4361 fundata
2657 4303 2988 4359 monasteria
3034 4302 3195 4356 beato
3241 4297 3349 4353 iine

1761 4398 2017 4471 quiescit.
2049 4398 2251 4455 Urbem
2274 4396 2636 4454 Cameracum
2661 4403 2785 4467 post
2816 4392 3115 4449 multorum
3142 4390 3347 4445 civium

2441 3024 2528 3080 13.
2716 3023 2803 3079 18.
2954 3024 3041 3077 10.
3155 3023 3242 3077 12.

2716 3023 2803 3079 18.
2954 3024 3041 3077 10.

1689 4515 1734 4572 ι)
1760 4492 2068 4563 captionem
2087 4490 2460 4545 Theodericus
2485 4488 2757 4544 Flandrise
2786 4501 2973 4543 comes
3006 4483 3226 4551 recepit.
3256 4479 3350 4535 Vir

1759 4586 2048 4656 religiosus
2068 4583 2345 4639 Walterus
2370 4579 2756 4636 Laudunensis
2783 4579 3073 4647 episcopus
3092 4616 3106 4640 ,
3142 4573 3344 4627 multa.

1756 4694 1881 4734 rum
1912 4677 2170 4733 fundator
2193 4675 2559 4741 abbatiarum,
2613 4672 2812 4742 migrat
2833 4670 2899 4724 ad
2924 4668 3235 4732 Dominum,
3292 4675 3349 4722 et

108 4773 235 4827 serus
274 4766 440 4822 abbas
500 4767 687 4824 Sancti
728 4769 971 4842 Dyonisii
1002 4769 1173 4842 (512),
1208 4769 1510 4826 Rainaldus
1530 4769 1655 4828 Cis-
1757 4768 2154 4827 Premonstrati
2204 4767 2487 4839 sepelitur,
2536 4764 2629 4820 ubi
2687 4763 2962 4833 quondam
3004 4775 3105 4831 pro
3126 4758 3348 4814 Christo

108 4855 247 4918 tercii,
271 4857 383 4915 0.10
414 4859 603 4915 Sancti
640 4860 894 4935 Remigii.
947 4863 1197 4919 Lauduni
1252 4863 1313 4918 iit
1362 4864 1654 4935 episcopus
1757 4862 2093 4933 paupertatis
2115 4859 2352 4930 sumpsit
2388 4858 2656 4913 habitum.
2687 4855 2789 4910 Cui
2821 4853 3063 4911 succedit
3093 4849 3349 4911 Galteius

110 4939 340 5006 Walterus
361 4953 534 5008 abbas
570 4952 757 5009 Sancti
796 4954 1048 5023 Martini;
1079 4964 1134 5010 et
1184 4954 1551 5011 Godescalcus
1580 4955 1648 5011 de

108 5048 259 5093 monte
288 5045 461 5098 sancti
488 5043 707 5100 Martini
739 5046 1088 5118 episcopatur
1131 5046 1397 5103 Atrebati.
1422 5045 1648 5117 Episco-

107 5124 147 5191 ρί
167 5129 347 5189 Obeunt
366 5136 616 5194 moribus
635 5149 688 5193 et
713 5140 940 5194 scientia
960 5139 1113 5205 clari,
1145 5138 1304 5212 Hugo
1329 5139 1646 5196 Autisiodo-

1760 4952 2139 5009 Laudunensis
2160 4953 2421 5008 decanus.

1832 5044 1990 5099 1154.
2207 5043 2263 5098 2.
2449 5041 2535 5096 17.
2718 5039 2805 5095 19.
2953 5038 3040 5097 1i.
3155 5036 3243 5092 13.

1828 5134 2089 5204 Princeps
2115 5132 2267 5190 utilis
2293 5140 2347 5189 et
2401 5142 2660 5188 strenuus
2693 5140 2747 5187 et
2774 5130 2987 5187 actibus
3020 5130 3204 5184 clarus
3238 5122 3369 5181 Ro;

107 5219 279 5289 tensis,
330 5236 384 5282 et
420 5225 678 5285 Joslenus
727 5227 1143 5286 Suessionensis
1190 5229 1360 5302 (515).
1407 5229 1652 5285 Gil'ridus
1750 5228 1934 5299 gerius
1956 5242 2050 5282 rex
2088 5226 2307 5294 Siciliae,
2329 5234 2455 5297 post
2483 5225 2727 5296 insignes
2749 5224 2818 5279 de
2849 5220 3140 5286 Saracenis
3170 5219 3344 5274 victov

107 5319 261 5369 comes
286 5317 697 5390 Andegavorum
743 5315 867 5391 post
912 5322 1220 5378 simultates
1274 5321 1494 5378 habitas
1524 5337 1650 5378 cum
1746 5321 1861 5377 rias
1889 5329 1944 5375 et
1964 5328 2141 5375 terras
2160 5335 2351 5375 eorum
2404 5325 2700 5389 occupatas
2723 5317 2866 5383 obit,
2891 5331 2992 5370 nec
3023 5312 3339 5369 inferiorem

108 5410 207 5469 rege
230 5402 515 5477 Ludovico,
552 5409 695 5466 facta
725 5427 877 5482 pace,
903 5411 1044 5468 infra
1098 5413 1264 5469 unius
1298 5412 1505 5468 mensis
1530 5427 1654 5482 spa—

1751 5427 1810 5468 se
1830 5412 2002 5467 lilium
2032 5411 2380 5468 Guillclmum
2399 5454 2414 5479 ,
2461 5411 2614 5482 regni
2659 5419 2714 5465 et
2746 5408 3095 5464 victoriarum
3121 5417 3342 5459 success-

109 5487 217 5549 liIIn
241 5498 363 5555 obit.
389 5501 512 5573 (An.
540 5504 710 5572 1152,
750 5502 878 5560 Jan.
908 5505 987 5578 8.)
1024 5504 1171 5561 Obiit
1190 5506 1353 5562 etiam
1371 5504 1572 5561 nobilis
1599 5511 1657 5559 et
1750 5518 1934 5560 sorem
1959 5504 2310 5575 derelinquit.
2346 5502 2549 5574 Regem
2585 5500 2988 5556 Babiloniorum
3025 5496 3246 5567 quidam
3271 5492 3343 5548 de

1564 5611 1794 5670 NOTAE.

162 5712 290 5854 (511)
310 5718 528 5840 Foihgny,
553 5722 714 5778 dicec.
746 5720 975 5779 Laudun

181 5784 293 5854 512)
323 5790 478 5854 112,
507 5790 628 5847 Jan.
667 5791 751 5851 15.

181 5784 293 5859 512)
323 5784 628 5860 Ηεῖεξιεη.
667 5791 751 5851 15.

1822 5725 1974 5793 (513)
1996 5740 2070 5779 vn
2101 5724 2220 5780 Kal.
2255 5723 2389 5778 Nov.
2423 5719 2994 5793 secundum.Necrol.
3028 5719 3339 5779 Fidcmiena

1749 5811 1835 5856 se;
1872 5794 2086 5852 25'0ct.
2116 5796 2274 5854 1152.
2303 5809 2411 5851 sec.
2447 5792 2680 5849 Galliam
2704 5792 2909 5850 Christ.
