3934 6316
584 342 655 398 ῗθ
1376 364 1383 365 ί
1721 330 2086 393 “CERERI”!
2108 332 2652 393 .GEIBLACENSIS
2772 364 2777 371 -

547 456 663 513 suis
696 450 1032 523 principibus
1055 405 1333 512 interficit.
1378 456 1439 523 et
1462 446 1586 503 inde
1613 461 1740 503 cum
1762 445 1976 502 infinita
2006 446 2124 502 the-
2153 448 2199 505 A
2223 446 2329 514 Qui
2354 447 2411 502 iu
2445 446 2618 514 brevi,
2645 455 2861 503 mortuo
2919 462 3044 522 rege
3086 445 3387 520 Stephano,
3445 447 3695 522 Angliam
3721 449 3794 508 in.

547 559 836 605 saurorum
875 543 1033 613 copia
1087 541 1322 614 fugiens,
1352 558 1395 619 la
1426 540 1691 597 militibus
1720 539 1904 610 templi
1929 540 2132 595 occidi-

478 618 485 622 ⁸
548 646 659 704 tur,
691 646 744 692 et
764 644 923 706 capto
952 635 1062 689 tilio
1081 635 1221 711 ejus,
1245 618 1426 690 omnis
1449 633 1537 688 illa
1565 632 1821 703 opulenta
1847 639 1901 686 et
1924 630 2133 685 incom-

548 729 809 802 parabilis
839 728 1116 798 suppeiiex
1146 742 1337 782 eorum
1395 725 1539 781 cedit
1565 725 1778 781 usibus.
1810 723 2133 778 Guiileimus

548 835 648 876 rex
686 819 884 876 Sicilia
912 819 1082 874 misso
1117 819 1297 873 navali
1325 818 1589 882 exercitu,
1614 817 1807 872 urbem
1834 814 2048 871 Taneos
2075 814 2133 870 in

552 910 762 983 Egypto
800 919 977 966 vastat
996 918 1052 966 et
1073 910 1299 980 spoliat;
1332 910 1475 964 unde
1505 924 1716 980 magna
1740 923 1873 979 opes
1913 906 2034 962 auri
2080 917 2134 963 et

553 1002 761 1072 argenti
787 1018 852 1057 ac
889 1002 1148 1071 preciosa
1193 1002 1362 1057 vestis
1401 1001 1559 1079 copia
1607 1000 1778 1056 multa
1825 999 2157 1055 deducitur-

554 1091 659 1149 Sed
684 1093 809 1148 inde
830 1102 1183 1160 revertentes,
1214 1094 1411 1149 stolum
1459 1091 1805 1163 imperatoris
1834 1090 2132 1148 Grecorum

552 1184 861 1252 offendunt;
892 1195 1092 1242 etcum
1123 1198 1308 1242 essent
1340 1187 1408 1242 de
1431 1185 1619 1241 Grecis
1650 1185 1870 1240 circiter
1900 1184 2004 1240 MO
2034 1200 2136 1239 na-

551 1292 668 1343 ves,
703 1276 872 1332 Siculi
896 1294 1123 1334 numero
1159 1278 1446 1348 pauciores
1496 1292 1594 1333 eos
1622 1278 1870 1344 vincunt,
1902 1276 2139 1346 spoliant

552 1375 607 1429 et
630 1369 875 1439 capiunt,
897 1377 952 1424 et
980 1369 1206 1425 inﬁnita
1253 1385 1417 1439 opum
1455 1369 1797 1424 diversorum
1846 1368 2017 1437 ecpia
2052 1367 2138 1420 Si-

551 1463 692 1517 culis
714 1462 837 1518 inde
872 1464 1216 1534 proveniunt.
1248 1462 1571 1519 Massamuti
1597 1462 1654 1517 in
1695 1461 1846 1516 italia
1893 1459 2138 1516 Puteolis

552 1565 794 1610 castrum
821 1555 1097 1624 spoliant;
1147 1571 1289 1626 quos
1326 1570 1422 1611 rex
1476 1554 1677 1610 Sicilia
1697 1570 1794 1625 per
1828 1568 1959 1615 suos
1987 1552 2142 1607 navi-

553 1646 660 1703 bus
684 1662 1039 1718 persequeus,
1078 1663 1137 1703 cr.
1148 1648 1226 1717 pit
1249 1655 1304 1703 et
1323 1647 1668 1703 exterminat.
1703 1645 1817 1700 Rex
1844 1644 2139 1700 Fritericus

555 1738 1006 1808 transalpinando
1029 1738 1082 1792 in
1113 1722 1267 1794 italia
1289 1737 1502 1795 fortiter
1525 1738 1639 1811 agit
1672 1736 1897 1808 (Nov.);
1950 1735 2141 1791 adver-

552 1832 788 1886 santium
814 1831 917 1886 sibi
950 1841 1129 1891 castra
1160 1832 1364 1902 dejicit.
1397 1831 1512 1886 Rex
1538 1830 1876 1886 Francorum
1905 1827 2143 1883 Ludovi-
2173 1811 2216 1869 Β

551 1935 653 1976 cus
674 1920 964 1978 Henricum
999 1923 1195 1979 ducem
1219 1922 1573 1979 Normannia
1612 1923 1679 1978 ad
1710 1937 1899 1993 pacem
1924 1920 2137 1991 recipit.

2232 550 2437 609 trat,et
2483 542 2636 614 regni
2681 542 2992 614 integritate
3031 543 3259 614 potitus,
3306 557 3496 614 pacem
3530 543 3793 615 antiquata

2232 634 2512 691 reformat.
2538 635 2812 705 Bobertus
2839 636 2906 692 de
2952 635 3120 704 Bova,
3161 636 3248 691 vir
3297 636 3450 693 omni
3486 636 3680 706 plenus
3715 651 3795 693 ne-

2233 728 2427 798 quitia,
2453 727 2649 798 spiritu
2678 728 2942 799 zelotipia
2969 744 3291 803 succensus,
3320 727 3595 807 quendam
3625 725 3797 784 desnis

2233 834 2357 875 cum
2388 818 2729 886 muliercula,
2759 834 2924 890 quam
2954 819 3005 874 ei
3042 810 3391 876 consensisse
3413 817 3795 889 suspicabatur,

2234 911 2379 966 intra
2411 910 2634 966 domum
2659 911 3062 967 comburendos
3082 910 3341 979 includit,
3368 920 3424 967 et
3443 910 3651 981 injecto
3673 909 3795 980 igne,

2234 1010 2559 1073 consumpta
2581 1003 2729 1059 omni
2753 1004 3004 1073 materia,
3051 1004 3221 1060 nichil
3260 1004 3342 1060 eis
3393 1003 3588 1060 nocuit
3633 1003 3797 1058 incen-

2234 1094 2408 1161 dium,
2444 1093 2538 1151 sed
2566 1110 2733 1151 sanos
2752 1104 2807 1151 et
2830 1096 3070 1167 integros
3097 1088 3317 1167 propria
3362 1095 3704 1152 conservavit
3725 1094 3799 1149 in-

2237 1188 2487 1244 nocentia
2518 1187 2687 1259 (514).
2712 1188 2891 1261 (θος.)
2911 1188 3038 1246 Obit
3077 1206 3215 1262 papa
3248 1191 3603 1257 Anastasius,
3634 1190 3800 1261 είφί-

2242 1296 2443 1351 scopus
2467 1281 2798 1361 Albanensis
2832 1282 3131 1341 Nicholaus
3153 1301 3293 1356 papa
3316 1287 3377 1341 lit
3394 1286 3687 1342 Adrianus.
3712 1282 3799 1339 Lu-

2238 1386 2307 1426 na
2331 1387 2491 1441 passa
2520 1379 2607 1428 est
2641 1374 2902 1445 eclypsim
2954 1376 3013 1431 11
3045 1375 3165 1432 Kal.
3214 1375 3364 1445 1am,
3395 1377 3453 1431 in
3508 1376 3803 1448 posteriori-

2240 1465 2343 1522 bus
2365 1465 2616 1535 partibus
2644 1468 3009 1540 geminorum.

2310 1625 2471 1683 1155.
2547 1628 2614 1683 R.
2783 1629 2844 1687 F.
2886 1630 2972 1687 18.
3052 1631 3116 1687 A.
3161 1630 3213 1686 1.
3291 1630 3487 1686 11.12.
3569 1630 3627 1686 S.
3672 1631 3715 1685 i.

2312 1735 2371 1793 In
2400 1740 2645 1809 partibus
2690 1741 3017 1815 Burgundia
3045 1746 3114 1801 i5
3155 1744 3275 1802 Kal.
3300 1744 3588 1801 Februarii
3618 1746 3652 1799 3
3673 1743 3805 1807 feria.

2245 1834 2330 1881 ter
2356 1827 2411 1882 in
2436 1846 2543 1886 una
2579 1842 2737 1888 nocte
2758 1833 2861 1890 fuit
2897 1843 3261 1902 terramotus,
3289 1851 3402 1906 quo
3422 1836 3593 1891 etiam
3620 1835 3807 1889 diversa

2247 1918 2476 1977 aedilicia
2505 1922 2767 1981 dicuntur
2792 1924 2965 1982 fuisse
2994 1926 3256 1983 subversa
3278 1927 3371 1981 '°'.

1880 2050 2113 2109 VARIE
2153 2050 2553 2114 LECTIONES.

621 2146 697 2224 "'_
722 2145 810 2202 Ita
830 2148 1479 2224 codexdesinitin‘media
1507 2151 1721 2224 pagina.
1755 2148 2037 2224 Auctorem
2066 2145 2154 2224 hic
2176 2161 2236 2224 _re
2266 2163 2412 2224 _ve_ra_
2461 2151 2730 2206 calamum
2763 2152 3066 2224 deposuisse
3097 2153 3247 2209 docet
3297 2153 3641 2224 interpolatio
3677 2152 3808 2222 huius

553 2220 970 2275 continuationis
1000 2217 1371 2291 Ursicampina
1388 2215 1729 2292 (01‘);un
1749 2220 1807 2274 in
1831 2216 2022 2273 iisdem
2047 2215 2216 2269 verbis
2242 2215 2455 2275 desinit.

627 2394 775 2459 (5M)
802 2394 887 2450 (ΖΓ.
919 2396 1058 2451 infra
1098 2395 1255 2453 Auct.
1284 2355 1491 2451 Ursics
1546 2400 1551 2403 ’

1670 2515 1745 2527 ο..-

657 2527 992 2540 -ρ--ηη-

2059 2301 2290 2360 NOTAE.

997 2509 3447 2542 Μ

1054 2590 2062 2790 ’ροΝΤΙΝΠΑΤΙΟ
2146 2667 3219 2789 BURBURGENSIS

628 2896 806 2953 Codex
831 2897 994 2950 beata:
1022 2895 1211 2951 Maria:
1240 2896 1402 2964 juxta
1433 2895 1730 2962 Burburch,
1762 2893 1886 2959 C5.,
1909 2888 2236 2964 excepitjel
2277 2891 2456 2964 potius
2487 2887 2747 2964 eacerpsit
2776 2886 3024 2964 codicem
3050 2884 3123 2953 C;
3168 2901 3237 2964 ea:
3284 2901 3400 2955 ejus
3444 2885 3806 2941 additamentis

557 2967 711 3021 habet
750 2976 954 3020 tantum
982 2967 1140 3030 1102,
1167 2968 1326 3032 1105,
1358 2966 1517 3032 1109,
1557 2966 1716 3032 1111,
1742 2981 1805 3018 ea

1842 2957 1959 3046 qua
1976 2957 2095 3032 jam
2123 2960 2194 3028 B;
2219 2957 2526 3046 propriinii
2545 2958 2851 3046 Itab‘etmisi
2882 2957 3340 3046 cpntinuationent
3368 2967 3813 3046 serica:ng-

559 3037 698 3108 dern,
719 3054 823 3108 qua
850 3046 989 3091 tatus
1009 3024 1176 3108 codex
1199 3024 1359 3108 manu
1379 3024 1678 3108 eaaratant.
1704 3024 1957 3108 'Algn‘itium
1976 3024 2113 3101 ἐμω
2137 3024 2526 3108 continuationi
2584 3028 2919 3108 Atrebgterlsi
2974 3026 3253 3108 innititur.
3303 3024 3447 3081 Anni
3477 3027 3640 3108 1122,
3678 3024 3812 3092 1126,

563 3096 743 3187 υξιβνί
764 3107 1120 3187 3.64.1555.
1151 3107 1310 3173 ηδτ,
1338 3105 1684 3187 medus
1714 3105 1853 3161 ωδ
1874 3096 2122 3187 legum:
2149 3101 2400 3187 etiamin
2423 3099 2693 3187 ειιτονετᾳςο.
2714 3096 3261 3187 ,§:.Eav9rii»ﬂ:!9€
3291 3106 3706 3187 διένεῖξίτιξεεεξιξ
3723 3110 3813 3187 εξξι

558 3167 1076 3248 τοίιὶτίοναιεέιιρηδί
1107 3167 1267 3248 supra
1298 3167 1416 3231 'col.
1470 3167 1540 3231 29
1568 3167 1824 3248 vidimus;
1850 3167 1986 3228 unde
2012 3173 2117 3227 ueri
2140 3169 2427 3226 admodum
2463 3169 2640 3224 simile
2680 3169 2906 3236 videtur,
2950 3167 3265 3222 monachum

558 3248 677 3301 dem
700 3246 947 3301 habuisse
969 3257 1017 3302 et
1047 3246 1273 3317 fortasse
1290 3264 1323 3301 ιε
1359 3256 1539 3301 nostra
1570 3247 1831 3300 hausisse.

3368 3166 3697 3223 alcellensent
3719 3181 3810 3221 eoa-

588 3360 799 3463 .mt.
856 3406 1035 3478 (Cant.
1102 3407 1311 3478 Amo.)
1370 3406 1683 3464 Concilium
1744 3402 1962 3459 Beivaci
2010 3400 2155 3458 oeic-
2181 3399 2229 3462 c
2334 3397 2494 3453 1128.
2532 3396 2842 3453 Wiiieimus
2885 3412 3071 3454 comes
3119 3397 3353 3454 moritur
3383 3405 3439 3452 et
3496 3397 3552 3452 in
3613 3395 3813 3453 ecclesia

814 3586 948 3660 (1b.)
1005 3588 1286 3646 Paschalis
1337 3606 1475 3660 papa
1533 3589 1690 3655 obiit,
1751 3585 1839 3642 cui
1882 3582 2150 3641 successit

558 3674 830 3732 Gelasius.
859 3675 1088 3748 Magnus
1122 3688 1317 3732 ventus
1337 3676 1516 3733 factus
1536 3687 1622 3734 est
1654 3677 1718 3731 12
1756 3674 1874 3729 Kal.
1907 3672 2029 3728 Jan.
2055 3688 2149 3730 su-
2222 3670 2237 3678 ”

559 3764 766 3821 brnens
799 3773 979 3821 castra
1003 3774 1058 3822 et
1077 3766 1448 3836 campanaria.

634 3856 793 3913 ili9.
822 3856 1124 3912 Balduinus
1170 3872 1360 3912 comes
1395 3855 1666 3912 Fiandria
1706 3856 1941 3912 moritur
1989 3862 2045 3909 et
2092 3853 2147 3909 in

559 3949 790 4005 ecclesia
818 3948 994 4003 sancti
1026 3947 1231 4004 Bertini
1254 3948 1515 4019 sepelitur
1563 3947 1658 4017 (cf.
1701 3946 1948 4015 Proem).
1977 3944 2151 4000 Κπο-

456 4096 463 4103 ,
560 4039 649 4094 ius
669 4053 839 4108 nepos
860 4038 1001 4109 ejus,
1030 4039 1175 4096 ﬁlius
1226 4038 1498 4097 Cnutonis
1549 4040 1694 4112 regis
1748 4038 2048 4105 Danorum,
2097 4037 2149 4092 ei

563 4131 827 4185 succedit.
882 4128 1060 4202 (Cant.
1096 4132 1327 4202 rAtreb.)
1384 4131 1636 4189 Geiasius
1664 4146 1807 4202 papa
1848 4130 2002 4197 obiit,
2059 4128 2148 4186 cui

561 4221 807 4277 succedit
830 4220 1097 4291 Calixtus,
1127 4224 1223 4294 qui
1250 4222 1437 4279 Remis
1466 4222 1761 4279 concilium
1783 4223 1976 4278 tenuit.

630 4309 790 4364 1122.
822 4308 881 4365 in
901 4311 1156 4368 Fiandria
1176 4314 1322 4383 apud
1342 4313 1528 4368 villam
1554 4329 1679 4384 qua
1704 4312 1903 4368 dicitur
1925 4311 2146 4377 Hoveia,

562 4408 728 4455 natus
753 4409 838 4456 est
860 4418 995 4473 puer
1016 4404 1072 4459 in
1096 4405 1318 4461 modum
1341 4405 1538 4476 piscis,
1559 4420 1660 4460 nec
1682 4404 1906 4460 brachia
1944 4404 2150 4460 habens

498 4521 515 4523 -
561 4506 664 4547 nec
684 4507 868 4549 coxas.

632 4582 793 4639 1121.
825 4583 959 4656 (1b.)
990 4583 1226 4658 iiyemps
1255 4585 1399 4643 facta
1428 4595 1511 4645 est
1532 4586 1854 4657 asperrima.

632 4673 791 4732 1125.
814 4675 1010 4734 Fames
1046 4680 1526 4736 vehementissima
1574 4677 1906 4749 supervenit,
1952 4691 1984 4732 a
2026 4673 2145 4730 Kal.

2250 3490 2428 3547 sancti
2455 3489 2661 3546 Bertini
2692 3489 2973 3561 sepelitur.
3006 3488 3108 3546 Cui
3141 3489 3415 3576 successit
3442 3489 3796 3546 Theodericus

2251 3583 2398 3639 illius
2422 3582 2747 3642 Theoderici
2773 3583 2931 3638 ducis
2958 3582 3026 3638 de
3052 3582 3316 3637 Eiiesath.
3528 3650 3547 3657 -

2320 3675 2479 3730 1129.
2517 3672 2765 3747 Eciypsis
2789 3674 2936 3730 luna
2963 3674 3219 3746 apparuit
3242 3673 3277 3728 4
3297 3670 3415 3745 lia].
3440 3670 3645 3729 Novbr.

2326 3765 2483 3821 1150.
2526 3764 2804 3824 Honorius
2848 3781 2987 3837 papa
3031 3765 3189 3821 obiit.
3228 3752 3545 3820 Goutencio
3576 3766 3710 3820 inter
3731 3762 3813 3817 Pco
3890 3794 3891 3797 η

2250 3869 2394 3916 trum
2421 3859 2590 3914 lilium
2622 3856 2823 3915 Leonis
2849 3867 2903 3914 et
2930 3856 3253 3930 Gregorium
3299 3859 3366 3915 de
3394 3857 3599 3912 Sancto
3633 3854 3813 3928 Angela

2250 3953 2317 4008 de
2340 3960 2560 4023 papatu.
2622 3950 2625 3955 ’

2324 4042 2480 4096 1131.
2518 4039 2576 4095 in
2599 4039 2727 4095 villa
2757 4037 3178 4095 Viromandensi
3215 4046 3377 4094 natus
3410 4046 3498 4094 est
3542 4054 3694 4109 puer,
3726 4035 3810 4090 tria

2250 4134 2427 4205 capita
2481 4133 2690 4189 habens
2757 4131 3095 4202 totidemque
3149 4146 3366 4185 manus.
3416 4129 3710 4185 Combusta
3745 4134 3812 4181 est

2250 4227 2378 4281 villa
2418 4227 2592 4281 sancti
2630 4223 2871 4279 Ricbarii
2902 4223 2954 4278 in
2979 4239 3119 4294 pago
3154 4221 3385 4277 Pontivo
3412 4223 3551 4289 sita,
3577 4237 3699 4277 cum
3733 4231 3808 4272 ec-

2251 4316 2414 4373 clesia
2438 4317 2680 4387 ejusdem
2702 4315 2897 4381 sancti,
2928 4315 2983 4369 in
3011 4328 3123 4386 qua
3164 4314 3289 4385 plus
3323 4330 3489 4383 quam
3534 4314 3644 4368 duo
3687 4309 3812 4365 milia

2252 4410 2537 4465 hominum
2561 4423 2686 4463 cum
2718 4406 3043 4462 mulieribus
3069 4415 3125 4461 et
3157 4406 3459 4461 infantibus
3488 4404 3691 4460 incensi
3712 4417 3808 4473 per-

2253 4500 2528 4566 hibentur,
2553 4515 2582 4553 a
2609 4495 2840 4568 Hugone
2870 4496 3080 4568 Campo
3112 4513 3317 4563 avena,
3354 4498 3449 4568 qui
3486 4496 3709 4552 eandem
3730 4491 3813 4545 vil-

2252 4591 2360 4646 lam
2384 4608 2510 4646 cum
2539 4590 2656 4646 suis
2696 4588 2967 4645 militibus
2996 4589 3213 4645 obsedit
3232 4597 3287 4644 et
3309 4588 3569 4644 incendit.

2327 4679 2484 4735 M35.
2527 4679 2621 4737 Sol
2678 4683 3012 4738 obscuratus
3038 4687 3126 4734 est
3178 4679 3213 4733 4
3243 4676 3383 4733 Non.
3434 4676 3666 4748 Augusti
3701 4674 3812 4729 hora

491 4755 495 4758 ’
560 4762 697 4821 Nov.
722 4767 1009 4838 incipiens,
1041 4786 1214 4840 usque
1260 4771 1328 4825 ad
1373 4785 1543 4826 novas
1590 4768 1775 4840 fruges
1822 4768 2147 4839 perdurans.
2184 4763 2227 4818 D
2253 4769 2317 4837 6,
2359 4771 2433 4826 ita
2464 4779 2525 4826 ut
2558 4773 2712 4828 stelle
2738 4773 2803 4828 in
2834 4772 2952 4828 celo
2987 4777 3332 4841 apparerent.
3369 4768 3530 4838 Apud
3560 4766 3746 4835 Bcrgas
3768 4761 3811 4813 in

563 4855 790 4925 Pontius
823 4860 893 4891 ¹⁰⁶
923 4860 1092 4916 abbas
1119 4861 1497 4918 Cluniacensis
1527 4861 1631 4917 sub
1652 4861 1902 4917 custodia
1940 4858 2134 4913 Roma-

563 4948 618 5001 ni
648 4950 920 5017 pontiiicis
972 4951 1027 5005 in
1080 4967 1298 5009 carcere
1346 4962 1401 5008 et
1439 4954 1673 5009 vinculis
1707 4952 1862 5007 obiit.
1915 4950 2172 5019 Quidam.

563 5054 700 5108 ῐιυθτ
718 5039 1027 5110 A"glicusa
1049 5043 1249 5108 lumbis
1286 5043 1541 5110 deorsum
1593 5050 1940 5109 contractus,
1976 5040 2031 5094 in
2063 5038 2149 5093 Si-

565 5129 678 5184 thiu
703 5132 915 5187 meritis
937 5134 1109 5188 sancti
1142 5132 1390 5189 Folcuini
1420 5134 1665 5206 erigitur.
1728 5194 1737 5203 δ

636 5221 794 5277 1126.
831 5220 1190 5301 γρηίιοιαάθε
1213 5226 1571 5298 permaxima,
1614 5242 1736 5298 qua
1761 5235 1873 5282 tam
1915 5225 2148 5280 divitum

564 5329 727 5384 quam
756 5330 1058 5386 pauperum
1082 5318 1426 5377 innumeram
1467 5320 1700 5375 extinxit
1725 5319 2147 5375 multitudinem.
2178 5384 2183 5387 _

633 5406 802 5489 1127.
826 5406 960 5480 (Ιὸ.)
986 5408 1224 5468 Karolus
1252 5428 1438 5468 comes
1458 5412 1727 5469 Fiandria
1756 5411 1951 5483 Brugis
2004 5411 2150 5466 occi-

562 5496 751 5565 ditur;
782 5501 870 5558 cui
906 5504 1176 5587 successit
1214 5503 1541 5576 Willeimus,
1592 5506 1737 5562 tilius
1786 5502 2009 5559 Roberti
2047 5518 2147 5557 co-

563 5587 714 5644 mitis
736 5587 1200 5652 Normannorum.

2250 4862 2377 4916 vilia
2400 4860 2595 4919 Beirna
2625 4864 2772 4920 dicta
2817 4871 2980 4919 natus
3018 4871 3103 4917 est
3142 4877 3318 4933 agnus
3353 4862 3466 4916 duo
3504 4861 3705 4915 habens
3739 4872 3813 4910 ca-

2251 4954 2382 5024 pita.
2414 4952 2604 5025 Bergis
2625 4956 2872 5010 nascitur
2897 4952 3111 5020 infans,
3136 4954 3391 5008 bissenos
3412 4952 3615 5024 digitos
3633 4949 3813 5006 habens

2253 5047 2307 5101 in
2334 5047 2588 5102 manibus
2612 5056 2667 5101 et
2688 5047 2913 5102 totidem
2936 5046 2990 5101 in
3013 5032 3262 5116 pedibus,
3285 5052 3340 5099 et
3362 5044 3576 5115 reliqua
3602 5040 3811 5097 membra

2256 5137 2465 5193 habens
2506 5139 2691 5192 omnia
2743 5147 2928 5208 preter
2964 5137 3181 5193 faciem.
3232 5135 3368 5191 Nam
3396 5152 3499 5192 nec
3548 5140 3701 5205 caput
3730 5142 3814 5183 nec

2255 5229 2446 5285 oculos
2472 5244 2574 5284 nec
2594 5245 2789 5284 nasum
2818 5244 2920 5285 nec
2951 5244 3015 5285 os
3048 5228 3271 5296 habuit;
3307 5227 3453 5283 unde
3492 5236 3547 5282 et
3577 5239 3679 5280 uno
3707 5231 3812 5277 tan-

2254 5328 2369 5375 tum
2395 5319 2485 5376 die
2510 5321 2664 5375 vixit.

2323 5414 2479 5468 “3i.
2529 5413 2592 5468 11
2645 5412 2761 5468 Kal.
2795 5413 2905 5468 Jul.
2938 5413 3123 5470 audita
3154 5421 3283 5477 sunt
3324 5413 3590 5477 tonitrua,
3632 5408 3809 5465 choru-

2252 5505 2635 5575 scationesque
2686 5505 2983 5561 fulminum
3041 5506 3274 5561 insolita
3323 5510 3704 5575 apparuerunt,
3746 5498 3829 5551 ill.

2253 5605 2313 5650 nt
2341 5595 2564 5667 quidam
2613 5597 2800 5652 mundi
2845 5599 3380 5654 consummationem
3430 5596 3646 5652 etfuisse
3669 5597 3808 5663 μηδ’

1860 5704 2091 5761 unm
2130 5672 2531 5765 caenosus.

626 5789 698 5825 ”‘
727 5793 929 5852 Pontus
949 5799 1064 5852 cod.
