3934 6316
1019 354 1385 427 cuneum}
1429 402 1497 410 —
1534 356 2004 429 scari-sumo
2038 370 2587 434 DliRBURGENSlS.

3328 374 3451 443 5i!!!~

157 500 304 549 rent.
330 488 539 547 Civitas
564 459 804 560 Tripolis
833 501 864 543 a
886 484 1201 559 Babyloniis
1234 492 1317 541 est
1351 483 1599 548 obsessa,
1647 482 1741 538 sed
1772 484 1817 540 A
1845 486 2072 554 struxit;
2124 486 2176 541 in
2203 503 2437 559 quorum
2484 489 2645 546 ruina
2685 488 2962 559 homines,
3001 491 3258 563 feminas,
3299 498 3435 568 pueé

155 586 463 641 miserante
489 581 600 639 Deo
628 595 759 637 mox
799 594 897 651 per
936 593 1120 650 regem
1165 574 1652 632 Jherosolimorum
1695 583 1751 629 et

151 676 532 749 patriarcbam
572 682 629 731 et
656 687 848 729 eorum
882 671 1203 739 exercitum,
1247 670 1388 726 cesis
1418 669 1749 725 Sarraceno-

150 787 281 827 rum
308 770 510 843 viginti
529 768 753 825 milibus
776 774 833 823 et
853 764 1109 822 omnibus
1133 778 1324 819 eorum
1350 764 1526 834 captis
1550 763 1746 833 copiis,

149 864 450 936 magniﬁce
468 873 551 920 est
581 862 829 917 liberata.
864 858 1147 915 Discordia
1177 874 1325 926 seva,
1350 875 1456 929 que
1486 859 1628 913 inter
1656 873 1744 912 re-

148 932 277 1021 gem
302 949 757 1007 Jerosolimorum
774 956 829 1005 et
849 947 1103 1003 comitem
1133 944 1522 1017 Trypolensem
1549 942 1745 1009 fuerat,
1776 932 1779 935 ’

146 1055 375 1098 summe
415 1042 718 1114 pacificata,
756 1048 811 1096 et
832 1039 1046 1097 obsidio
1080 1036 1403 1093 Ascalonica
1440 1034 1749 1091 communi-

146 1142 231 1189 ter
263 1134 476 1204 jurata.
530 1130 839 1189 Concilium
894 1128 1083 1185 Remis
1132 1128 1384 1194 habetur,
1430 1123 1748 1203 Innocentio

146 1241 293 1298 papa
320 1226 569 1301 secundo
596 1223 971 1296 pontiﬁcante.

215 1319 388 1374 1155.
430 1317 660 1388 Magnus
686 1325 883 1373 ventus
920 1314 1098 1370 factus
1131 1321 1215 1369 cst
1242 1313 1276 1367 5
1305 1309 1423 1367 Kal.
1464 1309 1599 1365 Nov.
1633 1317 1745 1364 tam

144 1408 476 1476 vehemens,
511 1418 572 1464 ut
591 1416 771 1464 turres
795 1406 1167 1463 acclesiarum
1195 1406 1499 1475 domosque
1527 1402 1744 1458 urbium

142 1501 502 1557 subverteret
540 1514 639 1569 per
681 1498 898 1554 diversa
920 1497 1061 1553 loca.
1102 1495 1372 1551 Henricus
1404 1510 1500 1549 rex
1540 1494 1744 1564 Anglo-

143 1609 273 1649 rum
297 1593 457 1649 obiit.
488 1589 743 1647 Succedit
777 1589 1087 1662 Stephanus
1108 1603 1296 1645 comes
1344 1586 1617 1652 Bononie,
1652 1600 1747 1640 ne-
1782 1588 1785 1593 ’

142 1701 246 1757 pos
282 1685 432 1756 ejus.
461 1684 663 1739 Audita
701 1690 832 1740 sunt
877 1682 1117 1737 tonitrua
1153 1695 1218 1735 ac
1256 1662 1745 1734 choruschationes

140 1774 449 1835 fulminum
476 1777 594 1834 vise
611 1774 691 1832 ld.
721 1772 1037 1831 Decenbris.
1057 1772 1115 1828 ln
1141 1771 1372 1827 Francia
1396 1772 1743 1851 cometavisa

141 1880 249 1928 est.
1186 1942 1189 1945 Α
1218 1938 1222 1943 ἡ

212 1962 385 2018 1156.
426 1960 660 2029 Quidam
690 1960 977 2032 presbyter
1002 1956 1323 2015 Heribertus
1364 1955 1610 2022 nomine,
1633 1954 1741 2011 lle-

140 2053 254 2109 mis
278 2053 350 2108 de
371 2052 553 2111 heresi
580 2051 869 2107 convictus
889 2049 1241 2127 degradatur.
1670 2098 1678 2105 .

213 2145 385 2200 1137.
427 2143 547 2201 Duo
570 2144 726 2216 pueri
758 2153 1083 2210 nascuntur,
1118 2158 1262 2199 unus
1287 2142 1342 2197 in
1378 2157 1518 2214 pago
1548 2139 1744 2197 Novio

140 2240 349 2307 mensi,
384 2239 522 2294 alter
551 2239 609 2293 in
644 2253 785 2310 pago
835 2238 1124 2302 Lcnsensi,
1171 2237 1379 2293 mitrati
1413 2238 1592 2309 mitra.
1619 2252 1757 2299 care:

141 2347 274 2397 nea,
305 2346 373 2387 ac
395 2330 441 2386 si
474 2340 619 2386 esset
631 2330 813 2403 .linea,
850 2329 1042 2384 caudis
1065 2330 1280 2385 carneis
1305 2345 1337 2383 a
1367 2329 1509 2384 collo
1533 2330 1739 2399 depono

139 2424 429 2491 dentibus,
470 2438 549 2489 ac
591 2422 638 2477 si
660 2430 844 2477 essent
882 2420 1063 2492 capilli
1105 2420 1248 2490 plexi
1302 2436 1456 2476 more
1503 2419 1739 2476 militum

140 2531 343 2572 comas
373 2517 731 2572 nutrientium
761 2522 816 2571 et
839 2513 1211 2584 plectentium.
1252 2511 1582 2568 Monasteria
1614 2512 1739 2582 plu-

143 2607 291 2664 rima
313 2608 503 2664 divino
527 2608 738 2679 judicio
767 2608 873 2662 hoc
901 2621 1050 2666 anno
1083 2613 1523 2661 concrementur.
1551 2603 1738 2661 Ludo-

142 2701 304 2756 vicus
331 2715 429 2755 rex
456 2699 693 2756 Frantia
721 2699 867 2767 obit;
908 2698 1155 2763 succedit
1190 2698 1336 2755 lilius
1380 2698 1502 2770 ejus
1557 2697 1739 2755 Ludo-

141 2791 327 2859 vicus,
368 2792 465 2862 qui
492 2791 646 2847 ducit
671 2790 838 2846 ﬁliam
856 2787 1075 2845 comitis
1098 2786 1459 2844 Pictaviensis
1484 2803 1733 2844 uxorem.

141 2878 359 2937 Lnthro
394 2896 492 2937 rex
522 2877 829 2938 Alemania'
851 2880 1008 2935 obiit.

210 2972 383 3028 1158.
420 2972 619 3031 Petrus
645 2972 792 3029 illius
813 2970 961 3028 Petri
997 2968 1220 3047 Leonis,
1249 2969 1735 3042 presbitergcardi-

140 3064 291 3124 nalis
333 3064 481 3125 tituli
520 3065 734 3126 Sancta
766 3062 949 3124 Maria
975 3070 1130 3124 trans
1158 3061 1434 3140 Tyberim,
1477 3063 1731 3119 moritur.

1851 593 1964 644 ros,
1996 594 2302 649 pecoraque
2322 597 2418 651 per
2440 581 2559 636 loca
2587 581 2849 637 nonnulla
2864 584 2983 638 neci
3007 585 3252 642 involvit.
3285 586 3434 645 Mare

1850 671 2014 727 etiam
2055 672 2109 727 in
2157 673 2274 743 ipsa
2322 675 2625 744 epdomada
2672 675 2938 732 terminos
2980 693 3110 735 suos
3152 688 3431 753 transgre-

1851 763 2007 819 diens
2029 806 2043 830 ,
2079 764 2373 833 plurimum
2407 776 2681 821 terrarum
2720 769 3058 824 summersit.

1922 854 2080 908 HM.
2118 853 2430 912 Celestinus
2469 873 2606 927 papa
2663 859 2916 926 moritur,
2955 869 3009 916 et
3044 860 3248 919 Lucius
3294 879 3433 935 papa

1851 945 2124 1002 secundus
2147 946 2408 1003 Romana
2431 950 2681 1006 ecclesia
2701 952 3001 1022 prelicitur.

1920 1041 2077 1096 1145.
2118 1040 2324 1097 Lucius
2373 1058 2510 1113 papa
2556 1045 2811 1112 moritur,
2863 1043 3143 1116 Eugenius
3181 1043 3248 1099 lll
3307 1061 3429 1101 suc.

1849 1132 2008 1186 cedit.
2038 1131 2261 1188 Cometa
2286 1133 2403 1188 visa
2429 1144 2532 1190 est.

1918 1222 2076 1276 1148.
2117 1222 2421 1279 Concilium
2478 1224 2667 1294 Remis
2706 1227 2774 1281 ab
2814 1226 3057 1299 Eugenio
3108 1243 3248 1298 papa
3289 1227 3433 1283 cele-

1848 1313 2036 1368 bratur
2055 1314 2146 1369 ⁸⁸⁸.
2718 1344 2721 1345 ν

1916 1402 2073 1458 1165.
2114 1403 2403 1462 Heinricus
2443 1422 2538 1464 rex
2580 1407 2804 1474 Anglia,
2849 1424 3014 1479 supra
3049 1408 3434 1480 quod-dicitur

1849 1494 1993 1551 Deus
2022 1504 2117 1550 aut
2131 1497 2275 1567 quod
2302 1494 2505 1555 colitur
2523 1499 2781 1556 efferatus
2810 1510 2865 1555 et
2888 1502 2943 1555 in
2975 1501 3288 1572 superbiam
3316 1501 3433 1557 ela-

1847 1595 1957 1652 tus,
1988 1602 2221 1644 assensu
2285 1586 2482 1660 Rogeri
2530 1588 2890 1646 Eboracensis
2937 1590 3335 1661 archiepiscopi
3377 1599 3433 1646 et

1847 1678 2126 1736 Cilleberti
2171 1679 2576 1737 Londoniensis
2619 1682 2882 1753 episcopi,
2935 1691 3033 1738 nec
3064 1698 3175 1737 non
3223 1676 3429 1755 llylaril

1847 1771 2238 1831 Ciscestrensis
2266 1775 2531 1846 episcopi,
2563 1784 2617 1831 et
2660 1776 3025 1846 quorumdam
3061 1777 3318 1844 aliorum,
3355 1777 3431 1832 si-

1756 1867 1959 1923 ."mul
2007 1868 2170 1923 etiam
2218 1869 2466 1924 omnium
2514 1870 2815 1947 .haronum.
2847 1883 3097 1948 suorum,
3154 1867 3431 1924 Richardo

1843 1961 2006 2015 etiam
2046 1960 2365 2036 consiliario
2391 1962 2495 2018 suo
2528 1948 2859 2018 Pietaviensi
2894 1960 3298 2031 archydiacono
3331 1959 3431 2016 im-

1843 2051 2095 2120 pellente,
2117 2057 2311 2109 contra
2334 2050 2429 2122 jus
2452 2061 2507 2127 et
2533 2051 2615 2107 fas
2636 2065 2854 2127 omnem
2891 2048 3212 2120 dignitatem
3248 2039 3304 2104 et
3337 2065 3431 2105 ec-

1843 2140 2166 2198 clesiastica
2193 2141 2504 2213 disciplina
2521 2126 2811 2199 censuram
2834 2128 3103 2197 violenter
3140 2129 3244 2195 sibi
3267 2158 3429 2202 usur-

1843 2242 1954 2303 pat.
1987 2231 2161 2301 Quam
2196 2234 2269 2290 ob
2299 2250 2525 2291 causam
2547 2235 2810 2290 domuum
2845 2235 3135 2300 Thomam,
3162 2234 3430 2313 archiepi—

1842 2339 2068 2394 scopum
2112 2324 2595 2392 Cantuariensem,
2630 2327 2810 2382 virum
2868 2327 3205 2399 religiosum,
3257 2327 3453 2407 gloria,

1841 2423 1895 2469 et
1920 2416 2128 2472 honore
2158 2416 2407 2489 dignum,
2456 2418 2599 2479 huic
2630 2418 2921 2488 apostasia
2953 2417 3170 2473 fortiter
3207 2427 3430 2474 contra-

1840 2507 2137 2573 dicentem,
2167 2517 2222 2563 et
2256 2524 2381 2565 sese
2423 2524 2523 2587 pro
2553 2510 2775 2579 justicia
2813 2517 2869 2565 ct
2907 2511 3137 2566 veritate
3176 2521 3431 2568 constan-

1843 2608 1924 2654 ter
1953 2599 2117 2655 morti
2148 2609 2534 2671 appouentem,
2564 2602 2634 2656 ab
2672 2598 2866 2673 Anglia
2890 2602 3214 2660 climinavit.
3241 2603 3345 2672 Qui
3371 2611 3449 2671 ut,
3506 2614 3509 2617 '

1840 2689 2010 2747 valuit
2054 2690 2287 2747 latenter
2311 2692 2640 2753 evadensset
2668 2696 2834 2747 mare
2864 2684 3254 2762 transfretanis,
3282 2693 3429 2764 apud

1837 2785 2125 2842 ecclesiam
2148 2784 2291 2840 beati
2325 2783 2532 2839 Bcrtini
2576 2784 2804 2856 appulit,
2837 2784 2929 2839 ubi
2961 2777 3432 2852 honoriﬁca-sic-

1839 2888 1899 2935 ut
1922 2887 2135 2935 tantum
2161 2878 2340 2933 virum
2364 2878 2613 2945 decebat,
2642 2884 2935 2948 susceptus
2954 2884 3058 2933 est.
3106 2876 3279 2949 Digne
3307 2870 3451 2946 qui?

1839 2970 1986 3040 dem,
2013 2974 2140 3027 nam
2179 2979 2235 3026 et
2260 2978 2486 3027 sanctus
2520 2960 2844 3025 Duustan‘us
2867 2977 2924 3024 et
2971 2978 3196 3025 sanctus
3239 2965 3451 3035 Anselﬁ

1838 3080 1964 3121 mus
1992 3064 2061 3120 de
2095 3062 2290 3137 Anglia
2316 3062 2606 3129 eliminati,
2630 3064 2778 3119 hunc
2809 3063 3002 3118 locum
3042 3050 3451 3133 peregrinatio?

139 3159 450 3217 lteinaldus
492 3160 781 3217 Remensis
816 3160 1266 3231 archiepiscopus
1303 3157 1437 3214 obit.
1474 3156 1733 3214 Auditum
1763 3166 1807 3228 ο
1842 3158 2011 3218 tionis
2034 3172 2150 3216 sua
2189 3164 2380 3230 aptum
2411 3157 2714 3229 elegerunt.
2748 3154 2807 3210 In
2848 3170 2989 3228 pago
3034 3152 3179 3227 quod
3225 3153 3434 3228 dicitur

139 3262 225 3309 est
255 3254 565 3322 tonitruum
619 3253 653 3309 8
687 3252 807 3310 Kal.
842 3251 951 3308 Jul.
1004 3253 1164 3324 cujus
1210 3252 1352 3307 ictus
1391 3266 1520 3306 vere
1558 3249 1739 3306 extitit

141 3345 454 3414 horribilis,
497 3345 626 3417 quia
670 3345 859 3401 auditu
900 3343 1299 3412 intolerabilis,
1322 3352 1376 3398 et
1414 3341 1540 3398 ideo
1571 3342 1738 3397 mira-

140 3437 293 3494 bilis.

209 3530 381 3586 1159.
426 3530 600 3587 Roma
623 3530 941 3588 lnnoccntio
970 3545 1125 3603 papa
1160 3512 1503 3601 pacificatur.
1535 3528 1738 3591 (Ξουθία-

142 3622 280 3678 lium
326 3624 581 3695 generale
613 3622 939 3680 Laterannis
977 3634 1257 3680 evocatur.
1312 3625 1561 3700 Eclypsis
1606 3627 1739 3683 solis

143 3714 290 3774 facta
325 3725 413 3773 est
442 3716 510 3772 l3
538 3715 658 3773 Kal.
677 3717 901 3788 Aprilis,
930 3718 1067 3773 hora
1099 3719 1430 3790 vespertina.

215 3809 384 3864 uso.
427 3807 665 3866 Samson
696 3810 939 3867 decanus
968 3810 1327 3868 Carnotensis
1367 3813 1426 3866 tit
1465 3811 1739 3882 archiepi-

144 3914 350 3972 scopus
375 3899 684 3959 Remensis.
710 3900 1024 3974 Stephanus
1062 3919 1159 3960 rex
1199 3903 1407 3975 Anglia
1436 3912 1491 3959 et
1526 3902 1742 3960 Baldui-

146 4012 251 4052 nus
298 3994 691 4053 Hainoniensis
737 4012 927 4054 comes
980 4012 1106 4053 cum
1159 3995 1389 4069 Hugone
1410 3995 1755 4053 Candavena.

146 4098 341 4144 contra
366 4087 766 4147 Theodericum
801 4091 1058 4147 comitem
1095 4089 1367 4147 Flandria
1395 4090 1735 4162 conspirant.

146 4181 361 4248 Quibus
401 4182 493 4239 ille
541 4199 651 4240 non
700 4185 821 4241 sine
865 4200 1059 4241 eorum
1096 4185 1248 4257 gravi
1297 4184 1538 4256 jactura,
1578 4184 1742 4251 terris

145 4292 335 4331 eorum
361 4274 605 4344 ﬂamma,
622 4277 789 4346 ferro,
811 4278 1096 4334 hominum
1119 4278 1390 4349 captione,
1418 4276 1740 4332 animalium

147 4364 541 4436 depredatione
581 4383 647 4425 ac
675 4376 988 4425 castrorum
1020 4368 1380 4425 subversione
1422 4367 1652 4425 vastatis
1667 4368 1738 4401 '°"

147 4458 381 4514 viriliter
415 4459 637 4516 restitit.

1843 3251 2019 3308 sancti
2056 3249 2380 3321 Audomari,
2428 3250 2484 3304 in
2522 3249 2808 3321 parrochia
2852 3257 3057 3305 sancta
3094 3246 3432 3323 Margarcta,

1843 3340 1897 3394 in
1925 3339 2163 3394 adventu
2185 3337 2404 3393 Domini
2426 3336 2730 3393 ebdomada
2759 3337 2815 3401 2,
2845 3344 3010 3391 natus
3034 3344 3117 3393 est
3141 3335 3326 3392 infans
3355 3336 3436 3391 bi-
3500 3392 3507 3395 _

1841 3447 1971 3504 ceps
2009 3447 2135 3488 cum
2164 3436 2428 3502 quattuor
2448 3429 2693 3485 brachiis
2717 3439 2771 3483 et
2807 3427 3031 3483 totidem
3068 3427 3347 3495 manibus,
3377 3417 3433 3482 in

1843 3523 2209 3581 anterioribus
2229 3521 2451 3594 quidem
2476 3520 2751 3594 geminam
2778 3528 3031 3574 naturam
3062 3519 3232 3574 maris
3272 3529 3326 3575 et
3354 3516 3434 3574 fe-

1843 3618 2029 3685 mina,
2047 3616 2103 3671 iu
2132 3599 2535 3687 posterioribus
2565 3628 2732 3669 unam
2761 3619 2973 3667 tantum
3006 3611 3304 3682 egestionis
3334 3613 3433 3666 ha-

1844 3711 1998 3766 bens.
2389 3779 2394 3785 ἱ
3210 3758 3211 3761 η
3340 3750 3343 3757 λ
3444 3692 3451 3713 ⁵

1917 3800 2074 3856 1161.
2114 3799 2173 3855 in
2229 3796 2534 3855 Senonensi
2583 3795 2809 3854 ecclesia
2869 3796 2975 3851 tale
3019 3794 3149 3866 quid
3209 3792 3426 3849 accidit.

1843 3893 2002 3949 Feria
2046 3894 2079 3948 6
2130 3894 2185 3949 in
2249 3907 2547 3965 parasceve
2596 3891 3034 3964 archydiaconus
3080 3902 3224 3942 unus
3279 3885 3430 3957 ejus-

1842 3986 1965 4040 dem
2003 3981 2240 4041 civitatis
2261 3970 2552 4040 defunctus
2569 3981 2787 4054 iacebat
2807 3981 2861 4036 in
2884 3976 3140 4046 ecclesia,
3163 3985 3426 4047 quattuor
3447 3966 3453 3971 ’

1842 4078 2100 4135 crucibus
2143 4077 2549 4145 circumdatus,
2579 4090 2811 4146 quarum
2853 4089 2983 4140 una,
3022 4087 3129 4142 que
3157 4069 3225 4124 ad
3265 4075 3432 4139 caput

1843 4179 1980 4236 erat,
2005 4154 2310 4240 preciosior
2331 4175 2452 4224 erat
2485 4165 2702 4222 ceteris.
2738 4162 2909 4227 ,l-‘acto
2951 4170 3133 4216 autem
3183 4149 3453 4230 congruo'

1842 4272 2107 4332 tempore,
2146 4274 2258 4331 quo
2292 4257 2466 4315 cilicia
2503 4257 2609 4313 diei
2656 4255 3088 4318 celebrarentur,
3125 4248 3433 4304 Alexander

1842 4369 2005 4424 papa,
2045 4352 2140 4422 qui
2186 4359 2317 4407 tunc
2355 4348 2555 4404 ibidem
2608 4345 2949 4409 morabatur,
2991 4356 3117 4398 cum
3142 4339 3291 4395 clero
3330 4352 3433 4393 suo

1844 4460 1903 4499 sc
1939 4442 2008 4498 ad
2042 4440 2216 4497 cilicia
2242 4440 2448 4512 agenda
2484 4437 2813 4510 preparavit.
2842 4434 3054 4502 Quibus
3080 4430 3319 4501 inceptis
3340 4424 3455 4483 aer'

219 4549 379 4605 1112.
419 4547 657 4622 Hyemps
683 4551 988 4622 asperrima
1015 4560 1071 4607 et
1113 4551 1356 4619 diutina;
1393 4521 1558 4622 quam
1589 4549 1738 4605 inse-
1762 4520 1814 4582 Ῐ)
1842 4535 1986 4606 cepit
2021 4532 2373 4590 commoveri.
2427 4530 2608 4587 Lectis
2650 4538 2832 4585 autem
2870 4524 3296 4622 lectionibus-ct
3341 4520 3453 4613 de—i

148 4649 271 4697 ruta
300 4650 387 4698 est
406 4651 518 4698 tam
544 4643 764 4699 insolita
791 4659 1063 4715 aquarum
1079 4643 1384 4710 inundatio,
1425 4651 1488 4699 ut
1509 4641 1736 4698 flumina

149 4750 179 4788 α
219 4735 338 4792 suis
388 4736 564 4793 alveis
608 4736 733 4807 plus
760 4738 927 4794 solito
964 4736 1223 4815 exeuntia
1278 4743 1495 4806 pontes,
1540 4734 1737 4791 domos

146 4840 271 4882 cum
318 4825 571 4896 familiis,
605 4839 789 4887 castra
811 4830 1061 4902 proxima
1099 4835 1427 4895 everterent,
1461 4837 1517 4884 et
1546 4842 1734 4885 secum

150 4924 319 4973 tracta
347 4918 712 4978 involverent.

223 5008 380 5064 1145.
424 5008 777 5070 Innocentius
804 5028 945 5085 papa
989 5012 1265 5068 secundus
1289 5011 1432 5077 obit;
1473 5011 1562 5068 cui
1604 5027 1757 5073 sues

152 5096 314 5153 cessit
352 5097 688 5160 Celestinus.
721 5104 789 5160 M
829 5103 949 5160 Kal.
982 5103 1147 5161 Febr.
1208 5111 1406 5160 ventus
1438 5104 1736 5160 vehemens

154 5203 222 5243 ex
254 5188 445 5249 dextro
492 5194 663 5252 latere
705 5196 1171 5268 septemtrionalis
1217 5197 1391 5268 plaga
1438 5195 1732 5268 processit,

153 5282 248 5353 qui
275 5297 449 5358 usque
468 5288 537 5344 ad
574 5287 930 5346 fundamenta
961 5287 1225 5346 ecclesias
1262 5289 1480 5356 evertit,
1521 5303 1764 5360 campas

158 5377 305 5433 naria
353 5388 647 5454 turresque
700 5380 1083 5440 inestimahilis
1132 5380 1393 5453 ponderis
1444 5381 1740 5451 multaque

160 5465 493 5529 fortitudinis
520 5474 849 5549 comminuit
876 5483 1045 5547 atque
1069 5474 1284 5545 dejecit,
1325 5474 1550 5530 arbores
1586 5473 1737 5530 radi-

159 5560 300 5617 citus
351 5565 571 5622 evulsas
634 5568 903 5623 subvertit
986 5566 1208 5624 castella
1264 5564 1568 5634 domosque
1645 5566 1740 5621 de-

1845 4628 2082 4685 cantatis
2135 4626 2401 4682 tractibus
2442 4625 2509 4680 ad
2563 4623 2705 4679 diem
2748 4614 3179 4693 pertinentibus,
3220 4613 3432 4683 incepta

1845 4722 2010 4778 ctiam
2074 4718 2353 4792 passione,
2404 4716 2495 4773 ubi
2546 4724 2770 4771 ventum
2812 4720 2899 4770 est
2941 4710 3010 4767 ad
3058 4704 3237 4765 locum
3279 4706 3434 4761 illum

1845 4816 2131 4887 Cruciﬁge,
2165 4814 2434 4884 cruciﬁge,
2462 4818 2649 4866 tantus
2685 4806 2869 4879 fragor
2888 4794 3292 4860 cum'fulminis
3316 4813 3437 4869 per-

1758 4966 1763 4973 .
1846 4911 2108 4968 cussione
2135 4917 2358 4979 repente
2398 4906 2557 4961 irruit
2594 4919 2771 4981 super
2795 4917 2913 4969 cos,
2950 4891 3012 4956 ut
3051 4914 3120 4954 ne
3150 4911 3294 4952 unus
3317 4891 3437 4965 qui-

1846 5007 1970 5061 dem
2022 5004 2077 5058 in
2130 5009 2244 5057 tota
2309 4998 2543 5055 ecclesia
2595 4986 2879 5067 superstes
2941 4995 3276 5056 remaneret";
3338 4984 3434 5042 sed

1846 5113 2039 5154 omnes
2086 5094 2402 5151 ceciderunt
2460 5090 2514 5146 in
2552 5075 2778 5155 terram,
2837 5085 2965 5143 facti
3013 5081 3173 5141 velud
3206 5077 3431 5135 mortui.

1845 5192 1994 5249 Crux
2023 5189 2188 5245 etiam
2225 5185 2466 5258 predicta
2502 5181 2761 5256 pretiosa,
2792 5179 2951 5253 quasi
2996 5188 3281 5257 serra‘per
3318 5183 3434 5224 me.

1843 5282 1993 5337 dium
2018 5288 2221 5344 secata,
2251 5277 2304 5332 iu
2327 5277 2467 5333 duas
2500 5283 2686 5347 partes
2715 5271 2930 5344 cecidit,
2958 5280 3193 5340 quarum
3219 5276 3330 5318 una
3350 5263 3459 5345 est.

1844 5375 2083 5439 inventa,
2127 5372 2295 5427 altera
2336 5384 2465 5442 pars
2506 5368 2735 5424 omnino
2763 5360 3053 5435 disparuit.
3093 5358 3225 5412 Post
3263 5364 3430 5410 unam

1844 5481 1976 5523 vero
2002 5467 2195 5520 horam
2226 5477 2366 5534 papa
2401 5468 2454 5517 et
2491 5459 2673 5515 clerus
2710 5471 2846 5513 suus
2884 5450 3297 5521 resipiscentes,
3336 5452 3457 5515 sa-‘

1844 5563 1917 5618 tis
1955 5574 2081 5616 cum
2106 5557 2293 5613 dolore
2328 5561 2384 5611 ct
2418 5553 2614 5609 timore
2636 5547 2873 5606 cilicium
2906 5548 3252 5617 peregerunt.

1451 5654 1682 5712 unm:
1724 5651 2132 5731 caenosas.

233 5747 297 5781 ³⁸⁷
333 5749 466 5805 hanc
503 5765 675 5805 vocem
710 5749 971 5819 suppleri,
1009 5748 1151 5803 deest
1173 5748 1362 5803 codici.

162 5821 409 5875 (uidisse
443 5822 668 5887 videtur,
704 5822 841 5891 quod
865 5837 916 5875 α.
948 5820 1263 5876 1119-1162
1290 5819 1609 5874 continebat.

1460 5749 1530 5821 ⁵⁸1
1556 5749 1659 5805 Hic
1686 5725 2137 5821 foliunrdcsiniU
2167 5759 2381 5815 sequens
2418 5739 2603 5812 incipit
2638 5754 2754 5792 cum
2789 5754 2840 5789 α.
2878 5733 3035 5800 1165,
3059 5732 3062 5739 ’
3085 5727 3220 5785 ιιηὰ
3241 5725 3460 5802 folium;
