3934 6316
142 372 234 432 sos
990 355 1360 419 CHRONICA.
1398 387 1467 399 —
1504 342 1705 413 Αυετι

1831 354 1914 411 UM
1952 353 2221 412 MORTUI
2252 354 2486 412 MARIS.
3252 357 3362 415 391
3438 406 3445 411 .

146 484 211 540 ita
231 488 285 535 ut
311 488 443 549 pene
479 471 559 530 nil
595 470 743 530 aliud
769 470 974 545 ubique
1001 471 1089 529 sui
1129 470 1387 543 prosequi
1417 469 1682 537 videatur,
1712 470 1760 531 Α
1789 482 2097 539 pecoraque
2143 467 2359 525 diversa
2412 467 2725 525 necessitati
2772 468 3055 525 ιιοωωιιιιι
3083 470 3260 528 utilia,
3295 471 3367 529 Et

144 568 268 645 quod
298 563 811 635 neminiquicquam
833 559 1096 627 debeatis,
1125 559 1234 614 nisi
1259 567 1321 613 ut
1341 557 1572 614 invicem
1604 555 1687 612 di-

1831 577 1912 616 um
1936 560 2136 617 alicubi
2158 570 2343 618 curtes
2363 559 2432 617 ad
2459 561 2794 618 exercendas
2812 561 3180 632 agriculturas
3206 564 3365 622 insti-

145 656 316 731 ligatis.
338 654 451 723 Que
476 652 700 726 quidem
733 658 906 719 carta,
934 650 1079 708 sicut
1103 650 1173 705 ab
1199 648 1389 705 eodem
1408 656 1565 719 patre
1599 647 1686 702 di-

1831 652 2039 720 tissent,
2068 653 2447 723 decreverunt,
2479 660 2540 708 ut
2592 652 2821 724 predicti
2869 656 3122 712 conversi
3172 657 3365 715 domos

145 761 270 825 gesta
311 757 363 804 et
403 763 436 802 a
483 744 709 817 prefatis
752 743 946 816 viginti
995 741 1283 798 abbatibus
1330 741 1685 807 conﬁrmata,
1788 741 1909 798 illas
1950 751 2229 816 regerent,
2259 758 2369 799 non
2409 742 2687 811 monachi,
2732 743 2861 815 quia
2891 744 3152 801 habitatio
3177 762 3369 804 mona-

144 841 283 915 sigilli
317 853 531 910 quoque
555 835 841 909 apostolici
865 834 1190 892 auctoritate
1220 833 1432 889 munita
1455 840 1559 900 est,
1576 832 1690 887 lar-

1831 835 2018 890 horum
2068 834 2369 891 secundum
2406 834 2650 906 regulam
2681 834 2837 892 debet
2867 850 2988 893 esse
3028 836 3084 892 in
3130 837 3370 898 claustro

144 934 246 1008 gius
268 929 502 989 continet
542 943 637 995 ea,
688 943 796 999 que
843 926 1119 995 diximus;
1149 924 1246 983 sed
1287 932 1388 981 nos
1416 940 1689 981 summam

143 1033 326 1080 tantum
358 1035 547 1078 eorum
585 1021 674 1077 hic
726 1020 969 1078 breviter
1009 1016 1458 1091 perstringemus.
1507 1015 1691 1072 Abbas

143 1113 360 1185 Cistercii
380 1121 432 1169 et
457 1110 656 1170 fratres
683 1112 825 1184 ejus,
852 1127 966 1169 non
1000 1112 1356 1167 immemores
1372 1108 1692 1180 sponsionis

144 1223 242 1273 sue,
269 1205 503 1277 regulam
530 1203 679 1260 beati
707 1203 986 1267 Benedicti
1012 1203 1066 1259 in
1094 1203 1218 1259 loco
1238 1202 1332 1258 illo
1358 1201 1615 1258 ordinare
1636 1207 1693 1256 et
1722 1242 1733 1249 .

144 1297 441 1357 unanimiter
474 1305 791 1354 statuerunt
817 1305 1021 1364 tenere,
1043 1296 1349 1368 rejicicntes
1370 1310 1399 1349 a
1426 1309 1506 1361 se,
1533 1291 1691 1364 quie-

144 1393 255 1462 quid
277 1390 454 1463 regule
494 1388 894 1462 refragabatur,
929 1387 1146 1445 l‘roccos
1180 1386 1432 1444 videlicet
1453 1394 1509 1441 et
1532 1385 1692 1456 pelli-

144 1484 271 1551 cias,
305 1481 611 1548 estaminia,
641 1481 866 1552 capucia
919 1494 1138 1552 quoque
1175 1487 1229 1535 et
1270 1477 1574 1544 1emoralia,
1595 1492 1693 1546 pc-

145 1574 266 1632 ctina
285 1572 694 1644 etcoopertoria
722 1571 990 1627 stramina
1022 1571 1321 1639 lectorum,
1374 1585 1441 1625 ac
1479 1568 1693 1626 diversa

142 1667 359 1723 ciborum
387 1664 439 1719 in
470 1662 768 1720 refectorio
796 1661 1025 1729 fercula,
1067 1660 1310 1733 sagimeu
1336 1658 1501 1717 etiam
1525 1667 1580 1715 et
1598 1674 1692 1714 cc-

142 1746 240 1811 tera
263 1755 456 1823 omnia,
492 1770 603 1825 que
624 1753 851 1826 puritati
884 1753 1069 1825 regule
1094 1751 1543 1809 adversabantur.
1570 1749 1692 1806 Sic-

1790 926 2055 999 ipsorum.
2087 924 2228 994 Quia
2268 926 2434 982 etiam
2464 927 2684 983 beatum
2735 925 3088 984 Benedictum
3148 946 3259 986 non
3314 932 3372 989 in

1789 1019 2135 1100 civitatibus,
2183 1035 2288 1076 nec
2332 1020 2390 1075 in
2424 1019 2685 1088 castellis,
2721 1029 2818 1076 aut
2868 1021 2926 1076 in
2965 1021 3144 1090 villis,
3188 1024 3285 1081 sed
3314 1024 3372 1081 in

1786 1111 1927 1169 locis
1954 1128 1986 1168 a
2017 1111 2324 1184 frequentia
2352 1112 2542 1183 populi
2577 1113 2806 1169 semotis
2855 1114 3084 1170 cenobia
3124 1125 3379 1173 constru-

1790 1204 1938 1261 xisse
1958 1205 2133 1261 sancti
2160 1205 2267 1260 viri
2295 1205 2372 1261 illi
2401 1206 2649 1263 sciebant
2673 1248 2689 1275 ,
2717 1205 2863 1263 idem
2896 1222 2962 1263 se
2989 1209 3222 1265 emulari
3244 1226 3376 1283 pro-

1789 1295 2097 1352 mittebant.
2129 1294 2197 1352 Et
2222 1297 2366 1354 sicut
2391 1297 2481 1361 ille
2506 1313 2606 1369 per
2627 1297 2912 1354 duodenos
2930 1300 3237 1358 monachos
3257 1317 3376 1359 mo-

1790 1386 2032 1443 nasteria
2047 1396 2364 1444 constructa
2394 1388 2655 1459 adjuncto
2676 1398 2831 1461 patre
2850 1390 3197 1463 disponebat,
3223 1393 3377 1450 sicse

1791 1482 2011 1533 acturos
2036 1474 2482 1551 conlirmabant.]

1866 1662 2024 1719 1115.
2068 1661 2349 1735 (Valcell.)
2407 1664 2694 1722 Cenobiunt
2751 1664 3083 1740 Clareuallis.
3119 1669 3380 1741 ﬁndatur

1793 1755 1889 1811 sub
1917 1756 2092 1827 primo
2113 1755 2304 1811 abbate
2329 1756 2630 1826 Bernardo,
2658 1760 2771 1814 uiro
2812 1770 3016 1816 sancto.

145 1863 232 1919 que
252 1823 838 1919 rectitudinemregule
868 1823 1035 1917 supra
1060 1853 1321 1903 cunctum
1352 1844 1462 1901 vite
1487 1860 1585 1902 sue
1611 1851 1694 1899 tc-
1732 1823 1771 1899 Β
1868 1823 2051 1920 [1116.
2085 1847 2336 1919 (Bellov.)
2360 1823 2625 1907 Domnus'
2646 1849 2737 1907 lvo
2779 1850 3139 1915 Carnotensis
3167 1855 3380 1927 episco-

142 1955 307 1994 norem
325 1938 604 2004 ducentes,
629 1945 742 1993 tam
762 1937 821 1992 in
847 1936 1254 2004 ecclesiasticis,
1282 1950 1449 2007 quam
1472 1935 1529 1989 in
1558 1941 1698 1990 cete-

143 2029 211 2085 ris
234 2027 714 2097 observationibus,
768 2028 954 2101 regule
995 2027 1242 2100 vestigiis
1283 2034 1414 2084 sunt
1441 2024 1697 2095 adequati

145 2120 585 2177 seu'conl’ormati.
633 2119 800 2178 Exuti
831 2134 961 2193 ergo
988 2128 1230 2176 veterem
1251 2117 1529 2175 hominem
1547 2159 1563 2186 ,
1589 2130 1696 2171 no-

146 2226 326 2268 vumse
351 2212 595 2269 induisse
619 2213 948 2285 gaudebant.
979 2211 1047 2267 Et
1087 2212 1219 2284 quia
1262 2226 1364 2268 nec
1403 2211 1460 2266 in
1487 2209 1697 2283 regula,

146 2318 232 2360 nec
253 2303 303 2358 in
320 2304 426 2359 vita
444 2305 624 2361 sancti
656 2302 958 2373 Benedicti,
989 2303 1224 2361 eundem
1244 2302 1525 2359 doctorem
1548 2302 1697 2375 lege-

150 2394 257 2465 bant
278 2396 580 2466 possedisse
608 2397 873 2453 ecclesias
917 2397 1002 2452 vel
1053 2395 1248 2451 altaria
1274 2409 1370 2451 seu
1394 2393 1700 2450 oblationes

148 2497 197 2545 ct
227 2490 547 2561 sepulturas,
576 2489 663 2545 vel
685 2490 929 2546 decimas
957 2487 1194 2544 aliorum
1237 2485 1545 2555 hominum,
1600 2500 1699 2542 seu

149 2578 311 2639 lumos
351 2590 404 2637 et
461 2581 776 2638 molendina
810 2589 937 2637 aut'
966 2579 1125 2636 villas
1166 2578 1254 2635 vel
1297 2578 1567 2646 rusticos,
1598 2592 1702 2634 nec

152 2672 289 2728 etiam
309 2671 536 2730 feminas
560 2673 963 2730 monasterium
990 2672 1112 2744 ejus
1131 2672 1391 2740 intrasse,
1417 2685 1520 2727 nec
1546 2684 1699 2726 mor-

150 2773 253 2822 tuos
270 2765 475 2834 ibidem,
504 2773 735 2838 excepta
761 2781 953 2823 sorore
986 2781 1108 2834 sua,
1140 2764 1432 2836 sepelisse;
1457 2763 1579 2821 ideo
1594 2768 1702 2821 ‘ncc

153 2857 309 2913 omnia
338 2858 768 2927 abdicaverunt,
807 2858 1055 2915 dicentes
1106 2874 1126 2912 ε
1179 2855 1283 2912 Ubi
1325 2855 1507 2911 beatus
1547 2863 1703 2927 pater

152 2945 426 3004 Benedictus
450 2950 628 3017 docet,
646 2957 710 3004 ut
739 2950 1028 3005 monachus
1058 2965 1092 3004 a
1119 2948 1447 3004 secutoribus
1496 2947 1701 3010 actibus

155 3038 358 3109 sefaciat
383 3040 637 3109 alienum,
661 3041 737 3096 ibi
759 3040 962 3113 liquido
994 3048 1240 3109 testatur,
1270 3039 1367 3094 hoc
1389 3055 1491 3094 non
1518 3039 1702 3095 debere

156 3134 320 3187 versari
355 3133 406 3187 in
436 3133 645 3189 aclibus
667 3133 749 3189 uel
775 3133 1021 3189 cordibus
1052 3132 1448 3201 monachorum,
1488 3134 1579 3205 qui
1603 3149 1700 3187 ηοω

153 3222 286 3277 minis
309 3225 386 3279 sui
407 3224 818 3297 ethymologiam
842 3225 933 3282 hec
974 3226 1223 3299 fugiendo
1268 3226 1464 3281 sectari
1492 3225 1697 3280 debent.

126 3316 129 3317 ⁷
157 3311 371 3372 Decimas
392 3332 615 3389 quoque
636 3318 856 3376 aiebant
880 3334 913 3375 a
950 3319 1159 3376 sanctis
1186 3318 1464 3390 patribus,
1491 3317 1588 3390 qui
1614 3330 1706 3373 ore

136 5928 161 5967 1

153 3421 272 3477 gena
293 3420 436 3465 erant
450 3407 700 3482 Spiritus
721 3412 918 3480 sancti,
935 3426 1280 3484 quorumque
1297 3419 1502 3466 statuta
1522 3418 1706 3466 trans-

160 3501 281 3569 gredi
298 3504 643 3578 sacrilegium
675 3514 778 3574 est,
804 3506 1145 3563 committere
1168 3504 1224 3561 in
1264 3512 1504 3576 quatuor
1530 3502 1704 3576 parti-

155 3592 314 3651 ciones
332 3595 689 3667 distributas,
720 3614 891 3654 unam
917 3598 1128 3655 scilicet
1154 3598 1443 3670 episcopo,
1476 3597 1707 3653 alterum

157 3685 438 3756 presbitero,
460 3689 697 3745 .tcrciam
743 3689 1057 3761 hospitibus
1105 3690 1175 3745 ad
1219 3689 1368 3744 illam
1418 3688 1707 3745 ecclesiam

159 3777 460 3837 venientibus
484 3824 502 3848 ,
542 3796 646 3838 seu
693 3781 874 3838 viduis
900 3790 958 3838 et
990 3781 1274 3853 orphanis,
1305 3781 1420 3838 sive
1453 3781 1709 3853 pauperi-

162 3865 245 3922 bus
262 3870 462 3928 aliunde
479 3873 690 3930 victum
712 3888 829 3932 non.
853 3874 1200 3940 habentibus,
1218 3882 1469 3944 quartam
1491 3882 1708 3929 restau-

163 3960 329 4016 rationi
371 3964 621 4022 ecclesia.
648 3963 717 4020 Et
742 3965 873 4036 quia
902 3965 965 4021 in
994 3965 1100 4021 hoc
1133 3973 1386 4035 compoto
1411 3978 1708 4036 personam

160 4055 401 4124 monachi,
425 4057 517 4129 qui
534 4066 723 4113 terras
750 4073 881 4115 suas
902 4057 1167 4129 possidet,
1203 4056 1349 4112 unde
1376 4065 1429 4112 et
1448 4072 1551 4128 per
1574 4071 1633 4114 se
1655 4065 1713 4112 et

162 4157 243 4213 per
277 4163 457 4217 pecora
501 4165 607 4206 sua
642 4149 949 4206 laborando
977 4150 1146 4218 vivat,
1192 4165 1305 4206 non
1344 4148 1710 4221 reperiebant,

165 4231 333 4294 iccirco
385 4241 503 4310 hec,
557 4240 726 4296 veluti
762 4242 997 4297 aliorum
1018 4241 1140 4313 jus,
1179 4241 1382 4313 injuste
1411 4239 1516 4296 sibi
1545 4255 1710 4295 usur-

164 4340 272 4395 pare
295 4329 680 4391 detrectabant.
704 4333 845 4391 Ecce
870 4335 1037 4406 hujus
1071 4334 1242 4391 seculi
1265 4333 1470 4391 divitiis
1493 4333 1710 4405 spretis,

163 4433 389 4490 ceperunt
408 4427 532 4483 novi
571 4427 776 4484 milites
800 4427 1010 4497 Christi
1029 4443 1155 4484 cum
1197 4441 1438 4499 paupere
1489 4425 1713 4482 Christo

1791 1954 1901 2010 pus
1929 1937 2111 2011 obiit.)
2151 1939 2434 2013 (Assum)
2485 1940 2552 1996 In
2598 1942 2850 1998 suburbio
2893 1943 3176 2001 Antiochie
3216 1957 3381 2002 noctu

1798 2040 1942 2087 terra
2001 2032 2271 2089 dehiscens
2328 2034 2518 2089 domos
2577 2051 2698 2089 cum
2756 2034 3146 2093 habitatoribus
3196 2039 3382 2094 absor-

1796 2120 1933 2179 buit.
2316 2124 2319 2125 ⁷

1870 2215 2029 2272 1118.
2061 2215 2198 2289 (1b.)
2234 2217 2565 2274 Terremotus
2607 2220 2807 2276 accidit
2851 2222 2982 2278 adeo
3040 2222 3271 2292 ualidus,
3320 2233 3382 2278 ut

1797 2306 2154 2379 quarumdam
2177 2307 2389 2363 urbium
2423 2319 2600 2381 partes
2629 2313 2925 2367 subrueret.

1869 2398 2055 2473 [1119.
2087 2399 2337 2472 (Βαίου.)
2365 2400 2618 2460 Gelasius
2646 2401 2895 2461 Romane
2933 2404 3168 2463 ecclesie
3214 2405 3378 2462 165“

1797 2490 2056 2562 presidet.

1876 2579 2062 2655 [1120.
2100 2581 2236 2655 (Ιὸ.)
2259 2583 2507 2642 Calixtus
2528 2584 2776 2642 Romane
2798 2586 3030 2644 ecdesie
3056 2586 3224 2643 166“
3255 2604 3383 2661 prc-

1801 2672 1962 2731 sidet.
2005 2672 2125 2732 Hoc
2144 2690 2295 2733 anno
2323 2678 2586 2750 pugnavit
2628 2676 2898 2737 Henricus
2945 2695 3042 2737 rex
3079 2678 3387 2753 Anglorum

1801 2775 1995 2823 contra
2026 2764 2366 2825 Ludovicnm
2616 2768 2849 2828 Fra‘ncie
2891 2771 3034 2829 inter
3065 2773 3389 2831 Andeleiuta

1801 2876 1858 2925 et
1876 2867 2186 2943 Nongoium
2218 2870 2310 2927 ³η,
2341 2869 2405 2926 In
2434 2886 2545 2943 quo
2569 2872 2713 2930 bello
2732 2871 2875 2946 fugit
2896 2874 3012 2946 ipse
3034 2891 3131 2932 rex
3151 2874 3389 2934 Ludovi-

1802 2974 1921 3016 cus.
1946 2959 2213 3034 Captique
2235 2972 2364 3019 sunt
2390 2962 2467 3020 ibi
2490 2979 2631 3036 pene
2656 2980 2849 3024 omnes
2879 2966 3111 3025 Francia
3134 2984 3393 3041 proceros

1802 3059 1859 3108 et
1881 3051 2216 3128 obtimates.]

1857 3146 2039 3203 4122.
2086 3146 2284 3220 (Axs)
2332 3147 2673 3205 Terremceus
2712 3151 2769 3205 in
2821 3151 3047 3208 adnatat
3091 3152 3311 3209 Domini
3358 3153 3395 3210 ι

1809 3236 1943 3293 Idus
1983 3238 2286 3295 Decembris
2315 3241 2492 3312 factus
2515 3251 2614 3298 est.
3242 3236 3251 3245 κ

1874 3329 2065 3405 μηδ.
2095 3330 2279 3404 (BelL)
2306 3331 2543 3390 Henrico
2573 3319 2889 3406 imperatori
2919 3336 3214 3395 Lotharius
3273 3351 3402 3394 suc—

1808 3420 1999 3496 cedit.]
2024 3408 2264 3478 (Turonis
2297 3433 2417 3479 orta
2438 3425 2695 3481 seditione
2724 3428 2863 3483 inter
2880 3425 3099 3486 clericos
3125 3436 3177 3484 et
3198 3427 3399 3496 laicos,

1810 3508 2034 3595 ecclesia
2053 3517 2228 3573 san-eti
2260 3516 2488 3573 Martini
2508 3519 2665 3574 arsit.

1883 3608 2045 3665 1124.
2083 3609 2261 3683 (Αηε.)
2305 3608 2600 3667 Christiani
2626 3627 2754 3665 [cum
2799 3610 3119 3668 Sarracenis
3163 3620 3402 3685 pugnans

1808 3700 1952 3756 inter
1974 3699 2277 3757 Jerusalem
2303 3712 2352 3757 et
2378 3700 2694 3757 Ascalonem
2723 3711 2775 3757 et
2808 3702 3041 3758 vincunt.

1878 3792 2070 3866 {1125.
2111 3792 2271 3867 (Bell.
2336 3793 2491 3868 Ms.)
2536 3793 2813 3853 Honorius
2859 3793 3121 3852 Romana:
3155 3794 3400 3869 {ecclesia

1816 3885 1979 3942 167‘"
2010 3886 2298 3962 presidet.]
2325 3886 2496 3960 Tyrus
2523 3898 2682 3962 capta
2709 3898 2814 3945 est.

1887 3979 2046 4037 1126.
2081 3979 2215 4053 (1b.)
2243 3980 2479 4054 Hyemps
2504 3983 2806 4055 asperi-ima
2836 3991 2894 4038 et
2918 3982 3083 4053 fames
3104 3977 3306 4039 valida.
3335 3981 3409 4039 In

1818 4070 2101 4127 Hasbania
2123 4080 2418 4129 monstrum
2449 4077 2691 4133 nascitur
2715 4084 2839 4131 ante
2864 4075 3019 4130 homo
3057 4085 3107 4130 et
3138 4084 3276 4131 retro
3298 4086 3404 4131 ta-

1817 4180 1919 4220 nes.

1888 4254 2047 4322 1127.
2083 4254 2218 4327 (1b.)
2245 4255 2482 4313 Karolns
2511 4276 2682 4315 eomes
2720 4254 3112 4315 Flandriarum
3145 4275 3403 4331 quorum-

1817 4345 1942 4400 dam
1965 4363 2244 4417 procerum
2276 4365 2494 4405 suorum
2516 4350 2814 4422 proditione
2853 4350 3049 4423 Brugis
3072 4352 3138 4405 in
3179 4350 3408 4406 ecclesia

1812 4452 1975 4492 orans
2006 4438 2212 4493 occisus
2236 4448 2335 4495 est.

167 4524 398 4604 pauperes
420 4518 571 4574 inter
599 4534 659 4575 se
688 4527 945 4587 tractare,
969 4536 1080 4591 quo
1102 4519 1344 4592 ingenio,
1371 4534 1549 4589 quove
1574 4518 1713 4592 arti:
1743 4542 1789 4598 β
1887 4527 2046 4582 1128.
2075 4526 2209 4601 (1b.)
2233 4527 2515 4587 Suessione
2537 4532 2600 4586 in
2621 4532 2844 4587 ecclesia
2866 4531 3013 4586 beate
3046 4529 3220 4586 Har-ie
3239 4532 3408 4604 virgi-

164 4599 271 4658 licio
291 4648 305 4672 ,
341 4623 431 4664 seu
461 4626 576 4681 quo
610 4612 874 4668 exercitio
898 4613 954 4666 in
978 4611 1081 4669 hac
1109 4614 1223 4668 vita
1267 4627 1328 4669 se
1356 4611 1711 4683 hospitesque

169 4691 331 4754 divites
366 4708 418 4755 et
443 4716 711 4772 pauperes
739 4704 1208 4775 supervenientes,
1270 4718 1412 4776 quos
1456 4711 1519 4760 ut
1554 4704 1713 4759 Chri-

164 4790 289 4839 stum
312 4791 582 4862 suscipere
611 4793 846 4865 precipit
872 4794 1080 4866 regula,
1114 4801 1500 4851 sustentarent.
1533 4793 1715 4850 Tunc-

170 4890 258 4944 que
273 4879 611 4953 iliﬂinierunt,
639 4902 698 4942 se
727 4902 1024 4955 conversos
1052 4888 1223 4944 laicos
1256 4889 1516 4945 barbatos
1540 4889 1713 4945 licen-

171 4962 242 5020 cia
255 4970 476 5044 episcopi
498 4974 585 5030 sui
606 4984 981 5048 suscepturos,
1005 4992 1210 5049 eosque
1233 4976 1290 5033 in
1307 4978 1416 5033 vita
1443 4990 1497 5035 et
1518 4987 1715 5048 morte,

170 5068 366 5131 excepto
413 5069 764 5137 monacham,
819 5079 883 5126 ut
927 5070 1251 5143 semetipsos
1284 5080 1635 5141 tractaturos,
1666 5081 1722 5129 et

176 5144 394 5212 homines
420 5158 581 5215 etiam
610 5163 1053 5229 mercennarios,
1085 5163 1214 5235 quia
1258 5164 1377 5221 sine
1423 5166 1721 5224 aminiculo

173 5237 377 5301 istorum
412 5266 520 5305 non
540 5251 946 5326 intelligebant,
993 5271 1053 5312 se
1080 5256 1323 5326 plenarie
1344 5257 1432 5313 die
1455 5267 1723 5337 nocteque

177 5344 395 5408 Ρηοεριει
421 5344 605 5415 regule
643 5361 807 5416 posse
835 5363 1075 5415 servare,
1112 5342 1469 5420 suscepturus
1502 5366 1722 5422 quoque

175 5427 328 5481 terras
354 5430 420 5485 ab
447 5432 781 5492 habitatione
818 5438 1104 5494 hominum
1132 5448 1373 5497 remotas
1392 5481 1413 5507 ,
1452 5449 1507 5496 et
1533 5426 1725 5499 vineas

179 5522 220 5567 ει
238 5527 374 5585 prata
395 5531 448 5578 et
475 5525 638 5582 silvas
650 5543 933 5600 aquasque
949 5531 1017 5586 ad
1045 5530 1328 5588 faciendos
1354 5533 1721 5602 molendinos,

175 5603 237 5657 ad
259 5613 492 5681 proprios
518 5624 696 5673 tamen
729 5635 868 5676 usus
894 5629 950 5677 et
963 5621 1038 5677 ad
1061 5621 1438 5693 piscationem,
1473 5633 1528 5680 et
1549 5622 1721 5696 equos

1820 4619 1905 4674 nis
1926 4618 2108 4675 divina
2130 4620 2447 4677 choruscant
2474 4622 2759 4679 miracula.
2785 4622 3078 4694 Gaufridus
3112 4621 3408 4677 Rotltoma-

1821 4712 1994 4784 gemis
2020 4712 2448 4787 archiepiscopus
2473 4715 2628 4771 obiit.
2667 4714 2824 4788 Hugo
2866 4715 3030 4771 abbas
3055 4715 3121 4770 de
3150 4713 3410 4787 Radingis

1819 4805 2090 4861 successit.

1893 4892 2078 4966 [1129.
2107 4893 2296 4969 (BelL)
2326 4895 2678 4955 Innocentius
2712 4896 2959 4955 Romane
2982 4898 3219 4956 ecclesie
3247 4896 3410 4953 £68“

1820 4984 2106 5060 presidet.]
2137 4986 2425 5043 (Zenobiam
2450 4987 2754 5061 Ursicampi
2792 4990 3077 5061 {nudatum
3102 4998 3200 5045 est.
3236 4986 3415 5044 Ceno-

1825 5077 1970 5133 bium
1991 5081 2132 5151 apud
2159 5079 2372 5136 Bellum
2400 5092 2629 5138 montem
2659 5069 2944 5155 fundatum
2981 5092 3057 5138 est
3099 5082 3196 5137 sub
3227 5079 3418 5136 abbate

1824 5171 1998 5241 primo
2017 5171 2346 5242 Alexandro,
2378 5193 2411 5229 a
2434 5175 2719 5231 venerabili
2742 5176 2854 5231 viro
2877 5174 3106 5232 Roberto
3152 5173 3224 5228 de
3277 5170 3418 5227 Can-

1828 5260 1945 5316 dos.
1971 5261 2090 5318 Hoc
2123 5265 2267 5320 idem
2291 5283 2437 5321 nunc
2470 5269 2674 5323 dicitur
2702 5267 2976 5323 Mortuum
3008 5281 3153 5321 mare
3168 5264 3269 5318 ⁵³⁸.
3357 5271 3360 5273 λ

1900 5354 2060 5411 1151.
2099 5356 2276 5428 (Axs)
2316 5358 2565 5431 Sgnodus
2589 5378 2782 5433 magna
2833 5359 3010 5414 Remis
3044 5356 3339 5412 c‘elebnatur
3381 5368 3417 5407 α

1821 5463 1963 5518 papa
1990 5446 2324 5520 Innocentio,
2350 5460 2405 5508 et
2431 5452 2734 5509 Ludovicus
2751 5453 2939 5524 junior
2958 5452 3016 5507 in
3056 5463 3231 5520 regem
3268 5443 3416 5503 08M-

1820 5537 2041 5595 dicitur.

1892 5628 2053 5685 use.
2083 5630 2219 5703 (ιδ.)
2252 5632 2497 5708 Eclypsis
2519 5637 2649 5693 solis
2674 5637 2708 5692 4
2736 5602 2874 5692 eo...
2909 5634 3158 5705 Augusti.

1234 5778 1237 5779 ν
1432 5714 1671 5772 νΑΒΙᾹ]
1711 5717 2121 5780 LECTIONES.

235 5785 303 5821 ⁸⁸⁸
325 5807 454 5852 corr.
473 5799 809 5895 nonieoium.
884 5802 959 5835 ⁸η
977 5801 1095 5862 Hoc
1112 5835 1182 5847 --
1197 5822 1353 5865 mare
1371 5808 1551 5865 eadem
1578 5826 1767 5867 manus
1795 5822 1913 5884 post
1943 5817 2374 5886 superscripsisse
2398 5816 2614 5874 videtur.

473 5882 739 5962 \trnon.
784 5894 968 5959 CLX.

3015 5909 3092 5976 13
