  <div class='ocr_page' id='page_1' title='image "/cluster/home/n/w/nwhite01/storage/ocr_20150623/160/hvd.32044015473846/201.png"; bbox 0 0 3934 6316; ppageno 0'>
   <div class='ocr_carea' id='block_1_1' title="bbox 536 264 644 353">
    <p class='ocr_par' dir='ltr' id='par_1_1' title="bbox 536 264 644 353">
     <span class='ocr_line' id='line_1_1' title="bbox 536 264 644 353; baseline -0.009 -1"><span class='ocrx_word' id='word_1_1' title='bbox 536 264 644 353; x_wconf 63' lang='grc'><strong><em>395</em></strong></span> 
     </span>
    </p>
   </div>
   <div class='ocr_carea' id='block_1_2' title="bbox 1717 281 3784 370">
    <p class='ocr_par' dir='ltr' id='par_1_2' title="bbox 1717 281 3784 370">
     <span class='ocr_line' id='line_1_2' title="bbox 1717 281 3784 370; baseline 0 -27"><span class='ocrx_word' id='word_1_2' title='bbox 1717 281 2080 343; x_wconf 81' lang='lat' dir='ltr'><strong><em>SIGEBERTI</em></strong></span> <span class='ocrx_word' id='word_1_3' title='bbox 2116 282 2646 351; x_wconf 72' lang='lat' dir='ltr'><strong><em>GEMBLACENSIS</em></strong></span> 
     </span>
    </p>
   </div>
   <div class='ocr_carea' id='block_1_3' title="bbox 486 380 3785 487">
    <p class='ocr_par' dir='ltr' id='par_1_3' title="bbox 486 380 3785 487">
     <span class='ocr_line' id='line_1_3' title="bbox 486 380 3785 487; baseline -0.003 -19"><span class='ocrx_word' id='word_1_4' title='bbox 486 380 509 453; x_wconf 42' lang='grc' dir='ltr'>ἶ</span> <span class='ocrx_word' id='word_1_5' title='bbox 599 412 784 487; x_wconf 84' lang='grc'><strong>[1155.</strong></span> <span class='ocrx_word' id='word_1_6' title='bbox 800 407 996 481; x_wconf 76' lang='grc' dir='ltr'><strong><em>(Βειι.)</em></strong></span> <span class='ocrx_word' id='word_1_7' title='bbox 1027 406 1243 464; x_wconf 72' lang='lat' dir='ltr'><strong><em>Mortuo</em></strong></span> <span class='ocrx_word' id='word_1_8' title='bbox 1268 404 1531 461; x_wconf 78' lang='lat' dir='ltr'><strong><em>Lothario</em></strong></span> <span class='ocrx_word' id='word_1_9' title='bbox 1553 401 1797 459; x_wconf 76' lang='lat' dir='ltr'><strong><em>succedit</em></strong></span> <span class='ocrx_word' id='word_1_10' title='bbox 1817 399 2126 465; x_wconf 85' lang='lat' dir='ltr'><strong><em>Conradus,</em></strong></span> <span class='ocrx_word' id='word_1_11' title='bbox 2161 414 2204 469; x_wconf 65' lang='grc' dir='ltr'>Α</span> <span class='ocrx_word' id='word_1_12' title='bbox 2302 400 2459 455; x_wconf 63' lang='lat'><strong><em>“57.</em></strong></span> <span class='ocrx_word' id='word_1_13' title='bbox 2497 399 2621 453; x_wconf 84' lang='lat' dir='ltr'><strong><em>Tres</em></strong></span> <span class='ocrx_word' id='word_1_14' title='bbox 2643 416 2766 453; x_wconf 86' lang='lat' dir='ltr'><strong><em>tune</em></strong></span> <span class='ocrx_word' id='word_1_15' title='bbox 2789 398 2892 453; x_wconf 84' lang='lat' dir='ltr'><strong><em>vise</em></strong></span> <span class='ocrx_word' id='word_1_16' title='bbox 2912 409 3053 468; x_wconf 85' lang='lat' dir='ltr'><strong><em>sunt,</em></strong></span> <span class='ocrx_word' id='word_1_17' title='bbox 3088 409 3138 454; x_wconf 90' lang='lat' dir='ltr'><strong><em>et</em></strong></span> <span class='ocrx_word' id='word_1_18' title='bbox 3163 401 3216 455; x_wconf 85' lang='lat' dir='ltr'><strong><em>in</em></strong></span> <span class='ocrx_word' id='word_1_19' title='bbox 3248 402 3425 456; x_wconf 87' lang='lat' dir='ltr'><strong><em>media</em></strong></span> <span class='ocrx_word' id='word_1_20' title='bbox 3453 404 3658 475; x_wconf 75' lang='lat' dir='ltr'><strong><em>signum</em></strong></span> <span class='ocrx_word' id='word_1_21' title='bbox 3680 422 3785 460; x_wconf 83' lang='lat' dir='ltr'><strong><em>cru-</em></strong></span> 
     </span>
    </p>
   </div>
   <div class='ocr_carea' id='block_1_4' title="bbox 532 494 2121 577">
    <p class='ocr_par' dir='ltr' id='par_1_4' title="bbox 532 494 2121 577">
     <span class='ocr_line' id='line_1_4' title="bbox 532 494 2121 577; baseline -0.009 -15"><span class='ocrx_word' id='word_1_22' title='bbox 532 522 705 577; x_wconf 84' lang='lat' dir='ltr'><strong><em>nepos</em></strong></span> <span class='ocrx_word' id='word_1_23' title='bbox 729 503 949 559; x_wconf 87' lang='lat' dir='ltr'><strong><em>Henrici</em></strong></span> <span class='ocrx_word' id='word_1_24' title='bbox 976 496 1327 572; x_wconf 87' lang='lat' dir='ltr'><strong><em>superioris.]</em></strong></span> <span class='ocrx_word' id='word_1_25' title='bbox 1367 497 1675 553; x_wconf 87' lang='lat' dir='ltr'><strong><em>Bernardus</em></strong></span> <span class='ocrx_word' id='word_1_26' title='bbox 1715 494 1919 566; x_wconf 86' lang='lat' dir='ltr'><strong><em>primus</em></strong></span> <span class='ocrx_word' id='word_1_27' title='bbox 1959 495 2121 548; x_wconf 88' lang='lat' dir='ltr'><strong><em>abbas</em></strong></span> 
     </span>
    </p>
   </div>
   <div class='ocr_carea' id='block_1_5' title="bbox 534 584 2105 662">
    <p class='ocr_par' dir='ltr' id='par_1_5' title="bbox 534 584 2105 662">
     <span class='ocr_line' id='line_1_5' title="bbox 534 584 2105 662; baseline -0.011 -7"><span class='ocrx_word' id='word_1_28' title='bbox 534 598 849 655; x_wconf 87' lang='lat' dir='ltr'><strong><em>Clarevallis</em></strong></span> <span class='ocrx_word' id='word_1_29' title='bbox 873 606 923 651; x_wconf 93' lang='lat' dir='ltr'><strong><em>et</em></strong></span> <span class='ocrx_word' id='word_1_30' title='bbox 950 593 1250 648; x_wconf 69' lang='lat' dir='ltr'><strong><em>Malae/tias</em></strong></span> <span class='ocrx_word' id='word_1_31' title='bbox 1286 584 1562 662; x_wconf 84' lang='lat' dir='ltr'><strong><em>episcopus</em></strong></span> <span class='ocrx_word' id='word_1_32' title='bbox 1599 586 1967 643; x_wconf 84' lang='lat' dir='ltr'><strong><em>Hiberniensis</em></strong></span> <span class='ocrx_word' id='word_1_33' title='bbox 1999 585 2105 639; x_wconf 87' lang='lat' dir='ltr'><strong><em>cla-</em></strong></span> 
     </span>
    </p>
   </div>
   <div class='ocr_carea' id='block_1_6' title="bbox 534 678 1937 753">
    <p class='ocr_par' dir='ltr' id='par_1_6' title="bbox 534 678 1937 753">
     <span class='ocr_line' id='line_1_6' title="bbox 534 678 1937 753; baseline -0.008 -10"><span class='ocrx_word' id='word_1_34' title='bbox 534 698 650 743; x_wconf 80' lang='lat' dir='ltr'><strong><em>fent</em></strong></span> <span class='ocrx_word' id='word_1_35' title='bbox 676 689 945 753; x_wconf 75' lang='lat' dir='ltr'><strong><em>doctrina,</em></strong></span> <span class='ocrx_word' id='word_1_36' title='bbox 962 686 1248 739; x_wconf 74' lang='lat' dir='ltr'><strong><em>sanctitate</em></strong></span> <span class='ocrx_word' id='word_1_37' title='bbox 1273 692 1325 737; x_wconf 90' lang='lat' dir='ltr'><strong><em>et</em></strong></span> <span class='ocrx_word' id='word_1_38' title='bbox 1347 680 1725 735; x_wconf 84' lang='lat' dir='ltr'><strong><em>miraculorum</em></strong></span> <span class='ocrx_word' id='word_1_39' title='bbox 1744 678 1937 749; x_wconf 86' lang='lat' dir='ltr'><strong><em>gloria.</em></strong></span> 
     </span>
    </p>
   </div>
   <div class='ocr_carea' id='block_1_7' title="bbox 604 770 2118 833">
    <p class='ocr_par' dir='ltr' id='par_1_7' title="bbox 604 770 2118 833">
     <span class='ocr_line' id='line_1_7' title="bbox 604 770 2118 833; baseline -0.009 -1"><span class='ocrx_word' id='word_1_40' title='bbox 604 778 763 833; x_wconf 70' lang='grc'><strong>1-151.</strong></span> <span class='ocrx_word' id='word_1_41' title='bbox 796 776 971 830; x_wconf 79' lang='lat' dir='ltr'><strong><em>Abbas</em></strong></span> <span class='ocrx_word' id='word_1_42' title='bbox 999 773 1303 828; x_wconf 74' lang='lat' dir='ltr'><strong><em>Alexander</em></strong></span> <span class='ocrx_word' id='word_1_43' title='bbox 1342 787 1463 824; x_wconf 89' lang='lat' dir='ltr'><strong><em>cum</em></strong></span> <span class='ocrx_word' id='word_1_44' title='bbox 1514 770 1657 823; x_wconf 91' lang='lat' dir='ltr'><strong><em>omni</em></strong></span> <span class='ocrx_word' id='word_1_45' title='bbox 1703 775 1956 821; x_wconf 87' lang='lat' dir='ltr'><strong><em>conventu</em></strong></span> <span class='ocrx_word' id='word_1_46' title='bbox 1998 782 2118 832; x_wconf 84' lang='lat' dir='ltr'><strong><em>suo,</em></strong></span> 
     </span>
    </p>
   </div>
   <div class='ocr_carea' id='block_1_8' title="bbox 533 856 2116 939">
    <p class='ocr_par' dir='ltr' id='par_1_8' title="bbox 533 856 2116 939">
     <span class='ocr_line' id='line_1_8' title="bbox 533 856 2116 939; baseline -0.011 -13"><span class='ocrx_word' id='word_1_47' title='bbox 533 878 795 927; x_wconf 83' lang='lat' dir='ltr'><strong><em>annuente</em></strong></span> <span class='ocrx_word' id='word_1_48' title='bbox 831 885 947 939; x_wconf 86' lang='lat' dir='ltr'><strong><em>rege</em></strong></span> <span class='ocrx_word' id='word_1_49' title='bbox 973 865 1226 930; x_wconf 87' lang='lat' dir='ltr'><strong><em>Henrico,</em></strong></span> <span class='ocrx_word' id='word_1_50' title='bbox 1258 863 1395 918; x_wconf 92' lang='lat' dir='ltr'><strong><em>venit</em></strong></span> <span class='ocrx_word' id='word_1_51' title='bbox 1437 863 1492 915; x_wconf 89' lang='lat' dir='ltr'><strong><em>in</em></strong></span> <span class='ocrx_word' id='word_1_52' title='bbox 1536 862 1788 931; x_wconf 79' lang='lat' dir='ltr'><strong><em>forestam</em></strong></span> <span class='ocrx_word' id='word_1_53' title='bbox 1820 858 1884 912; x_wconf 90' lang='lat' dir='ltr'><strong><em>de</em></strong></span> <span class='ocrx_word' id='word_1_54' title='bbox 1919 856 2116 923; x_wconf 88' lang='lat' dir='ltr'><strong><em>Leons,</em></strong></span> 
     </span>
    </p>
   </div>
   <div class='ocr_carea' id='block_1_9' title="bbox 533 948 2122 1027">
    <p class='ocr_par' dir='ltr' id='par_1_9' title="bbox 533 948 2122 1027">
     <span class='ocr_line' id='line_1_9' title="bbox 533 948 2122 1027; baseline -0.01 -11"><span class='ocrx_word' id='word_1_55' title='bbox 533 972 584 1016; x_wconf 86' lang='lat' dir='ltr'><strong><em>et</em></strong></span> <span class='ocrx_word' id='word_1_56' title='bbox 613 963 671 1015; x_wconf 90' lang='lat' dir='ltr'><strong><em>in</em></strong></span> <span class='ocrx_word' id='word_1_57' title='bbox 696 958 1048 1023; x_wconf 81' lang='lat' dir='ltr'><strong><em>herimiwrio,</em></strong></span> <span class='ocrx_word' id='word_1_58' title='bbox 1080 956 1218 1027; x_wconf 88' lang='lat' dir='ltr'><strong><em>quod</em></strong></span> <span class='ocrx_word' id='word_1_59' title='bbox 1239 953 1514 1007; x_wconf 83' lang='lat' dir='ltr'><strong><em>dicebatur</em></strong></span> <span class='ocrx_word' id='word_1_60' title='bbox 1530 950 1803 1005; x_wconf 72' lang='lat' dir='ltr'><strong><em>Mortuum</em></strong></span> <span class='ocrx_word' id='word_1_61' title='bbox 1823 965 1987 1015; x_wconf 86' lang='lat' dir='ltr'><strong><em>mare,</em></strong></span> <span class='ocrx_word' id='word_1_62' title='bbox 2011 948 2122 1003; x_wconf 84' lang='lat' dir='ltr'><strong><em>edi-</em></strong></span> 
     </span>
    </p>
   </div>
   <div class='ocr_carea' id='block_1_10' title="bbox 516 1047 1328 1122">
    <p class='ocr_par' dir='ltr' id='par_1_10' title="bbox 516 1047 1328 1122">
     <span class='ocr_line' id='line_1_10' title="bbox 516 1047 1328 1122; baseline -0.007 -19"><span class='ocrx_word' id='word_1_63' title='bbox 516 1051 713 1122; x_wconf 75' lang='lat' dir='ltr'><strong><em>.ﬁcavit</em></strong></span> <span class='ocrx_word' id='word_1_64' title='bbox 746 1047 1124 1103; x_wconf 67' lang='lat' dir='ltr'><strong><em>Monasterium</em></strong></span> <span class='ocrx_word' id='word_1_65' title='bbox 1152 1060 1328 1099; x_wconf 86' lang='lat' dir='ltr'><strong><em>suum.</em></strong></span> 
     </span>
    </p>
   </div>
   <div class='ocr_carea' id='block_1_11' title="bbox 590 1131 2119 1198">
    <p class='ocr_par' dir='ltr' id='par_1_11' title="bbox 590 1131 2119 1198">
     <span class='ocr_line' id='line_1_11' title="bbox 590 1131 2119 1198; baseline -0.007 -2"><span class='ocrx_word' id='word_1_66' title='bbox 590 1142 767 1196; x_wconf 76' lang='grc'><strong><em>¹1155.</em></strong></span> <span class='ocrx_word' id='word_1_67' title='bbox 827 1134 1089 1193; x_wconf 75' lang='lat' dir='ltr'><strong><em>Henricus</em></strong></span> <span class='ocrx_word' id='word_1_68' title='bbox 1135 1153 1226 1191; x_wconf 73' lang='lat' dir='ltr'><strong><em>rex</em></strong></span> <span class='ocrx_word' id='word_1_69' title='bbox 1277 1135 1408 1189; x_wconf 89' lang='lat' dir='ltr'><strong><em>obiit</em></strong></span> <span class='ocrx_word' id='word_1_70' title='bbox 1439 1135 1473 1189; x_wconf 69' lang='grc'><strong>4</strong></span> <span class='ocrx_word' id='word_1_71' title='bbox 1514 1132 1657 1187; x_wconf 85' lang='lat' dir='ltr'><strong><em>Non.</em></strong></span> <span class='ocrx_word' id='word_1_72' title='bbox 1696 1132 1845 1198; x_wconf 86' lang='lat' dir='ltr'><strong><em>Dec.;</em></strong></span> <span class='ocrx_word' id='word_1_73' title='bbox 1870 1131 1961 1186; x_wconf 89' lang='lat' dir='ltr'><strong><em>cui</em></strong></span> <span class='ocrx_word' id='word_1_74' title='bbox 1987 1148 2119 1186; x_wconf 81' lang='lat' dir='ltr'><strong><em>suc-</em></strong></span> 
     </span>
    </p>
   </div>
   <div class='ocr_carea' id='block_1_12' title="bbox 500 1220 1732 1312">
    <p class='ocr_par' dir='ltr' id='par_1_12' title="bbox 500 1220 1732 1312">
     <span class='ocr_line' id='line_1_12' title="bbox 500 1220 1732 1312; baseline -0.007 -23"><span class='ocrx_word' id='word_1_75' title='bbox 500 1262 511 1274; x_wconf 74' lang='grc' dir='ltr'><strong><em>ε</em></strong></span> <span class='ocrx_word' id='word_1_76' title='bbox 534 1236 689 1289; x_wconf 90' lang='lat' dir='ltr'><strong><em>cessit</em></strong></span> <span class='ocrx_word' id='word_1_77' title='bbox 720 1220 1017 1312; x_wconf 78' lang='lat' dir='ltr'><strong><em>Stephanus</em></strong></span> <span class='ocrx_word' id='word_1_78' title='bbox 1045 1245 1202 1301; x_wconf 88' lang='lat' dir='ltr'><strong><em>nepos</em></strong></span> <span class='ocrx_word' id='word_1_79' title='bbox 1231 1229 1367 1298; x_wconf 83' lang='lat' dir='ltr'><strong><em>ejus,</em></strong></span> <span class='ocrx_word' id='word_1_80' title='bbox 1391 1227 1425 1281; x_wconf 93' lang='lat'><strong><em>8</em></strong></span> <span class='ocrx_word' id='word_1_81' title='bbox 1448 1225 1578 1280; x_wconf 86' lang='lat' dir='ltr'><strong><em>Kal.</em></strong></span> <span class='ocrx_word' id='word_1_82' title='bbox 1602 1224 1732 1280; x_wconf 80' lang='lat' dir='ltr'><strong><em>Jan.</em></strong></span> 
     </span>
    </p>
   </div>
   <div class='ocr_carea' id='block_1_13' title="bbox 617 1318 2109 1381">
    <p class='ocr_par' dir='ltr' id='par_1_13' title="bbox 617 1318 2109 1381">
     <span class='ocr_line' id='line_1_13' title="bbox 617 1318 2109 1381; baseline -0.007 0"><span class='ocrx_word' id='word_1_83' title='bbox 617 1326 775 1381; x_wconf 83' lang='grc'><strong>1157.</strong></span> <span class='ocrx_word' id='word_1_84' title='bbox 802 1324 976 1378; x_wconf 87' lang='lat' dir='ltr'><strong><em>Abbas</em></strong></span> <span class='ocrx_word' id='word_1_85' title='bbox 1008 1323 1310 1377; x_wconf 75' lang='lat' dir='ltr'><strong><em>Alexander</em></strong></span> <span class='ocrx_word' id='word_1_86' title='bbox 1334 1321 1549 1373; x_wconf 88' lang='lat' dir='ltr'><strong><em>domum</em></strong></span> <span class='ocrx_word' id='word_1_87' title='bbox 1580 1318 1781 1372; x_wconf 71' lang='grc' dir='ltr'><em>Μοτιαί</em></span> <span class='ocrx_word' id='word_1_88' title='bbox 1803 1318 1967 1375; x_wconf 89' lang='lat' dir='ltr'><strong><em>maris</em></strong></span> <span class='ocrx_word' id='word_1_89' title='bbox 1992 1333 2109 1370; x_wconf 82' lang='lat' dir='ltr'><strong><em>con-</em></strong></span> 
     </span>
    </p>
   </div>
   <div class='ocr_carea' id='block_1_14' title="bbox 526 1409 2123 1489">
    <p class='ocr_par' dir='ltr' id='par_1_14' title="bbox 526 1409 2123 1489">
     <span class='ocr_line' id='line_1_14' title="bbox 526 1409 2123 1489; baseline -0.006 -16"><span class='ocrx_word' id='word_1_90' title='bbox 526 1420 710 1489; x_wconf 68' lang='lat' dir='ltr'><strong><em>iunxit</em></strong></span> <span class='ocrx_word' id='word_1_91' title='bbox 734 1419 910 1471; x_wconf 85' lang='lat' dir='ltr'><strong><em>ordini</em></strong></span> <span class='ocrx_word' id='word_1_92' title='bbox 952 1414 1311 1481; x_wconf 86' lang='lat' dir='ltr'><strong><em>Cisterciensi,</em></strong></span> <span class='ocrx_word' id='word_1_93' title='bbox 1343 1423 1391 1468; x_wconf 91' lang='lat' dir='ltr'><strong><em>et</em></strong></span> <span class='ocrx_word' id='word_1_94' title='bbox 1426 1411 1781 1467; x_wconf 87' lang='lat' dir='ltr'><strong><em>Walerannus</em></strong></span> <span class='ocrx_word' id='word_1_95' title='bbox 1817 1410 1978 1465; x_wconf 85' lang='lat' dir='ltr'><strong><em>abbas</em></strong></span> <span class='ocrx_word' id='word_1_96' title='bbox 2025 1409 2123 1464; x_wconf 88' lang='lat' dir='ltr'><strong><em>Ur-</em></strong></span> 
     </span>
    </p>
   </div>
   <div class='ocr_carea' id='block_1_15' title="bbox 533 1503 2118 1584">
    <p class='ocr_par' dir='ltr' id='par_1_15' title="bbox 533 1503 2118 1584">
     <span class='ocr_line' id='line_1_15' title="bbox 533 1503 2118 1584; baseline -0.008 -16"><span class='ocrx_word' id='word_1_97' title='bbox 533 1513 758 1583; x_wconf 84' lang='lat' dir='ltr'><strong><em>sicampi</em></strong></span> <span class='ocrx_word' id='word_1_98' title='bbox 806 1511 954 1584; x_wconf 73' lang='lat'><strong><em>(529)</em></strong></span> <span class='ocrx_word' id='word_1_99' title='bbox 1007 1509 1236 1579; x_wconf 87' lang='lat' dir='ltr'><strong><em>suscepit</em></strong></span> <span class='ocrx_word' id='word_1_100' title='bbox 1275 1524 1390 1562; x_wconf 89' lang='lat' dir='ltr'><strong><em>eam</em></strong></span> <span class='ocrx_word' id='word_1_101' title='bbox 1432 1508 1490 1560; x_wconf 84' lang='lat' dir='ltr'><strong><em>in</em></strong></span> <span class='ocrx_word' id='word_1_102' title='bbox 1534 1504 1731 1575; x_wconf 88' lang='lat' dir='ltr'><strong><em>ﬁliam,</em></strong></span> <span class='ocrx_word' id='word_1_103' title='bbox 1765 1514 1814 1559; x_wconf 86' lang='lat' dir='ltr'><strong><em>et</em></strong></span> <span class='ocrx_word' id='word_1_104' title='bbox 1839 1503 2118 1575; x_wconf 85' lang='lat' dir='ltr'><strong><em>monachos</em></strong></span> 
     </span>
    </p>
   </div>
   <div class='ocr_carea' id='block_1_16' title="bbox 534 1604 1017 1661">
    <p class='ocr_par' dir='ltr' id='par_1_16' title="bbox 534 1604 1017 1661">
     <span class='ocr_line' id='line_1_16' title="bbox 534 1604 1017 1661; baseline -0.014 1"><span class='ocrx_word' id='word_1_105' title='bbox 534 1623 660 1661; x_wconf 88' lang='lat' dir='ltr'><strong><em>suos</em></strong></span> <span class='ocrx_word' id='word_1_106' title='bbox 695 1604 1017 1659; x_wconf 86' lang='lat' dir='ltr'><strong><em>transmisit.</em></strong></span> 
     </span>
    </p>
   </div>
   <div class='ocr_carea' id='block_1_17' title="bbox 607 1680 2117 1772">
    <p class='ocr_par' dir='ltr' id='par_1_17' title="bbox 607 1680 2117 1772">
     <span class='ocr_line' id='line_1_17' title="bbox 607 1680 2117 1772; baseline -0.009 -19"><span class='ocrx_word' id='word_1_107' title='bbox 607 1694 791 1772; x_wconf 93' lang='grc'><strong>[1158.</strong></span> <span class='ocrx_word' id='word_1_108' title='bbox 821 1694 955 1768; x_wconf 81' lang='lat' dir='ltr'><strong><em>(1b.)</em></strong></span> <span class='ocrx_word' id='word_1_109' title='bbox 979 1680 1291 1749; x_wconf 77' lang='lat' dir='ltr'><strong><em>Ludovicus</em></strong></span> <span class='ocrx_word' id='word_1_110' title='bbox 1318 1689 1656 1746; x_wconf 84' lang='lat' dir='ltr'><strong><em>Francorum</em></strong></span> <span class='ocrx_word' id='word_1_111' title='bbox 1689 1704 1782 1744; x_wconf 97' lang='lat' dir='ltr'><strong><em>rex</em></strong></span> <span class='ocrx_word' id='word_1_112' title='bbox 1814 1686 1966 1742; x_wconf 86' lang='lat' dir='ltr'><strong><em>obiit.</em></strong></span> <span class='ocrx_word' id='word_1_113' title='bbox 2016 1686 2117 1741; x_wconf 89' lang='lat' dir='ltr'><strong><em>Cui</em></strong></span> 
     </span>
    </p>
   </div>
   <div class='ocr_carea' id='block_1_18' title="bbox 2229 509 2323 546">
    <p class='ocr_par' dir='ltr' id='par_1_18' title="bbox 2229 509 2323 546">
     <span class='ocr_line' id='line_1_18' title="bbox 2229 509 2323 546; baseline 0.011 -1"><span class='ocrx_word' id='word_1_114' title='bbox 2229 509 2323 546; x_wconf 68' lang='grc' dir='ltr'><strong><em>αδ.</em></strong></span> 
     </span>
    </p>
   </div>
   <div class='ocr_carea' id='block_1_19' title="bbox 2298 569 3786 662">
    <p class='ocr_par' dir='ltr' id='par_1_19' title="bbox 2298 569 3786 662">
     <span class='ocr_line' id='line_1_19' title="bbox 2298 569 3786 662; baseline 0.003 -23"><span class='ocrx_word' id='word_1_115' title='bbox 2298 569 2455 640; x_wconf 78' lang='grc'><strong>1158.</strong></span> <span class='ocrx_word' id='word_1_116' title='bbox 2506 583 2655 639; x_wconf 80' lang='lat' dir='ltr'><strong><em>Filia</em></strong></span> <span class='ocrx_word' id='word_1_117' title='bbox 2704 586 2840 658; x_wconf 87' lang='lat' dir='ltr'><strong><em>regis</em></strong></span> <span class='ocrx_word' id='word_1_118' title='bbox 2873 584 3204 641; x_wconf 84' lang='lat' dir='ltr'><strong><em>Francorum</em></strong></span> <span class='ocrx_word' id='word_1_119' title='bbox 3234 586 3487 642; x_wconf 76' lang='lat' dir='ltr'><strong><em>Ludovici</em></strong></span> <span class='ocrx_word' id='word_1_120' title='bbox 3514 589 3672 643; x_wconf 87' lang='lat' dir='ltr'><strong><em>datur</em></strong></span> <span class='ocrx_word' id='word_1_121' title='bbox 3689 591 3786 662; x_wconf 76' lang='lat' dir='ltr'><strong><em>ﬁlio</em></strong></span> 
     </span>
    </p>
   </div>
   <div class='ocr_carea' id='block_1_20' title="bbox 2226 675 3711 750">
    <p class='ocr_par' dir='ltr' id='par_1_20' title="bbox 2226 675 3711 750">
     <span class='ocr_line' id='line_1_20' title="bbox 2226 675 3711 750; baseline 0.003 -20"><span class='ocrx_word' id='word_1_122' title='bbox 2226 675 2447 731; x_wconf 83' lang='lat' dir='ltr'><strong><em>Henrici</em></strong></span> <span class='ocrx_word' id='word_1_123' title='bbox 2477 679 2613 748; x_wconf 85' lang='lat' dir='ltr'><strong><em>regis</em></strong></span> <span class='ocrx_word' id='word_1_124' title='bbox 2634 676 2951 749; x_wconf 83' lang='lat' dir='ltr'><strong><em>Anglorum,</em></strong></span> <span class='ocrx_word' id='word_1_125' title='bbox 2970 688 3021 732; x_wconf 88' lang='lat' dir='ltr'><strong><em>et</em></strong></span> <span class='ocrx_word' id='word_1_126' title='bbox 3050 695 3159 749; x_wconf 71' lang='lat' dir='ltr'><strong><em>pax</em></strong></span> <span class='ocrx_word' id='word_1_127' title='bbox 3187 680 3327 734; x_wconf 88' lang='lat' dir='ltr'><strong><em>inter</em></strong></span> <span class='ocrx_word' id='word_1_128' title='bbox 3345 697 3434 734; x_wconf 90' lang='lat' dir='ltr'><strong><em>eos</em></strong></span> <span class='ocrx_word' id='word_1_129' title='bbox 3453 681 3711 750; x_wconf 86' lang='lat' dir='ltr'><strong><em>ﬁrmatur.</em></strong></span> 
     </span>
    </p>
   </div>
   <div class='ocr_carea' id='block_1_21' title="bbox 2294 767 3781 832">
    <p class='ocr_par' dir='ltr' id='par_1_21' title="bbox 2294 767 3781 832">
     <span class='ocr_line' id='line_1_21' title="bbox 2294 767 3781 832; baseline 0.006 -9"><span class='ocrx_word' id='word_1_130' title='bbox 2294 769 2452 824; x_wconf 88' lang='grc'><strong>1159.</strong></span> <span class='ocrx_word' id='word_1_131' title='bbox 2498 767 2769 825; x_wconf 88' lang='lat' dir='ltr'><strong><em>Henricus</em></strong></span> <span class='ocrx_word' id='word_1_132' title='bbox 2818 786 2915 826; x_wconf 86' lang='lat' dir='ltr'><strong><em>rex</em></strong></span> <span class='ocrx_word' id='word_1_133' title='bbox 2969 771 3186 826; x_wconf 86' lang='lat' dir='ltr'><strong><em>obsedit</em></strong></span> <span class='ocrx_word' id='word_1_134' title='bbox 3224 770 3481 827; x_wconf 84' lang='lat' dir='ltr'><strong><em>Tolosam</em></strong></span> <span class='ocrx_word' id='word_1_135' title='bbox 3520 772 3615 829; x_wconf 80' lang='grc'><strong><em>⁸³³.</em></strong></span> <span class='ocrx_word' id='word_1_136' title='bbox 3660 773 3781 832; x_wconf 72' lang='lat' dir='ltr'><strong><em>Non.</em></strong></span> 
     </span>
    </p>
   </div>
   <div class='ocr_carea' id='block_1_22' title="bbox 2225 859 3785 934">
    <p class='ocr_par' dir='ltr' id='par_1_22' title="bbox 2225 859 3785 934">
     <span class='ocr_line' id='line_1_22' title="bbox 2225 859 3785 934; baseline 0.003 -19"><span class='ocrx_word' id='word_1_137' title='bbox 2225 859 2491 931; x_wconf 87' lang='lat' dir='ltr'><strong><em>Septemb.</em></strong></span> <span class='ocrx_word' id='word_1_138' title='bbox 2536 870 2641 916; x_wconf 88' lang='lat' dir='ltr'><strong><em>tres</em></strong></span> <span class='ocrx_word' id='word_1_139' title='bbox 2686 861 2822 916; x_wconf 89' lang='lat' dir='ltr'><strong><em>soles</em></strong></span> <span class='ocrx_word' id='word_1_140' title='bbox 2866 863 2964 916; x_wconf 88' lang='lat' dir='ltr'><strong><em>visi</em></strong></span> <span class='ocrx_word' id='word_1_141' title='bbox 2999 872 3125 917; x_wconf 87' lang='lat' dir='ltr'><strong><em>sunt</em></strong></span> <span class='ocrx_word' id='word_1_142' title='bbox 3167 864 3223 917; x_wconf 87' lang='lat' dir='ltr'><strong><em>in</em></strong></span> <span class='ocrx_word' id='word_1_143' title='bbox 3267 874 3417 934; x_wconf 88' lang='lat' dir='ltr'><strong><em>parte</em></strong></span> <span class='ocrx_word' id='word_1_144' title='bbox 3462 865 3785 931; x_wconf 80' lang='lat' dir='ltr'><strong><em>occidentali;</em></strong></span> 
     </span>
    </p>
   </div>
   <div class='ocr_carea' id='block_1_23' title="bbox 2218 952 3787 1039">
    <p class='ocr_par' dir='ltr' id='par_1_23' title="bbox 2218 952 3787 1039">
     <span class='ocr_line' id='line_1_23' title="bbox 2218 952 3787 1039; baseline 0.004 -33"><span class='ocrx_word' id='word_1_145' title='bbox 2218 954 2313 1039; x_wconf 75' lang='lat' dir='ltr'><strong><em>sed</em></strong></span> <span class='ocrx_word' id='word_1_146' title='bbox 2343 952 2545 1008; x_wconf 91' lang='lat' dir='ltr'><strong><em>duobus</em></strong></span> <span class='ocrx_word' id='word_1_147' title='bbox 2570 953 2835 1024; x_wconf 87' lang='lat' dir='ltr'><strong><em>paulatim</em></strong></span> <span class='ocrx_word' id='word_1_148' title='bbox 2857 955 3245 1025; x_wconf 85' lang='lat' dir='ltr'><strong><em>deﬁcientibus,</em></strong></span> <span class='ocrx_word' id='word_1_149' title='bbox 3268 955 3349 1009; x_wconf 89' lang='lat' dir='ltr'><strong><em>sol</em></strong></span> <span class='ocrx_word' id='word_1_150' title='bbox 3367 956 3477 1010; x_wconf 88' lang='lat' dir='ltr'><strong><em>diei</em></strong></span> <span class='ocrx_word' id='word_1_151' title='bbox 3497 959 3590 1026; x_wconf 86' lang='lat' dir='ltr'><strong><em>qui</em></strong></span> <span class='ocrx_word' id='word_1_152' title='bbox 3611 959 3787 1014; x_wconf 80' lang='lat' dir='ltr'><strong><em>medius</em></strong></span> 
     </span>
    </p>
   </div>
   <div class='ocr_carea' id='block_1_24' title="bbox 2220 1045 3784 1119">
    <p class='ocr_par' dir='ltr' id='par_1_24' title="bbox 2220 1045 3784 1119">
     <span class='ocr_line' id='line_1_24' title="bbox 2220 1045 3784 1119; baseline 0.003 -21"><span class='ocrx_word' id='word_1_153' title='bbox 2220 1055 2358 1112; x_wconf 87' lang='lat' dir='ltr'><strong><em>erat,</em></strong></span> <span class='ocrx_word' id='word_1_154' title='bbox 2386 1046 2640 1099; x_wconf 87' lang='lat' dir='ltr'><strong><em>remansit</em></strong></span> <span class='ocrx_word' id='word_1_155' title='bbox 2666 1062 2830 1117; x_wconf 80' lang='lat' dir='ltr'><strong><em>usque</em></strong></span> <span class='ocrx_word' id='word_1_156' title='bbox 2865 1046 2935 1100; x_wconf 84' lang='lat' dir='ltr'><strong><em>ad</em></strong></span> <span class='ocrx_word' id='word_1_157' title='bbox 2978 1064 3248 1101; x_wconf 75' lang='lat' dir='ltr'><strong><em>occasum.</em></strong></span> <span class='ocrx_word' id='word_1_158' title='bbox 3295 1045 3608 1119; x_wconf 78' lang='lat' dir='ltr'><strong><em>Stephanus</em></strong></span> <span class='ocrx_word' id='word_1_159' title='bbox 3653 1049 3784 1117; x_wconf 83' lang='lat' dir='ltr'><strong><em>obiit,</em></strong></span> 
     </span>
    </p>
   </div>
   <div class='ocr_carea' id='block_1_25' title="bbox 2222 1136 3324 1212">
    <p class='ocr_par' dir='ltr' id='par_1_25' title="bbox 2222 1136 3324 1212">
     <span class='ocr_line' id='line_1_25' title="bbox 2222 1136 3324 1212; baseline 0.003 -21"><span class='ocrx_word' id='word_1_160' title='bbox 2222 1136 2550 1193; x_wconf 83' lang='lat' dir='ltr'><strong><em>Godel&#39;ridus</em></strong></span> <span class='ocrx_word' id='word_1_161' title='bbox 2575 1138 2643 1193; x_wconf 89' lang='lat' dir='ltr'><strong><em>de</em></strong></span> <span class='ocrx_word' id='word_1_162' title='bbox 2667 1136 3024 1209; x_wconf 85' lang='lat' dir='ltr'><strong><em>Strepenneio</em></strong></span> <span class='ocrx_word' id='word_1_163' title='bbox 3048 1140 3121 1172; x_wconf 81' lang='lat'><strong><em>&#39;“</em></strong></span> <span class='ocrx_word' id='word_1_164' title='bbox 3151 1138 3324 1212; x_wconf 88' lang='grc'><strong>(551).</strong></span> 
     </span>
    </p>
   </div>
   <div class='ocr_carea' id='block_1_26' title="bbox 2291 1227 3783 1300">
    <p class='ocr_par' dir='ltr' id='par_1_26' title="bbox 2291 1227 3783 1300">
     <span class='ocr_line' id='line_1_26' title="bbox 2291 1227 3783 1300; baseline 0.003 -19"><span class='ocrx_word' id='word_1_165' title='bbox 2291 1227 2451 1282; x_wconf 89' lang='grc'><strong>1165.</strong></span> <span class='ocrx_word' id='word_1_166' title='bbox 2486 1227 2720 1283; x_wconf 85' lang='lat' dir='ltr'><strong><em>Domnus</em></strong></span> <span class='ocrx_word' id='word_1_167' title='bbox 2759 1229 2917 1300; x_wconf 85' lang='lat' dir='ltr'><strong><em>hujus</em></strong></span> <span class='ocrx_word' id='word_1_168' title='bbox 2945 1230 3053 1284; x_wconf 90' lang='lat' dir='ltr'><strong><em>loci</em></strong></span> <span class='ocrx_word' id='word_1_169' title='bbox 3084 1231 3248 1284; x_wconf 86' lang='lat' dir='ltr'><strong><em>abbas</em></strong></span> <span class='ocrx_word' id='word_1_170' title='bbox 3294 1232 3489 1285; x_wconf 75' lang='lat' dir='ltr'><strong><em>tercius</em></strong></span> <span class='ocrx_word' id='word_1_171' title='bbox 3541 1241 3783 1287; x_wconf 77' lang='lat' dir='ltr'><strong><em>revocatus</em></strong></span> 
     </span>
    </p>
   </div>
   <div class='ocr_carea' id='block_1_27' title="bbox 2220 1319 3785 1393">
    <p class='ocr_par' dir='ltr' id='par_1_27' title="bbox 2220 1319 3785 1393">
     <span class='ocr_line' id='line_1_27' title="bbox 2220 1319 3785 1393; baseline 0.005 -20"><span class='ocrx_word' id='word_1_172' title='bbox 2220 1327 2297 1373; x_wconf 85' lang='lat' dir='ltr'><strong><em>est</em></strong></span> <span class='ocrx_word' id='word_1_173' title='bbox 2325 1319 2395 1371; x_wconf 84' lang='lat' dir='ltr'><strong><em>ad</em></strong></span> <span class='ocrx_word' id='word_1_174' title='bbox 2451 1330 2636 1373; x_wconf 83' lang='lat' dir='ltr'><strong><em>curam</em></strong></span> <span class='ocrx_word' id='word_1_175' title='bbox 2698 1320 2911 1384; x_wconf 70' lang='lat' dir='ltr'><strong><em>abbatie</em></strong></span> <span class='ocrx_word' id='word_1_176' title='bbox 2968 1320 3295 1393; x_wconf 88' lang='lat' dir='ltr'><strong><em>Ursicampi.</em></strong></span> <span class='ocrx_word' id='word_1_177' title='bbox 3364 1322 3470 1378; x_wconf 84' lang='lat' dir='ltr'><strong><em>Cui</em></strong></span> <span class='ocrx_word' id='word_1_178' title='bbox 3515 1323 3785 1386; x_wconf 77' lang='lat' dir='ltr'><strong><em>Gaufridus</em></strong></span> 
     </span>
    </p>
   </div>
   <div class='ocr_carea' id='block_1_28' title="bbox 2220 1412 2830 1481">
    <p class='ocr_par' dir='ltr' id='par_1_28' title="bbox 2220 1412 2830 1481">
     <span class='ocr_line' id='line_1_28' title="bbox 2220 1412 2830 1481; baseline 0.007 -19"><span class='ocrx_word' id='word_1_179' title='bbox 2220 1420 2442 1481; x_wconf 75' lang='lat' dir='ltr'><strong><em>quartus</em></strong></span> <span class='ocrx_word' id='word_1_180' title='bbox 2464 1412 2715 1465; x_wconf 86' lang='lat' dir='ltr'><strong><em>successit</em></strong></span> <span class='ocrx_word' id='word_1_181' title='bbox 2739 1412 2830 1466; x_wconf 84' lang='grc'><strong><em>³⁸⁷.</em></strong></span> 
     </span>
    </p>
   </div>
   <div class='ocr_carea' id='block_1_29' title="bbox 2292 1484 3784 1584">
    <p class='ocr_par' dir='ltr' id='par_1_29' title="bbox 2292 1484 3784 1584">
     <span class='ocr_line' id='line_1_29' title="bbox 2292 1484 3784 1584; baseline 0.003 -21"><span class='ocrx_word' id='word_1_182' title='bbox 2292 1484 2453 1566; x_wconf 81' lang='grc'><strong>1165.</strong></span> <span class='ocrx_word' id='word_1_183' title='bbox 2507 1509 2664 1582; x_wconf 81' lang='lat' dir='ltr'><strong><em>Ilugo</em></strong></span> <span class='ocrx_word' id='word_1_184' title='bbox 2703 1509 3139 1584; x_wconf 84' lang='lat' dir='ltr'><strong><em>Rothamagensis</em></strong></span> <span class='ocrx_word' id='word_1_185' title='bbox 3179 1513 3610 1583; x_wconf 80' lang='lat' dir='ltr'><strong><em>archiepiscopus</em></strong></span> <span class='ocrx_word' id='word_1_186' title='bbox 3654 1514 3784 1568; x_wconf 82' lang='lat' dir='ltr'><strong><em>obiit.</em></strong></span> 
     </span>
    </p>
   </div>
   <div class='ocr_carea' id='block_1_30' title="bbox 2220 1601 3533 1677">
    <p class='ocr_par' dir='ltr' id='par_1_30' title="bbox 2220 1601 3533 1677">
     <span class='ocr_line' id='line_1_30' title="bbox 2220 1601 3533 1677; baseline 0 -17"><span class='ocrx_word' id='word_1_187' title='bbox 2220 1604 2489 1660; x_wconf 84' lang='lat' dir='ltr'><strong><em>Rotrodus</em></strong></span> <span class='ocrx_word' id='word_1_188' title='bbox 2511 1601 2847 1661; x_wconf 79' lang='lat' dir='ltr'><strong><em>Ebroicensis</em></strong></span> <span class='ocrx_word' id='word_1_189' title='bbox 2869 1607 3144 1677; x_wconf 86' lang='lat' dir='ltr'><strong><em>episcopus</em></strong></span> <span class='ocrx_word' id='word_1_190' title='bbox 3163 1609 3412 1661; x_wconf 86' lang='lat' dir='ltr'><strong><em>successit</em></strong></span> <span class='ocrx_word' id='word_1_191' title='bbox 3438 1607 3533 1660; x_wconf 79' lang='grc'><strong><em>⁸³⁸.</em></strong></span> 
     </span>
    </p>
   </div>
   <div class='ocr_carea' id='block_1_31' title="bbox 2294 1695 3787 1769">
    <p class='ocr_par' dir='ltr' id='par_1_31' title="bbox 2294 1695 3787 1769">
     <span class='ocr_line' id='line_1_31' title="bbox 2294 1695 3787 1769; baseline 0 -17"><span class='ocrx_word' id='word_1_192' title='bbox 2294 1696 2455 1752; x_wconf 87' lang='grc'><strong>1166.</strong></span> <span class='ocrx_word' id='word_1_193' title='bbox 2484 1697 2566 1752; x_wconf 87' lang='lat' dir='ltr'><strong><em>Ab</em></strong></span> <span class='ocrx_word' id='word_1_194' title='bbox 2590 1697 2825 1753; x_wconf 86' lang='lat' dir='ltr'><strong><em>adventu</em></strong></span> <span class='ocrx_word' id='word_1_195' title='bbox 2861 1696 3164 1769; x_wconf 80' lang='lat' dir='ltr'><strong><em>Anglorum</em></strong></span> <span class='ocrx_word' id='word_1_196' title='bbox 3187 1697 3244 1752; x_wconf 91' lang='lat' dir='ltr'><strong><em>in</em></strong></span> <span class='ocrx_word' id='word_1_197' title='bbox 3282 1695 3622 1752; x_wconf 78' lang='lat' dir='ltr'><strong><em>Britanniam</em></strong></span> <span class='ocrx_word' id='word_1_198' title='bbox 3646 1698 3787 1768; x_wconf 81' lang='lat' dir='ltr'><strong><em>majo-</em></strong></span> 
     </span>
    </p>
   </div>
   <div class='ocr_carea' id='block_1_32' title="bbox 533 1780 3787 1867">
    <p class='ocr_par' dir='ltr' id='par_1_32' title="bbox 533 1780 3787 1867">
     <span class='ocr_line' id='line_1_32' title="bbox 533 1780 3787 1867; baseline -0.008 -20"><span class='ocrx_word' id='word_1_199' title='bbox 533 1791 680 1846; x_wconf 81' lang='lat' dir='ltr'><strong><em>ﬁlius</em></strong></span> <span class='ocrx_word' id='word_1_200' title='bbox 712 1788 1047 1853; x_wconf 80' lang='lat' dir='ltr'><strong><em>Ludovicus,</em></strong></span> <span class='ocrx_word' id='word_1_201' title='bbox 1077 1800 1241 1857; x_wconf 78' lang='lat' dir='ltr'><strong><em>quem</em></strong></span> <span class='ocrx_word' id='word_1_202' title='bbox 1268 1791 1323 1839; x_wconf 90' lang='lat' dir='ltr'><strong><em>et</em></strong></span> <span class='ocrx_word' id='word_1_203' title='bbox 1348 1782 1466 1853; x_wconf 89' lang='lat' dir='ltr'><strong><em>ipse</em></strong></span> <span class='ocrx_word' id='word_1_204' title='bbox 1492 1782 1671 1867; x_wconf 72' lang='lat' dir='ltr'><strong><em>adhuc</em></strong></span> <span class='ocrx_word' id='word_1_205' title='bbox 1708 1780 1899 1834; x_wconf 85' lang='lat' dir='ltr'><strong><em>vivens</em></strong></span> <span class='ocrx_word' id='word_1_206' title='bbox 1920 1795 1950 1834; x_wconf 89' lang='lat' dir='ltr'><strong><em>a</em></strong></span> <span class='ocrx_word' id='word_1_207' title='bbox 1980 1794 2119 1849; x_wconf 87' lang='lat' dir='ltr'><strong><em>papa</em></strong></span> <span class='ocrx_word' id='word_1_208' title='bbox 2151 1780 2195 1839; x_wconf 82' lang='grc' dir='ltr'><strong>Β</strong></span> <span class='ocrx_word' id='word_1_209' title='bbox 2223 1805 2338 1845; x_wconf 65' lang='lat' dir='ltr'><strong><em>rem</em></strong></span> <span class='ocrx_word' id='word_1_210' title='bbox 2369 1788 2498 1844; x_wconf 68' lang='lat' dir='ltr'><strong>anni</strong></span> <span class='ocrx_word' id='word_1_211' title='bbox 2528 1788 2655 1857; x_wconf 54' lang='lat'><strong><em>315,</em></strong></span> <span class='ocrx_word' id='word_1_212' title='bbox 2678 1805 2711 1845; x_wconf 61' lang='grc' dir='ltr'>ε</span> <span class='ocrx_word' id='word_1_213' title='bbox 2737 1790 3067 1861; x_wconf 50' lang='lat' dir='ltr'><strong><em>baptism-ate</em></strong></span> <span class='ocrx_word' id='word_1_214' title='bbox 3102 1789 3421 1846; x_wconf 60' lang='lat' dir='ltr'><strong><em>earumdem</em></strong></span> <span class='ocrx_word' id='word_1_215' title='bbox 3452 1788 3580 1857; x_wconf 50' lang='lat'><strong><em>654’</em></strong></span> <span class='ocrx_word' id='word_1_216' title='bbox 3618 1791 3682 1845; x_wconf 65' lang='lat' dir='ltr'><strong><em>ab</em></strong></span> <span class='ocrx_word' id='word_1_217' title='bbox 3722 1790 3787 1845; x_wconf 55' lang='lat' dir='ltr'><strong><em>in,</em></strong></span> 
     </span>
    </p>
   </div>
   <div class='ocr_carea' id='block_1_33' title="bbox 504 1869 2122 1944">
    <p class='ocr_par' dir='ltr' id='par_1_33' title="bbox 504 1869 2122 1944">
     <span class='ocr_line' id='line_1_33' title="bbox 504 1869 2122 1944; baseline -0.01 -5"><span class='ocrx_word' id='word_1_218' title='bbox 504 1881 853 1939; x_wconf 57' lang='lat' dir='ltr'><strong><em>Innocentio</em></strong></span> <span class='ocrx_word' id='word_1_219' title='bbox 908 1877 1093 1933; x_wconf 82' lang='lat' dir='ltr'><strong><em>Remis</em></strong></span> <span class='ocrx_word' id='word_1_220' title='bbox 1154 1884 1281 1930; x_wconf 82' lang='lat' dir='ltr'><strong><em>ante</em></strong></span> <span class='ocrx_word' id='word_1_221' title='bbox 1329 1874 1537 1944; x_wconf 84' lang='lat' dir='ltr'><strong><em>aliquot</em></strong></span> <span class='ocrx_word' id='word_1_222' title='bbox 1588 1887 1763 1926; x_wconf 88' lang='lat' dir='ltr'><strong><em>annos</em></strong></span> <span class='ocrx_word' id='word_1_223' title='bbox 1809 1869 2122 1926; x_wconf 84' lang='lat' dir='ltr'><strong><em>consecrari</em></strong></span> 
     </span>
    </p>
   </div>
   <div class='ocr_carea' id='block_1_34' title="bbox 532 1960 2126 2042">
    <p class='ocr_par' dir='ltr' id='par_1_34' title="bbox 532 1960 2126 2042">
     <span class='ocr_line' id='line_1_34' title="bbox 532 1960 2126 2042; baseline -0.011 -12"><span class='ocrx_word' id='word_1_224' title='bbox 532 1970 759 2039; x_wconf 77' lang='lat' dir='ltr'><strong><em>fecerat,</em></strong></span> <span class='ocrx_word' id='word_1_225' title='bbox 783 1972 838 2026; x_wconf 89' lang='lat' dir='ltr'><strong><em>in</em></strong></span> <span class='ocrx_word' id='word_1_226' title='bbox 872 1985 1100 2042; x_wconf 82' lang='lat' dir='ltr'><strong><em>regnum</em></strong></span> <span class='ocrx_word' id='word_1_227' title='bbox 1140 1964 1433 2038; x_wconf 89' lang='lat' dir='ltr'><strong><em>succedit.]</em></strong></span> <span class='ocrx_word' id='word_1_228' title='bbox 1477 1964 1652 2018; x_wconf 83' lang='lat' dir='ltr'><strong><em>Abbas</em></strong></span> <span class='ocrx_word' id='word_1_229' title='bbox 1691 1962 1996 2017; x_wconf 72' lang='lat' dir='ltr'><strong><em>Alexander</em></strong></span> <span class='ocrx_word' id='word_1_230' title='bbox 2029 1960 2126 2015; x_wconf 88' lang='lat' dir='ltr'><strong><em>ab-</em></strong></span> 
     </span>
    </p>
   </div>
   <div class='ocr_carea' id='block_1_35' title="bbox 506 2055 2121 2126">
    <p class='ocr_par' dir='ltr' id='par_1_35' title="bbox 506 2055 2121 2126">
     <span class='ocr_line' id='line_1_35' title="bbox 506 2055 2121 2126; baseline -0.009 -4"><span class='ocrx_word' id='word_1_231' title='bbox 506 2068 676 2121; x_wconf 85' lang='lat' dir='ltr'><strong><em>-batis</em></strong></span> <span class='ocrx_word' id='word_1_232' title='bbox 706 2081 891 2120; x_wconf 89' lang='lat' dir='ltr'><strong><em>curam</em></strong></span> <span class='ocrx_word' id='word_1_233' title='bbox 932 2063 1170 2117; x_wconf 87' lang='lat' dir='ltr'><strong><em>dimisit:</em></strong></span> <span class='ocrx_word' id='word_1_234' title='bbox 1202 2060 1289 2114; x_wconf 90' lang='lat' dir='ltr'><strong><em>cui</em></strong></span> <span class='ocrx_word' id='word_1_235' title='bbox 1330 2059 1582 2114; x_wconf 80' lang='lat' dir='ltr'><strong><em>successit</em></strong></span> <span class='ocrx_word' id='word_1_236' title='bbox 1628 2056 1826 2123; x_wconf 87' lang='lat' dir='ltr'><strong><em>Adam,</em></strong></span> <span class='ocrx_word' id='word_1_237' title='bbox 1856 2055 2121 2126; x_wconf 84' lang='lat' dir='ltr'><strong><em>quondam</em></strong></span> 
     </span>
    </p>
   </div>
   <div class='ocr_carea' id='block_1_36' title="bbox 506 2140 1037 2232">
    <p class='ocr_par' dir='ltr' id='par_1_36' title="bbox 506 2140 1037 2232">
     <span class='ocr_line' id='line_1_36' title="bbox 506 2140 1037 2232; baseline -0.011 -17"><span class='ocrx_word' id='word_1_238' title='bbox 506 2161 682 2232; x_wconf 62' lang='lat' dir='ltr'><strong><em>.prior</em></strong></span> <span class='ocrx_word' id='word_1_239' title='bbox 708 2140 1037 2227; x_wconf 82' lang='lat' dir='ltr'><strong><em>Ursicampi.</em></strong></span> 
     </span>
    </p>
   </div>
   <div class='ocr_carea' id='block_1_37' title="bbox 588 2238 2122 2323">
    <p class='ocr_par' dir='ltr' id='par_1_37' title="bbox 588 2238 2122 2323">
     <span class='ocr_line' id='line_1_37' title="bbox 588 2238 2122 2323; baseline -0.01 -15"><span class='ocrx_word' id='word_1_240' title='bbox 588 2248 760 2308; x_wconf 68' lang='lat' dir='ltr'><strong><em>“4L</em></strong></span> <span class='ocrx_word' id='word_1_241' title='bbox 784 2248 981 2323; x_wconf 80' lang='lat' dir='ltr'><strong><em>Anglia</em></strong></span> <span class='ocrx_word' id='word_1_242' title='bbox 1021 2247 1163 2319; x_wconf 79' lang='lat' dir='ltr'><strong><em>fame</em></strong></span> <span class='ocrx_word' id='word_1_243' title='bbox 1199 2253 1249 2301; x_wconf 90' lang='lat' dir='ltr'><strong><em>et</em></strong></span> <span class='ocrx_word' id='word_1_244' title='bbox 1280 2242 1461 2317; x_wconf 85' lang='lat' dir='ltr'><strong><em>gladio</em></strong></span> <span class='ocrx_word' id='word_1_245' title='bbox 1491 2241 1762 2308; x_wconf 84' lang='lat' dir='ltr'><strong><em>atteritur,</em></strong></span> <span class='ocrx_word' id='word_1_246' title='bbox 1792 2238 2122 2313; x_wconf 76' lang='lat' dir='ltr'><strong><em>principibus</em></strong></span> 
     </span>
    </p>
   </div>
   <div class='ocr_carea' id='block_1_38' title="bbox 531 2331 1769 2407">
    <p class='ocr_par' dir='ltr' id='par_1_38' title="bbox 531 2331 1769 2407">
     <span class='ocr_line' id='line_1_38' title="bbox 531 2331 1769 2407; baseline -0.012 -6"><span class='ocrx_word' id='word_1_247' title='bbox 531 2354 668 2401; x_wconf 88' lang='lat' dir='ltr'><strong><em>terre</em></strong></span> <span class='ocrx_word' id='word_1_248' title='bbox 694 2346 833 2398; x_wconf 88' lang='lat' dir='ltr'><strong><em>inter</em></strong></span> <span class='ocrx_word' id='word_1_249' title='bbox 855 2359 910 2396; x_wconf 90' lang='lat' dir='ltr'><strong><em>se</em></strong></span> <span class='ocrx_word' id='word_1_250' title='bbox 937 2337 1365 2394; x_wconf 85' lang='lat' dir='ltr'><strong><em>discordantibus</em></strong></span> <span class='ocrx_word' id='word_1_251' title='bbox 1392 2334 1485 2407; x_wconf 82' lang='lat' dir='ltr'><strong><em>(ef.</em></strong></span> <span class='ocrx_word' id='word_1_252' title='bbox 1520 2331 1769 2405; x_wconf 83' lang='lat' dir='ltr'><strong><em>Gembl.).</em></strong></span> 
     </span>
    </p>
   </div>
   <div class='ocr_carea' id='block_1_39' title="bbox 602 2425 2118 2510">
    <p class='ocr_par' dir='ltr' id='par_1_39' title="bbox 602 2425 2118 2510">
     <span class='ocr_line' id='line_1_39' title="bbox 602 2425 2118 2510; baseline -0.006 -19"><span class='ocrx_word' id='word_1_253' title='bbox 602 2435 788 2510; x_wconf 68' lang='grc'><strong>[1145.</strong></span> <span class='ocrx_word' id='word_1_254' title='bbox 818 2431 1001 2508; x_wconf 69' lang='grc' dir='ltr'><strong><em>(Βειι.)</em></strong></span> <span class='ocrx_word' id='word_1_255' title='bbox 1036 2430 1343 2488; x_wconf 84' lang='lat' dir='ltr'><strong><em>Celestinus</em></strong></span> <span class='ocrx_word' id='word_1_256' title='bbox 1393 2428 1642 2484; x_wconf 85' lang='lat' dir='ltr'><strong><em>Romane</em></strong></span> <span class='ocrx_word' id='word_1_257' title='bbox 1686 2425 1915 2483; x_wconf 88' lang='lat' dir='ltr'><strong><em>ecclesie</em></strong></span> <span class='ocrx_word' id='word_1_258' title='bbox 1954 2425 2118 2482; x_wconf 67' lang='grc'><strong>169⁸³</strong></span> 
     </span>
    </p>
   </div>
   <div class='ocr_carea' id='block_1_40' title="bbox 532 2527 2117 2695">
    <p class='ocr_par' dir='ltr' id='par_1_40' title="bbox 532 2527 2117 2695">
     <span class='ocr_line' id='line_1_40' title="bbox 532 2527 2117 2695; baseline -0.009 -17"><span class='ocrx_word' id='word_1_259' title='bbox 532 2527 953 2695; x_wconf 68' lang='lat' dir='ltr'><strong><em>](Ib.)</em></strong></span> <span class='ocrx_word' id='word_1_260' title='bbox 976 2617 1180 2673; x_wconf 85' lang='lat' dir='ltr'><strong><em>Lucius</em></strong></span> <span class='ocrx_word' id='word_1_261' title='bbox 1214 2614 1265 2671; x_wconf 92' lang='lat' dir='ltr'><strong><em>ei</em></strong></span> <span class='ocrx_word' id='word_1_262' title='bbox 1294 2613 1453 2669; x_wconf 79' lang='grc' dir='ltr'><strong>1³1οα⁸</strong></span> <span class='ocrx_word' id='word_1_263' title='bbox 1483 2608 1778 2685; x_wconf 85' lang='lat' dir='ltr'><strong><em>succedit.]</em></strong></span> <span class='ocrx_word' id='word_1_264' title='bbox 1807 2606 2003 2666; x_wconf 81' lang='lat' dir='ltr'><strong><em>Ventus</em></strong></span> <span class='ocrx_word' id='word_1_265' title='bbox 2036 2627 2117 2665; x_wconf 85' lang='lat' dir='ltr'><strong><em>ve-</em></strong></span> 
     </span>
    </p>
   </div>
   <div class='ocr_carea' id='block_1_41' title="bbox 532 2701 2124 2773">
    <p class='ocr_par' dir='ltr' id='par_1_41' title="bbox 532 2701 2124 2773">
     <span class='ocr_line' id='line_1_41' title="bbox 532 2701 2124 2773; baseline -0.008 -6"><span class='ocrx_word' id='word_1_266' title='bbox 532 2711 959 2768; x_wconf 86' lang='lat' dir='ltr'><strong><em>hementissimus</em></strong></span> <span class='ocrx_word' id='word_1_267' title='bbox 982 2706 1218 2773; x_wconf 91' lang='lat' dir='ltr'><strong><em>arbores,</em></strong></span> <span class='ocrx_word' id='word_1_268' title='bbox 1243 2715 1414 2759; x_wconf 89' lang='lat' dir='ltr'><strong><em>turres</em></strong></span> <span class='ocrx_word' id='word_1_269' title='bbox 1438 2712 1488 2758; x_wconf 86' lang='lat' dir='ltr'><strong><em>et</em></strong></span> <span class='ocrx_word' id='word_1_270' title='bbox 1518 2704 1699 2757; x_wconf 89' lang='lat' dir='ltr'><strong><em>domos</em></strong></span> <span class='ocrx_word' id='word_1_271' title='bbox 1721 2701 1982 2773; x_wconf 89' lang='lat' dir='ltr'><strong><em>plurimas</em></strong></span> <span class='ocrx_word' id='word_1_272' title='bbox 2004 2701 2124 2757; x_wconf 86' lang='lat' dir='ltr'><strong><em>sub-</em></strong></span> 
     </span>
    </p>
   </div>
   <div class='ocr_carea' id='block_1_42' title="bbox 531 2791 2122 2875">
    <p class='ocr_par' dir='ltr' id='par_1_42' title="bbox 531 2791 2122 2875">
     <span class='ocr_line' id='line_1_42' title="bbox 531 2791 2122 2875; baseline -0.009 -14"><span class='ocrx_word' id='word_1_273' title='bbox 531 2806 708 2861; x_wconf 88' lang='lat' dir='ltr'><strong><em>vertit.</em></strong></span> <span class='ocrx_word' id='word_1_274' title='bbox 737 2800 990 2875; x_wconf 81' lang='lat' dir='ltr'><strong><em>(Gembl.)</em></strong></span> <span class='ocrx_word' id='word_1_275' title='bbox 1020 2799 1247 2855; x_wconf 84' lang='lat' dir='ltr'><strong><em>Reddita</em></strong></span> <span class='ocrx_word' id='word_1_276' title='bbox 1287 2805 1365 2852; x_wconf 85' lang='lat' dir='ltr'><strong><em>est</em></strong></span> <span class='ocrx_word' id='word_1_277' title='bbox 1397 2796 1587 2850; x_wconf 84' lang='lat' dir='ltr'><strong><em>civitas</em></strong></span> <span class='ocrx_word' id='word_1_278' title='bbox 1620 2794 1939 2864; x_wconf 85' lang='lat' dir='ltr'><strong><em>Rathomagi</em></strong></span> <span class='ocrx_word' id='word_1_279' title='bbox 1974 2791 2122 2847; x_wconf 85' lang='lat' dir='ltr'><strong><em>Gau-</em></strong></span> 
     </span>
    </p>
   </div>
   <div class='ocr_carea' id='block_1_43' title="bbox 534 2890 1294 2969">
    <p class='ocr_par' dir='ltr' id='par_1_43' title="bbox 534 2890 1294 2969">
     <span class='ocr_line' id='line_1_43' title="bbox 534 2890 1294 2969; baseline -0.012 -18"><span class='ocrx_word' id='word_1_280' title='bbox 534 2897 681 2969; x_wconf 74' lang='lat' dir='ltr'><strong><em>{rido</em></strong></span> <span class='ocrx_word' id='word_1_281' title='bbox 703 2894 886 2949; x_wconf 91' lang='lat' dir='ltr'><strong><em>comiti</em></strong></span> <span class='ocrx_word' id='word_1_282' title='bbox 908 2890 1294 2962; x_wconf 85' lang='lat' dir='ltr'><strong><em>Andegavcnsi.</em></strong></span> 
     </span>
    </p>
   </div>
   <div class='ocr_carea' id='block_1_44' title="bbox 600 2973 2117 3065">
    <p class='ocr_par' dir='ltr' id='par_1_44' title="bbox 600 2973 2117 3065">
     <span class='ocr_line' id='line_1_44' title="bbox 600 2973 2117 3065; baseline -0.011 -21"><span class='ocrx_word' id='word_1_283' title='bbox 600 2988 786 3065; x_wconf 73' lang='grc'><strong>[1145.</strong></span> <span class='ocrx_word' id='word_1_284' title='bbox 810 2984 996 3059; x_wconf 79' lang='grc' dir='ltr'><strong><em>(Βειι.)</em></strong></span> <span class='ocrx_word' id='word_1_285' title='bbox 1020 2981 1297 3053; x_wconf 84' lang='lat' dir='ltr'><strong><em>Eugenius</em></strong></span> <span class='ocrx_word' id='word_1_286' title='bbox 1316 2987 1442 3051; x_wconf 88' lang='lat' dir='ltr'><strong><em>post</em></strong></span> <span class='ocrx_word' id='word_1_287' title='bbox 1477 2993 1604 3034; x_wconf 89' lang='lat' dir='ltr'><strong><em>eum</em></strong></span> <span class='ocrx_word' id='word_1_288' title='bbox 1625 2973 1838 3048; x_wconf 75' lang='lat' dir='ltr'><strong><em>l7l“.]</em></strong></span> <span class='ocrx_word' id='word_1_289' title='bbox 1864 2974 2117 3047; x_wconf 60' lang='lat' dir='ltr'><strong><em>(Osann)</em></strong></span> 
     </span>
    </p>
   </div>
   <div class='ocr_carea' id='block_1_45' title="bbox 530 3070 1622 3151">
    <p class='ocr_par' dir='ltr' id='par_1_45' title="bbox 530 3070 1622 3151">
     <span class='ocr_line' id='line_1_45' title="bbox 530 3070 1622 3151; baseline -0.014 -13"><span class='ocrx_word' id='word_1_290' title='bbox 530 3081 729 3137; x_wconf 81' lang='lat' dir='ltr'><strong><em>Fames</em></strong></span> <span class='ocrx_word' id='word_1_291' title='bbox 761 3095 955 3151; x_wconf 88' lang='lat' dir='ltr'><strong><em>magna</em></strong></span> <span class='ocrx_word' id='word_1_292' title='bbox 981 3074 1255 3131; x_wconf 83' lang='lat' dir='ltr'><strong><em>invalescit</em></strong></span> <span class='ocrx_word' id='word_1_293' title='bbox 1282 3073 1340 3127; x_wconf 83' lang='lat' dir='ltr'><strong><em>in</em></strong></span> <span class='ocrx_word' id='word_1_294' title='bbox 1365 3070 1622 3125; x_wconf 81' lang='lat' dir='ltr'><strong><em>Francia.</em></strong></span> 
     </span>
    </p>
   </div>
   <div class='ocr_carea' id='block_1_46' title="bbox 2223 1877 3021 1936">
    <p class='ocr_par' dir='ltr' id='par_1_46' title="bbox 2223 1877 3021 1936">
     <span class='ocr_line' id='line_1_46' title="bbox 2223 1877 3021 1936; baseline -0.001 0"><span class='ocrx_word' id='word_1_295' title='bbox 2223 1880 2391 1936; x_wconf 90' lang='lat' dir='ltr'><strong><em>troitu</em></strong></span> <span class='ocrx_word' id='word_1_296' title='bbox 2418 1878 2863 1936; x_wconf 87' lang='lat' dir='ltr'><strong><em>Normannorum</em></strong></span> <span class='ocrx_word' id='word_1_297' title='bbox 2896 1877 3021 1935; x_wconf 87' lang='grc'><strong>100.</strong></span> 
     </span>
    </p>
   </div>
   <div class='ocr_carea' id='block_1_47' title="bbox 2296 1969 3784 2044">
    <p class='ocr_par' dir='ltr' id='par_1_47' title="bbox 2296 1969 3784 2044">
     <span class='ocr_line' id='line_1_47' title="bbox 2296 1969 3784 2044; baseline 0.001 -17"><span class='ocrx_word' id='word_1_298' title='bbox 2296 1971 2453 2028; x_wconf 89' lang='grc'><strong>1169.</strong></span> <span class='ocrx_word' id='word_1_299' title='bbox 2478 1970 2594 2028; x_wconf 88' lang='lat' dir='ltr'><strong><em>Rex</em></strong></span> <span class='ocrx_word' id='word_1_300' title='bbox 2620 1970 2890 2028; x_wconf 78' lang='lat' dir='ltr'><strong><em>Henricus</em></strong></span> <span class='ocrx_word' id='word_1_301' title='bbox 2928 1972 3189 2044; x_wconf 84' lang='lat' dir='ltr'><strong><em>majorem</em></strong></span> <span class='ocrx_word' id='word_1_302' title='bbox 3213 1969 3386 2028; x_wconf 85' lang='lat' dir='ltr'><strong><em>ﬁlium</em></strong></span> <span class='ocrx_word' id='word_1_303' title='bbox 3421 1987 3585 2028; x_wconf 87' lang='lat' dir='ltr'><strong><em>suum</em></strong></span> <span class='ocrx_word' id='word_1_304' title='bbox 3614 1971 3784 2029; x_wconf 75' lang='lat' dir='ltr'><strong><em>Henri-</em></strong></span> 
     </span>
    </p>
   </div>
   <div class='ocr_carea' id='block_1_48' title="bbox 2223 2062 3784 2136">
    <p class='ocr_par' dir='ltr' id='par_1_48' title="bbox 2223 2062 3784 2136">
     <span class='ocr_line' id='line_1_48' title="bbox 2223 2062 3784 2136; baseline -0.002 -16"><span class='ocrx_word' id='word_1_305' title='bbox 2223 2080 2371 2133; x_wconf 90' lang='lat' dir='ltr'><strong><em>cum,</em></strong></span> <span class='ocrx_word' id='word_1_306' title='bbox 2401 2080 2661 2136; x_wconf 77' lang='lat' dir='ltr'><strong><em>generum</em></strong></span> <span class='ocrx_word' id='word_1_307' title='bbox 2693 2062 2957 2119; x_wconf 83' lang='lat' dir='ltr'><strong><em>Ludovici</em></strong></span> <span class='ocrx_word' id='word_1_308' title='bbox 2982 2065 3129 2136; x_wconf 84' lang='lat' dir='ltr'><strong><em>regis</em></strong></span> <span class='ocrx_word' id='word_1_309' title='bbox 3150 2064 3517 2129; x_wconf 82' lang='lat' dir='ltr'><strong><em>Francorum,</em></strong></span> <span class='ocrx_word' id='word_1_310' title='bbox 3550 2064 3603 2118; x_wconf 90' lang='lat' dir='ltr'><strong><em>in</em></strong></span> <span class='ocrx_word' id='word_1_311' title='bbox 3627 2080 3784 2136; x_wconf 67' lang='lat' dir='ltr'><strong><em>regem</em></strong></span> 
     </span>
    </p>
   </div>
   <div class='ocr_carea' id='block_1_49' title="bbox 2222 2156 3784 2230">
    <p class='ocr_par' dir='ltr' id='par_1_49' title="bbox 2222 2156 3784 2230">
     <span class='ocr_line' id='line_1_49' title="bbox 2222 2156 3784 2230; baseline -0.003 -16"><span class='ocrx_word' id='word_1_312' title='bbox 2222 2158 2536 2215; x_wconf 86' lang='lat' dir='ltr'><strong><em>consecrari</em></strong></span> <span class='ocrx_word' id='word_1_313' title='bbox 2593 2156 2724 2213; x_wconf 79' lang='lat' dir='ltr'><strong><em>fecit</em></strong></span> <span class='ocrx_word' id='word_1_314' title='bbox 2772 2172 2806 2213; x_wconf 89' lang='lat' dir='ltr'><strong><em>a</em></strong></span> <span class='ocrx_word' id='word_1_315' title='bbox 2873 2156 3092 2230; x_wconf 88' lang='lat' dir='ltr'><strong><em>Rogero</em></strong></span> <span class='ocrx_word' id='word_1_316' title='bbox 3147 2157 3488 2213; x_wconf 81' lang='lat' dir='ltr'><strong><em>Eboracensi</em></strong></span> <span class='ocrx_word' id='word_1_317' title='bbox 3546 2158 3784 2229; x_wconf 50' lang='lat' dir='ltr'><strong><em>archiepi.</em></strong></span> 
     </span>
    </p>
   </div>
   <div class='ocr_carea' id='block_1_50' title="bbox 2223 2263 2414 2320">
    <p class='ocr_par' dir='ltr' id='par_1_50' title="bbox 2223 2263 2414 2320">
     <span class='ocr_line' id='line_1_50' title="bbox 2223 2263 2414 2320; baseline -0.005 -14"><span class='ocrx_word' id='word_1_318' title='bbox 2223 2263 2414 2320; x_wconf 89' lang='lat' dir='ltr'><strong><em>scopo.</em></strong></span> 
     </span>
    </p>
   </div>
   <div class='ocr_carea' id='block_1_51' title="bbox 2293 2337 3785 2401">
    <p class='ocr_par' dir='ltr' id='par_1_51' title="bbox 2293 2337 3785 2401">
     <span class='ocr_line' id='line_1_51' title="bbox 2293 2337 3785 2401; baseline 0.001 -5"><span class='ocrx_word' id='word_1_319' title='bbox 2293 2341 2454 2397; x_wconf 84' lang='grc'><strong>1171.</strong></span> <span class='ocrx_word' id='word_1_320' title='bbox 2486 2341 2721 2400; x_wconf 87' lang='lat' dir='ltr'><strong><em>Civitate</em></strong></span> <span class='ocrx_word' id='word_1_321' title='bbox 2758 2341 3058 2401; x_wconf 79' lang='lat' dir='ltr'><strong><em>Cantuaria</em></strong></span> <span class='ocrx_word' id='word_1_322' title='bbox 3095 2349 3320 2401; x_wconf 88' lang='lat' dir='ltr'><strong><em>sanctus</em></strong></span> <span class='ocrx_word' id='word_1_323' title='bbox 3351 2337 3598 2399; x_wconf 82' lang='lat' dir='ltr'><strong><em>Thomas</em></strong></span> <span class='ocrx_word' id='word_1_324' title='bbox 3631 2338 3785 2397; x_wconf 83' lang='lat' dir='ltr'><strong><em>archi-</em></strong></span> 
     </span>
    </p>
   </div>
   <div class='ocr_carea' id='block_1_52' title="bbox 2222 2434 3787 2506">
    <p class='ocr_par' dir='ltr' id='par_1_52' title="bbox 2222 2434 3787 2506">
     <span class='ocr_line' id='line_1_52' title="bbox 2222 2434 3787 2506; baseline -0.002 -15"><span class='ocrx_word' id='word_1_325' title='bbox 2222 2435 2511 2506; x_wconf 88' lang='lat' dir='ltr'><strong><em>episcopus</em></strong></span> <span class='ocrx_word' id='word_1_326' title='bbox 2531 2436 2775 2506; x_wconf 80' lang='lat' dir='ltr'><strong><em>ejusdem</em></strong></span> <span class='ocrx_word' id='word_1_327' title='bbox 2798 2435 3034 2492; x_wconf 81' lang='lat' dir='ltr'><strong><em>civitatis</em></strong></span> <span class='ocrx_word' id='word_1_328' title='bbox 3050 2451 3082 2491; x_wconf 89' lang='lat' dir='ltr'><strong><em>a</em></strong></span> <span class='ocrx_word' id='word_1_329' title='bbox 3103 2443 3341 2506; x_wconf 82' lang='lat' dir='ltr'><strong><em>quatuor</em></strong></span> <span class='ocrx_word' id='word_1_330' title='bbox 3369 2434 3644 2489; x_wconf 77' lang='lat' dir='ltr'><strong><em>militibus</em></strong></span> <span class='ocrx_word' id='word_1_331' title='bbox 3663 2446 3787 2488; x_wconf 82' lang='lat' dir='ltr'><strong><em>mar-</em></strong></span> 
     </span>
    </p>
   </div>
   <div class='ocr_carea' id='block_1_53' title="bbox 2221 2528 3226 2601">
    <p class='ocr_par' dir='ltr' id='par_1_53' title="bbox 2221 2528 3226 2601">
     <span class='ocr_line' id='line_1_53' title="bbox 2221 2528 3226 2601; baseline -0.003 -16"><span class='ocrx_word' id='word_1_332' title='bbox 2221 2530 2509 2601; x_wconf 79' lang='lat' dir='ltr'><strong><em>tyrizatus,</em></strong></span> <span class='ocrx_word' id='word_1_333' title='bbox 2534 2529 2788 2601; x_wconf 75' lang='lat' dir='ltr'><strong><em>migravit</em></strong></span> <span class='ocrx_word' id='word_1_334' title='bbox 2822 2528 2891 2584; x_wconf 85' lang='lat' dir='ltr'><strong><em>ad</em></strong></span> <span class='ocrx_word' id='word_1_335' title='bbox 2918 2528 3226 2584; x_wconf 87' lang='lat' dir='ltr'><strong><em>Christum.</em></strong></span> 
     </span>
    </p>
   </div>
   <div class='ocr_carea' id='block_1_54' title="bbox 2292 2619 3786 2691">
    <p class='ocr_par' dir='ltr' id='par_1_54' title="bbox 2292 2619 3786 2691">
     <span class='ocr_line' id='line_1_54' title="bbox 2292 2619 3786 2691; baseline -0.003 -14"><span class='ocrx_word' id='word_1_336' title='bbox 2292 2621 2454 2677; x_wconf 70' lang='grc'><strong>1174.</strong></span> <span class='ocrx_word' id='word_1_337' title='bbox 2501 2620 2741 2677; x_wconf 85' lang='lat' dir='ltr'><strong><em>Obsessa</em></strong></span> <span class='ocrx_word' id='word_1_338' title='bbox 2790 2630 2877 2677; x_wconf 86' lang='lat' dir='ltr'><strong><em>est</em></strong></span> <span class='ocrx_word' id='word_1_339' title='bbox 2922 2620 3119 2677; x_wconf 83' lang='lat' dir='ltr'><strong><em>civitas</em></strong></span> <span class='ocrx_word' id='word_1_340' title='bbox 3174 2619 3558 2691; x_wconf 85' lang='lat' dir='ltr'><strong><em>Rothomagus</em></strong></span> <span class='ocrx_word' id='word_1_341' title='bbox 3601 2634 3631 2674; x_wconf 89' lang='lat' dir='ltr'><strong><em>a</em></strong></span> <span class='ocrx_word' id='word_1_342' title='bbox 3680 2631 3786 2688; x_wconf 71' lang='lat' dir='ltr'><strong><em>rege</em></strong></span> 
     </span>
    </p>
   </div>
   <div class='ocr_carea' id='block_1_55' title="bbox 2221 2711 3782 2783">
    <p class='ocr_par' dir='ltr' id='par_1_55' title="bbox 2221 2711 3782 2783">
     <span class='ocr_line' id='line_1_55' title="bbox 2221 2711 3782 2783; baseline -0.004 -15"><span class='ocrx_word' id='word_1_343' title='bbox 2221 2712 2561 2770; x_wconf 85' lang='lat' dir='ltr'><strong><em>Francorum</em></strong></span> <span class='ocrx_word' id='word_1_344' title='bbox 2586 2712 2867 2769; x_wconf 83' lang='lat' dir='ltr'><strong><em>Ludovico</em></strong></span> <span class='ocrx_word' id='word_1_345' title='bbox 2911 2721 2967 2769; x_wconf 89' lang='lat' dir='ltr'><strong><em>et</em></strong></span> <span class='ocrx_word' id='word_1_346' title='bbox 3012 2711 3248 2767; x_wconf 84' lang='lat' dir='ltr'><strong><em>Henrico</em></strong></span> <span class='ocrx_word' id='word_1_347' title='bbox 3289 2726 3433 2767; x_wconf 81' lang='lat' dir='ltr'><strong><em>novo</em></strong></span> <span class='ocrx_word' id='word_1_348' title='bbox 3464 2727 3590 2783; x_wconf 84' lang='lat' dir='ltr'><strong><em>rege</em></strong></span> <span class='ocrx_word' id='word_1_349' title='bbox 3626 2718 3677 2765; x_wconf 89' lang='lat' dir='ltr'><strong><em>et</em></strong></span> <span class='ocrx_word' id='word_1_350' title='bbox 3703 2726 3782 2763; x_wconf 81' lang='lat' dir='ltr'><strong><em>ce-</em></strong></span> 
     </span>
    </p>
   </div>
   <div class='ocr_carea' id='block_1_56' title="bbox 2220 2794 3781 2876">
    <p class='ocr_par' dir='ltr' id='par_1_56' title="bbox 2220 2794 3781 2876">
     <span class='ocr_line' id='line_1_56' title="bbox 2220 2794 3781 2876; baseline -0.004 -16"><span class='ocrx_word' id='word_1_351' title='bbox 2220 2804 2353 2860; x_wconf 84' lang='lat' dir='ltr'><strong><em>mite</em></strong></span> <span class='ocrx_word' id='word_1_352' title='bbox 2409 2794 2771 2872; x_wconf 83' lang='lat' dir='ltr'><strong><em>Flandrensi;</em></strong></span> <span class='ocrx_word' id='word_1_353' title='bbox 2808 2805 2920 2876; x_wconf 78' lang='lat' dir='ltr'><strong><em>qui</em></strong></span> <span class='ocrx_word' id='word_1_354' title='bbox 2976 2819 3169 2860; x_wconf 88' lang='lat' dir='ltr'><strong><em>omnes</em></strong></span> <span class='ocrx_word' id='word_1_355' title='bbox 3239 2803 3523 2858; x_wconf 85' lang='lat' dir='ltr'><strong><em>redierunt</em></strong></span> <span class='ocrx_word' id='word_1_356' title='bbox 3575 2800 3781 2858; x_wconf 75' lang='lat' dir='ltr'><strong><em>confusi.</em></strong></span> 
     </span>
    </p>
   </div>
   <div class='ocr_carea' id='block_1_57' title="bbox 2224 2893 3779 2967">
    <p class='ocr_par' dir='ltr' id='par_1_57' title="bbox 2224 2893 3779 2967">
     <span class='ocr_line' id='line_1_57' title="bbox 2224 2893 3779 2967; baseline -0.005 -16"><span class='ocrx_word' id='word_1_357' title='bbox 2224 2894 2369 2951; x_wconf 85' lang='lat' dir='ltr'><strong><em>Obiit</em></strong></span> <span class='ocrx_word' id='word_1_358' title='bbox 2402 2894 2555 2967; x_wconf 72' lang='grc' dir='ltr'><strong>[Καί.</strong></span> <span class='ocrx_word' id='word_1_359' title='bbox 2586 2894 2731 2965; x_wconf 88' lang='lat' dir='ltr'><strong><em>Sept.</em></strong></span> <span class='ocrx_word' id='word_1_360' title='bbox 2765 2894 2858 2966; x_wconf 69' lang='grc' dir='ltr'><strong><em>δί’]</em></strong></span> <span class='ocrx_word' id='word_1_361' title='bbox 2880 2895 3102 2949; x_wconf 85' lang='lat' dir='ltr'><strong><em>domnus</em></strong></span> <span class='ocrx_word' id='word_1_362' title='bbox 3128 2893 3446 2964; x_wconf 77' lang='lat' dir='ltr'><strong><em>Gaufridus,</em></strong></span> <span class='ocrx_word' id='word_1_363' title='bbox 3470 2904 3683 2964; x_wconf 87' lang='lat' dir='ltr'><strong><em>quartus</em></strong></span> <span class='ocrx_word' id='word_1_364' title='bbox 3706 2896 3779 2944; x_wconf 58' lang='lat' dir='ltr'><strong><em>ab</em></strong></span> 
     </span>
    </p>
   </div>
   <div class='ocr_carea' id='block_1_58' title="bbox 2222 2985 3782 3058">
    <p class='ocr_par' dir='ltr' id='par_1_58' title="bbox 2222 2985 3782 3058">
     <span class='ocr_line' id='line_1_58' title="bbox 2222 2985 3782 3058; baseline -0.003 -17"><span class='ocrx_word' id='word_1_365' title='bbox 2222 2987 2315 3041; x_wconf 90' lang='lat' dir='ltr'><strong><em>bas</em></strong></span> <span class='ocrx_word' id='word_1_366' title='bbox 2343 2987 2500 3057; x_wconf 84' lang='lat' dir='ltr'><strong><em>hujus</em></strong></span> <span class='ocrx_word' id='word_1_367' title='bbox 2525 2987 2650 3042; x_wconf 88' lang='lat' dir='ltr'><strong><em>loci.</em></strong></span> <span class='ocrx_word' id='word_1_368' title='bbox 2681 2986 2782 3043; x_wconf 82' lang='lat' dir='ltr'><strong><em>Cui</em></strong></span> <span class='ocrx_word' id='word_1_369' title='bbox 2804 2989 3057 3042; x_wconf 87' lang='lat' dir='ltr'><strong><em>successit</em></strong></span> <span class='ocrx_word' id='word_1_370' title='bbox 3094 2988 3309 3058; x_wconf 89' lang='lat' dir='ltr'><strong><em>quintus</em></strong></span> <span class='ocrx_word' id='word_1_371' title='bbox 3350 2986 3577 3040; x_wconf 88' lang='lat' dir='ltr'><strong><em>domnus</em></strong></span> <span class='ocrx_word' id='word_1_372' title='bbox 3620 2985 3782 3039; x_wconf 78' lang='lat' dir='ltr'><strong><em>Ricar-</em></strong></span> 
     </span>
    </p>
   </div>
   <div class='ocr_carea' id='block_1_59' title="bbox 2219 3078 3168 3150">
    <p class='ocr_par' dir='ltr' id='par_1_59' title="bbox 2219 3078 3168 3150">
     <span class='ocr_line' id='line_1_59' title="bbox 2219 3078 3168 3150; baseline 0.002 -17"><span class='ocrx_word' id='word_1_373' title='bbox 2219 3080 2342 3147; x_wconf 88' lang='lat' dir='ltr'><strong><em>dus,</em></strong></span> <span class='ocrx_word' id='word_1_374' title='bbox 2377 3082 2581 3150; x_wconf 80' lang='lat' dir='ltr'><strong><em>primus</em></strong></span> <span class='ocrx_word' id='word_1_375' title='bbox 2610 3079 2770 3134; x_wconf 88' lang='lat' dir='ltr'><strong><em>abbas</em></strong></span> <span class='ocrx_word' id='word_1_376' title='bbox 2793 3081 2858 3135; x_wconf 84' lang='lat' dir='ltr'><strong><em>de</em></strong></span> <span class='ocrx_word' id='word_1_377' title='bbox 2897 3078 3168 3135; x_wconf 83' lang='lat' dir='ltr'><strong><em>Valascia.</em></strong></span> 
     </span>
    </p>
   </div>
   <div class='ocr_carea' id='block_1_60' title="bbox 540 3134 2115 3255">
    <p class='ocr_par' dir='ltr' id='par_1_60' title="bbox 540 3134 2115 3255">
     <span class='ocr_line' id='line_1_60' title="bbox 540 3134 2115 3255; baseline -0.012 -24"><span class='ocrx_word' id='word_1_378' title='bbox 540 3134 557 3188; x_wconf 36' lang='grc' dir='ltr'><strong>Γ</strong></span> <span class='ocrx_word' id='word_1_379' title='bbox 792 3134 1050 3227; x_wconf 52' lang='grc' dir='ltr'><strong><em>Αἶιιιάείε</em></strong></span> <span class='ocrx_word' id='word_1_380' title='bbox 1085 3170 1142 3223; x_wconf 92' lang='lat' dir='ltr'><strong><em>in</em></strong></span> <span class='ocrx_word' id='word_1_381' title='bbox 1166 3166 1363 3239; x_wconf 85' lang='lat' dir='ltr'><strong><em>Anglia</em></strong></span> <span class='ocrx_word' id='word_1_382' title='bbox 1391 3181 1523 3236; x_wconf 88' lang='lat' dir='ltr'><strong><em>puer</em></strong></span> <span class='ocrx_word' id='word_1_383' title='bbox 1564 3161 1866 3218; x_wconf 88' lang='lat' dir='ltr'><strong><em>Willelmus</em></strong></span> <span class='ocrx_word' id='word_1_384' title='bbox 1902 3159 2115 3255; x_wconf 70' lang='lat' dir='ltr'><strong><em>crucifi-</em></strong></span> 
     </span>
    </p>
   </div>
   <div class='ocr_carea' id='block_1_61' title="bbox 2252 3134 3780 3255">
    <p class='ocr_par' dir='ltr' id='par_1_61' title="bbox 2293 3134 3780 3243">
     <span class='ocr_line' id='line_1_61' title="bbox 2293 3134 3780 3243; baseline -0.005 -16"><span class='ocrx_word' id='word_1_385' title='bbox 2293 3134 2452 3227; x_wconf 67' lang='grc'><strong>11⁸19.</strong></span> <span class='ocrx_word' id='word_1_386' title='bbox 2476 3134 2713 3227; x_wconf 87' lang='lat' dir='ltr'><strong><em>Domnus</em></strong></span> <span class='ocrx_word' id='word_1_387' title='bbox 2756 3171 3019 3241; x_wconf 81' lang='lat' dir='ltr'><strong><em>Ricardus</em></strong></span> <span class='ocrx_word' id='word_1_388' title='bbox 3062 3134 3226 3226; x_wconf 90' lang='lat' dir='ltr'><strong><em>abbas</em></strong></span> <span class='ocrx_word' id='word_1_389' title='bbox 3260 3171 3479 3243; x_wconf 83' lang='lat' dir='ltr'><strong><em>quintus</em></strong></span> <span class='ocrx_word' id='word_1_390' title='bbox 3514 3169 3706 3225; x_wconf 87' lang='lat' dir='ltr'><strong><em>recessit</em></strong></span> <span class='ocrx_word' id='word_1_391' title='bbox 3751 3166 3780 3219; x_wconf 86' lang='lat'><strong><em>8</em></strong></span> 
     </span>
    </p>
   </div>
   <div class='ocr_carea' id='block_1_62' title="bbox 514 3253 1691 3339">
    <p class='ocr_par' dir='ltr' id='par_1_62' title="bbox 514 3253 1691 3339">
     <span class='ocr_line' id='line_1_62' title="bbox 514 3253 1691 3339; baseline -0.014 -15"><span class='ocrx_word' id='word_1_392' title='bbox 514 3266 679 3339; x_wconf 76' lang='lat' dir='ltr'><strong><em>,gitur</em></strong></span> <span class='ocrx_word' id='word_1_393' title='bbox 699 3262 787 3320; x_wconf 89' lang='lat' dir='ltr'><strong><em>die</em></strong></span> <span class='ocrx_word' id='word_1_394' title='bbox 820 3276 1101 3335; x_wconf 87' lang='lat' dir='ltr'><strong><em>parasceve</em></strong></span> <span class='ocrx_word' id='word_1_395' title='bbox 1134 3260 1261 3313; x_wconf 88' lang='lat' dir='ltr'><strong><em>urbe</em></strong></span> <span class='ocrx_word' id='word_1_396' title='bbox 1284 3255 1487 3311; x_wconf 81' lang='lat' dir='ltr'><strong><em>Norico</em></strong></span> <span class='ocrx_word' id='word_1_397' title='bbox 1518 3253 1691 3326; x_wconf 88' lang='grc'><strong>(550).</strong></span> 
     </span>
    </p>
   </div>
   <div class='ocr_carea' id='block_1_63' title="bbox 605 3340 2113 3432">
    <p class='ocr_par' dir='ltr' id='par_1_63' title="bbox 605 3340 2113 3432">
     <span class='ocr_line' id='line_1_63' title="bbox 605 3340 2113 3432; baseline -0.011 -19"><span class='ocrx_word' id='word_1_398' title='bbox 605 3356 787 3432; x_wconf 74' lang='grc'><strong>[1147.</strong></span> <span class='ocrx_word' id='word_1_399' title='bbox 813 3353 998 3427; x_wconf 77' lang='grc' dir='ltr'><strong><em>(Βειι.)</em></strong></span> <span class='ocrx_word' id='word_1_400' title='bbox 1021 3352 1188 3407; x_wconf 87' lang='lat' dir='ltr'><strong><em>Facta</em></strong></span> <span class='ocrx_word' id='word_1_401' title='bbox 1213 3358 1298 3406; x_wconf 89' lang='lat' dir='ltr'><strong><em>est</em></strong></span> <span class='ocrx_word' id='word_1_402' title='bbox 1324 3346 1560 3421; x_wconf 78' lang='lat' dir='ltr'><strong><em>eclypsis</em></strong></span> <span class='ocrx_word' id='word_1_403' title='bbox 1583 3345 1715 3401; x_wconf 89' lang='lat' dir='ltr'><strong><em>solis</em></strong></span> <span class='ocrx_word' id='word_1_404' title='bbox 1750 3344 1784 3400; x_wconf 89' lang='lat'><strong>5</strong></span> <span class='ocrx_word' id='word_1_405' title='bbox 1816 3342 1937 3398; x_wconf 87' lang='lat' dir='ltr'><strong><em>Kal.</em></strong></span> <span class='ocrx_word' id='word_1_406' title='bbox 1975 3340 2113 3398; x_wconf 84' lang='lat' dir='ltr'><strong><em>Nov.</em></strong></span> 
     </span>
    </p>
   </div>
   <div class='ocr_carea' id='block_1_64' title="bbox 527 3436 2117 3517">
    <p class='ocr_par' dir='ltr' id='par_1_64' title="bbox 527 3436 2117 3517">
     <span class='ocr_line' id='line_1_64' title="bbox 527 3436 2117 3517; baseline -0.012 -9"><span class='ocrx_word' id='word_1_407' title='bbox 527 3453 666 3508; x_wconf 84' lang='lat' dir='ltr'><strong><em>hora</em></strong></span> <span class='ocrx_word' id='word_1_408' title='bbox 692 3450 860 3507; x_wconf 90' lang='lat' dir='ltr'><strong><em>tercia</em></strong></span> <span class='ocrx_word' id='word_1_409' title='bbox 881 3449 970 3504; x_wconf 87' lang='lat' dir='ltr'><strong><em>die</em></strong></span> <span class='ocrx_word' id='word_1_410' title='bbox 988 3442 1317 3517; x_wconf 84' lang='lat' dir='ltr'><strong><em>dominica.]</em></strong></span> <span class='ocrx_word' id='word_1_411' title='bbox 1336 3442 1444 3497; x_wconf 79' lang='lat' dir='ltr'><strong><em>Rea:</em></strong></span> <span class='ocrx_word' id='word_1_412' title='bbox 1464 3440 1764 3495; x_wconf 87' lang='lat' dir='ltr'><strong><em>Ludovicus</em></strong></span> <span class='ocrx_word' id='word_1_413' title='bbox 1787 3455 1907 3492; x_wconf 87' lang='lat' dir='ltr'><strong><em>cum</em></strong></span> <span class='ocrx_word' id='word_1_414' title='bbox 1933 3436 2117 3492; x_wconf 82' lang='lat' dir='ltr'><strong><em>Fran-</em></strong></span> 
     </span>
    </p>
   </div>
   <div class='ocr_carea' id='block_1_65' title="bbox 528 3528 1973 3615">
    <p class='ocr_par' dir='ltr' id='par_1_65' title="bbox 528 3528 1973 3615">
     <span class='ocr_line' id='line_1_65' title="bbox 528 3528 1973 3615; baseline -0.012 -15"><span class='ocrx_word' id='word_1_415' title='bbox 528 3547 608 3599; x_wconf 89' lang='lat' dir='ltr'><strong><em>cis</em></strong></span> <span class='ocrx_word' id='word_1_416' title='bbox 626 3546 726 3598; x_wconf 89' lang='lat' dir='ltr'><strong><em>iter</em></strong></span> <span class='ocrx_word' id='word_1_417' title='bbox 750 3536 1563 3615; x_wconf 80' lang='lat' dir='ltr'><strong><em>aggrediturJerosolimitanum</em></strong></span> <span class='ocrx_word' id='word_1_418' title='bbox 1591 3530 1685 3604; x_wconf 82' lang='lat' dir='ltr'><strong><em>(cf.</em></strong></span> <span class='ocrx_word' id='word_1_419' title='bbox 1719 3528 1973 3601; x_wconf 86' lang='lat' dir='ltr'><strong><em>Gembl.).</em></strong></span> 
     </span>
    </p>
   </div>
   <div class='ocr_carea' id='block_1_66' title="bbox 598 3620 1949 3707">
    <p class='ocr_par' dir='ltr' id='par_1_66' title="bbox 598 3620 1949 3707">
     <span class='ocr_line' id='line_1_66' title="bbox 598 3620 1949 3707; baseline -0.015 -14"><span class='ocrx_word' id='word_1_420' title='bbox 598 3637 757 3693; x_wconf 67' lang='lat'><strong><em>“48.</em></strong></span> <span class='ocrx_word' id='word_1_421' title='bbox 788 3632 921 3707; x_wconf 83' lang='lat' dir='ltr'><strong><em>(1b.)</em></strong></span> <span class='ocrx_word' id='word_1_422' title='bbox 947 3631 1123 3687; x_wconf 80' lang='lat' dir='ltr'><strong><em>Remis</em></strong></span> <span class='ocrx_word' id='word_1_423' title='bbox 1146 3627 1433 3685; x_wconf 88' lang='lat' dir='ltr'><strong><em>concilium</em></strong></span> <span class='ocrx_word' id='word_1_424' title='bbox 1469 3641 1500 3678; x_wconf 92' lang='lat' dir='ltr'><strong><em>a</em></strong></span> <span class='ocrx_word' id='word_1_425' title='bbox 1520 3640 1661 3695; x_wconf 89' lang='lat' dir='ltr'><strong><em>papa</em></strong></span> <span class='ocrx_word' id='word_1_426' title='bbox 1689 3620 1949 3693; x_wconf 84' lang='lat' dir='ltr'><strong><em>Eugenio.</em></strong></span> 
     </span>
    </p>
   </div>
   <div class='ocr_carea' id='block_1_67' title="bbox 596 3707 2117 3792">
    <p class='ocr_par' dir='ltr' id='par_1_67' title="bbox 596 3707 2117 3792">
     <span class='ocr_line' id='line_1_67' title="bbox 596 3707 2117 3792; baseline -0.012 -7"><span class='ocrx_word' id='word_1_427' title='bbox 596 3729 755 3785; x_wconf 90' lang='grc'><strong>1151.</strong></span> <span class='ocrx_word' id='word_1_428' title='bbox 780 3726 1016 3782; x_wconf 89' lang='lat' dir='ltr'><strong><em>Assidua</em></strong></span> <span class='ocrx_word' id='word_1_429' title='bbox 1042 3733 1093 3781; x_wconf 89' lang='lat' dir='ltr'><strong><em>et</em></strong></span> <span class='ocrx_word' id='word_1_430' title='bbox 1121 3707 1332 3777; x_wconf 87' lang='lat' dir='ltr'><strong><em>diutina</em></strong></span> <span class='ocrx_word' id='word_1_431' title='bbox 1360 3719 1662 3792; x_wconf 76' lang='lat' dir='ltr'><strong><em>pluviarum</em></strong></span> <span class='ocrx_word' id='word_1_432' title='bbox 1684 3714 1965 3770; x_wconf 87' lang='lat' dir='ltr'><strong><em>inundatio</em></strong></span> <span class='ocrx_word' id='word_1_433' title='bbox 1987 3730 2117 3768; x_wconf 86' lang='lat' dir='ltr'><strong><em>mes-</em></strong></span> 
     </span>
    </p>
   </div>
   <div class='ocr_carea' id='block_1_68' title="bbox 510 3815 1389 3885">
    <p class='ocr_par' dir='ltr' id='par_1_68' title="bbox 510 3815 1389 3885">
     <span class='ocr_line' id='line_1_68' title="bbox 510 3815 1389 3885; baseline -0.014 -6"><span class='ocrx_word' id='word_1_434' title='bbox 510 3825 726 3878; x_wconf 53' lang='lat' dir='ltr'><strong><em>ésionem</em></strong></span> <span class='ocrx_word' id='word_1_435' title='bbox 756 3819 991 3875; x_wconf 85' lang='lat' dir='ltr'><strong><em>tardavit</em></strong></span> <span class='ocrx_word' id='word_1_436' title='bbox 1014 3825 1064 3871; x_wconf 92' lang='lat' dir='ltr'><strong><em>et</em></strong></span> <span class='ocrx_word' id='word_1_437' title='bbox 1096 3815 1389 3885; x_wconf 86' lang='lat' dir='ltr'><strong><em>impedivit.</em></strong></span> 
     </span>
    </p>
   </div>
   <div class='ocr_carea' id='block_1_69' title="bbox 590 3899 2110 3975">
    <p class='ocr_par' dir='ltr' id='par_1_69' title="bbox 590 3899 2110 3975">
     <span class='ocr_line' id='line_1_69' title="bbox 590 3899 2110 3975; baseline -0.009 -4"><span class='ocrx_word' id='word_1_438' title='bbox 590 3915 749 3971; x_wconf 74' lang='grc'><strong>1152.</strong></span> <span class='ocrx_word' id='word_1_439' title='bbox 778 3912 1039 3967; x_wconf 88' lang='lat' dir='ltr'><strong><em>Relictam</em></strong></span> <span class='ocrx_word' id='word_1_440' title='bbox 1086 3905 1340 3962; x_wconf 88' lang='lat' dir='ltr'><strong><em>Ludovici</em></strong></span> <span class='ocrx_word' id='word_1_441' title='bbox 1392 3904 1527 3975; x_wconf 88' lang='lat' dir='ltr'><strong><em>regis</em></strong></span> <span class='ocrx_word' id='word_1_442' title='bbox 1570 3918 1787 3956; x_wconf 76' lang='lat' dir='ltr'><strong><em>mrem</em></strong></span> <span class='ocrx_word' id='word_1_443' title='bbox 1839 3901 1987 3956; x_wconf 88' lang='lat' dir='ltr'><strong><em>ducit</em></strong></span> <span class='ocrx_word' id='word_1_444' title='bbox 2035 3899 2110 3957; x_wconf 79' lang='grc' dir='ltr'><strong>Π.</strong></span> 
     </span>
    </p>
   </div>
   <div class='ocr_carea' id='block_1_70' title="bbox 530 3994 2113 4075">
    <p class='ocr_par' dir='ltr' id='par_1_70' title="bbox 530 3994 2113 4075">
     <span class='ocr_line' id='line_1_70' title="bbox 530 3994 2113 4075; baseline -0.011 -12"><span class='ocrx_word' id='word_1_445' title='bbox 530 4023 701 4063; x_wconf 84' lang='lat' dir='ltr'><strong><em>comes</em></strong></span> <span class='ocrx_word' id='word_1_446' title='bbox 732 4002 1124 4075; x_wconf 88' lang='lat' dir='ltr'><strong><em>Andegavensis</em></strong></span> <span class='ocrx_word' id='word_1_447' title='bbox 1159 4008 1209 4054; x_wconf 89' lang='lat' dir='ltr'><strong><em>et</em></strong></span> <span class='ocrx_word' id='word_1_448' title='bbox 1254 3998 1363 4052; x_wconf 82' lang='lat' dir='ltr'><strong><em>dua:</em></strong></span> <span class='ocrx_word' id='word_1_449' title='bbox 1396 3994 1746 4061; x_wconf 86' lang='lat' dir='ltr'><strong><em>Normannie,</em></strong></span> <span class='ocrx_word' id='word_1_450' title='bbox 1794 4001 1977 4064; x_wconf 89' lang='lat' dir='ltr'><strong><em>postea</em></strong></span> <span class='ocrx_word' id='word_1_451' title='bbox 2021 4006 2113 4047; x_wconf 79' lang='lat' dir='ltr'><strong><em>rea:</em></strong></span> 
     </span>
    </p>
   </div>
   <div class='ocr_carea' id='block_1_71' title="bbox 527 4093 1617 4174">
    <p class='ocr_par' dir='ltr' id='par_1_71' title="bbox 527 4093 1617 4174">
     <span class='ocr_line' id='line_1_71' title="bbox 527 4093 1617 4174; baseline -0.014 -18"><span class='ocrx_word' id='word_1_452' title='bbox 527 4099 720 4174; x_wconf 79' lang='lat' dir='ltr'><strong><em>Anglic</em></strong></span> <span class='ocrx_word' id='word_1_453' title='bbox 735 4114 754 4152; x_wconf 92' lang='lat'><strong><em>:</em></strong></span> <span class='ocrx_word' id='word_1_454' title='bbox 777 4098 914 4153; x_wconf 88' lang='lat' dir='ltr'><strong><em>unde</em></strong></span> <span class='ocrx_word' id='word_1_455' title='bbox 937 4096 1111 4150; x_wconf 90' lang='lat' dir='ltr'><strong><em>oritur</em></strong></span> <span class='ocrx_word' id='word_1_456' title='bbox 1131 4093 1270 4147; x_wconf 89' lang='lat' dir='ltr'><strong><em>inter</em></strong></span> <span class='ocrx_word' id='word_1_457' title='bbox 1288 4103 1373 4147; x_wconf 78' lang='lat' dir='ltr'><strong><em>eos</em></strong></span> <span class='ocrx_word' id='word_1_458' title='bbox 1404 4104 1617 4161; x_wconf 87' lang='lat' dir='ltr'><strong><em>guerra.</em></strong></span> 
     </span>
    </p>
   </div>
   <div class='ocr_carea' id='block_1_72' title="bbox 604 4177 2107 4268">
    <p class='ocr_par' dir='ltr' id='par_1_72' title="bbox 604 4177 2107 4268">
     <span class='ocr_line' id='line_1_72' title="bbox 604 4177 2107 4268; baseline -0.012 -21"><span class='ocrx_word' id='word_1_459' title='bbox 604 4191 787 4268; x_wconf 85' lang='grc'><strong>[1155.</strong></span> <span class='ocrx_word' id='word_1_460' title='bbox 821 4187 1006 4259; x_wconf 82' lang='grc' dir='ltr'><strong><em>(Βειι.)</em></strong></span> <span class='ocrx_word' id='word_1_461' title='bbox 1033 4185 1358 4242; x_wconf 83' lang='lat' dir='ltr'><strong><em>Anastasius</em></strong></span> <span class='ocrx_word' id='word_1_462' title='bbox 1402 4181 1649 4237; x_wconf 87' lang='lat' dir='ltr'><strong><em>Romane</em></strong></span> <span class='ocrx_word' id='word_1_463' title='bbox 1682 4178 1912 4235; x_wconf 84' lang='lat' dir='ltr'><strong><em>ecclesie</em></strong></span> <span class='ocrx_word' id='word_1_464' title='bbox 1948 4177 2107 4232; x_wconf 73' lang='grc' dir='ltr'><strong><em>17⁴2ιι³</em></strong></span> 
     </span>
    </p>
   </div>
   <div class='ocr_carea' id='block_1_73' title="bbox 530 4271 2115 4361">
    <p class='ocr_par' dir='ltr' id='par_1_73' title="bbox 530 4271 2115 4361">
     <span class='ocr_line' id='line_1_73' title="bbox 530 4271 2115 4361; baseline -0.011 -17"><span class='ocrx_word' id='word_1_465' title='bbox 530 4283 819 4361; x_wconf 85' lang='lat' dir='ltr'><strong><em>presidet.]</em></strong></span> <span class='ocrx_word' id='word_1_466' title='bbox 862 4281 1139 4354; x_wconf 86' lang='lat' dir='ltr'><strong><em>Depositio</em></strong></span> <span class='ocrx_word' id='word_1_467' title='bbox 1186 4278 1361 4336; x_wconf 87' lang='lat' dir='ltr'><strong><em>sancti</em></strong></span> <span class='ocrx_word' id='word_1_468' title='bbox 1417 4273 1678 4331; x_wconf 84' lang='lat' dir='ltr'><strong><em>Bcrnardi</em></strong></span> <span class='ocrx_word' id='word_1_469' title='bbox 1716 4273 1877 4343; x_wconf 87' lang='lat' dir='ltr'><strong><em>primi</em></strong></span> <span class='ocrx_word' id='word_1_470' title='bbox 1902 4271 2115 4327; x_wconf 87' lang='lat' dir='ltr'><strong><em>abbatis</em></strong></span> 
     </span>
    </p>
   </div>
   <div class='ocr_carea' id='block_1_74' title="bbox 528 4376 966 4436">
    <p class='ocr_par' dir='ltr' id='par_1_74' title="bbox 528 4376 966 4436">
     <span class='ocr_line' id='line_1_74' title="bbox 528 4376 966 4436; baseline -0.014 1"><span class='ocrx_word' id='word_1_471' title='bbox 528 4376 966 4436; x_wconf 85' lang='lat' dir='ltr'><strong><em>Clarevallensis.</em></strong></span> 
     </span>
    </p>
   </div>
   <div class='ocr_carea' id='block_1_75' title="bbox 2219 3261 3777 3335">
    <p class='ocr_par' dir='ltr' id='par_1_75' title="bbox 2219 3261 3777 3335">
     <span class='ocr_line' id='line_1_75' title="bbox 2219 3261 3777 3335; baseline -0.005 -14"><span class='ocrx_word' id='word_1_472' title='bbox 2219 3264 2351 3321; x_wconf 84' lang='lat' dir='ltr'><strong><em>Kal.</em></strong></span> <span class='ocrx_word' id='word_1_473' title='bbox 2380 3264 2518 3335; x_wconf 85' lang='lat' dir='ltr'><strong><em>Aug.</em></strong></span> <span class='ocrx_word' id='word_1_474' title='bbox 2549 3264 2614 3318; x_wconf 87' lang='lat' dir='ltr'><strong><em>de</em></strong></span> <span class='ocrx_word' id='word_1_475' title='bbox 2661 3264 2817 3318; x_wconf 87' lang='lat' dir='ltr'><strong><em>domo</em></strong></span> <span class='ocrx_word' id='word_1_476' title='bbox 2870 3264 2999 3319; x_wconf 83' lang='lat' dir='ltr'><strong><em>ista.</em></strong></span> <span class='ocrx_word' id='word_1_477' title='bbox 3050 3261 3151 3319; x_wconf 89' lang='lat' dir='ltr'><strong><em>Cui</em></strong></span> <span class='ocrx_word' id='word_1_478' title='bbox 3195 3264 3449 3318; x_wconf 88' lang='lat' dir='ltr'><strong><em>successit</em></strong></span> <span class='ocrx_word' id='word_1_479' title='bbox 3481 3264 3538 3317; x_wconf 88' lang='lat' dir='ltr'><strong><em>in</em></strong></span> <span class='ocrx_word' id='word_1_480' title='bbox 3560 3278 3688 3316; x_wconf 87' lang='lat' dir='ltr'><strong><em>anno</em></strong></span> <span class='ocrx_word' id='word_1_481' title='bbox 3711 3277 3777 3313; x_wconf 75' lang='lat' dir='ltr'><strong><em>sc-</em></strong></span> 
     </span>
    </p>
   </div>
   <div class='ocr_carea' id='block_1_76' title="bbox 2218 3359 2399 3431">
    <p class='ocr_par' dir='ltr' id='par_1_76' title="bbox 2218 3359 2399 3431">
     <span class='ocr_line' id='line_1_76' title="bbox 2218 3359 2399 3431; baseline -0.006 -18"><span class='ocrx_word' id='word_1_482' title='bbox 2218 3359 2399 3431; x_wconf 89' lang='lat' dir='ltr'><strong><em>quenti</em></strong></span> 
     </span>
    </p>
   </div>
   <div class='ocr_carea' id='block_1_77' title="bbox 2291 3446 3777 3524">
    <p class='ocr_par' dir='ltr' id='par_1_77' title="bbox 2291 3446 3777 3524">
     <span class='ocr_line' id='line_1_77' title="bbox 2291 3446 3777 3524; baseline -0.005 -17"><span class='ocrx_word' id='word_1_483' title='bbox 2291 3451 2449 3508; x_wconf 90' lang='grc'><strong>1180.</strong></span> <span class='ocrx_word' id='word_1_484' title='bbox 2494 3452 2528 3507; x_wconf 88' lang='grc'><strong><em>5</em></strong></span> <span class='ocrx_word' id='word_1_485' title='bbox 2564 3450 2707 3507; x_wconf 91' lang='lat' dir='ltr'><strong><em>Non.</em></strong></span> <span class='ocrx_word' id='word_1_486' title='bbox 2739 3450 2880 3524; x_wconf 87' lang='lat' dir='ltr'><strong><em>Aug.</em></strong></span> <span class='ocrx_word' id='word_1_487' title='bbox 2903 3461 3083 3507; x_wconf 73' lang='lat' dir='ltr'><strong><em>sextus</em></strong></span> <span class='ocrx_word' id='word_1_488' title='bbox 3108 3452 3332 3506; x_wconf 88' lang='lat' dir='ltr'><strong><em>domnus</em></strong></span> <span class='ocrx_word' id='word_1_489' title='bbox 3355 3446 3686 3513; x_wconf 84' lang='lat' dir='ltr'><strong><em>Willelmus,</em></strong></span> <span class='ocrx_word' id='word_1_490' title='bbox 3711 3462 3777 3498; x_wconf 75' lang='lat' dir='ltr'><strong><em>sc-</em></strong></span> 
     </span>
    </p>
   </div>
   <div class='ocr_carea' id='block_1_78' title="bbox 2218 3538 3775 3600">
    <p class='ocr_par' dir='ltr' id='par_1_78' title="bbox 2218 3538 3775 3600">
     <span class='ocr_line' id='line_1_78' title="bbox 2218 3538 3775 3600; baseline -0.007 -1"><span class='ocrx_word' id='word_1_491' title='bbox 2218 3545 2421 3599; x_wconf 87' lang='lat' dir='ltr'><strong><em>cundus</em></strong></span> <span class='ocrx_word' id='word_1_492' title='bbox 2447 3544 2511 3598; x_wconf 88' lang='lat' dir='ltr'><strong><em>de</em></strong></span> <span class='ocrx_word' id='word_1_493' title='bbox 2551 3542 2821 3598; x_wconf 81' lang='lat' dir='ltr'><strong><em>Valascia.</em></strong></span> <span class='ocrx_word' id='word_1_494' title='bbox 2847 3543 3159 3600; x_wconf 83' lang='lat' dir='ltr'><strong><em>Ludovicus</em></strong></span> <span class='ocrx_word' id='word_1_495' title='bbox 3181 3559 3280 3599; x_wconf 83' lang='lat' dir='ltr'><strong><em>rex</em></strong></span> <span class='ocrx_word' id='word_1_496' title='bbox 3302 3541 3640 3597; x_wconf 86' lang='lat' dir='ltr'><strong><em>Francorum</em></strong></span> <span class='ocrx_word' id='word_1_497' title='bbox 3662 3538 3775 3592; x_wconf 75' lang='lat' dir='ltr'><strong><em>obit.</em></strong></span> 
     </span>
    </p>
   </div>
   <div class='ocr_carea' id='block_1_79' title="bbox 2217 3634 3780 3707">
    <p class='ocr_par' dir='ltr' id='par_1_79' title="bbox 2217 3634 3780 3707">
     <span class='ocr_line' id='line_1_79' title="bbox 2217 3634 3780 3707; baseline -0.008 -14"><span class='ocrx_word' id='word_1_498' title='bbox 2217 3637 2319 3693; x_wconf 85' lang='lat' dir='ltr'><strong><em>Cui</em></strong></span> <span class='ocrx_word' id='word_1_499' title='bbox 2348 3637 2494 3691; x_wconf 81' lang='lat' dir='ltr'><strong><em>illius</em></strong></span> <span class='ocrx_word' id='word_1_500' title='bbox 2521 3636 2643 3707; x_wconf 86' lang='lat' dir='ltr'><strong><em>ejus</em></strong></span> <span class='ocrx_word' id='word_1_501' title='bbox 2670 3634 2977 3707; x_wconf 86' lang='lat' dir='ltr'><strong><em>Philippus,</em></strong></span> <span class='ocrx_word' id='word_1_502' title='bbox 3012 3650 3182 3707; x_wconf 87' lang='lat' dir='ltr'><strong><em>quem</em></strong></span> <span class='ocrx_word' id='word_1_503' title='bbox 3215 3636 3330 3706; x_wconf 87' lang='lat' dir='ltr'><strong><em>ipse</em></strong></span> <span class='ocrx_word' id='word_1_504' title='bbox 3364 3648 3515 3689; x_wconf 91' lang='lat' dir='ltr'><strong><em>anno</em></strong></span> <span class='ocrx_word' id='word_1_505' title='bbox 3548 3639 3780 3704; x_wconf 74' lang='lat' dir='ltr'><strong><em>preterto</em></strong></span> 
     </span>
    </p>
   </div>
   <div class='ocr_carea' id='block_1_80' title="bbox 2216 3721 3775 3794">
    <p class='ocr_par' dir='ltr' id='par_1_80' title="bbox 2216 3721 3775 3794">
     <span class='ocr_line' id='line_1_80' title="bbox 2216 3721 3775 3794; baseline -0.005 -10"><span class='ocrx_word' id='word_1_506' title='bbox 2216 3730 2336 3785; x_wconf 81' lang='lat' dir='ltr'><strong><em>Kal.</em></strong></span> <span class='ocrx_word' id='word_1_507' title='bbox 2391 3729 2529 3786; x_wconf 88' lang='lat' dir='ltr'><strong><em>Nov.</em></strong></span> <span class='ocrx_word' id='word_1_508' title='bbox 2579 3727 2766 3785; x_wconf 88' lang='lat' dir='ltr'><strong><em>Remis</em></strong></span> <span class='ocrx_word' id='word_1_509' title='bbox 2803 3729 3115 3784; x_wconf 88' lang='lat' dir='ltr'><strong><em>consecrari</em></strong></span> <span class='ocrx_word' id='word_1_510' title='bbox 3142 3726 3347 3784; x_wconf 81' lang='lat' dir='ltr'><strong><em>fecerat</em></strong></span> <span class='ocrx_word' id='word_1_511' title='bbox 3370 3768 3386 3794; x_wconf 84' lang='lat'><strong><em>,</em></strong></span> <span class='ocrx_word' id='word_1_512' title='bbox 3436 3724 3673 3782; x_wconf 86' lang='lat' dir='ltr'><strong><em>succedit</em></strong></span> <span class='ocrx_word' id='word_1_513' title='bbox 3731 3721 3775 3773; x_wconf 81' lang='lat' dir='ltr'><strong><em>iu</em></strong></span> 
     </span>
    </p>
   </div>
   <div class='ocr_carea' id='block_1_81' title="bbox 2215 3809 3007 3895">
    <p class='ocr_par' dir='ltr' id='par_1_81' title="bbox 2215 3809 3007 3895">
     <span class='ocr_line' id='line_1_81' title="bbox 2215 3809 3007 3895; baseline -0.005 -17"><span class='ocrx_word' id='word_1_514' title='bbox 2215 3839 2407 3895; x_wconf 79' lang='lat' dir='ltr'><strong><em>regno.</em></strong></span> <span class='ocrx_word' id='word_1_515' title='bbox 3000 3809 3007 3814; x_wconf 57' lang='grc'>’</span> 
     </span>
    </p>
   </div>
   <div class='ocr_carea' id='block_1_82' title="bbox 2287 3914 3159 3975">
    <p class='ocr_par' dir='ltr' id='par_1_82' title="bbox 2287 3914 3159 3975">
     <span class='ocr_line' id='line_1_82' title="bbox 2287 3914 3159 3975; baseline -0.009 0"><span class='ocrx_word' id='word_1_516' title='bbox 2287 3914 2447 3975; x_wconf 83' lang='grc'><strong>1181.</strong></span> <span class='ocrx_word' id='word_1_517' title='bbox 2473 3914 2780 3971; x_wconf 74' lang='lat' dir='ltr'><strong><em>Alexander</em></strong></span> <span class='ocrx_word' id='word_1_518' title='bbox 2809 3915 2973 3969; x_wconf 64' lang='lat'><strong>174‘&quot;</strong></span> <span class='ocrx_word' id='word_1_519' title='bbox 2997 3914 3159 3970; x_wconf 90' lang='lat' dir='ltr'><strong><em>obiit.</em></strong></span> 
     </span>
    </p>
   </div>
   <div class='ocr_carea' id='block_1_83' title="bbox 2287 4002 3329 4062">
    <p class='ocr_par' dir='ltr' id='par_1_83' title="bbox 2287 4002 3329 4062">
     <span class='ocr_line' id='line_1_83' title="bbox 2287 4002 3329 4062; baseline -0.001 -3"><span class='ocrx_word' id='word_1_520' title='bbox 2287 4004 2447 4059; x_wconf 74' lang='grc'><strong>1182.</strong></span> <span class='ocrx_word' id='word_1_521' title='bbox 2479 4002 2582 4060; x_wconf 90' lang='lat' dir='ltr'><strong><em>Cui</em></strong></span> <span class='ocrx_word' id='word_1_522' title='bbox 2609 4005 2882 4062; x_wconf 85' lang='lat' dir='ltr'><strong><em>successit</em></strong></span> <span class='ocrx_word' id='word_1_523' title='bbox 2906 4002 3111 4060; x_wconf 87' lang='lat' dir='ltr'><strong><em>Lucius</em></strong></span> <span class='ocrx_word' id='word_1_524' title='bbox 3138 4002 3329 4059; x_wconf 72' lang='grc'><strong>175⁸⁸.</strong></span> 
     </span>
    </p>
   </div>
   <div class='ocr_carea' id='block_1_84' title="bbox 2286 4088 3772 4167">
    <p class='ocr_par' dir='ltr' id='par_1_84' title="bbox 2286 4088 3772 4167">
     <span class='ocr_line' id='line_1_84' title="bbox 2286 4088 3772 4167; baseline -0.007 -15"><span class='ocrx_word' id='word_1_525' title='bbox 2286 4096 2445 4152; x_wconf 89' lang='grc'><strong>1185.</strong></span> <span class='ocrx_word' id='word_1_526' title='bbox 2473 4096 2623 4153; x_wconf 89' lang='lat' dir='ltr'><strong><em>Obiit</em></strong></span> <span class='ocrx_word' id='word_1_527' title='bbox 2668 4094 2962 4153; x_wconf 89' lang='lat' dir='ltr'><strong><em>Rotroldus</em></strong></span> <span class='ocrx_word' id='word_1_528' title='bbox 3017 4094 3480 4167; x_wconf 83' lang='lat' dir='ltr'><strong><em>Rothomagensis</em></strong></span> <span class='ocrx_word' id='word_1_529' title='bbox 3530 4088 3772 4160; x_wconf 73' lang='lat' dir='ltr'><strong><em>archiepi-</em></strong></span> 
     </span>
    </p>
   </div>
   <div class='ocr_carea' id='block_1_85' title="bbox 2215 4180 3774 4260">
    <p class='ocr_par' dir='ltr' id='par_1_85' title="bbox 2215 4180 3774 4260">
     <span class='ocr_line' id='line_1_85' title="bbox 2215 4180 3774 4260; baseline -0.008 -15"><span class='ocrx_word' id='word_1_530' title='bbox 2215 4205 2434 4260; x_wconf 87' lang='lat' dir='ltr'><strong><em>scopus.</em></strong></span> <span class='ocrx_word' id='word_1_531' title='bbox 2461 4187 2563 4244; x_wconf 88' lang='lat' dir='ltr'><strong><em>Cui</em></strong></span> <span class='ocrx_word' id='word_1_532' title='bbox 2594 4190 2862 4245; x_wconf 84' lang='lat' dir='ltr'><strong><em>s‘uccessit</em></strong></span> <span class='ocrx_word' id='word_1_533' title='bbox 2884 4186 3165 4253; x_wconf 87' lang='lat' dir='ltr'><strong><em>Walterus</em></strong></span> <span class='ocrx_word' id='word_1_534' title='bbox 3188 4188 3256 4243; x_wconf 90' lang='lat' dir='ltr'><strong><em>de</em></strong></span> <span class='ocrx_word' id='word_1_535' title='bbox 3276 4185 3628 4242; x_wconf 88' lang='lat' dir='ltr'><strong><em>Constaneia.</em></strong></span> <span class='ocrx_word' id='word_1_536' title='bbox 3650 4180 3774 4237; x_wconf 80' lang='lat' dir='ltr'><strong><em>Obiit</em></strong></span> 
     </span>
    </p>
   </div>
   <div class='ocr_carea' id='block_1_86' title="bbox 2215 4279 3162 4354">
    <p class='ocr_par' dir='ltr' id='par_1_86' title="bbox 2215 4279 3162 4354">
     <span class='ocr_line' id='line_1_86' title="bbox 2215 4279 3162 4354; baseline 0 -20"><span class='ocrx_word' id='word_1_537' title='bbox 2215 4279 2482 4337; x_wconf 83' lang='lat' dir='ltr'><strong><em>Henricus</em></strong></span> <span class='ocrx_word' id='word_1_538' title='bbox 2508 4296 2604 4336; x_wconf 82' lang='lat' dir='ltr'><strong><em>rex</em></strong></span> <span class='ocrx_word' id='word_1_539' title='bbox 2628 4281 2929 4354; x_wconf 79' lang='lat' dir='ltr'><strong><em>Anglorum</em></strong></span> <span class='ocrx_word' id='word_1_540' title='bbox 2948 4280 3162 4351; x_wconf 89' lang='lat' dir='ltr'><strong><em>junior.</em></strong></span> 
     </span>
    </p>
   </div>
   <div class='ocr_carea' id='block_1_87' title="bbox 2286 4390 3773 4462">
    <p class='ocr_par' dir='ltr' id='par_1_87' title="bbox 2286 4390 3773 4462">
     <span class='ocr_line' id='line_1_87' title="bbox 2286 4390 3773 4462; baseline -0.002 -13"><span class='ocrx_word' id='word_1_541' title='bbox 2286 4393 2444 4449; x_wconf 69' lang='grc'><strong>1184.</strong></span> <span class='ocrx_word' id='word_1_542' title='bbox 2471 4392 2620 4450; x_wconf 86' lang='lat' dir='ltr'><strong><em>Obiit</em></strong></span> <span class='ocrx_word' id='word_1_543' title='bbox 2643 4394 2941 4462; x_wconf 86' lang='lat' dir='ltr'><strong><em>Ermelina,</em></strong></span> <span class='ocrx_word' id='word_1_544' title='bbox 2964 4410 3106 4449; x_wconf 80' lang='lat' dir='ltr'><strong><em>uxor</em></strong></span> <span class='ocrx_word' id='word_1_545' title='bbox 3139 4391 3420 4450; x_wconf 84' lang='lat' dir='ltr'><strong><em>Godel&#39;ridi</em></strong></span> <span class='ocrx_word' id='word_1_546' title='bbox 3446 4391 3516 4447; x_wconf 87' lang='lat' dir='ltr'><strong><em>de</em></strong></span> <span class='ocrx_word' id='word_1_547' title='bbox 3543 4390 3773 4461; x_wconf 78' lang='lat' dir='ltr'><strong><em>Strepen-</em></strong></span> 
     </span>
    </p>
   </div>
   <div class='ocr_carea' id='block_1_88' title="bbox 601 4454 2363 4544">
    <p class='ocr_par' dir='ltr' id='par_1_88' title="bbox 601 4454 2363 4544">
     <span class='ocr_line' id='line_1_88' title="bbox 601 4454 2363 4544; baseline -0.008 -19"><span class='ocrx_word' id='word_1_548' title='bbox 601 4470 786 4544; x_wconf 69' lang='grc'><strong>[1151.</strong></span> <span class='ocrx_word' id='word_1_549' title='bbox 814 4469 1127 4540; x_wconf 89' lang='lat' dir='ltr'><strong><em>Stephanus</em></strong></span> <span class='ocrx_word' id='word_1_550' title='bbox 1150 4481 1244 4521; x_wconf 88' lang='lat' dir='ltr'><strong><em>rex</em></strong></span> <span class='ocrx_word' id='word_1_551' title='bbox 1280 4462 1580 4534; x_wconf 83' lang='lat' dir='ltr'><strong><em>Anglorum</em></strong></span> <span class='ocrx_word' id='word_1_552' title='bbox 1627 4456 1881 4513; x_wconf 87' lang='lat' dir='ltr'><strong><em>moritur.</em></strong></span> <span class='ocrx_word' id='word_1_553' title='bbox 1915 4454 2112 4510; x_wconf 89' lang='lat' dir='ltr'><strong><em>Adria-</em></strong></span> <span class='ocrx_word' id='word_1_554' title='bbox 2145 4482 2191 4541; x_wconf 73' lang='grc' dir='ltr'>ο</span> <span class='ocrx_word' id='word_1_555' title='bbox 2219 4488 2363 4543; x_wconf 50' lang='lat' dir='ltr'><strong><em>&quot;cio.</em></strong></span> 
     </span>
    </p>
   </div>
   <div class='ocr_carea' id='block_1_89' title="bbox 522 4545 2105 4639">
    <p class='ocr_par' dir='ltr' id='par_1_89' title="bbox 522 4545 2105 4639">
     <span class='ocr_line' id='line_1_89' title="bbox 522 4545 2105 4639; baseline -0.011 -22"><span class='ocrx_word' id='word_1_556' title='bbox 522 4579 635 4639; x_wconf 16' lang='lat' dir='ltr'><strong><em>Vnus</em></strong></span> <span class='ocrx_word' id='word_1_557' title='bbox 669 4561 788 4635; x_wconf 87' lang='lat' dir='ltr'><strong><em>(ib.)</em></strong></span> <span class='ocrx_word' id='word_1_558' title='bbox 822 4560 1074 4633; x_wconf 86' lang='lat' dir='ltr'><strong><em>Anglicus</em></strong></span> <span class='ocrx_word' id='word_1_559' title='bbox 1111 4555 1357 4613; x_wconf 86' lang='lat' dir='ltr'><strong><em>Romane</em></strong></span> <span class='ocrx_word' id='word_1_560' title='bbox 1385 4550 1615 4610; x_wconf 90' lang='lat' dir='ltr'><strong><em>ecclesie</em></strong></span> <span class='ocrx_word' id='word_1_561' title='bbox 1646 4549 1809 4604; x_wconf 80' lang='grc' dir='ltr'><strong><em>175ιι⁶</em></strong></span> <span class='ocrx_word' id='word_1_562' title='bbox 1847 4545 2105 4639; x_wconf 61' lang='lat' dir='ltr'><strong><em>presidet:</em></strong></span> 
     </span>
    </p>
   </div>
   <div class='ocr_carea' id='block_1_90' title="bbox 526 4634 2111 4712">
    <p class='ocr_par' dir='ltr' id='par_1_90' title="bbox 526 4634 2111 4712">
     <span class='ocr_line' id='line_1_90' title="bbox 526 4634 2111 4712; baseline -0.011 -5"><span class='ocrx_word' id='word_1_563' title='bbox 526 4653 673 4709; x_wconf 88' lang='lat' dir='ltr'><strong><em>Obiit</em></strong></span> <span class='ocrx_word' id='word_1_564' title='bbox 694 4653 927 4709; x_wconf 88' lang='lat' dir='ltr'><strong><em>domnus</em></strong></span> <span class='ocrx_word' id='word_1_565' title='bbox 950 4651 1125 4705; x_wconf 87' lang='lat' dir='ltr'><strong><em>Adam</em></strong></span> <span class='ocrx_word' id='word_1_566' title='bbox 1155 4647 1429 4705; x_wconf 88' lang='lat' dir='ltr'><strong><em>secundus</em></strong></span> <span class='ocrx_word' id='word_1_567' title='bbox 1453 4644 1623 4699; x_wconf 89' lang='lat' dir='ltr'><strong><em>abbas</em></strong></span> <span class='ocrx_word' id='word_1_568' title='bbox 1643 4641 1809 4712; x_wconf 89' lang='lat' dir='ltr'><strong><em>hujus</em></strong></span> <span class='ocrx_word' id='word_1_569' title='bbox 1832 4634 2111 4708; x_wconf 68' lang='lat' dir='ltr'><strong><em>ecclesie]</em></strong></span> 
     </span>
    </p>
   </div>
   <div class='ocr_carea' id='block_1_91' title="bbox 529 4733 1884 4813">
    <p class='ocr_par' dir='ltr' id='par_1_91' title="bbox 529 4733 1884 4813">
     <span class='ocr_line' id='line_1_91' title="bbox 529 4733 1884 4813; baseline -0.01 -12"><span class='ocrx_word' id='word_1_570' title='bbox 529 4747 743 4801; x_wconf 82' lang='lat' dir='ltr'><strong><em>Tercius</em></strong></span> <span class='ocrx_word' id='word_1_571' title='bbox 769 4746 1020 4800; x_wconf 87' lang='lat' dir='ltr'><strong><em>successit</em></strong></span> <span class='ocrx_word' id='word_1_572' title='bbox 1056 4742 1355 4813; x_wconf 85' lang='lat' dir='ltr'><strong><em>Stephanus</em></strong></span> <span class='ocrx_word' id='word_1_573' title='bbox 1379 4740 1530 4810; x_wconf 90' lang='lat' dir='ltr'><strong><em>prior</em></strong></span> <span class='ocrx_word' id='word_1_574' title='bbox 1564 4733 1884 4804; x_wconf 87' lang='lat' dir='ltr'><strong><em>Ursicampi.</em></strong></span> 
     </span>
    </p>
   </div>
   <div class='ocr_carea' id='block_1_92' title="bbox 595 4823 2107 4911">
    <p class='ocr_par' dir='ltr' id='par_1_92' title="bbox 595 4823 2107 4911">
     <span class='ocr_line' id='line_1_92' title="bbox 595 4823 2107 4911; baseline -0.01 -18"><span class='ocrx_word' id='word_1_575' title='bbox 595 4837 780 4911; x_wconf 88' lang='grc'><strong>[1155.</strong></span> <span class='ocrx_word' id='word_1_576' title='bbox 807 4836 1097 4903; x_wconf 82' lang='lat' dir='ltr'><strong><em>Henricus,</em></strong></span> <span class='ocrx_word' id='word_1_577' title='bbox 1129 4833 1348 4890; x_wconf 89' lang='lat' dir='ltr'><strong><em>Henrici</em></strong></span> <span class='ocrx_word' id='word_1_578' title='bbox 1389 4826 1689 4901; x_wconf 85' lang='lat' dir='ltr'><strong><em>superioris</em></strong></span> <span class='ocrx_word' id='word_1_579' title='bbox 1731 4842 1796 4881; x_wconf 81' lang='lat' dir='ltr'><strong><em>ea:</em></strong></span> <span class='ocrx_word' id='word_1_580' title='bbox 1837 4823 1955 4894; x_wconf 86' lang='lat' dir='ltr'><strong><em>ﬁlia</em></strong></span> <span class='ocrx_word' id='word_1_581' title='bbox 2008 4837 2107 4879; x_wconf 75' lang='lat' dir='ltr'><strong><em>ne-</em></strong></span> 
     </span>
    </p>
   </div>
   <div class='ocr_carea' id='block_1_93' title="bbox 520 4923 1299 5003">
    <p class='ocr_par' dir='ltr' id='par_1_93' title="bbox 520 4923 1299 5003">
     <span class='ocr_line' id='line_1_93' title="bbox 520 4923 1299 5003; baseline -0.006 -17"><span class='ocrx_word' id='word_1_582' title='bbox 520 4944 647 5003; x_wconf 75' lang='lat' dir='ltr'><strong><em>pos,</em></strong></span> <span class='ocrx_word' id='word_1_583' title='bbox 678 4931 733 4985; x_wconf 88' lang='lat' dir='ltr'><strong><em>in</em></strong></span> <span class='ocrx_word' id='word_1_584' title='bbox 755 4946 984 5001; x_wconf 88' lang='lat' dir='ltr'><strong><em>regnum</em></strong></span> <span class='ocrx_word' id='word_1_585' title='bbox 1008 4923 1299 4998; x_wconf 90' lang='lat' dir='ltr'><strong><em>succedit.]</em></strong></span> 
     </span>
    </p>
   </div>
   <div class='ocr_carea' id='block_1_94' title="bbox 595 5008 2107 5093">
    <p class='ocr_par' dir='ltr' id='par_1_94' title="bbox 595 5008 2107 5093">
     <span class='ocr_line' id='line_1_94' title="bbox 595 5008 2107 5093; baseline -0.011 -16"><span class='ocrx_word' id='word_1_586' title='bbox 595 5022 753 5078; x_wconf 84' lang='grc'><strong>1156.</strong></span> <span class='ocrx_word' id='word_1_587' title='bbox 790 5020 1010 5093; x_wconf 87' lang='lat' dir='ltr'><strong><em>Signum</em></strong></span> <span class='ocrx_word' id='word_1_588' title='bbox 1033 5021 1206 5075; x_wconf 91' lang='lat' dir='ltr'><strong><em>crucis</em></strong></span> <span class='ocrx_word' id='word_1_589' title='bbox 1231 5010 1494 5091; x_wconf 69' lang='lat' dir='ltr'><strong><em>apparuit</em></strong></span> <span class='ocrx_word' id='word_1_590' title='bbox 1536 5015 1592 5068; x_wconf 92' lang='lat' dir='ltr'><strong><em>in</em></strong></span> <span class='ocrx_word' id='word_1_591' title='bbox 1638 5012 1786 5067; x_wconf 89' lang='lat' dir='ltr'><strong><em>luna.</em></strong></span> <span class='ocrx_word' id='word_1_592' title='bbox 1829 5008 2107 5063; x_wconf 83' lang='lat' dir='ltr'><strong><em>Albericus</em></strong></span> 
     </span>
    </p>
   </div>
   <div class='ocr_carea' id='block_1_95' title="bbox 522 5102 2106 5183">
    <p class='ocr_par' dir='ltr' id='par_1_95' title="bbox 522 5102 2106 5183">
     <span class='ocr_line' id='line_1_95' title="bbox 522 5102 2106 5183; baseline -0.011 -12"><span class='ocrx_word' id='word_1_593' title='bbox 522 5115 857 5171; x_wconf 84' lang='lat' dir='ltr'><strong><em>Belvacensis</em></strong></span> <span class='ocrx_word' id='word_1_594' title='bbox 884 5114 1032 5168; x_wconf 86' lang='lat' dir='ltr'><strong><em>miles</em></strong></span> <span class='ocrx_word' id='word_1_595' title='bbox 1060 5112 1377 5183; x_wconf 83' lang='lat' dir='ltr'><strong><em>martyrium</em></strong></span> <span class='ocrx_word' id='word_1_596' title='bbox 1400 5124 1496 5180; x_wconf 86' lang='lat' dir='ltr'><strong><em>pro</em></strong></span> <span class='ocrx_word' id='word_1_597' title='bbox 1517 5105 1811 5161; x_wconf 87' lang='lat' dir='ltr'><strong><em>christiana</em></strong></span> <span class='ocrx_word' id='word_1_598' title='bbox 1831 5102 1936 5173; x_wconf 83' lang='lat' dir='ltr'><strong><em>ﬁde</em></strong></span> <span class='ocrx_word' id='word_1_599' title='bbox 1978 5118 2106 5171; x_wconf 88' lang='lat' dir='ltr'><strong><em>pas-</em></strong></span> 
     </span>
    </p>
   </div>
   <div class='ocr_carea' id='block_1_96' title="bbox 523 5217 737 5263">
    <p class='ocr_par' dir='ltr' id='par_1_96' title="bbox 523 5217 737 5263">
     <span class='ocr_line' id='line_1_96' title="bbox 523 5217 737 5263; baseline 0 0"><span class='ocrx_word' id='word_1_600' title='bbox 523 5225 614 5263; x_wconf 83' lang='lat' dir='ltr'><strong><em>sus</em></strong></span> <span class='ocrx_word' id='word_1_601' title='bbox 637 5217 737 5263; x_wconf 85' lang='lat' dir='ltr'><strong><em>est.</em></strong></span> 
     </span>
    </p>
   </div>
   <div class='ocr_carea' id='block_1_97' title="bbox 2292 4597 3773 4674">
    <p class='ocr_par' dir='ltr' id='par_1_97' title="bbox 2292 4597 3773 4674">
     <span class='ocr_line' id='line_1_97' title="bbox 2292 4597 3773 4674; baseline -0.005 -17"><span class='ocrx_word' id='word_1_602' title='bbox 2292 4602 2451 4659; x_wconf 84' lang='lat'><strong><em>“86.</em></strong></span> <span class='ocrx_word' id='word_1_603' title='bbox 2478 4601 2733 4657; x_wconf 82' lang='lat' dir='ltr'><strong><em>Urbanus</em></strong></span> <span class='ocrx_word' id='word_1_604' title='bbox 2758 4618 2896 4674; x_wconf 85' lang='lat' dir='ltr'><strong><em>papa</em></strong></span> <span class='ocrx_word' id='word_1_605' title='bbox 2927 4601 3109 4656; x_wconf 80' lang='grc' dir='ltr'><strong>176ιη.</strong></span> <span class='ocrx_word' id='word_1_606' title='bbox 3134 4598 3280 4656; x_wconf 91' lang='lat' dir='ltr'><strong><em>Obiit</em></strong></span> <span class='ocrx_word' id='word_1_607' title='bbox 3305 4597 3773 4655; x_wconf 77' lang='lat' dir='ltr'><strong><em>Caul&#39;riduscomes</em></strong></span> 
     </span>
    </p>
   </div>
   <div class='ocr_carea' id='block_1_98' title="bbox 2218 4692 3356 4766">
    <p class='ocr_par' dir='ltr' id='par_1_98' title="bbox 2218 4692 3356 4766">
     <span class='ocr_line' id='line_1_98' title="bbox 2218 4692 3356 4766; baseline -0.004 -16"><span class='ocrx_word' id='word_1_608' title='bbox 2218 4695 2519 4762; x_wconf 83' lang='lat' dir='ltr'><strong><em>Britannic,</em></strong></span> <span class='ocrx_word' id='word_1_609' title='bbox 2547 4696 2693 4750; x_wconf 80' lang='lat' dir='ltr'><strong><em>ﬁlius</em></strong></span> <span class='ocrx_word' id='word_1_610' title='bbox 2717 4696 2862 4766; x_wconf 87' lang='lat' dir='ltr'><strong><em>regis</em></strong></span> <span class='ocrx_word' id='word_1_611' title='bbox 2882 4692 3104 4749; x_wconf 85' lang='lat' dir='ltr'><strong><em>Henrici</em></strong></span> <span class='ocrx_word' id='word_1_612' title='bbox 3132 4693 3356 4748; x_wconf 90' lang='lat' dir='ltr'><strong><em>tercius.</em></strong></span> 
     </span>
    </p>
   </div>
   <div class='ocr_carea' id='block_1_99' title="bbox 2291 4793 3773 4877">
    <p class='ocr_par' dir='ltr' id='par_1_99' title="bbox 2291 4793 3773 4877">
     <span class='ocr_line' id='line_1_99' title="bbox 2291 4793 3773 4877; baseline -0.009 -16"><span class='ocrx_word' id='word_1_613' title='bbox 2291 4805 2449 4861; x_wconf 83' lang='lat'><strong><em>“87.</em></strong></span> <span class='ocrx_word' id='word_1_614' title='bbox 2481 4805 2653 4877; x_wconf 86' lang='lat' dir='ltr'><strong><em>Capta</em></strong></span> <span class='ocrx_word' id='word_1_615' title='bbox 2674 4814 2758 4861; x_wconf 89' lang='lat' dir='ltr'><strong><em>est</em></strong></span> <span class='ocrx_word' id='word_1_616' title='bbox 2783 4803 3125 4860; x_wconf 82' lang='lat' dir='ltr'><strong><em>Jherusalcm</em></strong></span> <span class='ocrx_word' id='word_1_617' title='bbox 3151 4820 3182 4859; x_wconf 93' lang='lat' dir='ltr'><strong><em>a</em></strong></span> <span class='ocrx_word' id='word_1_618' title='bbox 3205 4793 3773 4866; x_wconf 80' lang='lat' dir='ltr'><strong><em>Sarracenis,christia-</em></strong></span> 
     </span>
    </p>
   </div>
   <div class='ocr_carea' id='block_1_100' title="bbox 2217 4897 2713 4958">
    <p class='ocr_par' dir='ltr' id='par_1_100' title="bbox 2217 4897 2713 4958">
     <span class='ocr_line' id='line_1_100' title="bbox 2217 4897 2713 4958; baseline -0.006 0"><span class='ocrx_word' id='word_1_619' title='bbox 2217 4917 2287 4958; x_wconf 80' lang='lat' dir='ltr'><strong><em>ne</em></strong></span> <span class='ocrx_word' id='word_1_620' title='bbox 2308 4900 2429 4956; x_wconf 79' lang='lat' dir='ltr'><strong><em>ﬁdei</em></strong></span> <span class='ocrx_word' id='word_1_621' title='bbox 2455 4897 2713 4955; x_wconf 88' lang='lat' dir='ltr'><strong><em>inimicis.</em></strong></span> 
     </span>
    </p>
   </div>
   <div class='ocr_carea' id='block_1_101' title="bbox 2290 5004 3765 5084">
    <p class='ocr_par' dir='ltr' id='par_1_101' title="bbox 2290 5004 3765 5084">
     <span class='ocr_line' id='line_1_101' title="bbox 2290 5004 3765 5084; baseline -0.008 -16"><span class='ocrx_word' id='word_1_622' title='bbox 2290 5013 2425 5069; x_wconf 90' lang='grc'><strong>1189</strong></span> <span class='ocrx_word' id='word_1_623' title='bbox 2462 5015 2555 5070; x_wconf 77' lang='grc'><strong><em>⁸⁸⁸.</em></strong></span> <span class='ocrx_word' id='word_1_624' title='bbox 2614 5012 2762 5069; x_wconf 88' lang='lat' dir='ltr'><strong><em>Obiit</em></strong></span> <span class='ocrx_word' id='word_1_625' title='bbox 2797 5012 3069 5070; x_wconf 67' lang='lat' dir='ltr'><strong><em>Henricus</em></strong></span> <span class='ocrx_word' id='word_1_626' title='bbox 3113 5029 3206 5068; x_wconf 83' lang='lat' dir='ltr'><strong><em>rex</em></strong></span> <span class='ocrx_word' id='word_1_627' title='bbox 3255 5010 3554 5084; x_wconf 87' lang='lat' dir='ltr'><strong><em>Anglorum</em></strong></span> <span class='ocrx_word' id='word_1_628' title='bbox 3586 5010 3619 5064; x_wconf 85' lang='grc'><strong><em>5</em></strong></span> <span class='ocrx_word' id='word_1_629' title='bbox 3651 5004 3765 5061; x_wconf 78' lang='lat' dir='ltr'><strong><em>Non.</em></strong></span> 
     </span>
    </p>
   </div>
   <div class='ocr_carea' id='block_1_102' title="bbox 2218 5101 3700 5177">
    <p class='ocr_par' dir='ltr' id='par_1_102' title="bbox 2218 5101 3700 5177">
     <span class='ocr_line' id='line_1_102' title="bbox 2218 5101 3700 5177; baseline -0.007 -16"><span class='ocrx_word' id='word_1_630' title='bbox 2218 5105 2494 5177; x_wconf 90' lang='lat' dir='ltr'><strong><em>Septemb.</em></strong></span> <span class='ocrx_word' id='word_1_631' title='bbox 2522 5104 2832 5161; x_wconf 87' lang='lat' dir='ltr'><strong><em>Coronatus</em></strong></span> <span class='ocrx_word' id='word_1_632' title='bbox 2852 5114 2936 5160; x_wconf 89' lang='lat' dir='ltr'><strong><em>est</em></strong></span> <span class='ocrx_word' id='word_1_633' title='bbox 2966 5121 3062 5160; x_wconf 80' lang='lat' dir='ltr'><strong><em>rex</em></strong></span> <span class='ocrx_word' id='word_1_634' title='bbox 3090 5104 3393 5175; x_wconf 84' lang='lat' dir='ltr'><strong><em>Anglorum</em></strong></span> <span class='ocrx_word' id='word_1_635' title='bbox 3427 5101 3700 5157; x_wconf 87' lang='lat' dir='ltr'><strong><em>Ricardus.</em></strong></span> 
     </span>
    </p>
   </div>
   <div class='ocr_carea' id='block_1_103' title="bbox 2286 5192 3764 5268">
    <p class='ocr_par' dir='ltr' id='par_1_103' title="bbox 2286 5192 3764 5268">
     <span class='ocr_line' id='line_1_103' title="bbox 2286 5192 3764 5268; baseline -0.008 -15"><span class='ocrx_word' id='word_1_636' title='bbox 2286 5198 2445 5254; x_wconf 91' lang='grc'><strong>1190.</strong></span> <span class='ocrx_word' id='word_1_637' title='bbox 2478 5197 2593 5255; x_wconf 88' lang='lat' dir='ltr'><strong><em>Rex</em></strong></span> <span class='ocrx_word' id='word_1_638' title='bbox 2617 5197 2954 5254; x_wconf 87' lang='lat' dir='ltr'><strong><em>Francorum</em></strong></span> <span class='ocrx_word' id='word_1_639' title='bbox 2981 5196 3268 5268; x_wconf 86' lang='lat' dir='ltr'><strong><em>Philippus</em></strong></span> <span class='ocrx_word' id='word_1_640' title='bbox 3291 5204 3344 5251; x_wconf 89' lang='lat' dir='ltr'><strong><em>et</em></strong></span> <span class='ocrx_word' id='word_1_641' title='bbox 3367 5211 3459 5252; x_wconf 87' lang='lat' dir='ltr'><strong><em>rex</em></strong></span> <span class='ocrx_word' id='word_1_642' title='bbox 3501 5192 3764 5264; x_wconf 83' lang='lat' dir='ltr'><strong><em>Anglorum</em></strong></span> 
     </span>
    </p>
   </div>
   <div class='ocr_carea' id='block_1_104' title="bbox 1826 5272 2560 5347">
    <p class='ocr_par' dir='ltr' id='par_1_104' title="bbox 1826 5272 2560 5347">
     <span class='ocr_line' id='line_1_104' title="bbox 1826 5272 2560 5347; baseline 0 -6"><span class='ocrx_word' id='word_1_643' title='bbox 1826 5286 2057 5344; x_wconf 64' lang='lat' dir='ltr'><strong><em>VARIE</em></strong></span> <span class='ocrx_word' id='word_1_644' title='bbox 2095 5272 2503 5347; x_wconf 84' lang='lat' dir='ltr'><strong><em>LECTIONES.</em></strong></span> <span class='ocrx_word' id='word_1_645' title='bbox 2550 5330 2560 5341; x_wconf 90' lang='lat'><strong><em>.</em></strong></span> 
     </span>
    </p>
   </div>
   <div class='ocr_carea' id='block_1_105' title="bbox 519 5370 3764 5473">
    <p class='ocr_par' dir='ltr' id='par_1_105' title="bbox 519 5370 3764 5473">
     <span class='ocr_line' id='line_1_105' title="bbox 519 5370 3764 5473; baseline -0.004 -26"><span class='ocrx_word' id='word_1_646' title='bbox 519 5461 545 5473; x_wconf 29' lang='grc' dir='ltr'><strong><em>δ’</em></strong></span> <span class='ocrx_word' id='word_1_647' title='bbox 590 5395 660 5427; x_wconf 81' lang='grc'>⁸¹⁸</span> <span class='ocrx_word' id='word_1_648' title='bbox 699 5395 777 5448; x_wconf 88' lang='lat' dir='ltr'><strong><em>ita</em></strong></span> <span class='ocrx_word' id='word_1_649' title='bbox 816 5388 1144 5473; x_wconf 56' lang='lat' dir='ltr'><strong><em>aliiscrasis</em></strong></span> <span class='ocrx_word' id='word_1_650' title='bbox 1173 5402 1364 5473; x_wconf 67' lang='lat' dir='ltr'><strong><em>manus</em></strong></span> <span class='ocrx_word' id='word_1_651' title='bbox 1398 5386 1662 5473; x_wconf 43' lang='grc' dir='ltr'><strong><em>ἕης-(χιιι...</em></strong></span> <span class='ocrx_word' id='word_1_652' title='bbox 1690 5382 1761 5415; x_wconf 83' lang='grc'><strong><em>⁵¹⁶</em></strong></span> <span class='ocrx_word' id='word_1_653' title='bbox 1785 5382 2095 5473; x_wconf 54' lang='lat' dir='ltr'><strong><em>Stephaﬂus</em></strong></span> <span class='ocrx_word' id='word_1_654' title='bbox 2123 5400 2181 5473; x_wconf 42' lang='grc' dir='ltr'><strong><em>(ᾖ</em></strong></span> <span class='ocrx_word' id='word_1_655' title='bbox 2303 5386 2369 5442; x_wconf 87' lang='lat' dir='ltr'><strong><em>de</em></strong></span> <span class='ocrx_word' id='word_1_656' title='bbox 2405 5384 2485 5441; x_wconf 88' lang='lat' dir='ltr'><strong><em>St.</em></strong></span> <span class='ocrx_word' id='word_1_657' title='bbox 2513 5404 2544 5440; x_wconf 91' lang='lat' dir='ltr'><strong><em>a</em></strong></span> <span class='ocrx_word' id='word_1_658' title='bbox 2567 5403 2725 5441; x_wconf 89' lang='lat' dir='ltr'><strong><em>manu</em></strong></span> <span class='ocrx_word' id='word_1_659' title='bbox 2760 5387 2964 5442; x_wconf 89' lang='lat' dir='ltr'><strong><em>incerta</em></strong></span> <span class='ocrx_word' id='word_1_660' title='bbox 2989 5404 3059 5440; x_wconf 73' lang='lat' dir='ltr'><strong><em>a.&#39;</em></strong></span> <span class='ocrx_word' id='word_1_661' title='bbox 3096 5384 3255 5440; x_wconf 86' lang='grc'><strong>1165.</strong></span> <span class='ocrx_word' id='word_1_662' title='bbox 3292 5384 3518 5451; x_wconf 86' lang='lat' dir='ltr'><strong><em>scriptas</em></strong></span> <span class='ocrx_word' id='word_1_663' title='bbox 3557 5386 3665 5473; x_wconf 54' lang='lat' dir='ltr'><strong><em>pm!</em></strong></span> <span class='ocrx_word' id='word_1_664' title='bbox 3707 5370 3764 5425; x_wconf 70' lang='grc' dir='ltr'><strong><em>(ά</em></strong></span> 
     </span>
    </p>
   </div>
   <div class='ocr_carea' id='block_1_106' title="bbox 526 5450 3765 5529">
    <p class='ocr_par' dir='ltr' id='par_1_106' title="bbox 526 5450 3765 5529">
     <span class='ocr_line' id='line_1_106' title="bbox 526 5450 3765 5529; baseline -0.005 -8"><span class='ocrx_word' id='word_1_665' title='bbox 526 5464 660 5520; x_wconf 79' lang='lat' dir='ltr'><strong><em>hunc</em></strong></span> <span class='ocrx_word' id='word_1_666' title='bbox 705 5481 903 5519; x_wconf 82' lang='lat' dir='ltr'><strong><em>annum</em></strong></span> <span class='ocrx_word' id='word_1_667' title='bbox 926 5461 1095 5516; x_wconf 88' lang='lat' dir='ltr'><strong><em>relata</em></strong></span> <span class='ocrx_word' id='word_1_668' title='bbox 1136 5459 1397 5513; x_wconf 79' lang='lat' dir='ltr'><strong><em>videntur.</em></strong></span> <span class='ocrx_word' id='word_1_669' title='bbox 1469 5456 1537 5529; x_wconf 63' lang='grc' dir='ltr'><strong><em>⁸¹Ϊ</em></strong></span> <span class='ocrx_word' id='word_1_670' title='bbox 1563 5454 1688 5529; x_wconf 69' lang='lat' dir='ltr'><strong><em>aliis</em></strong></span> <span class='ocrx_word' id='word_1_671' title='bbox 1727 5450 1914 5529; x_wconf 60' lang='lat' dir='ltr'><strong><em>erasis.</em></strong></span> <span class='ocrx_word' id='word_1_672' title='bbox 1988 5453 2060 5488; x_wconf 69' lang='lat' dir='ltr'><em>m</em></span> <span class='ocrx_word' id='word_1_673' title='bbox 2092 5456 2282 5510; x_wconf 89' lang='lat' dir='ltr'><strong><em>abhinc</em></strong></span> <span class='ocrx_word' id='word_1_674' title='bbox 2306 5473 2492 5512; x_wconf 88' lang='lat' dir='ltr'><strong><em>manus</em></strong></span> <span class='ocrx_word' id='word_1_675' title='bbox 2521 5468 2770 5529; x_wconf 86' lang='lat' dir='ltr'><strong><em>perpetuo</em></strong></span> <span class='ocrx_word' id='word_1_676' title='bbox 2792 5458 3025 5513; x_wconf 88' lang='lat' dir='ltr'><strong><em>variant.</em></strong></span> <span class='ocrx_word' id='word_1_677' title='bbox 3098 5455 3168 5487; x_wconf 83' lang='grc'><strong><em>⁸¹⁹</em></strong></span> <span class='ocrx_word' id='word_1_678' title='bbox 3199 5454 3310 5509; x_wconf 87' lang='lat' dir='ltr'><strong><em>alia</em></strong></span> <span class='ocrx_word' id='word_1_679' title='bbox 3332 5471 3510 5508; x_wconf 89' lang='lat' dir='ltr'><strong><em>manu.</em></strong></span> <span class='ocrx_word' id='word_1_680' title='bbox 3578 5450 3644 5481; x_wconf 78' lang='lat'><strong><em>&#39;&quot;</em></strong></span> <span class='ocrx_word' id='word_1_681' title='bbox 3662 5455 3765 5499; x_wconf 71' lang='grc' dir='ltr'><strong><em>αηίο</em></strong></span> 
     </span>
    </p>
   </div>
   <div class='ocr_carea' id='block_1_107' title="bbox 523 5524 1925 5603">
    <p class='ocr_par' dir='ltr' id='par_1_107' title="bbox 523 5524 1925 5603">
     <span class='ocr_line' id='line_1_107' title="bbox 523 5524 1925 5603; baseline -0.007 -11"><span class='ocrx_word' id='word_1_682' title='bbox 523 5537 670 5592; x_wconf 86' lang='lat' dir='ltr'><strong><em>Obiit</em></strong></span> <span class='ocrx_word' id='word_1_683' title='bbox 716 5537 827 5590; x_wconf 89' lang='lat' dir='ltr'><strong><em>alia</em></strong></span> <span class='ocrx_word' id='word_1_684' title='bbox 864 5549 1051 5588; x_wconf 85' lang='lat' dir='ltr'><strong><em>manus</em></strong></span> <span class='ocrx_word' id='word_1_685' title='bbox 1080 5540 1196 5603; x_wconf 90' lang='lat' dir='ltr'><strong><em>post</em></strong></span> <span class='ocrx_word' id='word_1_686' title='bbox 1245 5529 1455 5585; x_wconf 88' lang='lat' dir='ltr'><strong><em>addidit</em></strong></span> <span class='ocrx_word' id='word_1_687' title='bbox 1510 5527 1546 5583; x_wconf 74' lang='grc'><strong>2</strong></span> <span class='ocrx_word' id='word_1_688' title='bbox 1594 5524 1733 5583; x_wconf 81' lang='lat' dir='ltr'><strong><em>Non.</em></strong></span> <span class='ocrx_word' id='word_1_689' title='bbox 1777 5524 1925 5583; x_wconf 80' lang='lat' dir='ltr'><strong><em>Julii.</em></strong></span> 
     </span>
    </p>
   </div>
   <div class='ocr_carea' id='block_1_108' title="bbox 589 5714 1024 5786">
    <p class='ocr_par' dir='ltr' id='par_1_108' title="bbox 589 5714 1024 5786">
     <span class='ocr_line' id='line_1_108' title="bbox 589 5714 1024 5786; baseline 0 -17"><span class='ocrx_word' id='word_1_690' title='bbox 589 5714 738 5786; x_wconf 73' lang='lat'><strong><em>(59.9)</em></strong></span> <span class='ocrx_word' id='word_1_691' title='bbox 765 5718 1024 5786; x_wconf 67' lang='lat' dir='ltr'><strong><em>Orcamp.</em></strong></span> 
     </span>
    </p>
   </div>
   <div class='ocr_carea' id='block_1_109' title="bbox 376 5784 1043 5887">
    <p class='ocr_par' dir='ltr' id='par_1_109' title="bbox 376 5784 1043 5887">
     <span class='ocr_line' id='line_1_109' title="bbox 376 5784 1043 5887; baseline -0.004 -45"><span class='ocrx_word' id='word_1_692' title='bbox 376 5794 389 5799; x_wconf 86' lang='grc'><strong><em>“</em></strong></span> <span class='ocrx_word' id='word_1_693' title='bbox 598 5784 747 5848; x_wconf 69' lang='grc'><strong>1556)</strong></span> <span class='ocrx_word' id='word_1_694' title='bbox 772 5784 1043 5839; x_wconf 74' lang='lat' dir='ltr'><strong><em>Not-wicb.</em></strong></span> 
     </span>
    </p>
   </div>
   <div class='ocr_carea' id='block_1_110' title="bbox 2061 5614 2292 5677">
    <p class='ocr_par' dir='ltr' id='par_1_110' title="bbox 2061 5614 2292 5677">
     <span class='ocr_line' id='line_1_110' title="bbox 2061 5614 2292 5677; baseline 0 -2"><span class='ocrx_word' id='word_1_695' title='bbox 2061 5614 2292 5677; x_wconf 65' lang='lat' dir='ltr'><strong><em>NOTIE.</em></strong></span> 
     </span>
    </p>
   </div>
   <div class='ocr_carea' id='block_1_111' title="bbox 2287 5700 3510 5782">
    <p class='ocr_par' dir='ltr' id='par_1_111' title="bbox 2287 5700 3510 5782">
     <span class='ocr_line' id='line_1_111' title="bbox 2287 5700 3510 5782; baseline -0.01 -15"><span class='ocrx_word' id='word_1_696' title='bbox 2287 5711 2437 5782; x_wconf 80' lang='grc'><strong>(551)</strong></span> <span class='ocrx_word' id='word_1_697' title='bbox 2461 5708 2788 5780; x_wconf 77' lang='lat' dir='ltr'><strong><em>Etrepagny,</em></strong></span> <span class='ocrx_word' id='word_1_698' title='bbox 2807 5707 2862 5763; x_wconf 82' lang='lat' dir='ltr'><strong><em>in</em></strong></span> <span class='ocrx_word' id='word_1_699' title='bbox 2891 5721 3036 5764; x_wconf 89' lang='lat' dir='ltr'><strong><em>com.</em></strong></span> <span class='ocrx_word' id='word_1_700' title='bbox 3075 5700 3510 5762; x_wconf 74' lang='lat' dir='ltr'><strong><em>Viromandensi.</em></strong></span> 
     </span>
    </p>
   </div>
  </div>
