3934 6316
1391 261 1472 276 0”

147 373 246 438 $97

1024 361 1392 420 CHRONICA.
1437 390 1503 398 ——
1543 344 1952 412 AUCTARIUM
1993 341 2260 408 MORTUI
2297 342 2531 406 MARIS.

3288 335 3392 398 398

148 492 403 552 Rieardus
430 503 555 546 cum
573 481 866 542 innumera
891 479 1068 554 gentis
1097 495 1194 538 sue
1223 475 1571 534 multitudine
1613 473 1713 528 iter
1742 478 1786 535 Α
1815 468 2151 540 depropheta
2182 509 2197 534 ,
2255 466 2350 537 qui
2395 463 2611 520 dicebat
2668 460 3053 518 antichristum
3115 454 3228 530 jam
3278 472 3400 514 esse

142 582 612 645 Jberosoliminum
636 576 1042 650 aggrediuntur.

216 676 365 732 1191.
397 672 568 742 Capta
609 677 696 724 est
739 667 918 723 insula
961 663 1126 737 Cypri
1156 679 1188 718 a
1225 676 1353 732 rege
1381 657 1638 722 Ricardo,
1665 661 1716 711 et

149 778 332 840 postea
354 765 606 820 Accaron
635 776 668 815 a
693 759 908 815 duobus
930 757 1169 828 regibus.
1195 753 1374 810 Rediit
1399 767 1494 807 rex
1517 746 1722 819 Philip—

143 875 259 931 pus.

213 970 368 1026 1192.
397 969 511 1025 Rex
559 967 844 1038 Philippus
889 961 1192 1036 ingreditur
1235 955 1626 1013 Normanniam
1671 960 1724 1008 et

93 1125 98 1130 ,
141 1080 260 1120 eam
288 1063 404 1120 sibi~
425 1061 700 1133 subjugat.
726 1059 843 1114 Rex
868 1055 1139 1112 Ricardus
1173 1051 1390 1108 rediens
1411 1063 1442 1102 a
1463 1045 1725 1102 lberoso-

139 1156 306 1223 linis,
334 1161 638 1226 captusest
665 1161 722 1207 et
737 1152 1113 1207 incarceratus
1137 1161 1172 1200 a
1203 1145 1344 1201 duce
1387 1139 1636 1205 Austrie,
1669 1146 1724 1193 et

140 1255 326 1318 postea
355 1243 678 1316 imperatori
708 1241 946 1298 Henrico
967 1238 1206 1294 traditus
1227 1244 1346 1292 est.

214 1359 369 1414 1191.
402 1357 520 1413 Rex
555 1353 845 1421 Ricardus,
876 1352 1001 1424 plus
1023 1364 1213 1422 quam--
1233 1344 1525 1403 ducencies
1574 1341 1725 1396 mille

141 1451 341 1507 marcis
361 1448 676 1520 imperatori
700 1455 755 1502 et
779 1443 978 1502 ceteris
1014 1440 1314 1498 baronibus
1344 1447 1486 1493 terre
1530 1450 1630 1506 pro
1655 1435 1727 1488 li-

138 1543 422 1598 beratione
478 1556 577 1596 sua
624 1547 740 1594 tam
787 1537 932 1593 datis
970 1549 1138 1606 quam
1168 1531 1274 1588 sub
1294 1529 1576 1586 obsidibus
1600 1541 1728 1598 pro-

135 1633 348 1697 missis,
379 1645 635 1688 reversus
656 1637 741 1686 est
769 1627 1045 1700 Angliam.
1073 1623 1232 1692 Quod
1250 1623 1318 1679 de
1340 1619 1604 1676 Romanis
1624 1619 1728 1673 im-

137 1722 488 1795 peratoribus
505 1721 581 1776 nil
613 1729 708 1776 aut
735 1734 912 1790 pauca
934 1717 1025 1773 hic
1053 1717 1165 1772 sint
1180 1720 1426 1779 exarata,
1450 1711 1723 1766 neminem

1824 559 2092 626 adultum,
2127 566 2183 614 et
2203 558 2346 614 diem
2365 555 2554 627 judicii
2583 554 2888 609 imminere.

1893 652 2050 706 1211.
2079 649 2276 706 Comes
2308 648 2512 722 Symon
2544 647 2611 703 de
2647 644 2980 712 Monteforti,
3024 643 3300 701 nobilibus
3329 643 3406 700 vi-

1821 747 1898 802 ris
1928 746 1995 802 de
2026 744 2254 800 Francia
2281 742 2575 814 regnisque
2602 741 2726 798 aliis
2753 755 2911 811 opem
2950 739 3054 795 sibi
3079 738 3400 806 ferentibus,

1824 835 2124 902 hereticos,
2145 835 2241 904 qui
2287 834 2341 888 in
2379 829 2726 888 Narbonensi
2754 830 3026 901 provintia
3066 831 3408 900 pullulahant

1821 936 1878 984 et
1922 927 2244 984 dicebantur
2297 925 2638 996 Albigenses,
2668 923 3018 994 expugnavit,
3062 931 3117 978 et
3168 933 3406 993 stragem

1825 1017 2051 1076 multam
2082 1018 2312 1085 faciens,
2345 1031 2599 1089 magnam
2630 1025 2839 1088 partem
2866 1010 3136 1086 provintie
3156 1013 3405 1085 ipsorum

1824 1128 1921 1168 sue
1949 1111 2189 1168 subdidit
2209 1109 2486 1181 potestati.

1897 1204 2056 1259 1212.
2075 1199 2136 1258 In
2152 1200 2442 1276 Hyspaniis
2459 1201 2743 1257 christiani
2761 1214 2884 1256 cum
2902 1200 3129 1272 paganis
3144 1207 3408 1271 pugnant,

1824 1302 1879 1351 et
1902 1295 2057 1366 potiti
2076 1293 2324 1360 victoria,
2350 1289 2551 1346 multos
2573 1291 2848 1361 perimunt
2874 1289 3228 1358 Sarracenos,
3251 1299 3306 1346 et
3327 1305 3414 1346 re-

1825 1387 2007 1458 liquos
2027 1385 2096 1440 ad
2125 1384 2311 1456 fugam
2339 1382 2690 1454 compellunt.
2737 1379 3068 1454 Reginaldus
3094 1397 3278 1439 comes
3303 1381 3412 1438 Bo-

1825 1477 1972 1535 lonie
1997 1494 2029 1534 a
2047 1478 2297 1548 Philippo
2317 1492 2442 1549 rege
2467 1475 2805 1530 Francorum
2829 1476 2978 1530 omni
2997 1481 3145 1531 terra
3168 1491 3267 1532 sua
3289 1489 3416 1545 spo-

1826 1573 2011 1639 liatur,
2054 1579 2108 1626 et
2150 1583 2182 1626 a
2216 1584 2385 1641 regno
2425 1566 2732 1638 expellitur,
2763 1567 2856 1622 sed
2902 1567 2972 1622 ab
2999 1562 3195 1623 Ottone
3233 1574 3287 1623 et
3318 1564 3414 1621 .l'o-

1828 1663 2009 1719 hanne
2035 1660 2246 1733 Anglia:
2279 1675 2407 1732 rege
2438 1660 2723 1730 recipitur.
2762 1654 2875 1714 Rex
2909 1659 3247 1715 Francorum
3283 1658 3416 1713 Phi-

1829 1755 2009 1826 lippus
2036 1754 2264 1810 collecto
2288 1751 2532 1809 exercitu
2577 1760 2631 1806 et
2659 1751 2832 1806 multo
2861 1750 3083 1805 navium
3125 1759 3414 1821 apparatu,

141 1823 358 1916 “meat
381 1823 749 1916 posteronfm’
785 1810 1081 1916 qam,qu
1115 1803 1727 1916 εξ¹ιθ⁹Α³ῗ¹Ϋῗ⁵¹ξῗῘ¹ἱῗῖξῗ
1760 1831 1800 1889 Β
1829 1803 2182 1903 transfretare
2230 1843 2472 1916 disponit
2496 1843 2551 1898 in
2580 1843 2854 1914 Angliam,
2887 1851 2949 1898 ut
2978 1843 3149 1898 armis
3163 1803 3287 1900 eam
3320 1803 3416 1898 ea:

140 1923 270 1962 rum
303 1906 370 1962 de
400 1914 617 1977 sceptro
651 1903 868 1975 imperii
893 1901 1192 1958 obtinendo
1224 1897 1524 1963 contendit,
1560 1895 1726 1952 nichil

140 1998 322 2070 agitur
360 1999 586 2070 dignum
642 1997 929 2065 memoria,
965 1995 1166 2066 quippe
1213 2007 1341 2049 cum
1387 1991 1572 2047 omnia
1620 1989 1731 2046 sint

136 2088 389 2148 confusa.
422 2089 556 2146 Post
584 2089 866 2145 Urbanum
901 2103 1099 2159 papam
1122 2095 1234 2142 tres
1267 2085 1550 2172 apostolici
1573 2083 1730 2140 cede-

139 2193 286 2251 runt,
319 2183 376 2239 id
410 2191 496 2239 est
515 2181 832 2254 Gregorius,
852 2181 1112 2236 Clemens
1129 2189 1186 2236 et
1205 2178 1517 2235 Celestinus
1542 2194 1557 2245 ;
1588 2191 1728 2248 quo-

140 2291 259 2330 rum
288 2283 540 2345 tempora
565 2274 653 2330 hic
674 2288 784 2328 non
807 2271 1212 2328 describuntur.

211 2367 375 2424 1198.
401 2366 752 2423 Innocentius
772 2381 936 2438 papa.
1674 2438 1676 2441 τ

212 2461 374 2516 1199.
403 2457 678 2516 Ricardus
707 2473 803 2514 rex
829 2454 1252 2529 potentissimus
1275 2455 1472 2527 sagitta
1498 2469 1728 2526 percus-

145 2567 239 2607 sus
262 2550 508 2618 interiit;
548 2547 638 2606 cui
663 2547 928 2604 successit
948 2543 1227 2602 Iohannes
1251 2544 1422 2600 frater
1441 2544 1584 2616 ejus.

217 2663 382 2718 1200.
424 2663 460 2719 5
494 2660 626 2718 Idus
656 2660 820 2716 Febr.
843 2659 981 2716 obiit
1010 2657 1252 2714 domnus
1277 2656 1586 2714 Willelmus
1630 2658 1730 2713 ab-

150 2755 264 2813 bas.

147 2944 150 2945 γ
215 2871 379 2928 1205.
422 2869 722 2943 Suhjugata
767 2879 851 2927 est
879 2869 1072 2926 civitas
1111 2867 1568 2940 Rothomagensis
1606 2883 1732 2924 cum

148 2976 255 3023 tota
279 2964 620 3020 Normannia
658 2963 910 3034 Philippo
954 2961 1069 3033 regi
1111 2961 1360 3016 Francie.
1400 2959 1516 3015 Rex
1550 2967 1732 3014 autem

145 3061 424 3117 Johannes
454 3059 682 3115 secessit
703 3058 758 3114 in
787 3058 1060 3130 Angliam,
1084 3056 1308 3112 territus
1336 3071 1405 3110 ne
1429 3054 1734 3110 traderetur

144 3171 178 3208 a
203 3152 504 3208 baronibus
538 3151 652 3207 suis
685 3151 740 3206 in
766 3166 963 3206 manus
993 3149 1137 3221 regis
1162 3147 1412 3203 Francie.

217 3242 378 3297 120-1.
406 3240 568 3307 Facta
595 3249 681 3296 est
698 3241 890 3313 hyems
918 3239 1240 3310 asperrima,
1267 3253 1362 3308 per
1379 3245 1493 3292 tres
1518 3251 1736 3290 menses

148 3344 201 3390 et
225 3335 466 3404 amplius
508 3332 844 3388 continuata.
895 3330 1050 3387 Unde
1101 3339 1156 3389 et
1207 3328 1376 3384 nimia
1433 3327 1736 3382 mortalitas

151 3424 495 3490 animalium,
526 3423 761 3478 maxime
785 3422 970 3477 ovium
993 3429 1048 3477 et
1072 3421 1236 3476 etiam
1258 3420 1548 3474 volucrum
1572 3416 1737 3472 silve-

153 3515 372 3580 strium,
404 3530 470 3568 ex
499 3514 679 3585 rigore
706 3513 931 3585 frigoris
954 3511 1122 3578 facta,
1151 3520 1205 3567 et
1247 3509 1421 3565 fames
1466 3508 1734 3564 insecuta.

154 3606 319 3676 Capta
360 3613 446 3661 est
485 3605 680 3662 civitas
714 3604 1220 3674 Constantinopolis
1253 3618 1284 3658 a
1333 3601 1531 3658 comite
1575 3598 1740 3654 Flau-

154 3697 359 3765 drensi,
394 3699 667 3770 episcopis
698 3706 752 3753 et
790 3697 1082 3753 comitibus
1107 3705 1161 3752 et
1182 3694 1460 3750 nobilibus
1504 3693 1642 3748 viris
1687 3698 1741 3746 et

155 3788 474 3846 fortissimis
497 3790 564 3845 de
596 3788 824 3846 Francia
854 3788 960 3844 'sibi
994 3786 1314 3854 associatis;
1346 3785 1402 3840 in
1439 3793 1548 3856 qua
1583 3799 1738 3840 com-

159 3882 306 3936 muni
333 3882 602 3936 electione
646 3882 943 3952 impcrator
994 3879 1193 3946 factus,
1235 3877 1491 3933 nobiliter
1531 3875 1737 3948 gessit;

157 3975 406 4045 quicum
456 3989 710 4046 magnam
760 3974 864 4030 sibi
896 3982 1106 4044 partem
1155 3971 1337 4028 Cretie
1385 3969 1739 4035 subdidisset,

156 4073 275 4133 post
305 4064 585 4120 modicum
618 4081 649 4119 a
676 4063 864 4120 Grecis
893 4063 1215 4120 interfectus
1239 4070 1341 4118 est.
1368 4060 1540 4133 Cujus
1575 4059 1744 4115 frater

159 4154 330 4210 eidem
355 4164 443 4211 est
467 4156 523 4211 in
552 4155 704 4225 regni
733 4155 871 4211 solio
895 4155 1244 4211 substitutus.

223 4246 386 4301 1207.
420 4244 566 4302 Obiit
583 4246 862 4304 Walterus
886 4246 1345 4318 Rothomagensis
1374 4244 1742 4316 archiepisco-

158 4353 256 4409 pus
282 4341 352 4395 16
383 4339 503 4395 Kal.
534 4340 868 4398 Decembris.
905 4341 1004 4397 Cui
1033 4340 1302 4397 successit
1327 4337 1588 4410 magister
1633 4335 1744 4391 Ro-

159 4431 343 4490 bertus
412 4443 775 4506 cognomento
842 4433 1049 4489 Polein.
1130 4431 1323 4506 [Jacet
1405 4430 1462 4486 in
1531 4427 1744 4484 Mortuo

164 4527 291 4581 mari
320 4524 445 4599 ⁸²¹.]

227 4619 390 4673 1209.
419 4617 681 4691 Magistro
712 4618 988 4691 Stephano
1020 4618 1088 4674 de
1129 4613 1461 4688 Linguaton,
1500 4613 1569 4669 ad
1604 4620 1748 4684 tytu-

163 4707 270 4766 lum
299 4709 598 4769 Cantuarie
618 4710 849 4769 ccclesie
876 4712 931 4767 in
962 4708 1376 4780 archiepiscopo
1401 4705 1576 4762 Rome
1612 4719 1744 4760 con-

165 4812 394 4868 secrato,
437 4819 534 4859 rex
573 4803 850 4861 Johannes
899 4804 1068 4859 alium
1114 4801 1452 4856 intronizare
1500 4797 1748 4869 cupiens,

167 4895 468 4950 monachos
492 4895 786 4952 Cantuarie
810 4906 864 4952 et
893 4895 1084 4968 Anglic
1113 4893 1360 4965 presules
1398 4891 1564 4947 exilio
1610 4889 1750 4945 rele-

167 4993 270 5055 gat.
294 4985 413 5042 Hac
434 4988 501 5043 de
527 5004 692 5045 causa
721 4990 850 5046 data
885 4990 940 5044 in
975 5004 1158 5060 regem
1183 4996 1238 5042 et
1261 5000 1488 5058 regnum
1523 4997 1744 5040 excom-

168 5079 554 5136 municationis
582 5083 872 5150 sententia,
923 5083 1087 5138 etiam
1137 5080 1558 5136 Cisterciensem
1599 5075 1747 5132 ordi-

170 5185 285 5225 nem
313 5188 442 5227 cum
485 5177 683 5232 ceteris
731 5177 924 5232 laudes
967 5177 1080 5232 Deo
1122 5176 1333 5231 debitas
1379 5173 1752 5245 sollempniter

170 5261 474 5325 persolvere
501 5263 708 5319 domini
733 5282 872 5337 papc
899 5267 1200 5322 auctoritas
1229 5265 1528 5338 prohibuit.

238 5351 394 5408 1210.
440 5352 567 5410 Οιιο
612 5373 783 5428 nepos
826 5358 1047 5414 Ricardi
1071 5359 1349 5430 quondam
1380 5356 1525 5428 regis
1559 5352 1753 5425 Anglic

171 5434 342 5498 factus
366 5453 450 5499 est
472 5446 787 5518 imperator.
818 5449 932 5507 Hoc
953 5460 1197 5524 tempore
1219 5449 1319 5506 fuit
1339 5448 1561 5518 quidam
1589 5461 1752 5516 pseu-

1830 1938 1980 2010 piat;
2026 1939 2120 1995 sed
2164 1938 2384 1993 interim
2430 1937 2560 1992 dum
2606 1935 2789 1992 subito
2823 1935 3104 2006 ingressus
3156 1934 3211 1988 in
3256 1931 3420 1988 Fian-

1831 2032 2007 2088 driam
2032 2047 2154 2088 eam
2198 2030 2302 2088 sibi
2331 2029 2624 2101 subjugare
2664 2027 2916 2095 intendit,
2959 2025 3120 2098 Angli
3155 2040 3417 2097 superve-

1832 2125 2012 2188 niunt,
2049 2133 2104 2180 et
2153 2123 2334 2179 navali
2367 2130 2632 2194 apparatu
2675 2121 2820 2193 regis
2871 2120 3138 2176 violenter
3163 2119 3418 2185 abducto,

1833 2215 2225 2273 transfretandi
2245 2216 2295 2272 ei
2327 2216 2576 2272 adimunt
2603 2213 2938 2270 facultatem.

1905 2307 2148 2366 1215.1ιι
2171 2308 2448 2366 Provint'ia
2471 2308 2630 2379 juxta
2659 2315 2902 2364 castrum
2944 2305 3090 2378 quod
3133 2303 3422 2360 Murellum

1832 2401 2053 2469 dicitur,
2087 2413 2299 2474 gestum
2327 2409 2410 2457 est
2432 2400 2635 2457 bellum
2663 2408 2849 2455 eterna
2879 2398 3146 2454 memoria
3174 2396 3420 2468 dignum.

1832 2493 1972 2550 Cum
1995 2510 2177 2552 comes
2204 2493 2410 2568 Symon
2449 2493 2518 2551 de
2559 2491 2872 2548 Monteforti
2922 2491 3124 2548 multas
3148 2489 3422 2546 heretico-

1833 2603 1959 2642 rum
2001 2594 2211 2660 strages
2251 2585 2481 2654 faciens,
2515 2585 2702 2657 plures
2730 2582 3011 2640 Provintie
3045 2582 3209 2638 urbes
3237 2591 3292 2638 et
3326 2595 3426 2652 op.

1833 2679 1960 2752 pida
1987 2677 2090 2736 sibi
2115 2679 2481 2751 subjugasset,
2519 2693 2616 2733 rex
2637 2676 2956 2748 Arragonie,
2989 2690 3174 2732 comes
3194 2672 3429 2730 Tolosa-

1833 2788 1961 2839 nus,
1985 2787 2172 2829 comes
2193 2771 2504 2828 Conuensis
2529 2770 2705 2844 (552),
2731 2785 2915 2826 comes
2955 2767 3225 2824 Fuxensis
3252 2765 3426 2840 (535).

1835 2862 2064 2918 collecto
2085 2862 2328 2918 exercitu
2352 2861 2578 2932 copioso
2602 2859 2977 2931 supradictum
3006 2867 3248 2914 castrum
3271 2855 3432 2912 obse-

1834 2954 2053 3022 derunt,
2106 2953 2411 3025 erectisque
2463 2952 2736 3010 machinis
2783 2967 3099 3024 oppugnare
3146 2956 3426 3022 ceperunt.

1837 3044 1946 3104 Res
1989 3061 2120 3102 vero
2144 3045 2333 3101 comiti
2362 3043 2595 3117 Symoni
2642 3044 2899 3111 innotuit,
2943 3042 3038 3113 qui
3083 3052 3210 3096 mox
3239 3044 3431 3112 paucis

1762 3179 1804 3237 ο
1837 3138 2132 3196 admodum
2179 3136 2315 3194 viris
2346 3137 2609 3205 collectis,
2655 3135 2772 3208 regi
2821 3131 3123 3207 Arragonie
3174 3133 3434 3189 audacter

1839 3230 2109 3298 occurrit;
2163 3230 2586 3302 legionibusque
2639 3225 2924 3299 dispositis
2949 3269 2965 3296 ,
3025 3234 3280 3283 conserta
3348 3230 3437 3280 est

1837 3337 2019 3394 pugna
2067 3322 2103 3376 2
2145 3319 2275 3378 ldus
2311 3319 2669 3392 Septembris,
2723 3321 2923 3391 inqua
2979 3335 3076 3374 rex
3128 3315 3435 3388 Arragonie

1839 3429 1964 3469 cum
1987 3413 2238 3484 pluribus
2265 3412 2332 3468 de
2362 3427 2464 3468 suo
2486 3412 2728 3468 exercitu
2758 3411 3034 3467 occubuit.
3063 3407 3279 3479 Reliqui
3305 3420 3437 3464 vero

1839 3504 1968 3577 fuga
1989 3505 2159 3576 elapsi
2201 3512 2348 3573 sunt,
2384 3513 2438 3570 et
2466 3501 2682 3560 confusi
2716 3503 2784 3559 ad
2833 3503 3052 3574 propria
3097 3505 3432 3558 remearunt.

1841 3595 1918 3654 De
1938 3597 2103 3654 sociis
2133 3607 2315 3654 autem
2352 3597 2570 3654 comitis
2594 3595 2852 3670 Symonis
2873 3611 3018 3651 unus
3042 3603 3253 3650 tantum
3278 3592 3436 3650 miles

1841 3705 1967 3745 cum
2020 3690 2210 3761 paucis
2259 3689 2551 3745 clientibus
2598 3689 2654 3743 in
2703 3686 2802 3744 illo
2834 3686 3089 3744 conflictu
3138 3685 3355 3742 cecidit.
3389 3685 3438 3741 Α

1842 3781 2036 3838 diebus
2055 3780 2192 3838 Jude
2222 3781 2502 3838 Machabei
2528 3796 2705 3852 usque
2732 3781 2787 3835 in
2813 3795 3040 3852 presens
3068 3787 3286 3849 tempus
3311 3787 3404 3832 tan
3421 3807 3438 3817 -

1842 3883 1955 3928 tam
1985 3874 2389 3949 multitudinem
2417 3881 2531 3930 tam
2555 3873 2863 3930 mirabilem
2886 3888 2916 3928 a
2933 3870 3294 3945 paucissimis
3323 3878 3439 3926 tam

1844 3967 2168 4023 mirabiliter
2190 3967 2416 4036 victam,
2457 3983 2636 4025 cesam
2675 3978 2839 4040 atque
2868 3965 3114 4038 fugatam
3156 3977 3439 4038 nunquam

1843 4067 1899 4116 et
1951 4076 2224 4131 nusquam
2289 4060 2541 4133 legimus.
2597 4059 2802 4117 Eodem
2853 4069 3100 4132 tempore
3156 4058 3214 4116 in
3273 4073 3442 4131 regno

1849 4149 2185 4208 Francorum
2213 4152 2369 4224 pueri
2391 4161 2443 4209 et
2467 4151 2645 4224 puelle
2666 4169 2793 4209 cum
2823 4151 3099 4225 aliquibus
3116 4150 3442 4208 adolescen-

1849 4243 1975 4300 tulis
2005 4253 2059 4299 et
2109 4243 2334 4301 senibus
2381 4244 2600 4314 vexilla,
2652 4262 2863 4314 cereos,
2915 4258 3131 4313 cruces,
3164 4244 3445 4316 tlturibula

1845 4345 2148 4406 portantes,
2181 4337 2562 4407 proccssiones
2602 4335 2894 4407 faciebant,
2923 4351 2976 4396 et
3007 4357 3104 4411 per
3143 4340 3327 4406 urbes,
3359 4338 3444 4393 vi-

1846 4443 1943 4484 cos
1963 4436 2018 4484 et
2041 4430 2264 4485 castella
2287 4440 2545 4488 canentes
2566 4431 2737 4499 ibant,
2762 4433 2966 4490 Gallice
2993 4435 3397 4506 proclamantes
3427 4451 3441 4487 :

1777 4523 1822 4578 D
1849 4522 2072 4577 Domine
2097 4522 2260 4591 Deus,
2293 4518 2475 4578 exalto
2511 4522 2992 4582 christianitatem!
3026 4527 3250 4582 Domine
3278 4527 3446 4594 Deus,

1853 4615 2011 4670 redde
2043 4616 2190 4670 nobis
2241 4633 2415 4671 veram
2446 4618 2690 4672 crucem!
2727 4617 2847 4674 Non
2893 4619 3072 4676 solum
3121 4621 3221 4676 hec
3258 4621 3447 4686 verba,

1852 4708 1948 4764 sed
1976 4708 2083 4763 alia
2119 4708 2290 4764 multa
2313 4709 2700 4779 decantabant,
2731 4707 2860 4782 quia
2888 4711 3038 4769 varic
3066 4711 3451 4783 proccssiones

1852 4811 2028 4869 erant,
2051 4813 2106 4857 et
2127 4818 2457 4875 unaquequc
2482 4806 2764 4875 processio
2792 4821 2893 4878 pro
2936 4805 3094 4864 libitu
3142 4822 3244 4865 suo
3266 4807 3450 4863 varia-

1853 4894 1965 4950 bat.
2006 4892 2115 4951 Res
2143 4911 2275 4952 vero
2306 4895 2411 4952 ista
2437 4912 2468 4952 a
2494 4897 2694 4954 seculis
2722 4899 2964 4956 inaudita
2992 4900 3180 4957 multis
3209 4899 3313 4955 fuit
3352 4898 3453 4954 ad-

1855 4985 2152 5055 mirationi,
2195 4989 2343 5060 quod
2372 4998 2434 5046 ut
2475 4992 2753 5050 credimus
2781 4993 3095 5068 presagium
3142 4993 3482 5051 futurorum-

1855 5079 1980 5147 fuit,
2003 5095 2194 5136 eorum
2218 5083 2426 5140 scilicet
2447 5100 2555 5157 que
2575 5085 2632 5142 in
2647 5088 2897 5167 sequenti
2919 5103 3066 5145 anno
3083 5080 3452 5161 contigerunt:

1853 5168 1991 5227 Nam
2014 5173 2224 5245 legatus
2245 5170 2530 5234 Romanus
2557 5177 2729 5236 Gallie
2751 5181 2888 5238 fines
2915 5181 3220 5255 ingressus,
3263 5179 3454 5251 copio-

1855 5279 1976 5322 sam
2002 5267 2413 5326 multitudinem
2457 5268 2513 5328 in
2543 5273 2793 5330 crucifixi
2825 5275 3050 5331 nomine
3079 5289 3243 5331 cruce
3271 5273 3458 5345 signa-

1854 5355 1966 5423 vit;
1991 5355 2151 5429 cujus
2179 5353 2548 5420 multitudinis
2574 5381 2866 5423 numerum
2905 5365 3077 5423 solius
3103 5364 3199 5420 Dei
3228 5363 3456 5420 scientia

1857 5447 2083 5520 colligit.
2115 5449 2314 5510 Ottone
2363 5454 2694 5522 imperatore
2743 5472 2776 5515 a
2818 5473 2959 5530 papa
3011 5455 3331 5516 Innocentio
3359 5470 3457 5512 ex»

1456 5537 1694 5594 VARl/E
1734 5537 2142 5599 LECTIONES.

239 5624 306 5656 ⁸³³
339 5627 542 5681 addidit
566 5644 753 5683 manus
787 5646 888 5686 sec.
920 5627 1037 5685 XV.

1693 5719 1926 5779 ΝΟΤᾸΞ.

245 5800 390 5872 (552)
429 5801 741 5876 Commges.

1938 5817 2087 5888 (533)
2128 5816 2282 5876 Foix.
