3934 6316
511 286 620 343 399
1714 273 2073 331 SIGEBERTI
2116 276 2644 335 GEMBLACENSIS
3669 297 3760 349 ιο.

508 398 932 465 communicato,
974 396 1156 452 infans
1184 395 1375 467 Apulic
1426 393 1732 449 Romanum
1777 392 1879 446 sibi
1910 391 2099 446 vendi-
2131 397 2173 453 Λ
2204 393 2435 463 glurum.
2468 395 2566 449 Cui
2593 396 2861 451 successit
2890 395 3156 455 llcnricns
3183 399 3472 473 filiusejns
3501 419 3633 474 puer
3652 409 3751 465 duo

508 511 635 551 care
658 494 947 563 imperium
972 499 1058 546 est
1083 498 1335 544 conatus.
2212 484 2419 542 donnis_

581 587 741 641 1214.
771 565 1082 656 Stephanus
1110 578 1525 637 Cantuariensis
1550 576 1993 647 archiepiscopus
2018 590 2103 629 cc-
2284 576 2437 631 1217.
2493 577 2700 634 Bellum
2737 581 2878 649 apud
2933 580 3368 640 Lincolnicnscm
3414 588 3605 643 urbem
3651 592 3768 648 inter

508 677 721 747 terique
745 675 1047 745 Anglorum
1083 672 1385 743 pontifices,
1412 667 1670 723 monachi
1693 674 1746 721 et
1773 664 1979 732 clerici,
2011 663 2103 735 qui
2207 684 2387 736 regem
2428 670 2620 741 Anglic
2660 681 2714 727 et
2756 673 2896 728 inter
2946 672 3250 731 Norrenses
3278 687 3332 731 et
3367 678 3509 733 alios
3548 688 3767 750 potentes

506 786 608 841 pro
633 784 800 824 causa
824 766 1055 822 ecclesie
1075 765 1400 820 tenebantur
1428 761 1611 825 exilio,
1636 759 1907 814 mediante
1928 757 2107 813 cardi-
2207 760 2429 825 multos,
2453 761 2545 830 qui
2572 761 2746 816 eidem
2766 762 2879 834 regi
2902 763 3319 833 implacabiliter
3340 767 3764 840 inimicabantur;

504 862 644 927 nali,
670 861 781 932 regi
812 858 1257 923 reconciliantur,
1282 864 1335 910 et
1361 855 1428 909 ab
1452 870 1518 908 eo
1544 852 1884 922 recipiuntur
1909 850 1964 904 in
1993 848 2106 903 An-
2207 851 2303 907 sed
2330 853 2587 909 misertus
2611 852 2756 911 Deus
2778 856 2931 925 pueri
2954 857 3098 929 regis
3121 858 3452 927 innocentie,
3474 860 3765 933 priusquam

507 954 636 1022 glia,
673 960 727 1007 et
764 967 862 1008 sua
900 950 1004 1021 ipsi
1032 949 1332 1019 rccipiunt;
1365 947 1553 1017 sicque
1575 959 1805 1014 regnum
1841 942 1911 997 ab
1937 942 2106 995 inter-
2205 953 2389 1014 posset
2435 961 2586 1000 arma
2638 957 2877 1017 portare,
2909 949 3055 1005 dedit
3097 951 3148 1004 ei
3177 951 3243 1007 de
3266 942 3547 1010 'hostibus
3596 956 3763 1011 trium-

507 1044 639 1101 dicti
662 1044 953 1109 sententia,
979 1048 1067 1096 rex
1095 1058 1125 1095 a
1150 1055 1290 1094 nexu
1319 1034 1907 1093 exeommunicationis
1930 1033 2107 1087 absol-
2205 1036 2394 1106 phare.
2431 1036 2541 1093 Nec
2567 1040 2744 1094 solum
2773 1041 2829 1095 in
2864 1040 2969 1096 hoc
2994 1042 3188 1112 prelio,
3222 1044 3315 1099 sed
3338 1052 3393 1098 et
3419 1045 3476 1099 in
3521 1047 3655 1100 mari
3673 1062 3768 1116 pre-
3794 1090 3803 1099 .

505 1139 675 1193 vitur.
702 1136 966 1192 Redditur
993 1134 1237 1189 ecclesiis
1268 1148 1393 1188 cum
1417 1131 1728 1203 presalibus
1759 1138 1813 1183 et
1847 1128 2103 1183 christia-
2205 1126 2338 1183 lium
2371 1144 2630 1197 magnum
2661 1132 2959 1187 eomissum
3008 1141 3093 1188 est
3129 1133 3272 1190 inter
3300 1134 3549 1192 Francos
3590 1149 3641 1192 et
3676 1139 3767 1191 An-

506 1229 680 1283 nitate
710 1225 1099 1296 tranquillitas,
1132 1222 1385 1279 exulibus
1429 1238 1552 1276 cum
1607 1219 1771 1275 rebus
1812 1227 1866 1273 et
1907 1219 2102 1288 patria,
2204 1219 2341 1289 glos,
2366 1230 2419 1275 ct
2443 1220 2626 1276 divina
2654 1224 2915 1292 preliante
2943 1224 3145 1299 virtute
3165 1225 3369 1282 Gallica
3386 1228 3646 1298 juventus
3664 1246 3766 1285 cum

506 1318 623 1390 regi
652 1334 777 1374 eum
822 1317 1266 1373 reconciliatione
1309 1313 1647 1379 communio,
1693 1304 1837 1383 plebi
1866 1311 2101 1378 devotio,
2203 1312 2352 1366 omni
2375 1312 2594 1367 navium
2622 1323 2883 1384 apparatu
2916 1316 3059 1372 victa
3082 1325 3167 1372 est
3194 1319 3263 1373 ab
3293 1319 3487 1390 Anglis
3511 1328 3567 1374 et
3593 1320 3644 1374 in
3666 1337 3768 1390 pre-

509 1410 767 1466 omnibus
795 1410 848 1464 in
870 1424 1161 1465 commune
1190 1406 1473 1463 catholicis
1502 1421 1602 1476 pro
1643 1405 1851 1460 reddita
1877 1403 2104 1459 ecclesie
2202 1403 2328 1459 dam
2357 1405 2610 1461 abducta.
2639 1405 2715 1461 lbi
2746 1406 3075 1463 Eustachius
3108 1411 3439 1478 monachus,
3470 1411 3634 1465 homo
3658 1427 3767 1481 apo-

506 1516 642 1573 pace
664 1502 863 1558 lctieia.
889 1501 1202 1556 Ferrandus
1225 1498 1576 1554 Flandrcnsis
1596 1512 1783 1552 comes
1807 1512 1838 1552 a
1854 1495 2102 1566 Philippo

506 1609 635 1665 rege
673 1593 1014 1648 Francorum
1045 1593 1237 1663 pulsus
1286 1608 1317 1646 a
1370 1590 1648 1657 Flandria,
1698 1588 1948 1644 Ottonem
1979 1587 2103 1643 Ale-
2201 1586 2328 1654 dus,
2357 1586 2533 1657 capite
2573 1588 2767 1658 plcxus
2793 1599 2898 1657 est,
2928 1598 3060 1647 tunc
3091 1593 3356 1662 temporis
3402 1591 3631 1651 Francis
3662 1609 3766 1665 pre-

507 1687 729 1741 mannie
757 1694 811 1741 et
834 1684 1140 1741 Iohannem
1189 1684 1381 1756 Anglic
1418 1698 1574 1754 reges
1604 1681 1845 1753 expetiit,
1873 1689 1922 1736 et
1951 1681 2102 1751 pepi-
2132 1742 2172 1756 __
2202 1675 2338 1731 hens
2365 1676 2653 1745 auxilium,
2699 1686 2755 1732 et
2802 1679 3056 1750 princeps
3098 1680 3245 1737 illius
3284 1681 3491 1754 navigii
3528 1680 3768 1739 Roberttts

508 1779 584 1848 git
606 1776 763 1832 fedus
793 1792 917 1831 eum
941 1776 1043 1832 eis.
1079 1742 1338 1843 Quorum
1368 1742 1540 1829 frctus
1570 1742 1776 1829 auxilio
1815 1742 2099 1844 regressus
2132 1742 2175 1802 Β
2202 1768 2270 1823 de
2296 1767 2611 1825 Comenaio.
2638 1742 2822 1841 Capta
2853 1780 2939 1828 est
2973 1742 3010 1826 εί
3036 1773 3354 1830 christianis
3380 1742 3628 1830 113mm
3659 1776 3768 1833 urbs

470 1869 563 1923 ain
587 1868 921 1936 Flandriam,
947 1884 1067 1924 eam
1100 1882 1237 1938 pene
1269 1876 1434 1922 totam
1462 1866 1528 1921 de
1555 1881 1721 1921 manu
1757 1865 1901 1936 regis
1926 1863 2099 1919 Fran-
2201 1857 2393 1930 Egypti
2424 1857 2749 1928 fortissima,
2776 1860 2871 1917 sed
2899 1861 2956 1917 in
2982 1862 3135 1919 brevi
3160 1863 3358 1919 iterum
3393 1879 3424 1918 a
3478 1862 3768 1921 Sarracenis

2203 1504 2364 1563 stata,
2391 1507 2579 1569 pyrata
2615 1507 2669 1553 et
2697 1500 2866 1568 predo
2903 1502 3201 1570 pessimus,
3229 1503 3454 1572 utrique
3479 1518 3644 1574 regno
3667 1504 3769 1560 inli-
3871 1544 3880 1569 .

503 1976 696 2015 eorum
722 1969 970 2032 potenter
1003 1960 1224 2031 eripuit,
1251 1974 1352 2029 ope
1372 1968 1427 2013 ct
1448 1957 1715 2013 industria
1760 1957 2001 2012 virorum
2027 1955 2097 2009 il-

505 2053 760 2108 lustrium
794 2053 886 2119 δι’,
916 2061 970 2107 et
1003 2052 1259 2123 precipue
1290 2049 1561 2106 Guillelmi
1593 2049 1811 2105 comitis
1840 2046 2099 2103 Saresbc-

501 2144 726 2209 riensis,
750 2143 935 2200 fratris
958 2143 1101 2214 regis
1131 2142 1342 2214 Anglic,
1373 2151 1425 2196 et
1450 2141 1666 2197 comitis
1691 2139 1915 2196 Bolonie
1938 2138 2099 2211 Regi-

2200 1960 2540 2021 recuperata.
2586 1951 2989 2009 Concluserunt
3024 1955 3172 2011 enim
3207 1954 3500 2012 Sarraceni
3540 1956 3768 2011 christiao

2199 2057 2397 2115 norum
2420 2042 2745 2103 exercitum
2812 2062 2937 2102 cum
2988 2062 3115 2118 rege
3162 2048 3470 2118 ceterisque
3525 2047 3768 2109 nobilibus

2199 2135 2536 2203 christianis,
2565 2145 2621 2194 et
2663 2153 2774 2193 non
2802 2138 3023 2195 invento
3066 2139 3217 2196 aditu
3246 2140 3512 2196 evadendi
3542 2140 3667 2207 alio,
3688 2138 3767 2193 Ila-

2199 2228 2421 2283 mietam
2445 2244 2545 2298 pro
2576 2244 2675 2285 sua
2702 2229 3024 2288 liberatione
3064 2231 3347 2287 christiani
3374 2231 3643 2287 dederunt
3668 2228 3767 2284 Sat.

2200 2319 2434 2387 racenis,
2478 2319 2573 2389 qui
2603 2321 2768 2375 etiam
2802 2320 3091 2379 Sarraccni
3119 2324 3301 2380 crucis
3346 2332 3538 2379 sancte
3565 2330 3765 2393 partem.

2198 2425 2364 2481 quam
2391 2411 2613 2483 triginta
2641 2414 2884 2484 quinque
2928 2413 3100 2471 ferme
3133 2415 3297 2471 annis
3327 2422 3636 2481 tenuerant,
3662 2429 3765 2469 cum

2199 2504 2428 2573 captivis
2460 2505 2718 2562 omnibus
2760 2506 3097 2574 christianis,
3129 2523 3230 2578 pro
3258 2507 3510 2578 ejusdem
3547 2506 3764 2563 Damiete

2198 2598 2610 2667 i'ecupemtione
2634 2598 2988 2655 reddiderunt
3013 2600 3351 2656 christianis.
3383 2598 3574 2655 Infans
3600 2598 3766 2669 Apulie

2197 2703 2229 2743 a
2255 2689 2478 2744 domino
2500 2705 2639 2760 papa
2669 2689 2913 2747 Honorio
2939 2692 3270 2748 sublimatur
3298 2692 3354 2747 in
3385 2692 3763 2763 imperatorem.

2198 2778 2528 2848 Ludovicus,
2560 2782 2708 2839 filius
2747 2784 2892 2854 regis
2917 2783 3168 2852 Francie,
3200 2794 3496 2855 postquam
3543 2783 3690 2839 rediit
3710 2782 3767 2836 de

488 2236 672 2301 maldi,
717 2235 996 2291 Iohannes
1043 2250 1138 2290 rex
1186 2233 1377 2305 Anglic
1430 2232 1485 2287 in
1529 2231 1881 2303 Aquitaniam
1923 2232 2099 2287 classe

483 2334 867 2394 'transvectus,
897 2324 1261 2381 reconciliatis
1284 2324 1386 2380 sibi
1410 2324 1759 2395 magnatibus
1785 2332 1928 2379 terre
1956 2323 2097 2377 mni-

484 2420 593 2486 tis,
619 2434 869 2490 magnam
890 2428 1098 2490 partem
1143 2417 1414 2489 provintie
1442 2434 1542 2473 suo
1558 2416 1669 2488 juri
1692 2417 1952 2473 restituit.
1974 2415 2098 2470 Phi-

496 2509 681 2580 lippus
711 2511 895 2581 itaque
924 2526 1017 2565 rex
1044 2509 1382 2566 Francorum
1411 2511 1584 2565 misso
1612 2518 1802 2565 contra
1832 2526 1957 2565 eum
1984 2510 2095 2567 ﬁlio

500 2600 800 2669 Ludovico,
826 2601 943 2671 ipse
968 2601 1196 2656 collecto
1224 2601 1465 2656 exercitu
1488 2598 1936 2668 Flandrensihus,
1959 2617 2097 2671 quo-

499 2710 626 2750 rum
650 2695 796 2749 vires
817 2694 930 2765 jam
958 2693 1124 2749 nimis
1157 2702 1530 2761 excrevcrant,
1562 2693 1778 2749 censuit
1804 2709 2097 2749 occurren-

498 2786 654 2842 dum.
677 2784 845 2857 Igitur
869 2786 1010 2840 intra
1041 2786 1177 2841 fines
1198 2784 1451 2841 Flandrie
1479 2787 1540 2841 fit
1585 2786 1839 2857 utrinque
1863 2801 2096 2842 concur-

498 2893 618 2944 sus,
642 2886 695 2931 et
718 2877 1000 2948 dispositis
1022 2877 1246 2933 aciebus
1266 2877 1408 2947 apud
1429 2876 1930 2948 pontcmWentini,
1956 2878 2097 2934 inter
2196 2872 2412 2946 Anglia,
2446 2875 2671 2931 collecto
2704 2893 2923 2933 rursum
2956 2877 3199 2933 exercitu
3237 2876 3496 2932 Tolosam
3529 2875 3674 2941 adiit,
3708 2874 3768 2930 ci-

497 2954 883 3025 Mauritaniam
929 2980 984 3025 et
1030 2969 1361 3037 Tornaeum,
1399 2966 1609 3031 6‘Kal..
1641 2970 1778 3044 Aug.
1811 2972 1899 3028 die
1930 2973 2091 3029 etiam
2195 2964 2418 3021 Vitalem
2459 2968 2893 3037 potentissimam
2949 2980 3004 3024 et
3044 2978 3175 3024 tunc
3226 2970 3495 3040 temporis
3539 2968 3766 3038 Albigen-

496 3059 793 3126 dominica,
831 3076 1010 3131 pugna
1045 3058 1432 3127 committitur,
1463 3070 1517 3115 ct
1568 3061 1622 3115 in
1656 3061 1910 3117 conflictu
1948 3064 2092 3119 ceei-
2119 3084 2164 3148 C
2197 3056 2341 3113 slum
2366 3058 2438 3091 ⁸²⁹
2459 3060 2759 3132 refugium;
2788 3062 2882 3117 sed
2904 3061 3072 3116 nichil
3087 3062 3161 3116 ibi
3181 3060 3501 3132 proficiens,
3524 3061 3659 3116 idem
3677 3057 3765 3113 Lu-

497 3151 628 3206 dere
664 3151 932 3217 nonnulli,
980 3149 1177 3206 Fr..nci
1209 3150 1426 3206 tandem
1475 3151 1710 3221 palmam
1762 3152 1989 3209 victorie
2015 3163 2095 3210 te-
2157 3150 2420 3220 ,dovicus
2446 3151 2800 3224 in'patcrnos
2827 3152 3166 3209 lines‘Gallie
3189 3168 3308 3208 sese
3329 3153 3557 3224 recepit.

500 3250 759 3298 nuerunt.
790 3241 848 3297 In
875 3243 978 3298 hoc
1005 3243 1144 3299 bello
1165 3242 1484 3299 Flandrensi
1510 3259 1574 3299 ex
1625 3244 1742 3300 acie
1775 3245 1917 3316 capti
1968 3256 2095 3301 sunt
2268 3243 2402 3299 1221
2434 3244 2526 3299 ll”.
2578 3245 2888 3316 Stephanus
2936 3246 3003 3302 de
3034 3244 3346 3319 Lanketone
3375 3242 3766 3301 Cantuariensis

481 3334 705 3406 egregii
751 3344 1082 3407 pugnatores
1126 3346 1362 3407 quatuor
1410 3336 1658 3404 comites,
1690 3336 1902 3393 Pilatus
1943 3339 2094 3411 (554)
2195 3336 2642 3409 archiepiscopus
2669 3339 2785 3395 sedi
2812 3339 3034 3410 proprie
3057 3338 3388 3406 restituitur,
3410 3354 3440 3393 a
3464 3352 3634 3409 puero
3659 3349 3763 3406 rego

496 3426 855 3493 Alcmannus,
893 3424 1206 3485 Ferrandus
1233 3428 1611 3497 Flandrcnsis,
1647 3429 1955 3487 Willelmus
1991 3430 2095 3486 Sa-
2195 3423 2432 3481 Henrico
2452 3427 2507 3481 in
2534 3443 2667 3497 pace
2698 3436 3006 3498 susceptus.

498 3519 881 3588 rcsbcricnsis,
926 3520 1255 3592 ltcginaldus
1281 3520 1647 3589 Boloniensis,
1669 3530 1724 3577 et
1764 3523 2094 3580 sencscallus
2267 3519 2426 3575 1221.
2473 3518 2619 3575 Obiit
2648 3519 2917 3577 Robertus
2944 3520 3185 3578 Polanus
3212 3518 3668 3594 Bothomagensis
3689 3536 3761 3576 ar-

497 3608 733 3678 Ottonis,
765 3621 819 3667 et
853 3612 1054 3668 milites
1082 3614 1173 3668 alii
1204 3621 1315 3668 tam
1340 3614 1646 3669 mediocres
1666 3630 1831 3683 quam
1857 3614 2095 3671 illustres
2195 3612 2596 3685 chiepiscopus.
2643 3611 2746 3668 Cui
2776 3614 3042 3670 successit
3078 3613 3426 3670 Theobaldus
3464 3613 3534 3669 de
3562 3612 3763 3668 Ambia-

497 3701 717 3758 circiter
760 3702 883 3759 150.
929 3701 1060 3760 Post
1084 3705 1186 3760 hec
1218 3720 1310 3759 rex
1356 3703 1644 3774 Philippus
1673 3714 1866 3761 contra
1910 3721 2095 3778 regem
2194 3706 2303 3774 nis,
2328 3705 2710 3762 thesaularius
2736 3706 2965 3762 ecclesie
3009 3704 3472 3779 Rothomagensis
3520 3705 3635 3779 [qui
3660 3703 3764 3775 qui-

496 3794 688 3866 Anglie
728 3803 910 3851 movet
949 3797 1286 3863 exercitum;
1325 3796 1421 3851 sed
1458 3796 1649 3867 legatis
1682 3796 2094 3853 intervenienti-
2194 3798 2317 3853 dem
2344 3797 2618 3855 Robertus
2640 3806 2885 3854 nostram
2909 3798 3514 3865 dedicavitceclesiam,
3537 3808 3591 3853 et
3613 3794 3764 3866 sepul-

495 3885 623 3955 bus,
662 3888 803 3943 inter
844 3904 939 3943 cos
969 3888 1407 3958 quinquennales
1451 3887 1738 3942 firmantur
1766 3887 1992 3944 indutic.
2030 3888 2097 3946 Et
2196 3900 2284 3947 tus
2313 3901 2399 3948 est
2430 3894 2485 3948 in
2522 3893 2692 3949 choro
2728 3901 2919 3949 nostro
2944 3891 3061 3966 m].

496 3977 572 4033 ita
598 3993 851 4034 reversus
880 3987 959 4033 est
992 3994 1087 4033 rex
1117 3978 1401 4049 Philippus
1430 3978 1485 4033 in
1528 3977 1847 4045 Franciam;
1882 3995 1979 4034 rex
2008 3978 2097 4035 Jo-
2267 3984 2405 4039 1222
2432 3984 2523 4040 ⁵²³.
2560 3984 2772 4055 Corpus
2818 3984 2992 4040 sancti
3024 3982 3234 4040 Thome
3274 3981 3684 4039 Cantuariensis
3706 3977 3761 4035 de

496 4069 712 4127 hannes
748 4071 803 4126 in
845 4071 1097 4142 Angliam
1148 4086 1206 4128 se
1258 4072 1479 4143 recepit.
1524 4071 1876 4128 Terremotus
1922 4072 1976 4127 in
2006 4073 2096 4130 ad-
2195 4088 2336 4133 terra
2367 4079 2596 4134 levatur.
2628 4076 2863 4133 Sanctus
2890 4076 3201 4132 Willelmus
3221 4075 3583 4131 Bituricensis
3612 4070 3765 4128 archi-

474 4166 663 4215 ‘V'entu
711 4159 928 4215 Domini
978 4162 1047 4216 15
1080 4161 1198 4217 Kal.
1231 4161 1457 4217 Ianuar.
1489 4173 1571 4217 ter
1601 4162 1655 4216 in
1688 4178 1797 4218 una
1827 4173 1985 4220 nocte
2013 4163 2095 4222 fa-
2193 4170 2505 4241 episcopus,
2546 4168 2930 4225 Cistcrcicnsis
2977 4168 3186 4224 ordinis
3234 4167 3568 4233 monachus,
3611 4163 3762 4219 Rome

498 4261 622 4308 ctus
657 4262 759 4308 est.
795 4252 1003 4309 Clobus
1052 4255 1245 4326 igneus
1275 4255 1706 4326 magnitudinem
1757 4255 1912 4311 bovis
1936 4272 2095 4313 exce-
2192 4263 2571 4325 cantznizatur,
2597 4278 2743 4317 anno
2774 4261 2862 4317 50.
2894 4278 2925 4316 a
2947 4262 3208 4333 martyrio
3234 4276 3355 4315 suo.

494 4346 651 4411 dens,
672 4354 722 4400 et
760 4361 1018 4418 magnum
1050 4348 1234 4403 lumen
1260 4350 1536 4415 emittcns,
1564 4348 1715 4403 visus
1755 4358 1839 4404 est
1882 4350 1936 4404 in
1969 4366 2093 4406 acre
2267 4354 2426 4410 1225.
2453 4354 2698 4426 Pbilipus
2733 4370 2828 4409 rex
2861 4352 3200 4410 Francorum
3236 4351 3649 4415 invictissimus;
3680 4346 3759 4419 qui

472 4439 639 4494 circa
666 4438 773 4495 dici
797 4439 1036 4509 initium,
1073 4440 1198 4498 ldus
1221 4439 1916 4514 Januarii.£clypsislune
1942 4440 2083 4498 facta
2114 4453 2162 4514 υ
2190 4447 2292 4505 sibi
2321 4462 2428 4502 non
2475 4463 2700 4518 parvam
2748 4455 2957 4517 partem
3007 4444 3321 4517 Aquitanic,
3365 4442 3755 4503 Normanniam,

470 4538 578 4586 «est
606 4531 672 4585 16
700 4530 817 4587 Kal.
853 4532 1053 4589 Martii.
2191 4536 2524 4608 i'~'landriam,
2562 4556 2684 4596 cum
2709 4548 2862 4611 parte
2890 4538 3132 4594 Pictavic
3180 4532 3756 4608 maximaisubjugavil,

566 4624 723 4680 1215.
756 4624 927 4681 Rome
953 4628 1203 4699 generale
1228 4627 1521 4683 concilium
1546 4644 1576 4682 a
1609 4644 1745 4699 papa
1768 4625 2086 4683 Innocentio
2189 4630 2242 4684 2.
2276 4628 2400 4686 Idus
2431 4629 2560 4685 Julii
2585 4629 2653 4685 de
2699 4630 2879 4686 medio
2906 4628 3083 4684 factus
3112 4629 3182 4683 ab
3207 4629 3311 4682 hac
3351 4627 3460 4682 vita
3509 4622 3753 4696 migravit.

490 4715 819 4773 celebratur.
849 4718 979 4775 Orta
1012 4720 1154 4775 inter
1201 4736 1382 4791 regem
1419 4719 1718 4791 Anglorum
1756 4727 1810 4774 et
1850 4718 2085 4775 barones

493 4809 644 4879 gravi
683 4811 1045 4879 dissensione,
1082 4812 1274 4884 Anglia
1309 4813 1455 4869 dolet
1496 4828 1555 4867 se
1588 4811 1766 4882 gladio
1791 4811 2086 4882 multisque

491 4903 895 4963 calamitatibus
925 4909 1226 4979 subjacere.

565 4997 720 5053 1216.
750 4980 1078 5069 Ludovicus,
1101 5000 1337 5071 Philippi
1373 5000 1516 5071 reg's
1542 4998 1881 5055 Francorum
1917 4996 2083 5067 filius,

488 5086 853 5145 confcderatis
876 5092 977 5146 sibi
1003 5094 1350 5164 magnatibus
1372 5091 1584 5163 Anglic,
1609 5090 1701 5163 qui
1724 5091 1839 5164 regi
1857 5089 2087 5148 rebella-

373 5202 386 5220 ι
488 5180 640 5246 bant,
666 5198 789 5237 cum
819 5183 1004 5242 multis
1043 5186 1276 5240 navibus
1302 5193 1355 5240 et
1381 5193 1717 5239 armatorum
1753 5185 1995 5240 exercitu
2024 5183 2079 5237 in

488 5271 739 5344 Angliam
791 5275 1178 5334 transfretavit.‘
1226 5278 1576 5334 Innocentius
1622 5276 1689 5331 III
1745 5293 1881 5348 papa
1921 5276 2074 5331 obiit.

489 5363 591 5420 Cui
624 5369 885 5423 successit
908 5368 1184 5428 Ilonorius
1216 5370 1304 5428 IlI.
1340 5372 1487 5428 Obiit
1527 5370 1807 5427 Iohannes
1845 5385 1937 5423 rex
1965 5368 2077 5421 An-

2192 4721 2289 4778 Ilic
2315 4722 2521 4778 nullum
2546 4739 2786 4795 unquam
2806 4723 3137 4794 proditorem
3158 4720 3381 4784 amavit,
3406 4720 3501 4775 sed
3515 4722 3755 4789 quotquot

2188 4812 2257 4870 ad
2283 4830 2341 4870 se
2364 4816 2670 4880 veniebant,
2703 4815 2922 4870 castella
2952 4822 3004 4868 et
3046 4813 3206 4868 villas
3237 4812 3306 4867 ab
3334 4812 3417 4867 eis
3459 4807 3752 4881 accipiebat,

2188 4917 2240 4963 et
2270 4924 2365 4963 eos
2391 4907 2457 4963 de
2481 4924 2648 4979 regno
2678 4924 2778 4961 suo
2808 4908 2926 4962 sine
2957 4922 3052 4976 spe
3079 4903 3380 4959 revertendi
3411 4903 3623 4973 penitus
3644 4897 3754 4953 ellu-

2187 5001 2366 5071 gabat.
2406 4999 2564 5070 Apud
2617 4999 2929 5055 Mcdontam
2979 4999 3290 5064 defunctus,
3325 4994 3467 5067 apud
3517 4993 3751 5049 Sanctum

2185 5093 2524 5165 llyonisium,
2558 5093 2944 5149 assistentibus
2979 5094 3050 5148 22
3073 5091 3344 5163 episcopis
3373 5096 3428 5143 et
3466 5084 3502 5140 2
3534 5082 3754 5140 cardina-

2183 5186 2327 5242 libus
2360 5196 2413 5242 et
2460 5203 2583 5259 rege
2609 5186 3071 5253 Jerosolimitano,
3104 5184 3282 5257 sepult
3304 5196 3380 5235 u-e
3414 5180 3634 5233 lradilus
3658 5179 3747 5227 est.

2186 5274 2285 5329 Cui
2310 5278 2576 5333 successit
2604 5276 2913 5332 Ludovicus
2963 5278 3104 5332 filius
3132 5276 3253 5346 ejus
3279 5274 3332 5327 in
3364 5286 3603 5345 regnum.
3627 5266 3752 5320 Ante

2184 5366 2393 5423 anitum
2436 5369 2579 5442 regis
2607 5368 2805 5440 Philipi
2832 5385 2978 5425 anno
3010 5364 3332 5441 procedente
3356 5368 3474 5425 visa
3499 5371 3579 5421 est
3613 5353 3748 5415 stella

1783 5459 2017 5515 VABIA‘Z
2057 5459 2462 5517 LECTIONES.

561 5552 629 5584 ⁸¹³
656 5555 900 5624 quoniam
927 5555 1118 5610 deleta.
1213 5555 1283 5588 ⁸η
1314 5556 1651 5627 abigensinm
1678 5574 1721 5610 c.

1823 5556 1893 5588 5“
1922 5572 2093 5607 amms
2117 5556 2367 5610 incertus.

2472 5557 2540 5589 '0”
2573 5526 2700 5612 add.
2726 5568 2915 5610 manus
2937 5568 2983 5611 δ.
3007 5549 3057 5608 Χ
3074 5549 3133 5609 1⁷.

1971 5643 2202 5704 NOTAE.

561 5733 708 5795 (551)
753 5735 789 5791 I.
823 5753 870 5793 ο.
906 5754 1087 5793 ('tilllt‘S
1110 5740 1331 5809 pilatus,
1364 5738 1623 5810 Raugral‘.
