3934 6316
135 399 225 454 401

988 396 1355 454 ΕΗΒΟΝΙΟΑ.
1397 430 1469 440 ——
1506 399 1915 458 AUCTARlUM
1956 383 2499 461 URSICAMPINUM.

3288 390 3457 467 ica"

134 517 271 572 circa
315 492 574 568 occasum
604 511 736 568 solis
770 510 1146 579 Decembrilis,
1190 513 1423 583 plurime
1452 507 1716 585 magu'itu-
1743 516 1824 575 A'
1889 517 2044 575 1229.
2083 502 2113 570 7
2150 517 2267 572 Kal.
2293 518 2543 575 Octobris
2566 521 2701 575 obiit
2721 520 2805 590 pie
2837 523 3096 577 memorie
3132 523 3404 579 Thcobal—

132 606 287 672 diuis,
314 604 514 659 ardens
534 603 683 659 velut
707 602 907 669 facula,
935 604 1119 659 radios
1146 620 1367 660 sursum
1395 605 1629 676 erigens,
1659 615 1715 661 et

134 698 183 751 in
208 704 430 751 acutum
458 695 609 751 velut
636 694 691 749 in
720 709 921 751 conum
958 696 1238 767 colligens,
1261 706 1405 752 terre
1428 697 1607 753 vicina
1632 698 1715 752 vi-

130 788 371 854 debatur,
399 795 454 843 et
475 786 698 857 aliquod
725 785 1031 858 prodigium
1065 788 1386 858 portendere
1415 787 1708 843 ferebatur.

130 877 272 933 Hanc
291 877 546 933 dicebam
570 893 694 933 esse
717 887 1007 933 cometem.
1046 876 1378 945 Ludovicus,
1406 878 1550 949 regis
1580 878 1711 933 Phi-

130 969 214 1037 lipi
240 968 408 1034 ﬁlius,
450 967 485 1022 8
518 966 645 1025 ldus
667 968 899 1039 Augusti
929 977 1130 1027 unctus
1149 978 1203 1026 et
1223 978 1516 1026 coronatus
1544 978 1627 1027 est
1655 970 1711 1025 in

130 1064 298 1128 regem
318 1058 466 1127 apud
492 1055 680 1114 Remis
704 1059 1001 1115 civitatem.

193 1146 329 1202 1225
371 1148 467 1204 ⁸³⁸.
504 1149 539 1204 5
569 1147 708 1203 Νοη.
740 1148 871 1205 Julii
906 1151 1040 1206 obiit
1073 1150 1266 1207 Vitalis
1296 1152 1466 1208 abbas
1512 1152 1711 1209 Mortui

129 1241 302 1296 maris.
349 1239 457 1296 Cui
507 1243 776 1298 successit
818 1241 1163 1310 Osmundus,
1226 1243 1473 1314 ejusdem
1513 1245 1710 1300 domus

127 1347 281 1402 pI‘lOl‘.

191 1425 323 1480 1226
358 1426 453 1482 ⁸³⁷.
498 1426 531 1481 7
578 1427 704 1485 idus
732 1428 1055 1485 Novembris
1094 1430 1230 1486 obiit
1276 1429 1585 1485 Ludovicus
1612 1444 1709 1485 rex

127 1515 475 1573 Francorum.
507 1518 611 1575 Cui
657 1522 923 1581 successit
947 1520 1258 1578 Ludovicus
1307 1522 1450 1577 tilius
1492 1522 1632 1593 ejus.
1675 1522 1710 1576 5

129 1607 235 1663 Kal.
262 1607 521 1668 Octobris
550 1613 683 1668 obiit
725 1602 1041 1671 Osmundus
1071 1615 1240 1671 abbas
1293 1614 1492 1670 Mortui
1518 1615 1704 1671 maris.

124 1698 217 1754 Cui
242 1705 510 1759 successit
529 1705 747 1762 donnus
776 1706 1041 1763 Ricardus
1063 1706 1429 1762 Costentinus.

188 1793 339 1849 1227.
372 1793 525 1852 Obiit
564 1796 840 1855 Honorius
868 1815 1041 1871 papa;
1079 1800 1166 1855 cui
1202 1799 1468 1856 successit
1499 1798 1706 1869 Grego-

129 1902 248 1942 nus.

1813 607 1917 663 dus
1945 608 2011 663 de
2033 604 2333 670 Ambianis,
2361 610 2804 681 archiepiscopus
2832 611 3306 683 Rothomagensis.

1888 743 2042 798 l25l.
2080 742 2181 799 Cui
2223 746 2490 800 successit
2533 747 2859 802 venerabilis
2907 746 3227 813 Mauricius,
3276 758 3400 818 post

1813 834 1991 906 ipsum
2014 835 2470 909 Rothomagensis
2492 840 2957 911 archiepiscopus.

1885 972 2041 1027 1254.
2080 971 2260 1029 Pridie
2298 973 2425 1030 Idus
2449 972 2695 1029 Januarii
2734 975 2870 1030 obiit
2908 974 3048 1045 apud
3094 972 3397 1031 Salicosam
3479 991 3503 1014 ο

1811 1065 1898 1134 pie
1922 1066 2183 1121 memorie
2219 1065 2515 1122 Mauricius
2538 1066 2999 1138 Rothomagensis
3022 1066 3395 1136 archiepisco-

1810 1175 1932 1229 pus,
1964 1159 2030 1214 de
2054 1160 2179 1215 sedc
2202 1158 2599 1216 Cenomanensi
2627 1177 2656 1215 a
2691 1160 2913 1215 domino
2941 1174 3081 1230 papa
3100 1157 3398 1214 Rothoma-

1811 1252 1963 1322 gensi
1984 1245 2211 1307 ecclesie
2233 1262 2574 1324 prerogatus.
2594 1251 2699 1320 Qui
2728 1251 2944 1307 fervens
2968 1251 3081 1306 zelo
3100 1251 3398 1321 viveusque

1809 1345 1948 1411 celo,
1976 1345 2182 1399 nullam
2226 1344 2280 1399 in
2313 1344 2474 1401 terris
2504 1346 2804 1416 accipiebat
2830 1324 3285 1415 personaminon
3310 1358 3398 1399 re-

1809 1452 1951 1509 gem,
2000 1453 2108 1493 non
2140 1438 2464 1509 principem,
2489 1454 2619 1506 ,non
2668 1448 2982 1512 tyrannum,
3013 1453 3123 1492 non
3151 1436 3405 1495 divitem.

1812 1528 2129 1585 Sacerdotes
2154 1529 2481 1586 fornicarios
2496 1532 2846 1586 vehementer
2867 1530 3245 1595 execrabatur,
3261 1527 3398 1598 deji-

1809 1620 1983 1676 ciebat
2009 1637 2102 1677 eos
2128 1623 2194 1677 de
2220 1620 2487 1690 ecclesiis,
2516 1631 2569 1678 et
2604 1623 2670 1678 ad
2702 1623 2886 1678 sedem
2913 1621 3269 1692 apostolicam
3301 1635 3397 1674 eos

1808 1708 2170 1768 absolvendos
2204 1715 2469 1770 mittebat.
2496 1715 2760 1770 Doctores
2787 1716 3016 1769 honeste
3039 1713 3148 1768 vite
3175 1721 3230 1768 et
3256 1713 3413 1767 bone

1810 1802 1954 1859 fame.
1977 1806 2342 1861 venerabatur
2364 1802 2419 1862 et
2443 1807 2656 1878 magnis
2683 1806 2964 1863 beneﬁcii“.
2993 1806 3197 1862 ditahat
3230 1805 3317 1859 ⁵³⁸.

1407 2003 1643 2058 ΥΑῙὶΙΑΞ
1683 2000 1860 2058 LECT
1866 1999 1977 2055 ION
1986 1999 2088 2055 ES.

188 2138 253 2169 ⁸³⁸
286 2154 538 2211 numerus
561 2143 689 2194 arani
717 2156 929 2202 erasus;
966 2142 1193 2210 fortasse
1223 2142 1324 2211 fuit
1356 2141 1509 2196 1224.
1587 2143 1657 2173 ³¹⁷
1695 2156 1942 2195 numerus
1972 2156 2175 2193 erasas.
2255 2138 2324 2171 ⁵²⁸
2353 2137 2611 2204 Qutedam
2639 2140 2692 2192 in
2719 2139 2823 2208 ﬁne
2855 2140 3085 2209 paginw,
3134 2157 3253 2211 quae
3283 2141 3396 2211 for-

130 2216 252 2261 tasse
275 2227 327 2263 a.
359 2209 507 2264 2135
535 2211 814 2265 historiam
839 2209 1399 2279 illastrabant,ierasa
1421 2223 1562 2266 sunt.

136 2346 2696 2384 Μ

2536 2350 3403 2380 m

718 2523 1558 2654 AUCTARIUM
1648 2530 2785 2649 URSICAMPINUM.

190 2760 331 2816 lntra
368 2779 425 2815 a.
464 2758 776 2815 “55-1200
808 2758 1093 2813 monachus
1135 2757 1433 2827 Ursicampi
1476 2752 2022 2827 (Orcamp,_diweesis
2056 2738 2448 2827 Noeiomensis)
2496 2750 2824 2821 Sigebertum
2872 2752 3262 2827 descripsitﬂex
3316 2716 3390 2815 Di

125 2848 227 2886 cum
248 2833 489 2886 omnibus
517 2831 628 2893 eius
651 2839 806 2900 atque
842 2829 1229 2883 Bellovaeensis
1255 2827 1711 2947 additamentis,7

127 2905 242 2947 terni
273 2904 340 2947 ad
368 2902 581 2947 uerbum
613 2902 924 2947 deserimus-
952 2909 1003 2947 et
1031 2900 1141 2947 alia
1164 2899 1428 2947 aumddm-
1451 2915 1513 2947 ea
1533 2913 1651 2947 (ma!
1693 2916 1707 2947 ι

1693 2916 1707 2947 ι

127 2905 242 2957 trusi
273 2904 340 2957 ad
368 2902 581 2957 verbum
613 2899 926 2971 deseriptos,
952 2909 1003 2954 et
1031 2900 1141 2953 alia
1164 2899 1428 2971 quwdam,
1451 2915 1513 2971 ea
1533 2913 1651 2971 qua;

1715 2825 1867 2877 uibus
1895 2825 2004 2887 ipse
2036 2822 2253 2893 addidit
2274 2838 2490 2892 magnos
2514 2831 2755 2876 centones
2781 2839 2844 2877 ea:
2869 2821 3113 2893 Gal/'rido
3145 2825 3393 2882 Monmu-
3453 2831 3457 2836 ’

1713 2896 1759 2967 ic
1786 2895 1995 2967 damas.
2026 2891 2178 2967 idem
2209 2891 2661 2967 continuationem
2695 2891 2990 2967 novam'ita
3030 2898 3304 2967 conﬂavit,
3336 2910 3395 2953 at

126 2972 671 3054 Prwmonstratensem
698 2988 762 3025 ex
783 2958 852 3025 Ri
912 2958 1229 3034 describens,
1256 2958 1507 3041 usque-ad
1537 2958 1873 3059 21.112231.“
1894 2962 2142 3059 Anselrnto
2171 2962 2461 3059 plurimum
2484 2958 2855 3059 interpofaret,
2885 2958 3223 3059 post'pufam
3242 2958 3396 3059 eihi-

125 3044 265 3108 beret,
290 3045 353 3097 de
382 3060 479 3097 suo
510 3044 742 3097 inserens
774 3058 865 3111 per
895 3051 1060 3094 totam
1087 3058 1147 3095 ea
1170 3050 1469 3111 tantumrqu

1474 3055 1520 3094 ω
1547 3038 1631 3092 hic
1662 3036 1984 3093 exhibemus.
2012 3032 2105 3087 Usi
2131 3032 2255 3088 sunt
2295 3032 2555 3088 Nicotaus
2584 3032 2972 3101 Ambiauensis,
3007 3032 3261 3094 Robertus
3294 3040 3393 3093 Al-

126 3103 499 3168 tissiodorensis
547 3120 599 3167 et
636 3129 701 3167 ea:
733 3103 794 3166 eo
838 3110 1106 3168 Gerard‘ts
1136 3112 1199 3166 de
1231 3103 1495 3165 Fracheto
1522 3117 1571 3162 et
1601 3105 1917 3164 Guillelmus
1952 3104 2016 3158 de
2048 3103 2287 3175 Nangis;
2330 3103 2634 3164 Vincentius
2660 3104 3081 3172 Bellovacensis;
3111 3109 3419 3164 ediderunt-

127 3181 397 3239 Guilelmus
430 3184 659 3250 Parvus,
688 3193 736 3237 et
765 3199 830 3239 ex
864 3184 959 3237 hoc
985 3182 1298 3248 Schardius,
1328 3181 1616 3243 Pistorius,
1665 3178 1872 3242 Struve,
1896 3175 2157 3250 Boaqaet.
2196 3175 2333 3250 Nos,
2364 3175 2542 3250 cgdice
2566 3176 2679 3250 ipso
2707 3175 3077 3250 rsieampino
3098 3179 3391 3249 deperdita,

123 3256 313 3337 erlejus
335 3244 784 3337 apographo'Dl“
808 3254 1085 3337 dormis-ea
1110 3244 1317 3306 tantum
1342 3269 1463 3334 quia
1491 3250 1890 3337 Ursicampinas
1934 3244 2169 3337 [antibus
2208 3246 2326 3337 suis
2381 3244 2454 3337 Β]
2492 3254 2545 3299 et
2567 3244 2637 3327 Bl
2678 3246 2905 3337 adjecit;
2937 3244 3394 3337 continuationem

123 3317 243 3379 enini
266 3317 509 3381 recide—re
534 3317 811 3396 integram,
852 3324 1042 3379 inutile
1071 3333 1207 3391 erat,
1233 3317 1498 3393 cunt'quia
1530 3317 1817 3390 compitum
1841 3326 2048 3373 tantum
2078 3325 2177 3384 est,
2205 3324 2315 3368 tum
2346 3317 2472 3387 quia
2514 3318 2680 3371 sexies
2702 3317 2823 3386 311m
2858 3317 3053 3390 legitur
3076 3321 3357 3390 impressa.

183 3464 424 3535 (Camn)
464 3464 632 3535 Praef.
665 3462 862 3521 Narrat
886 3466 1112 3536 antiqua
1139 3463 1420 3519 Britouum
1458 3491 1527 3500 —-
1558 3461 1693 3531 jugo
1719 3457 1765 3521 C

125 3566 415 3615 tenuerunt.

181 3648 293 3703 382.
334 3647 646 3717 Civitatem,
678 3666 843 3720 quam
889 3649 1199 3705 Antoninus
1235 3646 1362 3703 Pius
1405 3663 1530 3702 cum
1578 3645 1690 3701 tilio

123 3739 317 3796 Aurelio
339 3757 370 3796 c
389 3742 604 3819 indidit,
627 3750 682 3797 et
705 3741 1178 3798 Sommonobriam
1199 3741 1268 3797 ab
1289 3739 1568 3811 adjaceute
1590 3739 1690 3793 llu—

122 3831 249 3887 mine
279 3834 585 3904 appellavit,
625 3834 920 3891 Gratianus
957 3835 1254 3905 imperator
1304 3850 1406 3890 suo
1446 3833 1690 3889 dominio

124 3926 486 3995 mancipatam,
524 3936 733 3982 mutato
766 3927 1010 3994 nomine,
1048 3927 1333 3983 Ambianis
1369 3927 1438 3982 ad
1478 3926 1684 3981 ambitu

124 4012 383 4073 ﬂuminum
412 4017 542 4074 fecit
558 4020 760 4075 vocari.
788 4018 867 4074 Eo
896 4028 1138 4090 tempore
1166 4021 1529 4091 profecturam
1560 4018 1686 4075 Gal-

125 4107 260 4163 licam
283 4111 629 4167 ministrabat
650 4112 737 4167 vir
763 4112 991 4168 illustris
1019 4112 1431 4181 Faustinianus,
1467 4114 1560 4184 qui
1589 4129 1683 4185 ge-

122 4198 224 4253 nuit
249 4201 437 4269 lilium,
464 4217 626 4285 quem
669 4202 740 4258 ob
779 4219 1022 4259 amorem
1070 4212 1125 4258 et
1173 4205 1492 4260 memoriam
1541 4205 1682 4259 beati

122 4286 325 4348 Firmini
354 4296 608 4367 martyris
643 4295 947 4352 Firminum
971 4298 1207 4366 vocavit,
1232 4298 1681 4355 Ambianensium

122 4390 339 4454 tempore
359 4390 645 4458 posteriori
675 4389 1014 4462 episc0pum.

179 4475 274 4531 585
334 4479 463 4552 (1b.)
505 4481 774 4539 Maximus
800 4484 903 4539 iste
933 4514 1008 4524 --
1031 4501 1302 4541 exercere.

181 4567 291 4624 386.
333 4570 461 4646 (Ην.)
494 4573 710 4629 Partem
735 4575 922 4631 Gallia:
945 4605 1018 4616 -—
1041 4579 1361 4647 appellatur.

179 4655 292 4714 589.
333 4662 464 4736 (Ην.)
502 4664 783 4721 Pictorum
812 4698 884 4708 —
911 4666 1263 4740 iiyberniam.

181 4744 294 4803 390.
336 4751 465 4825 (1b.)
506 4755 625 4809 Alia
650 4755 879 4812 historia
904 4770 975 4796 ——‘
998 4758 1364 4815 interlicerent
1392 4762 1567 4816 illum.

178 4835 294 4892 415.
335 4840 465 4912 (1b.)
502 4842 639 4900 Inito
665 4857 845 4901 autem
876 4879 949 4888 —
986 4847 1494 4921 Utherpendragon.

179 4930 292 4987 4M.
332 4934 461 5008 (1b.)
501 4936 811 4995 Notandum
834 4972 904 4981 ——-
925 4943 1257 5000 nitebantur.

177 5020 291 5077 ΗΞ.
327 5024 489 5097 (Beas
543 5029 615 5084 Η.
649 5030 740 5101 Ε.)
781 5032 1019 5090 ιἘδιίιηο
1044 5065 1115 5074 -
1154 5037 1223 5092 ab
1261 5036 1505 5095 Honorio
1546 5040 1678 5096 mis-

120 5121 244 5165 sum.

179 5201 290 5258 αἰξὶ.
328 5208 541 5280 (Cum)
582 5213 945 5272 Constantino
968 5248 1037 5257 -——
1068 5231 1345 5278 eraruata.

180 5293 289 5350 451.
327 5299 458 5371 (1b.)
499 5302 787 5376 Perempto
814 5339 881 5348 —-
904 5293 1096 5380 adepti
1114 5324 1262 5373 sunt.

177 5384 291 5441 454.
329 5391 462 5464 (1b.)
500 5393 560 5448 In
583 5395 863 5453 Britannia
888 5431 956 5441 ——
981 5403 1247 5475 corrighe.

178 5477 291 5535 4'56.
325 5483 456 5558 (Ιὸ.)
494 5486 607 5544 Rex
630 5488 914 5548 Britonum
938 5526 1008 5534 —-
1035 5497 1287 5566 patriam.

178 5570 292 5665 ψ.
329 5574 460 5649 (1b.)
500 5580 671 5637 Filius
710 5584 1042 5659 Wortegirni
1066 5620 1139 5630 -—
1168 5590 1567 5665 Worlcgitnus.

181 5663 295 5720 459.
335 5668 462 5741 (Ιὸ.)
504 5673 618 5730 Rex
650 5676 1034 5752 Wortegirnus
1056 5714 1124 5723 —
1144 5663 1517 5744 obtinuerunt.

336 5759 465 5835 (ιὸ.)
507 5764 620 5822 Rex
644 5768 1029 5843 Wortegiruus
1056 5807 1127 5816 —
1148 5777 1483 5847 hujusmodi.

185 5844 298 5904 H6.
336 5851 462 5928 (117.)
500 5856 612 5917 Hoc
645 5862 765 5920 loco
794 5877 1094 5936 ponunt—
1128 5844 1413 5929 restitutus
1437 5874 1525 5930 sit.

1876 3454 1990 3510 H7.
2035 3454 2225 3525 (Gneo.
2259 3453 2396 3509 Tun.
2422 3453 2501 3508 De
2522 3454 2594 3525 gl.
2630 3456 2815 3527 mart.)
2843 3455 3076 3514 Nomina
3094 3471 3277 3516 autem
3305 3479 3399 3519 ρος

1794 3564 1917 3605 rum
1950 3547 2167 3620 (septem
2191 3546 2590 3617 dormientium)
2614 3547 2716 3603 hec
2736 3557 2885 3616 sunt,
2908 3566 3014 3621 que
3036 3552 3091 3606 in
3115 3552 3402 3623 baptismo.

1793 3650 2122 3712 acceperunt
2171 3660 2184 3696 :
2242 3640 2507 3707 Malchus,
2555 3640 2942 3710 Maximianus,
3002 3644 3389 3717 Martinianus,

1792 3735 2071 3790 Dionisius
2100 3776 2115 3801 ,
2179 3733 2461 3790 Iohannes
2488 3775 2503 3800 ,
2578 3732 2842 3806 Serapion
2872 3779 2887 3803 ,
2965 3737 3401 3803 Constantinum

1792 3826 2042 3899 (Carm)
2070 3827 2396 3883 Ambrosius
2417 3857 2489 3867 ——
2515 3829 2802 3883 censtruit.

1861 3920 1983 3977 457.
2026 3918 2162 3993 (Ιὸ.)
2197 3919 2469 3977 Maximus
2506 3922 2758 3977 tirannus
2797 3937 2828 3976 a
2860 3924 3061 3993 populo
3103 3925 3386 3982 membra-

1790 4013 1888 4067 tim
1913 4012 2262 4083 discerpitur.

1857 4106 1982 4161 457.
2026 4105 2160 4177 (Ιὺ.)
2202 4105 2377 4176 Super
2405 4106 2643 4163 insulam
2666 4138 2738 4148 ——
2760 4108 2981 4163 nomine
3010 4111 3241 4167 Annam.

1859 4197 1985 4253 466.
2025 4196 2161 4269 (1b.)
2202 4195 2688 4270 Utherpendragon
2714 4230 2784 4239 —
2809 4200 3010 4257 vivere.

1855 4292 1981 4347 470.
2024 4292 2160 4363 (‘1-b.)
2196 4291 2330 4347 Nam
2359 4294 2405 4348 si
2435 4293 2591 4349 tidem
2618 4328 2683 4336 —
2721 4292 3030 4364 prostratis.

1856 4386 1980 4441 472.
2022 4385 2157 4457 (1b.)
2200 4384 2310 4440 Rex
2337 4386 2571 4440 Arturus
2590 4417 2659 4424 —
2688 4386 2942 4441 restituit.

1856 4477 2046 4549 (Gneo.
2095 4478 2231 4533 Tca.
2278 4480 2399 4531 mir.
2435 4478 2492 4531 S.
2531 4478 2720 4547 Mart.)
2772 4478 2867 4534 liis
2910 4479 3105 4537 diebus
3147 4490 3395 4539 sanctus.

1783 4570 2084 4641 Perpetuus
2118 4600 2188 4610 -—
2213 4585 2312 4623 nec
2337 4579 2523 4638 postea
2551 4570 2877 4639 comparuit.

1776 4696 1783 4701 -
1854 4663 1979 4718 475.
2023 4661 2276 4731 (G.u.ru.)
2318 4660 2936 4717 Arturus—fecerunt.

1855 4757 1980 4809 .582.
2025 4754 2158 4825 (1b.)
2196 4751 2429 4808 Artiirus
2458 4782 2527 4794 -——
2554 4754 2804 4809 rediisse.

1708 4829 1758 4888 D
1854 4847 1979 4903 488.
2022 4845 2135 4900 Hoc
2163 4853 2405 4915 tempore
2433 4843 2574 4900 facta
2600 4853 2685 4899 est
2727 4845 2968 4901 inventio
3003 4855 3204 4918 crypta:
3247 4865 3377 4903 san-

1783 4940 1854 4994 eti
1878 4921 2160 4995 Michaelis
2190 4937 2499 5008 archangeli
2527 4938 2583 4993 in
2613 4946 2800 4992 monte
2830 4937 3105 5009 Gargano.
3151 4938 3294 4993 unde
3324 4948 3387 4993 et

1780 5034 1899 5102 ejus
1928 5031 2188 5087 memoria
2219 5029 2448 5100 singulis
2477 5028 2637 5086 annis
2658 5030 2857 5086 celebri
2884 5029 3175 5086 festivitate
3202 5027 3261 5082 in
3286 5041 3380 5083 ee-

1780 5125 1959 5181 clesiis
1987 5124 2082 5178 Dei
2107 5123 2384 5178 recolitur.

1858 5219 1978 5273 491.
2019 5216 2269 5289 (ϐλιγῐι.)
2310 5215 2424 5272 Hoc
2449 5216 2570 5272 loco
2592 5216 2816 5287 quidam
2844 5247 2914 5255 -——
2936 5216 3153 5273 dicitur.

1858 5312 1981 5366 5H.
2026 5309 2352 5381 (Clodoveus
2378 5340 2449 5349 -—
2479 5310 2731 5380 moritur)
2757 5320 2811 5365 et
2837 5310 3095 5381 sepelitur
3119 5306 3370 5362 Parisius

1787 5400 1841 5455 in
1868 5401 2092 5455 basilica
2121 5400 2294 5455 sancti
2320 5399 2464 5455 Petri
2490 5402 2746 5470 apostoli,
2770 5416 2934 5470 quam
2968 5401 3084 5470 ipse
3107 5407 3162 5453 et
3183 5397 3376 5468 regina

1782 5490 2031 5547 Clotildis
2058 5492 2475 5547 acditieaverant.

1852 5604 1977 5660 535.
2020 5602 2190 5658 Porro
2219 5618 2440 5660 sanctus
2462 5603 2749 5660 Medardus
2767 5604 2949 5660 sedem
2978 5602 3366 5674 episcopalem,

1780 5711 1887 5765 que
1926 5695 2077 5766 prius
2106 5705 2223 5749 erat
2245 5678 2850 5766 Verrunndustropter
2874 5696 3119 5765 ejusdem
3145 5695 3372 5750 subver-

1779 5789 1991 5843 sioncm
2023 5789 2300 5852 transtu!it
2323 5788 2669 5844 Noviomum.
2703 5787 2820 5860 ipse
2843 5792 3006 5847 etiam
3028 5790 3371 5862 postdeccs-

1779 5898 1902 5937 sum
1934 5879 2109 5936 sancti
2140 5869 2452 5935 Eleutherii
2474 5880 2847 5942 Tornacensis
2883 5884 3126 5959 episeopi
3167 5899 3371 5957 regem
