3934 6316
148 394 236 451 ξοδ
963 374 1332 433 CHRONICA.
1374 402 1443 411 --
1481 366 1893 424 AUCTARIUM
1936 366 2481 427 URSICAMPINUM.

3265 367 3373 427 400

146 496 240 567 me,
268 498 354 570 qui
382 498 558 567 ipsum
610 490 1003 548 monasterium
1044 487 1314 544 Beccense
1355 485 1422 541 de
1468 480 1688 554 proprio
1716 479 1764 538 Α
1788 478 1996 550 functo,
2019 482 2312 541 Anselmus
2349 483 2520 538 abbas
2556 481 2866 549 Beccensis,
2898 495 2997 552 pro
3027 495 3127 536 sua
3170 479 3375 537 sancti-

147 589 361 650 fundavit
393 601 513 643 suo.

206 680 343 737 1080.
388 678 569 734 Claret
605 677 659 730 in
701 673 895 759 Anglia
945 668 1308 737 Lanfrancus,
1352 668 1605 759 doctrina.
1637 671 1694 719 et

144 774 379 846 probitate
407 757 857 838 conspicuus,“
876 764 1070 823 abbate
1111 759 1439 816 Cadomensi
1469 757 1690 812 ordina-

142 877 216 922 tus
250 861 548 919 Cantuariae
592 857 1056 927 archiepiscOpus.
1093 852 1173 909 Eo
1201 863 1443 922 tempore
1466 848 1693 911 florebat

141 960 189 1013 in
229 951 611 1010 Northmannia
651 948 978 1015 Anselmus,
1026 945 1314 1005 Beccensis
1373 941 1692 999 monasterii

139 1047 286 1102 abbas
325 1042 674 1111 eximius,.et
714 1055 814 1112 pro
853 1055 953 1095 sua
996 1038 1284 1095 sanctitate
1329 1043 1385 1091 et
1426 1032 1691 1105 sapientia

139 1136 403 1211 plurimum
443 1133 779 1190 nominatus.
839 1131 996 1204 (Vita
1043 1127 1102 1186 S.
1159 1127 1317 1198 Arn.)
1368 1125 1484 1181 Hoc
1524 1125 1690 1180 etiam

139 1240 351 1297 tempore
378 1224 432 1280 in
463 1222 718 1281 coenobio
756 1221 932 1277 sancti
963 1218 1203 1276 Medardi
1226 1248 1296 1261 —
1320 1218 1373 1272 in
1418 1216 1689 1288 presulem

137 1325 208 1373 est
234 1323 592 1371 consecratus.

195 1407 334 1463 lO8l.
363 1405 493 1480 (1b.)
525 1404 691 1476 Regis
712 1403 1002 1476 Dagoberti
1032 1413 1273 1474 tempore
1319 1409 1541 1460 sanctus
1567 1414 1691 1471 pre-

137 1497 208 1553 sul
229 1495 511 1552 Ursmarus
536 1526 606 1536 —
634 1496 831 1551 celitus
853 1503 1186 1565 prestaretur
1223 1493 1510 1550 medicina.

194 1588 330 1643 1087.
361 1588 491 1660 (10.)
537 1586 773 1644 Sanctus
816 1585 1082 1642 Arnulfus
1114 1615 1192 1657 -γ
1226 1585 1554 1658 predixerat,
1592 1599 1686 1641 ac-

134 1680 270 1750 cepit.
676 1694 677 1697 ‘
964 1690 969 1695 '

128 1772 133 1781 ‘
192 1769 330 1825 109i.
354 1770 710 1829 Pontificante
732 1772 788 1828 in
830 1773 967 1829 urbe
999 1771 1682 1838 Laudunensi-Elinando,

1794 578 1903 630 tate
1923 580 1988 630 et.
1999 571 2248 628 doctrina
2276 588 2387 627 non
2410 572 2588 628 solum
2617 572 2674 627 in
2702 570 3057 639 Normannia,
3088 570 3183 627 sed
3207 570 3374 626 etiam

1792 662 1849 717 in
1883 663 2074 735 Anglia
2103 663 2217 735 jam
2246 664 2653 732 celeberrimus,
2680 664 2946 721 successit
2982 664 3037 718 in
3070 664 3371 734 presulatu.

1791 752 1897 820 Qui
1920 754 2043 810 licet
2070 770 2102 810 a
2162 770 2289 827 rege
2323 754 2599 811 Willelmo
2643 764 2699 812 et
2746 755 3086 826 principibus
3121 763 3262 809 terre
3289 764 3374 810 to—

1793 844 2011 915 tiusque
2033 845 2262 902 ecclesie
2283 854 2558 902 conventu
2579 854 2868 916 susceptus
2909 845 3211 901 honoriﬁce
3241 843 3380 900 fuis-

1792 943 1913 991 set:
1954 935 2154 991 multas
2185 942 2369 991 tamen
2403 936 2686 995 molestias
2715 946 2769 992 et
2810 938 3191 993 tribulationes
3227 939 3397 1008 post-'

1791 1023 2014 1078 modum
2051 1024 2154 1080 sub
2184 1024 2304 1096 ipso
2334 1040 2460 1097 rege
2481 1041 2678 1097 passus
2723 1037 2803 1084 est
2843 1043 2944 1098 pro
2973 1037 3116 1084 statu
3148 1026 3381 1083 ecclesie

1791 1116 2132 1187 corrigendo.
2157 1114 2292 1173 Nam
2317 1132 2472 1190 reges
2516 1118 2710 1191 Anglie
2735 1120 2879 1176 hanc
2916 1120 3175 1191 injustam
3196 1121 3393 1191 legem.

1785 1208 1901 1279 jam
1927 1208 2021 1264 diu
2043 1217 2348 1276 tenuerant,
2388 1212 2458 1267 "ut
2481 1211 2692 1267 electos.
2725 1212 2971 1271 :ecclesie
2998 1213 3245 1284 presules
3272 1212 3404 1283 ipsi;

1773 1312 1888 1370 ,Ρθτ
1911 1298 2119 1370 Virga!!!
2145 1300 2474 1369 pastoralem
2514 1303 2761 1359 ecclesiis
2783 1304 3129 1361 investirent.
3208 1362 3212 1367 ,
3296 1343 3299 1347 «

1862 1392 2022 1448 1099.
2066 1391 2197 1448 Erat
2240 1401 2423 1449 autem
2449 1394 2719 1466 (Ansellus
2761 1397 2828 1451 de
2860 1395 3252 1467 Ribodimonte)
3293 1396 3379 1452 vir

1789 1484 2251 1555 prudentissimus
2271 1495 2325 1542 et
2359 1487 2624 1543 exercitui
2671 1489 2806 1544 satis
2824 1488 3005 1560 Iutilis,
3052 1498 3216 1560 atque
3247 1504 3379 1560 erga

1778 1566 2009 1632 beatum
2031 1580 2312 1637 martirem
2357 1578 2680 1646 Quintinum
2710 1580 2847 1637 adeo
2875 1581 3126 1649 devotus,
3175 1590 3237 1636 ut
3263 1582 3379 1637 sin.

1789 1668 1931 1739 gulis
1955 1670 2115 1726 annis
2153 1670 2556 1727 solemnitatem
2578 1670 2826 1741 ejusdem
2860 1672 3124 1739 martiris,
3157 1672 3245 1727 die
3275 1685 3378 1728 suo

1790 1756 2004 1813 clericis
2025 1759 2389 1830 undecunque
2416 1761 2779 1832 congregatis,
2812 1777 2999 1817 coram
3023 1777 3082 1817 se
3110 1760 3379 1817 celebrari

136 1862 301 1919 mulier
323 1865 576 1934 quedam,
611 1867 666 1921 in
687 1867 941 1937 proximo
981 1882 1231 1935 manens,
1270 1866 1503 1922 habebat
1526 1880 1678 1937 gene-

1791 1845 2011 1915 faceret,
2064 1849 2254 1919 eisque
2306 1859 2431 1921 post
2484 1831 2766 1921 peractum
2810 1851 3051 1908 cilicium
3100 1850 3408 1926 copiosam'

133 1965 234 2009 rum
251 1955 465 2025 juvenili
493 1957 679 2027 specie
702 1952 984 2026 decorum,
1021 1975 1186 2031 quem
1216 1959 1386 2014 multa
1408 1957 1684 2030 diligentia

127 2051 215 2114 "pro
236 2060 409 2101 amore
431 2045 555 2102 filia:
592 2064 707 2103 suae
733 2050 1028 2106 accurabat
1052 2069 1067 2119 ;
1106 2049 1250 2105 unde
1277 2058 1332 2105 et
1365 2058 1484 2105 orta
1510 2048 1687 2119 turpis

134 2134 340 2205 suspicio
371 2135 437 2190 de
464 2135 698 2193 muliere
727 2146 781 2193 et
805 2152 1008 2208 genere
1040 2154 1143 2195 suo
1174 2140 1316 2194 inter
1352 2137 1564 2194 vicinos
1587 2139 1686 2193 ho-

133 2225 468 2294 minesvalde
503 2242 630 2282 eam
674 2228 912 2283 turbavit
938 2227 1030 2298 (cf.
1075 2228 1348 2300 Laudun).
1372 2228 1686 2300 Queimpa-

132 2315 296 2370 tienter
334 2314 530 2385 ferens,
584 2316 787 2374 famam
836 2335 994 2374 suam
1043 2320 1362 2391 hujusmodi
1392 2321 1684 2392 opprobrio

129 2407 325 2477 turpari,
365 2408 584 2479 injuria:
629 2425 745 2465 sua:
790 2425 1014 2467 causam
1063 2411 1120 2466 in
1166 2428 1294 2468 eum
1344 2413 1586 2481 retorsit,
1630 2422 1685 2469 et

134 2494 427 2551 clandestina
461 2497 897 2567 machinatione,
931 2508 992 2555 ut
1027 2500 1367 2556 occideretur
1405 2517 1437 2556 a
1467 2502 1683 2560 duobus

134 2586 301 2654 pueris,
320 2582 650 2657 procuravit.
683 2589 1040 2647 Postmodum
1066 2608 1198 2649 vero
1226 2594 1295 2649 ad
1326 2594 1682 2665 penitentiam

134 2674 237 2732 facti
255 2678 521 2736 homicidii
538 2696 827 2749 conversa,
854 2682 1070 2739 cuidam
1099 2685 1417 2757 presbytero
1429 2701 1527 2756 per
1550 2702 1684 2743 con-

134 2765 383 2826 fessionem
433 2782 722 2843 peccatum
777 2790 939 2831 suum
997 2777 1277 2834 revelavit.
1343 2778 1450 2836 Sed
1497 2781 1682 2852 elapso

134 2860 356 2932 aliquanti
406 2867 671 2938 temporis
719 2870 917 2939 spatio,
946 2871 1231 2944 presbyter
1274 2872 1417 2928 idem
1462 2890 1589 2931 cum
1616 2890 1681 2932 ea

134 2951 335 3024 litigans,
370 2958 603 3027 malum,
625 2960 773 3031 quod
794 2961 1049 3018 confessa
1078 2961 1279 3032 fuerat,
1327 2964 1382 3020 in
1414 2964 1609 3022 faciem
1631 2968 1681 3022 ei

124 3046 452 3115 exprobravit.
508 3050 634 3117 Quo
678 3051 889 3122 audito,
943 3062 1199 3124 parentes
1238 3054 1479 3111 hominis
1512 3056 1682 3113 occisi

134 3150 439 3209 properantes
482 3144 877 3201 nuntiaverunt
922 3145 1266 3202 vicedomino
1306 3146 1676 3206 Laudunensi.

1788 1935 2104 1993 refectionis
2127 1954 2374 1995 mensam
2403 1949 2641 2011 pararet.

1859 2027 2018 2084 1105.
2052 2027 2248 2102 Vigilia
2276 2031 2476 2088 natalis
2524 2031 2741 2089 Domini
2789 2042 3117 2091 terremotus
3146 2051 3389 2107 magnus.

1786 2117 1964 2176 factus
1994 2129 2080 2177 est
2130 2121 2187 2177 in
2240 2121 2639 2181 Jherosolimis.
2698 2124 2817 2182 Duo
2860 2126 3022 2183 orbes
3053 2109 3108 2181 in
3154 2127 3387 2183 modum

1787 2210 1941 2282 solis,
1974 2212 2149 2270 forma
2178 2224 2231 2271 et
2255 2216 2463 2273 lumine
2492 2216 2766 2275 cotidiano
2801 2218 2903 2274 soli
2951 2218 3180 2284 similes,
3212 2233 3375 2289 appa-

1786 2315 2036 2373 ruerunt,
2065 2308 2315 2364 omnium
2341 2309 2586 2365 colorum
2610 2309 2798 2381 .specie
2824 2310 3101 2366 radiantes
3120 2311 3187 2365 ad
3205 2311 3377 2374 instar

1786 2413 1949 2456 arcus
1976 2400 2213 2457 celestis.

1859 2492 2016 2548 1112.
2065 2492 2171 2549 Sed
2208 2502 2264 2552 et
2310 2503 2625 2575 antequam‘
2653 2496 2758 2553 ista
2807 2506 3145 2568 gererentur,
3177 2498 3399 2553 violata-

1784 2584 1967 2643 fuerat
1978 2587 2168 2643 eadem
2182 2597 2368 2644 sancte
2384 2587 2475 2644 Dei
2504 2589 2799 2660 genetricis
2825 2589 3055 2648 ecclesia
3081 2589 3382 2661 (Lauduni)

1783 2679 2092 2751 proditione
2122 2680 2504 2753 eghomicidio
2530 2682 2818 2753 cujusdam
2853 2682 3185 2738 nobilissimi
3228 2683 3386 2737 ιιιὶιὶ-Δ

1784 2772 1875 2841 tis,
1904 2773 2126 2829 nomine
2154 2772 2403 2843 Gerardi,
2440 2775 2535 2845 qui
2562 2783 2682 2832 erat
2703 2774 2964 2831 dominus
3009 2775 3198 2843 castri,
3226 2775 3378 2846 quod

1783 2874 2013 2923 vocatur
2042 2865 2375 2924 Carisiacus.
2414 2868 2590 2935 Quem
2612 2868 2668 2923 in
2696 2868 2945 2924 oratione
2982 2867 3223 2939 positum
3251 2875 3378 2925 ante

1785 2966 2031 3015 sanctam
2061 2956 2269 3014 Christi
2300 2958 2617 3031 imaginem,
2650 2958 2902 3023 homines
2927 2957 3101 3029 ipsius
3128 2958 3393 3028 episcopi-

1783 3049 1928 3106 facta
1971 3051 2350 3120 conjuratione
2397 3050 2737 3107 occiderunt.
2787 3050 3076 3123 (Gumsn'r.
3127 3050 3200 3105 De
3254 3050 3377 3108 Vita

1782 3159 1987 3211 suam,
2022 3142 2111 3214 11)
2159 3142 2300 3199 Ante
2329 3144 2432 3200 hos
2452 3143 2570 3200 dies
2601 3152 2765 3200 natus
2795 3143 2996 3199 ibidem
3035 3142 3215 3198 fuerat
3238 3159 3387 3214 puer-

133 3224 324 3287 Jubente
346 3234 710 3305 vioedomino,
734 3246 928 3297 vocata
949 3238 1148 3298 mulier
1174 3240 1344 3308 venit,
1371 3249 1422 3296 et
1445 3240 1681 3317 qualiter
1708 3211 1751 3269 C
1783 3236 2035 3307 geminus
2065 3211 2100 3291 a
2124 3236 2285 3292 clune
2314 3237 2588 3308 superius,
2632 3237 2742 3294 duo
2790 3237 3001 3294 scilicet
3047 3211 3255 3292 habens
3276 3252 3374 3292 ca-
3436 3238 3442 3244 ’

134 3318 369 3383 hominem
394 3327 707 3397 occidisset,
744 3345 1093 3403 nequaquam
1121 3332 1336 3387 celavit.
1360 3330 1676 3389 iudicatum

132 3420 199 3473 εει
233 3414 407 3488 igitur,
453 3436 582 3477 eam
629 3422 847 3495 ignibus
895 3424 1095 3482 debere
1143 3426 1521 3495 concremari;
1582 3428 1676 3484 sed

134 3504 256 3571 prius
278 3507 425 3565 ducta
457 3513 527 3569 ad
564 3513 853 3571 ecclesiam
894 3516 1067 3589 beata:
1113 3515 1211 3572 Dei
1240 3517 1520 3589 genitricis
1558 3516 1646 3573 Ma

134 3596 224 3665 τίω.
265 3615 531 3673 peccatum
582 3622 744 3662 suum
779 3623 965 3665 coram
1007 3608 1119 3666 Deo
1164 3620 1219 3667 et
1248 3611 1568 3668 hominibus
1608 3627 1677 3668 ex

133 3691 287 3749 ordine
309 3700 564 3780 narravit,
602 3709 656 3756 et
696 3701 777 3757 sic
806 3702 1018 3759 meritis
1059 3712 1114 3759 et
1155 3704 1411 3777 precibus
1443 3705 1678 3762 sanctis-

134 3780 256 3840 simae
279 3788 488 3861 virginis
521 3792 712 3850 Maria:
741 3809 800 3850 se
850 3795 1025 3867 ipsam
1065 3796 1294 3853 fideliter
1322 3800 1676 3856 commenda-

133 3876 208 3932 vit.
224 3878 405 3946 Deinde
416 3887 586 3947 missa
600 3888 654 3942 in
669 3888 871 3959 ignem,
887 3888 1201 3945 incendium
1214 3891 1528 3948 nullatenus
1544 3908 1674 3949 sen-

134 3967 206 4038 sit,
229 3974 312 4033 sed
348 3976 525 4034 divina
574 3988 894 4052 protegente
936 3980 1113 4052 gratia
1154 3990 1482 4053 consumpto
1528 3982 1671 4055 igne,

134 4056 227 4131 ipsa
252 4073 533 4136 permansit
556 4070 746 4128 illaesa.
774 4070 933 4139 Quod
962 4070 1168 4129 factum
1191 4072 1411 4145 cognati
1434 4073 1674 4130 hominis

133 4156 266 4213 occisi
291 4177 390 4218 non
418 4163 619 4220 divina:
666 4165 858 4233 virtuti
902 4165 1260 4235 ascribentes,
1297 4165 1393 4222 sed
1422 4164 1672 4237 fragilem

132 4250 277 4315 poius
300 4253 560 4327 lignorum
577 4258 862 4314 materiem
884 4266 1196 4326 causantes,
1225 4257 1420 4314 iterum
1445 4273 1690 4330 succen-~

131 4338 237 4398 dunt
258 4343 419 4416 ignem
457 4350 607 4408 circa
652 4366 775 4407 eam
801 4350 1123 4408 fortioribus
1158 4352 1343 4424 lignis,
1369 4352 1464 4408 sed
1502 4352 1673 4407 nichil

132 4431 447 4497 Profecerunt.
493 4441 694 4500 lterato
743 4444 891 4501 enim
944 4444 1217 4501 miraculo
1267 4444 1508 4501 servavit
1546 4460 1671 4502 eam

1778 3325 1914 3397 pita,
1943 3326 2054 3382 duo
2081 3342 2254 3397 usque
2276 3327 2345 3382 ad
2386 3343 2546 3384 renes
2577 3343 2702 3383 cum
2735 3328 2853 3384 suis
2890 3328 3133 3385 brachiis
3167 3327 3381 3383 habens

1777 3434 2009 3490 corpora
2033 3437 2049 3488 ;
2078 3422 2172 3490 qui
2194 3418 2525 3491 baptizatus,
2557 3420 2738 3476 triduo
2766 3436 2987 3492 quoque
3017 3421 3172 3476 vixit.

1850 3508 2010 3564 1115.
2046 3508 2382 3577 Bernardus,
2401 3509 2622 3580 juvenis
2651 3509 2925 3582 egregius,
2958 3511 3210 3577 scientia,
3251 3526 3383 3566 mo-r

1776 3601 1933 3659 ribus
1961 3610 2016 3659 et
2035 3617 2233 3675 genere
2267 3603 2471 3670 clarus,
2506 3603 2590 3657 vir
2616 3603 2964 3674 postmodum
3015 3619 3231 3677 magna:
3255 3602 3395 3657 vir-.
3482 3644 3485 3649 ι

1775 3692 1912 3749 tutis
1960 3693 2238 3765 exemplar
2295 3692 2517 3753 futurus
2542 3736 2557 3763 ,
2610 3693 2939 3752 Castellione
2995 3695 3145 3767 (556)
3187 3703 3393 3751 castro.

1776 3785 2106 3858 Burgundiae
2179 3786 2484 3855 oriundus,
2568 3803 2695 3845 cum
2763 3787 3039 3860 germanis
3099 3786 3365 3849 fratribus

1776 3887 1830 3935 et
1854 3878 1979 3935 aliis
2008 3877 2301 3936 comitibus
2335 3880 2525 3936 multis
2565 3878 2818 3936 Cistercii
2863 3880 3049 3936 habitu
3091 3878 3375 3951 religionis

1778 3970 2050 4040 induitur,
2101 3980 2155 4028 et
2205 3972 2346 4029 miro
2395 3973 2767 4046 religiositatis
2818 3972 3034 4031 fervore
3078 3988 3364 4037 conversa-,-

1777 4068 1887 4116 tur.
2452 4114 2455 4115 ν

1850 4156 2010 4212 illi.
2051 4155 2152 4214 Hic
2171 4166 2257 4215 est
2282 4156 2437 4214 Cono
2466 4201 2481 4227 ,
2516 4175 2661 4215 unus
2694 4175 2759 4215 ex
2798 4160 2906 4223 illis
2931 4160 3204 4231 religiosis
3236 4158 3393 4218 viris;

1776 4251 1872 4324 qui
1932 4254 2311 4310 heremiticam
2355 4255 2526 4311 vitam
2576 4256 2718 4327 apud
2773 4254 3052 4311 Truncum
3102 4255 3377 4326 Bercngea

1776 4344 1823 4399 ri
1847 4345 1996 4417 (557)
2031 4345 2211 4417 primo
2234 4347 2528 4415 duxerunt,
2574 4358 2628 4403 et
2657 4348 2975 4405 Arroasiani
3021 4347 3233 4404 ordinis
3270 4363 3384 4402 aut

1776 4443 1955 4492 ctores
1999 4435 2319 4506 extiterunt,
2368 4438 2462 4510 qui
2514 4440 2651 4495 ordo
2701 4455 2877 4509 usque
2907 4438 3070 4494 hodie
3108 4438 3265 4495 floret
3314 4436 3384 4497 et

132 4518 245 4580 Deus
270 4526 584 4590 incolumem
613 4536 683 4592 ab
706 4537 997 4595 exustione
1035 4537 1197 4613 ignis,
1220 4537 1292 4597 ad
1336 4536 1553 4619 laudem
1582 4537 1669 4593 sui
1701 4568 1751 4629 υ
1774 4528 1989 4586 crescit.

131 4619 325 4703 nominis
368 4642 588 4701 sumque
645 4630 926 4703 genitricis
973 4630 1205 4702 gloriam
1243 4639 1315 4689 .et
1374 4630 1665 4691 honorem.

130 4702 320 4779 E{gressa
362 4718 523 4791 igitur
564 4737 632 4777 ex
666 4722 939 4791 incendio,
973 4739 1085 4779 non
1130 4724 1309 4779 solum
1355 4738 1540 4790 carne,
1570 4722 1666 4778 sed

129 4802 259 4861 etiam
287 4821 424 4868 veste
446 4823 498 4870 et
529 4830 695 4872 carne
724 4815 798 4848 ⁸³⁸
825 4816 1015 4885 illaesa,
1039 4817 1107 4872 ad
1140 4816 1427 4872 ecclesiam
1464 4824 1669 4875 sancta:

132 4890 203 4948 Dei
222 4904 508 4975 genetricis,
536 4908 687 4963 omni
718 4910 921 4979 populo
952 4909 1332 4981 applaudente,
1374 4909 1537 4967 ducta
1562 4916 1665 4975 est,

130 4992 172 5037 εί
204 5001 309 5056 Post
348 4995 533 5055 laudes
574 4999 686 5056 Deo
737 5001 998 5069 redditas,
1043 4986 1261 5062 volente
1296 5000 1430 5071 Deo,
1476 5001 1666 5072 paucis

129 5075 286 5139 diebus
316 5092 596 5149 transactis
619 5094 842 5149 transiit
860 5094 929 5149 ab
962 5095 1067 5151 hoc
1098 5095 1306 5151 seculo.

184 5168 314 5229 l095.
345 5176 471 5251 (1b.)
494 5180 816 5251 Elinandus,
845 5183 1001 5240 bona:
1038 5185 1315 5241 memoria:
1339 5183 1669 5240 Laudunen-

130 5253 189 5309 δίε
205 5262 486 5337 θνίεεορυδ,
521 5272 671 5340 obit;
709 5271 1064 5345 lngelrannus
1097 5275 1342 5331 succedit
1377 5274 1663 5333 Elinando.

182 5347 314 5410 1097.
344 5356 644 5420 Lanfranco
681 5365 1065 5423 Cantuariensi
1117 5367 1530 5438 archiepiscopo
1572 5368 1669 5423 de-

1849 4621 2005 4677 1128.
2033 4620 2150 4678 Hoc
2176 4638 2322 4678 anno
2354 4623 2513 4682 nmlti
2552 4623 2619 4678 de
2648 4639 2788 4695 pago
2836 4623 3169 4682 Suessonico
3208 4642 3387 4683 sacro.

1772 4715 1898 4787 igne
1920 4715 2159 4784 accensi,
2188 4715 2259 4770 ad
2292 4714 2581 4771 ecclesiam
2606 4716 2778 4771 beata:
2804 4715 2900 4772 Dei
2936 4718 3219 4789 genitricis
3250 4720 3363 4775 Ma-

1772 4808 1869 4864 ria:
1897 4808 1951 4864 in
1982 4810 2203 4867 civitate
2230 4808 2557 4867 Suessorum
2580 4812 2740 4868 sitam
2768 4827 3158 4883 convenerunt,
3181 4816 3373 4887 ibique

1773 4899 1968 4957 diebus
2004 4901 2197 4971 paucis
2240 4900 2675 4958 misericordiam
2709 4902 2804 4959 Dei
2854 4914 2910 4960 et
2936 4906 3105 4961 beatae
3134 4907 3375 4978 virginis.

1776 5008 2102 5053 succursum
2128 4994 2515 5066 prestolantes,
2547 4995 2688 5051 sicut
2717 4996 2932 5066 plenius
2958 4995 3125 5053 refert
3148 4997 3367 5055 libellus

1770 5085 2073 5141 eorundem
2113 5086 2529 5154 miraculorum,
2579 5088 2812 5144 salutem
2854 5090 3029 5160 ipsius
3074 5092 3285 5147 meritis
3310 5101 3367 5149 et

1772 5180 2029 5249 precibus
2060 5181 2348 5251 consequti
2375 5188 2525 5247 sunt,
2559 5180 2630 5235 ita
2657 5189 2715 5235 ut
2744 5181 2884 5237 intra
2908 5183 3219 5252 quindecim
3243 5183 3364 5238 dies

1770 5281 1989 5329 centum
2029 5282 2085 5328 et
2126 5282 2235 5328 tres
2290 5273 2615 5327 nominatim
2650 5273 2720 5327 al)
2765 5274 2869 5330 hoc
2906 5275 3028 5346 igne
3054 5275 3361 5344 restingue-

1770 5374 1983 5433 rentur,
2006 5374 2061 5420 ct
2089 5376 2202 5422 tres
2229 5366 2422 5436 pucllze
2449 5365 2694 5422 distorta:
2722 5367 2942 5421 sanitati
2982 5366 3381 5429 redderentur._

1363 5478 1602 5535 VARUS
1642 5473 2049 5537 LECTlONES.

183 5553 243 5590 “‘
275 5560 533 5634 legendum
566 5584 677 5622 esse
712 5567 920 5622 videtur
943 5577 1084 5625 cute.
1115 5568 1319 5626 Psnrz.

1574 5672 1781 5732 NOTAE

336 5746 615 5831 ghatillon.
668 5827 678 5831 _
959 5828 968 5831 _
1141 5753 1145 5757 ’
1254 5808 1261 5831 ,

182 5810 309 5888 (⁵57)
335 5818 433 5877 Seu
464 5824 739 5899 Arroasia,
770 5844 916 5886 nunc
942 5828 1192 5903 Aruaisc,
1220 5810 1276 5890 in
1301 5833 1540 5909 Artesio,
1566 5837 1659 5897 ubi

1768 5768 1905 5822 ordo
1941 5765 2126 5837 illegab
2148 5764 2490 5837 Hcldcmaro,
2514 5764 2737 5823 Conone
2762 5744 2816 5821 et
2838 5766 3050 5837 Rogcro
3075 5766 3178 5823 fuit
3202 5766 3358 5824 insti-

1768 5848 1937 5896 tutus.
1975 5834 2060 5894 Cf.
2083 5835 2220 5894 Acta
2244 5835 2343 5893 SS.
2378 5838 2446 5894 ad
2483 5836 2625 5894 diem
2676 5837 2742 5894 15
2796 5834 3061 5897 Januarii.
3114 5839 3355 5904 Surum.
