3934 6316
568 253 677 309 407

1749 273 2109 332 SIGEBERTI
2144 279 2671 345 GEMBLACENSIS

566 361 735 422 Pacta
770 377 902 483 82m
940 370 1014 483 ibl
1043 373 1303 447 deinceps
1327 387 1383 433 et
1415 379 1521 436 alia
1548 381 1720 439 multa
1749 386 2034 457 miracula,
2066 389 2152 445 in-
2178 392 2225 465 Α
2250 393 2587 454 Francorum
2645 416 2829 473 regem
2877 375 3238 480 Ludovicum,
3281 414 3510 473 ecclesia
3553 416 3789 483 Gallicana

565 466 651 513 ter
673 473 784 529 que
805 459 917 517 duo
948 461 1172 522 fuerunt
1223 468 1587 528 eminentiora
1612 492 1627 540 ;
1657 490 1828 531 unum
1859 478 2067 535 scilicet
2087 480 2155 537 de

564 564 705 605 naso
731 552 979 611 mulieris
998 564 1055 611 et
1079 556 1226 615 labia
1255 559 1518 620 divinitus
1534 563 1883 636 reformato;
1916 570 2065 628 aliud
2086 573 2155 629 de

565 655 738 710 puero
785 643 843 700 in
888 646 1100 705 visione
1125 660 1254 708 ante
1307 652 1481 711 Deum
1523 666 1703 729 rapto,
1750 661 1843 717 ubi
1871 663 2151 722 dominam

566 743 811 789 nostram
848 736 1116 809 virginem
1167 742 1397 800 Mariam
1427 761 1487 802 se
1528 749 1731 806 vidisse
1764 754 2019 822 asseruit,
2050 762 2152 827 pro

564 826 754 894 populi
780 828 956 885 salute
980 834 1399 906 supplicantem,
1424 847 1481 894 et
1500 838 1605 897 hoc
1630 858 1955 915 responsum
1980 863 2011 903 a
2041 826 2152 905 tilio

565 916 799 988 benigne
843 925 1165 1012 accepisse:
1218 927 1393 984 Mater
1439 941 1496 986 tu
1530 949 1585 987 es
1627 937 1791 991 maris
1836 938 2013 1007 stella,
2053 943 2152 1012 ﬁat

562 1009 707 1064 sicut
729 1011 826 1066 vis.
860 1011 966 1070 Sed
989 1016 1122 1073 dum
1143 1020 1390 1090 queritur
1415 1024 1575 1080 beata
1600 1025 1754 1098 virgo
1798 1043 1963 1101 super
1986 1009 2151 1089 domo

564 1116 688 1169 sua,
710 1118 820 1175 que
842 1105 969 1163 vilis
994 1117 1051 1164 et
1095 1111 1313 1182 abjecta
1347 1125 1486 1183 erat,
1521 1132 1625 1189 pre
1653 1120 1852 1177 ceteris
1892 1121 2089 1179 iterum
2118 1140 2151 1181 a

565 1190 680 1249 lilio
721 1210 825 1251 suo
876 1198 1104 1269 audivit,
1130 1205 1278 1274 quod
1319 1205 1388 1262 de
1413 1216 1568 1265 trans
1616 1226 1769 1267 mare
1808 1221 1864 1268 et
1900 1213 1968 1270 de
1998 1222 2150 1272 trans

562 1281 817 1342 Rhenum
845 1292 1135 1360 pecuniam
1164 1293 1371 1353 iaceret
1389 1297 1597 1368 all‘erri,
1620 1303 1764 1358 unde
1796 1304 1995 1362 domus
2019 1306 2153 1363 aedi-

560 1375 845 1449 ﬁcaretur,
870 1384 1004 1440 etin
1022 1387 1198 1444 oculis
1217 1390 1461 1446 omnium
1493 1394 1896 1465 respicientium
1922 1397 2151 1456 illustris

560 1483 868 1542 appareret.
919 1477 1091 1548 Cujus
1138 1480 1375 1540 visionis
1410 1492 1520 1541 tam
1552 1486 1609 1542 in
1658 1488 1904 1546 claritate
1943 1491 2150 1562 operis.

559 1576 730 1633 quam
778 1566 839 1623 in
872 1571 1031 1640 copia
1070 1572 1408 1632 oblationem
1461 1585 1543 1635 tot
1592 1590 1722 1637 sunt
1771 1590 1936 1640 testes
1967 1584 2149 1652 hodie,

560 1665 697 1727 quot
724 1659 909 1718 videre
932 1664 1144 1722 volunt.
1167 1665 1411 1725 Predixit
1433 1671 1598 1728 etiam
1633 1673 1776 1730 idem
1810 1691 1947 1747 puer
1984 1678 2151 1749 paulo

558 1758 684 1818 post
710 1766 773 1808 se
803 1755 1153 1827 moriturum,
1177 1768 1232 1816 et
1248 1762 1336 1818 vix
1366 1779 1536 1820 unum
1558 1781 1800 1823 mensem
1827 1770 2146 1839 supervixit.

561 1837 667 1896 Sed
688 1851 747 1898 et
770 1845 971 1904 mirum
993 1850 1151 1907 valde
1173 1853 1242 1908 de
1270 1852 1375 1910 hoc
1394 1870 1567 1926 puero
1590 1867 1725 1926 erat,
1752 1837 1912 1931 quod
1925 1875 2146 1917 omnem

557 1932 844 1993 historiam
885 1950 1124 1999 veterem
1172 1945 1479 2019 rhythmice
1525 1949 1899 2020 depromebat,
1937 1961 2146 2009 textum

553 2038 688 2082 vero
710 2033 977 2104 evangelii
1001 2044 1057 2091 et
1096 2045 1253 2094 actus
1297 2039 1516 2097 Domini
1556 2039 1630 2098 ita
1657 2046 1998 2113 recensebat,
2034 2045 2148 2104 acsi

556 2116 789 2210 inlibro
812 2121 1034 2195 legeret,
1057 2135 1112 2184 et
1138 2128 1339 2186 dictata
1364 2131 1433 2188 ab
1459 2133 1582 2191 aliis
1608 2136 1991 2206 pronuntiaret
2014 2156 2028 2206 ;
2051 2139 2146 2210 qui

556 2207 724 2264 etiam
753 2225 887 2267 cum
905 2212 1007 2271 hec
1035 2209 1443 2279 clausis'oculis
1472 2224 1696 2294 diceret,
1730 2226 1886 2285 laicis
1908 2238 1962 2284 et
1982 2207 2145 2286 illite-

556 2299 695 2392 ratis
742 2302 836 2359 vix
879 2304 1030 2378 loqui
1078 2308 1426 2382 dignabatur,
1458 2317 1619 2387 quasi
1662 2332 1854 2374 eorum
1884 2320 2147 2392 ignoran-

555 2391 695 2449 tiam
718 2405 1001 2466 pertaesus,
1027 2401 1120 2472 qui
1155 2414 1265 2459 tam
1289 2405 1561 2476 profunda
1591 2409 1740 2467 intus
1768 2391 2044 2469 audiebat.

624 2485 784 2544 “29.
816 2488 995 2562 (Cant.
1027 2492 1215 2568 Mart.)
1244 2496 1571 2579 Cmnobium
1606 2502 1917 2579 Ursicampi
1946 2505 2145 2565 funda-

554 2583 673 2633 tum
699 2589 785 2636 est
808 2597 845 2638 a
869 2584 1217 2644 nobilissimo
1257 2576 1473 2660 presule
1511 2576 1889 2668 Noviomensi,
1923 2598 2151 2656 domine

556 2667 819 2758 Symone,
843 2677 939 2753 qui
966 2675 1218 2752 Hugonis
1233 2684 1414 2756 magni
1450 2684 1595 2743 illius
1619 2686 1745 2758 ﬁnit,
1769 2667 1937 2747 frater
1963 2701 2145 2749 autem

556 2757 775 2821 Radulli
801 2768 1046 2839 comitis,
1076 2781 1130 2827 et
1153 2774 1299 2846 regis
1322 2773 1581 2835 Ludovici
1604 2782 1887 2852 patruelis,
1909 2784 2145 2847 adducto

553 2866 833 2914 conventu
851 2863 1251 2921 monachoan
1278 2881 1312 2922 a
1335 2867 1659 2940 Claravalle,
1691 2880 1747 2928 et
1777 2873 1981 2932 domno
2008 2874 2147 2933 Wa-

552 2946 793 3007 leranno.
827 2952 1009 3023 primo
1054 2955 1251 3014 abbate
1278 2958 1553 3030 ordinato,
1587 2963 1682 3035 qui
1718 2964 1931 3036 primus
1953 2981 2020 3022 ex
2046 2982 2147 3023 no-

552 3039 843 3101 bilioribus
886 3048 1140 3121 personis
1180 3048 1537 3111 Clarevallem
1587 3072 1691 3114 sua
1729 3058 2143 3116 conversatione

551 3133 875 3199 illustravit.
1274 3156 1281 3161 '

623 3230 784 3288 ll3l.
815 3231 923 3291 Sed
943 3237 1190 3307 presules
1215 3240 1569 3303 ecclesiarum
1591 3261 1657 3303 ac
1674 3245 1948 3319 principes
1972 3248 2145 3306 seculi

550 3325 965 3396 promptissime
1003 3333 1338 3402 annuebant,
1362 3335 1451 3392 vel
1488 3338 1650 3394 etiam
1701 3352 1897 3412 sponte
1943 3341 2144 3399 oll‘ere-

554 3415 689 3474 bant
709 3426 913 3490 terras,
944 3433 1123 3495 prata,
1152 3441 1401 3498 nemora,
1431 3437 1487 3486 et
1523 3442 1704 3488 cetera
1731 3450 1838 3505 que
1866 3443 2146 3492 monaste-

552 3507 654 3567 riis
695 3512 1016 3574 editicandis
1058 3520 1371 3578 necessaria
1414 3533 1590 3580 erant.
1648 3523 1891 3583 Ecclesia
1940 3537 2145 3586 saucue

554 3599 740 3661 Marize
761 3606 824 3666 in
845 3608 1147 3682 episcopio,
1177 3620 1401 3686 totaque
1420 3630 1559 3685 pene
1585 3616 1778 3673 civitas
1817 3616 2145 3675 Noviomcn-

553 3695 633 3752 sis
665 3698 926 3757 incendio
945 3703 1322 3777 conﬂagravit,
1343 3706 1494 3778 justo
1531 3717 1591 3762 ut
1621 3707 1792 3764 fertur
1820 3708 2142 3780 infortunio,

552 3788 681 3860 quia
709 3806 986 3850 summum
1012 3796 1325 3866 pontiﬁcem
1352 3797 1729 3856 Innocentium
1757 3801 1942 3858 verbis
1962 3802 2149 3859 irriso-

548 3879 653 3936 riis
704 3884 861 3939 multi
893 3884 1113 3942 illorum
1160 3887 1659 3946 exbonoraverunt.
1691 3890 2007 3950 Clarevallis
2032 3894 2144 3951 duo

552 3974 809 4032 emnobia
835 3992 949 4034 una
969 3977 1059 4033 die
1101 3979 1378 4050 produxit,
1425 3981 1632 4040 scilicet
1657 3981 2058 4056 Longipontum
2089 3994 2145 4043 et

554 4062 875 4133 Rievallem,
906 4076 962 4124 et
983 4077 1110 4140 post
1136 4085 1340 4142 paucos
1368 4089 1586 4132 menses
1612 4073 1915 4133 Valcellas.‘

620 4155 781 4215 H32.
828 4158 957 4217 Obit
998 4162 1083 4218 vir
1118 4173 1341 4224 sanctus
1392 4160 1561 4241 [Iugo
1603 4167 2147 4243 Gratianopolitanus

551 4248 865 4321 episcopus,
903 4254 1064 4324 cujus
1095 4256 1408 4329 religiosam
1450 4254 1745 4319 admodum
1795 4262 1963 4319 vitam
2003 4278 2128 4320 con-

552 4340 773 4413 scripsit
804 4344 941 4419 Gigo
961 4348 1392 4420 priorCartusie.

625 4436 784 4493 H35.
831 4438 1219 4500 Monasterium
1266 4445 1333 4502 de
1368 4445 1541 4504 Prata
1579 4440 2000 4509 hindalum'est
2034 4453 2140 4510 sub

551 4525 732 4598 primo
761 4530 955 4590 abbate
977 4531 1177 4605 Petro;
1206 4536 1381 4606 prima
1411 4540 1676 4611 plantatio
1722 4558 1887 4613 quam
1918 4546 2141 4616 protulit

550 4627 706 4694 pater
734 4619 1103 4683 Walerannus
1132 4643 1199 4683 ex
1220 4630 1445 4703 propria
1472 4631 1658 4689 domo.

500 4720 509 4727 '
618 4714 776 4771 1158.
808 4716 940 4790 (1b.)
977 4718 1090 4779 lloc
1125 4731 1367 4794 tempore
1395 4725 1723 4785 venerabilis
1754 4728 1877 4786 vitm
1898 4730 2158 4787 Alesau-‘

549 4805 666 4872 der,
689 4809 902 4877 primus
931 4812 1099 4869 abbas
1123 4810 1325 4873 Μοτιυὶ
1352 4817 1545 4887 maris,
1566 4834 1626 4876 se
1647 4829 1703 4877 et
1728 4820 1950 4877 duumm
1982 4839 2136 4880 Stuun

548 4899 773 4957 tradidit
803 4904 986 4961 abbati
1016 4905 1355 4980 Ursicampi.

621 4995 779 5052 1140.
798 4997 1121 5057 Cmnobium
1146 5015 1348 5062 sancta:
1373 5005 1556 5065 llarim
1581 5006 1648 5063 de
1670 5005 1955 5065 Fresmout
1980 5008 2132 5080 (558)

543 5104 573 5143 a
604 5087 972 5159 piememoric
1014 5089 1353 5153 Waleranuo
1370 5098 1555 5169 primo
1593 5098 1790 5156 abbate
1829 5097 2131 5172 Ursicampi

544 5182 841 5242 [ululatum
866 5194 975 5254 est,
993 5187 1097 5243 sub
1126 5189 1299 5246 electo
1326 5200 1477 5263 patre
1503 5190 1778 5250 Manasse.

615 5276 774 5332 1141.
804 5277 939 5333 Orta
959 5280 1303 5339 dissensione
1334 5284 1474 5341 inter
1507 5300 1699 5357 papam
1742 5284 2047 5349 llntnanum
2079 5301 2136 5348 et

2170 3110 2217 3176 C

2252 489 2524 547 turbatur.
2554 492 2821 552 Defuncto
2846 497 2993 555 enim
3015 500 3267 561 Alberico
3291 505 3614 568 Biturieensi
3644 519 3823 575 arcti-1

2250 581 2531 667 episcopo,
2554 586 2760 645 missus
2772 599 2856 646 est
2875 590 3095 662 Petrus,
3116 611 3148 651 a
3171 612 3310 669 papa
3321 598 3634 661 innocentia
3647 607 3788 667 eidem

2249 673 2462 733 eclesize
2487 688 2675 749 pastor
2694 693 3049 743 consecratus
3073 704 3088 754 ;
3114 688 3210 744 sed
3237 705 3269 745 a
3294 707 3422 763 rege
3452 693 3707 755 Ludovico
3723 718 3790 757 re-

2249 766 2527 836 pudiatus,
2556 785 2622 827 eo
2655 774 2801 844 quod
2833 776 2951 832 sine
2973 778 3094 848 ejus
3133 795 3363 838 assensu
3408 783 3573 843 fuerit
3604 791 3788 847 ordina-

2249 870 2361 931 tus,
2415 864 2471 921 in
2517 868 2792 927 civitatem
2841 875 3069 933 minime
3120 880 3398 952 recipitur.
3444 881 3614 953 Cujus
3645 894 3791 956 partes

2248 955 2400 1026 quia,
2428 969 2652 1030 propter
2675 966 3034 1023 reverentiam
3061 985 3155 1025 seu
3186 972 3522 1030 voluntatem
3550 955 3791 1046 papam-

2249 1059 2369 1139 mes
2409 1046 2764 1111 Theobaldus
2811 1054 2996 1115 fovere
3042 1060 3350 1131 videbatur,
3395 1065 3659 1134 simultas,
3698 1083 3795 1139 qua

2249 1138 2427 1210 sopita
2470 1144 2785 1216 putabatur,
2822 1148 2964 1207 inter
3008 1167 3192 1225 regem
3234 1164 3291 1211 et
3336 1155 3521 1228 ipsum
3551 1138 3792 1230 coepitre-

2247 1231 2539 1300 pullulare.

2316 1322 2477 1382 1142.
2507 1325 2633 1384 Obit
2660 1338 2816 1400 pater
2861 1330 3248 1406 Walerannus,
3301 1338 3474 1396 abbas
3509 1337 3793 1413 Ursicampi,

2247 1412 2513 1473 fundator
2548 1420 2781 1478 duarum
2831 1424 3177 1483 abbatiarum
3227 1429 3404 1503 (539),
3451 1441 3667 1503 excepta
3704 1412 3792 1489 tet-

2249 1506 2334 1563 cia
2367 1508 2539 1583 (540),
2568 1528 2735 1583 quam
2764 1515 2871 1572 sibi
2894 1517 3177 1590 adoptavit
3198 1521 3254 1577 in
3282 1521 3474 1578 tiliam.

2315 1622 2481 1678 1146.
2506 1623 2640 1698 Ub.)
2662 1625 2820 1699 Apud
2838 1627 3150 1688 Norvvicum
3166 1633 3376 1705 Anglia:
3388 1634 3653 1691 civitatem
3670 1632 3792 1693 Judci

2180 1743 2225 1799 Β
2252 1714 2642 1773 cruciﬂxenmt
2661 1734 2892 1789 puerum
2915 1723 3187 1793 quendam
3210 1724 3594 1794 christiano,
3615 1727 3796 1783 nomine

2251 1806 2612 1877 Willehnum,
2636 1826 2800 1881 quem
2826 1813 2992 1869 etiam
3038 1813 3194 1873 (oras
3217 1815 3500 1874 civitatem
3548 1818 3612 1874 ab
3635 1818 3706 1874 eis
3726 1833 3795 1874 se-

2249 1897 2484 1968 pultum,
2512 1899 2697 1957 divina
2747 1902 2862 1971 lux,
2914 1912 2976 1960 ut
3015 1903 3216 1975 ferunt,
3247 1923 3419 1979 super
3448 1924 3574 1966 eum
3593 1910 3795 1966 emicant

2249 1988 2585 2059 declaravit;
2616 1993 2804 2065 sicque
2836 2010 2867 2051 a
2897 1993 3148 2054 ﬁdelibus
3177 1998 3459 2070 inventus,
3508 1999 3792 2056 honorabili.

2250 2091 2334 2138 ter
2363 2092 2447 2140 est
2476 2083 2530 2140 in
2560 2086 2795 2142 ecclesia
2818 2087 3055 2158 positus.

2320 2197 2479 2254 1148.
2525 2197 2741 2257 Sancta
2780 2202 3063 2260 memoriae
3097 2202 3432 2273 Malachias,
3471 2203 3789 2262 Hiberniam

2249 2291 2563 2366 episcopus,
2598 2302 2654 2350 et
2686 2294 2988 2366 apostolice
3008 2296 3155 2353 sedis
3171 2298 3409 2369 legatus,
3437 2295 3789 2354 voluntatellei

2249 2384 2414 2444 finem
2450 2386 2562 2443 vite
2608 2388 2861 2452 sortitus,
2906 2388 3051 2460 apud
3105 2388 3491 2457 Clarevallem,
3526 2390 3658 2447 sicut
3702 2389 3790 2459 ipse

2248 2482 2584 2553 preclegerat
2625 2489 2682 2537 et
2730 2481 3060 2553 predixerat,
3100 2482 3285 2538 locum
3342 2482 3634 2554 sepulturae
3669 2496 3783 2537 acce-

2249 2573 2356 2645 pit;
2384 2572 2475 2629 cui
2512 2573 2781 2630 mecessit
2803 2573 3155 2631 Christianus
3191 2574 3365 2630 abbas
3399 2572 3789 2636 Mellifontis,vit

2249 2665 2485 2736 plurima
2510 2663 2803 2721 sanctitate
2827 2665 3111 2736 praeditus,
3140 2666 3236 2737 qui
3259 2666 3513 2736 ejusdem
3538 2661 3785 2722 sanctiviri

2249 2756 2676 2814 archidiaconus
2711 2757 2992 2827 extiterat,
3023 2765 3081 2813 et
3096 2758 3311 2828 primus
3342 2758 3518 2814 abbas
3555 2756 3618 2812 de
3637 2753 3787 2810 ordine

2247 2846 2607 2905 Cisterciensi
2631 2849 2687 2903 in
2720 2846 3037 2905 Hiberniam
3074 2848 3145 2904 ab
3184 2849 3382 2904 abbate
3417 2845 3785 2905 Clarevallissa-

2249 2956 2358 2999 erae
2376 2943 2657 3000 memoriae
2684 2941 2976 2999 Bernardo
2993 2941 3177 2999 fuerat
3204 2941 3543 2998 destinatus.

2320 3056 2479 3112 1151.
2530 3054 2684 3113 Hanc
2741 3057 3074 3128 optimorum
3141 3058 3386 3113 virorum
3456 3054 3785 3128 migrationem

2249 3147 2392 3205 forte
2446 3147 2803 3220 signiﬁcavit,
2829 3149 2978 3222 quod
3013 3150 3069 3205 in
3095 3164 3236 3222 pago
3274 3148 3605 3206 Suessonica
3635 3145 3784 3203 cadet

2248 3257 2399 3298 anno
2435 3241 2656 3299 accidit.
2703 3240 2851 3299 Cum
2881 3243 3029 3300 enim
3068 3242 3294 3299 hiemali
3329 3244 3458 3316 gelu
3498 3252 3637 3299 terra
3658 3237 3785 3295 vehe-

2246 3343 2463 3390 menter
2499 3333 2856 3402 induruisset,
2892 3350 3082 3406 cespes
3103 3330 3355 3406 plurimae
3393 3330 3721 3405 longitudinis
3744 3338 3784 3383 et

2247 3426 2571 3494 latitudinis,
2597 3427 2665 3484 de
2687 3438 2832 3484 terra
2854 3428 3036 3484 subito
3074 3426 3330 3496 avulsus,
3359 3427 3529 3499 longe
3558 3424 3621 3481 ad
3651 3422 3781 3479 alium

2247 3519 2429 3576 locum
2459 3528 2546 3575 est
2569 3519 2887 3576 translatus.

2319 3630 2481 3687 1154.
2524 3626 2800 3687 Robertus
2842 3629 2912 3687 de
2950 3628 3145 3698 Belua,
3188 3630 3275 3685 vir
3308 3629 3476 3691 omni
3506 3628 3682 3701 plenus
3710 3638 3783 3680 ne-

2246 3724 2441 3796 quitia,
2485 3732 2746 3796 nepotum
2783 3737 3015 3779 suorum
3066 3734 3247 3783 castra
3296 3723 3603 3795 ingressus,
3635 3717 3783 3817 dolose

2246 3816 2587 3889 tyrannidem
2620 3824 2839 3873 exercet
2868 3816 2924 3871 in
2958 3824 3101 3872 terra
3141 3814 3233 3888 (cf.
3274 3814 3433 3872 Cant.
3464 3811 3671 3884 Prom.)
3701 3807 3783 3877 Qui

2245 3907 2437 3978 Spiritu
2464 3905 2629 3961 etiam
2647 3904 2894 3975 zelotipie
2915 3920 3235 3972 succensus,
3264 3904 3537 3977 quendam
3553 3899 3784 3957 hominem

2244 4013 2406 4055 suum
2444 3996 2580 4054 satis
2630 3995 3012 4063 ﬁdelem,cum
3048 3995 3167 4063 alio.
3195 3995 3317 4050 viro
3346 4003 3403 4049 et
3441 4009 3548 4050 una
3576 3989 3779 4049 muliere.

2244 4090 2391 4147 intra
2416 4089 2807 4147 domunculam
2850 4088 3253 4147 comburendos
3286 4088 3447 4159 jubet
3484 4082 3687 4141 includi.
3717 4076 3777 4132 lli

2243 4199 2374 4240 vero
2403 4183 2578 4239 instar
2606 4183 2963 4255 antiquorum
2989 4180 3152 4236 trium
3192 4195 3492 4251 puerorum
3537 4177 3779 4255 domo_ar-

2242 4276 2426 4344 dente,
2455 4286 2510 4333 et
2538 4276 2757 4331 ﬂamma
2787 4288 2952 4346 super
2979 4272 3158 4344 capita
3187 4286 3379 4327 eorum
3413 4271 3468 4326 in
3494 4249 3779 4325 moduun

2245 4366 2380 4424 cidae
2433 4366 2594 4423 nubis
2644 4364 2929 4432 volitante,
2982 4363 3144 4420 illaesi
3192 4353 3778 4455 permanserunt;illi".s

2172 4475 2219 4535 ι)
2247 4457 2395 4514 l‘nras
2421 4468 2675 4528 egressos
2715 4470 2841 4511 cum
2877 4450 3301 4526 persequeretur
3320 4453 3542 4526 iniquus
3590 4447 3670 4506 ille
3700 4447 3778 4500 mi-

2243 4550 2433 4616 nister,
2484 4547 2580 4605 cui
2622 4547 2882 4604 dominus
2922 4562 3059 4604 suus
3102 4547 3209 4603 hoc
3231 4545 3453 4605 facinus
3493 4544 3777 4616 injunxenl.

2240 4652 2296 4699 et
2328 4640 2616 4714 evaginato
2658 4639 2839 4714 gladio
2892 4639 3065 4695 unum
3097 4653 3169 4698 ex
3202 4640 3286 4699 eis
3332 4639 3496 4698 ferire
3539 4632 3775 4694 voluissel:

2242 4744 2462 4805 repente
2485 4733 2734 4805 quaulam
2770 4731 3065 4794 invisibilis
3093 4750 3328 4811 persona
3373 4742 3522 4819 retro
3562 4741 3677 4828 eunt
3702 4732 3776 4792 ρετ

2241 4839 2454 4880 cuinam
2500 4823 2699 4894 capitis
2751 4827 3133 4899 apprehendit,
3162 4836 3219 4883 et
3249 4841 3374 4883 cum
3414 4837 3573 4895 equo:
3604 4823 3678 4875 εῑιί
3705 4827 3774 4868 ⁵⁸⁸

2243 4914 2426 4979 debat,
2460 4914 2518 4976 in
2551 4923 2758 4976 terram
2780 4919 3113 4992 prmeipitem
3144 4919 3313 4975 dedit.
3342 4916 3493 4974 Unde
3516 4924 3569 4970 et
3588 4924 3697 4968 mox
3721 4900 3773 4961 ad

2244 5010 2508 5072 Sanctum
2546 5012 2812 5073 Jacobum
2835 5030 2896 5072 se
2920 5015 3126 5070 iturum
3158 5026 3282 5070 esse
3314 5007 3616 5082 spepondit,

2242 5103 2343 5175 illi,
2388 5122 2532 5180 quos
2581 5109 2799 5181 propria
2840 5107 3187 5165 conservavit
3213 5102 3541 5170 innocentia,
3586 5099 3771 5170 statim

2246 5196 2336 5256 Dei
2370 5217 2477 5255 non
2505 5200 2560 5255 in
2591 5216 2824 5256 vacuum
2848 5199 3202 5273 accipientes,
3225 5198 3391 5254 vitam
3420 5208 3570 5254 suam
3601 5190 3649 5249 in
3678 5194 3770 5243 Μ·

2243 5291 2348 5349 lius
2372 5302 2745 5350 tnutaveruut.

2088 5472 2317 5532 NOII-li.

793 5596 880 5704 ’,ξεί

617 5597 763 5669 i558)
793 5597 880 5653 Fri
923 5598 1045 5656 idus
1070 5597 1246 5663 Mons,
1277 5600 1438 5656 dime.
1479 5601 1899 5668 Bellnvat-cnsis.

617 5666 766 5747 (539)
793 5666 867 5724 De
888 5616 1058 5727 i’rato
1080 5679 1135 5739 et
1172 5668 1431 5743 Frigidus
1449 5692 1633 5736 mons.

939 5678 1058 5727 rato
1080 5679 1135 5739 et
1172 5668 1431 5743 Frigidus
1449 5692 1633 5736 mons.

2277 5612 2459 5683 ,(510)
2489 5608 2762 5667 Mortuum
2791 5624 2966 5666 mare.
