  <div class='ocr_page' id='page_1' title='image "/cluster/home/n/w/nwhite01/storage/ocr_20150623/160/hvd.32044015473846/208.png"; bbox 0 0 3934 6316; ppageno 0'>
   <div class='ocr_carea' id='block_1_1' title="bbox 126 280 217 338">
    <p class='ocr_par' dir='ltr' id='par_1_1' title="bbox 126 280 217 338">
     <span class='ocr_line' id='line_1_1' title="bbox 126 280 217 338; baseline 0 0"><span class='ocrx_word' id='word_1_1' title='bbox 126 280 217 338; x_wconf 68' lang='grc'><strong>609</strong></span> 
     </span>
    </p>
   </div>
   <div class='ocr_carea' id='block_1_2' title="bbox 122 402 1142 438">
    <p class='ocr_par' dir='ltr' id='par_1_2' title="bbox 122 402 1142 438">
     <span class='ocr_line' id='line_1_2' title="bbox 122 402 1142 438; baseline -0.003 -5"><span class='ocrx_word' id='word_1_2' title='bbox 122 402 1142 438; x_wconf 61' lang='lat' dir='ltr'>W</span> 
     </span>
    </p>
   </div>
   <div class='ocr_carea' id='block_1_3' title="bbox 941 279 2494 361">
    <p class='ocr_par' dir='ltr' id='par_1_3' title="bbox 941 279 2494 361">
     <span class='ocr_line' id='line_1_3' title="bbox 941 279 2494 361; baseline 0.012 -20"><span class='ocrx_word' id='word_1_3' title='bbox 941 279 1315 342; x_wconf 76' lang='lat' dir='ltr'><strong>CHRONICA.</strong></span> <span class='ocrx_word' id='word_1_4' title='bbox 1351 317 1423 328; x_wconf 91' lang='lat'><strong>—-</strong></span> <span class='ocrx_word' id='word_1_5' title='bbox 1458 288 1869 351; x_wconf 71' lang='lat' dir='ltr'><strong>AUCTARlUM</strong></span> <span class='ocrx_word' id='word_1_6' title='bbox 1909 294 2184 357; x_wconf 76' lang='lat' dir='ltr'><strong>NICOLAI</strong></span> <span class='ocrx_word' id='word_1_7' title='bbox 2218 300 2494 361; x_wconf 78' lang='lat' dir='ltr'><strong>AMBIAN.</strong></span> 
     </span>
    </p>
   </div>
   <div class='ocr_carea' id='block_1_4' title="bbox 3254 294 3355 372">
    <p class='ocr_par' dir='ltr' id='par_1_4' title="bbox 3254 294 3355 372">
     <span class='ocr_line' id='line_1_4' title="bbox 3254 294 3355 372; baseline 0 0"><span class='ocrx_word' id='word_1_8' title='bbox 3254 294 3355 372; x_wconf 71' lang='lat' dir='ltr'><strong>&#39;uo</strong></span> 
     </span>
    </p>
   </div>
   <div class='ocr_carea' id='block_1_5' title="bbox 1145 408 3325 467">
    <p class='ocr_par' dir='ltr' id='par_1_5' title="bbox 1145 408 3325 467">
     <span class='ocr_line' id='line_1_5' title="bbox 1145 408 3325 467; baseline 0 -10"><span class='ocrx_word' id='word_1_9' title='bbox 1145 408 3325 467; x_wconf 42' lang='grc' dir='ltr'>Ἥ</span> 
     </span>
    </p>
   </div>
   <div class='ocr_carea' id='block_1_6' title="bbox 403 502 2988 729">
    <p class='ocr_par' dir='ltr' id='par_1_6' title="bbox 403 502 2988 729">
     <span class='ocr_line' id='line_1_6' title="bbox 403 502 2988 729; baseline 0.01 -26"><span class='ocrx_word' id='word_1_10' title='bbox 403 590 1242 717; x_wconf 81' lang='lat' dir='ltr'><strong>AUCTARIUM</strong></span> <span class='ocrx_word' id='word_1_11' title='bbox 1327 598 1908 716; x_wconf 85' lang='lat' dir='ltr'><strong>NICOLAI</strong></span> <span class='ocrx_word' id='word_1_12' title='bbox 1993 590 2988 729; x_wconf 89' lang='lat' dir='ltr'><strong>AMBIANENSIS.</strong></span> 
     </span>
    </p>
   </div>
   <div class='ocr_carea' id='block_1_7' title="bbox 189 810 3346 907">
    <p class='ocr_par' dir='ltr' id='par_1_7' title="bbox 189 810 3346 907">
     <span class='ocr_line' id='line_1_7' title="bbox 189 810 3346 907; baseline 0.009 -36"><span class='ocrx_word' id='word_1_13' title='bbox 189 826 430 907; x_wconf 63' lang='grc' dir='ltr'><strong>Νεεριααε</strong></span> <span class='ocrx_word' id='word_1_14' title='bbox 459 826 831 907; x_wconf 62' lang='lat' dir='ltr'><strong>Ambianeusis</strong></span> <span class='ocrx_word' id='word_1_15' title='bbox 854 827 999 907; x_wconf 68' lang='lat' dir='ltr'><strong>circa</strong></span> <span class='ocrx_word' id='word_1_16' title='bbox 1025 842 1078 907; x_wconf 60' lang='lat' dir='ltr'><strong>tl:</strong></span> <span class='ocrx_word' id='word_1_17' title='bbox 1272 823 1417 879; x_wconf 79' lang='lat' dir='ltr'><strong>breve</strong></span> <span class='ocrx_word' id='word_1_18' title='bbox 1448 822 1735 907; x_wconf 36' lang='lat' dir='ltr'><strong>citrei-riter:</strong></span> <span class='ocrx_word' id='word_1_19' title='bbox 1764 822 1829 907; x_wconf 70' lang='lat' dir='ltr'><strong>ub</strong></span> <span class='ocrx_word' id='word_1_20' title='bbox 1966 824 2028 881; x_wconf 87' lang='lat' dir='ltr'><strong>C.</strong></span> <span class='ocrx_word' id='word_1_21' title='bbox 2053 832 2311 907; x_wconf 54' lang='lat' dir='ltr'><strong>usque“</strong></span> <span class='ocrx_word' id='word_1_22' title='bbox 2334 850 2387 887; x_wconf 80' lang='grc' dir='ltr'><strong>α.</strong></span> <span class='ocrx_word' id='word_1_23' title='bbox 2422 834 2563 907; x_wconf 66' lang='grc'><strong>1205</strong></span> <span class='ocrx_word' id='word_1_24' title='bbox 2584 839 2798 907; x_wconf 76' lang='lat' dir='ltr'><strong>scripsit</strong></span> <span class='ocrx_word' id='word_1_25' title='bbox 2828 850 2946 895; x_wconf 76' lang='lat' dir='ltr'><strong>octo</strong></span> <span class='ocrx_word' id='word_1_26' title='bbox 2985 841 3157 902; x_wconf 83' lang='lat' dir='ltr'><strong>libris.</strong></span> <span class='ocrx_word' id='word_1_27' title='bbox 3184 853 3346 899; x_wconf 81' lang='lat' dir='ltr'><strong>totum</strong></span> 
     </span>
    </p>
   </div>
   <div class='ocr_carea' id='block_1_8' title="bbox 124 891 3323 986">
    <p class='ocr_par' dir='ltr' id='par_1_8' title="bbox 124 891 3323 986">
     <span class='ocr_line' id='line_1_8' title="bbox 124 891 3323 986; baseline 0.005 -32"><span class='ocrx_word' id='word_1_28' title='bbox 124 900 179 985; x_wconf 65' lang='lat' dir='ltr'><strong>tul</strong></span> <span class='ocrx_word' id='word_1_29' title='bbox 200 902 395 986; x_wconf 66' lang='lat' dir='ltr'><strong>verbum</strong></span> <span class='ocrx_word' id='word_1_30' title='bbox 417 897 768 986; x_wconf 54' lang='lat' dir='ltr'><strong>coutpilqt&#39;unt</strong></span> <span class='ocrx_word' id='word_1_31' title='bbox 784 914 849 986; x_wconf 45' lang='lat' dir='ltr'><strong>es</strong></span> <span class='ocrx_word' id='word_1_32' title='bbox 869 895 1496 986; x_wconf 12' lang='grc' dir='ltr'><strong>ᾃῇςξιξςὺὶρληὶωίοηξίηξξ,</strong></span> <span class='ocrx_word' id='word_1_33' title='bbox 1847 895 2065 986; x_wconf 46' lang='lat' dir='ltr'><strong>ejusque</strong></span> <span class='ocrx_word' id='word_1_34' title='bbox 2097 891 2553 986; x_wconf 68' lang='lat' dir='ltr'><strong>continuatoribus</strong></span> <span class='ocrx_word' id='word_1_35' title='bbox 2591 891 2959 979; x_wconf 62' lang='lat' dir='ltr'><strong>Ursicantpiuo</strong></span> 
     </span>
    </p>
   </div>
   <div class='ocr_carea' id='block_1_9' title="bbox 123 965 3350 1056">
    <p class='ocr_par' dir='ltr' id='par_1_9' title="bbox 123 965 3350 1056">
     <span class='ocr_line' id='line_1_9' title="bbox 123 965 3350 1056; baseline 0.002 -1"><span class='ocrx_word' id='word_1_36' title='bbox 123 974 344 1056; x_wconf 63' lang='grc' dir='ltr'><strong>άπεξίπιξν</strong></span> <span class='ocrx_word' id='word_1_37' title='bbox 389 965 582 1056; x_wconf 50' lang='lat' dir='ltr'><strong>clibi“</strong></span> <span class='ocrx_word' id='word_1_38' title='bbox 613 966 838 1056; x_wconf 66' lang='grc' dir='ltr'><strong>,ςέὶαηοέε</strong></span> <span class='ocrx_word' id='word_1_39' title='bbox 864 968 1029 1056; x_wconf 62' lang='grc' dir='ltr'><strong>ξεέξξξι</strong></span> <span class='ocrx_word' id='word_1_40' title='bbox 1052 965 1394 1056; x_wconf 61' lang='grc' dir='ltr'><strong>Ιῖἒτῖἲὶεξξῖίῖνδξτ</strong></span> <span class='ocrx_word' id='word_1_41' title='bbox 1415 965 2184 1056; x_wconf 44' lang='lat' dir='ltr'><strong>{aurumveludam&quot;?</strong></span> <span class='ocrx_word' id='word_1_42' title='bbox 2214 990 2242 1026; x_wconf 78' lang='grc' dir='ltr'><strong><em>ε</em></strong></span> <span class='ocrx_word' id='word_1_43' title='bbox 2274 975 2454 1056; x_wconf 51' lang='lat' dir='ltr'><strong>sed“?</strong></span> <span class='ocrx_word' id='word_1_44' title='bbox 2479 978 2618 1056; x_wconf 66' lang='grc' dir='ltr'><strong>ηερίο</strong></span> <span class='ocrx_word' id='word_1_45' title='bbox 2646 965 2941 1035; x_wconf 47' lang='lat' dir='ltr'><strong>Pari-sensi</strong></span> <span class='ocrx_word' id='word_1_46' title='bbox 2970 965 3106 1037; x_wconf 59' lang='grc' dir='ltr'><strong>ειειέέ</strong></span> <span class='ocrx_word' id='word_1_47' title='bbox 3127 965 3350 1056; x_wconf 59' lang='grc' dir='ltr'><strong>διὶὶνέῖὲ-</strong></span> 
     </span>
    </p>
   </div>
   <div class='ocr_carea' id='block_1_10' title="bbox 122 1031 3346 1122">
    <p class='ocr_par' dir='ltr' id='par_1_10' title="bbox 122 1031 3346 1122">
     <span class='ocr_line' id='line_1_10' title="bbox 122 1031 3346 1122; baseline 0.005 -27"><span class='ocrx_word' id='word_1_48' title='bbox 122 1050 273 1122; x_wconf 68' lang='grc' dir='ltr'><strong>ιηοηιςι</strong></span> <span class='ocrx_word' id='word_1_49' title='bbox 303 1031 498 1095; x_wconf 73' lang='lat' dir='ltr'><strong>Latina</strong></span> <span class='ocrx_word' id='word_1_50' title='bbox 525 1055 579 1093; x_wconf 82' lang='grc' dir='ltr'><strong>η.</strong></span> <span class='ocrx_word' id='word_1_51' title='bbox 613 1037 736 1122; x_wconf 56' lang='grc' dir='ltr'><strong>Ἱέὅ,</strong></span> <span class='ocrx_word' id='word_1_52' title='bbox 784 1031 1012 1122; x_wconf 49' lang='grc' dir='ltr'><strong>ε.¹’χγιιι</strong></span> <span class='ocrx_word' id='word_1_53' title='bbox 1043 1031 1370 1122; x_wconf 45' lang='grc' dir='ltr'><strong>ἄεισι-φωρ</strong></span> <span class='ocrx_word' id='word_1_54' title='bbox 1416 1034 1594 1089; x_wconf 81' lang='lat' dir='ltr'><strong>codice</strong></span> <span class='ocrx_word' id='word_1_55' title='bbox 1794 1033 2107 1122; x_wconf 52' lang='grc' dir='ltr'><strong>ξ’ξιέιςῃαηη,</strong></span> <span class='ocrx_word' id='word_1_56' title='bbox 2152 1050 2263 1095; x_wconf 81' lang='lat' dir='ltr'><strong>tum</strong></span> <span class='ocrx_word' id='word_1_57' title='bbox 2308 1031 2614 1122; x_wconf 50' lang='grc' dir='ltr'><strong>ςΙινὶδιὶιῖαῄ</strong></span> <span class='ocrx_word' id='word_1_58' title='bbox 2662 1031 3104 1107; x_wconf 34' lang='lat' dir='ltr'><strong>nunc—velimne</strong></span> <span class='ocrx_word' id='word_1_59' title='bbox 3128 1031 3346 1122; x_wconf 44' lang='grc' dir='ltr'><strong>’λ’-«11,</strong></span> 
     </span>
    </p>
   </div>
   <div class='ocr_carea' id='block_1_11' title="bbox 125 1100 3349 1195">
    <p class='ocr_par' dir='ltr' id='par_1_11' title="bbox 125 1100 3349 1195">
     <span class='ocr_line' id='line_1_11' title="bbox 125 1100 3349 1195; baseline 0.005 -30"><span class='ocrx_word' id='word_1_60' title='bbox 125 1113 311 1195; x_wconf 45' lang='lat' dir='ltr'><strong>mmor;</strong></span> <span class='ocrx_word' id='word_1_61' title='bbox 356 1128 422 1195; x_wconf 47' lang='grc' dir='ltr'>ελ</span> <span class='ocrx_word' id='word_1_62' title='bbox 435 1125 568 1195; x_wconf 77' lang='lat' dir='ltr'><strong>_nv.</strong></span> <span class='ocrx_word' id='word_1_63' title='bbox 622 1100 731 1163; x_wconf 52' lang='lat' dir='ltr'><strong>Eat</strong></span> <span class='ocrx_word' id='word_1_64' title='bbox 758 1107 938 1162; x_wconf 83' lang='lat' dir='ltr'><strong>eodem</strong></span> <span class='ocrx_word' id='word_1_65' title='bbox 991 1107 1170 1162; x_wconf 80' lang='lat' dir='ltr'><strong>codice</strong></span> <span class='ocrx_word' id='word_1_66' title='bbox 1215 1100 1366 1178; x_wconf 72' lang='lat' dir='ltr'><strong>regio</strong></span> <span class='ocrx_word' id='word_1_67' title='bbox 1418 1120 1584 1159; x_wconf 79' lang='lat' dir='ltr'><strong>annos</strong></span> <span class='ocrx_word' id='word_1_68' title='bbox 1636 1100 1948 1161; x_wconf 69' lang='grc'><strong>1115-1204</strong></span> <span class='ocrx_word' id='word_1_69' title='bbox 1990 1100 2262 1182; x_wconf 75' lang='lat' dir='ltr'><strong>excerptas</strong></span> <span class='ocrx_word' id='word_1_70' title='bbox 2297 1115 2415 1184; x_wconf 84' lang='lat' dir='ltr'><strong>jam</strong></span> <span class='ocrx_word' id='word_1_71' title='bbox 2450 1100 2619 1172; x_wconf 63' lang='lat' dir='ltr'><strong>edidit</strong></span> <span class='ocrx_word' id='word_1_72' title='bbox 2672 1100 2808 1174; x_wconf 56' lang='lat' dir='ltr'><strong>ubi}:</strong></span> 
     </span>
    </p>
   </div>
   <div class='ocr_carea' id='block_1_12' title="bbox 123 1180 481 1249">
    <p class='ocr_par' dir='ltr' id='par_1_12' title="bbox 123 1180 481 1249">
     <span class='ocr_line' id='line_1_12' title="bbox 123 1180 481 1249; baseline -0.006 -12"><span class='ocrx_word' id='word_1_73' title='bbox 123 1180 325 1249; x_wconf 72' lang='lat' dir='ltr'><strong>XVIII,</strong></span> <span class='ocrx_word' id='word_1_74' title='bbox 358 1181 481 1236; x_wconf 87' lang='grc'><strong>701.</strong></span> 
     </span>
    </p>
   </div>
   <div class='ocr_carea' id='block_1_13' title="bbox 181 1286 3351 1378">
    <p class='ocr_par' dir='ltr' id='par_1_13' title="bbox 181 1286 3351 1378">
     <span class='ocr_line' id='line_1_13' title="bbox 181 1286 3351 1378; baseline 0.003 -24"><span class='ocrx_word' id='word_1_75' title='bbox 181 1298 291 1355; x_wconf 67' lang='grc' dir='ltr'><strong>ω.</strong></span> <span class='ocrx_word' id='word_1_76' title='bbox 327 1295 432 1363; x_wconf 85' lang='lat' dir='ltr'><strong>Qui</strong></span> <span class='ocrx_word' id='word_1_77' title='bbox 484 1308 614 1352; x_wconf 87' lang='lat' dir='ltr'><strong>eum</strong></span> <span class='ocrx_word' id='word_1_78' title='bbox 666 1310 700 1350; x_wconf 86' lang='lat' dir='ltr'><strong>a</strong></span> <span class='ocrx_word' id='word_1_79' title='bbox 750 1291 991 1365; x_wconf 88' lang='lat' dir='ltr'><strong>quodam</strong></span> <span class='ocrx_word' id='word_1_80' title='bbox 1040 1292 1314 1349; x_wconf 84' lang='lat' dir='ltr'><strong>monacho</strong></span> <span class='ocrx_word' id='word_1_81' title='bbox 1365 1306 1530 1362; x_wconf 82' lang='lat' dir='ltr'><strong>super</strong></span> <span class='ocrx_word' id='word_1_82' title='bbox 1579 1304 1666 1355; x_wconf 88' lang='lat' dir='ltr'><strong>eo,</strong></span> <span class='ocrx_word' id='word_1_83' title='bbox 1696 1286 1745 1346; x_wconf 78' lang='grc' dir='ltr'>Α</span> <span class='ocrx_word' id='word_1_84' title='bbox 1771 1288 2100 1363; x_wconf 86' lang='lat' dir='ltr'><strong>imperatore</strong></span> <span class='ocrx_word' id='word_1_85' title='bbox 2120 1298 2335 1368; x_wconf 85' lang='lat' dir='ltr'><strong>directi,</strong></span> <span class='ocrx_word' id='word_1_86' title='bbox 2361 1301 2416 1357; x_wconf 91' lang='lat' dir='ltr'><strong>in</strong></span> <span class='ocrx_word' id='word_1_87' title='bbox 2451 1302 2749 1361; x_wconf 89' lang='lat' dir='ltr'><strong>Cersonam</strong></span> <span class='ocrx_word' id='word_1_88' title='bbox 2773 1306 3127 1378; x_wconf 81' lang='lat' dir='ltr'><strong>deportaverc</strong></span> <span class='ocrx_word' id='word_1_89' title='bbox 3160 1308 3351 1365; x_wconf 67' lang='lat' dir='ltr'><strong>Martio&#39;</strong></span> 
     </span>
    </p>
   </div>
   <div class='ocr_carea' id='block_1_14' title="bbox 123 1385 1672 1462">
    <p class='ocr_par' dir='ltr' id='par_1_14' title="bbox 123 1385 1672 1462">
     <span class='ocr_line' id='line_1_14' title="bbox 123 1385 1672 1462; baseline -0.006 -15"><span class='ocrx_word' id='word_1_90' title='bbox 123 1390 246 1462; x_wconf 83' lang='lat' dir='ltr'><strong>quod</strong></span> <span class='ocrx_word' id='word_1_91' title='bbox 271 1389 502 1460; x_wconf 84' lang='lat' dir='ltr'><strong>petebat,</strong></span> <span class='ocrx_word' id='word_1_92' title='bbox 539 1403 667 1458; x_wconf 87' lang='lat' dir='ltr'><strong>sepe</strong></span> <span class='ocrx_word' id='word_1_93' title='bbox 707 1387 982 1457; x_wconf 84' lang='lat' dir='ltr'><strong>repulsam</strong></span> <span class='ocrx_word' id='word_1_94' title='bbox 1010 1385 1251 1457; x_wconf 87' lang='lat' dir='ltr'><strong>patiente</strong></span> <span class='ocrx_word' id='word_1_95' title='bbox 1293 1385 1672 1440; x_wconf 83' lang='lat' dir='ltr'><strong>excommuni-</strong></span> 
     </span>
    </p>
   </div>
   <div class='ocr_carea' id='block_1_15' title="bbox 125 1476 1673 1549">
    <p class='ocr_par' dir='ltr' id='par_1_15' title="bbox 125 1476 1673 1549">
     <span class='ocr_line' id='line_1_15' title="bbox 125 1476 1673 1549; baseline -0.005 -10"><span class='ocrx_word' id='word_1_96' title='bbox 125 1491 257 1539; x_wconf 89' lang='lat' dir='ltr'><strong>catus</strong></span> <span class='ocrx_word' id='word_1_97' title='bbox 277 1489 436 1546; x_wconf 88' lang='lat' dir='ltr'><strong>esset,</strong></span> <span class='ocrx_word' id='word_1_98' title='bbox 458 1489 515 1535; x_wconf 90' lang='lat' dir='ltr'><strong>et</strong></span> <span class='ocrx_word' id='word_1_99' title='bbox 549 1478 856 1536; x_wconf 84' lang='lat' dir='ltr'><strong>monachus</strong></span> <span class='ocrx_word' id='word_1_100' title='bbox 888 1476 1212 1549; x_wconf 77' lang='lat' dir='ltr'><strong>aufugisset,</strong></span> <span class='ocrx_word' id='word_1_101' title='bbox 1244 1477 1381 1531; x_wconf 83' lang='lat' dir='ltr'><strong>dixit</strong></span> <span class='ocrx_word' id='word_1_102' title='bbox 1424 1493 1485 1532; x_wconf 82' lang='lat' dir='ltr'><strong>se</strong></span> <span class='ocrx_word' id='word_1_103' title='bbox 1529 1477 1673 1532; x_wconf 82' lang='lat' dir='ltr'><strong>nolle</strong></span> 
     </span>
    </p>
   </div>
   <div class='ocr_carea' id='block_1_16' title="bbox 126 1568 1670 1642">
    <p class='ocr_par' dir='ltr' id='par_1_16' title="bbox 126 1568 1670 1642">
     <span class='ocr_line' id='line_1_16' title="bbox 126 1568 1670 1642; baseline -0.008 -7"><span class='ocrx_word' id='word_1_104' title='bbox 126 1592 314 1635; x_wconf 81' lang='lat' dir='ltr'><strong>sumere</strong></span> <span class='ocrx_word' id='word_1_105' title='bbox 347 1576 553 1642; x_wconf 88' lang='lat' dir='ltr'><strong>cibum,</strong></span> <span class='ocrx_word' id='word_1_106' title='bbox 593 1575 770 1631; x_wconf 91' lang='lat' dir='ltr'><strong>donec</strong></span> <span class='ocrx_word' id='word_1_107' title='bbox 818 1574 1193 1630; x_wconf 75' lang='lat' dir='ltr'><strong>absolveretur</strong></span> <span class='ocrx_word' id='word_1_108' title='bbox 1231 1572 1299 1626; x_wconf 92' lang='lat' dir='ltr'><strong>ab</strong></span> <span class='ocrx_word' id='word_1_109' title='bbox 1339 1586 1423 1626; x_wconf 92' lang='lat' dir='ltr'><strong>eo.</strong></span> <span class='ocrx_word' id='word_1_110' title='bbox 1468 1568 1670 1624; x_wconf 83' lang='lat' dir='ltr'><strong>Verum</strong></span> 
     </span>
    </p>
   </div>
   <div class='ocr_carea' id='block_1_17' title="bbox 126 1663 1672 1739">
    <p class='ocr_par' dir='ltr' id='par_1_17' title="bbox 126 1663 1672 1739">
     <span class='ocr_line' id='line_1_17' title="bbox 126 1663 1672 1739; baseline -0.006 -12"><span class='ocrx_word' id='word_1_111' title='bbox 126 1685 231 1727; x_wconf 86' lang='lat' dir='ltr'><strong>cum</strong></span> <span class='ocrx_word' id='word_1_112' title='bbox 254 1668 352 1724; x_wconf 88' lang='lat' dir='ltr'><strong>loci</strong></span> <span class='ocrx_word' id='word_1_113' title='bbox 379 1668 527 1723; x_wconf 87' lang='lat' dir='ltr'><strong>illius</strong></span> <span class='ocrx_word' id='word_1_114' title='bbox 550 1666 843 1739; x_wconf 89' lang='lat' dir='ltr'><strong>episcopus</strong></span> <span class='ocrx_word' id='word_1_115' title='bbox 864 1667 1255 1738; x_wconf 89' lang='lat' dir='ltr'><strong>pronunciaret</strong></span> <span class='ocrx_word' id='word_1_116' title='bbox 1287 1680 1414 1720; x_wconf 84' lang='lat' dir='ltr'><strong>eum</strong></span> <span class='ocrx_word' id='word_1_117' title='bbox 1448 1663 1672 1718; x_wconf 88' lang='lat' dir='ltr'><strong>absolu-</strong></span> 
     </span>
    </p>
   </div>
   <div class='ocr_carea' id='block_1_18' title="bbox 128 1755 1671 1831">
    <p class='ocr_par' dir='ltr' id='par_1_18' title="bbox 128 1755 1671 1831">
     <span class='ocr_line' id='line_1_18' title="bbox 128 1755 1671 1831; baseline -0.004 -15"><span class='ocrx_word' id='word_1_118' title='bbox 128 1767 241 1825; x_wconf 89' lang='lat' dir='ltr'><strong>tum,</strong></span> <span class='ocrx_word' id='word_1_119' title='bbox 271 1760 553 1831; x_wconf 87' lang='lat' dir='ltr'><strong>presertim</strong></span> <span class='ocrx_word' id='word_1_120' title='bbox 584 1774 711 1815; x_wconf 91' lang='lat' dir='ltr'><strong>cum</strong></span> <span class='ocrx_word' id='word_1_121' title='bbox 753 1773 863 1813; x_wconf 89' lang='lat' dir='ltr'><strong>non</strong></span> <span class='ocrx_word' id='word_1_122' title='bbox 898 1757 1127 1829; x_wconf 89' lang='lat' dir='ltr'><strong>quilibet</strong></span> <span class='ocrx_word' id='word_1_123' title='bbox 1161 1755 1671 1813; x_wconf 78' lang='lat' dir='ltr'><strong>excommunicandi</strong></span> 
     </span>
    </p>
   </div>
   <div class='ocr_carea' id='block_1_19' title="bbox 129 1849 1668 1923">
    <p class='ocr_par' dir='ltr' id='par_1_19' title="bbox 129 1849 1668 1923">
     <span class='ocr_line' id='line_1_19' title="bbox 129 1849 1668 1923; baseline -0.003 -15"><span class='ocrx_word' id='word_1_124' title='bbox 129 1853 332 1909; x_wconf 87' lang='lat' dir='ltr'><strong>habeant</strong></span> <span class='ocrx_word' id='word_1_125' title='bbox 357 1860 702 1923; x_wconf 83' lang='lat' dir='ltr'><strong>potestatem,</strong></span> <span class='ocrx_word' id='word_1_126' title='bbox 751 1866 860 1906; x_wconf 90' lang='lat' dir='ltr'><strong>non</strong></span> <span class='ocrx_word' id='word_1_127' title='bbox 899 1852 1172 1923; x_wconf 84' lang='lat' dir='ltr'><strong>acquievit</strong></span> <span class='ocrx_word' id='word_1_128' title='bbox 1210 1860 1391 1906; x_wconf 86' lang='lat' dir='ltr'><strong>tamen</strong></span> <span class='ocrx_word' id='word_1_129' title='bbox 1431 1849 1668 1920; x_wconf 87' lang='lat' dir='ltr'><strong>impera-</strong></span> 
     </span>
    </p>
   </div>
   <div class='ocr_carea' id='block_1_20' title="bbox 131 1944 1669 2018">
    <p class='ocr_par' dir='ltr' id='par_1_20' title="bbox 131 1944 1669 2018">
     <span class='ocr_line' id='line_1_20' title="bbox 131 1944 1669 2018; baseline -0.001 -17"><span class='ocrx_word' id='word_1_130' title='bbox 131 1955 217 2013; x_wconf 92' lang='lat' dir='ltr'><strong>tor,</strong></span> <span class='ocrx_word' id='word_1_131' title='bbox 257 1961 535 2018; x_wconf 83' lang='lat' dir='ltr'><strong>quousque</strong></span> <span class='ocrx_word' id='word_1_132' title='bbox 569 1948 640 2004; x_wconf 72' lang='lat' dir='ltr'><strong>ac)</strong></span> <span class='ocrx_word' id='word_1_133' title='bbox 681 1948 1215 2003; x_wconf 74' lang='lat' dir='ltr'><strong>excommunicatore</strong></span> <span class='ocrx_word' id='word_1_134' title='bbox 1260 1945 1456 2001; x_wconf 80' lang='lat' dir='ltr'><strong>fuisset</strong></span> <span class='ocrx_word' id='word_1_135' title='bbox 1503 1944 1669 2000; x_wconf 84' lang='lat' dir='ltr'><strong>abso-</strong></span> 
     </span>
    </p>
   </div>
   <div class='ocr_carea' id='block_1_21' title="bbox 131 2039 270 2094">
    <p class='ocr_par' dir='ltr' id='par_1_21' title="bbox 131 2039 270 2094">
     <span class='ocr_line' id='line_1_21' title="bbox 131 2039 270 2094; baseline 0 -1"><span class='ocrx_word' id='word_1_136' title='bbox 131 2039 270 2094; x_wconf 85' lang='lat' dir='ltr'><strong>lotus.</strong></span> 
     </span>
    </p>
   </div>
   <div class='ocr_carea' id='block_1_22' title="bbox 187 2129 1669 2203">
    <p class='ocr_par' dir='ltr' id='par_1_22' title="bbox 187 2129 1669 2203">
     <span class='ocr_line' id='line_1_22' title="bbox 187 2129 1669 2203; baseline -0.001 -17"><span class='ocrx_word' id='word_1_137' title='bbox 187 2130 431 2198; x_wconf 51' lang='lat' dir='ltr'><strong>535.’Qui</strong></span> <span class='ocrx_word' id='word_1_138' title='bbox 456 2132 814 2188; x_wconf 89' lang='lat' dir='ltr'><strong>insimulatus</strong></span> <span class='ocrx_word' id='word_1_139' title='bbox 837 2148 868 2187; x_wconf 89' lang='lat' dir='ltr'><strong>a</strong></span> <span class='ocrx_word' id='word_1_140' title='bbox 891 2132 1094 2203; x_wconf 91' lang='lat' dir='ltr'><strong>populo</strong></span> <span class='ocrx_word' id='word_1_141' title='bbox 1114 2148 1236 2197; x_wconf 86' lang='lat' dir='ltr'><strong>suo,</strong></span> <span class='ocrx_word' id='word_1_142' title='bbox 1266 2146 1333 2187; x_wconf 86' lang='lat' dir='ltr'><strong>eo</strong></span> <span class='ocrx_word' id='word_1_143' title='bbox 1359 2130 1505 2201; x_wconf 89' lang='lat' dir='ltr'><strong>quod</strong></span> <span class='ocrx_word' id='word_1_144' title='bbox 1532 2129 1669 2185; x_wconf 90' lang='lat' dir='ltr'><strong>mis-</strong></span> 
     </span>
    </p>
   </div>
   <div class='ocr_carea' id='block_1_23' title="bbox 133 2223 1672 2292">
    <p class='ocr_par' dir='ltr' id='par_1_23' title="bbox 133 2223 1672 2292">
     <span class='ocr_line' id='line_1_23' title="bbox 133 2223 1672 2292; baseline 0.001 -15"><span class='ocrx_word' id='word_1_145' title='bbox 133 2236 226 2277; x_wconf 87' lang='lat' dir='ltr'><strong>sam</strong></span> <span class='ocrx_word' id='word_1_146' title='bbox 251 2223 521 2281; x_wconf 88' lang='lat' dir='ltr'><strong>celebrans</strong></span> <span class='ocrx_word' id='word_1_147' title='bbox 550 2223 823 2292; x_wconf 86' lang='lat' dir='ltr'><strong>diluculo,</strong></span> <span class='ocrx_word' id='word_1_148' title='bbox 862 2226 1047 2282; x_wconf 90' lang='lat' dir='ltr'><strong>statim</strong></span> <span class='ocrx_word' id='word_1_149' title='bbox 1083 2224 1265 2279; x_wconf 87' lang='lat' dir='ltr'><strong>cibum</strong></span> <span class='ocrx_word' id='word_1_150' title='bbox 1297 2231 1558 2280; x_wconf 89' lang='lat' dir='ltr'><strong>sumeret.</strong></span> <span class='ocrx_word' id='word_1_151' title='bbox 1602 2223 1672 2278; x_wconf 89' lang='lat' dir='ltr'><strong>ad</strong></span> 
     </span>
    </p>
   </div>
   <div class='ocr_carea' id='block_1_24' title="bbox 134 2310 1670 2384">
    <p class='ocr_par' dir='ltr' id='par_1_24' title="bbox 134 2310 1670 2384">
     <span class='ocr_line' id='line_1_24' title="bbox 134 2310 1670 2384; baseline 0.001 -18"><span class='ocrx_word' id='word_1_152' title='bbox 134 2312 253 2382; x_wconf 86' lang='lat' dir='ltr'><strong>quod</strong></span> <span class='ocrx_word' id='word_1_153' title='bbox 302 2321 477 2369; x_wconf 88' lang='lat' dir='ltr'><strong>tamen</strong></span> <span class='ocrx_word' id='word_1_154' title='bbox 524 2329 655 2370; x_wconf 90' lang='lat' dir='ltr'><strong>eum</strong></span> <span class='ocrx_word' id='word_1_155' title='bbox 706 2314 998 2371; x_wconf 80' lang='lat' dir='ltr'><strong>infirmitas</strong></span> <span class='ocrx_word' id='word_1_156' title='bbox 1054 2310 1399 2384; x_wconf 68' lang='lat' dir='ltr'><strong>impellebat,</strong></span> <span class='ocrx_word' id='word_1_157' title='bbox 1442 2313 1670 2369; x_wconf 81' lang='lat' dir='ltr'><strong>Romam</strong></span> 
     </span>
    </p>
   </div>
   <div class='ocr_carea' id='block_1_25' title="bbox 137 2405 1673 2477">
    <p class='ocr_par' dir='ltr' id='par_1_25' title="bbox 137 2405 1673 2477">
     <span class='ocr_line' id='line_1_25' title="bbox 137 2405 1673 2477; baseline 0 -18"><span class='ocrx_word' id='word_1_158' title='bbox 137 2418 327 2475; x_wconf 86' lang='lat' dir='ltr'><strong>pergens</strong></span> <span class='ocrx_word' id='word_1_159' title='bbox 349 2406 653 2477; x_wconf 85' lang='lat' dir='ltr'><strong>sitiensque</strong></span> <span class='ocrx_word' id='word_1_160' title='bbox 686 2407 743 2463; x_wconf 92' lang='lat' dir='ltr'><strong>in</strong></span> <span class='ocrx_word' id='word_1_161' title='bbox 776 2407 995 2463; x_wconf 90' lang='lat' dir='ltr'><strong>deserto</strong></span> <span class='ocrx_word' id='word_1_162' title='bbox 1037 2421 1148 2477; x_wconf 90' lang='lat' dir='ltr'><strong>quo</strong></span> <span class='ocrx_word' id='word_1_163' title='bbox 1176 2405 1475 2471; x_wconf 84' lang='lat' dir='ltr'><strong>transibat,</strong></span> <span class='ocrx_word' id='word_1_164' title='bbox 1496 2405 1673 2461; x_wconf 84' lang='lat' dir='ltr'><strong>silve-</strong></span> 
     </span>
    </p>
   </div>
   <div class='ocr_carea' id='block_1_26' title="bbox 139 2496 1675 2566">
    <p class='ocr_par' dir='ltr' id='par_1_26' title="bbox 139 2496 1675 2566">
     <span class='ocr_line' id='line_1_26' title="bbox 139 2496 1675 2566; baseline 0.001 -18"><span class='ocrx_word' id='word_1_165' title='bbox 139 2501 251 2549; x_wconf 77' lang='lat' dir='ltr'><strong>stres</strong></span> <span class='ocrx_word' id='word_1_166' title='bbox 302 2510 482 2553; x_wconf 87' lang='lat' dir='ltr'><strong>cervas</strong></span> <span class='ocrx_word' id='word_1_167' title='bbox 530 2504 681 2551; x_wconf 73' lang='lat' dir='ltr'><strong>stane</strong></span> <span class='ocrx_word' id='word_1_168' title='bbox 711 2496 897 2566; x_wconf 88' lang='lat' dir='ltr'><strong>jussit,</strong></span> <span class='ocrx_word' id='word_1_169' title='bbox 944 2503 1340 2565; x_wconf 82' lang='lat' dir='ltr'><strong>steteruntque,</strong></span> <span class='ocrx_word' id='word_1_170' title='bbox 1384 2509 1675 2565; x_wconf 83' lang='lat' dir='ltr'><strong>quousque</strong></span> 
     </span>
    </p>
   </div>
   <div class='ocr_carea' id='block_1_27' title="bbox 139 2584 1676 2659">
    <p class='ocr_par' dir='ltr' id='par_1_27' title="bbox 139 2584 1676 2659">
     <span class='ocr_line' id='line_1_27' title="bbox 139 2584 1676 2659; baseline 0.003 -22"><span class='ocrx_word' id='word_1_171' title='bbox 139 2584 250 2639; x_wconf 88' lang='lat' dir='ltr'><strong>lacte</strong></span> <span class='ocrx_word' id='word_1_172' title='bbox 291 2599 471 2643; x_wconf 70' lang='lat' dir='ltr'><strong>arum</strong></span> <span class='ocrx_word' id='word_1_173' title='bbox 503 2597 672 2659; x_wconf 91' lang='lat' dir='ltr'><strong>potus</strong></span> <span class='ocrx_word' id='word_1_174' title='bbox 696 2597 779 2645; x_wconf 90' lang='lat' dir='ltr'><strong>est</strong></span> <span class='ocrx_word' id='word_1_175' title='bbox 814 2596 870 2644; x_wconf 91' lang='lat' dir='ltr'><strong>et</strong></span> <span class='ocrx_word' id='word_1_176' title='bbox 896 2586 1171 2653; x_wconf 82' lang='lat' dir='ltr'><strong>refectus.</strong></span> <span class='ocrx_word' id='word_1_177' title='bbox 1217 2586 1421 2643; x_wconf 85' lang='lat' dir='ltr'><strong>Deinde</strong></span> <span class='ocrx_word' id='word_1_178' title='bbox 1467 2602 1676 2657; x_wconf 81' lang='lat' dir='ltr'><strong>pauper</strong></span> 
     </span>
    </p>
   </div>
   <div class='ocr_carea' id='block_1_28' title="bbox 141 2675 1675 2751">
    <p class='ocr_par' dir='ltr' id='par_1_28' title="bbox 141 2675 1675 2751">
     <span class='ocr_line' id='line_1_28' title="bbox 141 2675 1675 2751; baseline 0.002 -20"><span class='ocrx_word' id='word_1_179' title='bbox 141 2675 305 2733; x_wconf 82' lang='lat' dir='ltr'><strong>Christi</strong></span> <span class='ocrx_word' id='word_1_180' title='bbox 332 2694 437 2734; x_wconf 84' lang='lat' dir='ltr'><strong>non</strong></span> <span class='ocrx_word' id='word_1_181' title='bbox 469 2679 684 2736; x_wconf 86' lang='lat' dir='ltr'><strong>habens</strong></span> <span class='ocrx_word' id='word_1_182' title='bbox 715 2680 860 2739; x_wconf 91' lang='lat' dir='ltr'><strong>unde</strong></span> <span class='ocrx_word' id='word_1_183' title='bbox 900 2695 1096 2751; x_wconf 87' lang='lat' dir='ltr'><strong>papam</strong></span> <span class='ocrx_word' id='word_1_184' title='bbox 1120 2680 1446 2745; x_wconf 85' lang='lat' dir='ltr'><strong>honoraret,</strong></span> <span class='ocrx_word' id='word_1_185' title='bbox 1486 2678 1675 2750; x_wconf 90' lang='lat' dir='ltr'><strong>inspe-</strong></span> 
     </span>
    </p>
   </div>
   <div class='ocr_carea' id='block_1_29' title="bbox 141 2770 1678 2844">
    <p class='ocr_par' dir='ltr' id='par_1_29' title="bbox 141 2770 1678 2844">
     <span class='ocr_line' id='line_1_29' title="bbox 141 2770 1678 2844; baseline 0.001 -20"><span class='ocrx_word' id='word_1_186' title='bbox 141 2776 235 2824; x_wconf 87' lang='lat' dir='ltr'><strong>ctas</strong></span> <span class='ocrx_word' id='word_1_187' title='bbox 257 2785 373 2829; x_wconf 88' lang='lat' dir='ltr'><strong>aves</strong></span> <span class='ocrx_word' id='word_1_188' title='bbox 424 2772 677 2829; x_wconf 87' lang='lat' dir='ltr'><strong>volantes</strong></span> <span class='ocrx_word' id='word_1_189' title='bbox 721 2780 876 2844; x_wconf 87' lang='lat' dir='ltr'><strong>aptas</strong></span> <span class='ocrx_word' id='word_1_190' title='bbox 920 2772 1102 2829; x_wconf 90' lang='lat' dir='ltr'><strong>edulio</strong></span> <span class='ocrx_word' id='word_1_191' title='bbox 1130 2772 1251 2842; x_wconf 83' lang='lat' dir='ltr'><strong>ejus</strong></span> <span class='ocrx_word' id='word_1_192' title='bbox 1283 2771 1478 2828; x_wconf 86' lang='lat' dir='ltr'><strong>itinere</strong></span> <span class='ocrx_word' id='word_1_193' title='bbox 1516 2770 1678 2842; x_wconf 87' lang='lat' dir='ltr'><strong>pede-</strong></span> 
     </span>
    </p>
   </div>
   <div class='ocr_carea' id='block_1_30' title="bbox 143 2856 1679 2937">
    <p class='ocr_par' dir='ltr' id='par_1_30' title="bbox 143 2856 1679 2937">
     <span class='ocr_line' id='line_1_30' title="bbox 143 2856 1679 2937; baseline 0.001 -21"><span class='ocrx_word' id='word_1_194' title='bbox 143 2861 219 2916; x_wconf 81' lang='lat' dir='ltr'><strong>stri</strong></span> <span class='ocrx_word' id='word_1_195' title='bbox 262 2874 438 2921; x_wconf 92' lang='lat' dir='ltr'><strong>euntes</strong></span> <span class='ocrx_word' id='word_1_196' title='bbox 485 2866 556 2921; x_wconf 90' lang='lat' dir='ltr'><strong>ad</strong></span> <span class='ocrx_word' id='word_1_197' title='bbox 592 2856 923 2936; x_wconf 85' lang='lat' dir='ltr'><strong>presentiam</strong></span> <span class='ocrx_word' id='word_1_198' title='bbox 953 2863 1137 2937; x_wconf 81' lang='lat' dir='ltr'><strong>Vigilii</strong></span> <span class='ocrx_word' id='word_1_199' title='bbox 1171 2864 1349 2921; x_wconf 87' lang='lat' dir='ltr'><strong>eidem</strong></span> <span class='ocrx_word' id='word_1_200' title='bbox 1373 2863 1539 2919; x_wconf 89' lang='lat' dir='ltr'><strong>dedit.</strong></span> <span class='ocrx_word' id='word_1_201' title='bbox 1573 2861 1679 2930; x_wconf 92' lang='lat' dir='ltr'><strong>Qui</strong></span> 
     </span>
    </p>
   </div>
   <div class='ocr_carea' id='block_1_31' title="bbox 143 2952 1680 3025">
    <p class='ocr_par' dir='ltr' id='par_1_31' title="bbox 143 2952 1680 3025">
     <span class='ocr_line' id='line_1_31' title="bbox 143 2952 1680 3025; baseline -0.001 -16"><span class='ocrx_word' id='word_1_202' title='bbox 143 2952 321 3022; x_wconf 77' lang='lat' dir='ltr'><strong>cognita</strong></span> <span class='ocrx_word' id='word_1_203' title='bbox 352 2955 452 3011; x_wconf 90' lang='lat' dir='ltr'><strong>viri</strong></span> <span class='ocrx_word' id='word_1_204' title='bbox 503 2957 818 3023; x_wconf 84' lang='lat' dir='ltr'><strong>sanctitate,</strong></span> <span class='ocrx_word' id='word_1_205' title='bbox 868 2957 1021 3012; x_wconf 90' lang='lat' dir='ltr'><strong>omni</strong></span> <span class='ocrx_word' id='word_1_206' title='bbox 1056 2965 1247 3012; x_wconf 85' lang='lat' dir='ltr'><strong>contra</strong></span> <span class='ocrx_word' id='word_1_207' title='bbox 1275 2970 1402 3011; x_wconf 90' lang='lat' dir='ltr'><strong>eum</strong></span> <span class='ocrx_word' id='word_1_208' title='bbox 1433 2955 1680 3025; x_wconf 90' lang='lat' dir='ltr'><strong>calump-</strong></span> 
     </span>
    </p>
   </div>
   <div class='ocr_carea' id='block_1_32' title="bbox 144 3055 561 3102">
    <p class='ocr_par' dir='ltr' id='par_1_32' title="bbox 144 3055 561 3102">
     <span class='ocr_line' id='line_1_32' title="bbox 144 3055 561 3102; baseline 0.017 -7"><span class='ocrx_word' id='word_1_209' title='bbox 144 3055 561 3102; x_wconf 85' lang='lat' dir='ltr'><strong>mam......</strong></span> 
     </span>
    </p>
   </div>
   <div class='ocr_carea' id='block_1_33' title="bbox 198 3133 1680 3197">
    <p class='ocr_par' dir='ltr' id='par_1_33' title="bbox 198 3133 1680 3197">
     <span class='ocr_line' id='line_1_33' title="bbox 198 3133 1680 3197; baseline 0.003 -7"><span class='ocrx_word' id='word_1_210' title='bbox 198 3133 304 3190; x_wconf 76' lang='lat'><strong>633.</strong></span> <span class='ocrx_word' id='word_1_211' title='bbox 337 3134 445 3194; x_wconf 83' lang='lat' dir='ltr'><strong>Hoc</strong></span> <span class='ocrx_word' id='word_1_212' title='bbox 468 3138 648 3196; x_wconf 86' lang='lat' dir='ltr'><strong>electo</strong></span> <span class='ocrx_word' id='word_1_213' title='bbox 670 3138 872 3197; x_wconf 88' lang='lat' dir='ltr'><strong>milites</strong></span> <span class='ocrx_word' id='word_1_214' title='bbox 897 3139 1131 3196; x_wconf 90' lang='lat' dir='ltr'><strong>Romani</strong></span> <span class='ocrx_word' id='word_1_215' title='bbox 1162 3139 1480 3195; x_wconf 86' lang='lat' dir='ltr'><strong>invaserunt</strong></span> <span class='ocrx_word' id='word_1_216' title='bbox 1505 3139 1680 3194; x_wconf 83' lang='lat' dir='ltr'><strong>eccle-</strong></span> 
     </span>
    </p>
   </div>
   <div class='ocr_carea' id='block_1_34' title="bbox 146 3223 1681 3304">
    <p class='ocr_par' dir='ltr' id='par_1_34' title="bbox 146 3223 1681 3304">
     <span class='ocr_line' id='line_1_34' title="bbox 146 3223 1681 3304; baseline 0.006 -25"><span class='ocrx_word' id='word_1_217' title='bbox 146 3223 256 3280; x_wconf 86' lang='lat' dir='ltr'><strong>siam</strong></span> <span class='ocrx_word' id='word_1_218' title='bbox 273 3226 705 3299; x_wconf 85' lang='lat' dir='ltr'><strong>Lateranensem,</strong></span> <span class='ocrx_word' id='word_1_219' title='bbox 739 3234 924 3290; x_wconf 87' lang='lat' dir='ltr'><strong>omnia</strong></span> <span class='ocrx_word' id='word_1_220' title='bbox 956 3249 1089 3290; x_wconf 89' lang='lat' dir='ltr'><strong>vasa</strong></span> <span class='ocrx_word' id='word_1_221' title='bbox 1132 3248 1300 3288; x_wconf 89' lang='lat' dir='ltr'><strong>aurea</strong></span> <span class='ocrx_word' id='word_1_222' title='bbox 1336 3240 1392 3288; x_wconf 92' lang='lat' dir='ltr'><strong>et</strong></span> <span class='ocrx_word' id='word_1_223' title='bbox 1424 3241 1681 3304; x_wconf 88' lang='lat' dir='ltr'><strong>argentea</strong></span> 
     </span>
    </p>
   </div>
   <div class='ocr_carea' id='block_1_35' title="bbox 146 3324 1680 3396">
    <p class='ocr_par' dir='ltr' id='par_1_35' title="bbox 146 3324 1680 3396">
     <span class='ocr_line' id='line_1_35' title="bbox 146 3324 1680 3396; baseline 0.005 -25"><span class='ocrx_word' id='word_1_224' title='bbox 146 3328 462 3390; x_wconf 84' lang='lat' dir='ltr'><strong>asportantes,</strong></span> <span class='ocrx_word' id='word_1_225' title='bbox 493 3331 552 3379; x_wconf 90' lang='lat' dir='ltr'><strong>et</strong></span> <span class='ocrx_word' id='word_1_226' title='bbox 581 3324 724 3379; x_wconf 90' lang='lat' dir='ltr'><strong>inter</strong></span> <span class='ocrx_word' id='word_1_227' title='bbox 752 3340 813 3381; x_wconf 91' lang='lat' dir='ltr'><strong>se</strong></span> <span class='ocrx_word' id='word_1_228' title='bbox 848 3333 1059 3395; x_wconf 89' lang='lat' dir='ltr'><strong>partem</strong></span> <span class='ocrx_word' id='word_1_229' title='bbox 1102 3324 1427 3392; x_wconf 82' lang='lat' dir='ltr'><strong>dividentes,</strong></span> <span class='ocrx_word' id='word_1_230' title='bbox 1467 3333 1680 3396; x_wconf 86' lang='lat' dir='ltr'><strong>partem</strong></span> 
     </span>
    </p>
   </div>
   <div class='ocr_carea' id='block_1_36' title="bbox 147 3411 1682 3474">
    <p class='ocr_par' dir='ltr' id='par_1_36' title="bbox 147 3411 1682 3474">
     <span class='ocr_line' id='line_1_36' title="bbox 147 3411 1682 3474; baseline 0.005 -11"><span class='ocrx_word' id='word_1_231' title='bbox 147 3411 292 3467; x_wconf 68' lang='lat' dir='ltr'><strong>uario</strong></span> <span class='ocrx_word' id='word_1_232' title='bbox 332 3415 771 3473; x_wconf 87' lang='lat' dir='ltr'><strong>transmiserunt.</strong></span> <span class='ocrx_word' id='word_1_233' title='bbox 807 3415 1094 3474; x_wconf 83' lang='lat' dir='ltr'><strong>Mauritius</strong></span> <span class='ocrx_word' id='word_1_234' title='bbox 1128 3426 1312 3473; x_wconf 89' lang='lat' dir='ltr'><strong>autem</strong></span> <span class='ocrx_word' id='word_1_235' title='bbox 1350 3416 1682 3473; x_wconf 88' lang='lat' dir='ltr'><strong>cartularius</strong></span> 
     </span>
    </p>
   </div>
   <div class='ocr_carea' id='block_1_37' title="bbox 147 3502 1681 3581">
    <p class='ocr_par' dir='ltr' id='par_1_37' title="bbox 147 3502 1681 3581">
     <span class='ocr_line' id='line_1_37' title="bbox 147 3502 1681 3581; baseline 0.006 -27"><span class='ocrx_word' id='word_1_236' title='bbox 147 3510 189 3556; x_wconf 86' lang='lat' dir='ltr'><strong>et</strong></span> <span class='ocrx_word' id='word_1_237' title='bbox 207 3502 385 3563; x_wconf 88' lang='lat' dir='ltr'><strong>lsacius</strong></span> <span class='ocrx_word' id='word_1_238' title='bbox 430 3509 687 3579; x_wconf 89' lang='lat' dir='ltr'><strong>patritius</strong></span> <span class='ocrx_word' id='word_1_239' title='bbox 724 3518 777 3565; x_wconf 88' lang='lat' dir='ltr'><strong>et</strong></span> <span class='ocrx_word' id='word_1_240' title='bbox 803 3511 1041 3569; x_wconf 73' lang='lat' dir='ltr'><strong>exarcha</strong></span> <span class='ocrx_word' id='word_1_241' title='bbox 1073 3510 1240 3566; x_wconf 89' lang='lat' dir='ltr'><strong>totius</strong></span> <span class='ocrx_word' id='word_1_242' title='bbox 1267 3509 1440 3577; x_wconf 85' lang='lat' dir='ltr'><strong>ltalie,</strong></span> <span class='ocrx_word' id='word_1_243' title='bbox 1477 3510 1681 3581; x_wconf 85' lang='lat' dir='ltr'><strong>quibus</strong></span> 
     </span>
    </p>
   </div>
   <div class='ocr_carea' id='block_1_38' title="bbox 149 3596 1683 3674">
    <p class='ocr_par' dir='ltr' id='par_1_38' title="bbox 149 3596 1683 3674">
     <span class='ocr_line' id='line_1_38' title="bbox 149 3596 1683 3674; baseline 0.005 -25"><span class='ocrx_word' id='word_1_244' title='bbox 149 3596 383 3655; x_wconf 69' lang='lat' dir='ltr'><strong>actoribus</strong></span> <span class='ocrx_word' id='word_1_245' title='bbox 430 3599 580 3658; x_wconf 89' lang='lat' dir='ltr'><strong>facta</strong></span> <span class='ocrx_word' id='word_1_246' title='bbox 615 3608 773 3669; x_wconf 87' lang='lat' dir='ltr'><strong>sunt,</strong></span> <span class='ocrx_word' id='word_1_247' title='bbox 837 3617 947 3658; x_wconf 90' lang='lat' dir='ltr'><strong>non</strong></span> <span class='ocrx_word' id='word_1_248' title='bbox 989 3602 1081 3658; x_wconf 90' lang='lat' dir='ltr'><strong>diu</strong></span> <span class='ocrx_word' id='word_1_249' title='bbox 1135 3603 1462 3674; x_wconf 86' lang='lat' dir='ltr'><strong>impunitate</strong></span> <span class='ocrx_word' id='word_1_250' title='bbox 1509 3600 1683 3674; x_wconf 83' lang='lat' dir='ltr'><strong>gavisi</strong></span> 
     </span>
    </p>
   </div>
   <div class='ocr_carea' id='block_1_39' title="bbox 150 3692 1685 3766">
    <p class='ocr_par' dir='ltr' id='par_1_39' title="bbox 150 3692 1685 3766">
     <span class='ocr_line' id='line_1_39' title="bbox 150 3692 1685 3766; baseline 0.007 -25"><span class='ocrx_word' id='word_1_251' title='bbox 150 3698 280 3756; x_wconf 85' lang='lat' dir='ltr'><strong>sunt;</strong></span> <span class='ocrx_word' id='word_1_252' title='bbox 318 3708 433 3748; x_wconf 88' lang='lat' dir='ltr'><strong>nam</strong></span> <span class='ocrx_word' id='word_1_253' title='bbox 480 3693 773 3752; x_wconf 78' lang='lat' dir='ltr'><strong>Mauritius</strong></span> <span class='ocrx_word' id='word_1_254' title='bbox 801 3694 870 3750; x_wconf 89' lang='lat' dir='ltr'><strong>ab</strong></span> <span class='ocrx_word' id='word_1_255' title='bbox 914 3692 1091 3752; x_wconf 84' lang='lat' dir='ltr'><strong>lsacio</strong></span> <span class='ocrx_word' id='word_1_256' title='bbox 1117 3695 1419 3753; x_wconf 87' lang='lat' dir='ltr'><strong>decollatus</strong></span> <span class='ocrx_word' id='word_1_257' title='bbox 1450 3704 1536 3752; x_wconf 92' lang='lat' dir='ltr'><strong>est</strong></span> <span class='ocrx_word' id='word_1_258' title='bbox 1561 3710 1685 3766; x_wconf 82' lang='lat' dir='ltr'><strong>pos-</strong></span> 
     </span>
    </p>
   </div>
   <div class='ocr_carea' id='block_1_40' title="bbox 150 3783 1073 3859">
    <p class='ocr_par' dir='ltr' id='par_1_40' title="bbox 150 3783 1073 3859">
     <span class='ocr_line' id='line_1_40' title="bbox 150 3783 1073 3859; baseline 0.009 -24"><span class='ocrx_word' id='word_1_259' title='bbox 150 3788 233 3846; x_wconf 80' lang='lat' dir='ltr'><strong>tea,</strong></span> <span class='ocrx_word' id='word_1_260' title='bbox 255 3792 301 3839; x_wconf 89' lang='lat' dir='ltr'><strong>et</strong></span> <span class='ocrx_word' id='word_1_261' title='bbox 325 3783 526 3843; x_wconf 88' lang='lat' dir='ltr'><strong>Isacius</strong></span> <span class='ocrx_word' id='word_1_262' title='bbox 548 3803 581 3841; x_wconf 90' lang='lat' dir='ltr'><strong>a</strong></span> <span class='ocrx_word' id='word_1_263' title='bbox 618 3786 730 3843; x_wconf 87' lang='lat' dir='ltr'><strong>Deo</strong></span> <span class='ocrx_word' id='word_1_264' title='bbox 759 3803 1073 3859; x_wconf 91' lang='lat' dir='ltr'><strong>percussus.</strong></span> 
     </span>
    </p>
   </div>
   <div class='ocr_carea' id='block_1_41' title="bbox 203 3871 1683 3954">
    <p class='ocr_par' dir='ltr' id='par_1_41' title="bbox 203 3871 1683 3954">
     <span class='ocr_line' id='line_1_41' title="bbox 203 3871 1683 3954; baseline 0.007 -26"><span class='ocrx_word' id='word_1_265' title='bbox 203 3871 309 3930; x_wconf 74' lang='lat'><strong>656.</strong></span> <span class='ocrx_word' id='word_1_266' title='bbox 348 3874 517 3948; x_wconf 81' lang='lat' dir='ltr'><strong>Hujus</strong></span> <span class='ocrx_word' id='word_1_267' title='bbox 538 3887 785 3949; x_wconf 86' lang='lat' dir='ltr'><strong>tempore</strong></span> <span class='ocrx_word' id='word_1_268' title='bbox 804 3878 1009 3952; x_wconf 85' lang='lat' dir='ltr'><strong>Pyrrus</strong></span> <span class='ocrx_word' id='word_1_269' title='bbox 1034 3880 1106 3936; x_wconf 90' lang='lat' dir='ltr'><strong>ob</strong></span> <span class='ocrx_word' id='word_1_270' title='bbox 1133 3879 1373 3937; x_wconf 83' lang='lat' dir='ltr'><strong>heresim</strong></span> <span class='ocrx_word' id='word_1_271' title='bbox 1398 3880 1683 3954; x_wconf 90' lang='lat' dir='ltr'><strong>depositus</strong></span> 
     </span>
    </p>
   </div>
   <div class='ocr_carea' id='block_1_42' title="bbox 1772 1388 3361 1469">
    <p class='ocr_par' dir='ltr' id='par_1_42' title="bbox 1772 1388 3361 1469">
     <span class='ocr_line' id='line_1_42' title="bbox 1772 1388 3361 1469; baseline 0.01 -30"><span class='ocrx_word' id='word_1_272' title='bbox 1772 1399 1929 1452; x_wconf 89' lang='lat' dir='ltr'><strong>num,</strong></span> <span class='ocrx_word' id='word_1_273' title='bbox 1952 1388 2044 1442; x_wconf 89' lang='lat' dir='ltr'><strong>ubi</strong></span> <span class='ocrx_word' id='word_1_274' title='bbox 2075 1389 2368 1447; x_wconf 88' lang='lat' dir='ltr'><strong>defunctus</strong></span> <span class='ocrx_word' id='word_1_275' title='bbox 2396 1403 2480 1449; x_wconf 92' lang='lat' dir='ltr'><strong>est</strong></span> <span class='ocrx_word' id='word_1_276' title='bbox 2510 1404 2718 1465; x_wconf 85' lang='lat' dir='ltr'><strong>postea,</strong></span> <span class='ocrx_word' id='word_1_277' title='bbox 2763 1406 2817 1452; x_wconf 91' lang='lat' dir='ltr'><strong>et</strong></span> <span class='ocrx_word' id='word_1_278' title='bbox 2862 1414 3063 1468; x_wconf 87' lang='lat' dir='ltr'><strong>corpus</strong></span> <span class='ocrx_word' id='word_1_279' title='bbox 3106 1399 3225 1469; x_wconf 86' lang='lat' dir='ltr'><strong>ejus</strong></span> <span class='ocrx_word' id='word_1_280' title='bbox 3258 1401 3361 1455; x_wconf 83' lang='lat' dir='ltr'><strong>de-.</strong></span> 
     </span>
    </p>
   </div>
   <div class='ocr_carea' id='block_1_43' title="bbox 1772 1480 3354 1559">
    <p class='ocr_par' dir='ltr' id='par_1_43' title="bbox 1772 1480 3354 1559">
     <span class='ocr_line' id='line_1_43' title="bbox 1772 1480 3354 1559; baseline 0.01 -27"><span class='ocrx_word' id='word_1_281' title='bbox 1772 1495 1923 1534; x_wconf 91' lang='lat' dir='ltr'><strong>mum</strong></span> <span class='ocrx_word' id='word_1_282' title='bbox 1978 1480 2208 1538; x_wconf 81' lang='lat' dir='ltr'><strong>Romam</strong></span> <span class='ocrx_word' id='word_1_283' title='bbox 2257 1486 2509 1553; x_wconf 88' lang='lat' dir='ltr'><strong>relatum,</strong></span> <span class='ocrx_word' id='word_1_284' title='bbox 2574 1489 2846 1559; x_wconf 83' lang='lat' dir='ltr'><strong>sepultum</strong></span> <span class='ocrx_word' id='word_1_285' title='bbox 2887 1490 3065 1545; x_wconf 86' lang='lat' dir='ltr'><strong>estin</strong></span> <span class='ocrx_word' id='word_1_286' title='bbox 3122 1491 3354 1548; x_wconf 79' lang='lat' dir='ltr'><strong>ecclesia</strong></span> 
     </span>
    </p>
   </div>
   <div class='ocr_carea' id='block_1_44' title="bbox 1772 1564 3349 1640">
    <p class='ocr_par' dir='ltr' id='par_1_44' title="bbox 1772 1564 3349 1640">
     <span class='ocr_line' id='line_1_44' title="bbox 1772 1564 3349 1640; baseline 0.008 -13"><span class='ocrx_word' id='word_1_287' title='bbox 1772 1572 1946 1629; x_wconf 86' lang='lat' dir='ltr'><strong>sancti</strong></span> <span class='ocrx_word' id='word_1_288' title='bbox 1978 1574 2247 1633; x_wconf 85' lang='lat' dir='ltr'><strong>Silvestri.</strong></span> <span class='ocrx_word' id='word_1_289' title='bbox 3180 1564 3183 1571; x_wconf 48' lang='grc'><em>’</em></span> <span class='ocrx_word' id='word_1_290' title='bbox 3344 1633 3349 1640; x_wconf 93' lang='grc'>.</span> 
     </span>
    </p>
   </div>
   <div class='ocr_carea' id='block_1_45' title="bbox 1841 1666 3363 1743">
    <p class='ocr_par' dir='ltr' id='par_1_45' title="bbox 1841 1666 3363 1743">
     <span class='ocr_line' id='line_1_45' title="bbox 1841 1666 3363 1743; baseline 0.006 -23"><span class='ocrx_word' id='word_1_291' title='bbox 1841 1666 1968 1722; x_wconf 82' lang='grc'><strong>679.</strong></span> <span class='ocrx_word' id='word_1_292' title='bbox 2011 1666 2186 1740; x_wconf 87' lang='lat' dir='ltr'><strong>Hujus</strong></span> <span class='ocrx_word' id='word_1_293' title='bbox 2216 1679 2459 1741; x_wconf 87' lang='lat' dir='ltr'><strong>tempore</strong></span> <span class='ocrx_word' id='word_1_294' title='bbox 2479 1672 2712 1728; x_wconf 83' lang='lat' dir='ltr'><strong>ecclesia</strong></span> <span class='ocrx_word' id='word_1_295' title='bbox 2756 1671 3067 1739; x_wconf 75' lang='lat' dir='ltr'><strong>Ravennae,</strong></span> <span class='ocrx_word' id='word_1_296' title='bbox 3106 1688 3214 1743; x_wconf 89' lang='lat' dir='ltr'><strong>que</strong></span> <span class='ocrx_word' id='word_1_297' title='bbox 3258 1670 3363 1729; x_wconf 71' lang='lat' dir='ltr'><strong>diu</strong></span> 
     </span>
    </p>
   </div>
   <div class='ocr_carea' id='block_1_46' title="bbox 1771 1759 2892 1827">
    <p class='ocr_par' dir='ltr' id='par_1_46' title="bbox 1771 1759 2892 1827">
     <span class='ocr_line' id='line_1_46' title="bbox 1771 1759 2892 1827; baseline 0.005 -15"><span class='ocrx_word' id='word_1_298' title='bbox 1771 1769 2077 1814; x_wconf 86' lang='lat' dir='ltr'><strong>recesserat</strong></span> <span class='ocrx_word' id='word_1_299' title='bbox 2100 1776 2130 1814; x_wconf 90' lang='lat' dir='ltr'><strong>a</strong></span> <span class='ocrx_word' id='word_1_300' title='bbox 2163 1759 2432 1827; x_wconf 82' lang='lat' dir='ltr'><strong>Romana,</strong></span> <span class='ocrx_word' id='word_1_301' title='bbox 2465 1763 2627 1818; x_wconf 82' lang='lat' dir='ltr'><strong>rediit</strong></span> <span class='ocrx_word' id='word_1_302' title='bbox 2653 1764 2718 1818; x_wconf 88' lang='lat' dir='ltr'><strong>ad</strong></span> <span class='ocrx_word' id='word_1_303' title='bbox 2749 1779 2892 1818; x_wconf 87' lang='lat' dir='ltr'><strong>eam.</strong></span> 
     </span>
    </p>
   </div>
   <div class='ocr_carea' id='block_1_47' title="bbox 1841 1828 3358 1926">
    <p class='ocr_par' dir='ltr' id='par_1_47' title="bbox 1841 1828 3358 1926">
     <span class='ocr_line' id='line_1_47' title="bbox 1841 1828 3358 1926; baseline 0.003 -20"><span class='ocrx_word' id='word_1_304' title='bbox 1841 1851 1966 1907; x_wconf 66' lang='grc'><strong>681.</strong></span> <span class='ocrx_word' id='word_1_305' title='bbox 2010 1850 2124 1907; x_wconf 88' lang='lat' dir='ltr'><strong>Sub</strong></span> <span class='ocrx_word' id='word_1_306' title='bbox 2154 1854 2257 1909; x_wconf 87' lang='lat' dir='ltr'><strong>hoc</strong></span> <span class='ocrx_word' id='word_1_307' title='bbox 2280 1853 2547 1908; x_wconf 87' lang='lat' dir='ltr'><strong>indultum</strong></span> <span class='ocrx_word' id='word_1_308' title='bbox 2574 1865 2658 1909; x_wconf 87' lang='lat' dir='ltr'><strong>est</strong></span> <span class='ocrx_word' id='word_1_309' title='bbox 2686 1856 2756 1909; x_wconf 90' lang='lat' dir='ltr'><strong>ab</strong></span> <span class='ocrx_word' id='word_1_310' title='bbox 2778 1855 3124 1926; x_wconf 80' lang='lat' dir='ltr'><strong>imperatore,</strong></span> <span class='ocrx_word' id='word_1_311' title='bbox 3167 1865 3227 1911; x_wconf 90' lang='lat' dir='ltr'><strong>ut</strong></span> <span class='ocrx_word' id='word_1_312' title='bbox 3252 1828 3358 1911; x_wconf 23' lang='lat' dir='ltr'><strong>Ro-y</strong></span> 
     </span>
    </p>
   </div>
   <div class='ocr_carea' id='block_1_48' title="bbox 1771 1943 3365 2015">
    <p class='ocr_par' dir='ltr' id='par_1_48' title="bbox 1771 1943 3365 2015">
     <span class='ocr_line' id='line_1_48' title="bbox 1771 1943 3365 2015; baseline 0.004 -20"><span class='ocrx_word' id='word_1_313' title='bbox 1771 1956 1970 1997; x_wconf 87' lang='lat' dir='ltr'><strong>manus</strong></span> <span class='ocrx_word' id='word_1_314' title='bbox 2012 1957 2150 2012; x_wconf 84' lang='lat' dir='ltr'><strong>papa</strong></span> <span class='ocrx_word' id='word_1_315' title='bbox 2197 1943 2404 1999; x_wconf 88' lang='lat' dir='ltr'><strong>nullius</strong></span> <span class='ocrx_word' id='word_1_316' title='bbox 2433 1945 2698 2015; x_wconf 82' lang='lat' dir='ltr'><strong>requisito</strong></span> <span class='ocrx_word' id='word_1_317' title='bbox 2741 1960 3038 2011; x_wconf 88' lang='lat' dir='ltr'><strong>consensu,</strong></span> <span class='ocrx_word' id='word_1_318' title='bbox 3064 1947 3247 2001; x_wconf 88' lang='lat' dir='ltr'><strong>statim</strong></span> <span class='ocrx_word' id='word_1_319' title='bbox 3286 1962 3365 2002; x_wconf 73' lang='lat' dir='ltr'><strong>ex</strong></span> 
     </span>
    </p>
   </div>
   <div class='ocr_carea' id='block_1_49' title="bbox 1772 2033 2540 2105">
    <p class='ocr_par' dir='ltr' id='par_1_49' title="bbox 1772 2033 2540 2105">
     <span class='ocr_line' id='line_1_49' title="bbox 1772 2033 2540 2105; baseline 0.003 -18"><span class='ocrx_word' id='word_1_320' title='bbox 1772 2048 1882 2103; x_wconf 80' lang='lat' dir='ltr'><strong>quo</strong></span> <span class='ocrx_word' id='word_1_321' title='bbox 1909 2033 2148 2105; x_wconf 85' lang='lat' dir='ltr'><strong>eligitur,</strong></span> <span class='ocrx_word' id='word_1_322' title='bbox 2172 2043 2540 2089; x_wconf 85' lang='lat' dir='ltr'><strong>consecretur.</strong></span> 
     </span>
    </p>
   </div>
   <div class='ocr_carea' id='block_1_50' title="bbox 1843 2124 3358 2198">
    <p class='ocr_par' dir='ltr' id='par_1_50' title="bbox 1843 2124 3358 2198">
     <span class='ocr_line' id='line_1_50' title="bbox 1843 2124 3358 2198; baseline 0.004 -20"><span class='ocrx_word' id='word_1_323' title='bbox 1843 2124 1965 2180; x_wconf 85' lang='lat'><strong>786.</strong></span> <span class='ocrx_word' id='word_1_324' title='bbox 2008 2124 2112 2192; x_wconf 85' lang='lat' dir='ltr'><strong>Qui</strong></span> <span class='ocrx_word' id='word_1_325' title='bbox 2145 2126 2671 2197; x_wconf 78' lang='lat' dir='ltr'><strong>Constantinopolim</strong></span> <span class='ocrx_word' id='word_1_326' title='bbox 2720 2126 3016 2198; x_wconf 79' lang='lat' dir='ltr'><strong>aliquando</strong></span> <span class='ocrx_word' id='word_1_327' title='bbox 3049 2128 3295 2193; x_wconf 88' lang='lat' dir='ltr'><strong>veniens,</strong></span> <span class='ocrx_word' id='word_1_328' title='bbox 3324 2144 3358 2184; x_wconf 67' lang='grc' dir='ltr'><strong>ι</strong></span> 
     </span>
    </p>
   </div>
   <div class='ocr_carea' id='block_1_51' title="bbox 1770 2213 3357 2291">
    <p class='ocr_par' dir='ltr' id='par_1_51' title="bbox 1770 2213 3357 2291">
     <span class='ocr_line' id='line_1_51' title="bbox 1770 2213 3357 2291; baseline 0.004 -21"><span class='ocrx_word' id='word_1_329' title='bbox 1770 2213 2083 2272; x_wconf 71' lang='lat' dir='ltr'><strong>Iustiniano</strong></span> <span class='ocrx_word' id='word_1_330' title='bbox 2107 2218 2408 2273; x_wconf 84' lang='lat' dir='ltr'><strong>honoriﬁce</strong></span> <span class='ocrx_word' id='word_1_331' title='bbox 2441 2228 2751 2288; x_wconf 80' lang='lat' dir='ltr'><strong>susceptus,</strong></span> <span class='ocrx_word' id='word_1_332' title='bbox 2779 2219 2932 2274; x_wconf 89' lang='lat' dir='ltr'><strong>urbis</strong></span> <span class='ocrx_word' id='word_1_333' title='bbox 2963 2221 3108 2291; x_wconf 86' lang='lat' dir='ltr'><strong>regie</strong></span> <span class='ocrx_word' id='word_1_334' title='bbox 3134 2220 3357 2290; x_wconf 80' lang='lat' dir='ltr'><strong>privile-</strong></span> 
     </span>
    </p>
   </div>
   <div class='ocr_carea' id='block_1_52' title="bbox 1772 2309 3361 2381">
    <p class='ocr_par' dir='ltr' id='par_1_52' title="bbox 1772 2309 3361 2381">
     <span class='ocr_line' id='line_1_52' title="bbox 1772 2309 3361 2381; baseline 0.003 -17"><span class='ocrx_word' id='word_1_335' title='bbox 1772 2309 1858 2381; x_wconf 81' lang='lat' dir='ltr'><strong>gia</strong></span> <span class='ocrx_word' id='word_1_336' title='bbox 1880 2311 2179 2366; x_wconf 83' lang='lat' dir='ltr'><strong>renovavit.</strong></span> <span class='ocrx_word' id='word_1_337' title='bbox 2204 2310 2326 2377; x_wconf 89' lang='lat' dir='ltr'><strong>Quo</strong></span> <span class='ocrx_word' id='word_1_338' title='bbox 2355 2327 2579 2367; x_wconf 88' lang='lat' dir='ltr'><strong>reverso</strong></span> <span class='ocrx_word' id='word_1_339' title='bbox 2606 2311 2858 2377; x_wconf 83' lang='lat' dir='ltr'><strong>Romam,</strong></span> <span class='ocrx_word' id='word_1_340' title='bbox 2897 2312 3199 2367; x_wconf 84' lang='lat' dir='ltr'><strong>trucidatur</strong></span> <span class='ocrx_word' id='word_1_341' title='bbox 3225 2310 3361 2368; x_wconf 82' lang='lat' dir='ltr'><strong>Jus-</strong></span> 
     </span>
    </p>
   </div>
   <div class='ocr_carea' id='block_1_53' title="bbox 1772 2400 3353 2473">
    <p class='ocr_par' dir='ltr' id='par_1_53' title="bbox 1772 2400 3353 2473">
     <span class='ocr_line' id='line_1_53' title="bbox 1772 2400 3353 2473; baseline 0.003 -20"><span class='ocrx_word' id='word_1_342' title='bbox 1772 2401 2016 2456; x_wconf 88' lang='lat' dir='ltr'><strong>tinianus</strong></span> <span class='ocrx_word' id='word_1_343' title='bbox 2044 2417 2075 2455; x_wconf 91' lang='lat' dir='ltr'><strong>a</strong></span> <span class='ocrx_word' id='word_1_344' title='bbox 2108 2400 2410 2473; x_wconf 89' lang='lat' dir='ltr'><strong>Philippico</strong></span> <span class='ocrx_word' id='word_1_345' title='bbox 2439 2402 2729 2473; x_wconf 89' lang='lat' dir='ltr'><strong>imperium</strong></span> <span class='ocrx_word' id='word_1_346' title='bbox 2766 2403 3061 2473; x_wconf 86' lang='lat' dir='ltr'><strong>arripiente</strong></span> <span class='ocrx_word' id='word_1_347' title='bbox 3090 2404 3353 2459; x_wconf 87' lang='lat' dir='ltr'><strong>heretico.</strong></span> 
     </span>
    </p>
   </div>
   <div class='ocr_carea' id='block_1_54' title="bbox 1774 2490 3363 2565">
    <p class='ocr_par' dir='ltr' id='par_1_54' title="bbox 1774 2490 3363 2565">
     <span class='ocr_line' id='line_1_54' title="bbox 1774 2490 3363 2565; baseline 0.002 -18"><span class='ocrx_word' id='word_1_348' title='bbox 1774 2490 1880 2558; x_wconf 85' lang='lat' dir='ltr'><strong>Qui</strong></span> <span class='ocrx_word' id='word_1_349' title='bbox 1902 2501 2121 2563; x_wconf 88' lang='lat' dir='ltr'><strong>propter</strong></span> <span class='ocrx_word' id='word_1_350' title='bbox 2145 2493 2382 2550; x_wconf 89' lang='lat' dir='ltr'><strong>heresim</strong></span> <span class='ocrx_word' id='word_1_351' title='bbox 2422 2510 2523 2551; x_wconf 89' lang='lat' dir='ltr'><strong>nec</strong></span> <span class='ocrx_word' id='word_1_352' title='bbox 2559 2495 2730 2550; x_wconf 89' lang='lat' dir='ltr'><strong>Rome</strong></span> <span class='ocrx_word' id='word_1_353' title='bbox 2754 2496 2975 2550; x_wconf 87' lang='lat' dir='ltr'><strong>habitus</strong></span> <span class='ocrx_word' id='word_1_354' title='bbox 3012 2503 3100 2550; x_wconf 91' lang='lat' dir='ltr'><strong>est</strong></span> <span class='ocrx_word' id='word_1_355' title='bbox 3123 2496 3363 2565; x_wconf 82' lang='lat' dir='ltr'><strong>impera-</strong></span> 
     </span>
    </p>
   </div>
   <div class='ocr_carea' id='block_1_55' title="bbox 1777 2585 3365 2652">
    <p class='ocr_par' dir='ltr' id='par_1_55' title="bbox 1777 2585 3365 2652">
     <span class='ocr_line' id='line_1_55' title="bbox 1777 2585 3365 2652; baseline 0.001 -11"><span class='ocrx_word' id='word_1_356' title='bbox 1777 2594 1884 2651; x_wconf 90' lang='lat' dir='ltr'><strong>tor,</strong></span> <span class='ocrx_word' id='word_1_357' title='bbox 1917 2602 2019 2642; x_wconf 92' lang='lat' dir='ltr'><strong>nec</strong></span> <span class='ocrx_word' id='word_1_358' title='bbox 2037 2585 2231 2643; x_wconf 86' lang='lat' dir='ltr'><strong>Petrus</strong></span> <span class='ocrx_word' id='word_1_359' title='bbox 2254 2587 2324 2643; x_wconf 90' lang='lat' dir='ltr'><strong>ab</strong></span> <span class='ocrx_word' id='word_1_360' title='bbox 2347 2602 2415 2643; x_wconf 89' lang='lat' dir='ltr'><strong>eo</strong></span> <span class='ocrx_word' id='word_1_361' title='bbox 2451 2588 2656 2643; x_wconf 84' lang='lat' dir='ltr'><strong>missus</strong></span> <span class='ocrx_word' id='word_1_362' title='bbox 2691 2587 3027 2652; x_wconf 80' lang='lat' dir='ltr'><strong>Ravennam,</strong></span> <span class='ocrx_word' id='word_1_363' title='bbox 3051 2597 3112 2642; x_wconf 91' lang='lat' dir='ltr'><strong>ut</strong></span> <span class='ocrx_word' id='word_1_364' title='bbox 3136 2586 3286 2642; x_wconf 92' lang='lat' dir='ltr'><strong>ltalie</strong></span> <span class='ocrx_word' id='word_1_365' title='bbox 3307 2595 3365 2651; x_wconf 87' lang='lat' dir='ltr'><strong>et</strong></span> 
     </span>
    </p>
   </div>
   <div class='ocr_carea' id='block_1_56' title="bbox 1782 2678 3249 2751">
    <p class='ocr_par' dir='ltr' id='par_1_56' title="bbox 1782 2678 3249 2751">
     <span class='ocr_line' id='line_1_56' title="bbox 1782 2678 3249 2751; baseline -0.001 -17"><span class='ocrx_word' id='word_1_366' title='bbox 1782 2678 2154 2735; x_wconf 88' lang='lat' dir='ltr'><strong>Romanorum</strong></span> <span class='ocrx_word' id='word_1_367' title='bbox 2184 2680 2294 2736; x_wconf 75' lang='lat' dir='ltr'><strong>dux</strong></span> <span class='ocrx_word' id='word_1_368' title='bbox 2315 2688 2478 2747; x_wconf 90' lang='lat' dir='ltr'><strong>esset,</strong></span> <span class='ocrx_word' id='word_1_369' title='bbox 2511 2680 2677 2751; x_wconf 87' lang='lat' dir='ltr'><strong>recipi</strong></span> <span class='ocrx_word' id='word_1_370' title='bbox 2705 2680 2876 2750; x_wconf 87' lang='lat' dir='ltr'><strong>potuit</strong></span> <span class='ocrx_word' id='word_1_371' title='bbox 2904 2695 2934 2734; x_wconf 86' lang='lat' dir='ltr'><strong>a</strong></span> <span class='ocrx_word' id='word_1_372' title='bbox 2966 2678 3249 2734; x_wconf 86' lang='lat' dir='ltr'><strong>Romanis.</strong></span> 
     </span>
    </p>
   </div>
   <div class='ocr_carea' id='block_1_57' title="bbox 1850 2766 3365 2847">
    <p class='ocr_par' dir='ltr' id='par_1_57' title="bbox 1850 2766 3365 2847">
     <span class='ocr_line' id='line_1_57' title="bbox 1850 2766 3365 2847; baseline -0.003 -18"><span class='ocrx_word' id='word_1_373' title='bbox 1850 2771 1976 2829; x_wconf 69' lang='lat'><strong>902.</strong></span> <span class='ocrx_word' id='word_1_374' title='bbox 2017 2770 2117 2827; x_wconf 82' lang='lat' dir='ltr'><strong>His</strong></span> <span class='ocrx_word' id='word_1_375' title='bbox 2138 2772 2476 2842; x_wconf 85' lang='lat' dir='ltr'><strong>temporibus</strong></span> <span class='ocrx_word' id='word_1_376' title='bbox 2512 2771 2863 2827; x_wconf 86' lang='lat' dir='ltr'><strong>Gormundus</strong></span> <span class='ocrx_word' id='word_1_377' title='bbox 2903 2786 2996 2825; x_wconf 80' lang='lat' dir='ltr'><strong>rex</strong></span> <span class='ocrx_word' id='word_1_378' title='bbox 3039 2768 3255 2825; x_wconf 72' lang='lat' dir='ltr'><strong>Aﬁricze</strong></span> <span class='ocrx_word' id='word_1_379' title='bbox 3286 2766 3365 2847; x_wconf 80' lang='lat' dir='ltr'><strong>de</strong></span> 
     </span>
    </p>
   </div>
   <div class='ocr_carea' id='block_1_58' title="bbox 1781 2862 3423 2935">
    <p class='ocr_par' dir='ltr' id='par_1_58' title="bbox 1781 2862 3423 2935">
     <span class='ocr_line' id='line_1_58' title="bbox 1781 2862 3423 2935; baseline -0.004 -12"><span class='ocrx_word' id='word_1_380' title='bbox 1781 2875 1931 2923; x_wconf 86' lang='lat' dir='ltr'><strong>secta</strong></span> <span class='ocrx_word' id='word_1_381' title='bbox 1964 2864 2281 2921; x_wconf 75' lang='lat' dir='ltr'><strong>Mahometh</strong></span> <span class='ocrx_word' id='word_1_382' title='bbox 2317 2865 2560 2921; x_wconf 90' lang='lat' dir='ltr'><strong>collectis</strong></span> <span class='ocrx_word' id='word_1_383' title='bbox 2582 2864 2757 2935; x_wconf 87' lang='lat' dir='ltr'><strong>copiis</strong></span> <span class='ocrx_word' id='word_1_384' title='bbox 2788 2879 3019 2935; x_wconf 86' lang='lat' dir='ltr'><strong>regnum</strong></span> <span class='ocrx_word' id='word_1_385' title='bbox 3060 2862 3364 2933; x_wconf 81' lang='lat' dir='ltr'><strong>Anglorum</strong></span> <span class='ocrx_word' id='word_1_386' title='bbox 3414 2880 3423 2889; x_wconf 57' lang='lat'><strong>&#39;~</strong></span> 
     </span>
    </p>
   </div>
   <div class='ocr_carea' id='block_1_59' title="bbox 1780 2952 3380 3037">
    <p class='ocr_par' dir='ltr' id='par_1_59' title="bbox 1780 2952 3380 3037">
     <span class='ocr_line' id='line_1_59' title="bbox 1780 2952 3380 3037; baseline -0.006 -22"><span class='ocrx_word' id='word_1_387' title='bbox 1780 2960 1918 3015; x_wconf 90' lang='lat' dir='ltr'><strong>mari</strong></span> <span class='ocrx_word' id='word_1_388' title='bbox 1947 2967 2289 3037; x_wconf 84' lang='lat' dir='ltr'><strong>transvectus</strong></span> <span class='ocrx_word' id='word_1_389' title='bbox 2322 2959 2541 3014; x_wconf 81' lang='lat' dir='ltr'><strong>invasit.</strong></span> <span class='ocrx_word' id='word_1_390' title='bbox 2568 2958 2649 3013; x_wconf 82' lang='lat' dir='ltr'><strong>Ad</strong></span> <span class='ocrx_word' id='word_1_391' title='bbox 2678 2973 2841 3028; x_wconf 89' lang='lat' dir='ltr'><strong>quem</strong></span> <span class='ocrx_word' id='word_1_392' title='bbox 2884 2954 3210 3027; x_wconf 80' lang='lat' dir='ltr'><strong>confugiens</strong></span> <span class='ocrx_word' id='word_1_393' title='bbox 3246 2952 3380 3026; x_wconf 49' lang='lat' dir='ltr'><strong>Hye-</strong></span> 
     </span>
    </p>
   </div>
   <div class='ocr_carea' id='block_1_60' title="bbox 1743 3050 3369 3123">
    <p class='ocr_par' dir='ltr' id='par_1_60' title="bbox 1743 3050 3369 3123">
     <span class='ocr_line' id='line_1_60' title="bbox 1743 3050 3369 3123; baseline -0.012 -3"><span class='ocrx_word' id='word_1_394' title='bbox 1743 3084 1749 3091; x_wconf 57' lang='grc' dir='ltr'>δ</span> <span class='ocrx_word' id='word_1_395' title='bbox 1781 3057 2089 3123; x_wconf 74' lang='lat' dir='ltr'><strong>senbertus,</strong></span> <span class='ocrx_word' id='word_1_396' title='bbox 2120 3056 2176 3110; x_wconf 90' lang='lat' dir='ltr'><strong>in</strong></span> <span class='ocrx_word' id='word_1_397' title='bbox 2214 3054 2545 3110; x_wconf 82' lang='lat' dir='ltr'><strong>avunculum</strong></span> <span class='ocrx_word' id='word_1_398' title='bbox 2578 3068 2739 3109; x_wconf 86' lang='lat' dir='ltr'><strong>suum</strong></span> <span class='ocrx_word' id='word_1_399' title='bbox 2782 3050 3119 3106; x_wconf 81' lang='lat' dir='ltr'><strong>Ludovicum</strong></span> <span class='ocrx_word' id='word_1_400' title='bbox 3148 3063 3238 3104; x_wconf 90' lang='lat' dir='ltr'><strong>res</strong></span> <span class='ocrx_word' id='word_1_401' title='bbox 3262 3062 3369 3102; x_wconf 67' lang='lat' dir='ltr'><strong>rio-—</strong></span> 
     </span>
    </p>
   </div>
   <div class='ocr_carea' id='block_1_61' title="bbox 1780 3137 3363 3218">
    <p class='ocr_par' dir='ltr' id='par_1_61' title="bbox 1780 3137 3363 3218">
     <span class='ocr_line' id='line_1_61' title="bbox 1780 3137 3363 3218; baseline -0.007 -15"><span class='ocrx_word' id='word_1_402' title='bbox 1780 3164 1878 3205; x_wconf 88' lang='lat' dir='ltr'><strong>vas</strong></span> <span class='ocrx_word' id='word_1_403' title='bbox 1906 3147 2159 3214; x_wconf 79' lang='lat' dir='ltr'><strong>moliens,</strong></span> <span class='ocrx_word' id='word_1_404' title='bbox 2206 3146 2461 3218; x_wconf 88' lang='lat' dir='ltr'><strong>promisit</strong></span> <span class='ocrx_word' id='word_1_405' title='bbox 2494 3145 2566 3213; x_wconf 89' lang='lat' dir='ltr'><strong>ei,</strong></span> <span class='ocrx_word' id='word_1_406' title='bbox 2593 3143 2756 3215; x_wconf 87' lang='lat' dir='ltr'><strong>&#39;quod</strong></span> <span class='ocrx_word' id='word_1_407' title='bbox 2780 3157 2883 3213; x_wconf 84' lang='lat' dir='ltr'><strong>cpe</strong></span> <span class='ocrx_word' id='word_1_408' title='bbox 2911 3141 3032 3211; x_wconf 87' lang='lat' dir='ltr'><strong>ejus</strong></span> <span class='ocrx_word' id='word_1_409' title='bbox 3071 3137 3363 3195; x_wconf 81' lang='lat' dir='ltr'><strong>Franciam</strong></span> 
     </span>
    </p>
   </div>
   <div class='ocr_carea' id='block_1_62' title="bbox 1781 3224 3379 3309">
    <p class='ocr_par' dir='ltr' id='par_1_62' title="bbox 1781 3224 3379 3309">
     <span class='ocr_line' id='line_1_62' title="bbox 1781 3224 3379 3309; baseline -0.009 -11"><span class='ocrx_word' id='word_1_410' title='bbox 1781 3242 2070 3298; x_wconf 88' lang='lat' dir='ltr'><strong>obtineret.</strong></span> <span class='ocrx_word' id='word_1_411' title='bbox 2095 3239 2200 3308; x_wconf 85' lang='lat' dir='ltr'><strong>Qui</strong></span> <span class='ocrx_word' id='word_1_412' title='bbox 2221 3256 2362 3295; x_wconf 90' lang='lat' dir='ltr'><strong>vana</strong></span> <span class='ocrx_word' id='word_1_413' title='bbox 2392 3255 2486 3309; x_wconf 89' lang='lat' dir='ltr'><strong>spe</strong></span> <span class='ocrx_word' id='word_1_414' title='bbox 2513 3239 2734 3303; x_wconf 90' lang='lat' dir='ltr'><strong>ductus,</strong></span> <span class='ocrx_word' id='word_1_415' title='bbox 2763 3235 2995 3290; x_wconf 88' lang='lat' dir='ltr'><strong>navibus</strong></span> <span class='ocrx_word' id='word_1_416' title='bbox 3030 3231 3217 3287; x_wconf 90' lang='lat' dir='ltr'><strong>multis</strong></span> <span class='ocrx_word' id='word_1_417' title='bbox 3247 3224 3379 3285; x_wconf 50' lang='lat' dir='ltr'><strong>bel-P</strong></span> 
     </span>
    </p>
   </div>
   <div class='ocr_carea' id='block_1_63' title="bbox 1780 3325 3387 3404">
    <p class='ocr_par' dir='ltr' id='par_1_63' title="bbox 1780 3325 3387 3404">
     <span class='ocr_line' id='line_1_63' title="bbox 1780 3325 3387 3404; baseline -0.006 -14"><span class='ocrx_word' id='word_1_418' title='bbox 1780 3335 2018 3399; x_wconf 84' lang='lat' dir='ltr'><strong>latorum</strong></span> <span class='ocrx_word' id='word_1_419' title='bbox 2058 3332 2235 3404; x_wconf 90' lang='lat' dir='ltr'><strong>plenis</strong></span> <span class='ocrx_word' id='word_1_420' title='bbox 2269 3331 2501 3387; x_wconf 86' lang='lat' dir='ltr'><strong>Pontivo</strong></span> <span class='ocrx_word' id='word_1_421' title='bbox 2546 3329 2850 3401; x_wconf 89' lang='lat' dir='ltr'><strong>applicans,</strong></span> <span class='ocrx_word' id='word_1_422' title='bbox 2887 3325 3162 3382; x_wconf 87' lang='lat' dir='ltr'><strong>maritima</strong></span> <span class='ocrx_word' id='word_1_423' title='bbox 3180 3339 3387 3399; x_wconf 28' lang='lat' dir='ltr'><strong>.popua</strong></span> 
     </span>
    </p>
   </div>
   <div class='ocr_carea' id='block_1_64' title="bbox 1781 3414 3365 3495">
    <p class='ocr_par' dir='ltr' id='par_1_64' title="bbox 1781 3414 3365 3495">
     <span class='ocr_line' id='line_1_64' title="bbox 1781 3414 3365 3495; baseline -0.008 -14"><span class='ocrx_word' id='word_1_424' title='bbox 1781 3426 1927 3482; x_wconf 90' lang='lat' dir='ltr'><strong>latus</strong></span> <span class='ocrx_word' id='word_1_425' title='bbox 1951 3433 2055 3481; x_wconf 88' lang='lat' dir='ltr'><strong>est.</strong></span> <span class='ocrx_word' id='word_1_426' title='bbox 2079 3424 2251 3495; x_wconf 84' lang='lat' dir='ltr'><strong>Cujus</strong></span> <span class='ocrx_word' id='word_1_427' title='bbox 2275 3422 2572 3477; x_wconf 74' lang='lat' dir='ltr'><strong>exercitum</strong></span> <span class='ocrx_word' id='word_1_428' title='bbox 2597 3428 2980 3491; x_wconf 85' lang='lat' dir='ltr'><strong>pervagantem</strong></span> <span class='ocrx_word' id='word_1_429' title='bbox 3004 3425 3157 3471; x_wconf 83' lang='lat' dir='ltr'><strong>extra</strong></span> <span class='ocrx_word' id='word_1_430' title='bbox 3180 3414 3365 3470; x_wconf 83' lang='lat' dir='ltr'><strong>menia</strong></span> 
     </span>
    </p>
   </div>
   <div class='ocr_carea' id='block_1_65' title="bbox 1782 3505 3366 3591">
    <p class='ocr_par' dir='ltr' id='par_1_65' title="bbox 1782 3505 3366 3591">
     <span class='ocr_line' id='line_1_65' title="bbox 1782 3505 3366 3591; baseline -0.009 -18"><span class='ocrx_word' id='word_1_431' title='bbox 1782 3516 2256 3581; x_wconf 79' lang='lat' dir='ltr'><strong>Ambianensinm,</strong></span> <span class='ocrx_word' id='word_1_432' title='bbox 2290 3513 2451 3569; x_wconf 85' lang='lat' dir='ltr'><strong>fessis</strong></span> <span class='ocrx_word' id='word_1_433' title='bbox 2478 3512 2618 3569; x_wconf 86' lang='lat' dir='ltr'><strong>bello</strong></span> <span class='ocrx_word' id='word_1_434' title='bbox 2645 3512 2884 3591; x_wconf 80' lang='lat' dir='ltr'><strong>civibus,</strong></span> <span class='ocrx_word' id='word_1_435' title='bbox 2924 3509 3143 3580; x_wconf 87' lang='lat' dir='ltr'><strong>indigne</strong></span> <span class='ocrx_word' id='word_1_436' title='bbox 3186 3505 3366 3561; x_wconf 76' lang='lat' dir='ltr'><strong>fcren-</strong></span> 
     </span>
    </p>
   </div>
   <div class='ocr_carea' id='block_1_66' title="bbox 1784 3596 3369 3679">
    <p class='ocr_par' dir='ltr' id='par_1_66' title="bbox 1784 3596 3369 3679">
     <span class='ocr_line' id='line_1_66' title="bbox 1784 3596 3369 3679; baseline -0.01 -12"><span class='ocrx_word' id='word_1_437' title='bbox 1784 3620 1866 3667; x_wconf 91' lang='lat' dir='ltr'><strong>tes</strong></span> <span class='ocrx_word' id='word_1_438' title='bbox 1892 3618 2162 3675; x_wconf 79' lang='lat' dir='ltr'><strong>matrone,</strong></span> <span class='ocrx_word' id='word_1_439' title='bbox 2187 3621 2406 3679; x_wconf 88' lang='lat' dir='ltr'><strong>egresse</strong></span> <span class='ocrx_word' id='word_1_440' title='bbox 2445 3606 2636 3661; x_wconf 84' lang='lat' dir='ltr'><strong>urbem</strong></span> <span class='ocrx_word' id='word_1_441' title='bbox 2667 3619 2792 3659; x_wconf 87' lang='lat' dir='ltr'><strong>cum</strong></span> <span class='ocrx_word' id='word_1_442' title='bbox 2833 3601 3023 3666; x_wconf 87' lang='lat' dir='ltr'><strong>armis,</strong></span> <span class='ocrx_word' id='word_1_443' title='bbox 3064 3601 3247 3654; x_wconf 86' lang='lat' dir='ltr'><strong>hostes</strong></span> <span class='ocrx_word' id='word_1_444' title='bbox 3295 3596 3369 3652; x_wconf 79' lang='lat' dir='ltr'><strong>ad</strong></span> 
     </span>
    </p>
   </div>
   <div class='ocr_carea' id='block_1_67' title="bbox 1784 3688 3372 3772">
    <p class='ocr_par' dir='ltr' id='par_1_67' title="bbox 1784 3688 3372 3772">
     <span class='ocr_line' id='line_1_67' title="bbox 1784 3688 3372 3772; baseline -0.011 -15"><span class='ocrx_word' id='word_1_445' title='bbox 1784 3709 1965 3758; x_wconf 89' lang='lat' dir='ltr'><strong>castra</strong></span> <span class='ocrx_word' id='word_1_446' title='bbox 1993 3699 2182 3772; x_wconf 84' lang='lat' dir='ltr'><strong>fugere</strong></span> <span class='ocrx_word' id='word_1_447' title='bbox 2214 3698 2615 3769; x_wconf 86' lang='lat' dir='ltr'><strong>compulerunt.</strong></span> <span class='ocrx_word' id='word_1_448' title='bbox 2667 3693 2821 3749; x_wconf 82' lang='lat' dir='ltr'><strong>Unde</strong></span> <span class='ocrx_word' id='word_1_449' title='bbox 2866 3690 3209 3763; x_wconf 77' lang='lat' dir='ltr'><strong>privilegium</strong></span> <span class='ocrx_word' id='word_1_450' title='bbox 3258 3688 3372 3741; x_wconf 84' lang='lat' dir='ltr'><strong>hoc</strong></span> 
     </span>
    </p>
   </div>
   <div class='ocr_carea' id='block_1_68' title="bbox 1784 3777 3369 3861">
    <p class='ocr_par' dir='ltr' id='par_1_68' title="bbox 1784 3777 3369 3861">
     <span class='ocr_line' id='line_1_68' title="bbox 1784 3777 3369 3861; baseline -0.012 -13"><span class='ocrx_word' id='word_1_451' title='bbox 1784 3798 2127 3857; x_wconf 89' lang='lat' dir='ltr'><strong>meruerunt,</strong></span> <span class='ocrx_word' id='word_1_452' title='bbox 2163 3789 2309 3861; x_wconf 90' lang='lat' dir='ltr'><strong>quod</strong></span> <span class='ocrx_word' id='word_1_453' title='bbox 2334 3789 2389 3842; x_wconf 92' lang='lat' dir='ltr'><strong>in</strong></span> <span class='ocrx_word' id='word_1_454' title='bbox 2426 3786 2656 3843; x_wconf 85' lang='lat' dir='ltr'><strong>ecclesia</strong></span> <span class='ocrx_word' id='word_1_455' title='bbox 2692 3783 2949 3839; x_wconf 90' lang='lat' dir='ltr'><strong>mulieres</strong></span> <span class='ocrx_word' id='word_1_456' title='bbox 2972 3797 3003 3835; x_wconf 91' lang='lat' dir='ltr'><strong>a</strong></span> <span class='ocrx_word' id='word_1_457' title='bbox 3034 3777 3238 3835; x_wconf 80' lang='lat' dir='ltr'><strong>dextris</strong></span> <span class='ocrx_word' id='word_1_458' title='bbox 3277 3791 3369 3830; x_wconf 87' lang='lat' dir='ltr'><strong>se-</strong></span> 
     </span>
    </p>
   </div>
   <div class='ocr_carea' id='block_1_69' title="bbox 1785 3866 3365 3942">
    <p class='ocr_par' dir='ltr' id='par_1_69' title="bbox 1785 3866 3365 3942">
     <span class='ocr_line' id='line_1_69' title="bbox 1785 3866 3365 3942; baseline -0.011 -3"><span class='ocrx_word' id='word_1_459' title='bbox 1785 3883 1969 3940; x_wconf 87' lang='lat' dir='ltr'><strong>deant.</strong></span> <span class='ocrx_word' id='word_1_460' title='bbox 1998 3880 2284 3937; x_wconf 86' lang='lat' dir='ltr'><strong>Ambianis</strong></span> <span class='ocrx_word' id='word_1_461' title='bbox 2320 3894 2416 3934; x_wconf 69' lang='lat' dir='ltr'><strong>re:</strong></span> <span class='ocrx_word' id='word_1_462' title='bbox 2451 3886 2632 3933; x_wconf 88' lang='lat' dir='ltr'><strong>autem</strong></span> <span class='ocrx_word' id='word_1_463' title='bbox 2672 3874 3007 3930; x_wconf 82' lang='lat' dir='ltr'><strong>Francorum</strong></span> <span class='ocrx_word' id='word_1_464' title='bbox 3055 3866 3365 3942; x_wconf 73' lang='lat' dir='ltr'><strong>proﬂigavit</strong></span> 
     </span>
    </p>
   </div>
   <div class='ocr_carea' id='block_1_70' title="bbox 150 3954 3364 4039">
    <p class='ocr_par' dir='ltr' id='par_1_70' title="bbox 150 3954 3364 4039">
     <span class='ocr_line' id='line_1_70' title="bbox 150 3954 3364 4039; baseline 0.001 -26"><span class='ocrx_word' id='word_1_465' title='bbox 150 3974 173 4013; x_wconf 86' lang='lat' dir='ltr'><strong>a</strong></span> <span class='ocrx_word' id='word_1_466' title='bbox 193 3962 301 4019; x_wconf 86' lang='lat' dir='ltr'><strong>sede</strong></span> <span class='ocrx_word' id='word_1_467' title='bbox 315 3965 934 4039; x_wconf 81' lang='lat' dir='ltr'><strong>ConstantinOpolitana,</strong></span> <span class='ocrx_word' id='word_1_468' title='bbox 972 3985 1035 4025; x_wconf 81' lang='lat' dir='ltr'><strong>ex</strong></span> <span class='ocrx_word' id='word_1_469' title='bbox 1072 3970 1271 4026; x_wconf 79' lang='lat' dir='ltr'><strong>Aﬂ‘rica</strong></span> <span class='ocrx_word' id='word_1_470' title='bbox 1313 3970 1543 4027; x_wconf 86' lang='lat' dir='ltr'><strong>Romam</strong></span> <span class='ocrx_word' id='word_1_471' title='bbox 1585 3988 1679 4028; x_wconf 89' lang='lat' dir='ltr'><strong>ve-</strong></span> <span class='ocrx_word' id='word_1_472' title='bbox 1706 3976 1752 4039; x_wconf 73' lang='grc' dir='ltr'>ε</span> <span class='ocrx_word' id='word_1_473' title='bbox 1783 3976 1978 4032; x_wconf 88' lang='lat' dir='ltr'><strong>deinde</strong></span> <span class='ocrx_word' id='word_1_474' title='bbox 2004 3974 2340 4029; x_wconf 81' lang='lat' dir='ltr'><strong>Sarracenos</strong></span> <span class='ocrx_word' id='word_1_475' title='bbox 2378 3971 2520 4036; x_wconf 78' lang='lat' dir='ltr'><strong>illos,</strong></span> <span class='ocrx_word' id='word_1_476' title='bbox 2554 3966 2874 4023; x_wconf 84' lang='lat' dir='ltr'><strong>Cormundo</strong></span> <span class='ocrx_word' id='word_1_477' title='bbox 2901 3980 3027 4037; x_wconf 85' lang='lat' dir='ltr'><strong>rege</strong></span> <span class='ocrx_word' id='word_1_478' title='bbox 3056 3970 3110 4019; x_wconf 89' lang='lat' dir='ltr'><strong>et</strong></span> <span class='ocrx_word' id='word_1_479' title='bbox 3134 3954 3364 4034; x_wconf 58' lang='lat' dir='ltr'><strong>Hysem4</strong></span> 
     </span>
    </p>
   </div>
   <div class='ocr_carea' id='block_1_71' title="bbox 151 4052 1681 4136">
    <p class='ocr_par' dir='ltr' id='par_1_71' title="bbox 151 4052 1681 4136">
     <span class='ocr_line' id='line_1_71' title="bbox 151 4052 1681 4136; baseline 0.009 -31"><span class='ocrx_word' id='word_1_480' title='bbox 151 4052 230 4119; x_wconf 88' lang='lat' dir='ltr'><strong>nit,</strong></span> <span class='ocrx_word' id='word_1_481' title='bbox 250 4065 297 4110; x_wconf 89' lang='lat' dir='ltr'><strong>et</strong></span> <span class='ocrx_word' id='word_1_482' title='bbox 318 4060 512 4116; x_wconf 88' lang='lat' dir='ltr'><strong>erroris</strong></span> <span class='ocrx_word' id='word_1_483' title='bbox 541 4061 895 4131; x_wconf 84' lang='lat' dir='ltr'><strong>penitentiam</strong></span> <span class='ocrx_word' id='word_1_484' title='bbox 934 4078 965 4116; x_wconf 90' lang='lat' dir='ltr'><strong>a</strong></span> <span class='ocrx_word' id='word_1_485' title='bbox 993 4062 1280 4119; x_wconf 82' lang='lat' dir='ltr'><strong>Theodoro</strong></span> <span class='ocrx_word' id='word_1_486' title='bbox 1304 4080 1444 4135; x_wconf 90' lang='lat' dir='ltr'><strong>papa</strong></span> <span class='ocrx_word' id='word_1_487' title='bbox 1471 4065 1681 4136; x_wconf 88' lang='lat' dir='ltr'><strong>suppli-</strong></span> 
     </span>
    </p>
   </div>
   <div class='ocr_carea' id='block_1_72' title="bbox 151 4138 1684 4225">
    <p class='ocr_par' dir='ltr' id='par_1_72' title="bbox 151 4138 1684 4225">
     <span class='ocr_line' id='line_1_72' title="bbox 151 4138 1684 4225; baseline 0.01 -28"><span class='ocrx_word' id='word_1_488' title='bbox 151 4159 257 4201; x_wconf 82' lang='lat' dir='ltr'><strong>cans</strong></span> <span class='ocrx_word' id='word_1_489' title='bbox 280 4149 610 4221; x_wconf 86' lang='lat' dir='ltr'><strong>impetravit;</strong></span> <span class='ocrx_word' id='word_1_490' title='bbox 639 4162 693 4209; x_wconf 88' lang='lat' dir='ltr'><strong>et</strong></span> <span class='ocrx_word' id='word_1_491' title='bbox 721 4138 1010 4225; x_wconf 85' lang='lat' dir='ltr'><strong>antequam</strong></span> <span class='ocrx_word' id='word_1_492' title='bbox 1042 4156 1214 4211; x_wconf 77' lang='lat' dir='ltr'><strong>exiret</strong></span> <span class='ocrx_word' id='word_1_493' title='bbox 1251 4156 1462 4224; x_wconf 89' lang='lat' dir='ltr'><strong>urbem,</strong></span> <span class='ocrx_word' id='word_1_494' title='bbox 1495 4156 1563 4211; x_wconf 91' lang='lat' dir='ltr'><strong>ad</strong></span> <span class='ocrx_word' id='word_1_495' title='bbox 1588 4173 1684 4213; x_wconf 83' lang='lat' dir='ltr'><strong>vo-</strong></span> 
     </span>
    </p>
   </div>
   <div class='ocr_carea' id='block_1_73' title="bbox 152 4236 1685 4304">
    <p class='ocr_par' dir='ltr' id='par_1_73' title="bbox 152 4236 1685 4304">
     <span class='ocr_line' id='line_1_73' title="bbox 152 4236 1685 4304; baseline 0.005 -8"><span class='ocrx_word' id='word_1_496' title='bbox 152 4236 310 4296; x_wconf 72' lang='lat' dir='ltr'><strong>ll&#39;lum</strong></span> <span class='ocrx_word' id='word_1_497' title='bbox 342 4244 553 4301; x_wconf 84' lang='lat' dir='ltr'><strong>rediens</strong></span> <span class='ocrx_word' id='word_1_498' title='bbox 604 4248 1111 4304; x_wconf 78' lang='lat' dir='ltr'><strong>excommunicatus</strong></span> <span class='ocrx_word' id='word_1_499' title='bbox 1160 4255 1266 4303; x_wconf 87' lang='lat' dir='ltr'><strong>est.</strong></span> <span class='ocrx_word' id='word_1_500' title='bbox 1320 4246 1580 4303; x_wconf 84' lang='lat' dir='ltr'><strong>Similiter</strong></span> <span class='ocrx_word' id='word_1_501' title='bbox 1630 4257 1685 4304; x_wconf 92' lang='lat' dir='ltr'><strong>et</strong></span> 
     </span>
    </p>
   </div>
   <div class='ocr_carea' id='block_1_74' title="bbox 151 4323 1685 4410">
    <p class='ocr_par' dir='ltr' id='par_1_74' title="bbox 151 4323 1685 4410">
     <span class='ocr_line' id='line_1_74' title="bbox 151 4323 1685 4410; baseline 0.009 -28"><span class='ocrx_word' id='word_1_502' title='bbox 151 4323 319 4388; x_wconf 85' lang='lat' dir='ltr'><strong>Paulus</strong></span> <span class='ocrx_word' id='word_1_503' title='bbox 346 4335 586 4405; x_wconf 91' lang='lat' dir='ltr'><strong>ejusdem</strong></span> <span class='ocrx_word' id='word_1_504' title='bbox 638 4338 787 4395; x_wconf 86' lang='lat' dir='ltr'><strong>sedis</strong></span> <span class='ocrx_word' id='word_1_505' title='bbox 822 4340 1130 4410; x_wconf 83' lang='lat' dir='ltr'><strong>patriarcha</strong></span> <span class='ocrx_word' id='word_1_506' title='bbox 1181 4341 1453 4396; x_wconf 84' lang='lat' dir='ltr'><strong>hereticus</strong></span> <span class='ocrx_word' id='word_1_507' title='bbox 1481 4357 1513 4395; x_wconf 90' lang='lat' dir='ltr'><strong>a</strong></span> <span class='ocrx_word' id='word_1_508' title='bbox 1543 4357 1685 4396; x_wconf 90' lang='lat' dir='ltr'><strong>nun-</strong></span> 
     </span>
    </p>
   </div>
   <div class='ocr_carea' id='block_1_75' title="bbox 152 4420 1683 4502">
    <p class='ocr_par' dir='ltr' id='par_1_75' title="bbox 152 4420 1683 4502">
     <span class='ocr_line' id='line_1_75' title="bbox 152 4420 1683 4502; baseline 0.012 -30"><span class='ocrx_word' id='word_1_509' title='bbox 152 4420 232 4476; x_wconf 88' lang='lat' dir='ltr'><strong>ciis</strong></span> <span class='ocrx_word' id='word_1_510' title='bbox 255 4424 382 4483; x_wconf 82' lang='lat' dir='ltr'><strong>beati</strong></span> <span class='ocrx_word' id='word_1_511' title='bbox 431 4426 704 4486; x_wconf 88' lang='lat' dir='ltr'><strong>Theodori</strong></span> <span class='ocrx_word' id='word_1_512' title='bbox 753 4432 1076 4502; x_wconf 87' lang='lat' dir='ltr'><strong>resipiscere</strong></span> <span class='ocrx_word' id='word_1_513' title='bbox 1131 4434 1396 4501; x_wconf 86' lang='lat' dir='ltr'><strong>monitus,</strong></span> <span class='ocrx_word' id='word_1_514' title='bbox 1445 4449 1547 4490; x_wconf 85' lang='lat' dir='ltr'><strong>nec</strong></span> <span class='ocrx_word' id='word_1_515' title='bbox 1587 4449 1683 4489; x_wconf 87' lang='lat' dir='ltr'><strong>ac-</strong></span> 
     </span>
    </p>
   </div>
   <div class='ocr_carea' id='block_1_76' title="bbox 152 4514 868 4593">
    <p class='ocr_par' dir='ltr' id='par_1_76' title="bbox 152 4514 868 4593">
     <span class='ocr_line' id='line_1_76' title="bbox 152 4514 868 4593; baseline -0.003 -12"><span class='ocrx_word' id='word_1_516' title='bbox 152 4514 420 4588; x_wconf 63' lang='lat' dir='ltr'><strong>quicseens,</strong></span> <span class='ocrx_word' id='word_1_517' title='bbox 451 4523 735 4593; x_wconf 88' lang='lat' dir='ltr'><strong>depositus</strong></span> <span class='ocrx_word' id='word_1_518' title='bbox 764 4532 868 4580; x_wconf 86' lang='lat' dir='ltr'><strong>est.</strong></span> 
     </span>
    </p>
   </div>
   <div class='ocr_carea' id='block_1_77' title="bbox 208 4607 1682 4690">
    <p class='ocr_par' dir='ltr' id='par_1_77' title="bbox 208 4607 1682 4690">
     <span class='ocr_line' id='line_1_77' title="bbox 208 4607 1682 4690; baseline 0.009 -29"><span class='ocrx_word' id='word_1_519' title='bbox 208 4607 314 4665; x_wconf 64' lang='lat'><strong>648.</strong></span> <span class='ocrx_word' id='word_1_520' title='bbox 350 4608 445 4671; x_wconf 70' lang='lat' dir='ltr'><strong>llic</strong></span> <span class='ocrx_word' id='word_1_521' title='bbox 512 4615 744 4673; x_wconf 85' lang='lat' dir='ltr'><strong>Paulum</strong></span> <span class='ocrx_word' id='word_1_522' title='bbox 812 4615 1513 4689; x_wconf 81' lang='lat' dir='ltr'><strong>Constantinopolitanum,</strong></span> <span class='ocrx_word' id='word_1_523' title='bbox 1590 4619 1682 4690; x_wconf 90' lang='lat' dir='ltr'><strong>qui</strong></span> 
     </span>
    </p>
   </div>
   <div class='ocr_carea' id='block_1_78' title="bbox 152 4691 1684 4778">
    <p class='ocr_par' dir='ltr' id='par_1_78' title="bbox 152 4691 1684 4778">
     <span class='ocr_line' id='line_1_78' title="bbox 152 4691 1684 4778; baseline 0.01 -27"><span class='ocrx_word' id='word_1_524' title='bbox 152 4691 532 4763; x_wconf 87' lang='lat' dir='ltr'><strong>Constantinum</strong></span> <span class='ocrx_word' id='word_1_525' title='bbox 554 4708 937 4778; x_wconf 86' lang='lat' dir='ltr'><strong>imperatorem</strong></span> <span class='ocrx_word' id='word_1_526' title='bbox 958 4708 1220 4764; x_wconf 83' lang='lat' dir='ltr'><strong>docuerat</strong></span> <span class='ocrx_word' id='word_1_527' title='bbox 1238 4709 1460 4765; x_wconf 86' lang='lat' dir='ltr'><strong>credere</strong></span> <span class='ocrx_word' id='word_1_528' title='bbox 1478 4711 1684 4766; x_wconf 88' lang='lat' dir='ltr'><strong>nullam</strong></span> 
     </span>
    </p>
   </div>
   <div class='ocr_carea' id='block_1_79' title="bbox 155 4795 1686 4869">
    <p class='ocr_par' dir='ltr' id='par_1_79' title="bbox 155 4795 1686 4869">
     <span class='ocr_line' id='line_1_79' title="bbox 155 4795 1686 4869; baseline 0.008 -22"><span class='ocrx_word' id='word_1_529' title='bbox 155 4795 481 4859; x_wconf 81' lang='lat' dir='ltr'><strong>operationem</strong></span> <span class='ocrx_word' id='word_1_530' title='bbox 535 4808 632 4856; x_wconf 83' lang='lat' dir='ltr'><strong>aut</strong></span> <span class='ocrx_word' id='word_1_531' title='bbox 672 4800 1004 4857; x_wconf 80' lang='lat' dir='ltr'><strong>voluntatem</strong></span> <span class='ocrx_word' id='word_1_532' title='bbox 1060 4801 1116 4855; x_wconf 86' lang='lat' dir='ltr'><strong>in</strong></span> <span class='ocrx_word' id='word_1_533' title='bbox 1156 4800 1396 4869; x_wconf 87' lang='lat' dir='ltr'><strong>Christo,</strong></span> <span class='ocrx_word' id='word_1_534' title='bbox 1453 4803 1686 4859; x_wconf 89' lang='lat' dir='ltr'><strong>concilio</strong></span> 
     </span>
    </p>
   </div>
   <div class='ocr_carea' id='block_1_80' title="bbox 156 4890 1690 4962">
    <p class='ocr_par' dir='ltr' id='par_1_80' title="bbox 156 4890 1690 4962">
     <span class='ocr_line' id='line_1_80' title="bbox 156 4890 1690 4962; baseline 0.01 -27"><span class='ocrx_word' id='word_1_535' title='bbox 156 4890 337 4938; x_wconf 75' lang='lat' dir='ltr'><strong>centum</strong></span> <span class='ocrx_word' id='word_1_536' title='bbox 386 4890 777 4962; x_wconf 82' lang='lat' dir='ltr'><strong>quinquaginta</strong></span> <span class='ocrx_word' id='word_1_537' title='bbox 817 4892 1196 4961; x_wconf 89' lang='lat' dir='ltr'><strong>episcoporum</strong></span> <span class='ocrx_word' id='word_1_538' title='bbox 1248 4896 1690 4951; x_wconf 76' lang='lat' dir='ltr'><strong>excommunica-</strong></span> 
     </span>
    </p>
   </div>
   <div class='ocr_carea' id='block_1_81' title="bbox 157 4970 1686 5054">
    <p class='ocr_par' dir='ltr' id='par_1_81' title="bbox 157 4970 1686 5054">
     <span class='ocr_line' id='line_1_81' title="bbox 157 4970 1686 5054; baseline 0.014 -32"><span class='ocrx_word' id='word_1_539' title='bbox 157 4970 232 5025; x_wconf 77' lang='lat' dir='ltr'><strong>vit.</strong></span> <span class='ocrx_word' id='word_1_540' title='bbox 264 4976 336 5032; x_wconf 82' lang='lat' dir='ltr'><strong>Ad</strong></span> <span class='ocrx_word' id='word_1_541' title='bbox 360 4978 564 5037; x_wconf 85' lang='lat' dir='ltr'><strong>Italiam</strong></span> <span class='ocrx_word' id='word_1_542' title='bbox 589 4997 720 5054; x_wconf 89' lang='lat' dir='ltr'><strong>ergo</strong></span> <span class='ocrx_word' id='word_1_543' title='bbox 756 4984 1046 5051; x_wconf 83' lang='lat' dir='ltr'><strong>regendam</strong></span> <span class='ocrx_word' id='word_1_544' title='bbox 1079 4992 1133 5039; x_wconf 92' lang='lat' dir='ltr'><strong>et</strong></span> <span class='ocrx_word' id='word_1_545' title='bbox 1165 4985 1233 5040; x_wconf 85' lang='lat' dir='ltr'><strong>ad</strong></span> <span class='ocrx_word' id='word_1_546' title='bbox 1272 4985 1506 5042; x_wconf 88' lang='lat' dir='ltr'><strong>heresim</strong></span> <span class='ocrx_word' id='word_1_547' title='bbox 1538 4988 1686 5043; x_wconf 88' lang='lat' dir='ltr'><strong>illam</strong></span> 
     </span>
    </p>
   </div>
   <div class='ocr_carea' id='block_1_82' title="bbox 159 5061 1687 5148">
    <p class='ocr_par' dir='ltr' id='par_1_82' title="bbox 159 5061 1687 5148">
     <span class='ocr_line' id='line_1_82' title="bbox 159 5061 1687 5148; baseline 0.009 -28"><span class='ocrx_word' id='word_1_548' title='bbox 159 5061 329 5124; x_wconf 78' lang='lat' dir='ltr'><strong>ibidem</strong></span> <span class='ocrx_word' id='word_1_549' title='bbox 354 5075 799 5147; x_wconf 82' lang='lat' dir='ltr'><strong>promulgandam</strong></span> <span class='ocrx_word' id='word_1_550' title='bbox 836 5076 1040 5138; x_wconf 78' lang='lat' dir='ltr'><strong>missus</strong></span> <span class='ocrx_word' id='word_1_551' title='bbox 1079 5074 1347 5148; x_wconf 88' lang='lat' dir='ltr'><strong>Olimpius</strong></span> <span class='ocrx_word' id='word_1_552' title='bbox 1385 5094 1509 5133; x_wconf 89' lang='lat' dir='ltr'><strong>cum</strong></span> <span class='ocrx_word' id='word_1_553' title='bbox 1553 5079 1687 5133; x_wconf 90' lang='lat' dir='ltr'><strong>nihil</strong></span> 
     </span>
    </p>
   </div>
   <div class='ocr_carea' id='block_1_83' title="bbox 160 5156 1711 5239">
    <p class='ocr_par' dir='ltr' id='par_1_83' title="bbox 160 5156 1711 5239">
     <span class='ocr_line' id='line_1_83' title="bbox 160 5156 1711 5239; baseline 0.009 -28"><span class='ocrx_word' id='word_1_554' title='bbox 160 5159 421 5232; x_wconf 84' lang='lat' dir='ltr'><strong>proliceret,</strong></span> <span class='ocrx_word' id='word_1_555' title='bbox 449 5166 515 5221; x_wconf 87' lang='lat' dir='ltr'><strong>de</strong></span> <span class='ocrx_word' id='word_1_556' title='bbox 543 5176 742 5222; x_wconf 87' lang='lat' dir='ltr'><strong>conatu</strong></span> <span class='ocrx_word' id='word_1_557' title='bbox 780 5166 996 5222; x_wconf 84' lang='lat' dir='ltr'><strong>Martini</strong></span> <span class='ocrx_word' id='word_1_558' title='bbox 1026 5183 1164 5239; x_wconf 85' lang='lat' dir='ltr'><strong>pape</strong></span> <span class='ocrx_word' id='word_1_559' title='bbox 1200 5177 1435 5226; x_wconf 74' lang='lat' dir='ltr'><strong>morum</strong></span> <span class='ocrx_word' id='word_1_560' title='bbox 1476 5156 1711 5225; x_wconf 47' lang='lat' dir='ltr'><strong>machi?</strong></span> 
     </span>
    </p>
   </div>
   <div class='ocr_carea' id='block_1_84' title="bbox 163 5258 1689 5321">
    <p class='ocr_par' dir='ltr' id='par_1_84' title="bbox 163 5258 1689 5321">
     <span class='ocr_line' id='line_1_84' title="bbox 163 5258 1689 5321; baseline 0.009 -15"><span class='ocrx_word' id='word_1_561' title='bbox 163 5261 292 5318; x_wconf 70' lang='lat' dir='ltr'><strong>ﬂans,</strong></span> <span class='ocrx_word' id='word_1_562' title='bbox 326 5273 443 5313; x_wconf 89' lang='lat' dir='ltr'><strong>cum</strong></span> <span class='ocrx_word' id='word_1_563' title='bbox 464 5260 536 5315; x_wconf 85' lang='lat' dir='ltr'><strong>ah</strong></span> <span class='ocrx_word' id='word_1_564' title='bbox 560 5276 628 5316; x_wconf 87' lang='lat' dir='ltr'><strong>eo</strong></span> <span class='ocrx_word' id='word_1_565' title='bbox 664 5258 1107 5316; x_wconf 86' lang='lat' dir='ltr'><strong>communionem</strong></span> <span class='ocrx_word' id='word_1_566' title='bbox 1148 5262 1201 5316; x_wconf 92' lang='lat' dir='ltr'><strong>in</strong></span> <span class='ocrx_word' id='word_1_567' title='bbox 1227 5262 1455 5319; x_wconf 88' lang='lat' dir='ltr'><strong>ecclesia</strong></span> <span class='ocrx_word' id='word_1_568' title='bbox 1501 5272 1689 5321; x_wconf 84' lang='lat' dir='ltr'><strong>sancte</strong></span> 
     </span>
    </p>
   </div>
   <div class='ocr_carea' id='block_1_85' title="bbox 163 5336 1688 5424">
    <p class='ocr_par' dir='ltr' id='par_1_85' title="bbox 163 5336 1688 5424">
     <span class='ocr_line' id='line_1_85' title="bbox 163 5336 1688 5424; baseline 0.009 -29"><span class='ocrx_word' id='word_1_569' title='bbox 163 5336 299 5399; x_wconf 68' lang='lat' dir='ltr'><strong>Narie</strong></span> <span class='ocrx_word' id='word_1_570' title='bbox 324 5349 386 5402; x_wconf 85' lang='lat' dir='ltr'><strong>ad</strong></span> <span class='ocrx_word' id='word_1_571' title='bbox 408 5366 631 5421; x_wconf 86' lang='lat' dir='ltr'><strong>presepe</strong></span> <span class='ocrx_word' id='word_1_572' title='bbox 674 5352 958 5422; x_wconf 58' lang='grc' dir='ltr'><strong>Μίνω-ει,</strong></span> <span class='ocrx_word' id='word_1_573' title='bbox 1000 5362 1296 5424; x_wconf 64' lang='lat' dir='ltr'><strong>expectans</strong></span> <span class='ocrx_word' id='word_1_574' title='bbox 1324 5363 1386 5408; x_wconf 90' lang='lat' dir='ltr'><strong>ut</strong></span> <span class='ocrx_word' id='word_1_575' title='bbox 1414 5355 1688 5424; x_wconf 87' lang='lat' dir='ltr'><strong>spatarius</strong></span> 
     </span>
    </p>
   </div>
   <div class='ocr_carea' id='block_1_86' title="bbox 165 5439 1685 5514">
    <p class='ocr_par' dir='ltr' id='par_1_86' title="bbox 165 5439 1685 5514">
     <span class='ocr_line' id='line_1_86' title="bbox 165 5439 1685 5514; baseline 0.008 -24"><span class='ocrx_word' id='word_1_576' title='bbox 165 5439 450 5511; x_wconf 75' lang='lat' dir='ltr'><strong>suusillum,</strong></span> <span class='ocrx_word' id='word_1_577' title='bbox 472 5445 611 5500; x_wconf 85' lang='lat' dir='ltr'><strong>sicut</strong></span> <span class='ocrx_word' id='word_1_578' title='bbox 634 5445 945 5501; x_wconf 87' lang='lat' dir='ltr'><strong>condictum</strong></span> <span class='ocrx_word' id='word_1_579' title='bbox 989 5444 1194 5513; x_wconf 78' lang='lat' dir='ltr'><strong>fuerat,</strong></span> <span class='ocrx_word' id='word_1_580' title='bbox 1224 5445 1557 5514; x_wconf 88' lang='lat' dir='ltr'><strong>confoderet,</strong></span> <span class='ocrx_word' id='word_1_581' title='bbox 1590 5464 1685 5502; x_wconf 67' lang='lat' dir='ltr'><strong>ca-</strong></span> 
     </span>
    </p>
   </div>
   <div class='ocr_carea' id='block_1_87' title="bbox 166 5534 1690 5610">
    <p class='ocr_par' dir='ltr' id='par_1_87' title="bbox 166 5534 1690 5610">
     <span class='ocr_line' id='line_1_87' title="bbox 166 5534 1690 5610; baseline 0.009 -27"><span class='ocrx_word' id='word_1_582' title='bbox 166 5536 347 5597; x_wconf 63' lang='lat' dir='ltr'><strong>matus</strong></span> <span class='ocrx_word' id='word_1_583' title='bbox 365 5549 394 5588; x_wconf 89' lang='lat' dir='ltr'><strong>a</strong></span> <span class='ocrx_word' id='word_1_584' title='bbox 419 5534 526 5592; x_wconf 90' lang='lat' dir='ltr'><strong>Deo</strong></span> <span class='ocrx_word' id='word_1_585' title='bbox 550 5538 824 5607; x_wconf 88' lang='lat' dir='ltr'><strong>spatarius</strong></span> <span class='ocrx_word' id='word_1_586' title='bbox 847 5537 913 5593; x_wconf 91' lang='lat' dir='ltr'><strong>dc</strong></span> <span class='ocrx_word' id='word_1_587' title='bbox 936 5538 1241 5607; x_wconf 89' lang='lat' dir='ltr'><strong>proditione</strong></span> <span class='ocrx_word' id='word_1_588' title='bbox 1264 5539 1478 5595; x_wconf 84' lang='lat' dir='ltr'><strong>veniam</strong></span> <span class='ocrx_word' id='word_1_589' title='bbox 1500 5549 1690 5610; x_wconf 88' lang='lat' dir='ltr'><strong>postu-</strong></span> 
     </span>
    </p>
   </div>
   <div class='ocr_carea' id='block_1_88' title="bbox 169 5612 1690 5701">
    <p class='ocr_par' dir='ltr' id='par_1_88' title="bbox 169 5612 1690 5701">
     <span class='ocr_line' id='line_1_88' title="bbox 169 5612 1690 5701; baseline 0.013 -34"><span class='ocrx_word' id='word_1_590' title='bbox 169 5612 291 5674; x_wconf 91' lang='lat' dir='ltr'><strong>lavit.</strong></span> <span class='ocrx_word' id='word_1_591' title='bbox 327 5623 422 5682; x_wconf 84' lang='lat' dir='ltr'><strong>Sed</strong></span> <span class='ocrx_word' id='word_1_592' title='bbox 463 5638 517 5685; x_wconf 90' lang='lat' dir='ltr'><strong>et</strong></span> <span class='ocrx_word' id='word_1_593' title='bbox 547 5629 816 5701; x_wconf 81' lang='lat' dir='ltr'><strong>Olimpius</strong></span> <span class='ocrx_word' id='word_1_594' title='bbox 854 5632 1103 5698; x_wconf 84' lang='lat' dir='ltr'><strong>penitens</strong></span> <span class='ocrx_word' id='word_1_595' title='bbox 1135 5632 1204 5687; x_wconf 90' lang='lat' dir='ltr'><strong>ad</strong></span> <span class='ocrx_word' id='word_1_596' title='bbox 1247 5633 1407 5687; x_wconf 78' lang='lat' dir='ltr'><strong>fidem</strong></span> <span class='ocrx_word' id='word_1_597' title='bbox 1449 5634 1610 5687; x_wconf 84' lang='lat' dir='ltr'><strong>rediit</strong></span> <span class='ocrx_word' id='word_1_598' title='bbox 1635 5643 1690 5689; x_wconf 85' lang='lat' dir='ltr'><strong>ct</strong></span> 
     </span>
    </p>
   </div>
   <div class='ocr_carea' id='block_1_89' title="bbox 173 5708 1688 5797">
    <p class='ocr_par' dir='ltr' id='par_1_89' title="bbox 173 5708 1688 5797">
     <span class='ocr_line' id='line_1_89' title="bbox 173 5708 1688 5797; baseline 0.004 -21"><span class='ocrx_word' id='word_1_599' title='bbox 173 5708 349 5783; x_wconf 62' lang='grc' dir='ltr'><strong>ωιιηιιι</strong></span> <span class='ocrx_word' id='word_1_600' title='bbox 393 5720 688 5781; x_wconf 81' lang='lat' dir='ltr'><strong>confessus.</strong></span> <span class='ocrx_word' id='word_1_601' title='bbox 746 5722 947 5783; x_wconf 81' lang='lat' dir='ltr'><strong>Deinde</strong></span> <span class='ocrx_word' id='word_1_602' title='bbox 980 5724 1045 5779; x_wconf 83' lang='lat' dir='ltr'><strong>ad</strong></span> <span class='ocrx_word' id='word_1_603' title='bbox 1082 5724 1220 5780; x_wconf 82' lang='lat' dir='ltr'><strong>idem</strong></span> <span class='ocrx_word' id='word_1_604' title='bbox 1256 5725 1463 5797; x_wconf 80' lang='lat' dir='ltr'><strong>ncphas</strong></span> <span class='ocrx_word' id='word_1_605' title='bbox 1500 5725 1589 5781; x_wconf 81' lang='lat' dir='ltr'><strong>alii</strong></span> <span class='ocrx_word' id='word_1_606' title='bbox 1618 5726 1688 5782; x_wconf 80' lang='lat' dir='ltr'><strong>ab</strong></span> 
     </span>
    </p>
   </div>
   <div class='ocr_carea' id='block_1_90' title="bbox 1721 5317 1772 5378">
    <p class='ocr_par' dir='ltr' id='par_1_90' title="bbox 1721 5317 1772 5378">
     <span class='ocr_line' id='line_1_90' title="bbox 1721 5317 1772 5378; baseline 0 0"><span class='ocrx_word' id='word_1_607' title='bbox 1721 5317 1772 5378; x_wconf 81' lang='grc' dir='ltr'><strong>Ι)</strong></span> 
     </span>
    </p>
   </div>
   <div class='ocr_carea' id='block_1_91' title="bbox 1786 4059 2842 4136">
    <p class='ocr_par' dir='ltr' id='par_1_91' title="bbox 1786 4059 2842 4136">
     <span class='ocr_line' id='line_1_91' title="bbox 1786 4059 2842 4136; baseline -0.01 -13"><span class='ocrx_word' id='word_1_608' title='bbox 1786 4067 1942 4123; x_wconf 89' lang='lat' dir='ltr'><strong>bcrto</strong></span> <span class='ocrx_word' id='word_1_609' title='bbox 1977 4066 2251 4136; x_wconf 85' lang='lat' dir='ltr'><strong>proditore</strong></span> <span class='ocrx_word' id='word_1_610' title='bbox 2275 4062 2453 4135; x_wconf 81' lang='lat' dir='ltr'><strong>gladio</strong></span> <span class='ocrx_word' id='word_1_611' title='bbox 2480 4059 2842 4129; x_wconf 79' lang='lat' dir='ltr'><strong>interemptis.</strong></span> 
     </span>
    </p>
   </div>
   <div class='ocr_carea' id='block_1_92' title="bbox 1822 4146 3369 4219">
    <p class='ocr_par' dir='ltr' id='par_1_92' title="bbox 1822 4146 3369 4219">
     <span class='ocr_line' id='line_1_92' title="bbox 1822 4146 3369 4219; baseline -0.008 -7"><span class='ocrx_word' id='word_1_612' title='bbox 1822 4157 2016 4219; x_wconf 64' lang='lat'><strong>.1147.</strong></span> <span class='ocrx_word' id='word_1_613' title='bbox 2054 4152 2350 4211; x_wconf 84' lang='lat' dir='ltr'><strong>Nicholaus</strong></span> <span class='ocrx_word' id='word_1_614' title='bbox 2374 4151 2763 4207; x_wconf 76' lang='lat' dir='ltr'><strong>Ambiancnsis</strong></span> <span class='ocrx_word' id='word_1_615' title='bbox 2797 4149 3061 4215; x_wconf 78' lang='lat' dir='ltr'><strong>nascitur,</strong></span> <span class='ocrx_word' id='word_1_616' title='bbox 3102 4146 3197 4218; x_wconf 86' lang='lat' dir='ltr'><strong>qui</strong></span> <span class='ocrx_word' id='word_1_617' title='bbox 3223 4146 3369 4200; x_wconf 86' lang='lat' dir='ltr'><strong>hanc</strong></span> 
     </span>
    </p>
   </div>
   <div class='ocr_carea' id='block_1_93' title="bbox 1784 4243 3359 4315">
    <p class='ocr_par' dir='ltr' id='par_1_93' title="bbox 1784 4243 3359 4315">
     <span class='ocr_line' id='line_1_93' title="bbox 1784 4243 3359 4315; baseline -0.009 -10"><span class='ocrx_word' id='word_1_618' title='bbox 1784 4248 1981 4305; x_wconf 86' lang='lat' dir='ltr'><strong>seriem</strong></span> <span class='ocrx_word' id='word_1_619' title='bbox 2005 4247 2350 4302; x_wconf 89' lang='lat' dir='ltr'><strong>cronicorum</strong></span> <span class='ocrx_word' id='word_1_620' title='bbox 2378 4243 2622 4315; x_wconf 79' lang='lat' dir='ltr'><strong>digessit.</strong></span> <span class='ocrx_word' id='word_1_621' title='bbox 3356 4306 3359 4309; x_wconf 9' lang='lat' dir='ltr'><strong>b</strong></span> 
     </span>
    </p>
   </div>
   <div class='ocr_carea' id='block_1_94' title="bbox 1856 4329 3364 4400">
    <p class='ocr_par' dir='ltr' id='par_1_94' title="bbox 1856 4329 3364 4400">
     <span class='ocr_line' id='line_1_94' title="bbox 1856 4329 3364 4400; baseline -0.011 -6"><span class='ocrx_word' id='word_1_622' title='bbox 1856 4338 2016 4394; x_wconf 75' lang='grc'><strong>1152.</strong></span> <span class='ocrx_word' id='word_1_623' title='bbox 2054 4336 2428 4393; x_wconf 86' lang='lat' dir='ltr'><strong>Theodericus</strong></span> <span class='ocrx_word' id='word_1_624' title='bbox 2456 4331 2842 4388; x_wconf 87' lang='lat' dir='ltr'><strong>Ambianensis</strong></span> <span class='ocrx_word' id='word_1_625' title='bbox 2880 4329 3171 4400; x_wconf 87' lang='lat' dir='ltr'><strong>episcopus</strong></span> <span class='ocrx_word' id='word_1_626' title='bbox 3206 4340 3364 4380; x_wconf 89' lang='lat' dir='ltr'><strong>suam</strong></span> 
     </span>
    </p>
   </div>
   <div class='ocr_carea' id='block_1_95' title="bbox 1784 4415 3366 4485">
    <p class='ocr_par' dir='ltr' id='par_1_95' title="bbox 1784 4415 3366 4485">
     <span class='ocr_line' id='line_1_95' title="bbox 1784 4415 3366 4485; baseline -0.009 0"><span class='ocrx_word' id='word_1_627' title='bbox 1784 4429 2147 4485; x_wconf 86' lang='lat' dir='ltr'><strong>cathedralem</strong></span> <span class='ocrx_word' id='word_1_628' title='bbox 2173 4427 2459 4483; x_wconf 86' lang='lat' dir='ltr'><strong>ecclesiam</strong></span> <span class='ocrx_word' id='word_1_629' title='bbox 2486 4426 2541 4480; x_wconf 90' lang='lat' dir='ltr'><strong>in</strong></span> <span class='ocrx_word' id='word_1_630' title='bbox 2560 4426 2769 4479; x_wconf 88' lang='lat' dir='ltr'><strong>honore</strong></span> <span class='ocrx_word' id='word_1_631' title='bbox 2792 4422 2946 4476; x_wconf 88' lang='lat' dir='ltr'><strong>beate</strong></span> <span class='ocrx_word' id='word_1_632' title='bbox 2963 4419 3131 4474; x_wconf 86' lang='lat' dir='ltr'><strong>Marie</strong></span> <span class='ocrx_word' id='word_1_633' title='bbox 3153 4426 3206 4472; x_wconf 90' lang='lat' dir='ltr'><strong>et</strong></span> <span class='ocrx_word' id='word_1_634' title='bbox 3222 4415 3366 4471; x_wconf 81' lang='lat' dir='ltr'><strong>bcati</strong></span> 
     </span>
    </p>
   </div>
   <div class='ocr_carea' id='block_1_96' title="bbox 1785 4511 3367 4594">
    <p class='ocr_par' dir='ltr' id='par_1_96' title="bbox 1785 4511 3367 4594">
     <span class='ocr_line' id='line_1_96' title="bbox 1785 4511 3367 4594; baseline -0.009 -15"><span class='ocrx_word' id='word_1_635' title='bbox 1785 4523 2019 4579; x_wconf 77' lang='lat' dir='ltr'><strong>Firmini</strong></span> <span class='ocrx_word' id='word_1_636' title='bbox 2048 4521 2304 4594; x_wconf 81' lang='lat' dir='ltr'><strong>martyris</strong></span> <span class='ocrx_word' id='word_1_637' title='bbox 2349 4519 2663 4576; x_wconf 72' lang='lat' dir='ltr'><strong>Consecrari</strong></span> <span class='ocrx_word' id='word_1_638' title='bbox 2706 4517 2838 4572; x_wconf 88' lang='lat' dir='ltr'><strong>facit</strong></span> <span class='ocrx_word' id='word_1_639' title='bbox 2882 4532 2912 4571; x_wconf 90' lang='lat' dir='ltr'><strong>a</strong></span> <span class='ocrx_word' id='word_1_640' title='bbox 2955 4514 3221 4570; x_wconf 84' lang='lat' dir='ltr'><strong>Samsone</strong></span> <span class='ocrx_word' id='word_1_641' title='bbox 3262 4511 3367 4566; x_wconf 82' lang='lat' dir='ltr'><strong>Rc—</strong></span> 
     </span>
    </p>
   </div>
   <div class='ocr_carea' id='block_1_97' title="bbox 1786 4608 3369 4685">
    <p class='ocr_par' dir='ltr' id='par_1_97' title="bbox 1786 4608 3369 4685">
     <span class='ocr_line' id='line_1_97' title="bbox 1786 4608 3369 4685; baseline -0.009 -12"><span class='ocrx_word' id='word_1_642' title='bbox 1786 4616 1963 4673; x_wconf 88' lang='lat' dir='ltr'><strong>mcnsi</strong></span> <span class='ocrx_word' id='word_1_643' title='bbox 2017 4614 2428 4685; x_wconf 87' lang='lat' dir='ltr'><strong>archiepiscopo</strong></span> <span class='ocrx_word' id='word_1_644' title='bbox 2450 4654 2466 4679; x_wconf 92' lang='lat'><strong>,</strong></span> <span class='ocrx_word' id='word_1_645' title='bbox 2502 4609 2699 4666; x_wconf 87' lang='lat' dir='ltr'><strong>vicinis</strong></span> <span class='ocrx_word' id='word_1_646' title='bbox 2743 4608 3054 4680; x_wconf 84' lang='lat' dir='ltr'><strong>presulibus</strong></span> <span class='ocrx_word' id='word_1_647' title='bbox 3098 4620 3369 4663; x_wconf 85' lang='lat' dir='ltr'><strong>convoca-</strong></span> 
     </span>
    </p>
   </div>
   <div class='ocr_carea' id='block_1_98' title="bbox 1785 4709 1879 4765">
    <p class='ocr_par' dir='ltr' id='par_1_98' title="bbox 1785 4709 1879 4765">
     <span class='ocr_line' id='line_1_98' title="bbox 1785 4709 1879 4765; baseline -0.011 -1"><span class='ocrx_word' id='word_1_648' title='bbox 1785 4709 1879 4765; x_wconf 89' lang='lat' dir='ltr'><strong>tis.</strong></span> 
     </span>
    </p>
   </div>
   <div class='ocr_carea' id='block_1_99' title="bbox 1863 4788 3403 4856">
    <p class='ocr_par' dir='ltr' id='par_1_99' title="bbox 1863 4788 3403 4856">
     <span class='ocr_line' id='line_1_99' title="bbox 1863 4788 3403 4856; baseline -0.009 -1"><span class='ocrx_word' id='word_1_649' title='bbox 1863 4799 2017 4855; x_wconf 79' lang='grc'><strong>1155.</strong></span> <span class='ocrx_word' id='word_1_650' title='bbox 2054 4797 2113 4853; x_wconf 85' lang='grc' dir='ltr'><strong>1η</strong></span> <span class='ocrx_word' id='word_1_651' title='bbox 2146 4795 2421 4852; x_wconf 84' lang='lat' dir='ltr'><strong>territorio</strong></span> <span class='ocrx_word' id='word_1_652' title='bbox 2453 4791 2803 4848; x_wconf 78' lang='lat' dir='ltr'><strong>Noviomcnsi</strong></span> <span class='ocrx_word' id='word_1_653' title='bbox 2837 4789 3131 4856; x_wconf 81' lang='lat' dir='ltr'><strong>Cnnsiolis,</strong></span> <span class='ocrx_word' id='word_1_654' title='bbox 3179 4788 3235 4842; x_wconf 92' lang='lat' dir='ltr'><strong>in</strong></span> <span class='ocrx_word' id='word_1_655' title='bbox 3277 4802 3368 4842; x_wconf 89' lang='lat' dir='ltr'><strong>cc-</strong></span> <span class='ocrx_word' id='word_1_656' title='bbox 3396 4804 3403 4809; x_wconf 57' lang='grc' dir='ltr'><strong><em>λ</em></strong></span> 
     </span>
    </p>
   </div>
   <div class='ocr_carea' id='block_1_100' title="bbox 1786 4880 3370 4961">
    <p class='ocr_par' dir='ltr' id='par_1_100' title="bbox 1786 4880 3370 4961">
     <span class='ocr_line' id='line_1_100' title="bbox 1786 4880 3370 4961; baseline -0.011 -10"><span class='ocrx_word' id='word_1_657' title='bbox 1786 4893 2031 4961; x_wconf 88' lang='lat' dir='ltr'><strong>clesiola,</strong></span> <span class='ocrx_word' id='word_1_658' title='bbox 2062 4890 2316 4947; x_wconf 84' lang='lat' dir='ltr'><strong>monachi</strong></span> <span class='ocrx_word' id='word_1_659' title='bbox 2341 4886 2790 4958; x_wconf 85' lang='lat' dir='ltr'><strong>supervenientes</strong></span> <span class='ocrx_word' id='word_1_660' title='bbox 2821 4884 2874 4938; x_wconf 92' lang='lat' dir='ltr'><strong>in</strong></span> <span class='ocrx_word' id='word_1_661' title='bbox 2900 4882 3168 4939; x_wconf 84' lang='lat' dir='ltr'><strong>fenestula</strong></span> <span class='ocrx_word' id='word_1_662' title='bbox 3196 4880 3370 4951; x_wconf 46' lang='lat' dir='ltr'><strong>neglia</strong></span> 
     </span>
    </p>
   </div>
   <div class='ocr_carea' id='block_1_101' title="bbox 1789 4971 3371 5060">
    <p class='ocr_par' dir='ltr' id='par_1_101' title="bbox 1789 4971 3371 5060">
     <span class='ocr_line' id='line_1_101' title="bbox 1789 4971 3371 5060; baseline -0.009 -18"><span class='ocrx_word' id='word_1_663' title='bbox 1789 4995 1979 5060; x_wconf 85' lang='lat' dir='ltr'><strong>genter</strong></span> <span class='ocrx_word' id='word_1_664' title='bbox 2011 4984 2249 5055; x_wconf 90' lang='lat' dir='ltr'><strong>positum</strong></span> <span class='ocrx_word' id='word_1_665' title='bbox 2296 4980 2521 5036; x_wconf 86' lang='lat' dir='ltr'><strong>calicem</strong></span> <span class='ocrx_word' id='word_1_666' title='bbox 2559 4990 2615 5033; x_wconf 89' lang='lat' dir='ltr'><strong>et</strong></span> <span class='ocrx_word' id='word_1_667' title='bbox 2650 4985 2866 5047; x_wconf 86' lang='lat' dir='ltr'><strong>stupam</strong></span> <span class='ocrx_word' id='word_1_668' title='bbox 2910 4975 3062 5029; x_wconf 90' lang='lat' dir='ltr'><strong>intus</strong></span> <span class='ocrx_word' id='word_1_669' title='bbox 3104 4971 3371 5045; x_wconf 80' lang='lat' dir='ltr'><strong>sanguine</strong></span> 
     </span>
    </p>
   </div>
   <div class='ocr_carea' id='block_1_102' title="bbox 1790 5066 3369 5144">
    <p class='ocr_par' dir='ltr' id='par_1_102' title="bbox 1790 5066 3369 5144">
     <span class='ocr_line' id='line_1_102' title="bbox 1790 5066 3369 5144; baseline -0.01 -12"><span class='ocrx_word' id='word_1_670' title='bbox 1790 5078 2072 5133; x_wconf 89' lang='lat' dir='ltr'><strong>rubentem</strong></span> <span class='ocrx_word' id='word_1_671' title='bbox 2103 5071 2584 5144; x_wconf 85' lang='lat' dir='ltr'><strong>dcprchendcntcs,</strong></span> <span class='ocrx_word' id='word_1_672' title='bbox 2600 5084 2637 5122; x_wconf 60' lang='lat' dir='ltr'><strong>&#39;a</strong></span> <span class='ocrx_word' id='word_1_673' title='bbox 2662 5067 2975 5139; x_wconf 79' lang='lat' dir='ltr'><strong>presbytero</strong></span> <span class='ocrx_word' id='word_1_674' title='bbox 3000 5066 3211 5136; x_wconf 88' lang='lat' dir='ltr'><strong>culpam</strong></span> <span class='ocrx_word' id='word_1_675' title='bbox 3236 5076 3369 5117; x_wconf 85' lang='lat' dir='ltr'><strong>cen-</strong></span> 
     </span>
    </p>
   </div>
   <div class='ocr_carea' id='block_1_103' title="bbox 1791 5154 3367 5229">
    <p class='ocr_par' dir='ltr' id='par_1_103' title="bbox 1791 5154 3367 5229">
     <span class='ocr_line' id='line_1_103' title="bbox 1791 5154 3367 5229; baseline -0.011 -6"><span class='ocrx_word' id='word_1_676' title='bbox 1791 5168 1981 5223; x_wconf 84' lang='lat' dir='ltr'><strong>ﬁtcnte</strong></span> <span class='ocrx_word' id='word_1_677' title='bbox 2025 5165 2357 5228; x_wconf 81' lang='lat' dir='ltr'><strong>didicerunt,</strong></span> <span class='ocrx_word' id='word_1_678' title='bbox 2407 5177 2533 5216; x_wconf 89' lang='lat' dir='ltr'><strong>cum</strong></span> <span class='ocrx_word' id='word_1_679' title='bbox 2560 5168 2718 5229; x_wconf 85' lang='lat' dir='ltr'><strong>stupa</strong></span> <span class='ocrx_word' id='word_1_680' title='bbox 2755 5159 2845 5213; x_wconf 90' lang='lat' dir='ltr'><strong>illa</strong></span> <span class='ocrx_word' id='word_1_681' title='bbox 2887 5158 3108 5215; x_wconf 86' lang='lat' dir='ltr'><strong>solitum</strong></span> <span class='ocrx_word' id='word_1_682' title='bbox 3141 5154 3367 5212; x_wconf 88' lang='lat' dir='ltr'><strong>caliccm</strong></span> 
     </span>
    </p>
   </div>
   <div class='ocr_carea' id='block_1_104' title="bbox 1792 5248 3366 5327">
    <p class='ocr_par' dir='ltr' id='par_1_104' title="bbox 1792 5248 3366 5327">
     <span class='ocr_line' id='line_1_104' title="bbox 1792 5248 3366 5327; baseline -0.011 -13"><span class='ocrx_word' id='word_1_683' title='bbox 1792 5258 2073 5327; x_wconf 85' lang='lat' dir='ltr'><strong>detergere</strong></span> <span class='ocrx_word' id='word_1_684' title='bbox 2146 5271 2243 5327; x_wconf 88' lang='lat' dir='ltr'><strong>per</strong></span> <span class='ocrx_word' id='word_1_685' title='bbox 2304 5252 2607 5317; x_wconf 88' lang='lat' dir='ltr'><strong>incuriam,</strong></span> <span class='ocrx_word' id='word_1_686' title='bbox 2675 5249 2816 5307; x_wconf 86' lang='lat' dir='ltr'><strong>facta</strong></span> <span class='ocrx_word' id='word_1_687' title='bbox 2871 5248 3218 5320; x_wconf 88' lang='lat' dir='ltr'><strong>perceptione</strong></span> <span class='ocrx_word' id='word_1_688' title='bbox 3274 5258 3366 5299; x_wconf 90' lang='lat' dir='ltr'><strong>sa-</strong></span> 
     </span>
    </p>
   </div>
   <div class='ocr_carea' id='block_1_105' title="bbox 1791 5350 2513 5420">
    <p class='ocr_par' dir='ltr' id='par_1_105' title="bbox 1791 5350 2513 5420">
     <span class='ocr_line' id='line_1_105' title="bbox 1791 5350 2513 5420; baseline -0.003 -13"><span class='ocrx_word' id='word_1_689' title='bbox 1791 5368 1837 5407; x_wconf 59' lang='lat' dir='ltr'><strong>e;</strong></span> <span class='ocrx_word' id='word_1_690' title='bbox 1855 5350 2003 5405; x_wconf 77' lang='lat' dir='ltr'><strong>illcii.</strong></span> <span class='ocrx_word' id='word_1_691' title='bbox 2504 5415 2513 5420; x_wconf 14' lang='grc' dir='ltr'><strong>ἢ</strong></span> 
     </span>
    </p>
   </div>
   <div class='ocr_carea' id='block_1_106' title="bbox 1868 5429 3365 5513">
    <p class='ocr_par' dir='ltr' id='par_1_106' title="bbox 1868 5429 3365 5513">
     <span class='ocr_line' id='line_1_106' title="bbox 1868 5429 3365 5513; baseline -0.011 -14"><span class='ocrx_word' id='word_1_692' title='bbox 1868 5443 2026 5500; x_wconf 80' lang='grc'><strong>1187.</strong></span> <span class='ocrx_word' id='word_1_693' title='bbox 2063 5440 2359 5513; x_wconf 86' lang='lat' dir='ltr'><strong>Gregorius</strong></span> <span class='ocrx_word' id='word_1_694' title='bbox 2376 5439 2622 5494; x_wconf 86' lang='lat' dir='ltr'><strong>Romane</strong></span> <span class='ocrx_word' id='word_1_695' title='bbox 2649 5435 2876 5492; x_wconf 79' lang='lat' dir='ltr'><strong>ecclesic</strong></span> <span class='ocrx_word' id='word_1_696' title='bbox 2906 5432 3143 5506; x_wconf 85' lang='lat' dir='ltr'><strong>prcsidct</strong></span> <span class='ocrx_word' id='word_1_697' title='bbox 3172 5429 3365 5499; x_wconf 67' lang='lat' dir='ltr'><strong>ﬁt“;</strong></span> 
     </span>
    </p>
   </div>
   <div class='ocr_carea' id='block_1_107' title="bbox 1793 5522 3413 5611">
    <p class='ocr_par' dir='ltr' id='par_1_107' title="bbox 1793 5522 3413 5611">
     <span class='ocr_line' id='line_1_107' title="bbox 1793 5522 3413 5611; baseline -0.014 -16"><span class='ocrx_word' id='word_1_698' title='bbox 1793 5539 1887 5611; x_wconf 87' lang='lat' dir='ltr'><strong>qui</strong></span> <span class='ocrx_word' id='word_1_699' title='bbox 1917 5537 2100 5594; x_wconf 87' lang='lat' dir='ltr'><strong>statim</strong></span> <span class='ocrx_word' id='word_1_700' title='bbox 2133 5535 2200 5591; x_wconf 89' lang='lat' dir='ltr'><strong>ad</strong></span> <span class='ocrx_word' id='word_1_701' title='bbox 2230 5532 2537 5589; x_wconf 84' lang='lat' dir='ltr'><strong>invitandos</strong></span> <span class='ocrx_word' id='word_1_702' title='bbox 2562 5530 2795 5601; x_wconf 93' lang='lat' dir='ltr'><strong>populos</strong></span> <span class='ocrx_word' id='word_1_703' title='bbox 2826 5536 2885 5581; x_wconf 93' lang='lat' dir='ltr'><strong>ut</strong></span> <span class='ocrx_word' id='word_1_704' title='bbox 2917 5523 3148 5585; x_wconf 83' lang='lat' dir='ltr'><strong>ecclesie</strong></span> <span class='ocrx_word' id='word_1_705' title='bbox 3178 5522 3369 5578; x_wconf 86' lang='lat' dir='ltr'><strong>oricn-</strong></span> <span class='ocrx_word' id='word_1_706' title='bbox 3410 5566 3413 5573; x_wconf 87' lang='lat'><strong>.</strong></span> 
     </span>
    </p>
   </div>
   <div class='ocr_carea' id='block_1_108' title="bbox 1790 5614 3369 5696">
    <p class='ocr_par' dir='ltr' id='par_1_108' title="bbox 1790 5614 3369 5696">
     <span class='ocr_line' id='line_1_108' title="bbox 1790 5614 3369 5696; baseline -0.012 -8"><span class='ocrx_word' id='word_1_707' title='bbox 1790 5632 1883 5688; x_wconf 90' lang='lat' dir='ltr'><strong>tali</strong></span> <span class='ocrx_word' id='word_1_708' title='bbox 1923 5636 2266 5693; x_wconf 88' lang='lat' dir='ltr'><strong>succurrant,</strong></span> <span class='ocrx_word' id='word_1_709' title='bbox 2299 5626 2503 5696; x_wconf 83' lang='lat' dir='ltr'><strong>legatos</strong></span> <span class='ocrx_word' id='word_1_710' title='bbox 2526 5638 2623 5692; x_wconf 89' lang='lat' dir='ltr'><strong>per</strong></span> <span class='ocrx_word' id='word_1_711' title='bbox 2650 5620 2892 5675; x_wconf 81' lang='lat' dir='ltr'><strong>diversas</strong></span> <span class='ocrx_word' id='word_1_712' title='bbox 2914 5614 3165 5689; x_wconf 74' lang='lat' dir='ltr'><strong>regiones</strong></span> <span class='ocrx_word' id='word_1_713' title='bbox 3182 5623 3369 5671; x_wconf 76' lang='lat' dir='ltr'><strong>trans-</strong></span> 
     </span>
    </p>
   </div>
   <div class='ocr_carea' id='block_1_109' title="bbox 1796 5708 3363 5792">
    <p class='ocr_par' dir='ltr' id='par_1_109' title="bbox 1796 5708 3363 5792">
     <span class='ocr_line' id='line_1_109' title="bbox 1796 5708 3363 5792; baseline -0.012 -13"><span class='ocrx_word' id='word_1_714' title='bbox 1796 5722 1988 5790; x_wconf 88' lang='lat' dir='ltr'><strong>mittit;</strong></span> <span class='ocrx_word' id='word_1_715' title='bbox 2030 5730 2392 5792; x_wconf 83' lang='lat' dir='ltr'><strong>agrcssusquc</strong></span> <span class='ocrx_word' id='word_1_716' title='bbox 2427 5712 2751 5777; x_wconf 82' lang='lat' dir='ltr'><strong>Fcrrariam,</strong></span> <span class='ocrx_word' id='word_1_717' title='bbox 2792 5708 3016 5765; x_wconf 80' lang='lat' dir='ltr'><strong>Romam</strong></span> <span class='ocrx_word' id='word_1_718' title='bbox 3043 5719 3363 5779; x_wconf 82' lang='lat' dir='ltr'><strong>properans,</strong></span> 
     </span>
    </p>
   </div>
  </div>
