3934 6316
2807 247 2845 270 ιχ

99 298 203 363 ﬁt,
845 290 1214 351 CllRONlCA.
1256 322 1325 332 —
1362 287 1776 346 AUCTARIUM
1819 288 2119 345 ROBERTI
2160 291 2250 346 DE
2290 291 2548 349 MONTE.
3244 295 3351 351 ωε

157 406 300 466 i096.
328 407 424 476 (Η.
456 364 618 463 Henr.
651 406 773 476 vn.)
811 406 1083 463 Robertus
1104 435 1175 446 -—
1195 399 1446 458 reddidit.
1560 384 1569 392 ’
1694 407 1741 464 Α
1768 401 2064 459 bizanteos.
2092 400 2416 474 Optulerunt
2443 405 2993 476 igitur—perseverat
3021 402 3113 459 ⁸⁵⁸.
3144 400 3347 474 (Hum.

156 499 300 557 i097.
332 496 534 569 (llusr.
560 498 682 569 vn.)
709 498 847 553 Cum
872 497 1113 568 igitur—
1139 494 1509 549 Antiochiam.
1761 512 1836 550 vn
1859 514 1873 564 ;
1898 494 2170 551 Famam.
2203 494 2381 568 [563])
2412 496 2633 553 Primus
2662 495 2735 551 ibi
2759 509 2889 553 tunc
2911 529 2981 538 -—
3001 504 3346 554 conservata.

158 591 301 648 1098.
330 589 463 662 (1b.)
487 589 628 647 Cum
657 589 976 645 Willermus
1004 604 1098 643 rex
1121 586 1422 659 Anglorum
1486 617 1516 625 —
1543 583 1657 639 Ro-
1765 586 1964 660 (llum.
2008 586 2132 658 vn.)
2182 585 2298 642 Rex
2328 586 2648 643 Willermus
2697 618 2769 628 —
2814 587 3143 644 Salesberie.
3182 585 3349 656 (Fur.-

97 692 259 748 bertus
294 689 360 743 de
403 687 652 744 Belesme
701 686 871 742 frater
899 685 1039 756 ejus.
1086 684 1263 757 (Orig.
1285 671 1454 754 Cist.)
1482 678 1662 736 Ceno~
1762 682 1945 753 cnsn.)
1968 681 2045 737 De
2070 678 2300 738 consilio
2324 680 2654 737 Arvernensi
2681 680 3061 736 —exaltetur.

97 782 225 839 bium
256 779 619 835 Cisterciense
640 809 712 819 —
747 783 1142 835 emanaverunt
1173 775 1265 830 “'.
1840 772 1999 830 “00.
2034 772 2232 846 (Hum.
2262 768 2393 845 vn.)
2412 772 2731 829 Willermus
2752 803 2825 813 -—
2854 773 3106 844 agebant.

154 869 297 927 1099.
344 868 497 941 (Vl'l'.
534 886 609 938 rx,
649 870 798 940 759.)
848 869 1047 925 Comes
1106 865 1548 924 Normannorum
1591 895 1663 906 -—

99 1151 356 1218 lNClPlT
386 1147 810 1215 PROLOGUS
838 1144 1301 1215 ROBERTIIIN
1328 1155 1429 1215 EA
1458 1152 1621 1228 QUE
1649 1148 2086 1220 SECUNTUR,
2114 1150 2221 1211 DE
2258 1148 2708 1214 TEMPORUM
2740 1150 3347 1230 DESCRIPTIONE,

1178 1258 1435 1345 USQuE
1478 1258 1590 1319 AD
1637 1254 1791 1318 usi.
1832 1255 2111 1317 ANNUM
2154 1252 2245 1314 δι’.

1426 1260 1435 1318 ἰ
1478 1258 1590 1319 AD
1637 1254 1791 1318 1181s-
1832 1255 2111 1317 ANNUM
2154 1252 2245 1314 ⁵⁵³.
2975 1261 2979 1266 “

160 1424 223 1482 De
260 1422 701 1493 chronographia,
737 1420 795 1475 id
835 1428 913 1475 est
952 1429 1245 1491 temporum
1290 1419 1660 1490 descriptione,
1696 1422 1737 1480 li
1768 1414 2052 1486 Gregorius
2105 1412 2423 1471 Turonensis
2465 1418 2757 1488 episcopus,
2798 1428 2929 1473 etut
2960 1420 3031 1474 ad
3072 1421 3350 1476 moderncs
3388 1415 3402 1428 ’

98 1519 144 1571 in
177 1514 597 1586 subsequentibus
639 1512 896 1580 locuturi,
935 1510 1106 1583 primo
1153 1510 1542 1567 detractoribus
1569 1510 1655 1566 in-
1761 1509 2053 1575 deveniam,
2091 1508 2365 1564 Marianas
2406 1509 2597 1565 Scotus
2627 1510 2914 1567 Fuldensis
2962 1516 3268 1583 monachus,
3299 1525 3348 1571 et

99 1609 211 1661 vidis
242 1614 287 1660 et
326 1613 570 1658 nostrum
615 1604 849 1671 laborem
890 1604 1101 1658 inanem
1137 1603 1500 1675 reputantibus
1548 1603 1656 1660 bre-
1761 1599 2056 1672 Sigibertus
2082 1599 2494 1669 Gemblacensis,
2519 1620 2694 1658 omnes
2718 1622 2820 1659 non
2843 1607 3109 1661 inutiliter
3133 1610 3347 1662 cronica

101 1700 210 1753 riter
234 1695 691 1774 respondebimus;
721 1696 846 1750 dein
867 1695 1170 1750 amantibus
1196 1695 1508 1773 beninrolis,
1529 1706 1577 1752 et
1600 1698 1657 1751 id
1757 1696 2055 1751 ediderunt.
2096 1696 2357 1752 Fecerunt
2388 1697 2485 1751 hoc
2519 1708 2568 1752 et
2615 1698 2718 1753 alii
2753 1699 2929 1770 plures
2967 1709 3077 1755 tam
3115 1702 3351 1774 religiosi

100 1772 482 1858 expectantibus,
517 1788 683 1842 immo
711 1785 1190 1859 expostulantibus,
1224 1804 1397 1842 rerum
1419 1788 1656 1843 ordinem
1757 1802 1918 1858 quam
1961 1786 2245 1853 seculares,
2288 1804 2419 1859 quos
2449 1803 2617 1842 causa
2655 1787 2927 1843 brevitatis
2959 1800 3211 1860 pretereo.
3243 1791 3346 1848 His

101 1882 293 1953 presenti
344 1878 565 1953 prologo
613 1882 879 1935 succincte
922 1879 1237 1951 aperiemus.
1272 1879 1379 1947 Qui
1423 1881 1655 1937 dicunt:
1758 1883 1943 1930 contra
1969 1875 2304 1947 obloquentes
2333 1876 2514 1945 dictis,
2555 1878 2841 1932 beninvolis
2880 1880 3223 1935 attentionem
3253 1899 3338 1936 no-

102 1970 217 2037 Quid
239 1986 457 2026 necesse
478 1979 569 2027 est
605 1971 749 2027 vitas
775 1971 861 2027 vel
885 1953 1089 2026 mtirtes
1109 1972 1193 2027 vel
1220 1971 1466 2029 diversos
1496 1989 1655 2029 casus

1496 1989 1657 2029 casus
1761 1969 1932 2015 stram
1954 1963 2279 2031 aperiamus.

101 2060 347 2117 hominum
370 2060 574 2117 litteris
603 2061 888 2129 mandare,
911 2061 1160 2134 prodigia
1188 2062 1289 2118 celi
1312 2072 1365 2118 et
1386 2072 1547 2132 terre,
1572 2067 1654 2121 vel
1835 2052 2370 2110 omnibus‘mwefﬂis
2392 2055 2803 2129 chronograpltis
2819 2056 3171 2130 Sigisbertum
3194 2060 3339 2117 Gem-

104 2153 301 2210 aliorum
325 2154 730 2211 elementorum
761 2154 982 2226 scriptis
1011 2155 1281 2227 impressa
1311 2159 1658 2229 perpetuare?
1758 2148 2054 2205 blacensem
2088 2152 2356 2223 preferens
2397 2161 2447 2208 et
2479 2153 2595 2225 ejus
2626 2154 2865 2209 studium
2902 2156 3224 2214 vehementer
3249 2160 3347 2214 ad-

102 2244 320 2311 noverint,
347 2245 540 2299 bonam
568 2246 734 2299 vitam
759 2254 809 2299 et
839 2261 1007 2300 mores
1031 2246 1418 2316 precedentium
1441 2248 1512 2303 ad
1533 2249 1658 2303 imi—
1757 2240 1981 2309 Mirans,
2012 2240 2167 2296 illius
2205 2242 2619 2315 Chronographie
2660 2244 2726 2299 de
2763 2245 2897 2299 serie
2926 2255 3215 2317 temporum
3245 2249 3349 2304 ali-

104 2335 316 2389 tationem
337 2337 767 2407 subsequentium
786 2336 1040 2409 proponi;
1064 2336 1327 2392 malorum
1347 2356 1464 2394 vero
1481 2357 1657 2395 exem-
1756 2330 1884 2403 quid
1907 2332 2217 2386 continuare
2242 2332 2491 2387 conabor.
2539 2331 2645 2388 Ille
2669 2334 2932 2406 siquidem
2965 2336 3215 2392 chronica
3241 2337 3350 2391 Eu-

103 2425 193 2495 pla,
223 2443 316 2481 non
340 2436 397 2481 ut
427 2428 727 2496 imitemur,
757 2428 848 2483 sed
870 2438 931 2483 ut
948 2430 1200 2498 vitentur,
1230 2430 1476 2487 describi.
1510 2432 1654 2488 Pro-
1756 2424 1910 2493 δεθὶίν
1934 2442 2033 2497 que
2068 2426 2332 2497 ίηεὶρὶιιηι
2370 2421 2581 2505 αΝῑηο
2624 2441 2741 2500 tege
2773 2430 2947 2500 Ρνὲιηο
2977 2430 3345 2502 Assyriorum,

103 2518 221 2588 digia
238 2528 403 2589 autem
425 2519 505 2576 vel
525 2512 773 2592 portenta
786 2523 1059 2603 praei-ira,
1079 2539 1177 2594 que
1198 2524 1393 2594 [amem
1415 2525 1493 2581 υει
1515 2543 1656 2582 mor.
1756 2513 1908 2584 cujus
1940 2514 2010 2570 4⁸5
2046 2515 2257 2586 imperii
2286 2532 2425 2570 anno
2449 2526 2604 2593 natus
2634 2528 2713 2573 est
2764 2519 3056 2588 Abraham,
3085 2530 3137 2575 et
3158 2532 3345 2578 cxten-

106 2614 331 2671 talitatem
353 2618 429 2674 vel
464 2620 655 2691 aliqua
681 2619 793 2675 alia
815 2620 1032 2692 ﬂagella
1065 2639 1286 2692 superne
1306 2622 1537 2677 vindicte
1558 2637 1654 2692 pro

1796 2618 1957 2664 untur
1978 2628 2141 2684 usque
2176 2612 2246 2665 ad
2273 2611 2345 2666 20
2378 2629 2577 2667 annum
2614 2613 2824 2683 imperii
2853 2613 3194 2671 Constantini
3214 2618 3345 2687 piis-

106 2706 274 2760 meritis
292 2708 528 2777 ﬁliorum
562 2709 857 2778 hominum,
882 2727 1003 2764 cum
1030 2711 1296 2779 videntur,
1323 2712 1652 2783 signiﬁcant,

1786 2700 1881 2753 imi
1900 2700 2179 2772 principis,
2220 2702 2508 2757 secundum
2532 2703 2873 2758 veracissima
2894 2705 3221 2776 exemplaria
3249 2706 3338 2771 de-

105 2791 198 2848 ideo
218 2812 302 2865 per
328 2797 540 2853 litteras
561 2799 814 2854 memorie
843 2800 1300 2869 commendantur,
1332 2809 1390 2855 αι
1413 2801 1461 2855 εί
1485 2817 1656 2873 quan.
1682 2788 1725 2846 C
1757 2792 2015 2861 scribens,
2038 2804 2089 2848 et
2126 2793 2240 2849 illis
2269 2793 2646 2849 nit-hilominus
2673 2796 2923 2851 chronica
2951 2795 3192 2851 Jeronmt
3222 2797 3347 2852 sub»

107 2885 159 2937 do
190 2888 371 2943 similia
398 2892 691 2958 evenerint,
733 2902 1052 2962 peccatores,
1088 2894 1179 2965 qui
1210 2910 1265 2948 se
1305 2893 1445 2948 iram
1473 2892 1571 2947 Dei
1601 2894 1657 2948 in
1748 2886 1997 2959 jungens,
2023 2888 2262 2943 videlicet
2301 2906 2334 2943 a
2372 2887 2444 2943 20
2485 2905 2625 2943 anno
2648 2890 2874 2960 predicti
2898 2891 3155 2964 principis
3184 2906 3347 2962 usque

106 2978 253 3051 aliqua
276 2983 565 3040 incurrisse
589 2986 943 3055 meminerint,
985 3003 1111 3043 mox
1133 2987 1205 3041 ad
1246 2987 1477 3043 remedia
1504 2988 1656 3059 peni-
1757 2980 1830 3035 ad
1870 2980 1938 3035 i5
1970 2979 2207 3035 Valentis
2239 2982 2475 3053 augusti,
2498 2981 2698 3037 addens
2712 2983 2875 3037 etiam
2906 3000 2972 3038 ea:
2995 2984 3179 3037 ordine
3199 2983 3348 3037 citro-

108 3072 235 3126 tentis
255 3083 298 3127 et
325 3075 698 3147 confessionis,
719 3094 812 3148 per
848 3078 939 3133 hec
971 3076 1140 3133 Deum
1187 3075 1476 3149 placaturi,
1503 3078 1658 3148 festi-
1756 3071 1877 3126 nica
1916 3070 2191 3144 Prosperi,
2216 3072 2273 3126 id
2306 3081 2382 3126 est
2411 3090 2443 3126 a
2460 3073 2633 3143 primo
2650 3089 2790 3126 anno
2818 3072 3065 3128 Gratiani
3092 3090 3252 3146 usque
3274 3072 3346 3127 ad

108 3172 218 3217 nent.
244 3163 352 3221 Hac
378 3168 441 3222 de
463 3186 653 3237 causa,
678 3169 801 3226 licet
839 3169 944 3226 alie
982 3187 1086 3225 non
1114 3170 1308 3239 άεδίηι,
1341 3169 1549 3242 Moyse;
1580 3171 1656 3226 ιε-
1755 3161 1997 3232 quintum
2020 3179 2215 3217 annum
2251 3154 2671 3218 Valentinianiet
2698 3163 2957 3219 Martiani
2977 3178 3343 3236 augustorum,

109 3253 293 3321 gislator
316 3258 369 3313 in
389 3241 577 3315 divina
610 3261 839 3315 historia
887 3254 1249 3317 innocentiam
1296 3241 1449 3328 Abel,
1500 3249 1654 3318 θαίηι
1758 3253 1969 3308 tandem
2006 3257 2224 3325 propria
2281 3257 2589 3326 supposuit;
2653 3255 2924 3328 uetuitque
2975 3257 3204 3328 incipere
3254 3258 3345 3311 ubi
3392 3246 3400 3252 ’

107 3344 341 3416 Invidiam,
389 3351 792 3423 simplicitatem
847 3351 1036 3419 Iacob,
1086 3351 1427 3407 dolositatem
1480 3351 1650 3420 Esau,
1752 3344 1986 3416 Prosper
2014 3347 2248 3416 ﬁnierat,
2275 3348 2364 3400 sed
2395 3346 2486 3401 ubi
2507 3348 2794 3419 inceperat,
2823 3349 2879 3402 id
2898 3358 2975 3403 est
3001 3366 3035 3403 a
3061 3349 3164 3421 ﬁne
3186 3349 3344 3403 chro-

108 3434 338 3493 ntaliciam
363 3442 612 3497 undecim
650 3443 888 3513 ﬁliorum
921 3442 1113 3510 ιεναει,
1137 3443 1425 3498 bonitatem
1454 3444 1655 3498 duode-
1755 3438 1993 3491 uicorum
2025 3437 2313 3507 Jeronimi,
2332 3437 2573 3494 videlicet
2599 3440 2665 3493 ab
2693 3456 2832 3493 anno
2865 3440 3145 3495 dominica:
3164 3442 3345 3495 incar-

107 3524 208 3580 cimi
250 3530 437 3593 scilicet
476 3532 703 3604 Ioseph,
747 3551 938 3605 penam
978 3535 1207 3607 quinque
1245 3535 1525 3590 civitatum
1558 3550 1653 3605 per
1754 3530 1988 3607 nationis
2016 3530 2141 3585 581.
2166 3529 2337 3597 _Quod
2366 3539 2644 3602 prapterea
2686 3527 2832 3602 fecit,
2865 3533 2990 3603 quia
3031 3533 3223 3601 multa,
3265 3543 3322 3587 ut

109 3623 505 3691 consumptionem
541 3625 681 3697 ignis
726 3634 776 3680 et
808 3625 1097 3696 sulphuris,
1140 3625 1479 3696 manifestat;
1517 3643 1651 3698 qua-
1750 3630 1871 3692 pote
1898 3622 2178 3677 moderans
2202 3631 2254 3677 et
2282 3620 2573 3677 multarum
2616 3623 2967 3685 historiarum
3003 3624 3231 3695 diligens
3253 3627 3345 3678 in-

110 3706 223 3764 timis
248 3712 392 3778 bonos
421 3717 713 3785 imitemur,
740 3717 1006 3772 malorum
1028 3710 1139 3773 esse
1165 3718 1434 3789 pedisecos
1455 3718 1648 3773 exhor-
1750 3702 1998 3786 quisitor,
2030 3731 2128 3786 que
2149 3713 2381 3797 Prosper
2404 3714 2625 3770 necdum
2643 3715 2854 3787 quando
2878 3715 2969 3770 hec
3004 3717 3217 3787 scripsit
3244 3735 3342 3772 au-

110 3812 296 3885 reamus,
335 3808 697 3880 prodigiosum
747 3817 924 3863 autem
964 3809 1265 3864 incendium
1307 3812 1509 3880 peccati
1560 3810 1650 3881 fu-
1750 3806 1946 3873 dierat,
1971 3806 2167 3862 addere
2193 3805 2535 3878 disponebat.
2554 3805 2718 3873 Ponit
2747 3815 2921 3860 autem
2966 3806 3020 3861 in
3047 3807 3219 3878 fronte
3239 3824 3342 3878 pu-

110 3889 259 3958 giendo
301 3898 511 3968 fetorem
568 3899 877 3955 devitemus.
925 3898 1042 3955 Hoc
1074 3917 1179 3955 non
1209 3900 1382 3955 solum
1416 3900 1644 3972 Moyses,
1750 3899 1873 3970 gine
1900 3898 2027 3961 libri
2060 3900 2144 3953 sui
2183 3885 2420 3971 primum.
2444 3899 2660 3954 nomina
2690 3914 2968 3972 regnorum
2991 3900 3338 3967 diversorum,

109 3980 239 4037 sedet
263 3999 426 4041 omnes
454 3986 637 4042 divine
680 3987 872 4058 pagine
901 3995 1236 4056 tractatores,
1266 3989 1395 4043 etin
1429 3988 1647 4044 histori~
1749 3989 1990 4047 videlicet
2034 3990 2417 4060 Romanorum,
2456 3991 2768 4061 Persarum,
2815 3990 3173 4059 Francorum,
3214 3989 3342 4046 Bri-

109 4071 167 4124 cis
192 4082 235 4128 et
265 4076 317 4129 in
354 4078 645 4133 moralibus
681 4078 834 4134 libris
880 4079 1109 4150 faciunt,
1134 4080 1350 4136 virtutes
1381 4097 1647 4137 commen-
1752 4092 2056 4151 tannorum,
2108 4084 2520 4153 Wandalorum,
2570 4083 2993 4155 Wisigothorum
3017 4125 3033 4152 ,
3088 4081 3342 4154 Ostrogo-

109 4162 266 4234 dando,
291 4169 413 4224 ritia
441 4172 774 4240 detestanda,
802 4172 972 4227 Deum
1003 4173 1184 4229 timere
1205 4174 1370 4230 simul
1394 4185 1445 4232 et
1464 4194 1646 4233 amare
1677 4164 1723 4220 Ῑ)
1749 4175 1978 4243 thorum,
2022 4174 2324 4232 Hunorum.
2377 4176 2573 4232 Postea
2626 4176 2874 4247 supponit
2919 4174 3090 4246 regnis
3119 4175 3337 4228 nomina

108 4264 183 4306 tm
205 4256 531 4316 admonendo.
571 4260 694 4316 Non
717 4262 887 4334 igitur
910 4272 1034 4317 sunt
1061 4264 1335 4332 audiendi,
1362 4267 1454 4338 qui
1483 4266 1646 4322 libros
1751 4269 1970 4340 propria
2012 4286 2224 4340 regum;
2271 4269 2516 4324 deorsum
2546 4284 2665 4322 vero
2695 4285 2790 4338 per
2820 4267 3047 4321 mediam
3085 4265 3335 4337 paginam

108 4342 444 4419 chronicorum,
468 4354 705 4408 maxime
725 4372 757 4408 a
778 4354 1061 4410 catholicis
1093 4356 1284 4424 editos,
1308 4356 1648 4430 neglegendos
1751 4374 1916 4413 annos
1945 4359 2275 4429 singulorum
2292 4360 2622 4431 principum;
2650 4359 2705 4411 in
2732 4359 2968 4429 margine
2997 4357 3210 4411 nomina
3232 4354 3341 4409 Ro-

107 4434 284 4505 dicunt;
312 4443 363 4497 in
399 4444 589 4516 quibus
618 4453 728 4500 tam
753 4446 903 4500 utilis
935 4447 1177 4514 intentio,
1225 4450 1365 4503 sicut
1398 4458 1452 4505 et
1480 4450 1536 4505 in
1562 4467 1648 4506 ce-
1752 4466 2031 4504 manorum
2068 4450 2399 4520 pontiﬁcum,
2440 4458 2491 4503 et
2520 4466 2687 4503 annos
2718 4448 2939 4503 Domini
2969 4448 3336 4520 respondentes

109 4528 208 4582 teris
230 4538 552 4606 tractatibus,
582 4537 901 4609 generaliter
926 4538 1151 4594 habetur
1755 4551 1896 4596 recta
1930 4542 2103 4612 fronte
2132 4543 2285 4596 annis
2319 4541 2678 4612 predictorum
2721 4558 2919 4613 regum.
2954 4540 3032 4594 De
3062 4556 3216 4611 regno
3240 4556 3311 4593 au

160 4617 256 4674 Hoc
290 4640 385 4680 non
408 4629 713 4700 ignorantes
764 4628 1065 4700 Cyprianus
1101 4629 1503 4703 Cartaginensis
1538 4635 1681 4705 epi--
1753 4643 1858 4689 tem
1885 4634 2167 4689 Britonum
2189 4634 2389 4705 faciens
2416 4633 2751 4701 mentionem,
2780 4634 2887 4704 fere
2911 4648 3004 4702 per
3032 4647 3196 4685 annos
3220 4647 3340 4685 cen-

107 4721 256 4781 ποραε
293 4728 341 4773 et
379 4731 604 4792 martyr,
637 4722 898 4778 Eusebius
944 4723 1296 4793 Cesariensis,
1341 4725 1647 4782 Jeronimus
1752 4735 1864 4781 tum
1885 4727 2163 4782 duodecim
2187 4725 2395 4780 nullum
2421 4741 2600 4797 regum
2625 4725 2862 4795 ejusdem
2887 4722 3058 4779 insule
3076 4724 3336 4790 nominat,

109 4804 332 4877 Presbiter,
365 4809 635 4885 Sulpicius
676 4813 895 4870 Severus
936 4818 1109 4871 sancti
1147 4816 1373 4873 Martini
1403 4802 1646 4891 familia-
1734 4820 1852 4879 nisi
1883 4819 2161 4874 Aurelium
2208 4817 2570 4872 Ambrosium.
2617 4815 2881 4873 Similiter
2913 4816 2977 4871 de
3008 4815 3219 4888 Anglis,
3247 4816 3336 4886 qui

108 4906 181 4961 ηδ,
207 4895 415 4974 Prosper
432 4895 739 4978 Aquitanus
770 4908 944 4962 sancti
966 4907 1160 4962 Leonis
1194 4926 1346 4980 papte
1374 4913 1638 4977 notarius,
1744 4920 2102 4966 successerunt
2160 4909 2494 4979 Britonibus,
2559 4908 2817 4964 nonnulla
2876 4909 3009 4964 locis
3065 4909 3336 4980 oportunis

1344 5026 1577 5082 νΑιιιΑε
1618 5026 2038 5106 LECTIONES._

233 5105 348 5192 μαῖα
381 5129 446 5192 ex
480 5113 789 5192 Originibus
840 5114 1045 5192 ordinis
1092 5115 1463 5192 Cisterciensis
1520 5118 1685 5192 (apud
1741 5116 1940 5174 Tissier
1985 5105 2042 5192 et
2092 5118 2179 5192 in“
2204 5119 2504 5192 Monastico
2551 5123 3192 5192 Anglicano)_excerpra,
3245 5130 3337 5192 ce-

107 5168 183 5262 είιςτ
216 5168 517 5262 inpatrum
532 5168 833 5262 *Azsia‘s'm
846 5168 1083 5262 ginta
1099 5168 1292 5243 sua;
1306 5168 1940 5259 ’Ϋῖιίιιιίἷιὲῖοοιῖἱιῖζᾴ
1968 5168 3309 5262 ίΒὲηέἆὶῶίῖὲὲὀῐνιὶἧίῗὲξιῖίέόάεῆἶῖόᾶιὶ’ρειί

108 5204 183 5252 «fa
219 5204 264 5232 ζ.
300 5204 517 5239 multum
569 5204 656 5240 am
695 5204 1083 5267 uoraoexmoer
1125 5204 1292 5243 verbis
1337 5230 1350 5244 .
1407 5204 1611 5259 diuque
1649 5204 1832 5246 tocum
1866 5221 1940 5257 -έ
1984 5204 2259 5247 beneatcu
2308 5204 2647 5262 persowunt,
2691 5206 2757 5245 ex
2805 5204 3151 5271 eoaemlorue
3201 5204 3307 5255 pett

108 5247 180 5331 ff:
203 5248 324 5331 H'“
358 5252 578 5310 Omissis
636 5204 835 5331 (fomes
866 5255 1330 5331 ‘Normannorum
1387 5289 1457 5300 -—
1514 5270 1825 5331 perseverat
1880 5261 2045 5315 eodem
2093 5263 2148 5317 2.
2202 5261 2402 5317 habet:
2429 5262 2664 5330 Quidam
2711 5260 2876 5331 hujus
2917 5268 3142 5314 Victoria
3198 5266 3334 5310 tem-

107 5322 186 5392 PII}
203 5316 278 5375 his
299 5333 525 5392 quatuor
549 5327 800 5383 versibus
833 5328 914 5385 sic
937 5330 1226 5400 expressit.
1262 5316 1559 5402 Virginis'a
1584 5341 1752 5401 partu
1789 5331 2006 5388 Domini
2068 5316 2345 5389 uiiclaruit
2371 5316 2509 5389 ort'uv
2526 5334 2687 5388 Auno
2709 5316 2932 5387 milleno
2962 5337 3194 5386 centeno
3222 5341 3335 5396 quo

108 5394 253 5458 {Inuus
272 5407 392 5458 uno,
440 5393 704 5455 Undecies
738 5398 882 5455 Julio
904 5400 1016 5458 iam
1050 5400 1217 5457 Phebi
1257 5402 1465 5457 lumine
1494 5409 1664 5458 tacto.
1697 5402 2002 5458 Jerusalem
2029 5349 2237 5458 ίι’ωυωϊ
2275 5406 2498 5458 caniunt
2520 5405 2719 5458 virtute
2744 5401 2969 5458 potenti.
3080 5395 3151 5431 ⁸⁵³
3173 5414 3228 5453 ιι.
3265 5397 3333 5451 ad

107 5393 882 5502 ἲὶιιὶιιῧιξιίῗίηυιιάθοὶεδ..Ιιιιίο
903 5393 1025 5469 jaui
1050 5400 1217 5502 Pbebi
1257 5393 1465 5502 lpmiue
1494 5393 2237 5502 tacioulerusaletufh‘ranci
2275 5406 2498 5502 capiant
2515 5401 2972 5502 pirtutepotenti;
3001 5393 3333 5502 Μχειιὲξῇιι

183 5453 460 5546 μίξιχχιιιιε
477 5453 765 5546 annumin
788 5453 1217 5546 rasit'rd:scgripiswit
1235 5453 1787 5541 dtiii’ih‘dnﬁféédébl
1797 5453 2498 5546 iia'dz'iifr'a’ihibs'ii
2514 5453 2975 5545 pag—inan
2999 5469 3171 5524 codici
3195 5483 3326 5523 ora:-

108 5519 238 5585 ll-Wm
253 5519 930 5618 exaravi

76 5100 79 5101 ⁷
158 5101 212 5136 ιιι

162 5731 286 5810 (⁵65)
317 5738 627 5807 Fulcherius
671 5748 1046 5821 Carnotensis,
1094 5752 1237 5824 apud
1274 5658 1863 5829 liongarsiﬁgllﬁow.
