3934 6316
612 351 721 410 423

1799 334 2160 395 SIGEBERTI
2195 334 2713 393 GEMBLACENSIS
3726 347 3806 412 ω

612 478 1045 528 commemorans,
1080 462 1145 516 de
1164 461 1274 515 illis
1310 459 1517 531 regibus
1540 430 1911 512 tantummodo
1925 454 2179 525 loquitur,
2211 456 2257 514 Α
2284 462 2368 508 rat
2396 471 2572 509 omnes
2598 471 2739 525 reges
2758 432 3044 509 Britonuni
3061 471 3095 510 a
3131 455 3299 511 Bruto
3512 462 3579 516 ad
3608 462 3809 523 cm

603 572 747 627 quos
768 554 914 609 Beda
958 554 1215 626 presbiter
1238 562 1290 608 et
1321 551 1510 606 doctor
1531 550 1823 621 Anglorum
1866 548 1922 601 in
1962 547 2191 601 historia

605 665 709 701 sua
733 647 991 711 nominat,
1013 663 1132 701 cum
1160 644 1339 715 plures
1366 660 1507 713 reges
1530 644 1586 696 in
1611 642 1793 696 eadem
1816 647 1963 711 gente
1993 639 2189 708 fuerint

610 747 727 807 post
758 744 975 793 mortem
1001 734 1161 799 Bede,
1193 749 1352 804 quam
1383 740 1522 785 ante.
1557 730 1635 784 De
1660 727 1884 783 ducibus
1917 726 2189 781 Norman-

612 844 801 881 norum
844 826 1008 880 nichil
1043 836 1135 879 aut
1163 840 1353 895 parum
1387 824 1537 877 dicit.
1584 821 1708 875 Non
1736 829 1908 877 tamen
1944 818 2042 872 hoc
2066 818 2191 889 fecit

607 918 950 989 negligenter,
980 918 1070 971 sed
1101 917 1227 993 quia
1249 913 1460 969 carebat
1485 914 1567 967 his
1597 912 1764 967 tribus
1795 911 2054 965 historiis.

683 1006 796 1076 Ego
826 1023 942 1059 vero
973 1006 1098 1075 quia
1121 1005 1202 1057 his
1230 1003 1497 1069 habundo,
1534 1002 1748 1055 nomina
1767 1009 1817 1054 et
1840 999 2191 1054 successiones

610 1106 661 1151 et
685 1096 969 1166 aliquando
1017 1096 1162 1165 facta
1200 1094 1551 1148 eminentiora
1595 1091 1895 1145 eoruntdem
1928 1090 2123 1143 ducum
2141 1097 2191 1144 et

612 1189 792 1241 omnia
818 1174 1030 1240 nomina
1058 1186 1571 1255 archiepiscoporum
1595 1182 2118 1253 Rothomagensium,
2140 1189 2191 1235 et

611 1278 678 1331 de
697 1278 951 1348 episcopis
984 1278 1216 1347 ejusdem
1246 1276 1512 1346 provincie
1557 1273 1878 1346 aliquantos,
1901 1272 2035 1327 locis
2066 1289 2194 1326 con-

556 1382 567 1391 '
611 1371 935 1424 venientibus
981 1387 1139 1441 usque
1186 1370 1255 1422 ad
1295 1369 1506 1423 “00m
1556 1384 1753 1422 annum
1808 1368 2191 1421 incarnationis

611 1462 892 1528 dominice,
924 1462 1185 1515 chronicis
1221 1462 1387 1531 ipsius
1412 1463 1745 1533 interserens,
1777 1459 2027 1514 similiter
2058 1468 2108 1513 et
2129 1459 2193 1514 de

612 1555 821 1624 regibus
861 1555 1174 1625 Anglorum,
1210 1554 1273 1607 de
1311 1554 1501 1625 quibus
1533 1553 1736 1607 nullam
1763 1553 2079 1621 mentionem
2102 1551 2191 1621 fa-

606 1646 707 1711 cit,
741 1662 819 1698 me
848 1646 1112 1715 facturum
1144 1662 1245 1698 non
1276 1646 1511 1716 despero.
1543 1644 1696 1710 Quod
1743 1653 1791 1698 et
1823 1643 1889 1697 de
1908 1643 2192 1696 Britonum

613 1736 821 1811 regibus
874 1754 1252 1808 proposueram
1303 1739 1496 1807 facere,
1552 1738 1599 1789 si
1649 1734 2012 1789 tantummodo
2047 1735 2192 1805 infra

2290 545 2481 613 lenem,
2517 546 2606 616 qui
2630 546 2732 615 fuit
2770 544 2992 599 ultimus
3022 555 3295 617 potentum
3332 566 3513 621 regum
3558 550 3807 627 Britanna,

2291 636 2497 707 fuitque
2542 646 2695 707 pater
2738 634 3126 705 Gadwalladri,
3173 655 3323 709 quem
3369 639 3517 695 Beda
3544 642 3809 702 Ceduallsu

2288 732 2456 779 vocat.
2490 723 2664 790 Quam
2697 724 3000 796 epistolam,
3029 727 3169 787 sicut
3210 728 3273 781 in
3312 745 3376 783 ea
3423 732 3684 800 reperitur,
3721 752 3809 790 esu

2288 814 2513 869 Romam
2550 816 2690 870 idem
2718 815 2983 871 Henricus
3024 827 3404 888 pergeret,_me
3444 820 3493 873 ei
3520 825 3732 890 prebente
3747 843 3811 879 co-

2288 907 2436 980 piam
2459 906 2774 978 exemplaris
2806 910 2969 963 totius
2988 909 3211 964 historie
3232 908 3538 980 Britonum,
3568 914 3695 982 apud
3712 913 3811 971 Ba.

2288 1016 2408 1054 cum
2426 1000 2704 1069 excerpsit.

2363 1089 2539 1162 Igitur
2567 1091 2707 1144 sicut
2726 1090 2847 1161 jam
2873 1090 3076 1145 dictum
3108 1099 3209 1159 est,
3239 1092 3366 1163 quia
3391 1093 3649 1163 predictus

2290 1181 2467 1237 bertus
2509 1182 2723 1235 cronica
2750 1197 2848 1235 sua
2876 1182 3064 1252 incipit
3093 1184 3158 1236 ab
3188 1199 3328 1237 anno
3353 1184 3716 1240 incarnationis
3742 1188 3810 1241 do-

2289 1275 2499 1329 minicae
2518 1273 2644 1341 581,
2659 1281 2709 1328 et
2732 1273 2981 1344 perduxit
3003 1290 3120 1328 eam
3140 1291 3303 1346 usque
3326 1276 3398 1329 ad
3422 1292 3612 1330 annum
3630 1277 3812 1346 ejusdem

2288 1365 2464 1420 divine
2495 1366 2883 1419 incarnationis
2922 1365 3061 1420 1100
3106 1384 3120 1421 :
3169 1383 3263 1438 ego
3292 1366 3517 1435 exinde,
3543 1370 3812 1438 permittente

2287 1466 2339 1512 et
2362 1455 2655 1511 auxiliante
2688 1456 2814 1523 Deo,
2841 1458 2954 1512 sine
2978 1473 3080 1528 quo
3104 1457 3239 1511 nihil
3260 1473 3541 1529 possumus
3566 1458 3733 1528 facere,
3754 1476 3814 1514 us-

2288 1565 2386 1620 que
2410 1548 2479 1602 ad
2507 1547 2645 1602 1182
2668 1547 2759 1579 ⁵³⁸⁸
2787 1564 3004 1616 annum,
3031 1565 3095 1602 ea
3119 1565 3218 1620 que
3246 1550 3303 1603 in
3330 1548 3552 1603 diversis
3569 1552 3811 1620 promciis,

2286 1650 2339 1695 et
2365 1640 2595 1694 maxime
2619 1656 2675 1694 tn
2720 1638 3053 1694 Normannia
3094 1650 3143 1694 et
3177 1639 3400 1712 Anglia,
3431 1650 3744 1696 eveneruiuet
3766 1642 3813 1693 ad

2291 1747 2462 1786 meam
2487 1731 2739 1785 noticiam
2778 1738 3138 1801 pervenerunt,
3173 1731 3270 1785 sub
3298 1732 3459 1785 annis
3490 1731 3722 1787 dominice
3756 1733 3813 1785 is-

611 1826 825 1878 cronica
853 1824 1138 1896 Sigisberti
1179 1834 1528 1896 competenter
1550 1825 1671 1879 illos
1705 1824 1928 1878 valerem
1956 1840 2192 1893 compre-
2227 1828 2268 1888 Β
2293 1824 2623 1878 carnationis
2646 1822 2889 1894 colligere
2916 1823 3214 1895 aggrediar.
3244 1822 3316 1877 Et
3344 1824 3446 1880 hoe
3468 1824 3582 1879 ideo
3604 1823 3813 1891 libentius,

610 1917 848 1971 hendere.
875 1917 978 1973 Sed
1009 1920 1135 1990 quia
1160 1918 1361 1972 Brutus
1382 1934 1637 1988 pronepos
1667 1916 1885 1984 Eneega
1914 1933 2016 1987 quo
2036 1925 2087 1970 et
2108 1917 2193 1970 in-

609 2008 730 2067 sula
750 2008 1035 2064 Britannia
1062 2020 1243 2064 vocata
1277 2019 1377 2076 est,
1408 2010 1613 2080 primus
1635 2007 1712 2061 ibi
1738 2008 1993 2079 regnavit,
2014 2008 2061 2061 si
2082 2006 2191 2061 eel-

606 2100 714 2154 lem
735 2118 910 2156 omnes
947 2119 1086 2174 reges
1118 2102 1217 2156 sibi
1248 2102 1580 2157 succedentes
1623 2100 1805 2155 ordine
1836 2116 2064 2171 congruo
2093 2116 2191 2170 po-

609 2207 750 2258 nere,
776 2210 980 2248 necesse
999 2205 1130 2249 esset
1154 2195 1312 2250 michi
1345 2213 1448 2250 non
1473 2194 1662 2250 solum’
1672 2212 1765 2266 per
1797 2194 1992 2249 librum
2015 2191 2192 2264 Sigis-

611 2284 764 2353 berti,
795 2302 970 2342 verum
998 2288 1159 2341 etiam
1183 2304 1276 2358 per
1298 2297 1465 2343 totum
1488 2304 1676 2359 corpus
1712 2287 2084 2342 chronicorum
2101 2283 2195 2340 Je-

612 2379 827 2445 rcnimi,
855 2389 905 2433 et
939 2397 1032 2450 per
1058 2398 1303 2452 magnam
1333 2390 1537 2452 partem
1583 2380 1996 2453 chronographie
2024 2377 2193 2432 Euse-

612 2469 911 2532 bii.eadem
945 2475 1160 2526 nomina
1207 2490 1472 2545 spargere.
1515 2472 1706 2528 Verum
1743 2473 1993 2545 quoniam
2038 2469 2191 2525 inde-

610 2575 730 2614 cens
758 2570 856 2629 est,
889 2563 1100 2632 scriptis
1136 2564 1368 2617 virerum
1394 2572 1560 2618 tantm
1583 2562 1949 2628 authoritatis,
1977 2558 2195 2614 Eusebii

606 2659 662 2704 et
701 2649 962 2707 Jeronimi
985 2654 1125 2720 dico,
1153 2655 1358 2725 aliquid
1401 2664 1711 2710 extraneum
1755 2653 1948 2709 addere
1970 2668 1989 2706 :
2019 2660 2076 2706 ut
2106 2667 2196 2705 sa-

609 2740 884 2816 tisfaciam
912 2745 1157 2811 curiosis,
1184 2745 1305 2799 huic
1346 2746 1563 2818 prologo
1590 2745 1875 2816 subjiciam
1900 2761 2062 2817 unum
2090 2743 2200 2813 epi-

608 2832 805 2889 stolam
844 2835 1063 2891 Iienrici
1093 2837 1476 2906 archidiaconi,
1507 2838 1564 2892 in
1602 2854 1709 2910 qua
1738 2836 1962 2891 breviter
1980 2850 2196 2889 enume-

2292 1918 2418 1988 quia
2443 1914 2558 1971 volo
2587 1925 2731 1989 gesta
2754 1917 2915 1987 primi
2948 1916 3191 1985 Henrici,
3218 1918 3577 1972 strenuissimi
3602 1918 3718 1988 regis
3735 1918 3814 1970 As-

2292 2009 2501 2081 glorum
2522 2018 2572 2065 et
2596 2009 2746 2064 ducis
2770 2007 3223 2078 Normannorum,
3248 2027 3281 2064 a
3301 2026 3410 2080 quo
3441 2010 3599 2064 habeo
3624 2009 3812 2078 incipere,

2292 2102 2601 2155 summatim
2629 2119 2721 2172 per
2739 2101 2973 2173 singulos
2989 2117 3153 2156 annos
3180 2109 3462 2155 annotare.
3489 2100 3571 2154 Ad
3588 2099 3707 2171 quod
3722 2115 3812 2169 opus

2295 2208 2377 2247 me
2398 2192 2719 2263 adjuvabunt
2749 2201 2800 2247 et
2827 2192 3073 2260 historia,
3102 2208 3264 2263 quam
3284 2192 3353 2247 de
3374 2192 3493 2263 ipso
3526 2206 3634 2262 rege
3668 2189 3814 2243 navita
3900 2236 3901 2249 χ

2295 2284 2541 2355 defuncto
2573 2283 2719 2339 edidi
2746 2292 2796 2339 et
2826 2283 2986 2355 gestis
3023 2283 3219 2337 ducum
3248 2281 3581 2337 Normannie
3606 2277 3812 2349 adjeci,et

2294 2357 2523 2431 historia
2554 2374 2782 2447 predicti
2805 2373 3025 2429 Henrici
3046 2374 3437 2442 archidiaconi,
3468 2387 3618 2444 quam
3655 2381 3812 2436 conro-

2295 2469 2402 2523 suit
2432 2469 2497 2523 de
2523 2469 2676 2522 rebus
2701 2465 2911 2538 Anglic,
2942 2466 3199 2536 incipiens
3227 2481 3346 2520 eam
3369 2481 3403 2518 a
3424 2462 3571 2517 Iulio
3596 2459 3812 2523 Cesare,et

2296 2569 2475 2617 texens
2495 2559 2785 2614 ordinatim
2810 2574 2970 2630 usque
2987 2558 3057 2612 ad
3083 2565 3306 2613 mortem
3334 2554 3560 2628 predicti
3578 2552 3693 2623 regis
3710 2547 3814 2603 lia-

2297 2653 2420 2718 rici,
2447 2652 2505 2706 id
2532 2660 2611 2707 est
2640 2667 2803 2722 usque
2838 2650 2908 2704 ad
2944 2649 3157 2706 1155¹ιιιι
3188 2665 3391 2705 annum
3418 2645 3665 2703 dominico
3687 2642 3814 2698 inalt-

2298 2746 2552 2800 nationis.

1808 2947 2125 3008 EXPLlClT
2162 2944 2533 3003 PROLOGUS
2561 2946 2653 3005 ⁸⁸⁸.

2053 3090 2472 3107 ﬁ

815 3217 1111 3279 INCIPIT
1156 3217 1543 3279 EPISTOLA
1590 3217 1921 3280 HENRICI
1964 3217 2555 3283 ARCHIDIACONI
2598 3220 2711 3282 AD
2755 3219 3150 3285 WARINUM
3193 3223 3303 3285 DE
3345 3221 3670 3286 REGIBUS

2024 3318 2467 3382 BRITONUM.
3168 3318 3177 3331 ’

594 3442 597 3443 ν
684 3462 879 3530 Queris
903 3478 934 3516 a
969 3478 1078 3528 me,
1115 3460 1339 3517 Warine
1368 3460 1543 3529 Brito,
1574 3460 1660 3516 vir
1704 3462 1878 3545 comis
1906 3469 1961 3517 et
1996 3460 2191 3528 facete,
2223 3472 2265 3531 c
2298 3478 2422 3520 cum
2454 3463 2522 3521 de
2553 3465 2744 3522 ordine
2789 3466 3015 3524 historic
3057 3468 3124 3525 de
3152 3470 3376 3541 regibus
3404 3470 3683 3545 Anglorum
3704 3485 3730 3526 ι
3756 3484 3816 3525 me

611 3572 716 3610 cur
752 3555 923 3625 patrie
952 3562 1139 3610 nostre
1168 3564 1319 3625 gesta
1351 3570 1605 3620 narrans,
1635 3570 1667 3608 a
1708 3544 2049 3625 temporibus
2068 3552 2201 3609 Julii

610 3646 831 3701 Cesaris
882 3645 1198 3716 inceperim,
1242 3654 1297 3700 et
1352 3644 1741 3700 ﬂorentissima
1794 3661 1983 3716 regna,
2016 3661 2124 3715 que
2169 3662 2199 3701 a

614 3736 783 3793 Bruto
810 3753 985 3807 usque
1014 3736 1082 3791 ad
1109 3733 1316 3790 Julium
1347 3734 1589 3801 fuerunt,
1624 3736 1926 3791 omiserim.
1952 3733 2201 3807 Respon-

614 3829 719 3883 deo
754 3829 918 3900 igitur
946 3828 1075 3893 tibi,
1118 3827 1267 3896 quod
1321 3826 1580 3881 nec'voce
1618 3842 1719 3882 nec
1769 3828 1974 3899 scripto
2004 3828 2202 3884 horum

615 3926 922 3987 temporum
997 3909 1285 3986 sepissime
1342 3917 1594 3971 notitiam
1647 3933 1883 3987 querens
1958 3920 2203 3977 invenire

591 4009 790 4087 ‘potui.
823 4007 994 4063 Tanta
1019 4007 1289 4079 pernicies
1311 4008 1603 4066 oblivionis
1634 4011 1944 4067 mortalium
1974 4013 2204 4084 gloriam

619 4117 877 4156 successu
915 4099 1290 4155 diuturnitatis
1318 4101 1641 4156 obrumbrat
1669 4110 1722 4157 et
1766 4103 2053 4174 extinguit.
2089 4102 2205 4162 Hac

616 4200 799 4244 tamen
856 4206 1019 4256 anno,
1065 4190 1159 4261 qui
1188 4199 1272 4246 est
1296 4191 1365 4246 ab
1411 4190 1785 4248 incarnatione
1811 4191 2027 4249 Domini
2065 4195 2204 4265 H59

615 4280 711 4345 N,
744 4295 868 4336 cum
901 4279 1131 4337 Romam
1158 4281 1534 4353 proﬁciscerer
1562 4298 1687 4337 cum
1712 4282 2029 4341 Theobaldo
2062 4285 2206 4342 Can-

618 4372 861 4429 tuarensi
917 4374 1361 4446 archiepiscopo,
1416 4375 1557 4445 apud
1614 4374 1882 4444 Beccunt,
1916 4378 2008 4432 ubi
2058 4378 2204 4434 idem

616 4455 1070 4538 archiepiscopus
1114 4465 1287 4522 abbas
1337 4466 1534 4534 fuerat,
1573 4468 1777 4539 scripta
1814 4462 1998 4523 rerum
2021 4470 2203 4540 predi-

588 4564 831 4633 -ctarum
872 4567 1097 4629 stupens
1130 4557 1333 4613 inveni.
1363 4557 1643 4629 Siquidem
1683 4558 1981 4615 Robertum
2007 4561 2073 4616 de
2097 4559 2205 4617 To-

619 4646 852 4715 rinneio,
883 4651 1125 4721 ejusdem
1175 4651 1279 4707 loci
1317 4653 1669 4718 monachum,
1706 4652 1884 4706 virum
1917 4662 2027 4707 tam
2063 4652 2204 4709 divi-

620 4754 819 4796 norum
850 4760 1013 4812 quant
1045 4744 1376 4799 secularium
1422 4745 1686 4803 librorum
1726 4745 2103 4817 inquisitorem
2152 4756 2207 4802 et

2303 3557 2447 3613 edite
2477 3573 2566 3614 me
2614 3558 2994 3630 interrogaret,
3031 3568 3087 3617 et
3115 3561 3168 3617 id
3217 3563 3369 3634 quod
3402 3579 3434 3619 a
3480 3580 3564 3620 me
3598 3562 3813 3635 querella,

2303 3650 2479 3708 libens
2525 3651 2808 3709 audisset:
2849 3653 3045 3709 obtulit
3074 3654 3243 3710 michi
3265 3655 3470 3713 librum
3496 3655 3563 3713 ad
3597 3654 3815 3728 legendum

2286 3734 2371 3798 ide
2395 3743 2615 3814 regibus
2639 3741 2945 3810 Britonum,
2969 3744 3063 3814 qui
3088 3753 3215 3802 ante
3237 3745 3449 3818 Anglos
3470 3757 3690 3805 nostram
3710 3745 3817 3799 insu-
3896 3784 3897 3805 ι

2303 3833 2412 3889 lam
2462 3842 2786 3904 tenuerunt;
2835 3851 3074 3907 quorum
3115 3849 3395 3910 excerpta,
3450 3848 3510 3895 ut
3556 3838 3609 3894 in
3647 3833 3816 3909 epistola
3896 3832 3897 3910 ἦ

2286 3926 2479 4009 decet,
2514 3926 2836 3983 brevissime
2888 3929 3117 3996 scilicet,
3148 3930 3247 3985 tibi
3296 3924 3659 3996 dilectissime,
3688 3926 3812 3983 mitto.

2305 4016 2510 4074 Encas
2531 4048 2601 4059 ——
2625 4048 2697 4058 —
2720 4018 2977 4091 reperies.
3006 4018 3157 4076 Vale.

2374 4146 2504 4203 item
2531 4147 2600 4205 de
2628 4148 2821 4204 eadem
2849 4148 3115 4221 hysteria.
3147 4150 3342 4207 Adhuc
3378 4152 3450 4208 ad
3484 4150 3718 4221 majorem
3739 4144 3818 4200 ﬂi-

2306 4240 2551 4296 dentiam
2584 4255 2771 4297 rerum
2813 4240 3085 4297 dictarum
3129 4251 3184 4297 et
3225 4241 3577 4300 dicendarum
3616 4250 3817 4312 ponam

2280 4334 2582 4404 quandam
2637 4342 2847 4405 partem
2886 4334 3114 4391 historic
3142 4333 3363 4392 Henrici
3395 4330 3746 4397 archidiaconi,
3771 4327 3818 4381 de

2307 4442 2415 4497 qua
2435 4426 2550 4498 jam
2590 4427 2875 4497 epistolam
2917 4434 3043 4483 ante
3067 4428 3300 4497 positam
3324 4428 3696 4500 excerpsimus.
3720 4418 3818 4474 Dici!

2308 4518 2492 4588 itaque
2526 4518 2580 4573 in
2614 4520 2793 4589 primo
2812 4519 2953 4574 libro
2979 4519 3224 4589 ejusdem
3255 4520 3486 4577 historic
3507 4539 3523 4575 :
3545 4518 3662 4574 Erat
3685 4520 3816 4569 aute-

2307 4610 2590 4667 Britannia
2608 4641 2679 4654 -
2699 4612 2993 4669 invenitur.

2376 4743 2456 4799 Ex
2490 4746 2679 4800 eadem
2725 4745 2928 4817 ystoria
2976 4755 3044 4800 de
3093 4744 3370 4801 modernis
3415 4743 3611 4800 sanctis
3640 4732 3814 4806 Anglic:

619 4842 1059 4890 coacervatoretn
1083 4835 1572 4903 studiosissimum,
1606 4836 1804 4892 ibidem
1827 4838 2075 4893 conveni.
2102 4836 2208 4905 Qui
2241 4818 2285 4871 υ
2310 4837 2445 4904 Quis
2468 4836 2763 4891 Cantuarie
2786 4866 2859 4875 —
2887 4836 3194 4891 luculenter
3216 4835 3488 4890 erudiant.

1339 5048 1981 5140 INCIPIUNT
2053 5051 2564 5147 CRONICA
2638 5052 3211 5145 ROBERTI.

770 5231 1112 5272 ROMANORCM.
1258 5232 1591 5272 FRANCORL'M.
1738 5233 2040 5275 ANGLORUM.

2315 5220 2611 5292 Anglorum
2655 5228 2710 5275 et
2742 5219 2899 5276 ducis
2934 5218 3406 5290 Normannorum,
3430 5218 3609 5275 occiso
3638 5202 3815 5270 εθωῐκιο

693 5307 892 5380 (llum.
922 5310 1043 5381 vn.)
1074 5308 1360 5374 Henricus,
1390 5309 1536 5364 ﬁlius
1566 5309 1727 5379 primi
1758 5308 2022 5366 Willermi
2048 5314 2206 5382 regis
2314 5314 2597 5375 Willermo
2621 5312 2792 5369 fratre
2818 5327 2921 5369 suo
2949 5329 3077 5386 rege
3099 5313 3423 5387 Anglorum,
3446 5321 3503 5369 et
3537 5294 3817 5380 ωιιιωιίάίε
3890 5338 3891 5423 q

945 5413 951 5421 '
1909 5404 2142 5461 VARle
2182 5406 2583 5464 LECTIONES.
3357 5404 3364 5412 ’
3460 5430 3463 5439 ’

701 5498 791 5532 ’δ”
814 5500 898 5573 ita
925 5498 1182 5573 Robertus
1209 5507 1411 5573 postea,
1435 5497 1563 5573 alia
1601 5505 1922 5565 atramento,
1951 5501 2217 5565 correxit;
2248 5503 2482 5572 primum
2505 5499 2680 5570 fuerat
2708 5498 2876 5557 Μαι.
2901 5501 3042 5573 quod
3065 5501 3254 5556 habent
3281 5500 3439 5573 etiam
3474 5496 3527 5551 5.
3555 5476 3814 5573 -.³3

629 5577 708 5643 ita
739 5570 897 5643 rubro
927 5562 1692 5643 scripturn,lloberti‘fortasse
1722 5562 2046 5643 manu,qua'
2071 5562 2222 5625 addit
2244 5562 2407 5627 etiam
2430 5587 2449 5625 :
2472 5562 2925 5643 consequentiam
2946 5571 3385 5643 chronograpbie
3404 5563 3633 5622 invenies

631 5621 1056 5712 insunt-ius
1071 5621 1220 5694 una.
1232 5621 1347 5693 illic
1374 5621 1539 5712 suis
1555 5621 1699 5697 tua
1735 5621 2031 5712 scriptam
2045 5621 2456 5712 quassiiiea
2478 5621 3189 5708 isiussiz‘uéassaf
3198 5621 3617 5712 iustissimis:
3632 5621 3811 5712 μεμίξέ

628 5688 3182 5785 inuitis—{1;'iEIgu'u'iu}iciliqiiiiéii)iiéﬁaiiaoﬁiipi;1,8555?"b23265}.'sii"§3qf"if££&élzi
3201 5688 3662 5770 ἑῖιῗῆἷᾶιιειειέ
3688 5694 3733 5751 ⁵η
3748 5688 3815 5748 ⁸η
3888 5740 3889 5785 ᾗ

634 5797 681 5834 c.
714 5791 828 5851 post
859 5781 1184 5853 chroniron).
1263 5782 1331 5815 "*'
1364 5781 1561 5835 MXXX
1594 5798 1776 5836 nonus
1806 5780 1867 5836 Ε.
