3934 6316
180 346 275 404 425

301 475 641 519 ROIANORUI;

176 559 224 615 in
267 551 490 612 ecclesia
541 547 716 607 sancti
761 545 907 602 Petri
941 546 1085 617 apud
1120 544 1462 600 Winceastre
1500 543 1735 613 sepulto,

175 648 355 706 ibidem
388 643 444 697 in
473 655 658 714 regem
692 638 921 704 electus,
967 635 1115 693 dedit
1154 634 1531 705 episcopatum
1574 631 1735 688 Win-

173 734 386 794 ceastrie
409 731 697 788 Willermo
723 728 948 784 Giﬁ'ard.
988 726 1336 799 Pergensque
1366 724 1733 790 Lundoniam,

172 816 400 885 sacratus
439 832 523 880 est
548 823 623 879 ibi
662 836 695 876 a
750 819 1014 875 Mauricio
1057 816 1427 874 Londoniensi
1457 816 1734 886 episcopo,

173 914 529 973 melioratione
566 913 747 985 legum
784 919 840 966 et
872 909 1332 966 consuetudinum
1381 906 1605 977 optabili
1646 921 1734 960 re-

171 1008 441 1080 promissa.
497 1003 597 1060 llis
645 1002 877 1070 auditis,
935 1001 1227 1056 Anselmus
1267 999 1733 1070 archiepiscopus,

172 1098 363 1155 rediens
388 1096 442 1150 in
475 1095 751 1166 Angliam,
784 1092 1137 1164 desponsavit
1169 1090 1443 1146 Matildem
1466 1084 1732 1160 'puellam

788 472 1125 512 FRANCOBUI.
1271 470 1572 510 ΑΝειοηυη.

170 1188 413 1254 nobilem,
445 1185 619 1241 ﬁliam
664 1183 858 1239 Meleol
904 1183 1051 1255 regis
1105 1181 1289 1238 Scotie
1341 1189 1397 1236 et
1445 1180 1735 1252 Margarite

170 1281 355 1353 regine,
396 1278 633 1335 Henrico
653 1292 797 1333 novo
817 1276 949 1351 regi.
980 1274 1076 1347 (Η.
1104 1274 1294 1346 Henr.)
1316 1273 1528 1341 Quante
1551 1283 1733 1328 autem

170 1369 456 1427 sanctitatis
483 1376 720 1438 utraque
766 1366 955 1439 regina
980 1374 1035 1421 et
1071 1365 1302 1421 scientie
1327 1374 1501 1419 mater
1525 1372 1580 1420 et
1621 1363 1731 1419 ﬁlia

169 1459 371 1525 fuerint,
410 1460 552 1515 liber
576 1461 670 1531 qui
693 1460 760 1515 de
792 1460 905 1514 vita
930 1459 1172 1530 ipsarum
1201 1457 1439 1529 scriptus
1460 1466 1543 1513 est
1569 1457 1732 1528 plano

170 1568 399 1608 sermone
448 1552 730 1629 describit.
768 1551 969 1607 Genuit
1009 1559 1192 1606 autem
1235 1566 1303 1606 ex
1349 1565 1412 1605 ea
1462 1549 1603 1605 idem
1636 1565 1733 1605 rex

940 336 1309 396 CHRONICA.
1348 368 1416 377 —-
1456 332 1864 391 AUCTARIUM
1913 332 2211 393 ROBERTI
2252 334 2341 390 DE
2376 332 2633 393 MONTE.

1770 455 1817 514 Λ
1846 451 2125 507 consulem
2157 432 2555 523 ncquissimum
2597 464 2650 510 et
2693 456 2981 526 perﬁdum,
3022 457 3315 515 Robertum
3359 460 3428 516 de

3320 339 3425 396 423

1842 539 2104 609 Belesme,
2151 540 2275 611 jure
2314 541 2367 596 in
2413 558 2538 598 cum
2576 561 2848 617 exurgens
2896 551 3152 605 exularit.
3200 549 3425 608 Obsedit

1840 647 2077 703 namque
2121 633 2277 703 prius
2313 634 2597 689 castellum
2631 635 2905 706 Arundel;
2937 641 3083 710 quod
3134 658 3260 697 cum
3293 659 3420 714 gra-

1839 723 2126 778 vissimum
2180 731 2327 779 esset
2370 725 2439 779 ad
2489 728 2949 796 conquirendum,
3001 732 3240 788 castellis
3296 742 3423 791 ante

1838 814 1969 869 illud
2006 816 2367 883 constructis,
2406 816 2504 871 ivit
2550 826 2606 874 et
2643 819 2853 874 obsedit
2895 820 3090 893 Bruge,
3133 838 3425 896 quousque

1835 906 2118 961 castellum
2163 907 2435 963 redditum
2465 918 2549 965 est
2573 910 2643 965 ei.
2673 911 2738 966 Et
2767 909 3037 969 Robertus
3066 914 3133 970 de
3177 913 3421 973 Belesme

1836 998 2208 1070 gemebundus
2236 1000 2292 1056 in
2326 1000 2717 1058 Normanniam
2746 1005 3018 1076 migravit.
3046 1006 3251 1063 Eodem
3275 1025 3422 1065 anno

1834 1092 1899 1146 ad
1923 1091 2122 1148 festum
2146 1094 2320 1149 sancti
2365 1093 2644 1151 Michaelis
2675 1098 2850 1151 tenuit
2877 1097 3170 1155 Anselmus
3231 1100 3419 1157 archi-

1833 1184 2124 1255 episcopus
2145 1186 2437 1242 concilium
2461 1188 2602 1258 apud
2617 1188 2989 1258 Lundoniam;
3020 1190 3075 1245 in
3100 1208 3211 1262 quo
3233 1194 3422 1264 prohi.

1831 1275 1952 1331 buit
1981 1292 2181 1333 uxores
2214 1278 2590 1335 sacerdotibus
2617 1278 2917 1351 Anglorum
2964 1291 3125 1337 antea
3154 1299 3266 1338 non
3297 1301 3421 1355 pro-

1833 1370 2054 1427 hibitas.
2087 1370 2219 1444 (1b.)
2250 1371 2406 1439 Quod
2432 1373 2761 1443 quibusdam
2784 1375 3206 1433 mundissimum
3239 1379 3420 1435 visum

1832 1472 1935 1530 est,
1967 1464 2295 1535 quibusdam
2350 1458 2740 1539 periculosum.
2794 1467 2892 1537 Ne,
2951 1471 3082 1525 dum
3113 1472 3423 1529 mundieias

1828 1556 2040 1614 viribus
2090 1558 2324 1629 majores
2356 1568 2689 1630 appeterent,
2730 1560 2785 1616 in
2830 1563 3216 1620 immundicias
3242 1565 3425 1621 horri-

169 1638 412 1700 Henrirus
438 1644 613 1698 ﬁlium
638 1659 831 1712 unum,
854 1641 1075 1698 nomine
1091 1642 1454 1709 Willermum,
1477 1649 1531 1696 et
1563 1641 1731 1696 ﬁliam
1822 1646 1970 1702 biles
1996 1648 2063 1703 ad
2105 1648 2390 1704 christiani
2421 1651 2660 1707 nominis
2706 1667 2981 1707 summum
3017 1653 3255 1709 dedecus
3282 1655 3421 1711 inci--

172 1752 345 1803 unam,
388 1736 533 1791 sicut
568 1735 809 1804 nomine,
843 1735 918 1790 ita
957 1736 1244 1792 honestate
1287 1744 1517 1792 matrem
1547 1750 1733 1807 repre:
1833 1739 2046 1795 derent.
2104 1739 2162 1795 ln
2194 1724 2291 1796 illo.
2337 1751 2519 1798 autem
2569 1743 2801 1799 concilio
2851 1745 3005 1799 multi
3037 1745 3280 1812 abbates,
3326 1745 3421 1816 qui

169 1839 467 1886 sectantem.
498 1828 655 1887 Hanc
675 1831 911 1903 denique
927 1831 1193 1903 virginem
1213 1818 1306 1886 vix
1321 1830 1730 1903 quinquennem
1763 1817 1806 1876 Β
1831 1831 2244 1901 adquisiverant
2266 1833 2516 1889 ahbatias
2544 1835 2689 1890 sicut
2713 1834 2856 1891 Deus
2893 1835 3088 1903 noluit,
3117 1836 3418 1891 amiserunt

169 1919 413 1977 Henricus
454 1932 689 1994 quartus
718 1922 1015 1993 imperator
1059 1921 1430 1978 Romanorum
1464 1930 1732 1994 angustus
1826 1938 1926 1979 eas
1961 1924 2105 1979 sicut
2140 1920 2283 1980 Deus
2331 1925 2523 1980 voluit.
2559 1925 2791 1999 (Sxeem)
2844 1925 3085 1981 Roberto
3118 1925 3417 1982 Flandren-

169 2011 214 2066 in
240 2011 516 2084 conjugem
565 2029 667 2084 per
715 2013 1065 2070 honorabiles
1099 2014 1306 2085 legatos
1345 2013 1650 2085 requisivit,
1672 2005 1735 2069 et
1831 2014 1976 2068 sium
2006 2015 2206 2069 comite
2233 2015 2425 2070 urbem
2449 2016 2806 2072 Cameracum
2828 2016 3130 2083 obsidente,
3150 2015 3420 2073 Henricus

171 2122 372 2163 uxorem
400 2109 631 2181 accepit.
660 2108 857 2181 (Henr.
885 2109 1009 2181 vn.)
1036 2110 1205 2181 Capta
1244 2110 1379 2166 urbe
1405 2108 1729 2177 Jerusalem,
1831 2105 2132 2177 imperator
2184 2117 2376 2163 contra
2432 2123 2559 2164 eum
2611 2109 3003 2179 proﬁciscitur,
3057 2118 3114 2164 et
3145 2109 3421 2181 aliquibus

170 2207 221 2252 ut
240 2199 485 2267 diximus,
521 2210 579 2256 et
614 2201 821 2273 ingenti
871 2202 1044 2273 prelio
1076 2211 1267 2272 postea
1296 2201 1590 2256 rictoriose
1633 2216 1731 2271 pa-
1831 2198 1951 2268 ejus
1966 2199 2205 2255 castellis
2229 2201 2575 2273 expugnatis,
2624 2201 2915 2272 asperitate
2939 2202 3197 2257 instantis
3220 2202 3417 2257 hiemis

169 2298 292 2345 trato
337 2301 526 2347 contra
584 2293 888 2350 exercitum
932 2293 1169 2348 amiralii
1224 2291 1536 2360 Bahilonie,
1571 2292 1733 2349 rediit
1831 2291 2009 2347 redire
2041 2293 2404 2363 compellitur.
2436 2291 2754 2365 (Funerum)
2791 2292 3020 2351 Occisus
3049 2302 3136 2350 est
3181 2292 3417 2364 Stepha—

169 2377 412 2436 Robertus
440 2381 552 2441 dux
592 2383 649 2437 in
678 2381 1070 2439 Normanniam
1120 2399 1308 2440 mense
1346 2383 1632 2456 Augusto,
1678 2392 1732 2440 et
1832 2399 1937 2437 nus
1991 2398 2177 2440 comes
2240 2385 2516 2442 Blesensis
2576 2386 2662 2441 15.
2696 2376 2967 2443 Kalendas
3014 2386 3244 2459 Augusti
3273 2386 3419 2456 apud

169 2486 275 2526 cum
305 2471 477 2528 letieia
528 2483 822 2546 susceptus
860 2484 945 2531 est
965 2476 1035 2531 ab
1057 2475 1207 2530 omni
1232 2476 1452 2546 populo.
1488 2473 1730 2532 Thomas
1831 2473 2141 2531 Ramul'am.
2184 2476 2434 2534 Mortuus
2460 2486 2545 2535 est
2573 2488 2628 2535 et
2651 2477 2809 2552 Hugo
2829 2479 3058 2551 Magnus
3099 2480 3245 2551 apud
3277 2478 3419 2534 Tar-

170 2559 501 2622 Eboraeensis
549 2569 1018 2640 archiepiscopus,
1056 2569 1138 2623 vir
1174 2569 1376 2641 ingenii
1407 2568 1651 2626 florentis
1678 2580 1731 2627 et
1832 2584 1983 2636 sum;
2020 2578 2074 2624 et
2099 2570 2364 2627 successit
2392 2571 2441 2626 ei
2469 2569 2739 2628 Rodulfus
2763 2572 2908 2628 ﬁlius
2931 2573 3070 2642 ejus.

169 2652 414 2714 Musarum
436 2677 467 2716 a
495 2661 742 2729 secretis,
775 2661 1089 2717 hominibus
1117 2677 1379 2732 apparere
1417 2662 1598 2719 desiit.
1625 2662 1729 2718 Cui
1834 2659 1991 2716 “03.
2369 2663 2458 2718 47.
2820 2665 2911 2720 45.-
2942 2684 2949 2693 σ
3291 2665 3346 2719 Ξῖ.

169 2752 405 2807 successit
427 2751 698 2810 Girardus
723 2762 915 2810 cantor
938 2752 1420 2826 Rothomagensis.
1904 2751 2102 2827 (Hum.
2126 2755 2249 2827 vn.)
2290 2754 2562 2812 Rohertus
2619 2757 2730 2811 dux
2779 2754 3223 2812 Normannorum
3273 2756 3419 2811 venit

197 2840 333 2898 liOl.
403 2843 671 2900 Henricus
701 2847 789 2901 45.
868 2845 1151 2917 Philippus
1174 2847 1261 2900 41.
1341 2845 1605 2901 Henricus
1637 2843 1689 2902 ι.
1828 2844 1886 2899 in
1916 2844 2187 2916 Angliam,
2210 2855 2263 2899 et
2283 2844 2464 2900 causis
2484 2845 2652 2900 variis
2679 2844 3161 2910 intercedentibus,
3185 2852 3241 2899 et
3263 2852 3423 2900 cauta

228 2933 345 3007 (1b.)
372 2935 646 2994 Henricus
677 2953 770 2993 rex
818 2937 1144 3011 Anglorum,
1172 2955 1297 2994 cum
1322 2938 1388 2994 ad
1420 2939 1600 2994 natale
1645 2947 1727 2994 te-
1832 2937 1975 3008 regis
2007 2938 2294 3008 prudentia
2346 2937 2676 2993 condonavit
2704 2938 2754 2993 ei
2788 2937 2930 2992 3000
2975 2938 3230 2992 marcbas
3281 2952 3422 3007 quas

170 3022 352 3083 nuisset
375 3031 587 3087 curiam
614 3048 771 3088 suam
812 3032 957 3103 apud
981 3032 1310 3101 Wcmoster,
1336 3042 1390 3090 et
1413 3034 1479 3089 ad
1524 3035 1728 3104 pascha
1831 3046 1928 3084 rex
1954 3030 2187 3085 debebat
2229 3031 2277 3084 ei
2322 3045 2417 3101 per
2457 3045 2684 3084 annum.
2743 3028 2949 3084 Eodem
2979 3044 3126 3085 anno
3160 3028 3315 3084 risus
3337 3037 3424 3085 est.

170 3119 291 3186 apud
330 3120 695 3191 Winceastre',
750 3124 1011 3181 commoti
1067 3134 1196 3181 sunt
1224 3125 1496 3196 principes
1533 3125 1726 3197 Anglic
1749 3168 1795 3224 Ο
1830 3121 2060 3192 sanguis
2089 3121 2318 3176 ebullire
2354 3136 2385 3175 a
2433 3128 2578 3176 terra
2632 3120 2687 3175 in
2728 3119 2998 3193 Besehyrc
3045 3120 3191 3190 apud
3225 3119 3423 3176 Hams-

169 3220 280 3279 (ἔτεα
303 3226 496 3284 regem,
528 3230 701 3277 causa
733 3214 917 3272 fratris
946 3216 1031 3272 sui
1073 3215 1297 3271 Roberti
1331 3232 1456 3272 cum
1480 3217 1724 3271 exercitu
1755 3209 1795 3224 “”
1828 3212 1975 3266 tude.
2011 3209 2241 3287 (Suam)
2269 3211 2543 3266 Robertus
2568 3226 2753 3268 comes
2771 3210 3189 3268 Flandrensium
3219 3213 3273 3266 in
3297 3228 3424 3284 gra-

170 3301 492 3364 advenientis.
523 3305 862 3381 Misitigitur
890 3324 986 3365 rex
1018 3309 1073 3364 in
1093 3324 1246 3365 mare
1276 3309 1468 3365 navale
1489 3310 1723 3380 prelium
1829 3304 1961 3358 tiam
1992 3303 2339 3374 imperatoris
2374 3304 2652 3374 recipitur.
2694 3304 3013 3376 (Faenum)
3054 3304 3225 3377 Capta
3260 3315 3346 3361 est
3389 3322 3421 3360 ι

170 3406 389 3467 gesturos
430 3411 624 3457 contra
668 3401 856 3459 fratris
880 3403 965 3459 sui
1012 3403 1335 3471 adventum;
1366 3402 1461 3459 sed
1489 3401 1724 3474 quedam
1826 3394 2145 3451 christianis
2188 3394 2320 3450 urbs
2350 3394 2595 3461 Aechon,
2646 3410 2754 3466 que
2803 3396 3109 3466 antiquitus
3137 3396 3423 3451 dicebatur

171 3502 277 3558 pars
295 3508 472 3549 eorum
502 3496 749 3551 subdidit
776 3512 835 3551 se
861 3494 1100 3551 Roberto
1128 3495 1387 3551 venienti.
1425 3494 1563 3550 Cum
1592 3510 1724 3566 ergo

1835 3484 2225 3554 Ptholomaida,
2274 3502 2438 3558 quam
2486 3487 2709 3557 quidam
2752 3495 2947 3557 putant
2990 3502 3115 3542 esse
3150 3487 3417 3555 Acearon,
3511 3514 3522 3527 -

1827 3580 1924 3636 sed
1974 3594 2085 3633 non
2113 3586 2214 3635 est.
2250 3577 2344 3633 llla
2392 3578 2541 3633 enim
2570 3576 2865 3645 Philistea;
2905 3579 3008 3634 ista
3038 3594 3167 3633 vero
3195 3578 3421 3634 Ptbolo-

1825 3675 2007 3730 mai-.la
2057 3674 2278 3730 dicitur.
2343 3675 2593 3732 Accaron
2638 3674 2772 3730 urbs
2800 3683 2885 3730 est
2912 3672 3192 3742 Philistea,
3245 3690 3418 3746 prope

1771 3766 1775 3770 ’
1824 3766 2179 3834 Ascalonem;
2223 3764 2406 3822 Aceon
2463 3781 2615 3833 vero,
2663 3765 2718 3820 id
2775 3774 2861 3821 est
2913 3764 3317 3831 Ptholomaida,
3348 3765 3420 3821 ab

1822 3865 2014 3912 austro
2037 3856 2200 3911 habet
2221 3856 2457 3911 Carmeli
2479 3866 2739 3912 montem.
2767 3856 3121 3912 Boamuudus
3136 3871 3423 3912 commeu-o

1824 3947 1971 4004 davit
2009 3948 2375 4019 principatum
2423 3948 2710 4003 Antiochie
2748 3947 3031 4004 Tancredo
3072 3949 3255 4018 nepoti
3290 3964 3416 4015 suo,

1824 4046 1879 4094 et
1904 4038 2022 4109 ipse
2050 4037 2326 4109 navigavit
2351 4037 2408 4091 in
2446 4037 2720 4108 Apuliam,
2748 4038 2943 4094 deinde
2971 4037 3121 4093 venit
3154 4038 3208 4092 in
3247 4036 3420 4092 Fran-

1825 4131 1987 4185 eiam.
2021 4121 2361 4185 Ebremadus
2388 4130 2654 4186 successit
2684 4129 2941 4186 Daiberto
2970 4131 3151 4201 primo
3180 4130 3420 4201 patriar-

1822 4224 1927 4279 chc
1942 4222 2269 4280 Jerusalem.

174 3583 435 3650 appulisset
456 3587 603 3658 apud
630 3586 1012 3645 Portesmuthe
1034 3599 1160 3645 ante
1179 3587 1450 3645 Kalendas
1468 3589 1722 3660 Augusti,

175 3681 220 3726 et
243 3689 325 3729 rex
371 3679 614 3736 tenderet
655 3689 847 3737 contra
876 3697 1002 3759 eum
1055 3695 1178 3735 cum
1223 3680 1479 3737 maximis
1507 3681 1721 3752 c0piis:

170 3765 414 3839 principes
447 3772 709 3844 utrinque
737 3772 967 3828 fratrum
992 3773 1193 3844 bellum
1217 3787 1326 3828 non
1366 3773 1723 3844 perferentes;

176 3861 431 3919 concordie
454 3841 781 3920 {edas—inter
800 3866 921 3921 illos
952 3841 1264 3920 statnerunt
1284 3881 1350 3920 eo
1367 3841 1554 3937 pacto,
1579 3866 1723 3938 quod

177 3945 412 4011 Robertus
440 3972 775 4028 unoquoque
796 3973 942 4014 anno
969 3956 1110 4013 5000
1133 3973 1351 4014 marcas
1383 3958 1592 4029 argenti
1622 3959 1722 4014 ba-

175 4038 304 4098 beret
325 4046 390 4101 ab
437 4046 655 4120 Anglia,
686 4057 739 4103 et
770 4048 864 4120 qui
894 4047 1102 4104 diutius
1136 4048 1364 4117 viveret,
1391 4049 1551 4105 heres
1582 4058 1728 4106 esset

177 4131 392 4204 alterius,
417 4139 462 4194 si
484 4141 624 4196 alter
657 4141 865 4212 absque
896 4141 1008 4198 ﬁlio
1034 4150 1360 4198 moreretur.
1397 4140 1513 4198 Hoc
1542 4151 1725 4198 autem

174 4223 458 4293 juraverunt
485 4232 773 4289 duodecim
810 4234 1105 4291 eximiores
1123 4250 1413 4306 procerum
1446 4234 1722 4306 utrinque.

180 4314 416 4380 Robertus
455 4325 624 4397 igitur
650 4326 703 4380 in
738 4342 872 4396 pace
906 4327 1286 4397 perendinavit
1312 4343 1485 4398 usque
1520 4327 1589 4383 ad
1646 4318 1727 4382 fe;

178 4415 298 4464 stum
318 4416 481 4470 sancti
500 4414 782 4473 Michaelis
810 4418 866 4472 in
894 4433 1063 4491 regno
1090 4417 1275 4474 fratris
1303 4418 1410 4486 sui,
1436 4428 1490 4474 et
1512 4418 1579 4473 ad
1600 4432 1729 4488 pro-

1828 4318 1990 4372 1104.
2312 4315 2405 4372 48.
2806 4318 2896 4373 ti.
3168 4318 3183 4387 ς
3290 4317 3347 4371 4.

1900 4407 2123 4480 (ﬂuam)
2167 4407 2435 4466 Henricus
2486 4426 2583 4466 rex
2628 4411 2961 4482 Anglorum,
2992 4420 3045 4466 et
3078 4409 3249 4467 frater
3285 4425 3421 4468 suus

179 4498 276 4566 pria
326 4506 495 4563 rediit,
530 4507 839 4565 Rannulfus
872 4518 1054 4566 autem
1101 4525 1393 4581 pel-versus
1433 4509 1725 4580 episcopus
1757 4522 1801 4578 ι)
1827 4499 2101 4556 Robertus
2138 4502 2249 4558 dux
2283 4500 2711 4571 Normauorum,
2743 4504 2927 4559 causis
2958 4503 3420 4560 intercedentibus

181 4585 447 4669 Dunelmie,
479 4617 643 4673 quem
676 4618 770 4658 rex
798 4601 1355 4682 Henricusposuerat
1382 4603 1439 4659 in
1466 4604 1724 4672 vinculis,

181 4686 381 4744 concilio
414 4694 589 4762 gentis
616 4693 937 4767 Anglorum,
975 4712 1101 4751 cum
1132 4712 1163 4751 a
1190 4711 1409 4753 carcere
1442 4696 1725 4764 evasisset,

183 4775 500 4841 elamdestine
527 4794 844 4856 perrexerat
873 4786 929 4841 in
958 4785 1372 4855 Normanniam,
1412 4787 1644 4842 consilio
1677 4795 1731 4843 et

184 4868 537 4935 ammonitione
571 4896 670 4959 sua
715 4879 1014 4936 Robertum
1049 4880 1243 4936 ducem
1289 4895 1619 4950 promovens
1674 4880 1730 4935 in

186 4960 376 5024 fratrem
404 4989 581 5029 suum.
618 4972 848 5046 (Sicera)
877 4972 1165 5029 Conradus
1193 4972 1339 5029 ﬁlius
1372 4971 1591 5029 Henrici
1630 4974 1732 5029 im-

186 5059 439 5129 peratoris,
482 5062 661 5118 adhuc
697 5062 840 5133 patri
884 5061 1122 5129 rebellis,
1170 5061 1225 5116 in
1273 5061 1427 5118 Italia
1475 5063 1727 5118 moritur.

188 5142 421 5217 Henricus
435 5154 730 5224 imperator
748 5152 1044 5209 Henricum
1062 5152 1523 5226 Lemburgensem
1541 5154 1734 5210 adver-

190 5249 370 5297 santem
418 5244 519 5301 sibi
559 5245 813 5313 debellat,
847 5253 902 5301 et
929 5245 1258 5316 expugnatis
1307 5246 1427 5317 ejus
1460 5246 1700 5302 castellis

191 5342 295 5384 eum
332 5334 393 5389 ad
428 5336 763 5393 dedieionem
794 5338 972 5409 cogit;
1005 5337 1100 5393 sed
1152 5337 1450 5408 imperator
1478 5338 1529 5394 ei
1562 5339 1731 5394 multa

142 5450 143 5453 η
192 5434 376 5509 summa
423 5430 649 5499 gratiam
698 5446 853 5485 suam
895 5429 1204 5509 redimepti,
1256 5431 1420 5486 etiam
1475 5430 1733 5486 ducatum

194 5504 507 5590 Lotharingie
535 5521 585 5576 ei
607 5520 796 5588 donat,
823 5529 878 5576 et
907 5520 988 5577 sie
1007 5504 1381 5592 paciﬁcantur.
1415 5521 1706 5594 (Funcnsn.

196 5598 339 5672 Capta
358 5618 436 5665 est
462 5612 588 5668 urbs
616 5610 849 5668 Cesarca
876 5629 907 5668 a
942 5613 1275 5670 christianis.

230 5691 363 5753 “02.
707 5704 797 5760 46.
1193 5706 1284 5762 42.
1639 5707 1692 5762 2.

262 5785 435 5857 (illm.
462 5797 578 5867 vn.)
636 5794 904 5852 Henricus
952 5814 1048 5854 rex
1106 5797 1406 5869 Anglorum
1461 5798 1732 5870 quendam

368 5920 373 5927 .
452 5888 713 5952 Punon.
753 5888 934 5955 CLX.

1829 4593 2123 4650 diseordati
2160 4605 2305 4655 sunt.
2336 4595 2483 4651 Misit
2525 4596 2690 4668 igitur
2716 4610 2811 4650 rex
2833 4595 3036 4652 milites
3069 4596 3125 4651 in
3147 4594 3422 4651 Norman—

1829 4688 2000 4755 niam,
2035 4688 2190 4759 quia
2237 4688 2607 4759 proditoribus
2652 4686 2810 4743 ducis
2859 4688 3083 4758 recepti,
3119 4687 3318 4758 praedis
3366 4696 3424 4745 et

1828 4780 2304 4837 combustionibus
2339 4796 2449 4836 non
2474 4779 2758 4835 minimam
2789 4778 3000 4835 cladem
3025 4780 3190 4835 rebus
3217 4795 3424 4836 consu-

1829 4872 2038 4928 laribus
2060 4873 2424 4944 ingesserunt.
2451 4871 2768 4928 Willermus
2798 4887 2930 4928 vero
2950 4872 3143 4928 consul
3168 4870 3423 4928 Moretuil

1831 4980 2001 5021 causa
2036 4966 2263 5036 perﬁdic
2307 4967 2377 5021 ab
2427 4966 2622 5038 Anglia
2664 4966 3094 5034 exhereditatus,
3124 4982 3157 5022 a
3210 4980 3339 5038 rege
3365 4965 3422 5020 in

1830 5054 2225 5112 Normanniam
2255 5056 2561 5126 discedens,
2586 5058 2770 5114 animo
2797 5056 3040 5129 perfecto
3066 5065 3122 5112 et
3152 5055 3423 5112 exereicio

1834 5146 2064 5203 ferventi
2094 5147 2181 5201 vir
2225 5146 2590 5217 probissimus
2624 5147 2822 5212 indixit
2845 5158 2899 5203 et
2924 5148 3102 5203 inﬁxit
3141 5144 3421 5215 regalibus

1835 5239 2031 5295 turmis
2056 5255 2289 5294 werram
2330 5239 2641 5295 calamitate
2696 5239 2974 5295 refertam.
3034 5239 3419 5309 Apparuerunt

1834 5334 1979 5391 circa
2009 5335 2177 5390 solem
2206 5332 2261 5388 in
2303 5333 2531 5390 meridie
2572 5341 2809 5405 quatuor
2826 5332 3019 5388 circuli
3059 5330 3169 5386 albi
3191 5325 3397 5383 coloris

1831 5425 1913 5482 rei
1935 5426 2151 5498 signum
2178 5434 2449 5497 venture,

1838 5518 1993 5575 1105.
2317 5519 2407 5575 49.
2802 5516 2893 5572 45.
3286 5508 3345 5567 Β.

1906 5611 2039 5685 (1b.)
2070 5610 2340 5668 Henricus
2361 5627 2455 5667 rex
2485 5612 2785 5683 Anglorum
2812 5607 3052 5680 perrexit
3074 5607 3129 5661 in
3148 5603 3422 5662 Nerman-

1834 5706 1981 5761 niam
2011 5713 2202 5771 contra
2248 5705 2471 5760 fratrem
2496 5719 2658 5760 suum
2708 5709 3017 5758 certaturus
3044 5717 3057 5752 :
3083 5695 3421 5768 conquisivit

1834 5801 2001 5874 igitur
2021 5799 2325 5856 Cadomum
2356 5800 2609 5871 pecunia,
2640 5795 2903 5868 Bajocum
2934 5793 3107 5849 armis
3130 5799 3186 5847 et
3213 5790 3416 5846 auxilio

3060 5885 3139 5950 14
