3934 6316
544 301 656 359 427
1134 235 1139 239 ’
1192 291 1202 295 -
1725 272 2089 336 SIGEBERTI
2129 234 2658 330 GEMBLACENSIS
2930 259 2941 270 '
3702 270 3790 326 us

686 421 1034 467 nouauonuu,
1182 415 1516 460 rnsuconuu.
1668 410 1971 450 ANGLORUM.
2165 392 2215 451 Α
2243 388 2387 445 Rufo
2413 404 2646 461 regnum
2670 386 2861 460 Anglic
2879 429 2893 456 ,
2932 385 3077 443 unde
3114 396 3170 443 et
3195 386 3478 458 epistolam
3510 386 3578 444 de
3606 403 3668 444 eo
3688 405 3792 462 rege

545 505 800 569 Fulconis
828 500 1075 559 consulis
1094 494 1521 568 Andcgavcnsis.
1553 488 1708 559 Cepit
1735 500 1963 557 quoque
1979 484 2165 554 plura,
2241 481 2623 536 constituendo
2669 496 2765 550 per
2830 480 3063 549 eundem
3099 480 3251 535 misit
3296 479 3604 535 Lanfranco
3639 483 3791 537 ιιι-ςιιί.

544 603 649 658 alia
672 607 853 655 castra
872 638 887 664 ,
925 602 981 650 et
1009 606 1201 648 omnes
1229 588 1343 644 fere
1366 583 1639 657 principes
1665 575 2000 634 Normannie
2022 573 2137 643 regi
2238 574 2422 644 episeo
2450 593 2464 628 :
2488 571 2761 627 Henricus
2782 586 2908 627 cum
2943 572 3279 642 lacrimis,ad
3313 581 3521 642 patrem
3545 572 3675 628 dixit
3700 572 3789 627 :Er

543 712 603 753 se
627 661 939 750 subdidere.
964 686 1063 741 His
1095 685 1256 750 actis,
1281 695 1471 736 mense
1491 680 1739 748 Augusto
1763 670 1923 727 rediit
1947 669 2003 722 in
2025 666 2138 721 An-
2238 665 2391 731 mihi,
2421 675 2592 735 pater,
2621 664 2750 736 quid
2768 663 2958 718 tribuis
2975 664 3001 718 .9
3022 661 3124 718 Cui
3148 679 3244 717 rex
3269 663 3346 717 ait
3370 682 3383 718 :
3411 661 3646 734 Quinque
3667 663 3792 718 milia

543 789 730 860 gliam.
761 780 993 855 (Susum)
1055 775 1422 834 Jerosolimite
1473 764 1925 839 innumerabilem
1973 775 2134 832 paga-
2236 757 2401 811 libras
2430 757 2638 829 argenti
2675 757 2737 811 de
2770 757 3016 810 thesauro
3054 772 3167 810 meo
3197 754 3295 809 tibi
3318 756 3407 809 do.
3437 755 3521 809 Ad
3544 756 3639 810 hec
3675 754 3792 812 Hen-

541 847 742 932 iiorum
767 847 1195 926 ‘multitudinem
1252 863 1493 936 gloriosa
1549 855 1778 914 victoria
1824 860 2132 908 conterunt.
2235 848 2385 904 ricus
2410 850 2569 904 dixit.
2596 848 2741 915 Quid
2768 849 2967 919 faciam
3003 849 3069 903 de
3106 848 3373 919 thesauro,
3396 849 3445 901 si
3465 847 3635 901 locum
3664 850 3792 903 habi-

542 966 720 1022 Filius
772 958 1120 1032 imperatoris
1151 954 1371 1011 Henrici
1423 968 1455 1007 a
1487 960 1641 1023 patre
1683 960 1932 1011 aversus,
1964 956 2135 1013 quos-
2239 942 2460 995 tationis
2518 958 2619 994 non
2666 939 3057 996 habuero?Cui
3106 949 3307 1011 pater:
3346 939 3659 1011 Equam'mis
3683 949 3789 1007 esto,

544 1075 761 1131 cunque
791 1038 972 1129 potest
1001 1055 1070 1110 ab
1091 1068 1157 1109 eo
1198 1048 1413 1115 avertit,
1464 1052 1520 1101 et
1552 1042 1656 1099 sub
1699 1041 1921 1096 obtentu
1948 1034 2132 1091 melim
2237 1034 2341 1104 ﬁli,
2378 1043 2427 1088 et
2450 1033 2754 1104 confortare
2779 1034 2834 1087 in
2858 1032 3107 1088 Domino.
3138 1032 3374 1102 Paciﬁco
3399 1041 3601 1103 patere,
3628 1043 3679 1085 ut
3705 1050 3794 1086 M-

543 1122 715 1209 rantlc
762 1122 843 1207 rei
889 1149 1107 1221 publice
1150 1153 1206 1200 et
1246 1137 1606 1198 restaurande
1653 1132 1883 1190 ecclesie
1914 1130 1970 1184 in
2009 1142 2137 1184 eum
2228 1126 2374 1196 jores
2404 1125 2596 1195 fratres
2621 1125 2699 1179 tui
2721 1124 3003 1197 precedent
3031 1124 3099 1179 te.
3131 1123 3388 1179 Robertus
3417 1122 3793 1193 Nomanniam,

545 1245 801 1317 insurgit.
891 1216 909 1221 —
2239 1217 2551 1273 Willermus
2602 1234 2720 1273 vero
2762 1218 2932 1271 totius
2977 1216 3169 1288 Anglic
3196 1216 3565 1271 monarchiam
3598 1216 3792 1289 habebit.

548 1309 1025 1403 1106."Heuricus
1062 1332 1151 1389 50.
1232 1327 1514 1398 Philippus
1539 1322 1628 1378 46.
1708 1317 1971 1374 Henricus
1997 1315 2027 1369 Ι
2052 1314 2104 1370 6.
2242 1310 2319 1365 Tu
2368 1320 2546 1365 autem
2586 1319 2814 1381 tempore
2860 1320 2950 1364 tuo
2982 1318 3174 1364 totum
3227 1309 3503 1375 honorent,
3538 1327 3683 1381 quem
3724 1325 3794 1381 ego

620 1428 821 1502 (Hum.
857 1427 978 1497 vn.)
1016 1425 1290 1480 Robcrtus
1333 1420 1444 1476 dux
1498 1413 1943 1471 Normaunorum
1991 1405 2141 1461 venit
2240 1415 2427 1460 nactus
2464 1422 2606 1473 sum,
2643 1405 2889 1470 habebis;
2918 1414 2967 1459 et
2991 1405 3251 1476 fratribus
3285 1405 3391 1458 tuis
3418 1404 3626 1457 diuitiis
3662 1412 3706 1456 et
3730 1419 3799 1471 po-

547 1493 638 1578 ad‘
664 1537 848 1594 regem
883 1493 1181 1575 He'nricum
1234 1513 1460 1568 fratrem
1493 1523 1675 1574 suum,
1701 1502 1845 1574 apud
1884 1499 2138 1555 Norhan-
2203 1584 2208 1593 γ
2241 1508 2430 1553 testate
2475 1498 2776 1570 prwstabis.
2812 1496 3042 1570 (Sinam)
3085 1496 3293 1565 Quarto
3335 1495 3527 1552 Nonas
3554 1493 3797 1549 Februarii

545 1619 699 1679 tune,
726 1584 1089 1666 amicabiliter
1119 1606 1188 1660 ab
1216 1619 1280 1660 eo
1330 1609 1522 1673 petens
1552 1605 1613 1652 ut
1666 1595 1845 1650 ablata
1894 1589 1999 1646 sibi
2028 1587 2139 1643 fra—
2203 1584 2208 1593 ’
2241 1590 2396 1647 stella
2420 1607 2517 1662 per
2540 1591 2683 1646 diem
2708 1591 2825 1646 visa
2850 1599 2934 1646 est
2966 1591 3021 1646 in
3047 1590 3187 1658 celo,
3218 1590 3450 1661 longum
3485 1603 3556 1643 ex
3584 1603 3641 1642 se
3665 1587 3798 1640 crnit-

548 1677 704 1760 tcrna
737 1701 990 1757 redderet
1034 1697 1229 1770 gratia.
1261 1695 1398 1750 Cum
1428 1708 1558 1747 vero
1586 1687 1731 1744 Deus
1775 1698 1967 1741 eorum
2003 1697 2137 1736 cou—
2172 1716 2217 1770 -_
2244 1691 2364 1740 tens
2402 1682 2640 1749 radium,
2672 1682 2741 1737 ab
2787 1682 2924 1738 hora
2953 1684 3008 1737 5.
3041 1697 3219 1753 usque
3252 1681 3321 1736 ad
3361 1682 3564 1736 horam
3593 1680 3645 1746 9,
3672 1677 3800 1749 quasi

550 1748 704 1760 πη...
739 1748 989 1757 ηπ----
1035 1748 1227 1770 om---"
1275 1748 1285 1750 ἡ
1318 1748 1325 1749 κ
2627 1748 2633 1749 ,
3127 1748 3145 1753 _
3690 1748 3701 1749 ,

549 1795 731 1851 eordie
779 1808 890 1847 non
943 1790 1269 1854 assentiret,
1300 1778 1616 1842 dux'iratus
1643 1777 1885 1851 perrexit
1911 1775 1965 1830 in
2002 1771 2141 1827 Nor-
2173 1748 2217 1808 Β
2245 1777 2428 1832 cubito
2472 1776 2683 1831 distans
2716 1792 2746 1830 a
2790 1775 2925 1831 sole.
2978 1773 3248 1830 Henricus
3299 1774 3449 1829 filius
3494 1771 3799 1843 imperatoris

548 1880 866 1944 manniam:
902 1893 955 1938 et
983 1900 1077 1937 rex
1119 1892 1245 1936 ante
1273 1880 1581 1951 Augustum
1617 1880 1841 1930 secutus
1878 1878 1962 1925 est
1989 1882 2136 1924 eum.
2246 1879 2435 1925 contra
2456 1868 2549 1939 jus
2579 1874 2772 1922 nature
2793 1879 2853 1931 et,
2874 1864 2957 1921 fas
2980 1866 3160 1937 legum
3194 1865 3249 1919 in
3278 1871 3497 1935 patrem
3525 1863 3798 1931 insurgens,

546 1980 683 2044 Cum
734 1993 864 2051 ergo
920 1994 1015 2033 rex
1058 1975 1364 2032 obsedisset
1413 1978 1656 2027 castrum
1713 1960 2141 2029 Tenerchebrai,
2246 1980 2411 2036 quam
2444 1962 2664 2036 indigne
2690 1978 2817 2018 eum
2849 1961 3188 2026 tractaverit,
3238 1959 3489 2015 declarat
3518 1956 3801 2027 epistolae:

546 2072 693 2128 venit
737 2048 846 2127 dux
897 2069 1376 2147 Normannorum,
1425 2072 1481 2120 et
1508 2078 1636 2119 cum
1671 2076 1736 2116 eo
1768 2058 2040 2113 Roberlus
2076 2054 2143 2110 de
2246 2071 2340 2117 ore
2363 2059 2534 2131 ipsius
2558 2057 2727 2129 patris
2762 2056 2965 2126 scripta
2993 2055 3059 2110 ad
3090 2052 3407 2124 Philippum
3449 2066 3631 2123 regem
3659 2048 3799 2103 Fran-

547 2164 814 2232 Belesme,
841 2170 896 2219 et
943 2146 1136 2219 consul
1183 2160 1250 2215 de
1280 2157 1550 2223 Moretuil,
1595 2164 1649 2211 et
1675 2168 1866 2209 omnes
1900 2150 2145 2205 fautores
2245 2165 2458 2209 corum.
2508 2150 2847 2221 imperatore
2895 2146 3130 2203 Henrico
3172 2153 3429 2201 morante
3482 2142 3665 2210 Leodi,
3691 2140 3802 2196 ﬁlius

544 2256 692 2328 ejus.
725 2255 841 2326 Rex
865 2270 995 2311 vero
1044 2268 1232 2310 secum
1263 2265 1456 2307 omnes
1496 2261 1748 2319 proceres
1788 2240 2141 2308 Normannie,
2245 2246 2366 2318 ejus
2391 2245 2802 2316 Aquisgranum
2838 2241 3007 2308 venit,
3037 2248 3091 2296 et
3119 2239 3311 2294 volens
3356 2236 3553 2292 venire
3581 2234 3801 2289 Leodium

547 2345 808 2403 etfrobur
833 2346 1027 2423 Anglic
1051 2354 1106 2400 et
1139 2341 1450 2414 Andegavis
1478 2347 1532 2395 et
1564 2337 1881 2404 Britannic,
1911 2350 2019 2390 non
2056 2333 2142 2400 iu-
2245 2346 2438 2394 contra
2486 2345 2696 2407 patrem
2739 2351 2926 2402 suum,
2956 2333 3148 2404 quinta
3201 2332 3338 2388 feria
3378 2329 3655 2384 dominice
3679 2342 3800 2394 ceae,

545 2437 808 2508 providus
833 2420 1085 2512 habebat.
1120 2434 1290 2507 Igitur
1311 2449 1437 2489 cum
1466 2445 1672 2487 cornua
1695 2444 1863 2485 rauco
1887 2426 2147 2496 strepuis-
2245 2431 2495 2503 premisit
2527 2446 2659 2485 suos
2707 2443 3078 2500 preoceupare
3105 2435 3330 2498 pontem
3362 2423 3514 2495 apud
3549 2420 3801 2484 Wisatum,

548 2537 670 2584 seut
696 2540 883 2609 cantu,
914 2527 1026 2582 dux
1062 2525 1396 2581 Normannie
1429 2539 1556 2579 cum
1588 2522 1780 2593 paucis
1809 2521 2011 2575 multos
2047 2535 2145 2573 au-
2247 2542 2316 2609 nnc
2358 2516 2485 2597 quis
2512 2525 2616 2581 sibi
2642 2524 2882 2579 venienti
2917 2524 3182 2579 obstaret,
3220 2520 3326 2577 sed
3371 2517 3641 2575 militibus
3666 2515 3801 2589 panis

549 2619 846 2701 dacissime
874 2634 1166 2690 aggressus
1199 2628 1301 2673 est.
1339 2616 1720 2685 Assuetusque
1742 2612 1898 2668 bellis
1926 2609 2146 2667 Jeroso-
2247 2592 2706 2674 cuncurremibus
2752 2616 2821 2671 ad
2857 2614 3308 2686 cxoccupandum
3361 2622 3611 2684 pontem,
3642 2608 3802 2664 milites

548 2711 841 2789 limitanis,
888 2712 1061 2766 aciem
1101 2709 1343 2795 regalem
1375 2707 1589 2762 fortiter
1616 2713 1670 2760 et
1700 2704 1941 2771 horride,
1980 2713 2040 2759 ut
2064 2703 2147 2758 vir
2247 2708 2345 2793 ﬁlii
2370 2726 2401 2764 a
2429 2719 2594 2781 ponte
2637 2705 2997 2779 repelluntur,
3025 2706 3150 2762 aliis
3179 2720 3372 2761 eorum
3404 2704 3605 2775 captis,
3639 2700 3801 2756 aliisin

552 2804 873 2861 admirande
895 2812 951 2859 et
973 2794 1294 2873 jamdudum
1314 2796 2146 2871 probateprobitatis,audacter
2248 2787 2461 2857 Mosam
2496 2800 2772 2868 dimcrsiS,
2821 2799 2954 2855 aliis
3030 2796 3262 2866 occisis;
3301 2797 3449 2853 inter
3485 2811 3624 2868 quos
3673 2793 3801 2849 etiam

518 2897 808 2968 reppulit.
864 2895 1181 2951 Willermus
1237 2908 1457 2965 quoque
1502 2890 1698 2947 consul
1745 2889 1813 2945 de
1858 2888 2147 2945 Moretolio
2249 2893 2435 2950 Bruno
2466 2909 2654 2950 comes
2682 2892 2902 2948 occisus
2931 2901 3033 2948 ρει,
3071 2889 3163 2946 sic
3194 2890 3339 2946 ﬁlius
3378 2896 3582 2945 εοῃιη
3632 2895 3801 2966 “arma

551 2989 727 3045 aciem
775 2988 1079 3060 Anglorum
1108 2987 1175 3042 de
1206 2986 1328 3041 loco
1366 2985 1422 3039 in
1453 2983 1637 3039 locum
1664 2981 1896 3036 turbans
1926 2993 2146 3051 promo—
2252 2984 2498 3052 veniens,
2529 2982 2692 3040 rediit
2718 2981 3004 3056 inglorius.
3035 2979 3462 3038 Coloniensibus
3494 2956 3803 3046 fidem'impe-

461 3076 468 3084 ’
500 3138 505 3141 ν
550 3088 649 3142 vit.
680 3083 836 3141 Tunc
861 3083 1010 3139 acies
1029 3080 1300 3152 equestris
1328 3078 1887 3159 Britannorum—rex
1910 3087 2146 3145 namque
2174 3095 2220 3160 ο
2250 3075 2419 3132 ratori
2466 3077 2837 3144 servantibus,
2888 3084 2944 3131 at
2980 3090 3175 3130 eorum
3218 3072 3644 3144 archiepiscopo
3667 3069 3801 3125 ﬁlium

551 3187 607 3234 et
640 3177 753 3234 dux
782 3183 837 3231 et
873 3174 1017 3231 acies
1043 3184 1221 3229 cetere
1260 3172 1470 3243 pedites
1499 3179 1686 3235 erant,
1716 3177 1776 3224 ut
1803 3166 2149 3224 constantius
2191 3158 2217 3160 ί
2252 3168 2600 3239 imperatoris
2635 3175 2831 3223 contra
2859 3175 3071 3237 patrem
3096 3180 3257 3222 suum
3283 3165 3589 3228 animante,
3616 3158 3801 3216 Colonis

558 3277 868 3342 pugnarent
914 3297 986 3305 —
1018 3265 1191 3321 aciem
1238 3264 1396 3320 ducis
1447 3279 1515 3327 ex
1568 3262 1799 3339 adverso
1854 3274 2146 3331 proruens,
2251 3260 2478 3317 obsessa
2529 3266 2896 3329 oppugnatur,
2931 3255 3027 3312 sed
3080 3271 3191 3310 non
3245 3261 3615 3325 expugnatur.
3669 3248 3804 3319 igitur

507 3430 511 3434 μ
553 3337 739 3420 subito
770 3360 989 3429 diilidit;
1029 3369 1083 3416 et
1132 3358 1275 3415 mole
1320 3356 1713 3439 magnitudinis
1742 3356 1797 3410 in
1832 3355 1987 3411 brevi
2014 3355 2149 3411 satis
2252 3349 2522 3427 Henricus
2551 3351 2848 3420 imperator
2873 3346 3045 3403 Leodi
3078 3346 3333 3413 moritur,
3366 3344 3602 3415 ejusque
3622 3337 3802 3396 filiusei

554 3455 734 3526 spatio
765 3470 898 3526 gens
934 3452 1091 3509 ducis
1120 3432 1405 3523 oppressa,
1439 3436 1707 3505 dissoluta
1757 3457 1843 3503 est
1881 3456 1934 3503 et
1981 3447 2145 3502 vieta.
2251 3439 2521 3502 Henricus
2549 3442 2824 3510 succedit;
2847 3441 2939 3512 qui
2972 3448 3161 3511 postea
3189 3439 3347 3495 duxit
3367 3437 3661 3492 Maltildem
3681 3432 3797 3504 puel~

552 3523 688 3615 Slira
728 3523 845 3605 res!
875 3547 964 3604 cui
989 3556 1143 3618 pater
1169 3545 1291 3617 ejus
1313 3543 1692 3610 maledixerat,
1724 3550 1778 3597 et
1805 3540 1899 3612 qui
1921 3552 2149 3614 regnum
2250 3538 2359 3592 lam
2389 3535 2648 3600 nobilem,
2674 3533 2762 3589 vix
2811 3534 3219 3603 quinquennem
3240 3571 3255 3597 ,
3283 3529 3432 3601 regis
3466 3526 3677 3601 chrici
3714 3523 3802 3576 An~

550 3612 855 3705 Jerusalem
898 3611 1178 3706 rea-uerat,
1198 3611 1429 3693 vdurare
1481 3650 1592 3691 non
1636 3611 1836 3706 potuit.
1878 3611 2150 3689 Rohertus
2252 3628 2465 3700 glorum
2494 3625 2683 3680 tiliam.
2710 3624 2831 3677 Dux
2858 3622 3149 3689 Henricus,
3180 3620 3275 3694 qui
3304 3621 3375 3676 ab
3405 3621 3721 3691 imperatore
3753 3611 3803 3666 ad

552 3750 685 3792 vero
719 3735 795 3790 de‘
833 3732 1079 3791 Belcsme
1113 3731 1277 3788 simul
1309 3730 1414 3785 hoc
1451 3727 1683 3799 aspexit,
1720 3725 1847 3797 fuga
1883 3725 1986 3781 sibi
2018 3739 2149 3780 con-
2252 3721 2425 3776 lilium
2474 3716 2594 3789 ejus
2641 3718 2827 3772 animo
2856 3717 3168 3782 transiens,
3219 3728 3347 3770 eum
3404 3721 3599 3769 contra
3634 3718 3803 3781 patrem

553 3828 744 3885 suluit.
769 3827 978 3898 Captus
1004 3833 1091 3882 est
1113 3825 1279 3896 igitur
1305 3822 1418 3877 dux
1447 3819 1783 3875 fortissimus
1804 3817 2146 3895 Normanno-
2253 3830 2414 3870 suum
2443 3813 2675 3869 consilio
2701 3828 2803 3867 suo
2825 3811 3079 3878 armavit,
3108 3818 3162 3866 et
3190 3826 3222 3864 a
3248 3808 3361 3864 filio
3393 3809 3466 3863 ad
3505 3812 3700 3877 patrem
3736 3814 3805 3854 re-

500 3988 505 3995 _
551 3936 701 3987 rum,
733 3929 788 3975 et
821 3917 1015 3974 consul
1048 3915 1116 3972 de
1161 3914 1435 3971 Moretuil.
1487 3910 1847 3983 Reddiditque
1883 3909 2149 3967 Dominus
2251 3908 2428 3989 dieus,
2461 3914 2643 3978 partes
2668 3905 2764 3960 ﬁlii
2789 3903 3079 3961 debellavit
3106 3923 3119 3957 :
3159 3910 3377 3958 mortuo
3409 3902 3806 3971 imperatore,se

548 4013 725 4068 vicem
761 4010 887 4065 duci
917 4008 1185 4075 Roberto;
1218 4006 1348 4078 quia
1378 4021 1506 4062 cum
1534 4004 1835 4076 gloriosum
1878 4002 2147 4059 reddidis-
2251 4013 2313 4059 ut
2353 4018 2513 4058 reum
2534 4001 2603 4059 “9
2633 3999 2941 4071 majestatis
2969 3997 3081 4053 filio
3112 3997 3257 4067 regis
3288 3995 3537 4050 dedidit:
3582 4000 3632 4046 et
3658 3989 3717 4044 ab
3755 4000 3806 4039 eo

553 4112 638 4161 set
674 4119 802 4158 cum
848 4102 904 4155 in
947 4101 1160 4156 actibus
1211 4097 1693 4165 .lerosolimitanis,
1728 4111 1954 4168 regnum
1991 4094 2150 4152 Jeru-
2251 4105 2443 4171 captus
2469 4094 2717 4151 custodic
2746 4092 2999 4148 traditur.
3018 4089 3097 4145 De
3117 4105 3227 4160 qua
3250 4089 3368 4158 ipsc
3397 4102 3501 4157 per
3524 4079 3803 4139 industriam

553 4195 726 4252 salem
757 4192 863 4249 sihi
907 4192 1148 4247 oblatum
1193 4190 1406 4256 renuit,
1430 4180 1626 4260 magis
1660 4188 1867 4260 eligens
1891 4188 2062 4259 quieti
2094 4196 2149 4244 et
2252 4169 2411 4249 suam
2443 4182 2637 4255 evasit,
2667 4187 2899 4242 ducatus
2933 4197 3065 4239 vero
3106 4182 3227 4252 ejus
3250 4181 3412 4236 datus
3438 4187 3529 4235 est
3555 4169 3804 4233 Godcfrido

551 4283 759 4353 desidie
785 4284 841 4338 in
863 4281 1197 4338 Normannia
1224 4281 1499 4338 deservire
1521 4298 1685 4352 quam
1706 4281 1938 4337 Domino
1957 4297 2148 4354 regum
2251 4282 2676 4339 Lovaniensium
2710 4279 2916 4336 comiti.

522 4378 625 4465 ﬁin
658 4388 845 4433 sancta
882 4377 1102 4433 civitate
1141 4376 1429 4432 desudare.
1473 4374 1799 4445 Dampnavit
1818 4375 1994 4449 igitur
2019 4391 2142 4430 eum
2175 4443 2224 4465 ἢ
2322 4374 2482 4430 1107.
2904 4372 2954 4426 1.
3282 4366 3373 4422 47.
3679 4360 3722 4412 7.

515 4450 820 4559 ¹ξέῐΜιιιίηιιδ
850 4468 1059 4526 desidia
1117 4467 1382 4540 perhenni
1415 4476 1470 4525 et
1512 4483 1733 4524 carcere
1785 4446 2140 4539 sempiterno.
2171 4443 2224 4503 θ
2328 4469 2526 4545 (Huu'r.
2552 4473 2675 4541 vn.)
2706 4465 2974 4523 Henricus
2992 4480 3086 4519 rex
3110 4461 3439 4535 Anglorum,
3470 4473 3616 4521 cum,
3649 4448 3803 4508 deletis

528 4543 728 4648 illujus
762 4564 841 4621 rei
878 4563 1097 4635 signum
1139 4562 1192 4617 in
1220 4562 1412 4618 eodem
1454 4576 1600 4617 anno
1635 4568 1846 4617 cometa
1876 4575 2141 4632 apparue-
2252 4543 2344 4621 vel
2374 4563 2635 4635 subjectis
2667 4557 3364 4626 hostibus,Normanniam
3396 4568 3501 4625 pro
3526 4550 3674 4606 libitu
3713 4543 3799 4599 dis-

536 4635 657 4723 Erat.
685 4655 814 4713 Vise
837 4667 967 4712 sunt
985 4656 1151 4712 etiam
1180 4655 1232 4710 in
1261 4670 1397 4711 cena
1429 4652 1647 4709 Domini
1677 4654 1783 4709 due
1810 4653 2140 4724 lune'plene,
2250 4658 2547 4730 posuisset,
2580 4655 2741 4710 rediit
2777 4655 2830 4708 in
2860 4651 3143 4724 Angliam;
3177 4650 3518 4718 fratremque
3549 4654 3697 4698 suum
3721 4635 3800 4690 da—

555 4765 661 4803 una
697 4751 766 4805 ad
791 4749 1057 4805 orientem
1101 4756 1157 4803 et
1185 4747 1291 4802 alia
1336 4744 1407 4801 ad
1432 4744 1793 4801 occidentem.
1833 4741 1983 4816 (0rd.
2014 4742 2138 4799 Vrr.
2252 4767 2371 4807 cem
2402 4747 2777 4820 magniﬁcum,
2802 4754 2859 4801 et
2901 4744 3183 4800 consulem
3207 4743 3275 4797 de
3315 4737 3567 4795 Moretuil
3590 4739 3800 4789 carcer!-

551 4861 649 4911 vu,
686 4844 838 4913 659.)
865 4843 980 4900 Hoc
1023 4860 1169 4898 anno
1200 4840 1482 4912 impletum
1518 4846 1603 4895 est
1646 4838 1793 4909 quod
1824 4835 2143 4892 Willermus
2251 4844 2396 4900 libus
2445 4841 2672 4913 ingessit
2704 4838 2959 4895 tenebris.
2998 4836 3165 4909 Igitur
3214 4833 3568 4895 victoriosus,
3622 4834 3671 4879 et
3702 4830 3802 4875 tunc

552 4951 669 5002 rex,
707 4935 882 5005 pridie
933 4950 1098 5006 quam
1146 4911 1475 4998 moreretur,
1531 4931 1743 4995 dixerat
1770 4928 1890 4984 ﬁlio
1918 4943 2022 4985 suo
2055 4928 2143 5000 ju-
2248 4936 2487 5007 primum
2513 4911 2615 4989 i-cx
2662 4929 3041 4997 τοι-ιίε,ιθιιιιίι
3092 4928 3301 4984 cui-iam
3353 4939 3515 4981 suam
3548 4921 3611 4975 ad
3636 4911 3800 4985 paseln

552 5027 698 5083 niori
741 5024 996 5094 Henrico,
1046 5027 1114 5081 de
1137 5040 1248 5097 quo
1290 5026 1345 5081 in
1387 5023 1627 5096 presenti
1657 5021 1956 5093 loquimur.
2005 5020 2144 5076 Cum
2251 5006 2394 5099 apud
2424 5027 2830 5093 Winlesliores;
2860 5025 3050 5096 inqua
3085 5036 3344 5093 proceres
3371 5017 3567 5089 Anglic
3594 5006 3799 5069 simulet

549 5119 697 5175 enim
735 5133 830 5173 rex
873 5117 1290 5190 potentissimus
1323 5118 1615 5173 thesauros
1646 5129 1777 5170 suos
1816 5111 2063 5182 ecclesiis
2091 5121 2146 5168 et
2185 5180 2191 5185 _
2249 5119 2584 5177 Normaunie
2607 5136 2733 5176 cum
2763 5118 2960 5173 umore
2988 5126 3042 5172 ei
3065 5124 3304 5171 tremore
3333 5111 3624 5168 affuerunt.
3658 5102 3797 5155 Antea

549 5214 883 5286 pauperibus
911 5213 1123 5269 dandos
1150 5221 1277 5267 ante
1307 5227 1366 5268 se
1396 5227 1427 5266 a
1453 5208 1687 5269 notariis
1707 5207 2018 5264 describere
2062 5204 2145 5260 fa—
2250 5230 2518 5285 namque,
2561 5222 2617 5269 ct
2651 5215 2794 5286 dum
2819 5211 3039 5284 juvenis
3086 5208 3283 5264 fuisset
3321 5214 3376 5260 et
3420 5211 3695 5275 postquam
3722 5203 3796 5246 re!

550 5284 718 5375 ceret,
742 5317 804 5364 'et
841 5308 989 5364 clero
1020 5304 1359 5362 Medantensi
1386 5303 1614 5373 supplex
1644 5301 1884 5371 ingentia
1914 5315 2141 5355 munera
2252 5284 2450 5372 fuerat,
2471 5305 2527 5360 in
2553 5284 2792 5361 maximo
2805 5303 3110 5360 habebatur
3131 5300 3389 5369 despectu
3408 5314 3420 5363 ;
3441 5292 3537 5350 sed
3551 5286 3795 5344 Dominus,

550 5400 966 5464 transmitteret,
1014 5405 1074 5451 ut
1103 5397 1227 5451 inde
1275 5369 1727 5483 restaurarentur
1751 5392 1979 5448 ecclesie
2003 5407 2142 5462 quas
2251 5397 2344 5467 qui
2402 5369 2561 5468 longe
2605 5395 2763 5450 aliter
2798 5395 3011 5466 iudicat
3032 5406 3200 5463 quam
3250 5387 3347 5443 lilii
3392 5383 3693 5442 hominum,
3720 5369 3794 5442 qui

551 5490 1004 5557 conbuxerat;ct
1033 5487 1274 5547 Roberto
1307 5474 1672 5559 primogenita
1713 5485 1972 5541 ducatum
2002 5482 2142 5539 Nor-
2180 5471 2184 5474 ’
2249 5489 2456 5544 exultat
2499 5487 2734 5543 humiles
2780 5497 2834 5541 et
2886 5485 3145 5557 deprimit
3211 5487 3489 5554 potentes,
3537 5471 3792 5559 Robertlllll

551 5582 793 5648 mannie,
833 5583 961 5639 licet
1008 5582 1241 5651 absenti,
1293 5546 1625 5653 designaret,
1667 5578 1955 5635 Willermo
2009 5594 2155 5635 vero.
2250 5580 2498 5637 omnium
2528 5563 2737 5634 'favore
2782 5546 3496 5643 celebrirrimuin-deposuit
3521 5574 3575 5620 et
3609 5546 3795 5615 Henl'ici

1845 5669 2081 5728 VARIAE
2121 5670 2530 5729 LECTIONES.

622 5765 694 5800 ⁸³⁸
728 5781 908 5829 rerum
943 5767 1005 5825 E.
