  <div class='ocr_page' id='page_1' title='image "/cluster/home/n/w/nwhite01/storage/ocr_20150623/160/hvd.32044015473846/218.png"; bbox 0 0 3934 6316; ppageno 0'>
   <div class='ocr_carea' id='block_1_1' title="bbox 192 274 285 331">
    <p class='ocr_par' dir='ltr' id='par_1_1' title="bbox 192 274 285 331">
     <span class='ocr_line' id='line_1_1' title="bbox 192 274 285 331; baseline 0 -2"><span class='ocrx_word' id='word_1_1' title='bbox 192 274 285 331; x_wconf 61' lang='lat'><strong>4&amp;9</strong></span> 
     </span>
    </p>
   </div>
   <div class='ocr_carea' id='block_1_2' title="bbox 315 401 1588 447">
    <p class='ocr_par' dir='ltr' id='par_1_2' title="bbox 315 401 1588 447">
     <span class='ocr_line' id='line_1_2' title="bbox 315 401 1588 447; baseline -0.002 -3"><span class='ocrx_word' id='word_1_2' title='bbox 315 401 655 447; x_wconf 64' lang='grc' dir='ltr'><strong>ιοΙΑκθιει.</strong></span> <span class='ocrx_word' id='word_1_3' title='bbox 800 401 1139 444; x_wconf 65' lang='lat' dir='ltr'><strong>FRANCORUH.</strong></span> <span class='ocrx_word' id='word_1_4' title='bbox 1289 403 1588 445; x_wconf 59' lang='grc' dir='ltr'><strong>Ακϐιοηεκε</strong></span> 
     </span>
    </p>
   </div>
   <div class='ocr_carea' id='block_1_3' title="bbox 186 479 1750 556">
    <p class='ocr_par' dir='ltr' id='par_1_3' title="bbox 186 479 1750 556">
     <span class='ocr_line' id='line_1_3' title="bbox 186 479 1750 556; baseline -0.002 -20"><span class='ocrx_word' id='word_1_5' title='bbox 186 483 406 552; x_wconf 74' lang='lat' dir='ltr'><strong>despecti</strong></span> <span class='ocrx_word' id='word_1_6' title='bbox 440 481 643 536; x_wconf 83' lang='lat' dir='ltr'><strong>famam</strong></span> <span class='ocrx_word' id='word_1_7' title='bbox 671 490 769 550; x_wconf 81' lang='lat' dir='ltr'><strong>per</strong></span> <span class='ocrx_word' id='word_1_8' title='bbox 800 479 991 556; x_wconf 81' lang='lat' dir='ltr'><strong>orbem</strong></span> <span class='ocrx_word' id='word_1_9' title='bbox 1021 490 1291 536; x_wconf 88' lang='lat' dir='ltr'><strong>terrarum</strong></span> <span class='ocrx_word' id='word_1_10' title='bbox 1322 481 1620 536; x_wconf 90' lang='lat' dir='ltr'><strong>clarescere</strong></span> <span class='ocrx_word' id='word_1_11' title='bbox 1654 494 1750 533; x_wconf 83' lang='lat' dir='ltr'><strong>vo-</strong></span> 
     </span>
    </p>
   </div>
   <div class='ocr_carea' id='block_1_4' title="bbox 186 572 1749 644">
    <p class='ocr_par' dir='ltr' id='par_1_4' title="bbox 186 572 1749 644">
     <span class='ocr_line' id='line_1_4' title="bbox 186 572 1749 644; baseline -0.003 -13"><span class='ocrx_word' id='word_1_12' title='bbox 186 575 293 631; x_wconf 93' lang='lat' dir='ltr'><strong>luit.</strong></span> <span class='ocrx_word' id='word_1_13' title='bbox 346 573 611 644; x_wconf 85' lang='lat' dir='ltr'><strong>Deditque</strong></span> <span class='ocrx_word' id='word_1_14' title='bbox 653 572 823 644; x_wconf 88' lang='lat' dir='ltr'><strong>gratis</strong></span> <span class='ocrx_word' id='word_1_15' title='bbox 851 573 901 627; x_wconf 92' lang='lat' dir='ltr'><strong>ei</strong></span> <span class='ocrx_word' id='word_1_16' title='bbox 945 572 1049 627; x_wconf 91' lang='lat' dir='ltr'><strong>tria</strong></span> <span class='ocrx_word' id='word_1_17' title='bbox 1095 572 1362 628; x_wconf 84' lang='lat' dir='ltr'><strong>Dominus</strong></span> <span class='ocrx_word' id='word_1_18' title='bbox 1404 572 1749 642; x_wconf 91' lang='lat' dir='ltr'><strong>omnipotens</strong></span> 
     </span>
    </p>
   </div>
   <div class='ocr_carea' id='block_1_5' title="bbox 184 663 1748 737">
    <p class='ocr_par' dir='ltr' id='par_1_5' title="bbox 184 663 1748 737">
     <span class='ocr_line' id='line_1_5' title="bbox 184 663 1748 737; baseline -0.003 -15"><span class='ocrx_word' id='word_1_19' title='bbox 184 682 417 729; x_wconf 85' lang='lat' dir='ltr'><strong>munera,</strong></span> <span class='ocrx_word' id='word_1_20' title='bbox 441 667 798 737; x_wconf 78' lang='lat' dir='ltr'><strong>sapientiam,</strong></span> <span class='ocrx_word' id='word_1_21' title='bbox 825 666 1132 731; x_wconf 78' lang='lat' dir='ltr'><strong>victoriam,</strong></span> <span class='ocrx_word' id='word_1_22' title='bbox 1162 665 1421 730; x_wconf 74' lang='lat' dir='ltr'><strong>divitias;</strong></span> <span class='ocrx_word' id='word_1_23' title='bbox 1453 664 1653 735; x_wconf 83' lang='lat' dir='ltr'><strong>quibus</strong></span> <span class='ocrx_word' id='word_1_24' title='bbox 1678 663 1748 718; x_wconf 88' lang='lat' dir='ltr'><strong>ad</strong></span> 
     </span>
    </p>
   </div>
   <div class='ocr_carea' id='block_1_6' title="bbox 185 757 1753 827">
    <p class='ocr_par' dir='ltr' id='par_1_6' title="bbox 185 757 1753 827">
     <span class='ocr_line' id='line_1_6' title="bbox 185 757 1753 827; baseline -0.002 -15"><span class='ocrx_word' id='word_1_25' title='bbox 185 757 349 812; x_wconf 79' lang='lat' dir='ltr'><strong>omnia</strong></span> <span class='ocrx_word' id='word_1_26' title='bbox 376 768 730 827; x_wconf 85' lang='lat' dir='ltr'><strong>prosperans,</strong></span> <span class='ocrx_word' id='word_1_27' title='bbox 758 772 950 813; x_wconf 88' lang='lat' dir='ltr'><strong>omnes</strong></span> <span class='ocrx_word' id='word_1_28' title='bbox 975 772 1107 813; x_wconf 89' lang='lat' dir='ltr'><strong>suos</strong></span> <span class='ocrx_word' id='word_1_29' title='bbox 1138 765 1516 813; x_wconf 86' lang='lat' dir='ltr'><strong>antecessores</strong></span> <span class='ocrx_word' id='word_1_30' title='bbox 1542 770 1753 825; x_wconf 87' lang='lat' dir='ltr'><strong>preces-</strong></span> 
     </span>
    </p>
   </div>
   <div class='ocr_carea' id='block_1_7' title="bbox 183 842 1751 924">
    <p class='ocr_par' dir='ltr' id='par_1_7' title="bbox 183 842 1751 924">
     <span class='ocr_line' id='line_1_7' title="bbox 183 842 1751 924; baseline -0.001 -21"><span class='ocrx_word' id='word_1_31' title='bbox 183 850 265 904; x_wconf 87' lang='lat' dir='ltr'><strong>sit.</strong></span> <span class='ocrx_word' id='word_1_32' title='bbox 291 842 454 924; x_wconf 74' lang='lat' dir='ltr'><strong>Cujus</strong></span> <span class='ocrx_word' id='word_1_33' title='bbox 484 849 749 905; x_wconf 78' lang='lat' dir='ltr'><strong>bonitatis</strong></span> <span class='ocrx_word' id='word_1_34' title='bbox 788 857 844 905; x_wconf 92' lang='lat' dir='ltr'><strong>et</strong></span> <span class='ocrx_word' id='word_1_35' title='bbox 872 849 1344 922; x_wconf 78' lang='lat' dir='ltr'><strong>magnanimitatis</strong></span> <span class='ocrx_word' id='word_1_36' title='bbox 1370 848 1513 904; x_wconf 83' lang='lat' dir='ltr'><strong>fama</strong></span> <span class='ocrx_word' id='word_1_37' title='bbox 1542 849 1597 904; x_wconf 90' lang='lat' dir='ltr'><strong>in</strong></span> <span class='ocrx_word' id='word_1_38' title='bbox 1630 863 1751 903; x_wconf 88' lang='lat' dir='ltr'><strong>om-</strong></span> 
     </span>
    </p>
   </div>
   <div class='ocr_carea' id='block_1_8' title="bbox 183 936 1750 1013">
    <p class='ocr_par' dir='ltr' id='par_1_8' title="bbox 183 936 1750 1013">
     <span class='ocr_line' id='line_1_8' title="bbox 183 936 1750 1013; baseline -0.003 -17"><span class='ocrx_word' id='word_1_39' title='bbox 183 941 329 997; x_wconf 89' lang='lat' dir='ltr'><strong>nibus</strong></span> <span class='ocrx_word' id='word_1_40' title='bbox 356 956 493 1011; x_wconf 87' lang='lat' dir='ltr'><strong>pene</strong></span> <span class='ocrx_word' id='word_1_41' title='bbox 513 942 768 1013; x_wconf 84' lang='lat' dir='ltr'><strong>gentibus</strong></span> <span class='ocrx_word' id='word_1_42' title='bbox 792 943 971 1013; x_wconf 87' lang='lat' dir='ltr'><strong>patuit</strong></span> <span class='ocrx_word' id='word_1_43' title='bbox 992 942 1237 997; x_wconf 84' lang='lat' dir='ltr'><strong>dilatata.</strong></span> <span class='ocrx_word' id='word_1_44' title='bbox 1280 936 1428 996; x_wconf 83' lang='lat' dir='ltr'><strong>Obiit</strong></span> <span class='ocrx_word' id='word_1_45' title='bbox 1452 939 1750 994; x_wconf 80' lang='lat' dir='ltr'><strong>Mauricius</strong></span> 
     </span>
    </p>
   </div>
   <div class='ocr_carea' id='block_1_9' title="bbox 140 1029 1750 1105">
    <p class='ocr_par' dir='ltr' id='par_1_9' title="bbox 140 1029 1750 1105">
     <span class='ocr_line' id='line_1_9' title="bbox 140 1029 1750 1105; baseline -0.005 -12"><span class='ocrx_word' id='word_1_46' title='bbox 140 1090 143 1093; x_wconf 89' lang='lat'><strong>.</strong></span> <span class='ocrx_word' id='word_1_47' title='bbox 182 1034 408 1104; x_wconf 89' lang='lat' dir='ltr'><strong>inceptor</strong></span> <span class='ocrx_word' id='word_1_48' title='bbox 432 1034 835 1089; x_wconf 86' lang='lat' dir='ltr'><strong>Londonieusis</strong></span> <span class='ocrx_word' id='word_1_49' title='bbox 854 1034 1106 1102; x_wconf 88' lang='lat' dir='ltr'><strong>eeclesie,</strong></span> <span class='ocrx_word' id='word_1_50' title='bbox 1134 1043 1189 1090; x_wconf 91' lang='lat' dir='ltr'><strong>et</strong></span> <span class='ocrx_word' id='word_1_51' title='bbox 1221 1033 1468 1105; x_wconf 89' lang='lat' dir='ltr'><strong>Edgarus</strong></span> <span class='ocrx_word' id='word_1_52' title='bbox 1493 1048 1587 1088; x_wconf 89' lang='lat' dir='ltr'><strong>rex</strong></span> <span class='ocrx_word' id='word_1_53' title='bbox 1614 1029 1750 1087; x_wconf 89' lang='lat' dir='ltr'><strong>Sco-</strong></span> 
     </span>
    </p>
   </div>
   <div class='ocr_carea' id='block_1_10' title="bbox 183 1114 1748 1192">
    <p class='ocr_par' dir='ltr' id='par_1_10' title="bbox 183 1114 1748 1192">
     <span class='ocr_line' id='line_1_10' title="bbox 183 1114 1748 1192; baseline -0.004 -12"><span class='ocrx_word' id='word_1_54' title='bbox 183 1124 261 1190; x_wconf 90' lang='lat' dir='ltr'><strong>tie,</strong></span> <span class='ocrx_word' id='word_1_55' title='bbox 291 1124 373 1178; x_wconf 91' lang='lat' dir='ltr'><strong>cui</strong></span> <span class='ocrx_word' id='word_1_56' title='bbox 426 1125 691 1180; x_wconf 89' lang='lat' dir='ltr'><strong>successit</strong></span> <span class='ocrx_word' id='word_1_57' title='bbox 735 1114 1045 1180; x_wconf 70' lang='lat' dir='ltr'><strong>Alexander</strong></span> <span class='ocrx_word' id='word_1_58' title='bbox 1074 1123 1243 1180; x_wconf 90' lang='lat' dir='ltr'><strong>frater</strong></span> <span class='ocrx_word' id='word_1_59' title='bbox 1285 1138 1748 1192; x_wconf 82' lang='lat' dir='ltr'><strong>suus,.concessa</strong></span> 
     </span>
    </p>
   </div>
   <div class='ocr_carea' id='block_1_11' title="bbox 181 1214 1748 1289">
    <p class='ocr_par' dir='ltr' id='par_1_11' title="bbox 181 1214 1748 1289">
     <span class='ocr_line' id='line_1_11' title="bbox 181 1214 1748 1289; baseline 0.004 -20"><span class='ocrx_word' id='word_1_60' title='bbox 181 1217 310 1287; x_wconf 84' lang='lat' dir='ltr'><strong>regis</strong></span> <span class='ocrx_word' id='word_1_61' title='bbox 336 1215 576 1273; x_wconf 82' lang='lat' dir='ltr'><strong>Henrici.</strong></span> <span class='ocrx_word' id='word_1_62' title='bbox 603 1214 833 1289; x_wconf 69' lang='lat'><strong>($1688.)</strong></span> <span class='ocrx_word' id='word_1_63' title='bbox 862 1217 1215 1273; x_wconf 76' lang='lat' dir='ltr'><strong>Boamunzlus</strong></span> <span class='ocrx_word' id='word_1_64' title='bbox 1245 1218 1506 1275; x_wconf 75' lang='lat' dir='ltr'><strong>remeavit</strong></span> <span class='ocrx_word' id='word_1_65' title='bbox 1534 1220 1600 1275; x_wconf 90' lang='lat' dir='ltr'><strong>de</strong></span> <span class='ocrx_word' id='word_1_66' title='bbox 1623 1220 1748 1276; x_wconf 82' lang='lat' dir='ltr'><strong>Gal-</strong></span> 
     </span>
    </p>
   </div>
   <div class='ocr_carea' id='block_1_12' title="bbox 180 1308 1749 1383">
    <p class='ocr_par' dir='ltr' id='par_1_12' title="bbox 180 1308 1749 1383">
     <span class='ocr_line' id='line_1_12' title="bbox 180 1308 1749 1383; baseline 0.003 -18"><span class='ocrx_word' id='word_1_67' title='bbox 180 1308 242 1366; x_wconf 76' lang='lat' dir='ltr'><strong>lia</strong></span> <span class='ocrx_word' id='word_1_68' title='bbox 264 1310 313 1364; x_wconf 93' lang='lat' dir='ltr'><strong>in</strong></span> <span class='ocrx_word' id='word_1_69' title='bbox 338 1310 588 1381; x_wconf 74' lang='lat' dir='ltr'><strong>Apuliam</strong></span> <span class='ocrx_word' id='word_1_70' title='bbox 612 1326 739 1366; x_wconf 91' lang='lat' dir='ltr'><strong>cum</strong></span> <span class='ocrx_word' id='word_1_71' title='bbox 768 1327 968 1383; x_wconf 87' lang='lat' dir='ltr'><strong>magno</strong></span> <span class='ocrx_word' id='word_1_72' title='bbox 994 1312 1257 1379; x_wconf 83' lang='lat' dir='ltr'><strong>exercitu,</strong></span> <span class='ocrx_word' id='word_1_73' title='bbox 1286 1320 1341 1368; x_wconf 91' lang='lat' dir='ltr'><strong>et</strong></span> <span class='ocrx_word' id='word_1_74' title='bbox 1365 1312 1509 1383; x_wconf 90' lang='lat' dir='ltr'><strong>cepit</strong></span> <span class='ocrx_word' id='word_1_75' title='bbox 1534 1322 1749 1370; x_wconf 88' lang='lat' dir='ltr'><strong>vastare</strong></span> 
     </span>
    </p>
   </div>
   <div class='ocr_carea' id='block_1_13' title="bbox 180 1403 1747 1474">
    <p class='ocr_par' dir='ltr' id='par_1_13' title="bbox 180 1403 1747 1474">
     <span class='ocr_line' id='line_1_13' title="bbox 180 1403 1747 1474; baseline 0.004 -18"><span class='ocrx_word' id='word_1_76' title='bbox 180 1412 360 1459; x_wconf 89' lang='lat' dir='ltr'><strong>terram</strong></span> <span class='ocrx_word' id='word_1_77' title='bbox 388 1403 570 1459; x_wconf 83' lang='lat' dir='ltr'><strong>Alexii</strong></span> <span class='ocrx_word' id='word_1_78' title='bbox 614 1404 963 1474; x_wconf 87' lang='lat' dir='ltr'><strong>imperatoris</strong></span> <span class='ocrx_word' id='word_1_79' title='bbox 987 1404 1309 1460; x_wconf 84' lang='lat' dir='ltr'><strong>Grecorum.</strong></span> <span class='ocrx_word' id='word_1_80' title='bbox 1352 1403 1620 1462; x_wconf 82' lang='lat' dir='ltr'><strong>Henricus</strong></span> <span class='ocrx_word' id='word_1_81' title='bbox 1649 1423 1747 1463; x_wconf 66' lang='lat' dir='ltr'><strong>es-</strong></span> 
     </span>
    </p>
   </div>
   <div class='ocr_carea' id='block_1_14' title="bbox 179 1494 1747 1576">
    <p class='ocr_par' dir='ltr' id='par_1_14' title="bbox 179 1494 1747 1576">
     <span class='ocr_line' id='line_1_14' title="bbox 179 1494 1747 1576; baseline 0.004 -27"><span class='ocrx_word' id='word_1_82' title='bbox 179 1495 275 1551; x_wconf 78' lang='lat' dir='ltr'><strong>dux</strong></span> <span class='ocrx_word' id='word_1_83' title='bbox 314 1494 574 1552; x_wconf 84' lang='lat' dir='ltr'><strong>affectans</strong></span> <span class='ocrx_word' id='word_1_84' title='bbox 609 1504 856 1566; x_wconf 81' lang='lat' dir='ltr'><strong>repetere</strong></span> <span class='ocrx_word' id='word_1_85' title='bbox 899 1494 1181 1564; x_wconf 81' lang='lat' dir='ltr'><strong>ducatum,</strong></span> <span class='ocrx_word' id='word_1_86' title='bbox 1226 1505 1459 1567; x_wconf 87' lang='lat' dir='ltr'><strong>occupat</strong></span> <span class='ocrx_word' id='word_1_87' title='bbox 1486 1499 1747 1576; x_wconf 80' lang='lat' dir='ltr'><strong>oppidum</strong></span> 
     </span>
    </p>
   </div>
   <div class='ocr_carea' id='block_1_15' title="bbox 180 1584 1748 1655">
    <p class='ocr_par' dir='ltr' id='par_1_15' title="bbox 180 1584 1748 1655">
     <span class='ocr_line' id='line_1_15' title="bbox 180 1584 1748 1655; baseline 0.004 -17"><span class='ocrx_word' id='word_1_88' title='bbox 180 1584 486 1655; x_wconf 76' lang='lat' dir='ltr'><strong>Aquisgrani</strong></span> <span class='ocrx_word' id='word_1_89' title='bbox 514 1594 708 1641; x_wconf 87' lang='lat' dir='ltr'><strong>contra</strong></span> <span class='ocrx_word' id='word_1_90' title='bbox 736 1584 1093 1641; x_wconf 86' lang='lat' dir='ltr'><strong>Godcfridum</strong></span> <span class='ocrx_word' id='word_1_91' title='bbox 1120 1585 1337 1642; x_wconf 76' lang='lat' dir='ltr'><strong>ducem.</strong></span> <span class='ocrx_word' id='word_1_92' title='bbox 1358 1585 1473 1643; x_wconf 85' lang='lat' dir='ltr'><strong>Sed</strong></span> <span class='ocrx_word' id='word_1_93' title='bbox 1502 1587 1608 1643; x_wconf 91' lang='lat' dir='ltr'><strong>hoc</strong></span> <span class='ocrx_word' id='word_1_94' title='bbox 1637 1602 1748 1644; x_wconf 86' lang='lat' dir='ltr'><strong>non</strong></span> 
     </span>
    </p>
   </div>
   <div class='ocr_carea' id='block_1_16' title="bbox 177 1666 1747 1750">
    <p class='ocr_par' dir='ltr' id='par_1_16' title="bbox 177 1666 1747 1750">
     <span class='ocr_line' id='line_1_16' title="bbox 177 1666 1747 1750; baseline 0.003 -19"><span class='ocrx_word' id='word_1_95' title='bbox 177 1676 339 1732; x_wconf 85' lang='lat' dir='ltr'><strong>ferens</strong></span> <span class='ocrx_word' id='word_1_96' title='bbox 365 1675 717 1744; x_wconf 81' lang='lat' dir='ltr'><strong>Godefridus,</strong></span> <span class='ocrx_word' id='word_1_97' title='bbox 740 1666 1007 1749; x_wconf 89' lang='lat' dir='ltr'><strong>oppidum</strong></span> <span class='ocrx_word' id='word_1_98' title='bbox 1032 1678 1291 1750; x_wconf 82' lang='lat' dir='ltr'><strong>Aquense</strong></span> <span class='ocrx_word' id='word_1_99' title='bbox 1317 1679 1581 1735; x_wconf 81' lang='lat' dir='ltr'><strong>violenter</strong></span> <span class='ocrx_word' id='word_1_100' title='bbox 1599 1680 1747 1735; x_wconf 88' lang='lat' dir='ltr'><strong>irru-</strong></span> 
     </span>
    </p>
   </div>
   <div class='ocr_carea' id='block_1_17' title="bbox 177 1768 1744 1840">
    <p class='ocr_par' dir='ltr' id='par_1_17' title="bbox 177 1768 1744 1840">
     <span class='ocr_line' id='line_1_17' title="bbox 177 1768 1744 1840; baseline 0.003 -16"><span class='ocrx_word' id='word_1_101' title='bbox 177 1770 269 1840; x_wconf 90' lang='lat' dir='ltr'><strong>pit,</strong></span> <span class='ocrx_word' id='word_1_102' title='bbox 295 1770 597 1840; x_wconf 84' lang='lat' dir='ltr'><strong>eppidanos</strong></span> <span class='ocrx_word' id='word_1_103' title='bbox 624 1786 656 1825; x_wconf 92' lang='lat' dir='ltr'><strong>a</strong></span> <span class='ocrx_word' id='word_1_104' title='bbox 701 1768 890 1827; x_wconf 82' lang='lat' dir='ltr'><strong>favore</strong></span> <span class='ocrx_word' id='word_1_105' title='bbox 931 1769 1153 1827; x_wconf 86' lang='lat' dir='ltr'><strong>Henrici</strong></span> <span class='ocrx_word' id='word_1_106' title='bbox 1196 1771 1425 1828; x_wconf 87' lang='lat' dir='ltr'><strong>exducis</strong></span> <span class='ocrx_word' id='word_1_107' title='bbox 1459 1774 1744 1840; x_wconf 78' lang='lat' dir='ltr'><strong>exterruit,</strong></span> 
     </span>
    </p>
   </div>
   <div class='ocr_carea' id='block_1_18' title="bbox 176 1858 1742 1938">
    <p class='ocr_par' dir='ltr' id='par_1_18' title="bbox 176 1858 1742 1938">
     <span class='ocr_line' id='line_1_18' title="bbox 176 1858 1742 1938; baseline 0.002 -21"><span class='ocrx_word' id='word_1_108' title='bbox 176 1858 366 1933; x_wconf 88' lang='lat' dir='ltr'><strong>aliquos</strong></span> <span class='ocrx_word' id='word_1_109' title='bbox 410 1869 664 1933; x_wconf 85' lang='lat' dir='ltr'><strong>potentes</strong></span> <span class='ocrx_word' id='word_1_110' title='bbox 697 1863 928 1920; x_wconf 87' lang='lat' dir='ltr'><strong>comites</strong></span> <span class='ocrx_word' id='word_1_111' title='bbox 984 1873 1040 1920; x_wconf 90' lang='lat' dir='ltr'><strong>et</strong></span> <span class='ocrx_word' id='word_1_112' title='bbox 1075 1864 1280 1921; x_wconf 91' lang='lat' dir='ltr'><strong>multos</strong></span> <span class='ocrx_word' id='word_1_113' title='bbox 1319 1865 1533 1938; x_wconf 87' lang='lat' dir='ltr'><strong>nobiles</strong></span> <span class='ocrx_word' id='word_1_114' title='bbox 1581 1866 1742 1937; x_wconf 88' lang='lat' dir='ltr'><strong>cepit.</strong></span> 
     </span>
    </p>
   </div>
   <div class='ocr_carea' id='block_1_19' title="bbox 177 1950 1745 2027">
    <p class='ocr_par' dir='ltr' id='par_1_19' title="bbox 177 1950 1745 2027">
     <span class='ocr_line' id='line_1_19' title="bbox 177 1950 1745 2027; baseline 0.003 -21"><span class='ocrx_word' id='word_1_115' title='bbox 177 1951 279 2022; x_wconf 87' lang='lat' dir='ltr'><strong>Ipse</strong></span> <span class='ocrx_word' id='word_1_116' title='bbox 304 1950 570 2010; x_wconf 80' lang='lat' dir='ltr'><strong>Henricus</strong></span> <span class='ocrx_word' id='word_1_117' title='bbox 603 1967 730 2027; x_wconf 78' lang='lat' dir='ltr'><strong>cum</strong></span> <span class='ocrx_word' id='word_1_118' title='bbox 776 1953 906 2009; x_wconf 84' lang='lat' dir='ltr'><strong>ﬁliis</strong></span> <span class='ocrx_word' id='word_1_119' title='bbox 935 1953 1054 2010; x_wconf 89' lang='lat' dir='ltr'><strong>suis</strong></span> <span class='ocrx_word' id='word_1_120' title='bbox 1081 1953 1171 2009; x_wconf 86' lang='lat' dir='ltr'><strong>vix</strong></span> <span class='ocrx_word' id='word_1_121' title='bbox 1211 1952 1341 2026; x_wconf 89' lang='lat' dir='ltr'><strong>fuga</strong></span> <span class='ocrx_word' id='word_1_122' title='bbox 1363 1954 1558 2010; x_wconf 86' lang='lat' dir='ltr'><strong>evasit.</strong></span> <span class='ocrx_word' id='word_1_123' title='bbox 1596 1953 1745 2011; x_wconf 82' lang='lat' dir='ltr'><strong>Uxo-</strong></span> 
     </span>
    </p>
   </div>
   <div class='ocr_carea' id='block_1_20' title="bbox 175 2043 1747 2117">
    <p class='ocr_par' dir='ltr' id='par_1_20' title="bbox 175 2043 1747 2117">
     <span class='ocr_line' id='line_1_20' title="bbox 175 2043 1747 2117; baseline 0.004 -19"><span class='ocrx_word' id='word_1_124' title='bbox 175 2059 274 2099; x_wconf 86' lang='lat' dir='ltr'><strong>rem</strong></span> <span class='ocrx_word' id='word_1_125' title='bbox 299 2043 415 2115; x_wconf 86' lang='lat' dir='ltr'><strong>ejus</strong></span> <span class='ocrx_word' id='word_1_126' title='bbox 464 2058 664 2115; x_wconf 89' lang='lat' dir='ltr'><strong>capere</strong></span> <span class='ocrx_word' id='word_1_127' title='bbox 692 2043 804 2101; x_wconf 90' lang='lat' dir='ltr'><strong>dux</strong></span> <span class='ocrx_word' id='word_1_128' title='bbox 846 2044 1131 2117; x_wconf 88' lang='lat' dir='ltr'><strong>indignum</strong></span> <span class='ocrx_word' id='word_1_129' title='bbox 1171 2046 1346 2102; x_wconf 87' lang='lat' dir='ltr'><strong>duxit.</strong></span> <span class='ocrx_word' id='word_1_130' title='bbox 1403 2045 1647 2105; x_wconf 86' lang='lat' dir='ltr'><strong>Comites</strong></span> <span class='ocrx_word' id='word_1_131' title='bbox 1693 2056 1747 2104; x_wconf 89' lang='lat' dir='ltr'><strong>et</strong></span> 
     </span>
    </p>
   </div>
   <div class='ocr_carea' id='block_1_21' title="bbox 175 2132 1744 2213">
    <p class='ocr_par' dir='ltr' id='par_1_21' title="bbox 175 2132 1744 2213">
     <span class='ocr_line' id='line_1_21' title="bbox 175 2132 1744 2213; baseline 0.004 -25"><span class='ocrx_word' id='word_1_132' title='bbox 175 2132 535 2213; x_wconf 84' lang='lat' dir='ltr'><strong>honoratiores</strong></span> <span class='ocrx_word' id='word_1_133' title='bbox 552 2150 748 2191; x_wconf 90' lang='lat' dir='ltr'><strong>eorum</strong></span> <span class='ocrx_word' id='word_1_134' title='bbox 783 2152 924 2211; x_wconf 86' lang='lat' dir='ltr'><strong>quos</strong></span> <span class='ocrx_word' id='word_1_135' title='bbox 953 2149 1191 2208; x_wconf 83' lang='lat' dir='ltr'><strong>ceperat,</strong></span> <span class='ocrx_word' id='word_1_136' title='bbox 1238 2153 1338 2209; x_wconf 88' lang='lat' dir='ltr'><strong>per</strong></span> <span class='ocrx_word' id='word_1_137' title='bbox 1375 2139 1744 2195; x_wconf 90' lang='lat' dir='ltr'><strong>conditionem</strong></span> 
     </span>
    </p>
   </div>
   <div class='ocr_carea' id='block_1_22' title="bbox 175 2225 1743 2296">
    <p class='ocr_par' dir='ltr' id='par_1_22' title="bbox 175 2225 1743 2296">
     <span class='ocr_line' id='line_1_22' title="bbox 175 2225 1743 2296; baseline 0.003 -17"><span class='ocrx_word' id='word_1_138' title='bbox 175 2225 264 2280; x_wconf 77' lang='lat' dir='ltr'><strong>sub</strong></span> <span class='ocrx_word' id='word_1_139' title='bbox 286 2240 340 2281; x_wconf 87' lang='lat' dir='ltr'><strong>se</strong></span> <span class='ocrx_word' id='word_1_140' title='bbox 366 2225 637 2282; x_wconf 82' lang='lat' dir='ltr'><strong>militandi</strong></span> <span class='ocrx_word' id='word_1_141' title='bbox 660 2225 764 2282; x_wconf 91' lang='lat' dir='ltr'><strong>sibi</strong></span> <span class='ocrx_word' id='word_1_142' title='bbox 794 2226 1133 2296; x_wconf 89' lang='lat' dir='ltr'><strong>conciliatos,</strong></span> <span class='ocrx_word' id='word_1_143' title='bbox 1156 2228 1224 2284; x_wconf 91' lang='lat' dir='ltr'><strong>ad</strong></span> <span class='ocrx_word' id='word_1_144' title='bbox 1246 2227 1559 2284; x_wconf 85' lang='lat' dir='ltr'><strong>ﬁdelitatem</strong></span> <span class='ocrx_word' id='word_1_145' title='bbox 1584 2244 1743 2284; x_wconf 90' lang='lat' dir='ltr'><strong>suam</strong></span> 
     </span>
    </p>
   </div>
   <div class='ocr_carea' id='block_1_23' title="bbox 140 2316 1361 2379">
    <p class='ocr_par' dir='ltr' id='par_1_23' title="bbox 140 2316 1361 2379">
     <span class='ocr_line' id='line_1_23' title="bbox 140 2316 1361 2379; baseline -0.003 -7"><span class='ocrx_word' id='word_1_146' title='bbox 140 2376 143 2379; x_wconf 96' lang='lat'><em>_</em></span> <span class='ocrx_word' id='word_1_147' title='bbox 174 2316 378 2374; x_wconf 75' lang='lat' dir='ltr'><strong>adduxit</strong></span> <span class='ocrx_word' id='word_1_148' title='bbox 1250 2366 1253 2367; x_wconf 32' lang='grc' dir='ltr'><em>ν</em></span> <span class='ocrx_word' id='word_1_149' title='bbox 1356 2363 1361 2368; x_wconf 84' lang='grc'><strong>.</strong></span> 
     </span>
    </p>
   </div>
   <div class='ocr_carea' id='block_1_24' title="bbox 236 2404 1738 2480">
    <p class='ocr_par' dir='ltr' id='par_1_24' title="bbox 236 2404 1738 2480">
     <span class='ocr_line' id='line_1_24' title="bbox 236 2404 1738 2480; baseline 0.005 -21"><span class='ocrx_word' id='word_1_150' title='bbox 236 2404 379 2461; x_wconf 89' lang='grc'><strong>1108.</strong></span> <span class='ocrx_word' id='word_1_151' title='bbox 420 2405 709 2464; x_wconf 72' lang='lat' dir='ltr'><strong>Henricus.</strong></span> <span class='ocrx_word' id='word_1_152' title='bbox 733 2407 789 2464; x_wconf 78' lang='grc'><strong>2.</strong></span> <span class='ocrx_word' id='word_1_153' title='bbox 851 2408 1137 2480; x_wconf 73' lang='lat' dir='ltr'><strong>Philippus</strong></span> <span class='ocrx_word' id='word_1_154' title='bbox 1168 2408 1256 2466; x_wconf 77' lang='grc'><strong>48.</strong></span> <span class='ocrx_word' id='word_1_155' title='bbox 1318 2409 1582 2465; x_wconf 76' lang='lat' dir='ltr'><strong>Henricus</strong></span> <span class='ocrx_word' id='word_1_156' title='bbox 1618 2409 1648 2464; x_wconf 94' lang='grc'><strong>1</strong></span> <span class='ocrx_word' id='word_1_157' title='bbox 1679 2410 1738 2467; x_wconf 84' lang='lat'><strong>8.</strong></span> 
     </span>
    </p>
   </div>
   <div class='ocr_carea' id='block_1_25' title="bbox 951 266 2647 333">
    <p class='ocr_par' dir='ltr' id='par_1_25' title="bbox 951 266 2647 333">
     <span class='ocr_line' id='line_1_25' title="bbox 951 266 2647 333; baseline 0.004 -7"><span class='ocrx_word' id='word_1_158' title='bbox 951 268 1324 328; x_wconf 76' lang='lat' dir='ltr'><strong>CHRONICA.</strong></span> <span class='ocrx_word' id='word_1_159' title='bbox 1362 301 1432 313; x_wconf 65' lang='grc' dir='ltr'><strong>-υ</strong></span> <span class='ocrx_word' id='word_1_160' title='bbox 1476 266 1885 329; x_wconf 78' lang='lat' dir='ltr'><strong>AUCTARIUM</strong></span> <span class='ocrx_word' id='word_1_161' title='bbox 1925 269 2228 329; x_wconf 80' lang='lat' dir='ltr'><strong>ROBER&#39;I‘I</strong></span> <span class='ocrx_word' id='word_1_162' title='bbox 2266 272 2353 328; x_wconf 83' lang='lat' dir='ltr'><strong>DE</strong></span> <span class='ocrx_word' id='word_1_163' title='bbox 2392 273 2647 333; x_wconf 79' lang='lat' dir='ltr'><strong>MONTE.</strong></span> 
     </span>
    </p>
   </div>
   <div class='ocr_carea' id='block_1_26' title="bbox 1420 350 3440 467">
    <p class='ocr_par' dir='ltr' id='par_1_26' title="bbox 1424 385 3440 467">
     <span class='ocr_line' id='line_1_26' title="bbox 1424 385 3440 467; baseline 0.005 -25"><span class='ocrx_word' id='word_1_164' title='bbox 1424 403 1588 442; x_wconf 72' lang='lat' dir='ltr'><strong>oncu.</strong></span> <span class='ocrx_word' id='word_1_165' title='bbox 1748 434 1751 439; x_wconf 44' lang='grc' dir='ltr'><strong><em>ν</em></strong></span> <span class='ocrx_word' id='word_1_166' title='bbox 1787 386 1833 443; x_wconf 80' lang='grc' dir='ltr'><strong>Δ</strong></span> <span class='ocrx_word' id='word_1_167' title='bbox 1858 385 1957 453; x_wconf 92' lang='lat' dir='ltr'><strong>nit,</strong></span> <span class='ocrx_word' id='word_1_168' title='bbox 1988 394 2044 441; x_wconf 91' lang='lat' dir='ltr'><strong>ct</strong></span> <span class='ocrx_word' id='word_1_169' title='bbox 2071 387 2216 457; x_wconf 89' lang='lat' dir='ltr'><strong>quod</strong></span> <span class='ocrx_word' id='word_1_170' title='bbox 2244 402 2370 443; x_wconf 90' lang='lat' dir='ltr'><strong>vera</strong></span> <span class='ocrx_word' id='word_1_171' title='bbox 2402 388 2535 446; x_wconf 80' lang='lat' dir='ltr'><strong>fides</strong></span> <span class='ocrx_word' id='word_1_172' title='bbox 2575 390 2643 446; x_wconf 90' lang='lat' dir='ltr'><strong>de</strong></span> <span class='ocrx_word' id='word_1_173' title='bbox 2668 389 2781 447; x_wconf 91' lang='lat' dir='ltr'><strong>Deo</strong></span> <span class='ocrx_word' id='word_1_174' title='bbox 2813 391 3001 459; x_wconf 80' lang='lat' dir='ltr'><strong>sentit,</strong></span> <span class='ocrx_word' id='word_1_175' title='bbox 3029 391 3326 467; x_wconf 86' lang='lat' dir='ltr'><strong>invincibili</strong></span> <span class='ocrx_word' id='word_1_176' title='bbox 3351 411 3440 453; x_wconf 79' lang='lat' dir='ltr'><strong>ra-</strong></span> 
     </span>
    </p>
   </div>
   <div class='ocr_carea' id='block_1_27' title="bbox 3332 282 3438 344">
    <p class='ocr_par' dir='ltr' id='par_1_27' title="bbox 3332 282 3438 344">
     <span class='ocr_line' id='line_1_27' title="bbox 3332 282 3438 344; baseline 0.038 -4"><span class='ocrx_word' id='word_1_177' title='bbox 3332 282 3438 344; x_wconf 62' lang='lat'><strong>£50</strong></span> 
     </span>
    </p>
   </div>
   <div class='ocr_carea' id='block_1_28' title="bbox 1855 475 3433 551">
    <p class='ocr_par' dir='ltr' id='par_1_28' title="bbox 1855 475 3433 551">
     <span class='ocr_line' id='line_1_28' title="bbox 1855 475 3433 551; baseline 0.009 -22"><span class='ocrx_word' id='word_1_178' title='bbox 1855 476 2001 530; x_wconf 90' lang='lat' dir='ltr'><strong>tione</strong></span> <span class='ocrx_word' id='word_1_179' title='bbox 2053 475 2133 532; x_wconf 90' lang='lat' dir='ltr'><strong>sic</strong></span> <span class='ocrx_word' id='word_1_180' title='bbox 2181 493 2281 532; x_wconf 93' lang='lat' dir='ltr'><strong>nec</strong></span> <span class='ocrx_word' id='word_1_181' title='bbox 2324 478 2480 534; x_wconf 87' lang='lat' dir='ltr'><strong>aliter</strong></span> <span class='ocrx_word' id='word_1_182' title='bbox 2507 495 2629 536; x_wconf 91' lang='lat' dir='ltr'><strong>esse</strong></span> <span class='ocrx_word' id='word_1_183' title='bbox 2671 494 2835 550; x_wconf 85' lang='lat' dir='ltr'><strong>posse</strong></span> <span class='ocrx_word' id='word_1_184' title='bbox 2884 482 3076 551; x_wconf 83' lang='lat' dir='ltr'><strong>probat</strong></span> <span class='ocrx_word' id='word_1_185' title='bbox 3114 492 3168 538; x_wconf 89' lang='lat' dir='ltr'><strong>et</strong></span> <span class='ocrx_word' id='word_1_186' title='bbox 3214 487 3433 544; x_wconf 86' lang='lat' dir='ltr'><strong>astruit.</strong></span> 
     </span>
    </p>
   </div>
   <div class='ocr_carea' id='block_1_29' title="bbox 1852 562 3433 645">
    <p class='ocr_par' dir='ltr' id='par_1_29' title="bbox 1852 562 3433 645">
     <span class='ocr_line' id='line_1_29' title="bbox 1852 562 3433 645; baseline 0.008 -24"><span class='ocrx_word' id='word_1_187' title='bbox 1852 562 2176 638; x_wconf 86' lang='lat' dir='ltr'><strong>Composuit</strong></span> <span class='ocrx_word' id='word_1_188' title='bbox 2201 568 2365 626; x_wconf 87' lang='lat' dir='ltr'><strong>etiam</strong></span> <span class='ocrx_word' id='word_1_189' title='bbox 2420 567 2619 627; x_wconf 89' lang='lat' dir='ltr'><strong>librum</strong></span> <span class='ocrx_word' id='word_1_190' title='bbox 2660 584 2896 639; x_wconf 82' lang='lat' dir='ltr'><strong>sextum,</strong></span> <span class='ocrx_word' id='word_1_191' title='bbox 2952 575 3077 630; x_wconf 91' lang='lat' dir='ltr'><strong>licet</strong></span> <span class='ocrx_word' id='word_1_192' title='bbox 3122 578 3433 645; x_wconf 72' lang='lat' dir='ltr'><strong>parvulum,</strong></span> 
     </span>
    </p>
   </div>
   <div class='ocr_carea' id='block_1_30' title="bbox 1854 660 3435 737">
    <p class='ocr_par' dir='ltr' id='par_1_30' title="bbox 1854 660 3435 737">
     <span class='ocr_line' id='line_1_30' title="bbox 1854 660 3435 737; baseline 0.006 -22"><span class='ocrx_word' id='word_1_193' title='bbox 1854 660 1947 715; x_wconf 83' lang='lat' dir='ltr'><strong>sed</strong></span> <span class='ocrx_word' id='word_1_194' title='bbox 2001 662 2394 718; x_wconf 88' lang='lat' dir='ltr'><strong>sententiarum</strong></span> <span class='ocrx_word' id='word_1_195' title='bbox 2440 680 2507 719; x_wconf 90' lang='lat' dir='ltr'><strong>ac</strong></span> <span class='ocrx_word' id='word_1_196' title='bbox 2555 665 2913 721; x_wconf 86' lang='lat' dir='ltr'><strong>subtilissime</strong></span> <span class='ocrx_word' id='word_1_197' title='bbox 2955 669 3435 737; x_wconf 80' lang='lat' dir='ltr'><strong>contemplationis</strong></span> 
     </span>
    </p>
   </div>
   <div class='ocr_carea' id='block_1_31' title="bbox 1852 752 3435 828">
    <p class='ocr_par' dir='ltr' id='par_1_31' title="bbox 1852 752 3435 828">
     <span class='ocr_line' id='line_1_31' title="bbox 1852 752 3435 828; baseline 0.005 -21"><span class='ocrx_word' id='word_1_198' title='bbox 1852 752 2089 821; x_wconf 89' lang='lat' dir='ltr'><strong>pondere</strong></span> <span class='ocrx_word' id='word_1_199' title='bbox 2118 770 2398 826; x_wconf 90' lang='lat' dir='ltr'><strong>magnum,</strong></span> <span class='ocrx_word' id='word_1_200' title='bbox 2425 772 2586 826; x_wconf 89' lang='lat' dir='ltr'><strong>quem</strong></span> <span class='ocrx_word' id='word_1_201' title='bbox 2610 758 2909 828; x_wconf 77' lang='lat' dir='ltr'><strong>proslogiou</strong></span> <span class='ocrx_word' id='word_1_202' title='bbox 2938 759 3258 815; x_wconf 77' lang='lat' dir='ltr'><strong>nominavit.</strong></span> <span class='ocrx_word' id='word_1_203' title='bbox 3282 761 3435 815; x_wconf 84' lang='lat' dir='ltr'><strong>Allo-</strong></span> 
     </span>
    </p>
   </div>
   <div class='ocr_carea' id='block_1_32' title="bbox 1852 843 3428 920">
    <p class='ocr_par' dir='ltr' id='par_1_32' title="bbox 1852 843 3428 920">
     <span class='ocr_line' id='line_1_32' title="bbox 1852 843 3428 920; baseline 0.006 -23"><span class='ocrx_word' id='word_1_204' title='bbox 1852 843 2038 914; x_wconf 86' lang='lat' dir='ltr'><strong>quitur</strong></span> <span class='ocrx_word' id='word_1_205' title='bbox 2070 846 2215 902; x_wconf 90' lang='lat' dir='ltr'><strong>enim</strong></span> <span class='ocrx_word' id='word_1_206' title='bbox 2253 847 2306 901; x_wconf 92' lang='lat' dir='ltr'><strong>in</strong></span> <span class='ocrx_word' id='word_1_207' title='bbox 2337 862 2404 903; x_wconf 88' lang='lat' dir='ltr'><strong>eo</strong></span> <span class='ocrx_word' id='word_1_208' title='bbox 2445 864 2612 919; x_wconf 82' lang='lat' dir='ltr'><strong>Opere</strong></span> <span class='ocrx_word' id='word_1_209' title='bbox 2653 858 2748 904; x_wconf 89' lang='lat' dir='ltr'><strong>aut</strong></span> <span class='ocrx_word' id='word_1_210' title='bbox 2788 865 2847 906; x_wconf 92' lang='lat' dir='ltr'><strong>sc</strong></span> <span class='ocrx_word' id='word_1_211' title='bbox 2898 849 3078 920; x_wconf 84' lang='lat' dir='ltr'><strong>ipsum</strong></span> <span class='ocrx_word' id='word_1_212' title='bbox 3108 860 3202 905; x_wconf 89' lang='lat' dir='ltr'><strong>aut</strong></span> <span class='ocrx_word' id='word_1_213' title='bbox 3235 851 3428 907; x_wconf 88' lang='lat' dir='ltr'><strong>Deum.</strong></span> 
     </span>
    </p>
   </div>
   <div class='ocr_carea' id='block_1_33' title="bbox 1855 930 3433 1012">
    <p class='ocr_par' dir='ltr' id='par_1_33' title="bbox 1855 930 3433 1012">
     <span class='ocr_line' id='line_1_33' title="bbox 1855 930 3433 1012; baseline 0.003 -19"><span class='ocrx_word' id='word_1_214' title='bbox 1855 935 2085 1007; x_wconf 87' lang='lat' dir='ltr'><strong>Scripsit</strong></span> <span class='ocrx_word' id='word_1_215' title='bbox 2112 948 2166 994; x_wconf 91' lang='lat' dir='ltr'><strong>et</strong></span> <span class='ocrx_word' id='word_1_216' title='bbox 2193 940 2487 1009; x_wconf 87' lang='lat' dir='ltr'><strong>septimum</strong></span> <span class='ocrx_word' id='word_1_217' title='bbox 2533 930 2732 996; x_wconf 87' lang='lat' dir='ltr'><strong>librum</strong></span> <span class='ocrx_word' id='word_1_218' title='bbox 2774 942 3125 1012; x_wconf 78' lang='lat' dir='ltr'><strong>epistolarum</strong></span> <span class='ocrx_word' id='word_1_219' title='bbox 3155 942 3221 997; x_wconf 89' lang='lat' dir='ltr'><strong>ad</strong></span> <span class='ocrx_word' id='word_1_220' title='bbox 3252 943 3433 998; x_wconf 89' lang='lat' dir='ltr'><strong>diver-</strong></span> 
     </span>
    </p>
   </div>
   <div class='ocr_carea' id='block_1_34' title="bbox 1852 1030 3433 1107">
    <p class='ocr_par' dir='ltr' id='par_1_34' title="bbox 1852 1030 3433 1107">
     <span class='ocr_line' id='line_1_34' title="bbox 1852 1030 3433 1107; baseline 0.004 -23"><span class='ocrx_word' id='word_1_221' title='bbox 1852 1044 1966 1097; x_wconf 89' lang='lat' dir='ltr'><strong>sos,</strong></span> <span class='ocrx_word' id='word_1_222' title='bbox 1991 1030 2222 1087; x_wconf 90' lang='lat' dir='ltr'><strong>diversis</strong></span> <span class='ocrx_word' id='word_1_223' title='bbox 2250 1047 2441 1088; x_wconf 90' lang='lat' dir='ltr'><strong>eorum</strong></span> <span class='ocrx_word' id='word_1_224' title='bbox 2466 1034 2701 1106; x_wconf 85' lang='lat' dir='ltr'><strong>negotiis</strong></span> <span class='ocrx_word' id='word_1_225' title='bbox 2726 1036 3085 1105; x_wconf 80' lang='lat' dir='ltr'><strong>reSpondens,</strong></span> <span class='ocrx_word' id='word_1_226' title='bbox 3104 1036 3208 1091; x_wconf 81' lang='lat' dir='ltr'><strong>vel</strong></span> <span class='ocrx_word' id='word_1_227' title='bbox 3232 1052 3295 1091; x_wconf 90' lang='lat' dir='ltr'><strong>ea</strong></span> <span class='ocrx_word' id='word_1_228' title='bbox 3325 1052 3433 1107; x_wconf 79' lang='lat' dir='ltr'><strong>que</strong></span> 
     </span>
    </p>
   </div>
   <div class='ocr_carea' id='block_1_35' title="bbox 1851 1118 3429 1194">
    <p class='ocr_par' dir='ltr' id='par_1_35' title="bbox 1851 1118 3429 1194">
     <span class='ocr_line' id='line_1_35' title="bbox 1851 1118 3429 1194; baseline 0.004 -20"><span class='ocrx_word' id='word_1_229' title='bbox 1851 1134 1951 1175; x_wconf 89' lang='lat' dir='ltr'><strong>sua</strong></span> <span class='ocrx_word' id='word_1_230' title='bbox 1978 1120 2277 1178; x_wconf 71' lang='lat' dir='ltr'><strong>intererant</strong></span> <span class='ocrx_word' id='word_1_231' title='bbox 2303 1136 2599 1194; x_wconf 87' lang='lat' dir='ltr'><strong>procurare</strong></span> <span class='ocrx_word' id='word_1_232' title='bbox 2625 1126 2909 1180; x_wconf 91' lang='lat' dir='ltr'><strong>mandans.</strong></span> <span class='ocrx_word' id='word_1_233' title='bbox 2932 1124 3083 1180; x_wconf 84' lang='lat' dir='ltr'><strong>Fecit</strong></span> <span class='ocrx_word' id='word_1_234' title='bbox 3102 1118 3155 1181; x_wconf 87' lang='lat' dir='ltr'><strong>et</strong></span> <span class='ocrx_word' id='word_1_235' title='bbox 3175 1134 3429 1182; x_wconf 88' lang='lat' dir='ltr'><strong>octavum</strong></span> 
     </span>
    </p>
   </div>
   <div class='ocr_carea' id='block_1_36' title="bbox 1850 1213 3433 1292">
    <p class='ocr_par' dir='ltr' id='par_1_36' title="bbox 1850 1213 3433 1292">
     <span class='ocr_line' id='line_1_36' title="bbox 1850 1213 3433 1292; baseline 0.004 -24"><span class='ocrx_word' id='word_1_236' title='bbox 1850 1213 1917 1269; x_wconf 92' lang='lat' dir='ltr'><strong>de</strong></span> <span class='ocrx_word' id='word_1_237' title='bbox 1946 1214 2336 1273; x_wconf 84' lang='lat' dir='ltr'><strong>incarnatione</strong></span> <span class='ocrx_word' id='word_1_238' title='bbox 2381 1216 2574 1283; x_wconf 87' lang='lat' dir='ltr'><strong>Verbi;</strong></span> <span class='ocrx_word' id='word_1_239' title='bbox 2626 1218 2772 1287; x_wconf 84' lang='lat' dir='ltr'><strong>quod</strong></span> <span class='ocrx_word' id='word_1_240' title='bbox 2818 1234 2956 1288; x_wconf 90' lang='lat' dir='ltr'><strong>opus</strong></span> <span class='ocrx_word' id='word_1_241' title='bbox 2986 1218 3264 1289; x_wconf 86' lang='lat' dir='ltr'><strong>cpistolari</strong></span> <span class='ocrx_word' id='word_1_242' title='bbox 3292 1219 3433 1292; x_wconf 85' lang='lat' dir='ltr'><strong>stylo</strong></span> 
     </span>
    </p>
   </div>
   <div class='ocr_carea' id='block_1_37' title="bbox 1850 1307 3435 1381">
    <p class='ocr_par' dir='ltr' id='par_1_37' title="bbox 1850 1307 3435 1381">
     <span class='ocr_line' id='line_1_37' title="bbox 1850 1307 3435 1381; baseline 0.004 -22"><span class='ocrx_word' id='word_1_243' title='bbox 1850 1307 2246 1377; x_wconf 88' lang='lat' dir='ltr'><strong>conscriptum,</strong></span> <span class='ocrx_word' id='word_1_244' title='bbox 2274 1314 2467 1364; x_wconf 88' lang='lat' dir='ltr'><strong>sancte</strong></span> <span class='ocrx_word' id='word_1_245' title='bbox 2506 1308 2750 1364; x_wconf 80' lang='lat' dir='ltr'><strong>Romane</strong></span> <span class='ocrx_word' id='word_1_246' title='bbox 2781 1311 3010 1381; x_wconf 89' lang='lat' dir='ltr'><strong>ecclesie</strong></span> <span class='ocrx_word' id='word_1_247' title='bbox 3044 1310 3261 1366; x_wconf 90' lang='lat' dir='ltr'><strong>summo</strong></span> <span class='ocrx_word' id='word_1_248' title='bbox 3292 1326 3435 1381; x_wconf 88' lang='lat' dir='ltr'><strong>pon-</strong></span> 
     </span>
    </p>
   </div>
   <div class='ocr_carea' id='block_1_38' title="bbox 1849 1396 3434 1467">
    <p class='ocr_par' dir='ltr' id='par_1_38' title="bbox 1849 1396 3434 1467">
     <span class='ocr_line' id='line_1_38' title="bbox 1849 1396 3434 1467; baseline 0.004 -16"><span class='ocrx_word' id='word_1_249' title='bbox 1849 1397 1980 1453; x_wconf 89' lang='lat' dir='ltr'><strong>tilici</strong></span> <span class='ocrx_word' id='word_1_250' title='bbox 2009 1396 2228 1455; x_wconf 83' lang='lat' dir='ltr'><strong>Urbano</strong></span> <span class='ocrx_word' id='word_1_251' title='bbox 2252 1400 2472 1467; x_wconf 85' lang='lat' dir='ltr'><strong>dicavit,</strong></span> <span class='ocrx_word' id='word_1_252' title='bbox 2502 1400 2816 1457; x_wconf 81' lang='lat' dir='ltr'><strong>destinavit.</strong></span> <span class='ocrx_word' id='word_1_253' title='bbox 2847 1400 3061 1457; x_wconf 86' lang='lat' dir='ltr'><strong>Nonum</strong></span> <span class='ocrx_word' id='word_1_254' title='bbox 3091 1402 3291 1457; x_wconf 87' lang='lat' dir='ltr'><strong>librum</strong></span> <span class='ocrx_word' id='word_1_255' title='bbox 3313 1401 3434 1457; x_wconf 87' lang='lat' dir='ltr'><strong>edi-</strong></span> 
     </span>
    </p>
   </div>
   <div class='ocr_carea' id='block_1_39' title="bbox 1850 1487 3436 1564">
    <p class='ocr_par' dir='ltr' id='par_1_39' title="bbox 1850 1487 3436 1564">
     <span class='ocr_line' id='line_1_39' title="bbox 1850 1487 3436 1564; baseline 0.004 -22"><span class='ocrx_word' id='word_1_256' title='bbox 1850 1487 1951 1555; x_wconf 86' lang='lat' dir='ltr'><strong>dit,</strong></span> <span class='ocrx_word' id='word_1_257' title='bbox 1983 1506 2147 1560; x_wconf 87' lang='lat' dir='ltr'><strong>quem</strong></span> <span class='ocrx_word' id='word_1_258' title='bbox 2184 1489 2294 1546; x_wconf 84' lang='lat' dir='ltr'><strong>Cur</strong></span> <span class='ocrx_word' id='word_1_259' title='bbox 2328 1492 2469 1546; x_wconf 77' lang='lat' dir='ltr'><strong>Deus</strong></span> <span class='ocrx_word' id='word_1_260' title='bbox 2515 1492 2669 1546; x_wconf 86' lang='lat' dir='ltr'><strong>homo</strong></span> <span class='ocrx_word' id='word_1_261' title='bbox 2696 1493 3008 1564; x_wconf 84' lang='lat' dir='ltr'><strong>appellavit.</strong></span> <span class='ocrx_word' id='word_1_262' title='bbox 3056 1491 3338 1549; x_wconf 81' lang='lat' dir='ltr'><strong>Decimum</strong></span> <span class='ocrx_word' id='word_1_263' title='bbox 3368 1494 3436 1549; x_wconf 85' lang='lat' dir='ltr'><strong>de</strong></span> 
     </span>
    </p>
   </div>
   <div class='ocr_carea' id='block_1_40' title="bbox 1849 1582 3440 1656">
    <p class='ocr_par' dir='ltr' id='par_1_40' title="bbox 1849 1582 3440 1656">
     <span class='ocr_line' id='line_1_40' title="bbox 1849 1582 3440 1656; baseline 0.001 -19"><span class='ocrx_word' id='word_1_264' title='bbox 1849 1592 2113 1653; x_wconf 90' lang='lat' dir='ltr'><strong>conceptu</strong></span> <span class='ocrx_word' id='word_1_265' title='bbox 2144 1582 2429 1656; x_wconf 83' lang='lat' dir='ltr'><strong>Virginali.</strong></span> <span class='ocrx_word' id='word_1_266' title='bbox 2454 1582 2817 1641; x_wconf 88' lang='lat' dir='ltr'><strong>Undecimum</strong></span> <span class='ocrx_word' id='word_1_267' title='bbox 2843 1587 2909 1641; x_wconf 92' lang='lat' dir='ltr'><strong>de</strong></span> <span class='ocrx_word' id='word_1_268' title='bbox 2936 1586 3277 1641; x_wconf 87' lang='lat' dir='ltr'><strong>orationibus</strong></span> <span class='ocrx_word' id='word_1_269' title='bbox 3304 1601 3440 1642; x_wconf 91' lang='lat' dir='ltr'><strong>con-</strong></span> 
     </span>
    </p>
   </div>
   <div class='ocr_carea' id='block_1_41' title="bbox 1850 1672 3437 1745">
    <p class='ocr_par' dir='ltr' id='par_1_41' title="bbox 1850 1672 3437 1745">
     <span class='ocr_line' id='line_1_41' title="bbox 1850 1672 3437 1745; baseline 0.002 -20"><span class='ocrx_word' id='word_1_270' title='bbox 1850 1672 2199 1743; x_wconf 87' lang='lat' dir='ltr'><strong>templativis,</strong></span> <span class='ocrx_word' id='word_1_271' title='bbox 2245 1689 2407 1745; x_wconf 92' lang='lat' dir='ltr'><strong>quem</strong></span> <span class='ocrx_word' id='word_1_272' title='bbox 2451 1675 2681 1745; x_wconf 82' lang='lat' dir='ltr'><strong>plurimi</strong></span> <span class='ocrx_word' id='word_1_273' title='bbox 2710 1674 3078 1729; x_wconf 74' lang='lat' dir='ltr'><strong>meditationes</strong></span> <span class='ocrx_word' id='word_1_274' title='bbox 3117 1682 3344 1739; x_wconf 85' lang='lat' dir='ltr'><strong>vocant;</strong></span> <span class='ocrx_word' id='word_1_275' title='bbox 3381 1675 3437 1728; x_wconf 92' lang='lat' dir='ltr'><strong>in</strong></span> 
     </span>
    </p>
   </div>
   <div class='ocr_carea' id='block_1_42' title="bbox 1849 1749 3436 1838">
    <p class='ocr_par' dir='ltr' id='par_1_42' title="bbox 1849 1749 3436 1838">
     <span class='ocr_line' id='line_1_42' title="bbox 1849 1749 3436 1838; baseline 0.001 -18"><span class='ocrx_word' id='word_1_276' title='bbox 1849 1766 2051 1837; x_wconf 90' lang='lat' dir='ltr'><strong>quibus</strong></span> <span class='ocrx_word' id='word_1_277' title='bbox 2092 1749 2399 1838; x_wconf 79' lang='lat' dir='ltr'><strong>legentibus</strong></span> <span class='ocrx_word' id='word_1_278' title='bbox 2450 1765 2610 1822; x_wconf 83' lang='lat' dir='ltr'><strong>facile</strong></span> <span class='ocrx_word' id='word_1_279' title='bbox 2679 1775 2904 1838; x_wconf 88' lang='lat' dir='ltr'><strong>apparet</strong></span> <span class='ocrx_word' id='word_1_280' title='bbox 2952 1776 3155 1837; x_wconf 87' lang='lat' dir='ltr'><strong>quanta</strong></span> <span class='ocrx_word' id='word_1_281' title='bbox 3207 1766 3436 1822; x_wconf 87' lang='lat' dir='ltr'><strong>dulcedo</strong></span> 
     </span>
    </p>
   </div>
   <div class='ocr_carea' id='block_1_43' title="bbox 1850 1852 3449 1928">
    <p class='ocr_par' dir='ltr' id='par_1_43' title="bbox 1850 1852 3449 1928">
     <span class='ocr_line' id='line_1_43' title="bbox 1850 1852 3449 1928; baseline 0.001 -17"><span class='ocrx_word' id='word_1_282' title='bbox 1850 1872 2212 1926; x_wconf 87' lang='lat' dir='ltr'><strong>supernorum</strong></span> <span class='ocrx_word' id='word_1_283' title='bbox 2244 1867 2480 1913; x_wconf 91' lang='lat' dir='ltr'><strong>mentem</strong></span> <span class='ocrx_word' id='word_1_284' title='bbox 2521 1858 2642 1928; x_wconf 90' lang='lat' dir='ltr'><strong>ejus</strong></span> <span class='ocrx_word' id='word_1_285' title='bbox 2686 1859 3009 1928; x_wconf 89' lang='lat' dir='ltr'><strong>repleverat.</strong></span> <span class='ocrx_word' id='word_1_286' title='bbox 3041 1852 3449 1923; x_wconf 58' lang='lat' dir='ltr'><strong>Duodecimus,</strong></span> 
     </span>
    </p>
   </div>
   <div class='ocr_carea' id='block_1_44' title="bbox 1848 1936 3435 2020">
    <p class='ocr_par' dir='ltr' id='par_1_44' title="bbox 1848 1936 3435 2020">
     <span class='ocr_line' id='line_1_44' title="bbox 1848 1936 3435 2020; baseline 0.001 -19"><span class='ocrx_word' id='word_1_287' title='bbox 1848 1949 1943 2019; x_wconf 89' lang='lat' dir='ltr'><strong>qni</strong></span> <span class='ocrx_word' id='word_1_288' title='bbox 1999 1956 2055 2004; x_wconf 90' lang='lat' dir='ltr'><strong>et</strong></span> <span class='ocrx_word' id='word_1_289' title='bbox 2087 1949 2318 2005; x_wconf 91' lang='lat' dir='ltr'><strong>ultimus</strong></span> <span class='ocrx_word' id='word_1_290' title='bbox 2364 1949 2441 2004; x_wconf 90' lang='lat' dir='ltr'><strong>illi</strong></span> <span class='ocrx_word' id='word_1_291' title='bbox 2483 1957 2749 2005; x_wconf 90' lang='lat' dir='ltr'><strong>tractatus</strong></span> <span class='ocrx_word' id='word_1_292' title='bbox 2792 1948 2915 2017; x_wconf 87' lang='lat' dir='ltr'><strong>fuit,</strong></span> <span class='ocrx_word' id='word_1_293' title='bbox 2961 1949 3028 2005; x_wconf 92' lang='lat' dir='ltr'><strong>de</strong></span> <span class='ocrx_word' id='word_1_294' title='bbox 3080 1936 3435 2020; x_wconf 88' lang='lat' dir='ltr'><strong>processione</strong></span> 
     </span>
    </p>
   </div>
   <div class='ocr_carea' id='block_1_45' title="bbox 1851 2039 3437 2111">
    <p class='ocr_par' dir='ltr' id='par_1_45' title="bbox 1851 2039 3437 2111">
     <span class='ocr_line' id='line_1_45' title="bbox 1851 2039 3437 2111; baseline 0.001 -17"><span class='ocrx_word' id='word_1_295' title='bbox 1851 2039 2088 2111; x_wconf 86' lang='lat' dir='ltr'><strong>Spiritus</strong></span> <span class='ocrx_word' id='word_1_296' title='bbox 2122 2042 2317 2098; x_wconf 90' lang='lat' dir='ltr'><strong>sancti.</strong></span> <span class='ocrx_word' id='word_1_297' title='bbox 2365 2041 2759 2099; x_wconf 80' lang='lat' dir='ltr'><strong>Confutaverat</strong></span> <span class='ocrx_word' id='word_1_298' title='bbox 2805 2042 2950 2098; x_wconf 84' lang='lat' dir='ltr'><strong>enim</strong></span> <span class='ocrx_word' id='word_1_299' title='bbox 2977 2041 3187 2099; x_wconf 79' lang='lat' dir='ltr'><strong>Grccos</strong></span> <span class='ocrx_word' id='word_1_300' title='bbox 3233 2042 3288 2097; x_wconf 91' lang='lat' dir='ltr'><strong>in</strong></span> <span class='ocrx_word' id='word_1_301' title='bbox 3332 2040 3437 2096; x_wconf 86' lang='lat' dir='ltr'><strong>Ba-</strong></span> 
     </span>
    </p>
   </div>
   <div class='ocr_carea' id='block_1_46' title="bbox 1846 2131 3435 2206">
    <p class='ocr_par' dir='ltr' id='par_1_46' title="bbox 1846 2131 3435 2206">
     <span class='ocr_line' id='line_1_46' title="bbox 1846 2131 3435 2206; baseline 0 -19"><span class='ocrx_word' id='word_1_302' title='bbox 1846 2131 1995 2189; x_wconf 84' lang='lat' dir='ltr'><strong>rc‘nsi</strong></span> <span class='ocrx_word' id='word_1_303' title='bbox 2036 2133 2289 2201; x_wconf 92' lang='lat' dir='ltr'><strong>concilio,</strong></span> <span class='ocrx_word' id='word_1_304' title='bbox 2328 2143 2590 2206; x_wconf 82' lang='lat' dir='ltr'><strong>negantes</strong></span> <span class='ocrx_word' id='word_1_305' title='bbox 2642 2131 2906 2205; x_wconf 83' lang='lat' dir='ltr'><strong>Spiritum</strong></span> <span class='ocrx_word' id='word_1_306' title='bbox 2954 2144 3203 2191; x_wconf 84' lang='lat' dir='ltr'><strong>sanctum</strong></span> <span class='ocrx_word' id='word_1_307' title='bbox 3241 2133 3435 2190; x_wconf 87' lang='lat' dir='ltr'><strong>aFilio</strong></span> 
     </span>
    </p>
   </div>
   <div class='ocr_carea' id='block_1_47' title="bbox 1845 2224 3550 2299">
    <p class='ocr_par' dir='ltr' id='par_1_47' title="bbox 1845 2224 3550 2299">
     <span class='ocr_line' id='line_1_47' title="bbox 1845 2224 3550 2299; baseline 0 -18"><span class='ocrx_word' id='word_1_308' title='bbox 1845 2227 2170 2296; x_wconf 89' lang='lat' dir='ltr'><strong>procedere;</strong></span> <span class='ocrx_word' id='word_1_309' title='bbox 2196 2227 2341 2281; x_wconf 86' lang='lat' dir='ltr'><strong>unde</strong></span> <span class='ocrx_word' id='word_1_310' title='bbox 2366 2235 2581 2298; x_wconf 83' lang='lat' dir='ltr'><strong>sumpta</strong></span> <span class='ocrx_word' id='word_1_311' title='bbox 2611 2229 2859 2295; x_wconf 89' lang='lat' dir='ltr'><strong>materia,</strong></span> <span class='ocrx_word' id='word_1_312' title='bbox 2880 2235 3071 2299; x_wconf 86' lang='lat' dir='ltr'><strong>rogatu</strong></span> <span class='ocrx_word' id='word_1_313' title='bbox 3090 2225 3341 2282; x_wconf 90' lang='lat' dir='ltr'><strong>Hdeberti</strong></span> <span class='ocrx_word' id='word_1_314' title='bbox 3359 2224 3437 2261; x_wconf 65' lang='grc'><strong>⁸³⁸</strong></span> <span class='ocrx_word' id='word_1_315' title='bbox 3536 2289 3550 2299; x_wconf 42' lang='grc' dir='ltr'><strong><em>ο</em></strong></span> 
     </span>
    </p>
   </div>
   <div class='ocr_carea' id='block_1_48' title="bbox 1840 2315 3434 2389">
    <p class='ocr_par' dir='ltr' id='par_1_48' title="bbox 1840 2315 3434 2389">
     <span class='ocr_line' id='line_1_48' title="bbox 1840 2315 3434 2389; baseline 0.001 -19"><span class='ocrx_word' id='word_1_316' title='bbox 1840 2315 2274 2372; x_wconf 76' lang='lat' dir='ltr'><strong>Cinomanorum</strong></span> <span class='ocrx_word' id='word_1_317' title='bbox 2306 2318 2547 2388; x_wconf 82' lang='lat' dir='ltr'><strong>episcopi</strong></span> <span class='ocrx_word' id='word_1_318' title='bbox 2594 2318 2741 2373; x_wconf 83' lang='lat' dir='ltr'><strong>lmnc</strong></span> <span class='ocrx_word' id='word_1_319' title='bbox 2770 2319 2969 2373; x_wconf 88' lang='lat' dir='ltr'><strong>librum</strong></span> <span class='ocrx_word' id='word_1_320' title='bbox 3003 2318 3332 2389; x_wconf 82' lang='lat' dir='ltr'><strong>composuit.</strong></span> <span class='ocrx_word' id='word_1_321' title='bbox 3371 2316 3434 2372; x_wconf 91' lang='lat' dir='ltr'><strong>Si</strong></span> 
     </span>
    </p>
   </div>
   <div class='ocr_carea' id='block_1_49' title="bbox 1844 2410 3437 2482">
    <p class='ocr_par' dir='ltr' id='par_1_49' title="bbox 1844 2410 3437 2482">
     <span class='ocr_line' id='line_1_49' title="bbox 1844 2410 3437 2482; baseline -0.001 -16"><span class='ocrx_word' id='word_1_322' title='bbox 1844 2410 1912 2466; x_wconf 90' lang='lat' dir='ltr'><strong>de</strong></span> <span class='ocrx_word' id='word_1_323' title='bbox 1951 2410 2174 2465; x_wconf 89' lang='lat' dir='ltr'><strong>natione</strong></span> <span class='ocrx_word' id='word_1_324' title='bbox 2200 2410 2341 2481; x_wconf 89' lang='lat' dir='ltr'><strong>ejus,</strong></span> <span class='ocrx_word' id='word_1_325' title='bbox 2378 2410 2488 2465; x_wconf 88' lang='lat' dir='ltr'><strong>vita</strong></span> <span class='ocrx_word' id='word_1_326' title='bbox 2518 2419 2571 2466; x_wconf 92' lang='lat' dir='ltr'><strong>et</strong></span> <span class='ocrx_word' id='word_1_327' title='bbox 2599 2411 2847 2466; x_wconf 89' lang='lat' dir='ltr'><strong>moribus</strong></span> <span class='ocrx_word' id='word_1_328' title='bbox 2891 2410 3099 2482; x_wconf 88' lang='lat' dir='ltr'><strong>queris,</strong></span> <span class='ocrx_word' id='word_1_329' title='bbox 3125 2411 3437 2481; x_wconf 85' lang='lat' dir='ltr'><strong>aliquantu-</strong></span> 
     </span>
    </p>
   </div>
   <div class='ocr_carea' id='block_1_50' title="bbox 234 2496 3435 2576">
    <p class='ocr_par' dir='ltr' id='par_1_50' title="bbox 234 2496 3435 2576">
     <span class='ocr_line' id='line_1_50' title="bbox 234 2496 3435 2576; baseline 0.001 -23"><span class='ocrx_word' id='word_1_330' title='bbox 234 2496 421 2569; x_wconf 70' lang='lat' dir='ltr'><strong>(Huu&#39;r.</strong></span> <span class='ocrx_word' id='word_1_331' title='bbox 450 2502 579 2573; x_wconf 85' lang='lat' dir='ltr'><strong>vn.)</strong></span> <span class='ocrx_word' id='word_1_332' title='bbox 618 2499 887 2558; x_wconf 82' lang='lat' dir='ltr'><strong>Henricus</strong></span> <span class='ocrx_word' id='word_1_333' title='bbox 925 2517 1022 2557; x_wconf 82' lang='lat' dir='ltr'><strong>rex</strong></span> <span class='ocrx_word' id='word_1_334' title='bbox 1049 2496 1371 2574; x_wconf 78' lang='lat' dir='ltr'><strong>Anglorum,</strong></span> <span class='ocrx_word' id='word_1_335' title='bbox 1402 2511 1527 2558; x_wconf 83' lang='lat' dir='ltr'><strong>cum</strong></span> <span class='ocrx_word' id='word_1_336' title='bbox 1555 2502 1744 2559; x_wconf 84' lang='lat' dir='ltr'><strong>deces-</strong></span> <span class='ocrx_word' id='word_1_337' title='bbox 1842 2501 1957 2557; x_wconf 94' lang='lat' dir='ltr'><strong>lum</strong></span> <span class='ocrx_word' id='word_1_338' title='bbox 1999 2511 2146 2559; x_wconf 91' lang='lat' dir='ltr'><strong>retro</strong></span> <span class='ocrx_word' id='word_1_339' title='bbox 2187 2503 2453 2559; x_wconf 83' lang='lat' dir='ltr'><strong>invenies.</strong></span> <span class='ocrx_word' id='word_1_340' title='bbox 2485 2502 2715 2575; x_wconf 59' lang='grc' dir='ltr'><strong>(διοιδεῖ.)</strong></span> <span class='ocrx_word' id='word_1_341' title='bbox 2762 2503 2819 2558; x_wconf 90' lang='lat' dir='ltr'><strong>ln</strong></span> <span class='ocrx_word' id='word_1_342' title='bbox 2862 2503 3150 2575; x_wconf 86' lang='lat' dir='ltr'><strong>parrochia</strong></span> <span class='ocrx_word' id='word_1_343' title='bbox 3181 2502 3435 2576; x_wconf 90' lang='lat' dir='ltr'><strong>Legiensi</strong></span> 
     </span>
    </p>
   </div>
   <div class='ocr_carea' id='block_1_51' title="bbox 176 2590 3432 2667">
    <p class='ocr_par' dir='ltr' id='par_1_51' title="bbox 176 2590 3432 2667">
     <span class='ocr_line' id='line_1_51' title="bbox 176 2590 3432 2667; baseline 0.002 -21"><span class='ocrx_word' id='word_1_344' title='bbox 176 2590 319 2647; x_wconf 85' lang='lat' dir='ltr'><strong>sisset</strong></span> <span class='ocrx_word' id='word_1_345' title='bbox 336 2591 622 2664; x_wconf 89' lang='lat' dir='ltr'><strong>Philippus</strong></span> <span class='ocrx_word' id='word_1_346' title='bbox 639 2610 734 2649; x_wconf 83' lang='lat' dir='ltr'><strong>rex</strong></span> <span class='ocrx_word' id='word_1_347' title='bbox 748 2594 1108 2663; x_wconf 87' lang='lat' dir='ltr'><strong>Francorum,</strong></span> <span class='ocrx_word' id='word_1_348' title='bbox 1134 2597 1356 2655; x_wconf 87' lang='lat' dir='ltr'><strong>transiit</strong></span> <span class='ocrx_word' id='word_1_349' title='bbox 1385 2596 1441 2651; x_wconf 90' lang='lat' dir='ltr'><strong>in</strong></span> <span class='ocrx_word' id='word_1_350' title='bbox 1465 2595 1737 2652; x_wconf 85' lang='lat' dir='ltr'><strong>Norman—</strong></span> <span class='ocrx_word' id='word_1_351' title='bbox 1842 2610 2009 2666; x_wconf 87' lang='lat' dir='ltr'><strong>porca</strong></span> <span class='ocrx_word' id='word_1_352' title='bbox 2055 2596 2215 2655; x_wconf 83' lang='lat' dir='ltr'><strong>enixa</strong></span> <span class='ocrx_word' id='word_1_353' title='bbox 2240 2605 2324 2651; x_wconf 88' lang='lat' dir='ltr'><strong>est</strong></span> <span class='ocrx_word' id='word_1_354' title='bbox 2354 2596 2654 2667; x_wconf 88' lang='lat' dir='ltr'><strong>porcellum</strong></span> <span class='ocrx_word' id='word_1_355' title='bbox 2687 2596 2974 2653; x_wconf 82' lang='lat' dir='ltr'><strong>habentem</strong></span> <span class='ocrx_word' id='word_1_356' title='bbox 3016 2595 3211 2652; x_wconf 87' lang='lat' dir='ltr'><strong>faciem</strong></span> <span class='ocrx_word' id='word_1_357' title='bbox 3248 2596 3432 2651; x_wconf 87' lang='lat' dir='ltr'><strong>homi-</strong></span> 
     </span>
    </p>
   </div>
   <div class='ocr_carea' id='block_1_52' title="bbox 178 2670 3431 2761">
    <p class='ocr_par' dir='ltr' id='par_1_52' title="bbox 178 2670 3431 2761">
     <span class='ocr_line' id='line_1_52' title="bbox 178 2670 3431 2761; baseline 0.001 -24"><span class='ocrx_word' id='word_1_358' title='bbox 178 2670 331 2753; x_wconf 76' lang='lat' dir='ltr'><strong>uiam,</strong></span> <span class='ocrx_word' id='word_1_359' title='bbox 374 2693 568 2742; x_wconf 87' lang='lat' dir='ltr'><strong>contra</strong></span> <span class='ocrx_word' id='word_1_360' title='bbox 622 2684 960 2742; x_wconf 88' lang='lat' dir='ltr'><strong>Ludovicum</strong></span> <span class='ocrx_word' id='word_1_361' title='bbox 1018 2686 1190 2743; x_wconf 87' lang='lat' dir='ltr'><strong>ﬁlium</strong></span> <span class='ocrx_word' id='word_1_362' title='bbox 1240 2678 1498 2760; x_wconf 82' lang='lat' dir='ltr'><strong>Philippi,</strong></span> <span class='ocrx_word' id='word_1_363' title='bbox 1553 2704 1739 2761; x_wconf 87' lang='lat' dir='ltr'><strong>regem</strong></span> <span class='ocrx_word' id='word_1_364' title='bbox 1842 2685 1948 2741; x_wconf 84' lang='lat' dir='ltr'><strong>nis.</strong></span> <span class='ocrx_word' id='word_1_365' title='bbox 1977 2683 2150 2742; x_wconf 90' lang='lat' dir='ltr'><strong>Natus</strong></span> <span class='ocrx_word' id='word_1_366' title='bbox 2179 2672 2269 2741; x_wconf 84' lang='lat' dir='ltr'><strong>est</strong></span> <span class='ocrx_word' id='word_1_367' title='bbox 2293 2685 2457 2741; x_wconf 84' lang='lat' dir='ltr'><strong>etiam</strong></span> <span class='ocrx_word' id='word_1_368' title='bbox 2492 2685 2676 2757; x_wconf 91' lang='lat' dir='ltr'><strong>pullus</strong></span> <span class='ocrx_word' id='word_1_369' title='bbox 2709 2686 2907 2758; x_wconf 88' lang='lat' dir='ltr'><strong>galline</strong></span> <span class='ocrx_word' id='word_1_370' title='bbox 2947 2686 3282 2757; x_wconf 81' lang='lat' dir='ltr'><strong>quadrupes.</strong></span> <span class='ocrx_word' id='word_1_371' title='bbox 3319 2684 3431 2740; x_wconf 90' lang='lat' dir='ltr'><strong>lm-</strong></span> 
     </span>
    </p>
   </div>
   <div class='ocr_carea' id='block_1_53' title="bbox 176 2774 3430 2851">
    <p class='ocr_par' dir='ltr' id='par_1_53' title="bbox 176 2774 3430 2851">
     <span class='ocr_line' id='line_1_53' title="bbox 176 2774 3430 2851; baseline -0.001 -20"><span class='ocrx_word' id='word_1_372' title='bbox 176 2788 354 2832; x_wconf 80' lang='lat' dir='ltr'><strong>uovum</strong></span> <span class='ocrx_word' id='word_1_373' title='bbox 378 2776 631 2845; x_wconf 83' lang='lat' dir='ltr'><strong>Francie,</strong></span> <span class='ocrx_word' id='word_1_374' title='bbox 658 2795 889 2835; x_wconf 83' lang='lat' dir='ltr'><strong>werram</strong></span> <span class='ocrx_word' id='word_1_375' title='bbox 922 2796 1253 2851; x_wconf 83' lang='lat' dir='ltr'><strong>promovcns</strong></span> <span class='ocrx_word' id='word_1_376' title='bbox 1276 2783 1596 2838; x_wconf 73' lang='lat' dir='ltr'><strong>maximam.</strong></span> <span class='ocrx_word' id='word_1_377' title='bbox 1626 2781 1736 2839; x_wconf 82' lang='lat' dir='ltr'><strong>Ge-</strong></span> <span class='ocrx_word' id='word_1_378' title='bbox 1840 2786 2060 2847; x_wconf 82' lang='lat' dir='ltr'><strong>perator</strong></span> <span class='ocrx_word' id='word_1_379' title='bbox 2085 2774 2353 2833; x_wconf 87' lang='lat' dir='ltr'><strong>Henricus</strong></span> <span class='ocrx_word' id='word_1_380' title='bbox 2383 2785 2574 2832; x_wconf 91' lang='lat' dir='ltr'><strong>contra</strong></span> <span class='ocrx_word' id='word_1_381' title='bbox 2603 2775 2892 2848; x_wconf 84' lang='lat' dir='ltr'><strong>Hungaros</strong></span> <span class='ocrx_word' id='word_1_382' title='bbox 2931 2776 3101 2843; x_wconf 83' lang='lat' dir='ltr'><strong>vadit,</strong></span> <span class='ocrx_word' id='word_1_383' title='bbox 3146 2776 3241 2831; x_wconf 88' lang='lat' dir='ltr'><strong>sed</strong></span> <span class='ocrx_word' id='word_1_384' title='bbox 3283 2774 3430 2831; x_wconf 87' lang='lat' dir='ltr'><strong>facto</strong></span> 
     </span>
    </p>
   </div>
   <div class='ocr_carea' id='block_1_54' title="bbox 178 2864 3428 2944">
    <p class='ocr_par' dir='ltr' id='par_1_54' title="bbox 178 2864 3428 2944">
     <span class='ocr_line' id='line_1_54' title="bbox 178 2864 3428 2944; baseline 0 -21"><span class='ocrx_word' id='word_1_385' title='bbox 178 2868 320 2924; x_wconf 87' lang='lat' dir='ltr'><strong>rardo</strong></span> <span class='ocrx_word' id='word_1_386' title='bbox 358 2867 694 2927; x_wconf 86' lang='lat' dir='ltr'><strong>Eboracensi</strong></span> <span class='ocrx_word' id='word_1_387' title='bbox 733 2871 1148 2944; x_wconf 80' lang='lat' dir='ltr'><strong>archiepiscopo</strong></span> <span class='ocrx_word' id='word_1_388' title='bbox 1184 2870 1464 2941; x_wconf 85' lang='lat' dir='ltr'><strong>defuncto,</strong></span> <span class='ocrx_word' id='word_1_389' title='bbox 1498 2873 1738 2930; x_wconf 83' lang='lat' dir='ltr'><strong>Thomas</strong></span> <span class='ocrx_word' id='word_1_390' title='bbox 1840 2878 2000 2941; x_wconf 84' lang='lat' dir='ltr'><strong>pacto</strong></span> <span class='ocrx_word' id='word_1_391' title='bbox 2024 2870 2204 2925; x_wconf 81' lang='lat' dir='ltr'><strong>rediit.</strong></span> <span class='ocrx_word' id='word_1_392' title='bbox 2236 2868 2383 2925; x_wconf 87' lang='lat' dir='ltr'><strong>Obiit</strong></span> <span class='ocrx_word' id='word_1_393' title='bbox 2410 2864 2629 2926; x_wconf 86' lang='lat' dir='ltr'><strong>donnus</strong></span> <span class='ocrx_word' id='word_1_394' title='bbox 2649 2869 2805 2942; x_wconf 88' lang='lat' dir='ltr'><strong>Hugo</strong></span> <span class='ocrx_word' id='word_1_395' title='bbox 2831 2870 2999 2926; x_wconf 88' lang='lat' dir='ltr'><strong>abbas</strong></span> <span class='ocrx_word' id='word_1_396' title='bbox 3028 2868 3428 2933; x_wconf 86' lang='lat' dir='ltr'><strong>Cluniacensis,</strong></span> 
     </span>
    </p>
   </div>
   <div class='ocr_carea' id='block_1_55' title="bbox 171 2960 3432 3036">
    <p class='ocr_par' dir='ltr' id='par_1_55' title="bbox 171 2960 3432 3036">
     <span class='ocr_line' id='line_1_55' title="bbox 171 2960 3432 3036; baseline 0 -22"><span class='ocrx_word' id='word_1_397' title='bbox 171 2969 340 3027; x_wconf 80' lang='lat' dir='ltr'><strong>postea</strong></span> <span class='ocrx_word' id='word_1_398' title='bbox 366 2962 650 3018; x_wconf 90' lang='lat' dir='ltr'><strong>successit.</strong></span> <span class='ocrx_word' id='word_1_399' title='bbox 681 2961 912 3035; x_wconf 65' lang='lat' dir='ltr'><strong>(Summ)</strong></span> <span class='ocrx_word' id='word_1_400' title='bbox 935 2962 1203 3022; x_wconf 90' lang='lat' dir='ltr'><strong>Henricus</strong></span> <span class='ocrx_word' id='word_1_401' title='bbox 1227 2966 1525 3036; x_wconf 89' lang='lat' dir='ltr'><strong>imperator</strong></span> <span class='ocrx_word' id='word_1_402' title='bbox 1547 2974 1737 3022; x_wconf 86' lang='lat' dir='ltr'><strong>contra</strong></span> <span class='ocrx_word' id='word_1_403' title='bbox 1840 2962 1931 3017; x_wconf 85' lang='lat' dir='ltr'><strong>eui</strong></span> <span class='ocrx_word' id='word_1_404' title='bbox 1978 2963 2246 3019; x_wconf 89' lang='lat' dir='ltr'><strong>successit</strong></span> <span class='ocrx_word' id='word_1_405' title='bbox 2275 2961 2523 3018; x_wconf 89' lang='lat' dir='ltr'><strong>Pontius.</strong></span> <span class='ocrx_word' id='word_1_406' title='bbox 2575 2960 2688 3018; x_wconf 91' lang='lat' dir='ltr'><strong>Hoc</strong></span> <span class='ocrx_word' id='word_1_407' title='bbox 2735 2977 2881 3017; x_wconf 90' lang='lat' dir='ltr'><strong>anno</strong></span> <span class='ocrx_word' id='word_1_408' title='bbox 2926 2976 3085 3018; x_wconf 90' lang='lat' dir='ltr'><strong>sacro</strong></span> <span class='ocrx_word' id='word_1_409' title='bbox 3115 2962 3237 3034; x_wconf 86' lang='lat' dir='ltr'><strong>igne</strong></span> <span class='ocrx_word' id='word_1_410' title='bbox 3271 2960 3432 3015; x_wconf 90' lang='lat' dir='ltr'><strong>multi</strong></span> 
     </span>
    </p>
   </div>
   <div class='ocr_carea' id='block_1_56' title="bbox 179 3045 3434 3139">
    <p class='ocr_par' dir='ltr' id='par_1_56' title="bbox 179 3045 3434 3139">
     <span class='ocr_line' id='line_1_56' title="bbox 179 3045 3434 3139; baseline 0.001 -36"><span class='ocrx_word' id='word_1_411' title='bbox 179 3046 444 3107; x_wconf 75' lang='lat' dir='ltr'><strong>Robertum</strong></span> <span class='ocrx_word' id='word_1_412' title='bbox 471 3052 869 3110; x_wconf 89' lang='lat' dir='ltr'><strong>Flandrensem</strong></span> <span class='ocrx_word' id='word_1_413' title='bbox 898 3055 1068 3123; x_wconf 86' lang='lat' dir='ltr'><strong>vadit,</strong></span> <span class='ocrx_word' id='word_1_414' title='bbox 1098 3065 1149 3111; x_wconf 92' lang='lat' dir='ltr'><strong>et</strong></span> <span class='ocrx_word' id='word_1_415' title='bbox 1174 3064 1336 3126; x_wconf 89' lang='lat' dir='ltr'><strong>pacto</strong></span> <span class='ocrx_word' id='word_1_416' title='bbox 1363 3056 1518 3127; x_wconf 89' lang='lat' dir='ltr'><strong>pacis</strong></span> <span class='ocrx_word' id='word_1_417' title='bbox 1560 3055 1737 3128; x_wconf 87' lang='lat' dir='ltr'><strong>magis</strong></span> <span class='ocrx_word' id='word_1_418' title='bbox 1763 3074 1811 3139; x_wconf 67' lang='grc' dir='ltr'>ο</span> <span class='ocrx_word' id='word_1_419' title='bbox 1835 3053 2236 3119; x_wconf 80' lang='lat' dir='ltr'><strong>accenduntur,</strong></span> <span class='ocrx_word' id='word_1_420' title='bbox 2263 3052 2527 3109; x_wconf 77' lang='lat' dir='ltr'><strong>membzis</strong></span> <span class='ocrx_word' id='word_1_421' title='bbox 2557 3054 2737 3110; x_wconf 88' lang='lat' dir='ltr'><strong>instar</strong></span> <span class='ocrx_word' id='word_1_422' title='bbox 2781 3052 3081 3108; x_wconf 89' lang='lat' dir='ltr'><strong>carbonum</strong></span> <span class='ocrx_word' id='word_1_423' title='bbox 3102 3045 3434 3122; x_wconf 44' lang='lat' dir='ltr'><strong>‘nigrescenn</strong></span> 
     </span>
    </p>
   </div>
   <div class='ocr_carea' id='block_1_57' title="bbox 179 3138 3427 3220">
    <p class='ocr_par' dir='ltr' id='par_1_57' title="bbox 179 3138 3427 3220">
     <span class='ocr_line' id='line_1_57' title="bbox 179 3138 3427 3220; baseline -0 -23"><span class='ocrx_word' id='word_1_424' title='bbox 179 3143 405 3215; x_wconf 87' lang='lat' dir='ltr'><strong>utrinque</strong></span> <span class='ocrx_word' id='word_1_425' title='bbox 433 3145 694 3203; x_wconf 88' lang='lat' dir='ltr'><strong>simulato</strong></span> <span class='ocrx_word' id='word_1_426' title='bbox 735 3163 905 3219; x_wconf 75' lang='lat' dir='ltr'><strong>quam</strong></span> <span class='ocrx_word' id='word_1_427' title='bbox 943 3149 1271 3220; x_wconf 86' lang='lat' dir='ltr'><strong>composito,</strong></span> <span class='ocrx_word' id='word_1_428' title='bbox 1319 3162 1457 3219; x_wconf 88' lang='lat' dir='ltr'><strong>pene</strong></span> <span class='ocrx_word' id='word_1_429' title='bbox 1486 3143 1739 3203; x_wconf 84' lang='lat' dir='ltr'><strong>inellicax</strong></span> <span class='ocrx_word' id='word_1_430' title='bbox 1841 3146 2007 3201; x_wconf 87' lang='lat' dir='ltr'><strong>tibus.</strong></span> <span class='ocrx_word' id='word_1_431' title='bbox 2061 3144 2348 3216; x_wconf 86' lang='lat' dir='ltr'><strong>Philippus</strong></span> <span class='ocrx_word' id='word_1_432' title='bbox 2392 3161 2487 3200; x_wconf 84' lang='lat' dir='ltr'><strong>rex</strong></span> <span class='ocrx_word' id='word_1_433' title='bbox 2535 3138 2877 3201; x_wconf 84' lang='lat' dir='ltr'><strong>Francorum</strong></span> <span class='ocrx_word' id='word_1_434' title='bbox 2919 3144 3062 3211; x_wconf 84' lang='lat' dir='ltr'><strong>obit;</strong></span> <span class='ocrx_word' id='word_1_435' title='bbox 3119 3141 3427 3199; x_wconf 64' lang='lat' dir='ltr'><strong>Ludoviuf</strong></span> 
     </span>
    </p>
   </div>
   <div class='ocr_carea' id='block_1_58' title="bbox 178 3235 1737 3311">
    <p class='ocr_par' dir='ltr' id='par_1_58' title="bbox 178 3235 1737 3311">
     <span class='ocr_line' id='line_1_58' title="bbox 178 3235 1737 3311; baseline 0.003 -22"><span class='ocrx_word' id='word_1_436' title='bbox 381 3237 734 3295; x_wconf 86' lang='lat' dir='ltr'><strong>Boamundus</strong></span> <span class='ocrx_word' id='word_1_437' title='bbox 771 3241 884 3296; x_wconf 83' lang='lat' dir='ltr'><strong>dux</strong></span> <span class='ocrx_word' id='word_1_438' title='bbox 918 3239 1114 3311; x_wconf 84' lang='lat' dir='ltr'><strong>Apulie</strong></span> <span class='ocrx_word' id='word_1_439' title='bbox 1142 3249 1422 3297; x_wconf 91' lang='lat' dir='ltr'><strong>contracto</strong></span> <span class='ocrx_word' id='word_1_440' title='bbox 1453 3241 1737 3297; x_wconf 86' lang='lat' dir='ltr'><strong>undecun-</strong></span> 
     </span>
    </p>
   </div>
   <div class='ocr_carea' id='block_1_59' title="bbox 178 3327 1741 3402">
    <p class='ocr_par' dir='ltr' id='par_1_59' title="bbox 178 3327 1741 3402">
     <span class='ocr_line' id='line_1_59' title="bbox 178 3327 1741 3402; baseline 0.003 -22"><span class='ocrx_word' id='word_1_441' title='bbox 178 3338 269 3393; x_wconf 87' lang='lat' dir='ltr'><strong>que</strong></span> <span class='ocrx_word' id='word_1_442' title='bbox 289 3327 518 3384; x_wconf 82' lang='lat' dir='ltr'><strong>exercitu</strong></span> <span class='ocrx_word' id='word_1_443' title='bbox 551 3329 861 3402; x_wconf 84' lang='lat' dir='ltr'><strong>accingitur</strong></span> <span class='ocrx_word' id='word_1_444' title='bbox 900 3330 968 3385; x_wconf 89' lang='lat' dir='ltr'><strong>ad</strong></span> <span class='ocrx_word' id='word_1_445' title='bbox 1013 3330 1380 3389; x_wconf 89' lang='lat' dir='ltr'><strong>invadendum</strong></span> <span class='ocrx_word' id='word_1_446' title='bbox 1424 3329 1741 3386; x_wconf 87' lang='lat' dir='ltr'><strong>Constanti-</strong></span> 
     </span>
    </p>
   </div>
   <div class='ocr_carea' id='block_1_60' title="bbox 180 3418 874 3494">
    <p class='ocr_par' dir='ltr' id='par_1_60' title="bbox 180 3418 874 3494">
     <span class='ocr_line' id='line_1_60' title="bbox 180 3418 874 3494; baseline 0.006 -21"><span class='ocrx_word' id='word_1_447' title='bbox 180 3418 523 3488; x_wconf 87' lang='lat' dir='ltr'><strong>nopolitanum</strong></span> <span class='ocrx_word' id='word_1_448' title='bbox 563 3421 874 3494; x_wconf 89' lang='lat' dir='ltr'><strong>imperium.</strong></span> 
     </span>
    </p>
   </div>
   <div class='ocr_carea' id='block_1_61' title="bbox 269 3511 1446 3571">
    <p class='ocr_par' dir='ltr' id='par_1_61' title="bbox 269 3511 1446 3571">
     <span class='ocr_line' id='line_1_61' title="bbox 269 3511 1446 3571; baseline 0.004 -5"><span class='ocrx_word' id='word_1_449' title='bbox 269 3511 414 3569; x_wconf 85' lang='grc'><strong>1109.</strong></span> <span class='ocrx_word' id='word_1_450' title='bbox 706 3515 759 3570; x_wconf 83' lang='grc'><strong>5.</strong></span> <span class='ocrx_word' id='word_1_451' title='bbox 1050 3516 1140 3571; x_wconf 74' lang='grc'><strong>40.</strong></span> <span class='ocrx_word' id='word_1_452' title='bbox 1391 3512 1446 3571; x_wconf 78' lang='lat'><strong>9.</strong></span> 
     </span>
    </p>
   </div>
   <div class='ocr_carea' id='block_1_62' title="bbox 233 3599 1735 3680">
    <p class='ocr_par' dir='ltr' id='par_1_62' title="bbox 233 3599 1735 3680">
     <span class='ocr_line' id='line_1_62' title="bbox 233 3599 1735 3680; baseline 0.003 -20"><span class='ocrx_word' id='word_1_453' title='bbox 233 3602 421 3678; x_wconf 67' lang='lat' dir='ltr'><strong>(llum.</strong></span> <span class='ocrx_word' id='word_1_454' title='bbox 444 3607 573 3679; x_wconf 80' lang='lat' dir='ltr'><strong>vn.)</strong></span> <span class='ocrx_word' id='word_1_455' title='bbox 599 3607 753 3665; x_wconf 84' lang='lat' dir='ltr'><strong>Missi</strong></span> <span class='ocrx_word' id='word_1_456' title='bbox 784 3616 915 3665; x_wconf 88' lang='lat' dir='ltr'><strong>sunt</strong></span> <span class='ocrx_word' id='word_1_457' title='bbox 942 3625 973 3664; x_wconf 90' lang='lat' dir='ltr'><strong>a</strong></span> <span class='ocrx_word' id='word_1_458' title='bbox 1005 3599 1239 3666; x_wconf 85' lang='lat' dir='ltr'><strong>Henrico</strong></span> <span class='ocrx_word' id='word_1_459' title='bbox 1265 3609 1594 3680; x_wconf 87' lang='lat' dir='ltr'><strong>imperatore</strong></span> <span class='ocrx_word' id='word_1_460' title='bbox 1620 3606 1735 3664; x_wconf 80' lang='lat' dir='ltr'><strong>Bo-</strong></span> 
     </span>
    </p>
   </div>
   <div class='ocr_carea' id='block_1_63' title="bbox 181 3699 1738 3774">
    <p class='ocr_par' dir='ltr' id='par_1_63' title="bbox 181 3699 1738 3774">
     <span class='ocr_line' id='line_1_63' title="bbox 181 3699 1738 3774; baseline 0.004 -22"><span class='ocrx_word' id='word_1_461' title='bbox 181 3713 322 3754; x_wconf 82' lang='lat' dir='ltr'><strong>mauo</strong></span> <span class='ocrx_word' id='word_1_462' title='bbox 352 3702 547 3768; x_wconf 90' lang='lat' dir='ltr'><strong>nuntii,</strong></span> <span class='ocrx_word' id='word_1_463' title='bbox 594 3703 741 3758; x_wconf 88' lang='lat' dir='ltr'><strong>mole</strong></span> <span class='ocrx_word' id='word_1_464' title='bbox 768 3702 1015 3773; x_wconf 89' lang='lat' dir='ltr'><strong>corporis</strong></span> <span class='ocrx_word' id='word_1_465' title='bbox 1049 3710 1103 3758; x_wconf 91' lang='lat' dir='ltr'><strong>et</strong></span> <span class='ocrx_word' id='word_1_466' title='bbox 1144 3702 1326 3759; x_wconf 89' lang='lat' dir='ltr'><strong>cultus</strong></span> <span class='ocrx_word' id='word_1_467' title='bbox 1356 3699 1738 3774; x_wconf 87' lang='lat' dir='ltr'><strong>splendoribus</strong></span> 
     </span>
    </p>
   </div>
   <div class='ocr_carea' id='block_1_64' title="bbox 180 3793 1737 3868">
    <p class='ocr_par' dir='ltr' id='par_1_64' title="bbox 180 3793 1737 3868">
     <span class='ocr_line' id='line_1_64' title="bbox 180 3793 1737 3868; baseline 0.005 -23"><span class='ocrx_word' id='word_1_468' title='bbox 180 3793 497 3862; x_wconf 81' lang='lat' dir='ltr'><strong>excellentes,</strong></span> <span class='ocrx_word' id='word_1_469' title='bbox 521 3794 690 3851; x_wconf 85' lang='lat' dir='ltr'><strong>filiam</strong></span> <span class='ocrx_word' id='word_1_470' title='bbox 712 3796 858 3867; x_wconf 84' lang='lat' dir='ltr'><strong>regis</strong></span> <span class='ocrx_word' id='word_1_471' title='bbox 878 3796 1179 3868; x_wconf 80' lang='lat' dir='ltr'><strong>Anglorum</strong></span> <span class='ocrx_word' id='word_1_472' title='bbox 1203 3795 1422 3853; x_wconf 89' lang='lat' dir='ltr'><strong>Henrici</strong></span> <span class='ocrx_word' id='word_1_473' title='bbox 1447 3798 1499 3853; x_wconf 91' lang='lat' dir='ltr'><strong>in</strong></span> <span class='ocrx_word' id='word_1_474' title='bbox 1530 3793 1737 3853; x_wconf 86' lang='lat' dir='ltr'><strong>domini</strong></span> 
     </span>
    </p>
   </div>
   <div class='ocr_carea' id='block_1_65' title="bbox 181 3880 1738 3959">
    <p class='ocr_par' dir='ltr' id='par_1_65' title="bbox 181 3880 1738 3959">
     <span class='ocr_line' id='line_1_65' title="bbox 181 3880 1738 3959; baseline 0.004 -23"><span class='ocrx_word' id='word_1_475' title='bbox 181 3883 252 3936; x_wconf 87' lang='lat' dir='ltr'><strong>sui</strong></span> <span class='ocrx_word' id='word_1_476' title='bbox 290 3887 598 3959; x_wconf 89' lang='lat' dir='ltr'><strong>conjugium</strong></span> <span class='ocrx_word' id='word_1_477' title='bbox 647 3889 1007 3958; x_wconf 80' lang='lat' dir='ltr'><strong>postulantes.</strong></span> <span class='ocrx_word' id='word_1_478' title='bbox 1058 3880 1276 3944; x_wconf 87' lang='lat' dir='ltr'><strong>Tenens</strong></span> <span class='ocrx_word' id='word_1_479' title='bbox 1308 3887 1477 3959; x_wconf 89' lang='lat' dir='ltr'><strong>igitur</strong></span> <span class='ocrx_word' id='word_1_480' title='bbox 1526 3888 1738 3944; x_wconf 91' lang='lat' dir='ltr'><strong>curiam</strong></span> 
     </span>
    </p>
   </div>
   <div class='ocr_carea' id='block_1_66' title="bbox 178 3976 1737 4051">
    <p class='ocr_par' dir='ltr' id='par_1_66' title="bbox 178 3976 1737 4051">
     <span class='ocr_line' id='line_1_66' title="bbox 178 3976 1737 4051; baseline 0.004 -22"><span class='ocrx_word' id='word_1_481' title='bbox 178 3976 303 4045; x_wconf 68' lang='lat' dir='ltr'><strong>apud</strong></span> <span class='ocrx_word' id='word_1_482' title='bbox 328 3976 684 4047; x_wconf 87' lang='lat' dir='ltr'><strong>Londoniam,</strong></span> <span class='ocrx_word' id='word_1_483' title='bbox 729 3996 839 4051; x_wconf 93' lang='lat' dir='ltr'><strong>qua</strong></span> <span class='ocrx_word' id='word_1_484' title='bbox 868 3996 1151 4051; x_wconf 87' lang='lat' dir='ltr'><strong>nunquam</strong></span> <span class='ocrx_word' id='word_1_485' title='bbox 1197 3976 1618 4050; x_wconf 86' lang='lat' dir='ltr'><strong>splendidiorem</strong></span> <span class='ocrx_word' id='word_1_486' title='bbox 1654 3989 1737 4036; x_wconf 89' lang='lat' dir='ltr'><strong>te-</strong></span> 
     </span>
    </p>
   </div>
   <div class='ocr_carea' id='block_1_67' title="bbox 182 4072 1737 4143">
    <p class='ocr_par' dir='ltr' id='par_1_67' title="bbox 182 4072 1737 4143">
     <span class='ocr_line' id='line_1_67' title="bbox 182 4072 1737 4143; baseline 0.005 -22"><span class='ocrx_word' id='word_1_487' title='bbox 182 4078 368 4137; x_wconf 83' lang='lat' dir='ltr'><strong>nuerat,</strong></span> <span class='ocrx_word' id='word_1_488' title='bbox 398 4080 744 4128; x_wconf 84' lang='lat' dir='ltr'><strong>sacramenta</strong></span> <span class='ocrx_word' id='word_1_489' title='bbox 774 4072 1130 4143; x_wconf 89' lang='lat' dir='ltr'><strong>depostulans</strong></span> <span class='ocrx_word' id='word_1_490' title='bbox 1158 4073 1229 4129; x_wconf 91' lang='lat' dir='ltr'><strong>ab</strong></span> <span class='ocrx_word' id='word_1_491' title='bbox 1272 4073 1617 4143; x_wconf 85' lang='lat' dir='ltr'><strong>imperatoris</strong></span> <span class='ocrx_word' id='word_1_492' title='bbox 1646 4090 1737 4129; x_wconf 86' lang='lat' dir='ltr'><strong>re-</strong></span> 
     </span>
    </p>
   </div>
   <div class='ocr_carea' id='block_1_68' title="bbox 133 4161 1740 4237">
    <p class='ocr_par' dir='ltr' id='par_1_68' title="bbox 133 4161 1740 4237">
     <span class='ocr_line' id='line_1_68' title="bbox 133 4161 1740 4237; baseline -0.001 -16"><span class='ocrx_word' id='word_1_493' title='bbox 133 4212 136 4221; x_wconf 75' lang='lat'><em>,</em></span> <span class='ocrx_word' id='word_1_494' title='bbox 183 4161 300 4228; x_wconf 72' lang='lat' dir='ltr'><strong>cepit</strong></span> <span class='ocrx_word' id='word_1_495' title='bbox 344 4162 530 4234; x_wconf 84' lang='lat' dir='ltr'><strong>legatis</strong></span> <span class='ocrx_word' id='word_1_496' title='bbox 583 4164 649 4219; x_wconf 87' lang='lat' dir='ltr'><strong>ad</strong></span> <span class='ocrx_word' id='word_1_497' title='bbox 700 4173 1069 4234; x_wconf 85' lang='lat' dir='ltr'><strong>pentecosten.</strong></span> <span class='ocrx_word' id='word_1_498' title='bbox 1097 4163 1322 4237; x_wconf 85' lang='lat' dir='ltr'><strong>(Gemm.</strong></span> <span class='ocrx_word' id='word_1_499' title='bbox 1357 4181 1432 4231; x_wconf 79' lang='lat' dir='ltr'><strong>v1,</strong></span> <span class='ocrx_word' id='word_1_500' title='bbox 1482 4164 1558 4235; x_wconf 88' lang='lat'><strong>9).</strong></span> <span class='ocrx_word' id='word_1_501' title='bbox 1593 4162 1740 4221; x_wconf 91' lang='lat' dir='ltr'><strong>Obiit</strong></span> 
     </span>
    </p>
   </div>
   <div class='ocr_carea' id='block_1_69' title="bbox 183 4254 1739 4314">
    <p class='ocr_par' dir='ltr' id='par_1_69' title="bbox 183 4254 1739 4314">
     <span class='ocr_line' id='line_1_69' title="bbox 183 4254 1739 4314; baseline 0.008 -12"><span class='ocrx_word' id='word_1_502' title='bbox 183 4254 472 4313; x_wconf 84' lang='lat' dir='ltr'><strong>venerabilis</strong></span> <span class='ocrx_word' id='word_1_503' title='bbox 500 4256 766 4312; x_wconf 91' lang='lat' dir='ltr'><strong>memorie</strong></span> <span class='ocrx_word' id='word_1_504' title='bbox 787 4257 1005 4314; x_wconf 91' lang='lat' dir='ltr'><strong>donnus</strong></span> <span class='ocrx_word' id='word_1_505' title='bbox 1018 4257 1311 4313; x_wconf 86' lang='lat' dir='ltr'><strong>Anselmus</strong></span> <span class='ocrx_word' id='word_1_506' title='bbox 1326 4256 1739 4314; x_wconf 89' lang='lat' dir='ltr'><strong>Cantuariensis</strong></span> 
     </span>
    </p>
   </div>
   <div class='ocr_carea' id='block_1_70' title="bbox 180 4345 1737 4420">
    <p class='ocr_par' dir='ltr' id='par_1_70' title="bbox 180 4345 1737 4420">
     <span class='ocr_line' id='line_1_70' title="bbox 180 4345 1737 4420; baseline 0.007 -25"><span class='ocrx_word' id='word_1_507' title='bbox 180 4345 594 4420; x_wconf 85' lang='lat' dir='ltr'><strong>archiepiscopus</strong></span> <span class='ocrx_word' id='word_1_508' title='bbox 648 4349 734 4404; x_wconf 92' lang='grc'><strong>11.</strong></span> <span class='ocrx_word' id='word_1_509' title='bbox 781 4349 1054 4406; x_wconf 84' lang='lat' dir='ltr'><strong>Kalendas</strong></span> <span class='ocrx_word' id='word_1_510' title='bbox 1107 4348 1257 4416; x_wconf 84' lang='lat' dir='ltr'><strong>Maii,</strong></span> <span class='ocrx_word' id='word_1_511' title='bbox 1316 4349 1452 4405; x_wconf 84' lang='lat' dir='ltr'><strong>feria</strong></span> <span class='ocrx_word' id='word_1_512' title='bbox 1500 4350 1554 4405; x_wconf 73' lang='grc'><strong>4.</strong></span> <span class='ocrx_word' id='word_1_513' title='bbox 1609 4359 1737 4407; x_wconf 89' lang='lat' dir='ltr'><strong>ante</strong></span> 
     </span>
    </p>
   </div>
   <div class='ocr_carea' id='block_1_71' title="bbox 1840 3236 3318 3310">
    <p class='ocr_par' dir='ltr' id='par_1_71' title="bbox 1840 3236 3318 3310">
     <span class='ocr_line' id='line_1_71' title="bbox 1840 3236 3318 3310; baseline -0.003 -18"><span class='ocrx_word' id='word_1_514' title='bbox 1840 3236 1986 3293; x_wconf 82' lang='lat' dir='ltr'><strong>ﬁlius</strong></span> <span class='ocrx_word' id='word_1_515' title='bbox 2013 3236 2133 3308; x_wconf 89' lang='lat' dir='ltr'><strong>ejus</strong></span> <span class='ocrx_word' id='word_1_516' title='bbox 2161 3245 2286 3308; x_wconf 88' lang='lat' dir='ltr'><strong>post</strong></span> <span class='ocrx_word' id='word_1_517' title='bbox 2311 3252 2437 3294; x_wconf 90' lang='lat' dir='ltr'><strong>eum</strong></span> <span class='ocrx_word' id='word_1_518' title='bbox 2461 3246 2655 3310; x_wconf 88' lang='lat' dir='ltr'><strong>regnat</strong></span> <span class='ocrx_word' id='word_1_519' title='bbox 2682 3237 2845 3292; x_wconf 86' lang='lat' dir='ltr'><strong>annis</strong></span> <span class='ocrx_word' id='word_1_520' title='bbox 2874 3236 3077 3309; x_wconf 72' lang='lat' dir='ltr'><strong>viginti</strong></span> <span class='ocrx_word' id='word_1_521' title='bbox 3099 3249 3318 3290; x_wconf 90' lang='lat' dir='ltr'><strong>novem.</strong></span> 
     </span>
    </p>
   </div>
   <div class='ocr_carea' id='block_1_72' title="bbox 1984 3338 3285 3398">
    <p class='ocr_par' dir='ltr' id='par_1_72' title="bbox 1984 3338 3285 3398">
     <span class='ocr_line' id='line_1_72' title="bbox 1984 3338 3285 3398; baseline -0.004 0"><span class='ocrx_word' id='word_1_522' title='bbox 1984 3341 2143 3398; x_wconf 82' lang='lat' dir='ltr'><strong>me.</strong></span> <span class='ocrx_word' id='word_1_523' title='bbox 2330 3340 2384 3398; x_wconf 73' lang='grc' dir='ltr'><strong>ι.</strong></span> <span class='ocrx_word' id='word_1_524' title='bbox 2570 3341 2872 3397; x_wconf 74' lang='lat' dir='ltr'><strong>Ludovicus</strong></span> <span class='ocrx_word' id='word_1_525' title='bbox 2929 3341 2979 3395; x_wconf 86' lang='grc'><strong>1.</strong></span> <span class='ocrx_word' id='word_1_526' title='bbox 3198 3338 3285 3394; x_wconf 89' lang='grc'><strong>10.</strong></span> 
     </span>
    </p>
   </div>
   <div class='ocr_carea' id='block_1_73' title="bbox 1912 3426 3409 3506">
    <p class='ocr_par' dir='ltr' id='par_1_73' title="bbox 1912 3426 3409 3506">
     <span class='ocr_line' id='line_1_73' title="bbox 1912 3426 3409 3506; baseline -0.002 -15"><span class='ocrx_word' id='word_1_527' title='bbox 1912 3426 2110 3503; x_wconf 70' lang='lat' dir='ltr'><strong>(Hum.</strong></span> <span class='ocrx_word' id='word_1_528' title='bbox 2138 3434 2262 3506; x_wconf 85' lang='lat' dir='ltr'><strong>vn.)</strong></span> <span class='ocrx_word' id='word_1_529' title='bbox 2289 3426 2425 3489; x_wconf 88' lang='lat' dir='ltr'><strong>Data</strong></span> <span class='ocrx_word' id='word_1_530' title='bbox 2463 3442 2549 3490; x_wconf 90' lang='lat' dir='ltr'><strong>est</strong></span> <span class='ocrx_word' id='word_1_531' title='bbox 2575 3433 2684 3489; x_wconf 80' lang='lat' dir='ltr'><strong>lilia</strong></span> <span class='ocrx_word' id='word_1_532' title='bbox 2726 3433 2873 3505; x_wconf 85' lang='lat' dir='ltr'><strong>regis</strong></span> <span class='ocrx_word' id='word_1_533' title='bbox 2912 3432 3234 3505; x_wconf 84' lang='lat' dir='ltr'><strong>Anglorum,</strong></span> <span class='ocrx_word' id='word_1_534' title='bbox 3262 3429 3409 3488; x_wconf 66' lang='lat' dir='ltr'><strong>Mat?</strong></span> 
     </span>
    </p>
   </div>
   <div class='ocr_carea' id='block_1_74' title="bbox 1808 3524 3432 3599">
    <p class='ocr_par' dir='ltr' id='par_1_74' title="bbox 1808 3524 3432 3599">
     <span class='ocr_line' id='line_1_74' title="bbox 1808 3524 3432 3599; baseline -0.004 -13"><span class='ocrx_word' id='word_1_535' title='bbox 1808 3528 1925 3599; x_wconf 7' lang='lat' dir='ltr'><strong>(dis</strong></span> <span class='ocrx_word' id='word_1_536' title='bbox 1969 3528 2215 3596; x_wconf 91' lang='lat' dir='ltr'><strong>nomine,</strong></span> <span class='ocrx_word' id='word_1_537' title='bbox 2260 3526 2578 3599; x_wconf 88' lang='lat' dir='ltr'><strong>imperatori</strong></span> <span class='ocrx_word' id='word_1_538' title='bbox 2633 3525 2893 3593; x_wconf 85' lang='lat' dir='ltr'><strong>Henrico,</strong></span> <span class='ocrx_word' id='word_1_539' title='bbox 2931 3534 2992 3580; x_wconf 91' lang='lat' dir='ltr'><strong>ut</strong></span> <span class='ocrx_word' id='word_1_540' title='bbox 3030 3525 3181 3580; x_wconf 90' lang='lat' dir='ltr'><strong>brevi</strong></span> <span class='ocrx_word' id='word_1_541' title='bbox 3226 3524 3432 3591; x_wconf 87' lang='lat' dir='ltr'><strong>dicam,</strong></span> 
     </span>
    </p>
   </div>
   <div class='ocr_carea' id='block_1_75' title="bbox 1840 3616 3434 3691">
    <p class='ocr_par' dir='ltr' id='par_1_75' title="bbox 1840 3616 3434 3691">
     <span class='ocr_line' id='line_1_75' title="bbox 1840 3616 3434 3691; baseline -0.004 -13"><span class='ocrx_word' id='word_1_542' title='bbox 1840 3621 1986 3678; x_wconf 89' lang='lat' dir='ltr'><strong>sicut</strong></span> <span class='ocrx_word' id='word_1_543' title='bbox 2008 3620 2211 3678; x_wconf 87' lang='lat' dir='ltr'><strong>decuit.</strong></span> <span class='ocrx_word' id='word_1_544' title='bbox 2244 3618 2393 3681; x_wconf 81' lang='lat' dir='ltr'><strong>Idem</strong></span> <span class='ocrx_word' id='word_1_545' title='bbox 2419 3635 2515 3676; x_wconf 85' lang='lat' dir='ltr'><strong>rex</strong></span> <span class='ocrx_word' id='word_1_546' title='bbox 2546 3618 2846 3691; x_wconf 86' lang='lat' dir='ltr'><strong>Anglorum</strong></span> <span class='ocrx_word' id='word_1_547' title='bbox 2883 3616 3151 3673; x_wconf 82' lang='lat' dir='ltr'><strong>Henricus</strong></span> <span class='ocrx_word' id='word_1_548' title='bbox 3190 3616 3334 3687; x_wconf 90' lang='lat' dir='ltr'><strong>cepit</strong></span> <span class='ocrx_word' id='word_1_549' title='bbox 3362 3616 3434 3671; x_wconf 88' lang='lat' dir='ltr'><strong>ab</strong></span> 
     </span>
    </p>
   </div>
   <div class='ocr_carea' id='block_1_76' title="bbox 1839 3707 3435 3785">
    <p class='ocr_par' dir='ltr' id='par_1_76' title="bbox 1839 3707 3435 3785">
     <span class='ocr_line' id='line_1_76' title="bbox 1839 3707 3435 3785; baseline -0.004 -16"><span class='ocrx_word' id='word_1_550' title='bbox 1839 3726 2171 3785; x_wconf 78' lang='lat' dir='ltr'><strong>unaquaque</strong></span> <span class='ocrx_word' id='word_1_551' title='bbox 2192 3711 2319 3768; x_wconf 86' lang='lat' dir='ltr'><strong>hida</strong></span> <span class='ocrx_word' id='word_1_552' title='bbox 2342 3710 2535 3784; x_wconf 79' lang='lat' dir='ltr'><strong>Anglic</strong></span> <span class='ocrx_word' id='word_1_553' title='bbox 2557 3714 2670 3767; x_wconf 84' lang='lat' dir='ltr'><strong>tres</strong></span> <span class='ocrx_word' id='word_1_554' title='bbox 2699 3708 2923 3765; x_wconf 89' lang='lat' dir='ltr'><strong>solidos.</strong></span> <span class='ocrx_word' id='word_1_555' title='bbox 2949 3707 3199 3779; x_wconf 87' lang='lat' dir='ltr'><strong>Cumque</strong></span> <span class='ocrx_word' id='word_1_556' title='bbox 3220 3707 3435 3764; x_wconf 87' lang='lat' dir='ltr'><strong>curiam</strong></span> 
     </span>
    </p>
   </div>
   <div class='ocr_carea' id='block_1_77' title="bbox 1840 3798 3436 3876">
    <p class='ocr_par' dir='ltr' id='par_1_77' title="bbox 1840 3798 3436 3876">
     <span class='ocr_line' id='line_1_77' title="bbox 1840 3798 3436 3876; baseline -0.004 -14"><span class='ocrx_word' id='word_1_557' title='bbox 1840 3820 1999 3862; x_wconf 87' lang='lat' dir='ltr'><strong>suam</strong></span> <span class='ocrx_word' id='word_1_558' title='bbox 2020 3805 2289 3862; x_wconf 89' lang='lat' dir='ltr'><strong>tenuisset</strong></span> <span class='ocrx_word' id='word_1_559' title='bbox 2316 3804 2384 3860; x_wconf 88' lang='lat' dir='ltr'><strong>ad</strong></span> <span class='ocrx_word' id='word_1_560' title='bbox 2414 3811 2765 3876; x_wconf 85' lang='lat' dir='ltr'><strong>pentecosten</strong></span> <span class='ocrx_word' id='word_1_561' title='bbox 2791 3800 2936 3872; x_wconf 88' lang='lat' dir='ltr'><strong>apud</strong></span> <span class='ocrx_word' id='word_1_562' title='bbox 2968 3815 3166 3855; x_wconf 88' lang='lat' dir='ltr'><strong>novam</strong></span> <span class='ocrx_word' id='word_1_563' title='bbox 3192 3798 3436 3855; x_wconf 83' lang='lat' dir='ltr'><strong>Winles-</strong></span> 
     </span>
    </p>
   </div>
   <div class='ocr_carea' id='block_1_78' title="bbox 1840 3890 3436 3970">
    <p class='ocr_par' dir='ltr' id='par_1_78' title="bbox 1840 3890 3436 3970">
     <span class='ocr_line' id='line_1_78' title="bbox 1840 3890 3436 3970; baseline -0.003 -17"><span class='ocrx_word' id='word_1_564' title='bbox 1840 3898 2025 3966; x_wconf 91' lang='lat' dir='ltr'><strong>bores,</strong></span> <span class='ocrx_word' id='word_1_565' title='bbox 2053 3912 2219 3970; x_wconf 91' lang='lat' dir='ltr'><strong>quam</strong></span> <span class='ocrx_word' id='word_1_566' title='bbox 2244 3896 2368 3969; x_wconf 85' lang='lat' dir='ltr'><strong>ipse</strong></span> <span class='ocrx_word' id='word_1_567' title='bbox 2391 3896 2757 3961; x_wconf 84' lang='lat' dir='ltr'><strong>editicaverat,</strong></span> <span class='ocrx_word' id='word_1_568' title='bbox 2785 3892 3182 3951; x_wconf 81' lang='lat' dir='ltr'><strong>exhereditavit</strong></span> <span class='ocrx_word' id='word_1_569' title='bbox 3205 3907 3301 3949; x_wconf 85' lang='lat' dir='ltr'><strong>eos</strong></span> <span class='ocrx_word' id='word_1_570' title='bbox 3338 3890 3436 3963; x_wconf 84' lang='lat' dir='ltr'><strong>qui</strong></span> 
     </span>
    </p>
   </div>
   <div class='ocr_carea' id='block_1_79' title="bbox 1838 3983 3437 4063">
    <p class='ocr_par' dir='ltr' id='par_1_79' title="bbox 1838 3983 3437 4063">
     <span class='ocr_line' id='line_1_79' title="bbox 1838 3983 3437 4063; baseline -0.008 -11"><span class='ocrx_word' id='word_1_571' title='bbox 1838 3996 1888 4052; x_wconf 92' lang='lat' dir='ltr'><strong>ei</strong></span> <span class='ocrx_word' id='word_1_572' title='bbox 1918 4002 2243 4061; x_wconf 91' lang='lat' dir='ltr'><strong>nocuerant,</strong></span> <span class='ocrx_word' id='word_1_573' title='bbox 2274 3988 2485 4051; x_wconf 80' lang='lat' dir='ltr'><strong>scilicet</strong></span> <span class='ocrx_word' id='word_1_574' title='bbox 2514 3991 2828 4063; x_wconf 82' lang='lat' dir='ltr'><strong>Philippum</strong></span> <span class='ocrx_word' id='word_1_575' title='bbox 2860 3990 2927 4046; x_wconf 91' lang='lat' dir='ltr'><strong>de</strong></span> <span class='ocrx_word' id='word_1_576' title='bbox 2958 3988 3187 4055; x_wconf 88' lang='lat' dir='ltr'><strong>Branse,</strong></span> <span class='ocrx_word' id='word_1_577' title='bbox 3215 3995 3269 4042; x_wconf 91' lang='lat' dir='ltr'><strong>et</strong></span> <span class='ocrx_word' id='word_1_578' title='bbox 3292 3983 3437 4041; x_wconf 83' lang='lat' dir='ltr'><strong>Wil-</strong></span> 
     </span>
    </p>
   </div>
   <div class='ocr_carea' id='block_1_80' title="bbox 1838 4078 3436 4152">
    <p class='ocr_par' dir='ltr' id='par_1_80' title="bbox 1838 4078 3436 4152">
     <span class='ocr_line' id='line_1_80' title="bbox 1838 4078 3436 4152; baseline -0.007 -9"><span class='ocrx_word' id='word_1_579' title='bbox 1838 4087 2074 4143; x_wconf 89' lang='lat' dir='ltr'><strong>lermum</strong></span> <span class='ocrx_word' id='word_1_580' title='bbox 2103 4084 2285 4152; x_wconf 85' lang='lat' dir='ltr'><strong>M&#39;alet,</strong></span> <span class='ocrx_word' id='word_1_581' title='bbox 2323 4093 2378 4140; x_wconf 91' lang='lat' dir='ltr'><strong>et</strong></span> <span class='ocrx_word' id='word_1_582' title='bbox 2420 4083 2765 4139; x_wconf 87' lang='lat' dir='ltr'><strong>Willermum</strong></span> <span class='ocrx_word' id='word_1_583' title='bbox 2802 4080 3060 4136; x_wconf 88' lang='lat' dir='ltr'><strong>Bainard.</strong></span> <span class='ocrx_word' id='word_1_584' title='bbox 3095 4078 3279 4136; x_wconf 83' lang='lat' dir='ltr'><strong>Helias</strong></span> <span class='ocrx_word' id='word_1_585' title='bbox 3303 4092 3436 4133; x_wconf 89' lang='lat' dir='ltr'><strong>vero</strong></span> 
     </span>
    </p>
   </div>
   <div class='ocr_carea' id='block_1_81' title="bbox 1839 4173 3432 4249">
    <p class='ocr_par' dir='ltr' id='par_1_81' title="bbox 1839 4173 3432 4249">
     <span class='ocr_line' id='line_1_81' title="bbox 1839 4173 3432 4249; baseline -0.008 -11"><span class='ocrx_word' id='word_1_586' title='bbox 1839 4181 2032 4238; x_wconf 88' lang='lat' dir='ltr'><strong>consul</strong></span> <span class='ocrx_word' id='word_1_587' title='bbox 2059 4178 2415 4245; x_wconf 88' lang='lat' dir='ltr'><strong>Cenomanie,</strong></span> <span class='ocrx_word' id='word_1_588' title='bbox 2444 4178 2540 4249; x_wconf 91' lang='lat' dir='ltr'><strong>qui</strong></span> <span class='ocrx_word' id='word_1_589' title='bbox 2574 4192 2696 4233; x_wconf 87' lang='lat' dir='ltr'><strong>eam</strong></span> <span class='ocrx_word' id='word_1_590' title='bbox 2724 4175 2828 4232; x_wconf 90' lang='lat' dir='ltr'><strong>sub</strong></span> <span class='ocrx_word' id='word_1_591' title='bbox 2855 4173 3093 4231; x_wconf 88' lang='lat' dir='ltr'><strong>Henrico</strong></span> <span class='ocrx_word' id='word_1_592' title='bbox 3116 4188 3245 4246; x_wconf 90' lang='lat' dir='ltr'><strong>rege</strong></span> <span class='ocrx_word' id='word_1_593' title='bbox 3276 4180 3432 4227; x_wconf 84' lang='lat' dir='ltr'><strong>tene-</strong></span> 
     </span>
    </p>
   </div>
   <div class='ocr_carea' id='block_1_82' title="bbox 1838 4264 3432 4345">
    <p class='ocr_par' dir='ltr' id='par_1_82' title="bbox 1838 4264 3432 4345">
     <span class='ocr_line' id='line_1_82' title="bbox 1838 4264 3432 4345; baseline -0.008 -15"><span class='ocrx_word' id='word_1_594' title='bbox 1838 4275 1952 4341; x_wconf 88' lang='lat' dir='ltr'><strong>bat,</strong></span> <span class='ocrx_word' id='word_1_595' title='bbox 1978 4270 2088 4330; x_wconf 87' lang='lat' dir='ltr'><strong>vita</strong></span> <span class='ocrx_word' id='word_1_596' title='bbox 2115 4268 2360 4345; x_wconf 88' lang='lat' dir='ltr'><strong>privatus</strong></span> <span class='ocrx_word' id='word_1_597' title='bbox 2380 4278 2483 4328; x_wconf 89' lang='lat' dir='ltr'><strong>est.</strong></span> <span class='ocrx_word' id='word_1_598' title='bbox 2507 4271 2575 4325; x_wconf 84' lang='lat' dir='ltr'><strong>At</strong></span> <span class='ocrx_word' id='word_1_599' title='bbox 2594 4270 2789 4327; x_wconf 92' lang='lat' dir='ltr'><strong>consul</strong></span> <span class='ocrx_word' id='word_1_600' title='bbox 2810 4266 3220 4339; x_wconf 86' lang='lat' dir='ltr'><strong>Andegavensis</strong></span> <span class='ocrx_word' id='word_1_601' title='bbox 3240 4264 3432 4331; x_wconf 88' lang='lat' dir='ltr'><strong>Fulco,</strong></span> 
     </span>
    </p>
   </div>
   <div class='ocr_carea' id='block_1_83' title="bbox 1838 4356 3434 4438">
    <p class='ocr_par' dir='ltr' id='par_1_83' title="bbox 1838 4356 3434 4438">
     <span class='ocr_line' id='line_1_83' title="bbox 1838 4356 3434 4438; baseline -0.008 -15"><span class='ocrx_word' id='word_1_602' title='bbox 1838 4374 1993 4438; x_wconf 88' lang='lat' dir='ltr'><strong>pater</strong></span> <span class='ocrx_word' id='word_1_603' title='bbox 2042 4362 2313 4433; x_wconf 85' lang='lat' dir='ltr'><strong>Gaufridi,</strong></span> <span class='ocrx_word' id='word_1_604' title='bbox 2370 4363 2611 4435; x_wconf 90' lang='lat' dir='ltr'><strong>suscepit</strong></span> <span class='ocrx_word' id='word_1_605' title='bbox 2655 4360 3090 4417; x_wconf 87' lang='lat' dir='ltr'><strong>Cenomanniam</strong></span> <span class='ocrx_word' id='word_1_606' title='bbox 3143 4373 3269 4414; x_wconf 90' lang='lat' dir='ltr'><strong>cum</strong></span> <span class='ocrx_word' id='word_1_607' title='bbox 3322 4356 3434 4411; x_wconf 69' lang='lat' dir='ltr'><strong>{illa</strong></span> 
     </span>
    </p>
   </div>
   <div class='ocr_carea' id='block_1_84' title="bbox 184 4420 3437 4528">
    <p class='ocr_par' dir='ltr' id='par_1_84' title="bbox 184 4420 3437 4528">
     <span class='ocr_line' id='line_1_84' title="bbox 184 4420 3437 4528; baseline 0 -38"><span class='ocrx_word' id='word_1_608' title='bbox 184 4449 345 4494; x_wconf 88' lang='lat' dir='ltr'><strong>cenam</strong></span> <span class='ocrx_word' id='word_1_609' title='bbox 375 4441 611 4498; x_wconf 88' lang='lat' dir='ltr'><strong>Domini.</strong></span> <span class='ocrx_word' id='word_1_610' title='bbox 637 4442 761 4515; x_wconf 83' lang='lat' dir='ltr'><strong>Ipso</strong></span> <span class='ocrx_word' id='word_1_611' title='bbox 789 4460 935 4500; x_wconf 90' lang='lat' dir='ltr'><strong>anno</strong></span> <span class='ocrx_word' id='word_1_612' title='bbox 957 4443 1059 4500; x_wconf 82' lang='lat' dir='ltr'><strong>fuit</strong></span> <span class='ocrx_word' id='word_1_613' title='bbox 1085 4444 1338 4500; x_wconf 90' lang='lat' dir='ltr'><strong>ultimum</strong></span> <span class='ocrx_word' id='word_1_614' title='bbox 1374 4444 1599 4515; x_wconf 86' lang='lat' dir='ltr'><strong>pascha,</strong></span> <span class='ocrx_word' id='word_1_615' title='bbox 1633 4444 1737 4501; x_wconf 91' lang='lat' dir='ltr'><strong>hoc</strong></span> <span class='ocrx_word' id='word_1_616' title='bbox 1761 4420 1816 4482; x_wconf 76' lang='lat' dir='ltr'><strong><em>D</em></strong></span> <span class='ocrx_word' id='word_1_617' title='bbox 2018 4420 2073 4512; x_wconf 61' lang='lat' dir='ltr'><strong>ej</strong></span> <span class='ocrx_word' id='word_1_618' title='bbox 2094 4420 2278 4512; x_wconf 20' lang='grc' dir='ltr'><strong>Ῠιξῃυῖι</strong></span> <span class='ocrx_word' id='word_1_619' title='bbox 2299 4420 2435 4511; x_wconf 61' lang='grc' dir='ltr'><strong>ἐπι</strong></span> <span class='ocrx_word' id='word_1_620' title='bbox 2481 4420 2673 4510; x_wconf 48' lang='lat' dir='ltr'><strong>“Lm-3</strong></span> <span class='ocrx_word' id='word_1_621' title='bbox 2699 4469 2882 4524; x_wconf 61' lang='lat' dir='ltr'><strong>regem</strong></span> <span class='ocrx_word' id='word_1_622' title='bbox 2908 4450 3228 4506; x_wconf 54' lang='lat' dir='ltr'><strong>nominum,</strong></span> <span class='ocrx_word' id='word_1_623' title='bbox 3253 4448 3437 4520; x_wconf 67' lang='lat' dir='ltr'><strong>Amm-</strong></span> 
     </span>
    </p>
   </div>
   <div class='ocr_carea' id='block_1_85' title="bbox 182 4529 1734 4621">
    <p class='ocr_par' dir='ltr' id='par_1_85' title="bbox 182 4529 1734 4621">
     <span class='ocr_line' id='line_1_85' title="bbox 182 4529 1734 4621; baseline 0.008 -42"><span class='ocrx_word' id='word_1_624' title='bbox 182 4536 254 4581; x_wconf 85' lang='lat' dir='ltr'><strong>est</strong></span> <span class='ocrx_word' id='word_1_625' title='bbox 279 4529 307 4582; x_wconf 87' lang='lat'><strong>7</strong></span> <span class='ocrx_word' id='word_1_626' title='bbox 347 4532 459 4589; x_wconf 85' lang='lat' dir='ltr'><strong>Kal.</strong></span> <span class='ocrx_word' id='word_1_627' title='bbox 493 4534 620 4590; x_wconf 79' lang='lat' dir='ltr'><strong>Mai.</strong></span> <span class='ocrx_word' id='word_1_628' title='bbox 665 4535 897 4608; x_wconf 88' lang='lat' dir='ltr'><strong>Scripsit</strong></span> <span class='ocrx_word' id='word_1_629' title='bbox 924 4552 1055 4621; x_wconf 69' lang='lat' dir='ltr'><strong>vero</strong></span> <span class='ocrx_word' id='word_1_630' title='bbox 1085 4536 1228 4592; x_wconf 91' lang='lat' dir='ltr'><strong>idem</strong></span> <span class='ocrx_word' id='word_1_631' title='bbox 1272 4536 1358 4592; x_wconf 88' lang='lat' dir='ltr'><strong>vir</strong></span> <span class='ocrx_word' id='word_1_632' title='bbox 1402 4536 1734 4592; x_wconf 87' lang='lat' dir='ltr'><strong>reverendus</strong></span> 
     </span>
    </p>
   </div>
   <div class='ocr_carea' id='block_1_86' title="bbox 186 4624 1737 4699">
    <p class='ocr_par' dir='ltr' id='par_1_86' title="bbox 186 4624 1737 4699">
     <span class='ocr_line' id='line_1_86' title="bbox 186 4624 1737 4699; baseline 0.008 -27"><span class='ocrx_word' id='word_1_633' title='bbox 186 4624 414 4680; x_wconf 78' lang='lat' dir='ltr'><strong>mnuulla</strong></span> <span class='ocrx_word' id='word_1_634' title='bbox 454 4628 721 4684; x_wconf 90' lang='lat' dir='ltr'><strong>memorie</strong></span> <span class='ocrx_word' id='word_1_635' title='bbox 752 4628 937 4699; x_wconf 88' lang='lat' dir='ltr'><strong>digna,</strong></span> <span class='ocrx_word' id='word_1_636' title='bbox 970 4644 1078 4699; x_wconf 88' lang='lat' dir='ltr'><strong>que</strong></span> <span class='ocrx_word' id='word_1_637' title='bbox 1109 4628 1304 4684; x_wconf 90' lang='lat' dir='ltr'><strong>subtus</strong></span> <span class='ocrx_word' id='word_1_638' title='bbox 1333 4636 1623 4684; x_wconf 90' lang='lat' dir='ltr'><strong>annectere</strong></span> <span class='ocrx_word' id='word_1_639' title='bbox 1644 4643 1737 4684; x_wconf 91' lang='lat' dir='ltr'><strong>cu-</strong></span> 
     </span>
    </p>
   </div>
   <div class='ocr_carea' id='block_1_87' title="bbox 182 4708 1734 4793">
    <p class='ocr_par' dir='ltr' id='par_1_87' title="bbox 182 4708 1734 4793">
     <span class='ocr_line' id='line_1_87' title="bbox 182 4708 1734 4793; baseline 0.007 -28"><span class='ocrx_word' id='word_1_640' title='bbox 182 4708 412 4773; x_wconf 85' lang='lat' dir='ltr'><strong>ravimus.</strong></span> <span class='ocrx_word' id='word_1_641' title='bbox 442 4717 581 4774; x_wconf 86' lang='lat' dir='ltr'><strong>Dum</strong></span> <span class='ocrx_word' id='word_1_642' title='bbox 617 4721 804 4775; x_wconf 81' lang='lat' dir='ltr'><strong>adhuc</strong></span> <span class='ocrx_word' id='word_1_643' title='bbox 829 4721 983 4793; x_wconf 88' lang='lat' dir='ltr'><strong>prior</strong></span> <span class='ocrx_word' id='word_1_644' title='bbox 1016 4728 1161 4776; x_wconf 89' lang='lat' dir='ltr'><strong>esset</strong></span> <span class='ocrx_word' id='word_1_645' title='bbox 1193 4721 1250 4775; x_wconf 93' lang='lat' dir='ltr'><strong>in</strong></span> <span class='ocrx_word' id='word_1_646' title='bbox 1278 4720 1536 4777; x_wconf 89' lang='lat' dir='ltr'><strong>Beccensi</strong></span> <span class='ocrx_word' id='word_1_647' title='bbox 1566 4735 1734 4776; x_wconf 79' lang='lat' dir='ltr'><strong>ceno-</strong></span> 
     </span>
    </p>
   </div>
   <div class='ocr_carea' id='block_1_88' title="bbox 160 4799 1732 4895">
    <p class='ocr_par' dir='ltr' id='par_1_88' title="bbox 160 4799 1732 4895">
     <span class='ocr_line' id='line_1_88' title="bbox 160 4799 1732 4895; baseline 0.006 -34"><span class='ocrx_word' id='word_1_648' title='bbox 160 4799 279 4871; x_wconf 84' lang='lat' dir='ltr'><strong>.bio,</strong></span> <span class='ocrx_word' id='word_1_649' title='bbox 310 4810 519 4881; x_wconf 89' lang='lat' dir='ltr'><strong>scripsit</strong></span> <span class='ocrx_word' id='word_1_650' title='bbox 562 4820 829 4869; x_wconf 89' lang='lat' dir='ltr'><strong>tractatus</strong></span> <span class='ocrx_word' id='word_1_651' title='bbox 873 4822 987 4871; x_wconf 88' lang='lat' dir='ltr'><strong>tres</strong></span> <span class='ocrx_word' id='word_1_652' title='bbox 1026 4832 1039 4869; x_wconf 88' lang='lat'><strong>:</strong></span> <span class='ocrx_word' id='word_1_653' title='bbox 1076 4814 1327 4895; x_wconf 83' lang='lat' dir='ltr'><strong>primum</strong></span> <span class='ocrx_word' id='word_1_654' title='bbox 1371 4814 1438 4869; x_wconf 91' lang='lat' dir='ltr'><strong>de</strong></span> <span class='ocrx_word' id='word_1_655' title='bbox 1486 4813 1732 4881; x_wconf 88' lang='lat' dir='ltr'><strong>veritate,</strong></span> 
     </span>
    </p>
   </div>
   <div class='ocr_carea' id='block_1_89' title="bbox 184 4905 1736 4978">
    <p class='ocr_par' dir='ltr' id='par_1_89' title="bbox 184 4905 1736 4978">
     <span class='ocr_line' id='line_1_89' title="bbox 184 4905 1736 4978; baseline 0.006 -23"><span class='ocrx_word' id='word_1_656' title='bbox 184 4905 451 4963; x_wconf 85' lang='lat' dir='ltr'><strong>secundum</strong></span> <span class='ocrx_word' id='word_1_657' title='bbox 478 4910 547 4965; x_wconf 90' lang='lat' dir='ltr'><strong>de</strong></span> <span class='ocrx_word' id='word_1_658' title='bbox 566 4910 817 4967; x_wconf 72' lang='lat' dir='ltr'><strong>libertate</strong></span> <span class='ocrx_word' id='word_1_659' title='bbox 846 4911 1076 4978; x_wconf 80' lang='lat' dir='ltr'><strong>arbitrii;</strong></span> <span class='ocrx_word' id='word_1_660' title='bbox 1103 4911 1329 4968; x_wconf 91' lang='lat' dir='ltr'><strong>tercium</strong></span> <span class='ocrx_word' id='word_1_661' title='bbox 1356 4909 1423 4965; x_wconf 90' lang='lat' dir='ltr'><strong>de</strong></span> <span class='ocrx_word' id='word_1_662' title='bbox 1451 4925 1583 4966; x_wconf 87' lang='lat' dir='ltr'><strong>casu</strong></span> <span class='ocrx_word' id='word_1_663' title='bbox 1614 4909 1736 4964; x_wconf 90' lang='lat' dir='ltr'><strong>dia-</strong></span> 
     </span>
    </p>
   </div>
   <div class='ocr_carea' id='block_1_90' title="bbox 187 4988 1733 5073">
    <p class='ocr_par' dir='ltr' id='par_1_90' title="bbox 187 4988 1733 5073">
     <span class='ocr_line' id='line_1_90' title="bbox 187 4988 1733 5073; baseline 0.008 -30"><span class='ocrx_word' id='word_1_664' title='bbox 187 4988 296 5048; x_wconf 91' lang='lat' dir='ltr'><strong>boli.</strong></span> <span class='ocrx_word' id='word_1_665' title='bbox 334 4995 553 5071; x_wconf 83' lang='lat' dir='ltr'><strong>Scripsit</strong></span> <span class='ocrx_word' id='word_1_666' title='bbox 585 5010 639 5058; x_wconf 92' lang='lat' dir='ltr'><strong>et</strong></span> <span class='ocrx_word' id='word_1_667' title='bbox 664 5012 945 5073; x_wconf 90' lang='lat' dir='ltr'><strong>quartum,</strong></span> <span class='ocrx_word' id='word_1_668' title='bbox 977 5018 1141 5073; x_wconf 92' lang='lat' dir='ltr'><strong>quem</strong></span> <span class='ocrx_word' id='word_1_669' title='bbox 1172 5001 1411 5057; x_wconf 88' lang='lat' dir='ltr'><strong>titulavit</strong></span> <span class='ocrx_word' id='word_1_670' title='bbox 1437 5000 1514 5056; x_wconf 83' lang='lat' dir='ltr'><strong>De</strong></span> <span class='ocrx_word' id='word_1_671' title='bbox 1550 5018 1733 5072; x_wconf 86' lang='lat' dir='ltr'><strong>gram-</strong></span> 
     </span>
    </p>
   </div>
   <div class='ocr_carea' id='block_1_91' title="bbox 188 5087 1733 5166">
    <p class='ocr_par' dir='ltr' id='par_1_91' title="bbox 188 5087 1733 5166">
     <span class='ocr_line' id='line_1_91' title="bbox 188 5087 1733 5166; baseline 0.008 -32"><span class='ocrx_word' id='word_1_672' title='bbox 188 5087 384 5155; x_wconf 79' lang='lat' dir='ltr'><strong>matico;</strong></span> <span class='ocrx_word' id='word_1_673' title='bbox 415 5092 467 5147; x_wconf 90' lang='lat' dir='ltr'><strong>in</strong></span> <span class='ocrx_word' id='word_1_674' title='bbox 496 5110 606 5165; x_wconf 92' lang='lat' dir='ltr'><strong>quo</strong></span> <span class='ocrx_word' id='word_1_675' title='bbox 634 5095 925 5166; x_wconf 89' lang='lat' dir='ltr'><strong>discipulo,</strong></span> <span class='ocrx_word' id='word_1_676' title='bbox 949 5111 1113 5166; x_wconf 90' lang='lat' dir='ltr'><strong>quem</strong></span> <span class='ocrx_word' id='word_1_677' title='bbox 1140 5110 1327 5150; x_wconf 86' lang='lat' dir='ltr'><strong>secum</strong></span> <span class='ocrx_word' id='word_1_678' title='bbox 1364 5092 1733 5164; x_wconf 88' lang='lat' dir='ltr'><strong>disputantem</strong></span> 
     </span>
    </p>
   </div>
   <div class='ocr_carea' id='block_1_92' title="bbox 187 5172 1740 5258">
    <p class='ocr_par' dir='ltr' id='par_1_92' title="bbox 187 5172 1740 5258">
     <span class='ocr_line' id='line_1_92' title="bbox 187 5172 1740 5258; baseline 0.009 -26"><span class='ocrx_word' id='word_1_679' title='bbox 187 5172 467 5251; x_wconf 83' lang='lat' dir='ltr'><strong>introducit,</strong></span> <span class='ocrx_word' id='word_1_680' title='bbox 515 5188 814 5258; x_wconf 88' lang='lat' dir='ltr'><strong>respondit,</strong></span> <span class='ocrx_word' id='word_1_681' title='bbox 858 5197 913 5244; x_wconf 91' lang='lat' dir='ltr'><strong>et</strong></span> <span class='ocrx_word' id='word_1_682' title='bbox 940 5188 1141 5245; x_wconf 89' lang='lat' dir='ltr'><strong>multas</strong></span> <span class='ocrx_word' id='word_1_683' title='bbox 1166 5186 1482 5243; x_wconf 89' lang='lat' dir='ltr'><strong>dialecticas</strong></span> <span class='ocrx_word' id='word_1_684' title='bbox 1512 5184 1579 5219; x_wconf 71' lang='grc'><strong>⁸⁸⁷</strong></span> <span class='ocrx_word' id='word_1_685' title='bbox 1603 5201 1740 5257; x_wconf 86' lang='lat' dir='ltr'><strong>qne-</strong></span> 
     </span>
    </p>
   </div>
   <div class='ocr_carea' id='block_1_93' title="bbox 187 5266 1739 5352">
    <p class='ocr_par' dir='ltr' id='par_1_93' title="bbox 187 5266 1739 5352">
     <span class='ocr_line' id='line_1_93' title="bbox 187 5266 1739 5352; baseline 0.008 -30"><span class='ocrx_word' id='word_1_686' title='bbox 187 5266 363 5328; x_wconf 74' lang='lat' dir='ltr'><strong>stiones</strong></span> <span class='ocrx_word' id='word_1_687' title='bbox 382 5280 632 5349; x_wconf 85' lang='lat' dir='ltr'><strong>proponit</strong></span> <span class='ocrx_word' id='word_1_688' title='bbox 649 5288 703 5335; x_wconf 92' lang='lat' dir='ltr'><strong>et</strong></span> <span class='ocrx_word' id='word_1_689' title='bbox 716 5280 897 5336; x_wconf 87' lang='lat' dir='ltr'><strong>solvit.</strong></span> <span class='ocrx_word' id='word_1_690' title='bbox 914 5280 1298 5352; x_wconf 87' lang='lat' dir='ltr'><strong>Fecitquoque</strong></span> <span class='ocrx_word' id='word_1_691' title='bbox 1318 5279 1559 5334; x_wconf 90' lang='lat' dir='ltr'><strong>libellum</strong></span> <span class='ocrx_word' id='word_1_692' title='bbox 1582 5278 1739 5349; x_wconf 85' lang='lat' dir='ltr'><strong>quin-</strong></span> 
     </span>
    </p>
   </div>
   <div class='ocr_carea' id='block_1_94' title="bbox 186 5360 1736 5445">
    <p class='ocr_par' dir='ltr' id='par_1_94' title="bbox 186 5360 1736 5445">
     <span class='ocr_line' id='line_1_94' title="bbox 186 5360 1736 5445; baseline 0.003 -22"><span class='ocrx_word' id='word_1_693' title='bbox 186 5360 305 5427; x_wconf 69' lang='grc' dir='ltr'><strong>ιιιῐη,</strong></span> <span class='ocrx_word' id='word_1_694' title='bbox 332 5381 483 5436; x_wconf 90' lang='lat' dir='ltr'><strong>quem</strong></span> <span class='ocrx_word' id='word_1_695' title='bbox 519 5372 852 5445; x_wconf 85' lang='lat' dir='ltr'><strong>monologion</strong></span> <span class='ocrx_word' id='word_1_696' title='bbox 877 5374 1196 5445; x_wconf 85' lang='lat' dir='ltr'><strong>appellavit;</strong></span> <span class='ocrx_word' id='word_1_697' title='bbox 1235 5372 1387 5429; x_wconf 92' lang='lat' dir='ltr'><strong>solus</strong></span> <span class='ocrx_word' id='word_1_698' title='bbox 1412 5371 1559 5426; x_wconf 90' lang='lat' dir='ltr'><strong>enim</strong></span> <span class='ocrx_word' id='word_1_699' title='bbox 1585 5372 1639 5426; x_wconf 90' lang='lat' dir='ltr'><strong>in</strong></span> <span class='ocrx_word' id='word_1_700' title='bbox 1670 5386 1736 5427; x_wconf 93' lang='lat' dir='ltr'><strong>eo</strong></span> 
     </span>
    </p>
   </div>
   <div class='ocr_carea' id='block_1_95' title="bbox 188 5457 1737 5534">
    <p class='ocr_par' dir='ltr' id='par_1_95' title="bbox 188 5457 1737 5534">
     <span class='ocr_line' id='line_1_95' title="bbox 188 5457 1737 5534; baseline 0.006 -24"><span class='ocrx_word' id='word_1_701' title='bbox 188 5457 235 5503; x_wconf 73' lang='grc' dir='ltr'><strong>α</strong></span> <span class='ocrx_word' id='word_1_702' title='bbox 256 5469 422 5515; x_wconf 85' lang='lat' dir='ltr'><strong>secum</strong></span> <span class='ocrx_word' id='word_1_703' title='bbox 453 5462 712 5534; x_wconf 91' lang='lat' dir='ltr'><strong>loquitur,</strong></span> <span class='ocrx_word' id='word_1_704' title='bbox 743 5481 809 5522; x_wconf 91' lang='lat' dir='ltr'><strong>ac</strong></span> <span class='ocrx_word' id='word_1_705' title='bbox 832 5467 997 5522; x_wconf 87' lang='lat' dir='ltr'><strong>tacita</strong></span> <span class='ocrx_word' id='word_1_706' title='bbox 1031 5467 1180 5523; x_wconf 89' lang='lat' dir='ltr'><strong>omni</strong></span> <span class='ocrx_word' id='word_1_707' title='bbox 1211 5464 1537 5522; x_wconf 89' lang='lat' dir='ltr'><strong>auctoritate</strong></span> <span class='ocrx_word' id='word_1_708' title='bbox 1555 5463 1737 5520; x_wconf 87' lang='lat' dir='ltr'><strong>divine</strong></span> 
     </span>
    </p>
   </div>
   <div class='ocr_carea' id='block_1_96' title="bbox 189 5544 1739 5634">
    <p class='ocr_par' dir='ltr' id='par_1_96' title="bbox 189 5544 1739 5634">
     <span class='ocr_line' id='line_1_96' title="bbox 189 5544 1739 5634; baseline -0.001 -15"><span class='ocrx_word' id='word_1_709' title='bbox 189 5544 445 5623; x_wconf 70' lang='grc' dir='ltr'><strong>εστίριυτθ,</strong></span> <span class='ocrx_word' id='word_1_710' title='bbox 474 5560 621 5630; x_wconf 81' lang='lat' dir='ltr'><strong>quod</strong></span> <span class='ocrx_word' id='word_1_711' title='bbox 643 5559 789 5617; x_wconf 90' lang='lat' dir='ltr'><strong>Deus</strong></span> <span class='ocrx_word' id='word_1_712' title='bbox 810 5562 901 5631; x_wconf 89' lang='lat' dir='ltr'><strong>sit,</strong></span> <span class='ocrx_word' id='word_1_713' title='bbox 925 5563 1042 5620; x_wconf 88' lang='lat' dir='ltr'><strong>sola</strong></span> <span class='ocrx_word' id='word_1_714' title='bbox 1072 5563 1285 5620; x_wconf 88' lang='lat' dir='ltr'><strong>ratione</strong></span> <span class='ocrx_word' id='word_1_715' title='bbox 1309 5560 1493 5634; x_wconf 90' lang='lat' dir='ltr'><strong>querit</strong></span> <span class='ocrx_word' id='word_1_716' title='bbox 1510 5568 1568 5617; x_wconf 90' lang='lat' dir='ltr'><strong>et</strong></span> <span class='ocrx_word' id='word_1_717' title='bbox 1593 5561 1739 5617; x_wconf 86' lang='lat' dir='ltr'><strong>inve-</strong></span> 
     </span>
    </p>
   </div>
   <div class='ocr_carea' id='block_1_97' title="bbox 1842 4532 3437 4619">
    <p class='ocr_par' dir='ltr' id='par_1_97' title="bbox 1842 4532 3437 4619">
     <span class='ocr_line' id='line_1_97' title="bbox 1842 4532 3437 4619; baseline -0.005 -15"><span class='ocrx_word' id='word_1_718' title='bbox 1842 4549 1952 4604; x_wconf 89' lang='lat' dir='ltr'><strong>ruit</strong></span> <span class='ocrx_word' id='word_1_719' title='bbox 1979 4547 2215 4619; x_wconf 89' lang='lat' dir='ltr'><strong>quedam</strong></span> <span class='ocrx_word' id='word_1_720' title='bbox 2258 4556 2472 4604; x_wconf 89' lang='lat' dir='ltr'><strong>cometa</strong></span> <span class='ocrx_word' id='word_1_721' title='bbox 2511 4561 2664 4601; x_wconf 86' lang='lat' dir='ltr'><strong>more</strong></span> <span class='ocrx_word' id='word_1_722' title='bbox 2694 4543 2935 4601; x_wconf 89' lang='lat' dir='ltr'><strong>insolito.</strong></span> <span class='ocrx_word' id='word_1_723' title='bbox 2986 4543 3125 4598; x_wconf 89' lang='lat' dir='ltr'><strong>Cum</strong></span> <span class='ocrx_word' id='word_1_724' title='bbox 3170 4540 3318 4597; x_wconf 91' lang='lat' dir='ltr'><strong>enim</strong></span> <span class='ocrx_word' id='word_1_725' title='bbox 3346 4532 3437 4598; x_wconf 61' lang='lat' dir='ltr'><strong>&#39;ab</strong></span> 
     </span>
    </p>
   </div>
   <div class='ocr_carea' id='block_1_98' title="bbox 1842 4634 3487 4716">
    <p class='ocr_par' dir='ltr' id='par_1_98' title="bbox 1842 4634 3487 4716">
     <span class='ocr_line' id='line_1_98' title="bbox 1842 4634 3487 4716; baseline -0.005 -20"><span class='ocrx_word' id='word_1_726' title='bbox 1842 4641 2051 4697; x_wconf 89' lang='lat' dir='ltr'><strong>oriente</strong></span> <span class='ocrx_word' id='word_1_727' title='bbox 2093 4640 2383 4713; x_wconf 87' lang='lat' dir='ltr'><strong>insurgens</strong></span> <span class='ocrx_word' id='word_1_728' title='bbox 2421 4640 2483 4716; x_wconf 35' lang='lat' dir='ltr'><strong>in.</strong></span> <span class='ocrx_word' id='word_1_729' title='bbox 2508 4639 2912 4694; x_wconf 83' lang='lat' dir='ltr'><strong>firmamentum</strong></span> <span class='ocrx_word' id='word_1_730' title='bbox 2945 4634 3305 4701; x_wconf 87' lang='lat' dir='ltr'><strong>ascendisset,</strong></span> <span class='ocrx_word' id='word_1_731' title='bbox 3344 4649 3435 4688; x_wconf 90' lang='lat' dir='ltr'><strong>rc-</strong></span> <span class='ocrx_word' id='word_1_732' title='bbox 3478 4669 3487 4676; x_wconf 83' lang='lat'><strong>-</strong></span> 
     </span>
    </p>
   </div>
   <div class='ocr_carea' id='block_1_99' title="bbox 1843 4724 3433 4807">
    <p class='ocr_par' dir='ltr' id='par_1_99' title="bbox 1843 4724 3433 4807">
     <span class='ocr_line' id='line_1_99' title="bbox 1843 4724 3433 4807; baseline -0.008 -16"><span class='ocrx_word' id='word_1_733' title='bbox 1843 4733 1992 4807; x_wconf 87' lang='lat' dir='ltr'><strong>gredi</strong></span> <span class='ocrx_word' id='word_1_734' title='bbox 2018 4732 2326 4791; x_wconf 85' lang='lat' dir='ltr'><strong>videbatur.</strong></span> <span class='ocrx_word' id='word_1_735' title='bbox 2357 4731 2447 4803; x_wconf 86' lang='grc' dir='ltr'><strong>(Α.</strong></span> <span class='ocrx_word' id='word_1_736' title='bbox 2484 4730 2642 4786; x_wconf 84' lang='lat' dir='ltr'><strong>Roth.</strong></span> <span class='ocrx_word' id='word_1_737' title='bbox 2686 4729 2872 4800; x_wconf 86' lang='grc'><strong>1109.)</strong></span> <span class='ocrx_word' id='word_1_738' title='bbox 2912 4724 3433 4796; x_wconf 73' lang='lat' dir='ltr'><strong>Obiitwmermus,</strong></span> 
     </span>
    </p>
   </div>
   <div class='ocr_carea' id='block_1_100' title="bbox 1842 4817 3430 4886">
    <p class='ocr_par' dir='ltr' id='par_1_100' title="bbox 1842 4817 3430 4886">
     <span class='ocr_line' id='line_1_100' title="bbox 1842 4817 3430 4886; baseline -0.006 -5"><span class='ocrx_word' id='word_1_739' title='bbox 1842 4835 1896 4882; x_wconf 90' lang='lat' dir='ltr'><strong>et</strong></span> <span class='ocrx_word' id='word_1_740' title='bbox 1926 4826 2193 4883; x_wconf 89' lang='lat' dir='ltr'><strong>successit</strong></span> <span class='ocrx_word' id='word_1_741' title='bbox 2209 4823 2506 4882; x_wconf 88' lang='lat' dir='ltr'><strong>Gaufridus</strong></span> <span class='ocrx_word' id='word_1_742' title='bbox 2521 4820 2996 4879; x_wconf 84' lang='lat' dir='ltr'><strong>Cenomannensis</strong></span> <span class='ocrx_word' id='word_1_743' title='bbox 3022 4817 3430 4886; x_wconf 73' lang='lat' dir='ltr'><strong>decanus,49&quot;&#39;</strong></span> 
     </span>
    </p>
   </div>
   <div class='ocr_carea' id='block_1_101' title="bbox 1839 4907 3430 4988">
    <p class='ocr_par' dir='ltr' id='par_1_101' title="bbox 1839 4907 3430 4988">
     <span class='ocr_line' id='line_1_101' title="bbox 1839 4907 3430 4988; baseline -0.006 -16"><span class='ocrx_word' id='word_1_744' title='bbox 1839 4914 2286 4988; x_wconf 88' lang='lat' dir='ltr'><strong>archiepiscopus</strong></span> <span class='ocrx_word' id='word_1_745' title='bbox 2316 4914 2795 4986; x_wconf 80' lang='lat' dir='ltr'><strong>Rothomagensis.</strong></span> <span class='ocrx_word' id='word_1_746' title='bbox 2825 4911 3147 4986; x_wconf 62' lang='lat' dir='ltr'><strong>(Faenum)</strong></span> <span class='ocrx_word' id='word_1_747' title='bbox 3170 4909 3283 4965; x_wconf 82' lang='lat' dir='ltr'><strong>Rex</strong></span> <span class='ocrx_word' id='word_1_748' title='bbox 3308 4907 3430 4963; x_wconf 86' lang='lat' dir='ltr'><strong>Bal—</strong></span> 
     </span>
    </p>
   </div>
   <div class='ocr_carea' id='block_1_102' title="bbox 1839 4996 3423 5078">
    <p class='ocr_par' dir='ltr' id='par_1_102' title="bbox 1839 4996 3423 5078">
     <span class='ocr_line' id='line_1_102' title="bbox 1839 4996 3423 5078; baseline -0.006 -14"><span class='ocrx_word' id='word_1_749' title='bbox 1839 5007 2044 5064; x_wconf 90' lang='lat' dir='ltr'><strong>duiuus</strong></span> <span class='ocrx_word' id='word_1_750' title='bbox 2070 4996 2551 5065; x_wconf 84' lang='lat' dir='ltr'><strong>Jerosolimitanus</strong></span> <span class='ocrx_word' id='word_1_751' title='bbox 2584 5008 2728 5078; x_wconf 89' lang='lat' dir='ltr'><strong>cepit</strong></span> <span class='ocrx_word' id='word_1_752' title='bbox 2753 5007 2919 5062; x_wconf 88' lang='lat' dir='ltr'><strong>urbes</strong></span> <span class='ocrx_word' id='word_1_753' title='bbox 2948 5003 3216 5070; x_wconf 83' lang='lat' dir='ltr'><strong>Beritum,</strong></span> <span class='ocrx_word' id='word_1_754' title='bbox 3259 4999 3423 5056; x_wconf 88' lang='lat' dir='ltr'><strong>Sido-</strong></span> 
     </span>
    </p>
   </div>
   <div class='ocr_carea' id='block_1_103' title="bbox 1842 5092 3420 5170">
    <p class='ocr_par' dir='ltr' id='par_1_103' title="bbox 1842 5092 3420 5170">
     <span class='ocr_line' id='line_1_103' title="bbox 1842 5092 3420 5170; baseline -0.005 -15"><span class='ocrx_word' id='word_1_755' title='bbox 1842 5117 1989 5156; x_wconf 90' lang='lat' dir='ltr'><strong>nem.</strong></span> <span class='ocrx_word' id='word_1_756' title='bbox 2039 5099 2323 5157; x_wconf 88' lang='lat' dir='ltr'><strong>Gibelinus</strong></span> <span class='ocrx_word' id='word_1_757' title='bbox 2375 5100 2437 5155; x_wconf 81' lang='lat' dir='ltr'><strong>fit</strong></span> <span class='ocrx_word' id='word_1_758' title='bbox 2491 5099 2693 5155; x_wconf 87' lang='lat' dir='ltr'><strong>tercius</strong></span> <span class='ocrx_word' id='word_1_759' title='bbox 2734 5098 3045 5170; x_wconf 88' lang='lat' dir='ltr'><strong>patriarcha</strong></span> <span class='ocrx_word' id='word_1_760' title='bbox 3095 5092 3420 5151; x_wconf 82' lang='lat' dir='ltr'><strong>Jerusalem.</strong></span> 
     </span>
    </p>
   </div>
   <div class='ocr_carea' id='block_1_104' title="bbox 1844 5182 3429 5263">
    <p class='ocr_par' dir='ltr' id='par_1_104' title="bbox 1844 5182 3429 5263">
     <span class='ocr_line' id='line_1_104' title="bbox 1844 5182 3429 5263; baseline -0.004 -17"><span class='ocrx_word' id='word_1_761' title='bbox 1844 5190 2076 5263; x_wconf 62' lang='lat' dir='ltr'><strong>(Summ)</strong></span> <span class='ocrx_word' id='word_1_762' title='bbox 2123 5189 2182 5246; x_wconf 83' lang='lat' dir='ltr'><strong>In</strong></span> <span class='ocrx_word' id='word_1_763' title='bbox 2213 5204 2404 5249; x_wconf 86' lang='lat' dir='ltr'><strong>mense</strong></span> <span class='ocrx_word' id='word_1_764' title='bbox 2438 5191 2603 5247; x_wconf 81' lang='lat' dir='ltr'><strong>Junio</strong></span> <span class='ocrx_word' id='word_1_765' title='bbox 2635 5200 2874 5248; x_wconf 90' lang='lat' dir='ltr'><strong>cometes</strong></span> <span class='ocrx_word' id='word_1_766' title='bbox 2921 5188 3192 5260; x_wconf 84' lang='lat' dir='ltr'><strong>apparuit,</strong></span> <span class='ocrx_word' id='word_1_767' title='bbox 3244 5182 3429 5239; x_wconf 81' lang='lat' dir='ltr'><strong>radios</strong></span> 
     </span>
    </p>
   </div>
   <div class='ocr_carea' id='block_1_105' title="bbox 1842 5276 3429 5354">
    <p class='ocr_par' dir='ltr' id='par_1_105' title="bbox 1842 5276 3429 5354">
     <span class='ocr_line' id='line_1_105' title="bbox 1842 5276 3429 5354; baseline -0.005 -17"><span class='ocrx_word' id='word_1_768' title='bbox 1842 5280 2085 5354; x_wconf 89' lang='lat' dir='ltr'><strong>dirigens</strong></span> <span class='ocrx_word' id='word_1_769' title='bbox 2114 5282 2182 5338; x_wconf 91' lang='lat' dir='ltr'><strong>ad</strong></span> <span class='ocrx_word' id='word_1_770' title='bbox 2207 5291 2478 5352; x_wconf 89' lang='lat' dir='ltr'><strong>austrum,</strong></span> <span class='ocrx_word' id='word_1_771' title='bbox 2506 5283 2693 5341; x_wconf 89' lang='lat' dir='ltr'><strong>multis</strong></span> <span class='ocrx_word' id='word_1_772' title='bbox 2713 5282 3120 5346; x_wconf 88' lang='lat' dir='ltr'><strong>conitientibus,</strong></span> <span class='ocrx_word' id='word_1_773' title='bbox 3142 5280 3248 5333; x_wconf 91' lang='lat' dir='ltr'><strong>hoc</strong></span> <span class='ocrx_word' id='word_1_774' title='bbox 3270 5276 3429 5348; x_wconf 90' lang='lat' dir='ltr'><strong>signo</strong></span> 
     </span>
    </p>
   </div>
   <div class='ocr_carea' id='block_1_106' title="bbox 1840 5364 3427 5450">
    <p class='ocr_par' dir='ltr' id='par_1_106' title="bbox 1840 5364 3427 5450">
     <span class='ocr_line' id='line_1_106' title="bbox 1840 5364 3427 5450; baseline -0.006 -21"><span class='ocrx_word' id='word_1_775' title='bbox 1840 5374 2091 5445; x_wconf 87' lang='lat' dir='ltr'><strong>portendi</strong></span> <span class='ocrx_word' id='word_1_776' title='bbox 2119 5374 2359 5433; x_wconf 83' lang='lat' dir='ltr'><strong>futuram</strong></span> <span class='ocrx_word' id='word_1_777' title='bbox 2385 5377 2531 5450; x_wconf 88' lang='lat' dir='ltr'><strong>regis</strong></span> <span class='ocrx_word' id='word_1_778' title='bbox 2558 5375 2776 5434; x_wconf 90' lang='lat' dir='ltr'><strong>Henrici</strong></span> <span class='ocrx_word' id='word_1_779' title='bbox 2796 5372 3193 5446; x_wconf 84' lang='lat' dir='ltr'><strong>expeditionem</strong></span> <span class='ocrx_word' id='word_1_780' title='bbox 3215 5364 3427 5422; x_wconf 85' lang='lat' dir='ltr'><strong>Italiam</strong></span> 
     </span>
    </p>
   </div>
   <div class='ocr_carea' id='block_1_107' title="bbox 1840 5480 2159 5524">
    <p class='ocr_par' dir='ltr' id='par_1_107' title="bbox 1840 5480 2159 5524">
     <span class='ocr_line' id='line_1_107' title="bbox 1840 5480 2159 5524; baseline 0.009 -3"><span class='ocrx_word' id='word_1_781' title='bbox 1840 5480 2052 5524; x_wconf 87' lang='lat' dir='ltr'><strong>versus.</strong></span> <span class='ocrx_word' id='word_1_782' title='bbox 2156 5484 2159 5489; x_wconf 57' lang='grc'><em>⁴</em></span> 
     </span>
    </p>
   </div>
   <div class='ocr_carea' id='block_1_108' title="bbox 1442 5668 2123 5731">
    <p class='ocr_par' dir='ltr' id='par_1_108' title="bbox 1442 5668 2123 5731">
     <span class='ocr_line' id='line_1_108' title="bbox 1442 5668 2123 5731; baseline -0.007 0"><span class='ocrx_word' id='word_1_783' title='bbox 1442 5671 1680 5731; x_wconf 69' lang='lat' dir='ltr'><strong>VAHUE</strong></span> <span class='ocrx_word' id='word_1_784' title='bbox 1722 5668 2123 5731; x_wconf 81' lang='lat' dir='ltr'><strong>LECTIONES.</strong></span> 
     </span>
    </p>
   </div>
   <div class='ocr_carea' id='block_1_109' title="bbox 252 5729 1219 5802">
    <p class='ocr_par' dir='ltr' id='par_1_109' title="bbox 252 5729 1219 5802">
     <span class='ocr_line' id='line_1_109' title="bbox 252 5729 1219 5802; baseline 0.01 -11"><span class='ocrx_word' id='word_1_785' title='bbox 252 5729 311 5762; x_wconf 79' lang='lat'><strong>&#39;&quot;</strong></span> <span class='ocrx_word' id='word_1_786' title='bbox 339 5733 609 5797; x_wconf 84' lang='lat' dir='ltr'><strong>Dialeticas</strong></span> <span class='ocrx_word' id='word_1_787' title='bbox 638 5738 704 5796; x_wconf 85' lang='lat' dir='ltr'><strong>E.</strong></span> <span class='ocrx_word' id='word_1_788' title='bbox 783 5741 855 5775; x_wconf 72' lang='lat' dir='ltr'><strong>W&#39;</strong></span> <span class='ocrx_word' id='word_1_789' title='bbox 883 5741 1111 5800; x_wconf 86' lang='lat' dir='ltr'><strong>ldcberti</strong></span> <span class='ocrx_word' id='word_1_790' title='bbox 1157 5743 1219 5802; x_wconf 83' lang='grc' dir='ltr'><strong>Ε.</strong></span> 
     </span>
    </p>
   </div>
  </div>
