3934 6316
542 271 663 344 ’zsl

701 414 1047 457 ROMANORUM.
1195 415 1528 454 FRANCORUM.
1680 414 1989 455 ,κκδωιιωιυ

602 495 753 549 illi.
819 493 1080 548 Henricus
1109 493 1161 547 5.
1228 491 1523 546 Ludovicus
1546 491 1598 546 ‘2.
1668 491 1927 545 Henricus
1963 492 1993 546 1
2020 493 2105 547 11.

633 606 834 679 (lium.
864 606 986 678 vn.)
1011 605 1280 661 Henricus
1308 621 1402 660 rex
1430 604 1728 675 Anglorum
1767 612 1822 659 et
1861 604 1968 658 dux
2003 602 2143 658 Nor-

558 712 909 762 mannorum,
946 711 1179 768 pergens
1216 695 1273 749 in
1300 691 1692 749 Normanniam
1716 702 1910 749 contra
1936 711 2143 751 consu-

557 788 664 848 lem
693 787 1142 857 Andegavensem
1181 783 1623 861 Fulconem,lqui
1657 783 2049 839 Cenomaniam
2077 800 2143 841 eo

557 878 776 933 tenebat
805 878 995 943 invito,
1034 891 1206 931 werre
1233 874 1379 948 leges
1422 875 1477 930 in
1515 890 1642 930 eum
1675 873 1820 930 ferro
1842 885 1895 931 et
1924 875 2142 932 ﬂamma

556 978 875 1026 constanter
898 969 1159 1025 exercuit.
1184 967 1426 1023 Decessit
1449 976 1631 1022 autem
1644 966 1917 1024 Robertns
1949 969 2143 1023 consul

555 1059 830 1126 Fiandrie,
854 1060 949 1132 qui
967 1059 1409 1116 Jerosolimitano
1439 1058 1780 1115 clarissimus
1822 1052 2143 1116 interfuerat

554 1153 759 1208 itineri.
793 1151 945 1208 Unde
981 1152 1249 1207 memoria
1282 1151 1405 1221 ejus
1434 1161 1546 1206 nun
1574 1151 1903 1221 pertransiet
1924 1152 1979 1206 in
2006 1164 2144 1207 etcr—

553 1260 707 1299 num.
742 1243 874 1300 Post
898 1260 1061 1315 quem
1096 1242 1419 1311 Balduinus,
1463 1241 1609 1297 filius
1637 1243 1777 1313 ejus,
1806 1243 1997 1299 consul
2020 1242 2143 1298 eii‘e-

553 1345 676 1390 ctus
712 1345 817 1402 est,
860 1336 1080 1405 juvenis
1107 1332 1338 1389 omnino
1367 1322 1627 1389 strenuus
1674 1334 1864 1389 armis.
1908 1331 2139 1404 ($1658.)

553 1426 826 1483 Henricus
851 1428 1147 1498 imperator
1170 1425 1401 1480 Romam
1424 1424 1575 1480 vadit
1600 1434 1823 1496 propter
1844 1424 2137 1481 sedandam

550 1520 902 1589 discordiam,
936 1535 1043 1590 que
1070 1526 1188 1574 erat
1233 1517 1375 1574 inter
1401 1534 1631 1590 regnum
1664 1527 1718 1573 et
1751 1518 2135 1575 sacerdotium.

551 1609 669 1677 Que
696 1619 852 1681 cepta
893 1627 923 1665 a
954 1611 1113 1666 beato
1141 1608 1406 1681 Gregorio
1436 1610 1668 1680 septimo
1695 1625 1831 1680 papa
1865 1607 2133 1676 Romano,

549 1703 645 1773 qui
665 1702 1214 1769 etHildebrandus,et
1235 1701 1503 1773 exagitata
1529 1717 1561 1756 a
1583 1699 1995 1758 successoribus
2014 1701 2133 1772 ejus

1744 280 2104 339 SIGEBERTI
2144 258 2678 343 GEMBLACENSIS
3712 299 3799 358 in

2180 406 2224 464 Λ
2254 402 2621 458 celebratione
2667 404 2837 460 misse
2873 405 3109 461 traderet
3135 404 3185 463 ei
3208 408 3406 480 corpus
3431 418 3487 466 et
3514 418 3800 486 sanguinein

2252 492 2467 549 Domini
2499 495 2674 551 nostri
2697 495 2826 552 Jesu
2869 497 3074 554 Christi
3104 517 3117 553 :
3145 499 3371 557 Domine
3400 504 3696 574 imperator,
3724 512 3799 566 hoc

2248 603 2439 657 corpus
2488 587 2705 643 Domini
2741 599 2927 644 natum
2961 607 3025 646 ex
3070 591 3251 647 Maria
3278 595 3503 666 virgine,
3537 604 3798 667 ραεειιιὶιι

2247 696 2401 735 cruce
2424 697 2519 752 pro
2552 684 2722 750 nobis,
2763 685 2902 738 sicut
2941 694 3129 740 sancta
3166 696 3219 741 et
3263 689 3560 758 apostolica
3591 700 3797 749 tenete:-

2246 771 2429 841 clesia,
2457 774 2648 829 damus
2680 777 2777 830 tibi
2798 777 2856 831 in
2886 779 3344 847 conﬁrmationem
3370 797 3486 836 vere
3522 785 3667 852 pacis
3689 785 3802 841 inter

2246 881 2326 919 me
2354 875 2404 920 et
2436 874 2503 921 te.
2532 865 2730 923 Datum
2763 876 2850 925 est
2877 867 3004 926 ldus
3028 871 3251 942 Aprilis,
3281 872 3581 930 indictione
3601 876 3652 931 4.

2387 956 2545 1012 1112.
2798 961 2851 1017 6.
3116 965 3197 1019 ’5.
3454 966 3542 1021 12.

2316 1044 2633 1119 (Ρυιοηειι.)
2656 1047 2903 1106 Mortuus
2928 1061 3011 1108 est
3032 1051 3391 1109 Tanclrredus
3413 1055 3574 1110 miles
3596 1054 3796 1114 fortissi-

2247 1153 2389 1204 mus,
2422 1139 2513 1209 qui
2543 1147 2755 1196 tantum
2781 1143 2935 1198 auxit
2954 1145 3322 1216 principatum
3350 1146 3733 1206 Antiochenum
3755 1162 3798 1209 et

2243 1231 2508 1300 dilatavit,
2543 1235 2690 1304 quod
2722 1250 2916 1292 omnes
2950 1252 3303 1295 successores
3338 1241 3697 1312 nequiverunt
3724 1261 3793 1301 re-

2243 1324 2435 1394 tinere,
2461 1327 2609 1397 quod
2640 1327 2730 1383 ille
2760 1331 3074 1401 acquisivit.
3106 1329 3248 1388 Huic
3274 1334 3550 1389 successit
3568 1332 3798 1408 Rogerius

2244 1416 2387 1474 illius
2409 1417 2647 1488 Ricardi,
2676 1422 3018 1494 propinquus
3044 1423 3185 1495 ejus.
3202 1424 3439 1496 (Summ)
3461 1426 3573 1483 Deo
3594 1431 3795 1499 peccatis

2243 1509 2527 1566 hominum
2561 1512 2792 1581 oti'enso,
2822 1515 3051 1571 ecclesia
3082 1518 3257 1573 sancti
3275 1516 3564 1576 Michaelis
3589 1521 3652 1576 de
3675 1523 3792 1592 peri-

2243 1602 2367 1657 culo
2410 1603 2579 1660 marTs
2619 1602 2894 1676 fulgurata
2941 1607 3206 1664 divinitus
3251 1609 3387 1664 arsit
3433 1626 3564 1666 cum

2240 1692 2518 1749 omnibus.
2550 1692 2749 1765 (llum.
2782 1696 2906 1767 vn.)
2938 1695 3051 1751 Rex
3073 1697 3374 1767 Anglorum
3396 1696 3669 1756 Henricus
3687 1715 3794 1756 exu-

549 1765 767 1851 i'ictore
790 1804 843 1850 et
865 1765 1173 1862 Urbano,et
1199 1810 1296 1865 pre
1327 1765 1913 1861 omnibusaPaschali,
1939 1765 2137 1865 magno
2170 1765 2214 1821 Β
2237 1783 2370 1839 13V“
2402 1787 2684 1842 consulem
2730 1765 3116 1845 Ebroicensem
3159 1765 3216 1846 ἐι
3245 1789 3597 1849 Wiﬂermutn
3620 1792 3794 1865 Crispi»

548 1886 809 1943 seandalo
838 1895 955 1942 erat
983 1886 1081 1942 toti
1122 1886 1349 1942 mundo.
1382 1884 1498 1941 Rex
1535 1885 1680 1940 enim
1717 1885 1797 1941 uti
1820 1886 2008 1941 volens
2037 1902 2135 1941 au-

547 1979 800 2035 ctoritate
829 1988 884 2034 et
908 1978 1305 2035 consuetudine
1343 1987 1397 2033 et
1437 1978 1808 2035 auctoralibus
1838 1979 2134 2053 privilegiis

547 2071 961 2141 imperatorum,
989 2071 1085 2142 qui
1131 2087 1163 2127 a
1202 2070 1404 2131 Karolo
1432 2069 1651 2145 Magno,
1697 2072 1791 2143 qui
1826 2071 2041 2143 primus
2066 2072 2133 2128 de

545 2161 768 2232 regibus
783 2160 1123 2217 Francorum
1146 2160 1435 2233 imperavit
1460 2159 1745 2227 Romanis,
1767 2159 1883 2230 jam
1908 2176 2005 2231 per
2030 2168 2135 2216 tre-

542 2260 732 2309 centos
762 2262 817 2309 et
841 2268 907 2309 eo
938 2254 1174 2324 amplius
1203 2268 1380 2309 annos
1408 2252 1809 2324 imperas-erant
1838 2253 1942 2309 sub
1973 2268 2132 2309 sexa-

541 2345 693 2417 ginta
732 2345 906 2401 tribus
936 2344 1271 2416 apostolicis,
1317 2344 1483 2400 dabat
1514 2343 1661 2399 licito
1700 2343 2049 2415 episcopatus
2077 2351 2132 2398 et

539 2439 808 2506 abbatias,
839 2446 893 2494 et
927 2454 1024 2509 per
1049 2439 1277 2494 anulum
1302 2447 1355 2494 et
1377 2453 1474 2509 per
1500 2438 1734 2509 virgam.
1754 2436 1958 2492 Contra
1988 2438 2130 2491 hanc

540 2531 812 2601 majorum
853 2530 1233 2587 auctoritatem
1278 2530 1577 2587 censebant
1605 2546 1741 2601 pape
1780 2529 2027 2602 synodali
2046 2530 2133 2601 ju-

538 2622 706 2685 dicio,
733 2638 836 2678 nec
863 2637 1026 2693 posse
1052 2638 1155 2678 nec
1183 2622 1381 2678 debere
1407 2622 1523 2678 dari
1556 2638 1653 2692 per
1682 2622 1890 2694 virgam
1917 2623 2002 2677 vel
2033 2638 2129 2694 per

539 2714 764 2769 anulum
792 2715 1167 2786 episcopatum
1196 2725 1291 2770 aut
1318 2715 1559 2787 aliquam
1580 2714 2006 2771 ecclesiasticam
2039 2716 2126 2771 in-

538 2806 860 2862 vestituram
890 2823 921 2862 a
942 2807 1122 2863 laicali
1144 2823 1332 2863 manu.
1370 2806 1436 2864 Et
1466 2808 1781 2879 quicunque
1810 2807 1884 2864 ita
1912 2809 2128 2880 episco—

538 2906 728 2968 patum
760 2907 856 2953 aut
888 2898 1052 2954 aliam
1077 2899 1435 2956 ecclesiastici
1466 2900 1611 2970 juris
1640 2900 2017 2956 investituram
2041 2918 2128 2958 ace

537 2992 832 3062 cipiebant,
866 2992 1505 3050 excommunicabantur.
1546 2992 1776 3064 Propter
1810 2994 1953 3051 hanc
1994 3011 2122 3066 pre-

510 3083 698 3155 .cipue
726 3101 949 3141 causam
981 3086 1279 3155 imperator
1301 3084 1531 3141 Romam
1558 3086 1831 3142 tendebat.
1860 3086 1927 3141 Et
1953 3088 1999 3143 si
2028 3078 2121 3160 qui
2152 3115 2195 3173 ο

537 3175 1023 3247 Langobardorum
1046 3194 1272 3249 quoquo
1293 3177 1458 3234 modo
1488 3177 1539 3233 ei
1570 3179 1826 3235 resistere
1846 3180 2120 3249 volebant,

534 3282 786 3345 potenter
813 3290 909 3329 eos
948 3275 1276 3344 proterebat.
1315 3272 1373 3327 ln
1421 3274 1869 3329 reconciliatione
1916 3284 2121 3343 autem,

535 3382 644 3438 que
695 3366 838 3423 facta
872 3375 957 3423 est
987 3366 1131 3421 inter
1180 3365 1564 3437 imperatorem
1596 3375 1651 3422 et
1693 3382 1972 3438 papam—
1993 3384 2119 3424 nam

533 3458 714 3530 ipsum
743 3474 935 3530 papam
972 3474 1098 3513 cum
1127 3458 1399 3529 epiSCOpis
1421 3465 1475 3513 et
1503 3459 1877 3515 cardinalibus
1904 3470 2124 3531 ceperat

532 3548 711 3604 —die
748 3550 950 3621 pasche
998 3547 1235 3605 Henrico
1282 3549 1338 3604 in
1392 3549 1776 3620 imperatorem
1835 3561 2119 3619 coronato,

530 3651 657 3714 post
679 3643 879 3698 lectum
908 3643 1271 3715 ewangelium
1320 3632 1544 3698 tradidii
1570 3643 1619 3698 ei
1651 3658 1790 3714 papa
1813 3642 2115 3711 Paschalis,

530 3734 626 3806 qui
651 3743 707 3791 et
736 3734 1083 3807 Raginerius,
1113 3744 1238 3789 ante
1266 3734 1437 3790 altare
1467 3736 1839 3803 apostolorum
1880 3734 2024 3791 Petri
2066 3746 2120 3793 et

528 3823 686 3883 Pauli
728 3829 784 3882 in
816 3828 992 3884 oculis
1034 3826 1280 3881 omnium
1312 3826 1645 3903 principum,
1674 3827 2018 3900 privilegium
2051 3830 2119 3885 de

531 3920 853 3975 investitura
901 3917 1312 3989 episcopatuum
1355 3917 1438 3971 vel
1470 3917 1833 3985 abbatiarum,
1880 3927 1992 3973 tam
2023 3936 2114 3990 per

530 4011 757 4065 anulum
779 4026 944 4080 quam
974 4026 1070 4081 per
1090 4010 1319 4082 virgam,
1347 4010 1557 4065 scilicet
1581 4019 1640 4066 ut
1668 4011 1819 4083 regni
1852 4011 1973 4083 ejus
2002 4014 2118 4083 epi-

531 4102 715 4172 scopis
738 4102 822 4157 vel
854 4101 1164 4167 abbatibus,
1210 4101 1377 4155 libere
1406 4108 1587 4171 preter
1620 4101 1935 4156 violentiam
1966 4110 2021 4157 et
2049 4103 2120 4157 si-

529 4192 772 4247 moniam
812 4191 1018 4257 electis,
1066 4191 1445 4246 investituram
1494 4191 1642 4263 virge
1662 4200 1717 4246 et
1747 4190 1896 4246 anuli
1925 4189 2114 4247 confe-

528 4295 643 4351 rat;
668 4293 794 4356 post
815 4285 1173 4340 investionem
1204 4300 1334 4340 vero
1356 4284 1622 4340 canonice
1644 4285 2114 4339 consecrationem

529 4378 764 4449 accipiat
797 4378 866 4433 ab
886 4376 1162 4448 episcopo,
1189 4377 1256 4433 ad
1288 4392 1450 4449 quem
1474 4376 1800 4449 pertinuerit
1820 4376 2118 4432 conﬁrma-

2237 1891 2371 1932 num
2412 1875 2769 1949 Normannia,
2801 1880 3050 1952 cepitque
3091 1871 3393 1938 Robertnm
3449 1885 3519 1940 de
3566 1884 3788 1953 Bclesme,

2236 1963 2303 2025 de
2331 1985 2443 2040 quo
2472 1985 2638 2043 supra
2660 1971 2920 2029 diximus.
2956 1972 3189 2045 (Stena)
3218 1973 3514 2032 Valdricus
3539 1975 3791 2049 episcopus

2236 2062 2639 2132 Laudunensis,
2673 2066 2822 2123 cives
2850 2066 3024 2137 ipsius
3070 2067 3231 2125 urbis
3266 2085 3297 2124 a
3330 2081 3675 2127 sacramento
3692 2087 3790 2143 per

2234 2158 2621 2229 peramjurate
2641 2158 3049 2216 communionis
3075 2176 3335 2218 revocare
3384 2163 3566 2230 nisus,
3612 2173 3641 2218 a'
3675 2164 3790 2219 sedi-

2236 2250 2391 2307 tiosis
2419 2250 2487 2306 ad
2519 2267 2672 2308 arma
2704 2253 3343 2325 concurrentibusMuod
3367 2255 3524 2311 dictu
3549 2255 3691 2311 nefas
3706 2258 3788 2327 est)

2231 2341 2412 2414 gladio
2431 2342 2726 2400 confossus
2747 2344 2973 2412 interiit,
3006 2344 3142 2400 feria
3174 2346 3228 2401 5.
3256 2346 3565 2405 ebdomade
3592 2349 3788 2419 pascha-

2230 2436 2299 2492 lis
2349 2435 2400 2491 7.
2438 2435 2560 2491 Καὶ.
2606 2437 2739 2506 Mai,
2788 2437 2842 2492 in
2895 2437 3094 2492 letania
3147 2438 3377 2509 majore.
3435 2439 3788 2495 Tumuituaute

2229 2526 2399 2580 etiam
2427 2527 2633 2598 impetu
2663 2526 2894 2584 confuse
2929 2527 3321 2597 multitudinis,
3352 2531 3560 2588 domus
3583 2531 3787 2604 episcopi

2230 2618 2615 2686 succenditur;
2648 2618 2795 2675 unde
2824 2620 2992 2675 etiam
3019 2620 3141 2691 ipsa
3159 2631 3337 2677 mater
3366 2623 3602 2680 ecclesia
3630 2633 3785 2679 sancte

2228 2707 2418 2778 Marie,
2457 2718 2513 2767 et
2539 2712 2715 2768 sancti
2740 2711 2971 2768 Joannis
2991 2712 3227 2784 baptiste
3244 2715 3485 2772 ecclesia
3519 2718 3575 2773 in
3602 2717 3783 2773 abbatis

2229 2804 2749 2872 sanctimonialium,
2792 2821 2917 2861 cum
2945 2807 3070 2865 aliis
3098 2808 3347 2864 ecclesiis
3393 2812 3650 2866 omnibus
3670 2826 3697 2866 e
3718 2811 3782 2865 vi-

2227 2895 2355 2950 cino
2376 2897 2830 2967 appendentibus,
2861 2910 3306 2956 concremantur.
3336 2900 3401 2957 In
3429 2911 3642 2959 actores
3666 2903 3781 2959 sali-

2228 2989 2394 3045 tionis
2421 3006 2453 3045 a
2479 3006 2605 3061 rege
2625 2989 2965 3048 Francorum
2996 3001 3107 3048 tam
3132 3000 3321 3049 severe
3346 3005 3437 3051 est
3460 2996 3777 3059 vindicatum,

2226 3088 2288 3135 ut
2318 3087 2427 3135 tam
2454 3090 2734 3152 presentes
2755 3099 2920 3154 quam
2951 3083 3167 3142 futuros
3200 3102 3231 3141 a
3266 3085 3439 3142 simili
3477 3086 3673 3145 scelere
3699 3086 3776 3143 de-

2228 3182 2431 3229 terrere
2458 3176 2643 3245 possit
2661 3178 2969 3248 exemplum
2998 3177 3087 3233 δι’.

2368 3264 2522 3324 1115.
2783 3270 2835 3323 7.
3090 3271 3143 3326 4.
3409 3275 3500 3329 15.

2296 3358 2493 3431 (Hum.
2509 3363 2802 3434 vn.)Anno
2823 3364 3093 3434 sequenti,
3119 3380 3229 3420 non
3252 3368 3524 3436 presenti,
3550 3366 3777 3423 Henricus

2223 3464 2317 3504 rex
2342 3451 2643 3523 Anglorum
2666 3452 2815 3508 dedit
2843 3454 3374 3526 archiepiscopatum
3389 3455 3677 3514 Cantuarie
3696 3456 3775 3513 Ro

2222 3541 2375 3598 dulfo
2410 3543 2668 3614 episcopo
2713 3542 3116 3601 Roveceastrie.
3148 3545 3304 3603 Tunc
3343 3564 3569 3621 quoque
3599 3548 3772 3605 Thom

2221 3634 2552 3691 Eboracensi
2610 3637 3022 3709 archiepisc0po
3050 3638 3331 3703 defuncto,
3363 3639 3641 3698 Tnstanus
3670 3655 3771 3697 sue-

2221 3729 2410 3796 cessit;
2441 3728 2582 3784 inter
2604 3728 2897 3786 Rodulfum
2931 3747 3059 3787 vero
3108 3740 3162 3787 et
3204 3731 3515 3789 Tustanum
3547 3732 3774 3804 archiepi-

2222 3836 2417 3892 scopos
2464 3830 2584 3877 orta
2608 3829 2694 3877 est
2731 3838 2927 3894 magna
2957 3823 3251 3891 dissensio,
3283 3825 3415 3896 quia
3450 3824 3772 3881 Eboraccns's

2218 3912 2604 3969 Cantuariensi
2642 3914 2709 3971 de
2730 3931 2883 3972 more
2916 3916 3112 3987 subjici
3149 3917 3386 3973 nolebat.
3420 3919 3600 3975 Causa
3622 3926 3770 3973 autem

2219 4021 2347 4077 sepe
2358 4021 2544 4063 coram
2567 4023 2714 4079 rege,
2737 4023 2865 4075 sepe
2887 4022 3073 4064 coram
3099 4010 3401 4080 apostolico
3417 4012 3667 4067 ventilata
3686 4018 3769 4071 est.

2219 4100 2314 4154 sed
2355 4099 2587 4154 necdum
2611 4100 2853 4156 deﬁnita.
2886 4099 3155 4157 Henricus
3194 4118 3289 4157 rex
3320 4103 3620 4176 Anglorum
3645 4099 3769 4157 duxit

2218 4191 2520 4247 exercitum
2534 4193 2586 4247 in
2602 4192 2860 4261 Waliam,
2896 4204 2952 4250 et
2965 4192 3256 4251 Walenses
3276 4196 3486 4251 subditi
3503 4205 3624 4253 sunt
3637 4194 3682 4251 ei
3696 4207 3767 4249 se-

2217 4282 2455 4339 cundum
2480 4282 2941 4354 magniﬁcentiam
2957 4283 3143 4340 libitus
3161 4285 3266 4339 sui.
3285 4284 3516 4341 Corneta
3537 4286 3707 4357 ingens
3724 4281 3766 4334 in

2217 4375 2324 4431 ﬁne
2348 4374 2453 4429 Mai
2476 4375 2746 4445 apparuit.
2782 4375 2895 4431 Rex
2916 4392 3047 4432 vero
3073 4376 3293 4433 transiit
3311 4377 3368 4431 in
3383 4375 3763 4433 Normanniam.

531 4472 606 4527 tio
640 4472 792 4543 pacis
827 4471 969 4526 inter
994 4470 1357 4542 apostolicum
1382 4480 1438 4525 et
1460 4470 1867 4541 imperatorem,
1893 4469 2023 4524 dum
2055 4470 2110 4523 in
2144 4464 2190 4522 D
2218 4469 2371 4539 (Axs.
2393 4466 2624 4539 ϐειωι.)
2657 4466 2841 4524 Mense
2871 4467 3013 4524 Maio
3033 4469 3289 4542 siligenes
3310 4477 3369 4524 et
3386 4470 3611 4526 arbores
3637 4479 3767 4523 sam

994 4553 1006 4565 ’
1803 4561 1892 4616 VA
1901 4560 2040 4616 RUE
2080 4559 2487 4617 LECTIONES.

601 4632 668 4665 ⁵³³
726 4631 855 4687 Post
912 4633 1024 4688 hac
1079 4633 1134 4688 2.
1198 4633 1348 4687 addit
1395 4649 1414 4687 :

1467 4632 1581 4689 Hoc
1608 4633 1875 4715 tempore
1931 4644 2190 4715 magister
2243 4633 2567 4715 Guillelmus
2619 4634 2689 4688 de
2746 4633 3040 4715 pampellis
3094 4633 3191 4704 qui
3228 4633 3409 4689 fuerat

524 4719 663 4777 nus,
695 4701 1059 4777 Parisiensis,
1118 4704 1202 4758 vir
1246 4704 1569 4777 admodum,
1608 4700 1884 4777 litteratus
1908 4745 1924 4772 ,
1982 4700 2228 4777 habitum
2294 4704 2544 4777 canonici
2621 4700 2900 4777 regularis
2945 4700 3273 4777 assumens,
3334 4720 3465 4760 cum
3525 4700 3764 4777 aliquibus

527 4774 823 4848 discipulis
841 4774 957 4830 suis
988 4783 1141 4848 extra
1173 4776 1362 4848 urbem
1394 4775 1665 4848 Parisios,
1694 4776 1779 4848 Ain
1810 4776 1933 4830 loco
1980 4775 2072 4830 ubi
2106 4783 2235 4844 erat,
2260 4775 2496 4848 quedam
2553 4773 2763 4848 capella
2814 4776 3008 4848 sancti
3044 4773 3280 4848 Victoris
3307 4776 3596 4848 martyris,
3648 4773 3761 4848 et:ij

528 4839 925 4921 monasterium
971 4844 1226 4921 editicare
1275 4839 1973 4921 clericorum._'Assumpto
2028 4840 2235 4921 autem
2264 4839 2358 4900 illo
2407 4844 2475 4901 ad
2538 4839 2917 4921 episcopatum
2970 4839 3482 4921 (latalanensimn;
3513 4839 3760 4921 venerabi-

525 4916 598 4972 lis
648 4913 1017 4987 Gelduvinus,
1058 4915 1361 4987 discipulus
1397 4917 1516 4987 ejus
1566 4916 1797 4987 primus,
1845 4911 2015 4971 abbas
2053 4916 2129 4971 ibi
2178 4913 2356 4972 factus
2384 4925 2488 4983 est,
2551 4911 2656 4971 sub
2682 4911 2844 4987 cujus
2878 4916 3143 4987 reginiine
3168 4911 3327 4971 mdii
3351 4916 3539 4971 clerici
3561 4911 3758 4987 ποιέῆ

529 4985 873 5058 secularibus
894 4995 947 5041 et
969 4986 1171 5058 divinis
1193 4980 1389 5042 litteris
1415 4980 1690 5054 instructi,
1725 4980 1792 5042 ad
1826 4987 1979 5042 illum
2029 4987 2213 5042 locum
2260 4980 2557 5044 habitaturi
2592 4980 2989 5044 convéneruni.
3020 4986 3167 5058 inter
3185 4987 3612 5058 quos‘magister
3630 4980 3758 5050 Rogo

527 5056 907 5130 Lotbariensis
928 5065 983 5111 et
1009 5057 1236 5130 scientia
1263 5058 1569 5130 litterarum
1593 5068 1648 5114 et
1678 5058 1868 5112 humili
1895 5058 2156 5130 religione
2178 5058 2422 5130 maxime
2427 5058 2712 5130 _ellloruit;
2747 5058 2837 5130 hic
2864 5058 3064 5130 multos
3086 5054 3262 5130 libros
3280 5054 3473 5112 edidit:
3502 5054 3609 5110 Hoc
3640 5063 3757 5130 anno

525 5130 695 5205 etiam
718 5126 1009 5205 exordium
1028 5126 1333 5205 _S_a_vigneji_
1356 5127 1479 5184 fuit.
1514 5128 1665 5205 Hice,
1700 5124 2138 5205 omnidexcEptis
2159 5128 2381 5205 ultimis
2402 5128 2517 5205 Hoc
2541 5145 2592 5183 a.
2618 5146 2667 5184 e.
2700 5124 2758 5205 c_.
2800 5124 2877 5205 8ζ
2899 5127 3026 5205 fuit,
3048 5127 3120 5205 ad
3155 5128 3368 5205 verbum
3409 5134 3622 5195 excepta
3648 5127 3753 5205 fuit

525 5216 592 5254 ea:
629 5198 843 5254 Roberti
870 5199 1038 5252 nostri
1060 5196 1196 5252 libro
1222 5196 1287 5253 de
1316 5200 1683 5253 immutatione
1714 5200 1916 5253 ordinis
1958 5196 2335 5253 monachorum
2363 5202 2419 5254 in
2454 5200 2809 5253 Normannia.
2837 5199 2972 5255 Cum
3004 5200 3088 5252 his
3115 5199 3185 5252 ad
3220 5196 3433 5253 verbum
3459 5196 3753 5252 conueniat.

563 5287 645 5350 ua:
678 5271 732 5324 in
756 5270 1093 5350 iprwfatio‘ne
1116 5268 2076 5350 edi-tionisRotlromagensiscperunt
2198 5269 2440 5350 Huganis
2480 5271 2608 5350 anui
2849 5270 3146 5350 afferuntur
3168 5286 3242 5350 ex;
3274 5284 3538 5350 anonymo
3560 5262 3754 5350 quotidi:

556 5329 929 5417 lemmeticensi
956 5339 1114 5417 {sub
1148 5339 1386 5417 Gilduini
1438 5329 1703 5412 regimine
1741 5329 1904 5417 multi
1934 5329 2433 5417 clerici__nobiles,_
2457 5341 2809 5417 secularibus
2845 5329 3129 5417 etldiviuis
3168 5340 3363 5417 litteris
3413 5329 3677 5417 instructi,

526 5412 697 5468 istum
748 5413 932 5484 locum
976 5410 1272 5484 habitaturi
1323 5405 1717 5484 convenerunt.
1768 5410 1913 5484 Inter
1955 5427 2096 5484 quos
2131 5405 2714 5484 Hugo_Lotltariensis,
2765 5412 2847 5467 sic
2879 5411 3059 5484 dictus
3092 5426 3122 5464 a
3154 5408 3395 5484 confinio
3427 5406 3681 5484 saxoniae,
3709 5405 3753 5455 ei

483 5509 487 5512 -
526 5483 755 5539 scientia
783 5483 1092 5539 litterarum
1126 5490 1180 5537 et
1213 5482 1404 5536 humili
1437 5482 1701 5555 religione
1721 5482 1959 5555 maxime
1976 5474 2249 5555 'eilloruit:
2274 5481 2373 5555 Hic
2402 5483 2605 5538 multos
2630 5474 3015 5555 librosedidjt,
3056 5496 3217 5555 quos,
3247 5480 3380 5550 quia
3399 5480 3561 5555 vulgo

527 5562 638 5620 tur,
668 5569 777 5608 non
815 5562 1030 5623 oportet
1059 5567 1509 5610 commemorare.
1539 5545 1731 5618 Duivis
1781 5553 1941 5619 videt,
1979 5553 2090 5608 lucc
2111 5570 2222 5608 esse
2254 5553 2409 5608 verba
2434 5562 2698 5623 tractatus
2729 5553 2881 5607 illius
2914 5545 3211 5621 Hobertini,
3235 5545 3467 5623 acceptis
3496 5545 3750 5623 sistimus

529 5616 1152 5693 agconiinio'Saxoniaa,
1199 5639 1319 5693 qua
1364 5623 1538 5688 verba,
1566 5616 1750 5677 'sensu
1785 5616 2045 5693 carentia,
2093 5641 2387 5693 auonymus
2419 5624 2519 5678 iste
2551 5616 2980 5678 Gemmeticens'is
3028 5623 3090 5676 de
3123 5616 3217 5676 suo
3251 5616 3523 5675 addidisse
3553 5616 3745 5671 videtur.

530 5691 635 5745 Hic
659 5694 824 5763 igitur
846 5710 1136 5764 anonymus
1164 5691 1302 5747 inter
1324 5694 1626 5748 testimonia
1660 5695 1724 5747 de
1748 5696 1927 5764 patria
1956 5692 2013 5765 S.
2044 5691 2283 5765 Hugonis
2311 5694 2493 5765 haberi
2520 5696 2610 5765 uix
2629 5703 2821 5763 potest,
2844 5694 3041 5765 quibus
3066 5709 3185 5748 eum
3215 5698 3560 5765 annumerari}
3579 5695 3746 5765 οπικξξο

527 5764 619 5833 qui
652 5745 1923 5837 curarhenatnu;triarium»;una
1966 5745 2287 5819 ῑίέὀὶὶὲἷέη
2314 5745 2456 5818 iter}
2477 5745 2494 5818 ὲ
2519 5745 2683 5836 uagi;
2703 5745 2821 5819 sia;
2850 5745 2952 5819 'Si.
2975 5745 3190 5819 Victor.
3245 5760 3374 5831 Lips
3421 5758 3572 5814 1832.
3604 5745 3744 5827 ρ.18·
