3934 6316
534 387 641 445 455

674 516 1017 558 ROIANORUI.
1167 518 1501 558 FRANCORUM.
1645 519 1944 558 ASGLORUII.

529 592 818 650 exactione
858 594 1086 663 predicti
1124 585 1326 650 census
1353 594 1502 664 quod
1531 604 1759 650 vocatur
1796 595 2107 663 Romescnt,

528 684 843 740 absolutum
871 694 926 740 et
955 686 1200 757 quietum
1243 694 1347 752 est,
1376 687 1506 756 quia
1552 687 1693 741 idem
1746 702 1861 752 rex,
1900 687 2109 742 scilicet

526 771 666 843 Offa,
698 785 755 832 et
800 778 1195 841 monasterium
1253 779 1407 848 prius
1455 778 1745 845 ediﬁcavit,
1798 788 1853 834 et
1880 794 2107 834 censum

526 864 773 925 Romane
819 868 1049 923 ecclesie
1092 866 1410 939 assignavit.
1442 866 1619 939 Quem~
1654 876 1844 937 postea
1880 884 2106 923 censum

524 956 774 1015 Canutus
798 961 1089 1031 rexJotius
1116 960 1308 1032 Anglic
1339 968 1394 1015 et
1436 959 1590 1014 Datie
1618 975 1848 1030 pergens
1870 959 2102 1016 Romam

523 1065 671 1109 anno
693 1051 1089 1108 incarnationis
1128 1053 1402 1108 dominicc
1437 1052 1596 1107 1050.
1629 1053 1697 1108 de
1744 1054 1895 1108 omni
1935 1070 2103 1127 regno

529 1148 724 1222 Anglic
749 1158 937 1206 sancte
965 1150 1209 1206 Romane
1234 1150 1464 1213 ecclesie
1504 1149 1807 1217 concessit;
1838 1167 1964 1221 cum
1986 1149 2102 1207 Oila

520 1243 901 1298 tantummodo
925 1243 992 1298 de
1016 1258 1185 1314 regno
1225 1258 1347 1308 suo,
1386 1242 1438 1297 id
1468 1251 1551 1303 est
1576 1242 1643 1297 de
1674 1242 1764 1297 illa
1789 1238 1955 1313 parte
1984 1243 2101 1297 An~

518 1334 625 1405 glie
669 1350 775 1405 que
796 1334 972 1391 Mcrce
993 1335 1215 1403 dicitur,
1247 1335 1398 1401 illum
1421 1351 1647 1391 censum
1667 1336 1820 1406 prius
1838 1336 2095 1393 dedisset.

517 1424 716 1497 (Henr.
758 1426 880 1498 vn.)
903 1425 1040 1483 Cum
1081 1436 1265 1489 autem
1313 1444 1409 1495 rex
1460 1425 1725 1497 Henricus
1777 1428 1845 1484 ad
1896 1429 2096 1499 pascha

514 1517 926 1574 transfretasset
970 1519 1027 1574 in
1052 1517 1469 1585 Normanniam,
1517 1518 1621 1573 fuit
1667 1521 1906 1587 maxima
1957 1520 2100 1588 inter

513 1624 639 1664 eum
692 1609 965 1669 discordia
999 1618 1054 1664 ct
1104 1625 1288 1682 regem
1344 1609 1682 1687 Francorum
1734 1609 2092 1666 Ludovicum.

511 1698 693 1760 Causa
722 1708 905 1755 autem
932 1701 1033 1759 hec
1054 1709 1171 1771 erat
1206 1719 1219 1755 :
1255 1699 1526 1757 Tehaldus
1574 1702 1766 1757 consul
1798 1701 2093 1769 Blesensis,

510 1807 682 1862 nepos
730 1792 874 1864 regis
925 1792 1226 1864 Anglorum
1275 1790 1533 1862 Henrici,
1566 1803 1767 1855 contra,
1807 1795 2102 1850 dominum

508 1901 672 1941 suum
695 1901 877 1957 regem
900 1885 1239 1954 Francorum
1267 1901 1419 1953 arma
1441 1896 1818 1957 promoverat;
1855 1887 1910 1942 in
1933 1888 2091 1961 cuius

480 1976 772 2031 auxilium
794 1992 889 2033 rex
919 1977 1219 2053 Anglorum
1248 1977 1415 2033 duces
1446 1992 1577 2033 Suos
1605 1977 1964 2055 militiamque
1984 1979 2092 2033 mi-

514 2066 606 2133 sit,
640 2075 695 2122 et
714 2082 897 2138 regem
930 2084 1044 2138 non
1063 2067 1414 2126 mediocriter
1442 2069 1655 2143 alllixit.

579 2156 737 2211 1117.
781 2156 1043 2230 Henricus
1070 2158 1158 2229 11.
1199 2158 1500 2229 Ludovicus
1529 2159 1583 2214 8.
1627 2157 1946 2224 Henricus!
1998 2160 2084 2215 17.

576 2245 712 2318 (ιθ.)
745 2246 979 2305 Henrico
1025 2249 1327 2321 Anglorum
1378 2252 1494 2328 regi
1542 2252 1901 2328 gravissimus
1935 2253 2090 2307 labor

502 2338 822 2401 insurrexit.
862 2339 1195 2415 Juraverunt
1234 2358 1471 2412 namque
1498 2358 1592 2397 rex
1618 2341 1951 2408 Francorum
1980 2342 2089 2398 Lu-

504 2430 754 2500 dovicus,
786 2441 842 2488 et
868 2449 1051 2499 comes
1076 2428 1428 2507 Flandrensis
1452 2433 1774 2501 Balduinus,
1813 2443 1869 2490 et
1893 2437 2086 2491 consul

498 2522 911 2596 Andegavensis
959 2522 1151 2593 Fulco,
1189 2542 1248 2581 sc
1270 2525 1663 2602 Normanniam
1705 2526 1821 2597 regi
1852 2525 2086 2582 Henrico

500 2616 804 2685 ablaturos,
836 2627 892 2673 et
917 2617 1205 2687 Willermo
1225 2618 1338 2671 lilio
1367 2616 1592 2673 Roherti
1630 2617 1786 2673 ducis
1817 2616 2093 2683 Normans

499 2709 591 2765 nie
611 2726 736 2767 eam
765 2711 1023 2781 daturos.“
1040 2710 1194 2765 Multi
1226 2711 1391 2773 etiam
1436 2725 1726 2781 procerum
1767 2710 1913 2780 regis
1941 2708 2085 2764 Hen—

497 2802 601 2857 rici
630 2812 980 2875 recesserunt
1021 2803 1091 2858 ab
1130 2818 1217 2869 eo,
1247 2803 1394 2873 quod
1441 2803 1682 2865 maxime
1706 2802 1887 2869 eimit
1911 2802 2083 2857 detri-

499 2902 704 2951 mento.
732 2893 837 2962 Qui
888 2902 1068 2955 tamen
1123 2911 1232 2951 non
1269 2893 1627 2969 improvidus,
1657 2895 1711 2969 in
1749 2895 1956 2950 auxilio
1979 2910 2081 2952 suo

1670 352 2061 447 'sicnennn
2098 389 2621 447 (.rIMBLACENSlS

2135 509 2184 567 Α
2214 511 2357 558 mam
2389 504 2645 577 perrexit.
2681 504 2749 559 At
2775 503 2854 559 illi
2883 506 3145 563 (iurantes
3166 506 3224 561 in
3268 507 3487 568 malicia
3530 525 3641 579 sua,
3664 514 3755 570 ele-

3661 399 3755 456 Β(

2213 604 2409 675 gerunt
2450 596 2504 650 in
2557 596 2808 652 abbatem
2853 595 3129 669 Ugonem,
3162 599 3402 669 priurem
3450 598 3750 660 Marciniaci.

2212 685 2331 767 Quo
2370 686 2627 754 defuncto
2675 687 2817 742 infra
2845 688 3081 758 primum
3130 702 3337 744 animm
3368 693 3456 747 sui
3486 696 3752 765 regiminis,

2208 779 2493 850 elegerunt
2522 782 2796 851 quendam
2819 790 3038 837 strenue
3078 783 3380 854 nobilitatis
3401 785 3647 855 juvenem
3668 805 3752 842 nn-

2208 873 2355 926 minc
2406 870 2648 927 Petrum.
2698 872 2986 940 Quomodo
3023 883 3206 930 autem
3250 877 3530 947 predictus
3556 877 3753 936 Pontius

2204 963 2273 1018 de
2296 962 2637 1031 Jerosolimis
2688 962 2923 1032 rediens,
2956 966 3154 1021 iterum
3194 968 3433 1033 ahhatie,
3456 970 3542 1024 cui
3579 986 3753 1027 renun—

2204 1052 2453 1119 tiaverat,
2479 1069 2698 1124 preessc
2741 1056 2934 1123 voluit,
2962 1065 3016 1112 et
3036 1058 3312 1127 quomodo
3356 1060 3610 1117 scismate
3632 1061 3753 1118 facto

2203 1146 2259 1200 in
2304 1147 2493 1202 eodem
2553 1150 2886 1223 monasterio
2942 1151 3175 1207 multum
3227 1152 3456 1208 humani
3499 1157 3752 1226 sanguinis

2201 1239 2433 1313 effusum
2461 1249 2566 1309 est,
2596 1242 2765 1315 pudet
2789 1242 2993 1305 dicere.
3026 1242 3317 1300 Remansit
3338 1254 3524 1301 tamen
3554 1262 3753 1303 veneta-

2201 1331 2293 1385 bili
2346 1331 2507 1387 Pctro
2551 1334 2798 1405 regimen
2843 1336 3161 1391 monasterii
3204 1336 3586 1394 Cluniacensis
3629 1342 3753 1410 quod

2199 1424 2379 1481 adhuc
2403 1425 2669 1495 disponit,
2694 1428 2985 1483 transactis
3014 1428 3210 1484 exinde
3236 1429 3306 1484 52
3338 1430 3522 1486 annis.
3551 1430 3751 1489 Pontius

2198 1531 2328 1571 vero
2361 1533 2416 1571 in
2446 1508 2800 1587 monasterio,
2823 1519 2969 1591 quod
2992 1504 3222 1576 vocatur
3254 1520 3435 1577 Cavea
3493 1523 3660 1593 (568)ι
3695 1526 3757 1595 ad

2197 1607 2451 1663 ultimum
2506 1620 2758 1666 mortuus
2798 1619 2903 1666 est.
2950 1610 3201 1668 Mortuus
3247 1622 3358 1682 est,
3392 1623 3577 1669 autem
3610 1618 3748 1672 etiam

2197 1698 2301 1753 hoc
2348 1715 2493 1755 anno
2521 1701 2671 1773 (569)
2700 1703 2787 1758 vir
2812 1704 3102 1775 religiosus
3141 1714 3197 1760 et
3243 1721 3441 1777 magne
3473 1708 3747 1774 literature,

2192 1785 2286 1841 Ivo
2320 1788 2678 1845 Carnotcnsis
2717 1793 3028 1864 cpiscopus.
3080 1793 3183 1851 Hic
3212 1795 3344 1850 dum
3379 1805 3529 1852 esset
3557 1798 3749 1868 juvenis

2124 1862 2166 1920 Β
2194 1878 2402 1953 audivit
2453 1883 2776 1961 magistrum
2820 1862 3189 1943 Lanfrancum
3244 1889 3481 1961 priorem
3694 1891 3749 1946 de

2194 1972 2536 2037 secularibus
2578 1983 2633 2030 et
2666 1975 2869 2032 divinis
2898 1977 3096 2034 litteris
3128 1986 3451 2035 tractantem
3477 1982 3533 2036 in
3570 1983 3654 2037 illa
3678 1982 3747 2038 fa-

2191 2076 2347 2137 mosa
2403 2065 2554 2120 scola
2596 2082 2763 2137 quam
2813 2066 2971 2137 Bceci
3025 2070 3244 2143 tenuit;
3295 2071 3352 2146 in
3382 2087 3494 2145 qua
3538 2074 3683 2129 multi
3705 2085 3750 2131 et

2191 2155 2475 2232 nobilitate
2500 2146 2737 2213 seculari
2761 2168 2814 2214 et
2847 2160 3134 2217 honestate
3156 2177 3372 2237 morum
3402 2176 3749 2221 convenerunt

2188 2247 2292 2303 viri
2320 2249 2539 2318 prediti,
2569 2259 2627 2306 et
2653 2251 2747 2321 qui
2781 2262 2968 2322 postea
3014 2253 3089 2329 ad
3127 2269 3411 2331 summum
3445 2258 3649 2333 apicem
3669 2273 3746 2315 cc-

2188 2339 2492 2417 clesiastice
2524 2341 2804 2414 dignitatis
2841 2352 2896 2399 et
2917 2344 3200 2416 religionis
3229 2348 3549 2423 attigerunt.
3579 2348 3749 2421 Postea

2186 2433 2501 2509 vero'idcm
2535 2434 2628 2490 lvo
2658 2436 2972 2513 aliquandiu
3021 2437 3227 2508 prefuit
3261 2443 3562 2496 convcntui
3600 2457 3746 2498 cano-

2186 2522 2441 2577 nicorum
2465 2525 2799 2595 regularium
2825 2527 3001 2582 sancti
3020 2526 3269 2594 Quintini
3290 2529 3653 2605 Bclvacensis.
3679 2530 3757 2601 Ad

2186 2608 2440 2669 ultii'num
2478 2616 2768 2688 episcopus
2810 2617 3008 2686 factus,
3045 2619 3186 2675 rexit
3233 2621 3525 2677 ecclesiam
3564 2622 3748 2678 Carno-
3832 2670 3837 2675 .

2185 2715 2392 2764 tenscm
2424 2710 2653 2765 viriliter
2678 2719 2730 2767 et
2756 2712 3009 2783 religiose
3029 2711 3143 2769 fere
3166 2728 3266 2785 per
3288 2729 3466 2770 annos
3491 2715 3585 2771 2'5.
3619 2715 3747 2771 Reli-

2184 2801 2305 2871 quit
2327 2811 2509 2858 autcm
2539 2804 2709 2858 multa
2738 2804 3076 2860 monimenta
3102 2806 3374 2862 industrie
3398 2823 3519 2873 sue,
3557 2808 3747 2877 religio-

2184 2890 2271 2969 nis
2298 2902 2351 2948 et
2381 2895 2667 2964 sapientie,
2691 2896 2995 2973 editicando
3023 2898 3232 2954 scilicet
3255 2899 3648 2954 monasterium
3668 2914 3749 2954 ca-

495 2985 754 3042 comftem
805 2986 1103 3042 Tebaldum
1152 2987 1455 3060 predictum
1507 2995 1759 3066 nepotem
1812 2997 2083 3067 suum,let
2183 2982 2510 3039 nonicorum
2557 2986 2734 3041 sancti
2768 2984 2996 3043 Joannis
3023 2987 3091 3043 de
3116 2986 3468 3058 Vallc(570,)
3496 2988 3553 3043 in
3581 2997 3747 3059 quoet

494 3076 778 3134 consulem
803 3076 1192 3152 Britannorum
1218 3076 1504 3149 Conanum
1530 3076 1779 3151 habebat.
1802 3075 2090 3153 Venerunt.
2182 3076 2426 3144 sepultus
2466 3085 2570 3155 est,
2603 3086 2659 3132 ct
2682 3077 2877 3133 domos
2905 3078 3165 3149 episcopii
3206 3078 3486 3146 faciendo,
3514 3091 3569 3135 et
3588 3097 3618 3135 a
3641 3095 3743 3135 ma-

492 3167 661 3241 igitur
694 3184 798 3241 rex
820 3168 1159 3241 Francorum
1183 3176 1237 3224 et
1257 3168 1369 3229 dux
1389 3167 1740 3243 Flandrensis
1764 3184 1890 3224 cum
1919 3183 2074 3224 exer-
2108 3203 2152 3264 C
2186 3167 2251 3232 lis
2274 3169 2775 3249 consuetudinibus
2805 3178 2865 3225 ct
2898 3170 3274 3228 exactionibus
3301 3174 3527 3251 comitis
3554 3173 3742 3229 Carno-

489 3261 604 3316 citu
631 3261 683 3315 in
716 3259 1131 3332 Normanniam.
1159 3259 1217 3337 In
1240 3277 1349 3332 qua
1370 3271 1495 3316 'cum
1512 3277 1620 3326 una
1640 3271 1798 3317 nocte
1822 3260 2086 3338 fuissent,

489 3351 852 3409 formidantes
877 3353 1164 3409 adventum
1199 3353 1342 3425 regis
1370 3352 1589 3409 Henrici
1623 3369 1747 3408 cum
1791 3353 1982 3424 Anglis
2021 3363 2076 3409 et

486 3441 821 3513 Normaunis
848 3432 921 3507 Aet
960 3441 1261 3511 Britannis,
1293 3443 1363 3499 ad
1414 3459 1513 3499 sua
1536 3443 1657 3499 sine
1696 3444 1837 3513 bello
1867 3445 2072 3501 reversi

488 3545 638 3595 sunt.
676 3533 793 3604 Hoc
820 3536 1011 3599 eodem
1038 3549 1308 3612 annowpro
1336 3535 1663 3592 necessitate
1693 3536 1842 3608 regia
1868 3536 2073 3607 geldris

487 3627 837 3690 creberrimis
860 3637 913 3684 et
932 3629 1312 3699 exactionibus
1334 3628 1503 3683 variis
1525 3627 1719 3698 Anglia
1757 3616 2072 3699 compressa

485 3727 589 3774 est.
616 3718 879 3794 Tonitrua
894 3736 1026 3777 vero
1047 3729 1101 3775 et
1119 3719 1412 3792 grandines
1436 3720 1492 3772 in
1512 3717 1740 3773 Kalend.
1759 3718 2072 3776 Decembris

484 3811 784 3880 affuerunt,
814 3821 871 3868 et
912 3812 967 3866 in
1010 3817 1217 3885 eodem.
1249 3826 1442 3866 mense
1478 3810 1655 3883 celum
1703 3811 1928 3879 rubens,
1956 3813 2079 3891 acsi.

481 3903 718 3971 arderet,
749 3903 1023 3979 apparuit.
1082 3900 1277 3973 Vigilia
1323 3901 1470 3957 enim
1506 3901 1807 3958 nativitatis
1852 3902 2070 3959 Domini

481 3995 664 4061 factus
690 4003 775 4065 est
807 4002 1005 4067 ventus
1030 3994 1346 4063 vehemens,
1388 3994 1554 4050 silvas
1581 3995 1866 4073 eradicans
1888 4005 1944 4051 et
1965 3996 2067 4052 do-

482 4100 608 4141 mos
630 4094 938 4141 conterens.
974 4084 1143 4141 Passa
1174 4095 1259 4140 est
1287 4086 1452 4157 etiam
1477 4086 1611 4147 luna
1627 4087 1896 4158 eclipsim.
1936 4087 2069 4145 Ter-

488 4185 736 4233 rcmotus
764 4177 930 4246 etiam
956 4177 1231 4232 maximus
1261 4176 1439 4234 factus
1467 4188 1551 4234 est
1578 4178 1633 4233 in
1663 4177 2063 4260 Longobardia,

481 4266 765 4339 ecclesias,
794 4274 991 4334 turres,
1024 4267 1218 4322 domos
1243 4276 1296 4321 et
1311 4267 1561 4322 homines
1584 4266 1895 4345 destrucns.
1924 4268 2065 4334 Don:

482 4372 590 4413 nus
620 4355 852 4430 Pontius
900 4357 1069 4432 abbas
1097 4356 1477 4414 Cluniacensis
1501 4373 1625 4414 cum
1659 4359 1819 4415 vellet
1851 4360 1922 4416 ad
1962 4376 2065 4436 unf-

479 4464 649 4521 guem.
673 4450 943 4523 corrigere
962 4466 1222 4509 excessus
1247 4459 1301 4506 et
1327 4450 1381 4505 in
1402 4452 1526 4507 cibo
1546 4460 1600 4508 ct
1623 4451 1679 4506 in
1701 4453 1903 4508 vestitu
1926 4468 2064 4523 quo-

2184 3258 2354 3314 tensis
2397 3259 2540 3315 idem
2580 3260 2919 3332 episcopium
2954 3261 3265 3330 liberando,
3292 3272 3349 3319 ct
3389 3266 3565 3320 multa
3609 3264 3742 3321 utilia

2177 3349 2488 3404 scribendo.
2639 3351 2642 3354 ’

2247 3440 2404 3495 1118.
2714 3442 2801 3497 12.
3156 3444 3210 3499 9.
3564 3445 3647 3499 18.

2714 3442 2801 3497 12.
3156 3444 3210 3500 9.

2248 3532 2446 3605 (llus-1'.
2469 3538 2593 3603 vn.)
2615 3532 2833 3590 Henrici
2854 3543 2910 3590 et
2930 3533 3190 3591 Ludovici
3228 3552 3419 3607 regum
3441 3552 3740 3607 procerum-

2173 3640 2280 3695 que
2299 3638 2490 3679 corum
2513 3626 2674 3698 longa
2691 3626 2978 3682 debellatio
2998 3627 3323 3699 gravissime
3343 3644 3530 3700 regem
3553 3638 3740 3685 utrum-

2173 3731 2280 3786 que
2304 3717 2539 3785 vezavit,
2567 3717 2742 3773 donec
2759 3717 3059 3774 Balduinns
3073 3720 3493 3777 strenuissimus
3504 3720 3736 3777 Flandrie

2172 3808 2387 3874 consul,
2427 3808 2570 3878 apud
2620 3807 2704 3864 Ou
2735 3809 2792 3863 in
2840 3808 3179 3866 Normannia
3222 3812 3493 3869 seditione
3535 3812 3734 3869 militari

2172 3896 2389 3973 funeste
2416 3900 2754 3967 vulneratus,
2778 3901 2843 3956 ad
2874 3917 2975 3957 sua
3002 3901 3249 3958 recessit.
3280 3900 3456 3957 Porro
3480 3902 3734 3959 Robertus

2173 3990 2455 4046 consul-dc
2480 3990 2718 4058 Mellent,
2746 3980 3187 4062 sapientissimus
3209 3992 3263 4046 in
3285 3993 3456 4049 rebus
3484 3992 3732 4050 seculari-

2171 4081 2275 4137 bus
2301 4069 2553 4138 omnium.
2578 4084 2635 4138 in
2662 4082 2963 4139 Jerusalem
2994 4083 3328 4155 degentium,
3354 4092 3411 4140 ct
3432 4085 3578 4157 regis
3602 4083 3731 4139 lien-

2168 4172 2267 4228 rici
2311 4172 2599 4249 familiaris
2647 4158 3015 4240 consiliarius,
3047 4173 3169 4230 luce
3218 4174 3498 4229 mundana
3549 4173 3726 4231 caruit.

2168 4263 2269 4319 Cui
2302 4274 2685 4321 successerunt
2720 4265 2817 4320 ﬁlii
2851 4266 2959 4333 sui,
2991 4250 3297 4323 Galeranus
3322 4269 3377 4322 in
3413 4266 3739 4323 Normannia

2167 4355 2346 4412 factus
2368 4371 2552 4431 comes
2573 4356 2832 4425 Mellenti,
2855 4366 2910 4413 et
2934 4356 3204 4414 Robertus
3248 4359 3303 4413 in
3352 4359 3548 4431 Anglia
3573 4358 3732 4414 factus

2168 4463 2353 4504 comes
2382 4448 2709 4504 Leeccstric.
2742 4448 2831 4519 (A.
2863 4448 3041 4521 Roth.)
3063 4447 3210 4505 Obiit
3230 4452 3473 4506 secunda
3513 4449 3731 4506 Matildis

482 4543 713 4598 mndam
747 4545 1170 4617 monachorum,
1215 4544 1310 4627 qui
1359 4545 1629 4601 exteriora
1657 4546 1904 4631 ejusdem
1939 4561 2062 4601 mo-
2094 4583 2140 4640 Β
2168 4540 2468 4611 Anglorum
2514 4540 2722 4610 regina,
2745 4540 3073 4596 venerabilis
3100 4556 3241 4596 uxor
3278 4541 3503 4597 Henrici
3528 4543 3731 4613 regiset

479 4632 707 4704 nasterii
735 4635 947 4706 negotia
984 4623 1293 4691 tractabant
1319 4654 1331 4688 :
1356 4624 1773 4705 insurrexerunt
1821 4637 1875 4690 in
1910 4651 2057 4709 eum,

2166 4640 2342 4686 mater
2390 4631 2791 4701 impcratricis;
2835 4632 2903 4687 de
2939 4632 3101 4701 cujus
3140 4632 3385 4687 bonitate
3421 4632 3661 4704 largiﬂua
3683 4638 3731 4684 et

478 4730 534 4778 et
574 4712 853 4795 crescente
899 4726 1198 4792 simultate,
1225 4735 1625 4800 accusaverunt
1675 4742 1801 4782 cum
1833 4726 1888 4781 in
1936 4742 2061 4796 prc-
2163 4737 2380 4777 morum
2424 4723 2693 4793 probitate
2734 4723 3055 4780 multimoda
3097 4722 3280 4779 dicere
3320 4740 3420 4795 per
3454 4713 3662 4796 singula
3688 4722 3727 4775 si

477 4815 667 4887 sentia
687 4814 929 4871 Pascalis
968 4833 1107 4886 pape
1138 4816 1288 4888 (567)
1342 4818 1408 4872 de
1438 4818 1769 4889 quibusdam
1799 4818 2062 4889 gravissi-
2160 4814 2434 4879 volumus,
2464 4814 2584 4870 dies
2617 4813 2852 4869 deﬁciet.
2882 4812 3028 4868 Inter
3062 4814 3169 4869 alia
3193 4823 3375 4871 tamen
3402 4816 3548 4871 bona
3580 4812 3735 4869 inulte

479 4906 587 4968 mis
619 4907 893 4983 capitulis,
918 4907 1041 4963 licet
1069 4907 1243 4963 falsis.
1270 4907 1483 4975 Quibus
1510 4925 1635 4964 cum
1672 4910 2063 4987 dedignaretur
2161 4908 2216 4962 in
2242 4907 2431 4978 Anglia
2458 4916 2512 4962 et
2534 4905 2868 4961 Normannia
2892 4907 3122 4962 ecclesie
3141 4908 3274 4962 etin
3304 4907 3429 4962 aliis
3450 4903 3727 4977 provinciis

475 5000 827 5070 respondere,
857 4999 1045 5056 dicens
1079 5015 1180 5055 nec
1206 5000 1273 5055 de
1292 5003 1641 5077 accusatione
1661 5018 1854 5058 eorum
1878 5018 1945 5075 se
1961 5019 2058 5058 cu-

475 5107 625 5167 rare,
654 5092 851 5156 ncoode
879 5092 1097 5165 abbatia
1118 5123 1189 5131 —
1215 5080 1522 5148 conﬁdebat
1565 5095 1712 5165 enim
1734 5104 1789 5150 et
1827 5095 1883 5149 in
1910 5095 2055 5150 bona

475 5184 802 5240 consccncia
822 5193 877 5239 et
902 5185 959 5238 in
987 5200 1185 5255 genere
1211 5192 1398 5253 utpote
1426 5185 1569 5240 ﬁlius
1594 5187 1813 5242 comitis
1843 5186 2058 5257 Mergu-

470 5275 645 5338 lensis
665 5307 733 5316 —-
762 5275 934 5331 invito
963 5290 1103 5347 papa
1131 5273 1406 5330 abbatiam
1429 5276 1767 5347 relinquens,
1790 5274 2055 5332 Jerosoli-

2167 4999 2347 5055 adhuc
2377 4988 2493 5054 suis
2515 4998 2804 5068 splendent
2829 4997 3127 5054 beneﬁciis.
3164 4997 3389 5068 Sepulta
3438 5006 3524 5051 est
3561 5002 3725 5055 autem

2168 5076 2231 5145 in
2272 5089 2763 5145 Wcstmonasterio
2813 5090 2906 5144 ⁸⁸³.
2974 5088 3290 5161 (Ρυιοιιειι.)
3340 5087 3589 5143 Mortuus
3655 5092 3729 5136 cst

2164 5183 2331 5239 etiam
2374 5182 2565 5236 eodem
2611 5195 2757 5235 anno
2796 5179 3079 5241 Paschalis
3098 5195 3236 5250 papa
3258 5194 3448 5234 mense
3474 5173 3725 5240 Januarii,

2164 5273 2254 5329 cui
2289 5272 2559 5333 successit
2605 5270 2856 5328 Gclasius
2902 5271 3087 5328 165'".
3119 5270 3266 5327 Obiit
3311 5271 3477 5327 etiam
3519 5267 3726 5323 Alcxius

1761 5386 1997 5449 VARIA‘I
2036 5382 2444 5445 LECTIONES.

541 5478 611 5514 ⁵⁵⁸
642 5495 688 5535 s.
713 5497 762 5534 c.
794 5496 844 5534 a.
880 5479 919 5533 i.
946 5476 1036 5533 W.
1066 5478 1124 5531 in
1169 5491 1359 5530 rasura
1379 5478 1612 5532 correxit
1638 5477 1920 5553 Robertus.
1947 5476 2169 5531 Desunt.
2201 5474 2287 5529 7b.
2314 5474 2397 5528 80.
2427 5475 2512 5527 cui
2548 5471 2739 5528 habent
2764 5490 2783 5529 :
2811 5474 2983 5546 Cujus
3004 5476 3332 5531 misereatur
3360 5491 3390 5529 a
3415 5488 3524 5545 quo
3539 5479 3723 5529 cuneta

2022 5587 2250 5646 NOTAE}.

522 5642 688 5749 ’(567)
716 5678 877 5735 Errat
919 5680 1217 5744 Robertus,
1266 5677 1509 5736 Calixtus
1542 5680 1585 5741 ll
1620 5683 1727 5736 luit
1763 5696 1815 5736 a.
1864 5642 2045 5746 n.1,

471 5749 751 5890 l25;
798 5750 868 5805 cf.
904 5750 1186 5809 Duchesnc
1207 5748 1342 5805 Bibl.
1369 5751 1744 5808 Cluniacensis
1767 5767 1820 5821 p.
1855 5749 1962 5805 162
1992 5758 2047 5804 ct

2248 5676 2374 5742 568)
2407 5674 2484 5729 La
2509 5675 2674 5730 Cava.

2246 5746 2372 5801 569)
2398 5746 2557 5800 Anno
2588 5747 2641 5799 ll
2658 5747 2741 5800 15.

2223 5814 2369 5890 (570)
2392 5814 2566 5887 Prope
2613 5815 2931 5874 Carnutum.
