  <div class='ocr_page' id='page_1' title='image "/cluster/home/n/w/nwhite01/storage/ocr_20150623/160/hvd.32044015473846/223.png"; bbox 0 0 3934 6316; ppageno 0'>
   <div class='ocr_carea' id='block_1_1' title="bbox 1620 266 3705 341">
    <p class='ocr_par' dir='ltr' id='par_1_1' title="bbox 1620 266 3705 341">
     <span class='ocr_line' id='line_1_1' title="bbox 1620 266 3705 341; baseline 0 -11"><span class='ocrx_word' id='word_1_1' title='bbox 1620 269 1980 330; x_wconf 76' lang='lat' dir='ltr'><strong>SlGEBERTl</strong></span> <span class='ocrx_word' id='word_1_2' title='bbox 2014 266 2541 341; x_wconf 60' lang='lat' dir='ltr'><strong>GEMBLACENSIS</strong></span> <span class='ocrx_word' id='word_1_3' title='bbox 3610 276 3705 334; x_wconf 78' lang='lat' dir='ltr'><strong>no</strong></span> 
     </span>
    </p>
   </div>
   <div class='ocr_carea' id='block_1_2' title="bbox 2056 384 3699 463">
    <p class='ocr_par' dir='ltr' id='par_1_2' title="bbox 2056 384 3699 463">
     <span class='ocr_line' id='line_1_2' title="bbox 2056 384 3699 463; baseline 0.004 -23"><span class='ocrx_word' id='word_1_4' title='bbox 2056 389 2099 448; x_wconf 73' lang='grc' dir='ltr'><strong>Α</strong></span> <span class='ocrx_word' id='word_1_5' title='bbox 2130 385 2354 454; x_wconf 75' lang='lat' dir='ltr'><strong>fecerat,</strong></span> <span class='ocrx_word' id='word_1_6' title='bbox 2377 384 2430 441; x_wconf 91' lang='lat' dir='ltr'><strong>in</strong></span> <span class='ocrx_word' id='word_1_7' title='bbox 2463 387 2631 441; x_wconf 89' lang='lat' dir='ltr'><strong>altum</strong></span> <span class='ocrx_word' id='word_1_8' title='bbox 2660 386 2849 442; x_wconf 91' lang='lat' dir='ltr'><strong>crevit.</strong></span> <span class='ocrx_word' id='word_1_9' title='bbox 2877 385 3093 444; x_wconf 82' lang='lat' dir='ltr'><strong>Murum</strong></span> <span class='ocrx_word' id='word_1_10' title='bbox 3122 404 3251 445; x_wconf 86' lang='lat' dir='ltr'><strong>vero</strong></span> <span class='ocrx_word' id='word_1_11' title='bbox 3284 389 3432 446; x_wconf 88' lang='lat' dir='ltr'><strong>circa</strong></span> <span class='ocrx_word' id='word_1_12' title='bbox 3456 391 3699 463; x_wconf 84' lang='lat' dir='ltr'><strong>Burgum,</strong></span> 
     </span>
    </p>
   </div>
   <div class='ocr_carea' id='block_1_3' title="bbox 445 477 3700 559">
    <p class='ocr_par' dir='ltr' id='par_1_3' title="bbox 445 477 3700 559">
     <span class='ocr_line' id='line_1_3' title="bbox 445 477 3700 559; baseline -0.003 -11"><span class='ocrx_word' id='word_1_13' title='bbox 445 489 718 549; x_wconf 79' lang='lat' dir='ltr'><strong>Robertus</strong></span> <span class='ocrx_word' id='word_1_14' title='bbox 747 484 1108 542; x_wconf 87' lang='lat' dir='ltr'><strong>Linoolicnsis</strong></span> <span class='ocrx_word' id='word_1_15' title='bbox 1147 484 1439 554; x_wconf 86' lang='lat' dir='ltr'><strong>episcopus</strong></span> <span class='ocrx_word' id='word_1_16' title='bbox 1476 480 1674 537; x_wconf 90' lang='lat' dir='ltr'><strong>clausit</strong></span> <span class='ocrx_word' id='word_1_17' title='bbox 1716 480 1860 536; x_wconf 88' lang='lat' dir='ltr'><strong>diem</strong></span> <span class='ocrx_word' id='word_1_18' title='bbox 1891 479 2019 535; x_wconf 89' lang='lat' dir='ltr'><strong>ulti-</strong></span> <span class='ocrx_word' id='word_1_19' title='bbox 2126 478 2201 532; x_wconf 89' lang='lat' dir='ltr'><strong>ita</strong></span> <span class='ocrx_word' id='word_1_20' title='bbox 2232 486 2293 534; x_wconf 92' lang='lat' dir='ltr'><strong>ut</strong></span> <span class='ocrx_word' id='word_1_21' title='bbox 2330 494 2363 533; x_wconf 90' lang='lat' dir='ltr'><strong>a</strong></span> <span class='ocrx_word' id='word_1_22' title='bbox 2389 477 2674 534; x_wconf 88' lang='lat' dir='ltr'><strong>Willermo</strong></span> <span class='ocrx_word' id='word_1_23' title='bbox 2702 494 2826 550; x_wconf 84' lang='lat' dir='ltr'><strong>rege</strong></span> <span class='ocrx_word' id='word_1_24' title='bbox 2848 488 3000 550; x_wconf 92' lang='lat' dir='ltr'><strong>patre</strong></span> <span class='ocrx_word' id='word_1_25' title='bbox 3034 496 3137 536; x_wconf 91' lang='lat' dir='ltr'><strong>suo</strong></span> <span class='ocrx_word' id='word_1_26' title='bbox 3175 480 3355 559; x_wconf 77' lang='lat' dir='ltr'><strong>factus</strong></span> <span class='ocrx_word' id='word_1_27' title='bbox 3392 481 3590 549; x_wconf 80' lang='lat' dir='ltr'><strong>fuerat,</strong></span> <span class='ocrx_word' id='word_1_28' title='bbox 3623 485 3700 539; x_wconf 83' lang='lat' dir='ltr'><strong>in-</strong></span> 
     </span>
    </p>
   </div>
   <div class='ocr_carea' id='block_1_4' title="bbox 445 570 3705 647">
    <p class='ocr_par' dir='ltr' id='par_1_4' title="bbox 445 570 3705 647">
     <span class='ocr_line' id='line_1_4' title="bbox 445 570 3705 647; baseline -0 -10"><span class='ocrx_word' id='word_1_29' title='bbox 445 598 614 637; x_wconf 86' lang='lat' dir='ltr'><strong>mum.</strong></span> <span class='ocrx_word' id='word_1_30' title='bbox 647 579 802 637; x_wconf 83' lang='lat' dir='ltr'><strong>Unde</strong></span> <span class='ocrx_word' id='word_1_31' title='bbox 824 598 837 611; x_wconf 76' lang='grc'><strong>’</strong></span> <span class='ocrx_word' id='word_1_32' title='bbox 2124 579 2328 627; x_wconf 86' lang='lat' dir='ltr'><strong>tactum</strong></span> <span class='ocrx_word' id='word_1_33' title='bbox 2350 570 2588 641; x_wconf 76' lang='lat' dir='ltr'><strong>reliquit.</strong></span> <span class='ocrx_word' id='word_1_34' title='bbox 2613 571 2743 628; x_wconf 87' lang='lat' dir='ltr'><strong>Item</strong></span> <span class='ocrx_word' id='word_1_35' title='bbox 2767 574 3053 647; x_wconf 76' lang='lat' dir='ltr'><strong>castellum</strong></span> <span class='ocrx_word' id='word_1_36' title='bbox 3080 576 3229 646; x_wconf 90' lang='lat' dir='ltr'><strong>quod</strong></span> <span class='ocrx_word' id='word_1_37' title='bbox 3259 587 3488 633; x_wconf 81' lang='lat' dir='ltr'><strong>vocatur</strong></span> <span class='ocrx_word' id='word_1_38' title='bbox 3510 579 3705 636; x_wconf 74' lang='lat' dir='ltr'><strong>Arcltas</strong></span> 
     </span>
    </p>
   </div>
   <div class='ocr_carea' id='block_1_5' title="bbox 511 660 3700 743">
    <p class='ocr_par' dir='ltr' id='par_1_5' title="bbox 511 660 3700 743">
     <span class='ocr_line' id='line_1_5' title="bbox 511 660 3700 743; baseline 0.01 -51"><span class='ocrx_word' id='word_1_39' title='bbox 511 674 838 743; x_wconf 47' lang='lat' dir='ltr'><strong>Pontiﬁcum</strong></span> <span class='ocrx_word' id='word_1_40' title='bbox 877 670 1134 726; x_wconf 51' lang='lat' dir='ltr'><strong>Rebar,“</strong></span> <span class='ocrx_word' id='word_1_41' title='bbox 1165 668 1350 734; x_wconf 64' lang='grc' dir='ltr'><strong>ιιοηον,</strong></span> <span class='ocrx_word' id='word_1_42' title='bbox 1377 682 1530 738; x_wconf 61' lang='lat' dir='ltr'><strong>quem</strong></span> <span class='ocrx_word' id='word_1_43' title='bbox 1574 666 1721 735; x_wconf 73' lang='lat' dir='ltr'><strong>[mna</strong></span> <span class='ocrx_word' id='word_1_44' title='bbox 1763 669 2023 734; x_wconf 73' lang='lat' dir='ltr'><strong>superstes</strong></span> <span class='ocrx_word' id='word_1_45' title='bbox 2123 660 2446 733; x_wconf 83' lang='lat' dir='ltr'><strong>(575)_tu_rre</strong></span> <span class='ocrx_word' id='word_1_46' title='bbox 2470 664 2797 719; x_wconf 84' lang='lat' dir='ltr'><strong>etmenibus</strong></span> <span class='ocrx_word' id='word_1_47' title='bbox 2810 664 3135 739; x_wconf 82' lang='lat' dir='ltr'><strong>mirabiliter</strong></span> <span class='ocrx_word' id='word_1_48' title='bbox 3155 666 3415 723; x_wconf 91' lang='lat' dir='ltr'><strong>ﬁrmavit.</strong></span> <span class='ocrx_word' id='word_1_49' title='bbox 3440 666 3534 724; x_wconf 85' lang='lat' dir='ltr'><strong>Sic</strong></span> <span class='ocrx_word' id='word_1_50' title='bbox 3552 670 3700 725; x_wconf 84' lang='lat' dir='ltr'><strong>etiam</strong></span> 
     </span>
    </p>
   </div>
   <div class='ocr_carea' id='block_1_6' title="bbox 582 750 3700 835">
    <p class='ocr_par' dir='ltr' id='par_1_6' title="bbox 582 750 3700 835">
     <span class='ocr_line' id='line_1_6' title="bbox 582 750 3700 835; baseline -0.002 -15"><span class='ocrx_word' id='word_1_51' title='bbox 582 766 905 835; x_wconf 78' lang='lat' dir='ltr'><strong>Perpetuam</strong></span> <span class='ocrx_word' id='word_1_52' title='bbox 942 762 1114 827; x_wconf 76' lang='lat' dir='ltr'><strong>dabit,</strong></span> <span class='ocrx_word' id='word_1_53' title='bbox 1145 776 1245 814; x_wconf 85' lang='lat' dir='ltr'><strong>non</strong></span> <span class='ocrx_word' id='word_1_54' title='bbox 1270 759 1510 813; x_wconf 76' lang='lat' dir='ltr'><strong>obiturus</strong></span> <span class='ocrx_word' id='word_1_55' title='bbox 1538 756 1668 811; x_wconf 78' lang='lat' dir='ltr'><strong>obit.</strong></span> <span class='ocrx_word' id='word_1_56' title='bbox 2125 750 2255 808; x_wconf 82' lang='lat' dir='ltr'><strong>fecit</strong></span> <span class='ocrx_word' id='word_1_57' title='bbox 2302 755 2588 811; x_wconf 84' lang='lat' dir='ltr'><strong>castellum</strong></span> <span class='ocrx_word' id='word_1_58' title='bbox 2638 754 2855 822; x_wconf 85' lang='lat' dir='ltr'><strong>Gisorz,</strong></span> <span class='ocrx_word' id='word_1_59' title='bbox 2906 753 3199 825; x_wconf 84' lang='lat' dir='ltr'><strong>Falesiam,</strong></span> <span class='ocrx_word' id='word_1_60' title='bbox 3252 758 3700 831; x_wconf 79' lang='lat' dir='ltr'><strong>Argentomagnm</strong></span> 
     </span>
    </p>
   </div>
   <div class='ocr_carea' id='block_1_7' title="bbox 514 843 3703 922">
    <p class='ocr_par' dir='ltr' id='par_1_7' title="bbox 514 843 3703 922">
     <span class='ocr_line' id='line_1_7' title="bbox 514 843 3703 922; baseline -0.001 -10"><span class='ocrx_word' id='word_1_61' title='bbox 514 856 803 912; x_wconf 76' lang='lat' dir='ltr'><strong>Undecima</strong></span> <span class='ocrx_word' id='word_1_62' title='bbox 823 853 952 908; x_wconf 81' lang='lat' dir='ltr'><strong>Jani</strong></span> <span class='ocrx_word' id='word_1_63' title='bbox 976 851 1242 908; x_wconf 74' lang='lat' dir='ltr'><strong>mendacis</strong></span> <span class='ocrx_word' id='word_1_64' title='bbox 1271 849 1477 904; x_wconf 77' lang='lat' dir='ltr'><strong>somnia</strong></span> <span class='ocrx_word' id='word_1_65' title='bbox 1500 847 1667 902; x_wconf 78' lang='lat' dir='ltr'><strong>mund</strong></span> <span class='ocrx_word' id='word_1_66' title='bbox 2125 843 2297 917; x_wconf 88' lang='lat'><strong>(576),</strong></span> <span class='ocrx_word' id='word_1_67' title='bbox 2328 844 2584 903; x_wconf 89' lang='lat' dir='ltr'><strong>Oximum</strong></span> <span class='ocrx_word' id='word_1_68' title='bbox 2610 847 2783 920; x_wconf 84' lang='lat'><strong>(577),</strong></span> <span class='ocrx_word' id='word_1_69' title='bbox 2814 848 3171 905; x_wconf 80' lang='lat' dir='ltr'><strong>Danfrontem</strong></span> <span class='ocrx_word' id='word_1_70' title='bbox 3222 850 3397 922; x_wconf 85' lang='lat'><strong>(578),</strong></span> <span class='ocrx_word' id='word_1_71' title='bbox 3425 851 3703 908; x_wconf 82' lang='lat' dir='ltr'><strong>Ambreras</strong></span> 
     </span>
    </p>
   </div>
   <div class='ocr_carea' id='block_1_8' title="bbox 581 935 3704 1017">
    <p class='ocr_par' dir='ltr' id='par_1_8' title="bbox 581 935 3704 1017">
     <span class='ocr_line' id='line_1_8' title="bbox 581 935 3704 1017; baseline -0.001 -16"><span class='ocrx_word' id='word_1_72' title='bbox 581 947 782 1017; x_wconf 78' lang='lat' dir='ltr'><strong>Liquit,</strong></span> <span class='ocrx_word' id='word_1_73' title='bbox 823 954 875 1001; x_wconf 85' lang='lat' dir='ltr'><strong>et</strong></span> <span class='ocrx_word' id='word_1_74' title='bbox 915 944 1169 1016; x_wconf 76' lang='lat' dir='ltr'><strong>euigitans</strong></span> <span class='ocrx_word' id='word_1_75' title='bbox 1207 959 1328 998; x_wconf 81' lang='lat' dir='ltr'><strong>vera</strong></span> <span class='ocrx_word' id='word_1_76' title='bbox 1356 940 1614 1012; x_wconf 77' lang='lat' dir='ltr'><strong>perltenne</strong></span> <span class='ocrx_word' id='word_1_77' title='bbox 1645 939 1808 994; x_wconf 75' lang='lat' dir='ltr'><strong>vicet.</strong></span> <span class='ocrx_word' id='word_1_78' title='bbox 2123 935 2296 1008; x_wconf 88' lang='lat'><strong>(579).</strong></span> <span class='ocrx_word' id='word_1_79' title='bbox 2338 940 2622 995; x_wconf 86' lang='lat' dir='ltr'><strong>castellum</strong></span> <span class='ocrx_word' id='word_1_80' title='bbox 2667 940 2737 996; x_wconf 91' lang='lat' dir='ltr'><strong>de</strong></span> <span class='ocrx_word' id='word_1_81' title='bbox 2790 939 2942 1008; x_wconf 82' lang='lat' dir='ltr'><strong>Vira,</strong></span> <span class='ocrx_word' id='word_1_82' title='bbox 2991 939 3220 996; x_wconf 84' lang='lat' dir='ltr'><strong>Waurei</strong></span> <span class='ocrx_word' id='word_1_83' title='bbox 3267 940 3443 1014; x_wconf 88' lang='lat'><strong>(580).</strong></span> <span class='ocrx_word' id='word_1_84' title='bbox 3488 940 3704 998; x_wconf 68' lang='grc' dir='ltr'><strong>’παι-πω</strong></span> 
     </span>
    </p>
   </div>
   <div class='ocr_carea' id='block_1_9' title="bbox 501 1026 3702 1109">
    <p class='ocr_par' dir='ltr' id='par_1_9' title="bbox 501 1026 3702 1109">
     <span class='ocr_line' id='line_1_9' title="bbox 501 1026 3702 1109; baseline -0.002 -15"><span class='ocrx_word' id='word_1_85' title='bbox 501 1038 699 1096; x_wconf 87' lang='lat' dir='ltr'><strong>Postea</strong></span> <span class='ocrx_word' id='word_1_86' title='bbox 749 1054 879 1094; x_wconf 88' lang='lat' dir='ltr'><strong>vero</strong></span> <span class='ocrx_word' id='word_1_87' title='bbox 930 1037 999 1094; x_wconf 91' lang='lat' dir='ltr'><strong>ad</strong></span> <span class='ocrx_word' id='word_1_88' title='bbox 1050 1036 1250 1093; x_wconf 80' lang='lat' dir='ltr'><strong>festum</strong></span> <span class='ocrx_word' id='word_1_89' title='bbox 1292 1032 1689 1106; x_wconf 83' lang='lat' dir='ltr'><strong>puriﬁcationis</strong></span> <span class='ocrx_word' id='word_1_90' title='bbox 1737 1031 1885 1088; x_wconf 82' lang='lat' dir='ltr'><strong>dedit</strong></span> <span class='ocrx_word' id='word_1_91' title='bbox 1928 1046 2022 1086; x_wconf 91' lang='lat' dir='ltr'><strong>rex</strong></span> <span class='ocrx_word' id='word_1_92' title='bbox 2124 1026 2396 1108; x_wconf 79' lang='lat' dir='ltr'><strong>Vernonis</strong></span> <span class='ocrx_word' id='word_1_93' title='bbox 2429 1029 2680 1109; x_wconf 85' lang='lat' dir='ltr'><strong>similiter</strong></span> <span class='ocrx_word' id='word_1_94' title='bbox 2707 1029 2854 1088; x_wconf 79' lang='lat' dir='ltr'><strong>fecit.</strong></span> <span class='ocrx_word' id='word_1_95' title='bbox 2887 1029 3085 1103; x_wconf 83' lang='lat' dir='ltr'><strong>Vigilia</strong></span> <span class='ocrx_word' id='word_1_96' title='bbox 3115 1032 3291 1087; x_wconf 85' lang='lat' dir='ltr'><strong>sancti</strong></span> <span class='ocrx_word' id='word_1_97' title='bbox 3332 1030 3555 1087; x_wconf 78' lang='lat' dir='ltr'><strong>Martini</strong></span> <span class='ocrx_word' id='word_1_98' title='bbox 3589 1031 3702 1087; x_wconf 81' lang='lat' dir='ltr'><strong>tho-</strong></span> 
     </span>
    </p>
   </div>
   <div class='ocr_carea' id='block_1_10' title="bbox 437 1118 3705 1200">
    <p class='ocr_par' dir='ltr' id='par_1_10' title="bbox 437 1118 3705 1200">
     <span class='ocr_line' id='line_1_10' title="bbox 437 1118 3705 1200; baseline -0.003 -15"><span class='ocrx_word' id='word_1_99' title='bbox 437 1130 967 1200; x_wconf 88' lang='lat' dir='ltr'><strong>archiepiscopatum</strong></span> <span class='ocrx_word' id='word_1_100' title='bbox 1009 1126 1301 1183; x_wconf 86' lang='lat' dir='ltr'><strong>Cantuarie</strong></span> <span class='ocrx_word' id='word_1_101' title='bbox 1351 1124 1635 1180; x_wconf 84' lang='lat' dir='ltr'><strong>Willermo</strong></span> <span class='ocrx_word' id='word_1_102' title='bbox 1675 1122 1743 1179; x_wconf 90' lang='lat' dir='ltr'><strong>de</strong></span> <span class='ocrx_word' id='word_1_103' title='bbox 1773 1122 2023 1190; x_wconf 71' lang='lat' dir='ltr'><strong>Cui-buil,</strong></span> <span class='ocrx_word' id='word_1_104' title='bbox 2122 1118 2341 1177; x_wconf 88' lang='lat' dir='ltr'><strong>nitruus</strong></span> <span class='ocrx_word' id='word_1_105' title='bbox 2365 1136 2599 1193; x_wconf 87' lang='lat' dir='ltr'><strong>magnus</strong></span> <span class='ocrx_word' id='word_1_106' title='bbox 2621 1122 2802 1179; x_wconf 82' lang='lat' dir='ltr'><strong>factus</strong></span> <span class='ocrx_word' id='word_1_107' title='bbox 2833 1130 2937 1188; x_wconf 90' lang='lat' dir='ltr'><strong>est,</strong></span> <span class='ocrx_word' id='word_1_108' title='bbox 2964 1129 3024 1178; x_wconf 89' lang='lat' dir='ltr'><strong>et</strong></span> <span class='ocrx_word' id='word_1_109' title='bbox 3041 1122 3250 1192; x_wconf 81' lang='lat' dir='ltr'><strong>grando</strong></span> <span class='ocrx_word' id='word_1_110' title='bbox 3273 1122 3416 1177; x_wconf 90' lang='lat' dir='ltr'><strong>mire</strong></span> <span class='ocrx_word' id='word_1_111' title='bbox 3440 1122 3705 1194; x_wconf 74' lang='lat' dir='ltr'><strong>magnitu-</strong></span> 
     </span>
    </p>
   </div>
   <div class='ocr_carea' id='block_1_11' title="bbox 437 1211 3711 1292">
    <p class='ocr_par' dir='ltr' id='par_1_11' title="bbox 437 1211 3711 1292">
     <span class='ocr_line' id='line_1_11' title="bbox 437 1211 3711 1292; baseline -0.003 -15"><span class='ocrx_word' id='word_1_112' title='bbox 437 1222 534 1291; x_wconf 82' lang='lat' dir='ltr'><strong>qui</strong></span> <span class='ocrx_word' id='word_1_113' title='bbox 569 1220 747 1277; x_wconf 77' lang='lat' dir='ltr'><strong>fuerat</strong></span> <span class='ocrx_word' id='word_1_114' title='bbox 770 1222 918 1292; x_wconf 89' lang='lat' dir='ltr'><strong>prior</strong></span> <span class='ocrx_word' id='word_1_115' title='bbox 944 1220 1088 1291; x_wconf 90' lang='lat' dir='ltr'><strong>apud</strong></span> <span class='ocrx_word' id='word_1_116' title='bbox 1117 1218 1347 1291; x_wconf 84' lang='lat' dir='ltr'><strong>Chyccc.</strong></span> <span class='ocrx_word' id='word_1_117' title='bbox 1377 1218 1459 1272; x_wconf 87' lang='lat' dir='ltr'><strong>Ad</strong></span> <span class='ocrx_word' id='word_1_118' title='bbox 1493 1217 1697 1287; x_wconf 83' lang='lat' dir='ltr'><strong>pascha</strong></span> <span class='ocrx_word' id='word_1_119' title='bbox 1723 1229 1854 1271; x_wconf 88' lang='lat' dir='ltr'><strong>vero</strong></span> <span class='ocrx_word' id='word_1_120' title='bbox 1880 1214 2025 1284; x_wconf 89' lang='lat' dir='ltr'><strong>apud</strong></span> <span class='ocrx_word' id='word_1_121' title='bbox 2122 1211 2287 1268; x_wconf 87' lang='lat' dir='ltr'><strong>diuis.</strong></span> <span class='ocrx_word' id='word_1_122' title='bbox 2341 1212 2662 1286; x_wconf 59' lang='lat' dir='ltr'><strong>(Funerum)</strong></span> <span class='ocrx_word' id='word_1_123' title='bbox 2719 1214 3021 1271; x_wconf 89' lang='lat' dir='ltr'><strong>Balduinus</strong></span> <span class='ocrx_word' id='word_1_124' title='bbox 3078 1230 3177 1271; x_wconf 89' lang='lat' dir='ltr'><strong>rex</strong></span> <span class='ocrx_word' id='word_1_125' title='bbox 3237 1213 3711 1270; x_wconf 76' lang='lat' dir='ltr'><strong>Jerosolimitanus</strong></span> 
     </span>
    </p>
   </div>
   <div class='ocr_carea' id='block_1_12' title="bbox 438 1303 3711 1387">
    <p class='ocr_par' dir='ltr' id='par_1_12' title="bbox 438 1303 3711 1387">
     <span class='ocr_line' id='line_1_12' title="bbox 438 1303 3711 1387; baseline -0.002 -20"><span class='ocrx_word' id='word_1_126' title='bbox 438 1312 747 1368; x_wconf 85' lang='lat' dir='ltr'><strong>Wincestre</strong></span> <span class='ocrx_word' id='word_1_127' title='bbox 803 1313 952 1368; x_wconf 82' lang='lat' dir='ltr'><strong>dedit</strong></span> <span class='ocrx_word' id='word_1_128' title='bbox 991 1311 1365 1382; x_wconf 84' lang='lat' dir='ltr'><strong>episcopatum</strong></span> <span class='ocrx_word' id='word_1_129' title='bbox 1420 1308 1662 1364; x_wconf 86' lang='lat' dir='ltr'><strong>Lincolie</strong></span> <span class='ocrx_word' id='word_1_130' title='bbox 1715 1306 2026 1363; x_wconf 85' lang='lat' dir='ltr'><strong>Alexandro</strong></span> <span class='ocrx_word' id='word_1_131' title='bbox 2122 1311 2317 1373; x_wconf 88' lang='lat' dir='ltr'><strong>captus</strong></span> <span class='ocrx_word' id='word_1_132' title='bbox 2340 1312 2425 1359; x_wconf 91' lang='lat' dir='ltr'><strong>est</strong></span> <span class='ocrx_word' id='word_1_133' title='bbox 2449 1319 2480 1359; x_wconf 92' lang='lat' dir='ltr'><strong>a</strong></span> <span class='ocrx_word' id='word_1_134' title='bbox 2515 1303 2679 1361; x_wconf 91' lang='lat' dir='ltr'><strong>Balac</strong></span> <span class='ocrx_word' id='word_1_135' title='bbox 2702 1306 2940 1376; x_wconf 88' lang='lat' dir='ltr'><strong>quodam</strong></span> <span class='ocrx_word' id='word_1_136' title='bbox 2964 1307 3224 1387; x_wconf 80' lang='lat' dir='ltr'><strong>amirato,</strong></span> <span class='ocrx_word' id='word_1_137' title='bbox 3254 1306 3350 1377; x_wconf 87' lang='lat' dir='ltr'><strong>qui</strong></span> <span class='ocrx_word' id='word_1_138' title='bbox 3378 1305 3548 1361; x_wconf 86' lang='lat' dir='ltr'><strong>etiam</strong></span> <span class='ocrx_word' id='word_1_139' title='bbox 3571 1319 3711 1360; x_wconf 86' lang='lat' dir='ltr'><strong>anno</strong></span> 
     </span>
    </p>
   </div>
   <div class='ocr_carea' id='block_1_13' title="bbox 436 1395 3717 1473">
    <p class='ocr_par' dir='ltr' id='par_1_13' title="bbox 436 1395 3717 1473">
     <span class='ocr_line' id='line_1_13' title="bbox 436 1395 3717 1473; baseline -0.002 -15"><span class='ocrx_word' id='word_1_140' title='bbox 436 1403 734 1458; x_wconf 74' lang='lat' dir='ltr'><strong>venerabili</strong></span> <span class='ocrx_word' id='word_1_141' title='bbox 754 1403 892 1470; x_wconf 79' lang='lat' dir='ltr'><strong>viro,</strong></span> <span class='ocrx_word' id='word_1_142' title='bbox 933 1402 1033 1473; x_wconf 87' lang='lat' dir='ltr'><strong>qui</strong></span> <span class='ocrx_word' id='word_1_143' title='bbox 1048 1416 1218 1472; x_wconf 90' lang='lat' dir='ltr'><strong>nepos</strong></span> <span class='ocrx_word' id='word_1_144' title='bbox 1245 1408 1329 1456; x_wconf 88' lang='lat' dir='ltr'><strong>est</strong></span> <span class='ocrx_word' id='word_1_145' title='bbox 1355 1399 1571 1470; x_wconf 77' lang='lat' dir='ltr'><strong>Rogerii</strong></span> <span class='ocrx_word' id='word_1_146' title='bbox 1602 1396 2027 1457; x_wconf 82' lang='lat' dir='ltr'><strong>Salesberiensis</strong></span> <span class='ocrx_word' id='word_1_147' title='bbox 2122 1395 2382 1469; x_wconf 79' lang='lat' dir='ltr'><strong>preterito</strong></span> <span class='ocrx_word' id='word_1_148' title='bbox 2407 1406 2623 1466; x_wconf 87' lang='lat' dir='ltr'><strong>ceperat</strong></span> <span class='ocrx_word' id='word_1_149' title='bbox 2649 1396 3000 1454; x_wconf 89' lang='lat' dir='ltr'><strong>Goscelinum</strong></span> <span class='ocrx_word' id='word_1_150' title='bbox 3027 1398 3096 1454; x_wconf 90' lang='lat' dir='ltr'><strong>de</strong></span> <span class='ocrx_word' id='word_1_151' title='bbox 3119 1397 3442 1455; x_wconf 82' lang='lat' dir='ltr'><strong>Turvaissel</strong></span> <span class='ocrx_word' id='word_1_152' title='bbox 3462 1398 3717 1469; x_wconf 61' lang='lat' dir='ltr'><strong>comitem</strong></span> 
     </span>
    </p>
   </div>
   <div class='ocr_carea' id='block_1_14' title="bbox 436 1485 3456 1567">
    <p class='ocr_par' dir='ltr' id='par_1_14' title="bbox 436 1485 3456 1567">
     <span class='ocr_line' id='line_1_14' title="bbox 436 1485 3456 1567; baseline -0.002 -17"><span class='ocrx_word' id='word_1_153' title='bbox 436 1496 697 1567; x_wconf 85' lang='lat' dir='ltr'><strong>episcopi.</strong></span> <span class='ocrx_word' id='word_1_154' title='bbox 726 1495 883 1551; x_wconf 89' lang='lat' dir='ltr'><strong>Dedit</strong></span> <span class='ocrx_word' id='word_1_155' title='bbox 909 1496 1076 1553; x_wconf 88' lang='lat' dir='ltr'><strong>etiam</strong></span> <span class='ocrx_word' id='word_1_156' title='bbox 1105 1509 1201 1548; x_wconf 94' lang='lat' dir='ltr'><strong>rex</strong></span> <span class='ocrx_word' id='word_1_157' title='bbox 1231 1494 1604 1564; x_wconf 89' lang='lat' dir='ltr'><strong>episcopatum</strong></span> <span class='ocrx_word' id='word_1_158' title='bbox 1631 1489 1803 1545; x_wconf 84' lang='lat' dir='ltr'><strong>Bathe</strong></span> <span class='ocrx_word' id='word_1_159' title='bbox 1842 1488 2024 1545; x_wconf 87' lang='lat' dir='ltr'><strong>Gode-</strong></span> <span class='ocrx_word' id='word_1_160' title='bbox 2122 1485 2482 1555; x_wconf 87' lang='lat' dir='ltr'><strong>Edessenum,</strong></span> <span class='ocrx_word' id='word_1_161' title='bbox 2518 1495 2575 1543; x_wconf 90' lang='lat' dir='ltr'><strong>et</strong></span> <span class='ocrx_word' id='word_1_162' title='bbox 2593 1487 2963 1545; x_wconf 87' lang='lat' dir='ltr'><strong>Galerannum</strong></span> <span class='ocrx_word' id='word_1_163' title='bbox 2990 1498 3287 1562; x_wconf 88' lang='lat' dir='ltr'><strong>cognatum</strong></span> <span class='ocrx_word' id='word_1_164' title='bbox 3309 1488 3456 1560; x_wconf 86' lang='lat' dir='ltr'><strong>ejus.</strong></span> 
     </span>
    </p>
   </div>
   <div class='ocr_carea' id='block_1_15' title="bbox 437 1577 3677 1658">
    <p class='ocr_par' dir='ltr' id='par_1_15' title="bbox 437 1577 3677 1658">
     <span class='ocr_line' id='line_1_15' title="bbox 437 1577 3677 1658; baseline -0.002 -17"><span class='ocrx_word' id='word_1_165' title='bbox 437 1587 581 1645; x_wconf 82' lang='lat' dir='ltr'><strong>frido</strong></span> <span class='ocrx_word' id='word_1_166' title='bbox 633 1587 961 1645; x_wconf 88' lang='lat' dir='ltr'><strong>cancellario</strong></span> <span class='ocrx_word' id='word_1_167' title='bbox 1010 1586 1214 1658; x_wconf 79' lang='lat' dir='ltr'><strong>regine.</strong></span> <span class='ocrx_word' id='word_1_168' title='bbox 1252 1586 1431 1656; x_wconf 86' lang='lat' dir='ltr'><strong>Atque</strong></span> <span class='ocrx_word' id='word_1_169' title='bbox 1471 1584 1616 1642; x_wconf 89' lang='lat' dir='ltr'><strong>circa</strong></span> <span class='ocrx_word' id='word_1_170' title='bbox 1673 1590 2022 1653; x_wconf 80' lang='lat' dir='ltr'><strong>pentecosten</strong></span> <span class='ocrx_word' id='word_1_171' title='bbox 2160 1578 2319 1633; x_wconf 74' lang='grc'><strong>1121.</strong></span> <span class='ocrx_word' id='word_1_172' title='bbox 2362 1577 2624 1634; x_wconf 76' lang='lat' dir='ltr'><strong>Henricus</strong></span> <span class='ocrx_word' id='word_1_173' title='bbox 2651 1579 2736 1635; x_wconf 92' lang='lat'><strong>18.</strong></span> <span class='ocrx_word' id='word_1_174' title='bbox 2782 1579 3081 1636; x_wconf 77' lang='lat' dir='ltr'><strong>Ludovicus</strong></span> <span class='ocrx_word' id='word_1_175' title='bbox 3114 1581 3200 1637; x_wconf 81' lang='lat'><strong>15.</strong></span> <span class='ocrx_word' id='word_1_176' title='bbox 3244 1580 3515 1639; x_wconf 71' lang='lat' dir='ltr'><strong>Henricus</strong></span> <span class='ocrx_word' id='word_1_177' title='bbox 3542 1578 3677 1635; x_wconf 69' lang='grc'><strong>121.</strong></span> 
     </span>
    </p>
   </div>
   <div class='ocr_carea' id='block_1_16' title="bbox 436 1664 3717 1752">
    <p class='ocr_par' dir='ltr' id='par_1_16' title="bbox 436 1664 3717 1752">
     <span class='ocr_line' id='line_1_16' title="bbox 436 1664 3717 1752; baseline -0.005 -17"><span class='ocrx_word' id='word_1_178' title='bbox 436 1695 589 1736; x_wconf 88' lang='lat' dir='ltr'><strong>mare</strong></span> <span class='ocrx_word' id='word_1_179' title='bbox 611 1679 846 1736; x_wconf 83' lang='lat' dir='ltr'><strong>transiit.</strong></span> <span class='ocrx_word' id='word_1_180' title='bbox 880 1678 1082 1734; x_wconf 89' lang='lat' dir='ltr'><strong>Eodem</strong></span> <span class='ocrx_word' id='word_1_181' title='bbox 1111 1693 1256 1732; x_wconf 89' lang='lat' dir='ltr'><strong>anno</strong></span> <span class='ocrx_word' id='word_1_182' title='bbox 1274 1676 1432 1749; x_wconf 74' lang='lat' dir='ltr'><strong>[Iugo</strong></span> <span class='ocrx_word' id='word_1_183' title='bbox 1455 1677 1523 1732; x_wconf 90' lang='lat' dir='ltr'><strong>de</strong></span> <span class='ocrx_word' id='word_1_184' title='bbox 1563 1674 1824 1731; x_wconf 79' lang='lat' dir='ltr'><strong>Montfort</strong></span> <span class='ocrx_word' id='word_1_185' title='bbox 1845 1671 2032 1752; x_wconf 38' lang='lat' dir='ltr'><strong>peric-1,</strong></span> <span class='ocrx_word' id='word_1_186' title='bbox 2060 1741 2098 1752; x_wconf 32' lang='grc' dir='ltr'><strong><em>ῃ</em></strong></span> <span class='ocrx_word' id='word_1_187' title='bbox 2192 1664 2391 1737; x_wconf 79' lang='lat' dir='ltr'><strong>(HUNT.</strong></span> <span class='ocrx_word' id='word_1_188' title='bbox 2420 1668 2542 1738; x_wconf 82' lang='lat' dir='ltr'><strong>vn.)</strong></span> <span class='ocrx_word' id='word_1_189' title='bbox 2569 1665 2683 1723; x_wconf 82' lang='lat' dir='ltr'><strong>Rex</strong></span> <span class='ocrx_word' id='word_1_190' title='bbox 2708 1668 2780 1700; x_wconf 83' lang='grc'><strong>³⁸³</strong></span> <span class='ocrx_word' id='word_1_191' title='bbox 2806 1666 3108 1740; x_wconf 83' lang='lat' dir='ltr'><strong>Anglorum</strong></span> <span class='ocrx_word' id='word_1_192' title='bbox 3146 1666 3417 1724; x_wconf 79' lang='lat' dir='ltr'><strong>Henricus</strong></span> <span class='ocrx_word' id='word_1_193' title='bbox 3447 1666 3717 1723; x_wconf 78' lang='lat' dir='ltr'><strong>fortunate</strong></span> 
     </span>
    </p>
   </div>
   <div class='ocr_carea' id='block_1_17' title="bbox 435 1741 3715 1839">
    <p class='ocr_par' dir='ltr' id='par_1_17' title="bbox 435 1741 3715 1839">
     <span class='ocr_line' id='line_1_17' title="bbox 435 1741 3715 1839; baseline -0.004 -14"><span class='ocrx_word' id='word_1_194' title='bbox 435 1779 586 1826; x_wconf 88' lang='lat' dir='ltr'><strong>cerat</strong></span> <span class='ocrx_word' id='word_1_195' title='bbox 630 1770 904 1839; x_wconf 87' lang='lat' dir='ltr'><strong>quoddam</strong></span> <span class='ocrx_word' id='word_1_196' title='bbox 955 1767 1240 1823; x_wconf 88' lang='lat' dir='ltr'><strong>castellum</strong></span> <span class='ocrx_word' id='word_1_197' title='bbox 1289 1741 1688 1822; x_wconf 68' lang='lat' dir='ltr'><strong>validissimum</strong></span> <span class='ocrx_word' id='word_1_198' title='bbox 1738 1765 1794 1819; x_wconf 91' lang='lat' dir='ltr'><strong>in</strong></span> <span class='ocrx_word' id='word_1_199' title='bbox 1832 1741 2023 1819; x_wconf 73' lang='lat' dir='ltr'><strong>eodem</strong></span> <span class='ocrx_word' id='word_1_200' title='bbox 2060 1741 2101 1800; x_wconf 76' lang='grc' dir='ltr'><strong><em>Β</em></strong></span> <span class='ocrx_word' id='word_1_201' title='bbox 2129 1755 2461 1829; x_wconf 83' lang='lat' dir='ltr'><strong>gloriﬁcatus</strong></span> <span class='ocrx_word' id='word_1_202' title='bbox 2499 1767 2603 1815; x_wconf 88' lang='lat' dir='ltr'><strong>est.</strong></span> <span class='ocrx_word' id='word_1_203' title='bbox 2640 1759 2958 1817; x_wconf 85' lang='lat' dir='ltr'><strong>Willermus</strong></span> <span class='ocrx_word' id='word_1_204' title='bbox 2999 1777 3239 1832; x_wconf 88' lang='lat' dir='ltr'><strong>namque</strong></span> <span class='ocrx_word' id='word_1_205' title='bbox 3282 1761 3352 1817; x_wconf 87' lang='lat' dir='ltr'><strong>de</strong></span> <span class='ocrx_word' id='word_1_206' title='bbox 3377 1760 3715 1816; x_wconf 83' lang='lat' dir='ltr'><strong>Tancarvilla</strong></span> 
     </span>
    </p>
   </div>
   <div class='ocr_carea' id='block_1_18' title="bbox 436 1849 3716 1931">
    <p class='ocr_par' dir='ltr' id='par_1_18' title="bbox 436 1849 3716 1931">
     <span class='ocr_line' id='line_1_18' title="bbox 436 1849 3716 1931; baseline -0.003 -15"><span class='ocrx_word' id='word_1_207' title='bbox 436 1859 579 1927; x_wconf 86' lang='lat' dir='ltr'><strong>loco,</strong></span> <span class='ocrx_word' id='word_1_208' title='bbox 607 1860 753 1931; x_wconf 91' lang='lat' dir='ltr'><strong>quod</strong></span> <span class='ocrx_word' id='word_1_209' title='bbox 776 1875 903 1915; x_wconf 90' lang='lat' dir='ltr'><strong>cum</strong></span> <span class='ocrx_word' id='word_1_210' title='bbox 929 1874 1024 1914; x_wconf 89' lang='lat' dir='ltr'><strong>rex</strong></span> <span class='ocrx_word' id='word_1_211' title='bbox 1061 1859 1447 1928; x_wconf 83' lang='lat' dir='ltr'><strong>interrogaret,</strong></span> <span class='ocrx_word' id='word_1_212' title='bbox 1471 1856 1646 1911; x_wconf 87' lang='lat' dir='ltr'><strong>noluit</strong></span> <span class='ocrx_word' id='word_1_213' title='bbox 1668 1855 1797 1910; x_wconf 90' lang='lat' dir='ltr'><strong>dare</strong></span> <span class='ocrx_word' id='word_1_214' title='bbox 1818 1852 2030 1908; x_wconf 87' lang='lat' dir='ltr'><strong>monitu</strong></span> <span class='ocrx_word' id='word_1_215' title='bbox 2130 1850 2468 1908; x_wconf 90' lang='lat' dir='ltr'><strong>camerarius</strong></span> <span class='ocrx_word' id='word_1_216' title='bbox 2495 1851 2637 1922; x_wconf 88' lang='lat' dir='ltr'><strong>ejus,</strong></span> <span class='ocrx_word' id='word_1_217' title='bbox 2672 1867 2798 1907; x_wconf 91' lang='lat' dir='ltr'><strong>cum</strong></span> <span class='ocrx_word' id='word_1_218' title='bbox 2824 1853 2947 1910; x_wconf 91' lang='lat' dir='ltr'><strong>aliis</strong></span> <span class='ocrx_word' id='word_1_219' title='bbox 2971 1852 3224 1927; x_wconf 77' lang='lat' dir='ltr'><strong>pluribus</strong></span> <span class='ocrx_word' id='word_1_220' title='bbox 3248 1852 3558 1908; x_wconf 85' lang='lat' dir='ltr'><strong>barouihus</strong></span> <span class='ocrx_word' id='word_1_221' title='bbox 3576 1849 3716 1914; x_wconf 73' lang='lat' dir='ltr'><strong>acie-</strong></span> 
     </span>
    </p>
   </div>
   <div class='ocr_carea' id='block_1_19' title="bbox 439 1941 3717 2020">
    <p class='ocr_par' dir='ltr' id='par_1_19' title="bbox 439 1941 3717 2020">
     <span class='ocr_line' id='line_1_19' title="bbox 439 1941 3717 2020; baseline -0.003 -13"><span class='ocrx_word' id='word_1_222' title='bbox 439 1951 630 2008; x_wconf 82' lang='lat' dir='ltr'><strong>uxoris</strong></span> <span class='ocrx_word' id='word_1_223' title='bbox 674 1966 794 2017; x_wconf 91' lang='lat' dir='ltr'><strong>suc,</strong></span> <span class='ocrx_word' id='word_1_224' title='bbox 839 1948 1055 2005; x_wconf 42' lang='lat' dir='ltr'><strong>sororis.</strong></span> <span class='ocrx_word' id='word_1_225' title='bbox 1087 1947 1376 2020; x_wconf 83' lang='lat' dir='ltr'><strong>Galerandi</strong></span> <span class='ocrx_word' id='word_1_226' title='bbox 1407 1946 1627 2001; x_wconf 88' lang='lat' dir='ltr'><strong>comitis</strong></span> <span class='ocrx_word' id='word_1_227' title='bbox 1660 1943 1895 2010; x_wconf 86' lang='lat' dir='ltr'><strong>Mellent,</strong></span> <span class='ocrx_word' id='word_1_228' title='bbox 1933 1943 2035 2012; x_wconf 92' lang='lat' dir='ltr'><strong>qui</strong></span> <span class='ocrx_word' id='word_1_229' title='bbox 2130 1941 2235 1996; x_wconf 89' lang='lat' dir='ltr'><strong>bus</strong></span> <span class='ocrx_word' id='word_1_230' title='bbox 2270 1943 2489 1997; x_wconf 87' lang='lat' dir='ltr'><strong>statutis</strong></span> <span class='ocrx_word' id='word_1_231' title='bbox 2528 1941 2846 2014; x_wconf 84' lang='lat' dir='ltr'><strong>conﬂigens,</strong></span> <span class='ocrx_word' id='word_1_232' title='bbox 2893 1942 3037 2014; x_wconf 86' lang='lat' dir='ltr'><strong>cepit</strong></span> <span class='ocrx_word' id='word_1_233' title='bbox 3073 1942 3332 1999; x_wconf 88' lang='lat' dir='ltr'><strong>comitem</strong></span> <span class='ocrx_word' id='word_1_234' title='bbox 3384 1942 3624 1998; x_wconf 79' lang='lat' dir='ltr'><strong>Mellenti</strong></span> <span class='ocrx_word' id='word_1_235' title='bbox 3665 1943 3717 2001; x_wconf 86' lang='lat'><strong>7.</strong></span> 
     </span>
    </p>
   </div>
   <div class='ocr_carea' id='block_1_20' title="bbox 431 2026 3717 2113">
    <p class='ocr_par' dir='ltr' id='par_1_20' title="bbox 431 2026 3717 2113">
     <span class='ocr_line' id='line_1_20' title="bbox 431 2026 3717 2113; baseline -0.003 -16"><span class='ocrx_word' id='word_1_236' title='bbox 431 2026 570 2113; x_wconf 55' lang='lat' dir='ltr'><strong>jam.</strong></span> <span class='ocrx_word' id='word_1_237' title='bbox 606 2041 886 2097; x_wconf 80' lang='lat' dir='ltr'><strong>discordia</strong></span> <span class='ocrx_word' id='word_1_238' title='bbox 933 2040 1211 2110; x_wconf 85' lang='lat' dir='ltr'><strong>propalata</strong></span> <span class='ocrx_word' id='word_1_239' title='bbox 1261 2054 1292 2093; x_wconf 93' lang='lat' dir='ltr'><strong>a</strong></span> <span class='ocrx_word' id='word_1_240' title='bbox 1340 2052 1466 2109; x_wconf 89' lang='lat' dir='ltr'><strong>rege</strong></span> <span class='ocrx_word' id='word_1_241' title='bbox 1493 2035 1843 2092; x_wconf 84' lang='lat' dir='ltr'><strong>discesserat.</strong></span> <span class='ocrx_word' id='word_1_242' title='bbox 1874 2032 2029 2100; x_wconf 83' lang='lat' dir='ltr'><strong>Quod</strong></span> <span class='ocrx_word' id='word_1_243' title='bbox 2130 2029 2403 2086; x_wconf 85' lang='lat' dir='ltr'><strong>Kalendas</strong></span> <span class='ocrx_word' id='word_1_244' title='bbox 2447 2030 2671 2101; x_wconf 86' lang='lat' dir='ltr'><strong>Aprilis,</strong></span> <span class='ocrx_word' id='word_1_245' title='bbox 2696 2031 3068 2088; x_wconf 87' lang='lat' dir='ltr'><strong>Galerannum</strong></span> <span class='ocrx_word' id='word_1_246' title='bbox 3096 2042 3229 2090; x_wconf 90' lang='lat' dir='ltr'><strong>tunc</strong></span> <span class='ocrx_word' id='word_1_247' title='bbox 3273 2034 3410 2090; x_wconf 82' lang='lat' dir='ltr'><strong>satis</strong></span> <span class='ocrx_word' id='word_1_248' title='bbox 3442 2034 3717 2106; x_wconf 81' lang='lat' dir='ltr'><strong>juvenem,</strong></span> 
     </span>
    </p>
   </div>
   <div class='ocr_carea' id='block_1_21' title="bbox 434 2120 3721 2201">
    <p class='ocr_par' dir='ltr' id='par_1_21' title="bbox 434 2120 3721 2201">
     <span class='ocr_line' id='line_1_21' title="bbox 434 2120 3721 2201; baseline -0.004 -11"><span class='ocrx_word' id='word_1_249' title='bbox 434 2141 680 2190; x_wconf 86' lang='lat' dir='ltr'><strong>castrum</strong></span> <span class='ocrx_word' id='word_1_250' title='bbox 703 2148 799 2187; x_wconf 89' lang='lat' dir='ltr'><strong>rex</strong></span> <span class='ocrx_word' id='word_1_251' title='bbox 838 2132 1094 2189; x_wconf 87' lang='lat' dir='ltr'><strong>obsidens</strong></span> <span class='ocrx_word' id='word_1_252' title='bbox 1123 2130 1283 2201; x_wconf 90' lang='lat' dir='ltr'><strong>cepit.</strong></span> <span class='ocrx_word' id='word_1_253' title='bbox 1331 2127 1463 2200; x_wconf 84' lang='grc' dir='ltr'><strong>(Ιὸ.)</strong></span> <span class='ocrx_word' id='word_1_254' title='bbox 1506 2126 1711 2182; x_wconf 89' lang='lat' dir='ltr'><strong>Deinde</strong></span> <span class='ocrx_word' id='word_1_255' title='bbox 1738 2125 2029 2181; x_wconf 83' lang='lat' dir='ltr'><strong>Pontalde—</strong></span> <span class='ocrx_word' id='word_1_256' title='bbox 2129 2120 2357 2175; x_wconf 84' lang='lat' dir='ltr'><strong>militem</strong></span> <span class='ocrx_word' id='word_1_257' title='bbox 2389 2127 2573 2199; x_wconf 84' lang='lat' dir='ltr'><strong>tamen</strong></span> <span class='ocrx_word' id='word_1_258' title='bbox 2617 2121 2787 2177; x_wconf 88' lang='lat' dir='ltr'><strong>armis</strong></span> <span class='ocrx_word' id='word_1_259' title='bbox 2809 2120 3028 2191; x_wconf 85' lang='lat' dir='ltr'><strong>fortem,</strong></span> <span class='ocrx_word' id='word_1_260' title='bbox 3058 2132 3113 2178; x_wconf 88' lang='lat' dir='ltr'><strong>et</strong></span> <span class='ocrx_word' id='word_1_261' title='bbox 3141 2121 3427 2195; x_wconf 71' lang='lat' dir='ltr'><strong>nugonem</strong></span> <span class='ocrx_word' id='word_1_262' title='bbox 3473 2122 3544 2179; x_wconf 90' lang='lat' dir='ltr'><strong>de</strong></span> <span class='ocrx_word' id='word_1_263' title='bbox 3573 2122 3721 2178; x_wconf 70' lang='lat' dir='ltr'><strong>Iton-</strong></span> 
     </span>
    </p>
   </div>
   <div class='ocr_carea' id='block_1_22' title="bbox 586 404 1890 457">
    <p class='ocr_par' dir='ltr' id='par_1_22' title="bbox 586 404 1890 457">
     <span class='ocr_line' id='line_1_22' title="bbox 586 404 1890 457; baseline -0.006 -6"><span class='ocrx_word' id='word_1_264' title='bbox 586 410 931 457; x_wconf 65' lang='lat' dir='ltr'><strong>ROIANGRUI.</strong></span> <span class='ocrx_word' id='word_1_265' title='bbox 1075 407 1410 448; x_wconf 72' lang='lat' dir='ltr'><strong>FRANCORUI.</strong></span> <span class='ocrx_word' id='word_1_266' title='bbox 1554 404 1856 443; x_wconf 68' lang='lat' dir='ltr'><strong>ANGLOBUI.</strong></span> <span class='ocrx_word' id='word_1_267' title='bbox 1877 405 1890 415; x_wconf 83' lang='grc'><strong><em>⁸</em></strong></span> 
     </span>
    </p>
   </div>
   <div class='ocr_carea' id='block_1_23' title="bbox 434 2216 2028 2291">
    <p class='ocr_par' dir='ltr' id='par_1_23' title="bbox 434 2216 2028 2291">
     <span class='ocr_line' id='line_1_23' title="bbox 434 2216 2028 2291; baseline -0.004 -11"><span class='ocrx_word' id='word_1_268' title='bbox 434 2226 573 2280; x_wconf 89' lang='lat' dir='ltr'><strong>meri</strong></span> <span class='ocrx_word' id='word_1_269' title='bbox 625 2223 916 2291; x_wconf 86' lang='lat' dir='ltr'><strong>obsidens,</strong></span> <span class='ocrx_word' id='word_1_270' title='bbox 971 2222 1255 2278; x_wconf 84' lang='lat' dir='ltr'><strong>castellum</strong></span> <span class='ocrx_word' id='word_1_271' title='bbox 1319 2219 1537 2276; x_wconf 88' lang='lat' dir='ltr'><strong>comitis</strong></span> <span class='ocrx_word' id='word_1_272' title='bbox 1598 2218 1758 2288; x_wconf 83' lang='lat' dir='ltr'><strong>cepit.</strong></span> <span class='ocrx_word' id='word_1_273' title='bbox 1822 2216 2028 2273; x_wconf 84' lang='lat' dir='ltr'><strong>Deinde</strong></span> 
     </span>
    </p>
   </div>
   <div class='ocr_carea' id='block_1_24' title="bbox 429 2305 2029 2384">
    <p class='ocr_par' dir='ltr' id='par_1_24' title="bbox 429 2305 2029 2384">
     <span class='ocr_line' id='line_1_24' title="bbox 429 2305 2029 2384; baseline -0.003 -17"><span class='ocrx_word' id='word_1_274' title='bbox 429 2312 756 2369; x_wconf 88' lang='lat' dir='ltr'><strong>Brionnium</strong></span> <span class='ocrx_word' id='word_1_275' title='bbox 798 2312 971 2384; x_wconf 64' lang='lat'><strong>(579),</strong></span> <span class='ocrx_word' id='word_1_276' title='bbox 1001 2312 1095 2377; x_wconf 86' lang='lat' dir='ltr'><strong>sed</strong></span> <span class='ocrx_word' id='word_1_277' title='bbox 1127 2326 1237 2367; x_wconf 90' lang='lat' dir='ltr'><strong>non</strong></span> <span class='ocrx_word' id='word_1_278' title='bbox 1285 2318 1397 2366; x_wconf 86' lang='lat' dir='ltr'><strong>tam</strong></span> <span class='ocrx_word' id='word_1_279' title='bbox 1446 2308 1604 2379; x_wconf 83' lang='lat' dir='ltr'><strong>facile</strong></span> <span class='ocrx_word' id='word_1_280' title='bbox 1634 2308 1793 2378; x_wconf 89' lang='lat' dir='ltr'><strong>cepit.</strong></span> <span class='ocrx_word' id='word_1_281' title='bbox 1820 2305 2029 2381; x_wconf 70' lang='lat' dir='ltr'><strong>Posue-</strong></span> 
     </span>
    </p>
   </div>
   <div class='ocr_carea' id='block_1_25' title="bbox 431 2398 2026 2476">
    <p class='ocr_par' dir='ltr' id='par_1_25' title="bbox 431 2398 2026 2476">
     <span class='ocr_line' id='line_1_25' title="bbox 431 2398 2026 2476; baseline -0.004 -16"><span class='ocrx_word' id='word_1_282' title='bbox 431 2413 630 2476; x_wconf 87' lang='lat' dir='ltr'><strong>ratque</strong></span> <span class='ocrx_word' id='word_1_283' title='bbox 671 2421 765 2460; x_wconf 87' lang='lat' dir='ltr'><strong>rex</strong></span> <span class='ocrx_word' id='word_1_284' title='bbox 789 2419 1042 2475; x_wconf 88' lang='lat' dir='ltr'><strong>proceres</strong></span> <span class='ocrx_word' id='word_1_285' title='bbox 1084 2419 1215 2459; x_wconf 92' lang='lat' dir='ltr'><strong>suos</strong></span> <span class='ocrx_word' id='word_1_286' title='bbox 1238 2417 1366 2458; x_wconf 91' lang='lat' dir='ltr'><strong>cum</strong></span> <span class='ocrx_word' id='word_1_287' title='bbox 1394 2417 1591 2473; x_wconf 90' lang='lat' dir='ltr'><strong>magna</strong></span> <span class='ocrx_word' id='word_1_288' title='bbox 1612 2400 1845 2455; x_wconf 89' lang='lat' dir='ltr'><strong>militum</strong></span> <span class='ocrx_word' id='word_1_289' title='bbox 1869 2398 2026 2468; x_wconf 87' lang='lat' dir='ltr'><strong>copia</strong></span> 
     </span>
    </p>
   </div>
   <div class='ocr_carea' id='block_1_26' title="bbox 434 2489 2025 2566">
    <p class='ocr_par' dir='ltr' id='par_1_26' title="bbox 434 2489 2025 2566">
     <span class='ocr_line' id='line_1_26' title="bbox 434 2489 2025 2566; baseline -0.004 -18"><span class='ocrx_word' id='word_1_290' title='bbox 434 2495 684 2566; x_wconf 84' lang='lat' dir='ltr'><strong>pluribus</strong></span> <span class='ocrx_word' id='word_1_291' title='bbox 708 2494 846 2550; x_wconf 87' lang='lat' dir='ltr'><strong>locis</strong></span> <span class='ocrx_word' id='word_1_292' title='bbox 878 2492 933 2548; x_wconf 93' lang='lat' dir='ltr'><strong>in</strong></span> <span class='ocrx_word' id='word_1_293' title='bbox 965 2492 1319 2548; x_wconf 84' lang='lat' dir='ltr'><strong>Normannia.</strong></span> <span class='ocrx_word' id='word_1_294' title='bbox 1351 2489 1468 2559; x_wconf 87' lang='lat' dir='ltr'><strong>Que</strong></span> <span class='ocrx_word' id='word_1_295' title='bbox 1502 2504 1699 2564; x_wconf 85' lang='lat' dir='ltr'><strong>guerra</strong></span> <span class='ocrx_word' id='word_1_296' title='bbox 1727 2489 2025 2565; x_wconf 82' lang='lat' dir='ltr'><strong>plurimum</strong></span> 
     </span>
    </p>
   </div>
   <div class='ocr_carea' id='block_1_27' title="bbox 432 2580 2027 2656">
    <p class='ocr_par' dir='ltr' id='par_1_27' title="bbox 432 2580 2027 2656">
     <span class='ocr_line' id='line_1_27' title="bbox 432 2580 2027 2656; baseline -0.003 -17"><span class='ocrx_word' id='word_1_297' title='bbox 432 2586 669 2655; x_wconf 86' lang='lat' dir='ltr'><strong>patriam</strong></span> <span class='ocrx_word' id='word_1_298' title='bbox 698 2584 905 2640; x_wconf 78' lang='lat' dir='ltr'><strong>alllixit.</strong></span> <span class='ocrx_word' id='word_1_299' title='bbox 933 2582 1068 2656; x_wconf 67' lang='grc' dir='ltr'><strong>(ιθ.)</strong></span> <span class='ocrx_word' id='word_1_300' title='bbox 1094 2582 1344 2637; x_wconf 82' lang='lat' dir='ltr'><strong>Calixtus</strong></span> <span class='ocrx_word' id='word_1_301' title='bbox 1368 2597 1507 2652; x_wconf 81' lang='lat' dir='ltr'><strong>papa</strong></span> <span class='ocrx_word' id='word_1_302' title='bbox 1531 2580 1706 2635; x_wconf 85' lang='lat' dir='ltr'><strong>tenuit</strong></span> <span class='ocrx_word' id='word_1_303' title='bbox 1729 2580 2027 2636; x_wconf 85' lang='lat' dir='ltr'><strong>concilium</strong></span> 
     </span>
    </p>
   </div>
   <div class='ocr_carea' id='block_1_28' title="bbox 435 2670 2021 2749">
    <p class='ocr_par' dir='ltr' id='par_1_28' title="bbox 435 2670 2021 2749">
     <span class='ocr_line' id='line_1_28' title="bbox 435 2670 2021 2749; baseline -0.003 -19"><span class='ocrx_word' id='word_1_304' title='bbox 435 2676 624 2733; x_wconf 77' lang='lat' dir='ltr'><strong>Remis</strong></span> <span class='ocrx_word' id='word_1_305' title='bbox 647 2677 819 2749; x_wconf 78' lang='lat'><strong>(575),</strong></span> <span class='ocrx_word' id='word_1_306' title='bbox 842 2677 929 2731; x_wconf 92' lang='lat' dir='ltr'><strong>cui</strong></span> <span class='ocrx_word' id='word_1_307' title='bbox 955 2674 1203 2731; x_wconf 80' lang='lat' dir='ltr'><strong>interfuit</strong></span> <span class='ocrx_word' id='word_1_308' title='bbox 1222 2672 1533 2730; x_wconf 84' lang='lat' dir='ltr'><strong>Ludovicus</strong></span> <span class='ocrx_word' id='word_1_309' title='bbox 1552 2688 1648 2727; x_wconf 88' lang='lat' dir='ltr'><strong>rex</strong></span> <span class='ocrx_word' id='word_1_310' title='bbox 1664 2670 2021 2731; x_wconf 85' lang='lat' dir='ltr'><strong>Francorum.</strong></span> 
     </span>
    </p>
   </div>
   <div class='ocr_carea' id='block_1_29' title="bbox 438 2764 2031 2838">
    <p class='ocr_par' dir='ltr' id='par_1_29' title="bbox 438 2764 2031 2838">
     <span class='ocr_line' id='line_1_29' title="bbox 438 2764 2031 2838; baseline 0.001 -15"><span class='ocrx_word' id='word_1_311' title='bbox 438 2770 637 2825; x_wconf 86' lang='lat' dir='ltr'><strong>Postea</strong></span> <span class='ocrx_word' id='word_1_312' title='bbox 666 2769 722 2824; x_wconf 91' lang='lat' dir='ltr'><strong>in</strong></span> <span class='ocrx_word' id='word_1_313' title='bbox 768 2769 956 2829; x_wconf 88' lang='lat' dir='ltr'><strong>eodem</strong></span> <span class='ocrx_word' id='word_1_314' title='bbox 1003 2782 1147 2822; x_wconf 85' lang='lat' dir='ltr'><strong>anno</strong></span> <span class='ocrx_word' id='word_1_315' title='bbox 1179 2765 1379 2838; x_wconf 76' lang='grc' dir='ltr'><strong>(Νου.)</strong></span> <span class='ocrx_word' id='word_1_316' title='bbox 1414 2765 1556 2823; x_wconf 88' lang='lat' dir='ltr'><strong>idem</strong></span> <span class='ocrx_word' id='word_1_317' title='bbox 1592 2779 1730 2836; x_wconf 84' lang='lat' dir='ltr'><strong>papa</strong></span> <span class='ocrx_word' id='word_1_318' title='bbox 1774 2764 1924 2821; x_wconf 87' lang='lat' dir='ltr'><strong>venit</strong></span> <span class='ocrx_word' id='word_1_319' title='bbox 1969 2765 2031 2824; x_wconf 78' lang='lat' dir='ltr'><strong>in</strong></span> 
     </span>
    </p>
   </div>
   <div class='ocr_carea' id='block_1_30' title="bbox 436 2856 2028 2937">
    <p class='ocr_par' dir='ltr' id='par_1_30' title="bbox 436 2856 2028 2937">
     <span class='ocr_line' id='line_1_30' title="bbox 436 2856 2028 2937; baseline 0 -24"><span class='ocrx_word' id='word_1_320' title='bbox 436 2858 829 2937; x_wconf 72' lang='lat' dir='ltr'><strong>Normanniam</strong></span> <span class='ocrx_word' id='word_1_321' title='bbox 874 2858 1025 2930; x_wconf 86' lang='lat' dir='ltr'><strong>loqui</strong></span> <span class='ocrx_word' id='word_1_322' title='bbox 1058 2874 1185 2915; x_wconf 88' lang='lat' dir='ltr'><strong>cum</strong></span> <span class='ocrx_word' id='word_1_323' title='bbox 1212 2856 1446 2914; x_wconf 83' lang='lat' dir='ltr'><strong>Henrico</strong></span> <span class='ocrx_word' id='word_1_324' title='bbox 1473 2872 1599 2929; x_wconf 87' lang='lat' dir='ltr'><strong>rege</strong></span> <span class='ocrx_word' id='word_1_325' title='bbox 1628 2856 2028 2929; x_wconf 84' lang='lat' dir='ltr'><strong>Anglorum,.et</strong></span> 
     </span>
    </p>
   </div>
   <div class='ocr_carea' id='block_1_31' title="bbox 432 2949 2027 3023">
    <p class='ocr_par' dir='ltr' id='par_1_31' title="bbox 432 2949 2027 3023">
     <span class='ocr_line' id='line_1_31' title="bbox 432 2949 2027 3023; baseline -0.001 -17"><span class='ocrx_word' id='word_1_326' title='bbox 432 2951 605 3007; x_wconf 55' lang='lat' dir='ltr'><strong>iocuti</strong></span> <span class='ocrx_word' id='word_1_327' title='bbox 636 2959 766 3008; x_wconf 89' lang='lat' dir='ltr'><strong>sunt</strong></span> <span class='ocrx_word' id='word_1_328' title='bbox 793 2951 1017 3007; x_wconf 90' lang='lat' dir='ltr'><strong>insimul</strong></span> <span class='ocrx_word' id='word_1_329' title='bbox 1043 2950 1097 3005; x_wconf 91' lang='lat' dir='ltr'><strong>in</strong></span> <span class='ocrx_word' id='word_1_330' title='bbox 1122 2951 1348 3006; x_wconf 64' lang='lat' dir='ltr'><strong>castello</strong></span> <span class='ocrx_word' id='word_1_331' title='bbox 1370 2949 1563 3009; x_wconf 84' lang='lat' dir='ltr'><strong>Gisorz</strong></span> <span class='ocrx_word' id='word_1_332' title='bbox 1591 2966 1822 3023; x_wconf 87' lang='lat' dir='ltr'><strong>magnus</strong></span> <span class='ocrx_word' id='word_1_333' title='bbox 1853 2966 1950 3005; x_wconf 87' lang='lat' dir='ltr'><strong>rex</strong></span> <span class='ocrx_word' id='word_1_334' title='bbox 1971 2957 2027 3005; x_wconf 87' lang='lat' dir='ltr'><strong>et</strong></span> 
     </span>
    </p>
   </div>
   <div class='ocr_carea' id='block_1_32' title="bbox 434 3040 2021 3112">
    <p class='ocr_par' dir='ltr' id='par_1_32' title="bbox 434 3040 2021 3112">
     <span class='ocr_line' id='line_1_32' title="bbox 434 3040 2021 3112; baseline -0.003 -11"><span class='ocrx_word' id='word_1_335' title='bbox 434 3057 671 3109; x_wconf 81' lang='lat' dir='ltr'><strong>magnus</strong></span> <span class='ocrx_word' id='word_1_336' title='bbox 688 3042 963 3112; x_wconf 86' lang='lat' dir='ltr'><strong>sacerdos.</strong></span> <span class='ocrx_word' id='word_1_337' title='bbox 982 3040 1127 3097; x_wconf 86' lang='lat' dir='ltr'><strong>Idem</strong></span> <span class='ocrx_word' id='word_1_338' title='bbox 1151 3040 1399 3097; x_wconf 88' lang='lat' dir='ltr'><strong>Calixtus</strong></span> <span class='ocrx_word' id='word_1_339' title='bbox 1421 3042 1765 3098; x_wconf 76' lang='lat' dir='ltr'><strong>suecess&#39;erat</strong></span> <span class='ocrx_word' id='word_1_340' title='bbox 1783 3040 2021 3106; x_wconf 87' lang='lat' dir='ltr'><strong>Gelasio,</strong></span> 
     </span>
    </p>
   </div>
   <div class='ocr_carea' id='block_1_33' title="bbox 433 3102 2096 3206">
    <p class='ocr_par' dir='ltr' id='par_1_33' title="bbox 433 3102 2096 3206">
     <span class='ocr_line' id='line_1_33' title="bbox 433 3102 2096 3206; baseline 0.001 -18"><span class='ocrx_word' id='word_1_341' title='bbox 433 3102 560 3206; x_wconf 43' lang='lat' dir='ltr'><strong>qui&quot;</strong></span> <span class='ocrx_word' id='word_1_342' title='bbox 591 3106 843 3201; x_wconf 83' lang='lat' dir='ltr'><strong>Gelasius</strong></span> <span class='ocrx_word' id='word_1_343' title='bbox 905 3141 1029 3189; x_wconf 85' lang='lat' dir='ltr'><strong>ante</strong></span> <span class='ocrx_word' id='word_1_344' title='bbox 1088 3142 1347 3204; x_wconf 85' lang='lat' dir='ltr'><strong>papatum</strong></span> <span class='ocrx_word' id='word_1_345' title='bbox 1406 3132 1685 3193; x_wconf 70' lang='lat' dir='ltr'><strong>dicebatur</strong></span> <span class='ocrx_word' id='word_1_346' title='bbox 1744 3102 2096 3199; x_wconf 69' lang='lat' dir='ltr'><strong>JohannesC</strong></span> 
     </span>
    </p>
   </div>
   <div class='ocr_carea' id='block_1_34' title="bbox 436 3224 2026 3297">
    <p class='ocr_par' dir='ltr' id='par_1_34' title="bbox 436 3224 2026 3297">
     <span class='ocr_line' id='line_1_34' title="bbox 436 3224 2026 3297; baseline -0.001 -16"><span class='ocrx_word' id='word_1_347' title='bbox 436 3226 739 3295; x_wconf 81' lang='lat' dir='ltr'><strong>Gaditanus</strong></span> <span class='ocrx_word' id='word_1_348' title='bbox 782 3234 840 3280; x_wconf 89' lang='lat' dir='ltr'><strong>et</strong></span> <span class='ocrx_word' id='word_1_349' title='bbox 871 3224 1049 3280; x_wconf 75' lang='lat' dir='ltr'><strong>fuerat</strong></span> <span class='ocrx_word' id='word_1_350' title='bbox 1072 3225 1434 3282; x_wconf 82' lang='lat' dir='ltr'><strong>cancellarius</strong></span> <span class='ocrx_word' id='word_1_351' title='bbox 1461 3224 1744 3282; x_wconf 84' lang='lat' dir='ltr'><strong>Paschalis</strong></span> <span class='ocrx_word' id='word_1_352' title='bbox 1777 3241 1936 3297; x_wconf 88' lang='lat' dir='ltr'><strong>pape,</strong></span> <span class='ocrx_word' id='word_1_353' title='bbox 1969 3234 2026 3280; x_wconf 93' lang='lat' dir='ltr'><strong>et</strong></span> 
     </span>
    </p>
   </div>
   <div class='ocr_carea' id='block_1_35' title="bbox 436 3316 2025 3387">
    <p class='ocr_par' dir='ltr' id='par_1_35' title="bbox 436 3316 2025 3387">
     <span class='ocr_line' id='line_1_35' title="bbox 436 3316 2025 3387; baseline 0.002 -16"><span class='ocrx_word' id='word_1_354' title='bbox 436 3316 505 3372; x_wconf 90' lang='lat' dir='ltr'><strong>dc</strong></span> <span class='ocrx_word' id='word_1_355' title='bbox 524 3332 620 3372; x_wconf 90' lang='lat' dir='ltr'><strong>ore</strong></span> <span class='ocrx_word' id='word_1_356' title='bbox 644 3317 765 3387; x_wconf 88' lang='lat' dir='ltr'><strong>ejus</strong></span> <span class='ocrx_word' id='word_1_357' title='bbox 787 3316 1056 3373; x_wconf 86' lang='lat' dir='ltr'><strong>ﬁuxerant</strong></span> <span class='ocrx_word' id='word_1_358' title='bbox 1082 3318 1250 3373; x_wconf 79' lang='lat' dir='ltr'><strong>multo</strong></span> <span class='ocrx_word' id='word_1_359' title='bbox 1276 3317 1450 3373; x_wconf 87' lang='lat' dir='ltr'><strong>littere</strong></span> <span class='ocrx_word' id='word_1_360' title='bbox 1478 3318 1729 3374; x_wconf 85' lang='lat' dir='ltr'><strong>litterate.</strong></span> <span class='ocrx_word' id='word_1_361' title='bbox 1757 3316 2025 3374; x_wconf 83' lang='lat' dir='ltr'><strong>Henricus</strong></span> 
     </span>
    </p>
   </div>
   <div class='ocr_carea' id='block_1_36' title="bbox 435 3409 2025 3483">
    <p class='ocr_par' dir='ltr' id='par_1_36' title="bbox 435 3409 2025 3483">
     <span class='ocr_line' id='line_1_36' title="bbox 435 3409 2025 3483; baseline 0.001 -18"><span class='ocrx_word' id='word_1_362' title='bbox 435 3424 534 3465; x_wconf 87' lang='lat' dir='ltr'><strong>rex</strong></span> <span class='ocrx_word' id='word_1_363' title='bbox 554 3409 701 3474; x_wconf 86' lang='lat' dir='ltr'><strong>circa</strong></span> <span class='ocrx_word' id='word_1_364' title='bbox 726 3417 929 3480; x_wconf 84' lang='lat' dir='ltr'><strong>turrem</strong></span> <span class='ocrx_word' id='word_1_365' title='bbox 957 3409 1306 3483; x_wconf 79' lang='lat' dir='ltr'><strong>Rothomagi,</strong></span> <span class='ocrx_word' id='word_1_366' title='bbox 1334 3426 1500 3481; x_wconf 88' lang='lat' dir='ltr'><strong>quam</strong></span> <span class='ocrx_word' id='word_1_367' title='bbox 1521 3410 2025 3482; x_wconf 81' lang='lat' dir='ltr'><strong>ediﬁcavitprimus</strong></span> 
     </span>
    </p>
   </div>
   <div class='ocr_carea' id='block_1_37' title="bbox 375 3486 2022 3581">
    <p class='ocr_par' dir='ltr' id='par_1_37' title="bbox 375 3486 2022 3581">
     <span class='ocr_line' id='line_1_37' title="bbox 375 3486 2022 3581; baseline 0.001 -22"><span class='ocrx_word' id='word_1_368' title='bbox 375 3486 380 3492; x_wconf 45' lang='grc'><em>’</em></span> <span class='ocrx_word' id='word_1_369' title='bbox 436 3499 708 3571; x_wconf 73' lang='lat' dir='ltr'><strong>Ricardus</strong></span> <span class='ocrx_word' id='word_1_370' title='bbox 745 3502 856 3557; x_wconf 87' lang='lat' dir='ltr'><strong>dux</strong></span> <span class='ocrx_word' id='word_1_371' title='bbox 883 3502 1323 3581; x_wconf 76' lang='lat' dir='ltr'><strong>Normannorum</strong></span> <span class='ocrx_word' id='word_1_372' title='bbox 1354 3504 1409 3558; x_wconf 92' lang='lat' dir='ltr'><strong>in</strong></span> <span class='ocrx_word' id='word_1_373' title='bbox 1439 3505 1701 3575; x_wconf 88' lang='lat' dir='ltr'><strong>palatium</strong></span> <span class='ocrx_word' id='word_1_374' title='bbox 1734 3504 1862 3572; x_wconf 86' lang='lat' dir='ltr'><strong>sibi,</strong></span> <span class='ocrx_word' id='word_1_375' title='bbox 1897 3520 2022 3560; x_wconf 88' lang='lat' dir='ltr'><strong>mu-</strong></span> 
     </span>
    </p>
   </div>
   <div class='ocr_carea' id='block_1_38' title="bbox 434 3590 2027 3667">
    <p class='ocr_par' dir='ltr' id='par_1_38' title="bbox 434 3590 2027 3667">
     <span class='ocr_line' id='line_1_38' title="bbox 434 3590 2027 3667; baseline 0.003 -23"><span class='ocrx_word' id='word_1_376' title='bbox 434 3606 560 3649; x_wconf 68' lang='lat' dir='ltr'><strong>rum</strong></span> <span class='ocrx_word' id='word_1_377' title='bbox 604 3590 772 3647; x_wconf 89' lang='lat' dir='ltr'><strong>altum</strong></span> <span class='ocrx_word' id='word_1_378' title='bbox 804 3601 867 3647; x_wconf 88' lang='lat' dir='ltr'><strong>et</strong></span> <span class='ocrx_word' id='word_1_379' title='bbox 884 3593 1052 3648; x_wconf 87' lang='lat' dir='ltr'><strong>latum</strong></span> <span class='ocrx_word' id='word_1_380' title='bbox 1087 3608 1213 3651; x_wconf 86' lang='lat' dir='ltr'><strong>cum</strong></span> <span class='ocrx_word' id='word_1_381' title='bbox 1240 3594 1661 3667; x_wconf 78' lang='lat' dir='ltr'><strong>propugnaculis</strong></span> <span class='ocrx_word' id='word_1_382' title='bbox 1705 3594 1940 3661; x_wconf 82' lang='lat' dir='ltr'><strong>editicat,</strong></span> <span class='ocrx_word' id='word_1_383' title='bbox 1972 3603 2027 3650; x_wconf 91' lang='lat' dir='ltr'><strong>et</strong></span> 
     </span>
    </p>
   </div>
   <div class='ocr_carea' id='block_1_39' title="bbox 433 3681 2024 3764">
    <p class='ocr_par' dir='ltr' id='par_1_39' title="bbox 433 3681 2024 3764">
     <span class='ocr_line' id='line_1_39' title="bbox 433 3681 2024 3764; baseline 0.003 -27"><span class='ocrx_word' id='word_1_384' title='bbox 433 3681 735 3764; x_wconf 82' lang='lat' dir='ltr'><strong>cdiﬁciaad</strong></span> <span class='ocrx_word' id='word_1_385' title='bbox 760 3686 1101 3742; x_wconf 88' lang='lat' dir='ltr'><strong>mansionem</strong></span> <span class='ocrx_word' id='word_1_386' title='bbox 1131 3685 1336 3756; x_wconf 84' lang='lat' dir='ltr'><strong>regiam</strong></span> <span class='ocrx_word' id='word_1_387' title='bbox 1362 3700 1603 3757; x_wconf 87' lang='lat' dir='ltr'><strong>congrua</strong></span> <span class='ocrx_word' id='word_1_388' title='bbox 1627 3686 1767 3741; x_wconf 80' lang='lat' dir='ltr'><strong>infra</strong></span> <span class='ocrx_word' id='word_1_389' title='bbox 1789 3686 2024 3742; x_wconf 90' lang='lat' dir='ltr'><strong>eundem</strong></span> 
     </span>
    </p>
   </div>
   <div class='ocr_carea' id='block_1_40' title="bbox 434 3773 2026 3846">
    <p class='ocr_par' dir='ltr' id='par_1_40' title="bbox 434 3773 2026 3846">
     <span class='ocr_line' id='line_1_40' title="bbox 434 3773 2026 3846; baseline 0.003 -21"><span class='ocrx_word' id='word_1_390' title='bbox 434 3787 661 3829; x_wconf 23' lang='lat' dir='ltr'><strong>murum.</strong></span> <span class='ocrx_word' id='word_1_391' title='bbox 690 3782 867 3844; x_wconf 88' lang='lat' dir='ltr'><strong>parat.</strong></span> <span class='ocrx_word' id='word_1_392' title='bbox 911 3773 1019 3843; x_wconf 83' lang='lat' dir='ltr'><strong>Ipsi</strong></span> <span class='ocrx_word' id='word_1_393' title='bbox 1071 3790 1202 3829; x_wconf 88' lang='lat' dir='ltr'><strong>vero</strong></span> <span class='ocrx_word' id='word_1_394' title='bbox 1252 3774 1389 3828; x_wconf 91' lang='lat' dir='ltr'><strong>turri</strong></span> <span class='ocrx_word' id='word_1_395' title='bbox 1437 3774 1864 3846; x_wconf 87' lang='lat' dir='ltr'><strong>propugnacula,</strong></span> <span class='ocrx_word' id='word_1_396' title='bbox 1918 3790 2026 3844; x_wconf 89' lang='lat' dir='ltr'><strong>que</strong></span> 
     </span>
    </p>
   </div>
   <div class='ocr_carea' id='block_1_41' title="bbox 434 3863 2026 3938">
    <p class='ocr_par' dir='ltr' id='par_1_41' title="bbox 434 3863 2026 3938">
     <span class='ocr_line' id='line_1_41' title="bbox 434 3863 2026 3938; baseline 0.003 -19"><span class='ocrx_word' id='word_1_397' title='bbox 434 3863 677 3932; x_wconf 85' lang='lat' dir='ltr'><strong>deerant,</strong></span> <span class='ocrx_word' id='word_1_398' title='bbox 708 3865 878 3925; x_wconf 85' lang='lat' dir='ltr'><strong>addit.</strong></span> <span class='ocrx_word' id='word_1_399' title='bbox 912 3864 972 3920; x_wconf 75' lang='lat' dir='ltr'><strong>in</strong></span> <span class='ocrx_word' id='word_1_400' title='bbox 996 3882 1113 3936; x_wconf 84' lang='lat' dir='ltr'><strong>qua</strong></span> <span class='ocrx_word' id='word_1_401' title='bbox 1136 3874 1284 3922; x_wconf 86' lang='lat' dir='ltr'><strong>turre</strong></span> <span class='ocrx_word' id='word_1_402' title='bbox 1315 3864 1553 3933; x_wconf 78' lang='lat' dir='ltr'><strong>fenestra</strong></span> <span class='ocrx_word' id='word_1_403' title='bbox 1581 3876 1688 3935; x_wconf 85' lang='lat' dir='ltr'><strong>est,</strong></span> <span class='ocrx_word' id='word_1_404' title='bbox 1736 3883 1843 3938; x_wconf 89' lang='lat' dir='ltr'><strong>que</strong></span> <span class='ocrx_word' id='word_1_405' title='bbox 1862 3883 2026 3924; x_wconf 87' lang='lat' dir='ltr'><strong>voca-</strong></span> 
     </span>
    </p>
   </div>
   <div class='ocr_carea' id='block_1_42' title="bbox 434 3939 2026 4026">
    <p class='ocr_par' dir='ltr' id='par_1_42' title="bbox 434 3939 2026 4026">
     <span class='ocr_line' id='line_1_42' title="bbox 434 3939 2026 4026; baseline 0.004 -18"><span class='ocrx_word' id='word_1_406' title='bbox 434 3961 526 4008; x_wconf 89' lang='lat' dir='ltr'><strong>tur</strong></span> <span class='ocrx_word' id='word_1_407' title='bbox 549 3954 1009 4022; x_wconf 88' lang='lat' dir='ltr'><strong>Conani-Saltus;</strong></span> <span class='ocrx_word' id='word_1_408' title='bbox 1036 3956 1163 4026; x_wconf 88' lang='lat' dir='ltr'><strong>quia</strong></span> <span class='ocrx_word' id='word_1_409' title='bbox 1187 3971 1253 4010; x_wconf 85' lang='lat' dir='ltr'><strong>ex</strong></span> <span class='ocrx_word' id='word_1_410' title='bbox 1275 3971 1339 4011; x_wconf 89' lang='lat' dir='ltr'><strong>ea</strong></span> <span class='ocrx_word' id='word_1_411' title='bbox 1362 3940 1502 4012; x_wconf 85' lang='lat' dir='ltr'><strong>idem</strong></span> <span class='ocrx_word' id='word_1_412' title='bbox 1530 3939 1796 4013; x_wconf 61' lang='lat' dir='ltr'><strong>Hernicus</strong></span> <span class='ocrx_word' id='word_1_413' title='bbox 1816 3941 2026 4019; x_wconf 62' lang='lat' dir='ltr'><strong>iecerat</strong></span> 
     </span>
    </p>
   </div>
   <div class='ocr_carea' id='block_1_43' title="bbox 434 4044 2024 4121">
    <p class='ocr_par' dir='ltr' id='par_1_43' title="bbox 434 4044 2024 4121">
     <span class='ocr_line' id='line_1_43' title="bbox 434 4044 2024 4121; baseline 0.003 -22"><span class='ocrx_word' id='word_1_414' title='bbox 434 4045 745 4114; x_wconf 86' lang='lat' dir='ltr'><strong>precipitari</strong></span> <span class='ocrx_word' id='word_1_415' title='bbox 762 4044 1033 4115; x_wconf 88' lang='lat' dir='ltr'><strong>quendam</strong></span> <span class='ocrx_word' id='word_1_416' title='bbox 1061 4047 1378 4102; x_wconf 86' lang='lat' dir='ltr'><strong>traditorem</strong></span> <span class='ocrx_word' id='word_1_417' title='bbox 1402 4047 1854 4121; x_wconf 73' lang='lat' dir='ltr'><strong>Rothomagensis</strong></span> <span class='ocrx_word' id='word_1_418' title='bbox 1872 4050 2024 4105; x_wconf 89' lang='lat' dir='ltr'><strong>urbis</strong></span> 
     </span>
    </p>
   </div>
   <div class='ocr_carea' id='block_1_44' title="bbox 434 4136 2023 4212">
    <p class='ocr_par' dir='ltr' id='par_1_44' title="bbox 434 4136 2023 4212">
     <span class='ocr_line' id='line_1_44' title="bbox 434 4136 2023 4212; baseline 0.004 -22"><span class='ocrx_word' id='word_1_419' title='bbox 434 4136 777 4207; x_wconf 79' lang='lat' dir='ltr'><strong>predivitem,</strong></span> <span class='ocrx_word' id='word_1_420' title='bbox 834 4137 1056 4192; x_wconf 89' lang='lat' dir='ltr'><strong>nomine</strong></span> <span class='ocrx_word' id='word_1_421' title='bbox 1100 4138 1407 4208; x_wconf 88' lang='lat' dir='ltr'><strong>Conauum,</strong></span> <span class='ocrx_word' id='word_1_422' title='bbox 1464 4139 1558 4210; x_wconf 87' lang='lat' dir='ltr'><strong>qui</strong></span> <span class='ocrx_word' id='word_1_423' title='bbox 1608 4141 1781 4212; x_wconf 90' lang='lat' dir='ltr'><strong>ipsam</strong></span> <span class='ocrx_word' id='word_1_424' title='bbox 1833 4142 2023 4197; x_wconf 86' lang='lat' dir='ltr'><strong>urbem</strong></span> 
     </span>
    </p>
   </div>
   <div class='ocr_carea' id='block_1_45' title="bbox 434 4226 2021 4305">
    <p class='ocr_par' dir='ltr' id='par_1_45' title="bbox 434 4226 2021 4305">
     <span class='ocr_line' id='line_1_45' title="bbox 434 4226 2021 4305; baseline 0.005 -24"><span class='ocrx_word' id='word_1_425' title='bbox 434 4226 652 4283; x_wconf 85' lang='lat' dir='ltr'><strong>volebat</strong></span> <span class='ocrx_word' id='word_1_426' title='bbox 678 4227 892 4284; x_wconf 90' lang='lat' dir='ltr'><strong>tradere</strong></span> <span class='ocrx_word' id='word_1_427' title='bbox 920 4229 1229 4300; x_wconf 84' lang='lat' dir='ltr'><strong>hominibus</strong></span> <span class='ocrx_word' id='word_1_428' title='bbox 1257 4230 1523 4299; x_wconf 83' lang='lat' dir='ltr'><strong>Willcrmi</strong></span> <span class='ocrx_word' id='word_1_429' title='bbox 1550 4232 1693 4303; x_wconf 89' lang='lat' dir='ltr'><strong>regis</strong></span> <span class='ocrx_word' id='word_1_430' title='bbox 1724 4233 2021 4305; x_wconf 79' lang='lat' dir='ltr'><strong>Anglorum</strong></span> 
     </span>
    </p>
   </div>
   <div class='ocr_carea' id='block_1_46' title="bbox 437 4318 2018 4393">
    <p class='ocr_par' dir='ltr' id='par_1_46' title="bbox 437 4318 2018 4393">
     <span class='ocr_line' id='line_1_46' title="bbox 437 4318 2018 4393; baseline 0.004 -19"><span class='ocrx_word' id='word_1_431' title='bbox 437 4318 618 4391; x_wconf 75' lang='lat'><strong>(571);</strong></span> <span class='ocrx_word' id='word_1_432' title='bbox 649 4318 743 4374; x_wconf 92' lang='lat' dir='ltr'><strong>sed</strong></span> <span class='ocrx_word' id='word_1_433' title='bbox 789 4328 1080 4390; x_wconf 84' lang='lat' dir='ltr'><strong>preventus</strong></span> <span class='ocrx_word' id='word_1_434' title='bbox 1110 4329 1195 4376; x_wconf 90' lang='lat' dir='ltr'><strong>est</strong></span> <span class='ocrx_word' id='word_1_435' title='bbox 1239 4338 1270 4375; x_wconf 92' lang='lat' dir='ltr'><strong>a</strong></span> <span class='ocrx_word' id='word_1_436' title='bbox 1301 4321 1550 4379; x_wconf 85' lang='lat' dir='ltr'><strong>ﬁdelibus</strong></span> <span class='ocrx_word' id='word_1_437' title='bbox 1592 4323 1813 4379; x_wconf 85' lang='lat' dir='ltr'><strong>Roberti</strong></span> <span class='ocrx_word' id='word_1_438' title='bbox 1844 4325 2018 4393; x_wconf 90' lang='lat' dir='ltr'><strong>ducis,</strong></span> 
     </span>
    </p>
   </div>
   <div class='ocr_carea' id='block_1_47' title="bbox 2128 2210 3724 2293">
    <p class='ocr_par' dir='ltr' id='par_1_47' title="bbox 2128 2210 3724 2293">
     <span class='ocr_line' id='line_1_47' title="bbox 2128 2210 3724 2293; baseline 0.003 -27"><span class='ocrx_word' id='word_1_439' title='bbox 2128 2210 2238 2267; x_wconf 80' lang='lat' dir='ltr'><strong>fort</strong></span> <span class='ocrx_word' id='word_1_440' title='bbox 2259 2213 2535 2270; x_wconf 90' lang='lat' dir='ltr'><strong>sororium</strong></span> <span class='ocrx_word' id='word_1_441' title='bbox 2566 2213 2709 2293; x_wconf 84' lang='lat' dir='ltr'><strong>ejus,</strong></span> <span class='ocrx_word' id='word_1_442' title='bbox 2759 2222 2813 2269; x_wconf 88' lang='lat' dir='ltr'><strong>et</strong></span> <span class='ocrx_word' id='word_1_443' title='bbox 2853 2212 3137 2293; x_wconf 84' lang='lat' dir='ltr'><strong>Hugonem</strong></span> <span class='ocrx_word' id='word_1_444' title='bbox 3163 2214 3336 2293; x_wconf 85' lang='lat' dir='ltr'><strong>ﬁlium</strong></span> <span class='ocrx_word' id='word_1_445' title='bbox 3385 2214 3638 2271; x_wconf 84' lang='lat' dir='ltr'><strong>Gervasii</strong></span> <span class='ocrx_word' id='word_1_446' title='bbox 3668 2225 3724 2271; x_wconf 79' lang='lat' dir='ltr'><strong>et</strong></span> 
     </span>
    </p>
   </div>
   <div class='ocr_carea' id='block_1_48' title="bbox 2127 2290 3724 2379">
    <p class='ocr_par' dir='ltr' id='par_1_48' title="bbox 2127 2290 3724 2379">
     <span class='ocr_line' id='line_1_48' title="bbox 2127 2290 3724 2379; baseline 0.003 -20"><span class='ocrx_word' id='word_1_447' title='bbox 2127 2304 2267 2361; x_wconf 90' lang='lat' dir='ltr'><strong>alios</strong></span> <span class='ocrx_word' id='word_1_448' title='bbox 2333 2306 2537 2363; x_wconf 91' lang='lat' dir='ltr'><strong>multos</strong></span> <span class='ocrx_word' id='word_1_449' title='bbox 2577 2290 2773 2377; x_wconf 88' lang='lat' dir='ltr'><strong>magne</strong></span> <span class='ocrx_word' id='word_1_450' title='bbox 2822 2290 3111 2376; x_wconf 85' lang='lat' dir='ltr'><strong>probitatis</strong></span> <span class='ocrx_word' id='word_1_451' title='bbox 3160 2290 3229 2363; x_wconf 23' lang='lat' dir='ltr'><strong>et.</strong></span> <span class='ocrx_word' id='word_1_452' title='bbox 3257 2307 3449 2379; x_wconf 79' lang='lat' dir='ltr'><strong>magni</strong></span> <span class='ocrx_word' id='word_1_453' title='bbox 3487 2294 3724 2364; x_wconf 73' lang='lat' dir='ltr'><strong>nominis</strong></span> 
     </span>
    </p>
   </div>
   <div class='ocr_carea' id='block_1_49' title="bbox 2128 2397 3723 2471">
    <p class='ocr_par' dir='ltr' id='par_1_49' title="bbox 2128 2397 3723 2471">
     <span class='ocr_line' id='line_1_49' title="bbox 2128 2397 3723 2471; baseline 0.003 -20"><span class='ocrx_word' id='word_1_454' title='bbox 2128 2398 2296 2465; x_wconf 86' lang='lat' dir='ltr'><strong>viros,</strong></span> <span class='ocrx_word' id='word_1_455' title='bbox 2332 2398 2387 2454; x_wconf 93' lang='lat' dir='ltr'><strong>in</strong></span> <span class='ocrx_word' id='word_1_456' title='bbox 2414 2397 2557 2455; x_wconf 85' lang='lat' dir='ltr'><strong>valle</strong></span> <span class='ocrx_word' id='word_1_457' title='bbox 2593 2399 2843 2455; x_wconf 89' lang='lat' dir='ltr'><strong>videlicet</strong></span> <span class='ocrx_word' id='word_1_458' title='bbox 2863 2399 3020 2469; x_wconf 86' lang='lat' dir='ltr'><strong>juxta</strong></span> <span class='ocrx_word' id='word_1_459' title='bbox 3063 2398 3434 2455; x_wconf 86' lang='lat' dir='ltr'><strong>Bortorodum</strong></span> <span class='ocrx_word' id='word_1_460' title='bbox 3478 2400 3632 2471; x_wconf 85' lang='lat'><strong>(581)</strong></span> <span class='ocrx_word' id='word_1_461' title='bbox 3666 2401 3723 2455; x_wconf 86' lang='lat' dir='ltr'><strong>in</strong></span> 
     </span>
    </p>
   </div>
   <div class='ocr_carea' id='block_1_50' title="bbox 2127 2488 3723 2571">
    <p class='ocr_par' dir='ltr' id='par_1_50' title="bbox 2127 2488 3723 2571">
     <span class='ocr_line' id='line_1_50' title="bbox 2127 2488 3723 2571; baseline 0.002 -27"><span class='ocrx_word' id='word_1_462' title='bbox 2127 2488 2320 2567; x_wconf 89' lang='lat' dir='ltr'><strong>itinere</strong></span> <span class='ocrx_word' id='word_1_463' title='bbox 2345 2490 2669 2571; x_wconf 85' lang='lat' dir='ltr'><strong>munitionis</strong></span> <span class='ocrx_word' id='word_1_464' title='bbox 2698 2490 2909 2547; x_wconf 86' lang='lat' dir='ltr'><strong>castelli</strong></span> <span class='ocrx_word' id='word_1_465' title='bbox 2933 2491 3003 2547; x_wconf 89' lang='lat' dir='ltr'><strong>de</strong></span> <span class='ocrx_word' id='word_1_466' title='bbox 3050 2490 3357 2547; x_wconf 84' lang='lat' dir='ltr'><strong>Watevillc.</strong></span> <span class='ocrx_word' id='word_1_467' title='bbox 3415 2491 3533 2547; x_wconf 79' lang='lat' dir='ltr'><strong>Rex</strong></span> <span class='ocrx_word' id='word_1_468' title='bbox 3580 2490 3723 2547; x_wconf 83' lang='lat' dir='ltr'><strong>Hen-</strong></span> 
     </span>
    </p>
   </div>
   <div class='ocr_carea' id='block_1_51' title="bbox 2127 2581 3724 2660">
    <p class='ocr_par' dir='ltr' id='par_1_51' title="bbox 2127 2581 3724 2660">
     <span class='ocr_line' id='line_1_51' title="bbox 2127 2581 3724 2660; baseline 0.003 -23"><span class='ocrx_word' id='word_1_469' title='bbox 2127 2581 2276 2639; x_wconf 88' lang='lat' dir='ltr'><strong>ricus</strong></span> <span class='ocrx_word' id='word_1_470' title='bbox 2299 2592 2432 2640; x_wconf 89' lang='lat' dir='ltr'><strong>tunc</strong></span> <span class='ocrx_word' id='word_1_471' title='bbox 2458 2592 2576 2640; x_wconf 90' lang='lat' dir='ltr'><strong>erat</strong></span> <span class='ocrx_word' id='word_1_472' title='bbox 2603 2584 2747 2655; x_wconf 89' lang='lat' dir='ltr'><strong>apud</strong></span> <span class='ocrx_word' id='word_1_473' title='bbox 2775 2582 3113 2651; x_wconf 86' lang='lat' dir='ltr'><strong>Cadomum;</strong></span> <span class='ocrx_word' id='word_1_474' title='bbox 3150 2584 3299 2654; x_wconf 83' lang='lat' dir='ltr'><strong>quod</strong></span> <span class='ocrx_word' id='word_1_475' title='bbox 3329 2585 3568 2660; x_wconf 86' lang='lat' dir='ltr'><strong>audiens</strong></span> <span class='ocrx_word' id='word_1_476' title='bbox 3607 2600 3724 2642; x_wconf 77' lang='lat' dir='ltr'><strong>cte-</strong></span> 
     </span>
    </p>
   </div>
   <div class='ocr_carea' id='block_1_52' title="bbox 2126 2674 3723 2746">
    <p class='ocr_par' dir='ltr' id='par_1_52' title="bbox 2126 2674 3723 2746">
     <span class='ocr_line' id='line_1_52' title="bbox 2126 2674 3723 2746; baseline 0.001 -16"><span class='ocrx_word' id='word_1_477' title='bbox 2126 2674 2255 2731; x_wconf 91' lang='lat' dir='ltr'><strong>dere</strong></span> <span class='ocrx_word' id='word_1_478' title='bbox 2298 2690 2408 2730; x_wconf 91' lang='lat' dir='ltr'><strong>non</strong></span> <span class='ocrx_word' id='word_1_479' title='bbox 2456 2675 2654 2746; x_wconf 89' lang='lat' dir='ltr'><strong>potuit,</strong></span> <span class='ocrx_word' id='word_1_480' title='bbox 2708 2675 2886 2731; x_wconf 90' lang='lat' dir='ltr'><strong>donec</strong></span> <span class='ocrx_word' id='word_1_481' title='bbox 2932 2675 3109 2731; x_wconf 91' lang='lat' dir='ltr'><strong>oculis</strong></span> <span class='ocrx_word' id='word_1_482' title='bbox 3152 2674 3270 2731; x_wconf 88' lang='lat' dir='ltr'><strong>suis</strong></span> <span class='ocrx_word' id='word_1_483' title='bbox 3306 2675 3464 2731; x_wconf 89' lang='lat' dir='ltr'><strong>vidit.</strong></span> <span class='ocrx_word' id='word_1_484' title='bbox 3517 2674 3723 2731; x_wconf 75' lang='lat' dir='ltr'><strong>Traditi</strong></span> 
     </span>
    </p>
   </div>
   <div class='ocr_carea' id='block_1_53' title="bbox 2126 2766 3724 2847">
    <p class='ocr_par' dir='ltr' id='par_1_53' title="bbox 2126 2766 3724 2847">
     <span class='ocr_line' id='line_1_53' title="bbox 2126 2766 3724 2847; baseline 0.001 -26"><span class='ocrx_word' id='word_1_485' title='bbox 2126 2766 2291 2838; x_wconf 86' lang='lat' dir='ltr'><strong>igitur</strong></span> <span class='ocrx_word' id='word_1_486' title='bbox 2315 2768 2457 2847; x_wconf 80' lang='lat' dir='ltr'><strong>regi,</strong></span> <span class='ocrx_word' id='word_1_487' title='bbox 2472 2767 2635 2838; x_wconf 90' lang='lat' dir='ltr'><strong>positi</strong></span> <span class='ocrx_word' id='word_1_488' title='bbox 2664 2776 2793 2824; x_wconf 90' lang='lat' dir='ltr'><strong>sunt</strong></span> <span class='ocrx_word' id='word_1_489' title='bbox 2816 2768 2872 2822; x_wconf 90' lang='lat' dir='ltr'><strong>in</strong></span> <span class='ocrx_word' id='word_1_490' title='bbox 2900 2782 3200 2836; x_wconf 74' lang='lat' dir='ltr'><strong>carcerem,</strong></span> <span class='ocrx_word' id='word_1_491' title='bbox 3224 2775 3280 2823; x_wconf 92' lang='lat' dir='ltr'><strong>et</strong></span> <span class='ocrx_word' id='word_1_492' title='bbox 3302 2767 3387 2823; x_wconf 88' lang='lat' dir='ltr'><strong>sic</strong></span> <span class='ocrx_word' id='word_1_493' title='bbox 3406 2783 3610 2840; x_wconf 82' lang='lat' dir='ltr'><strong>magna</strong></span> <span class='ocrx_word' id='word_1_494' title='bbox 3635 2769 3724 2824; x_wconf 86' lang='lat' dir='ltr'><strong>illa</strong></span> 
     </span>
    </p>
   </div>
   <div class='ocr_carea' id='block_1_54' title="bbox 2126 2858 3725 2932">
    <p class='ocr_par' dir='ltr' id='par_1_54' title="bbox 2126 2858 3725 2932">
     <span class='ocr_line' id='line_1_54' title="bbox 2126 2858 3725 2932; baseline 0.001 -19"><span class='ocrx_word' id='word_1_495' title='bbox 2126 2858 2302 2929; x_wconf 87' lang='lat' dir='ltr'><strong>patrie</strong></span> <span class='ocrx_word' id='word_1_496' title='bbox 2346 2859 2621 2916; x_wconf 82' lang='lat' dir='ltr'><strong>dissensio</strong></span> <span class='ocrx_word' id='word_1_497' title='bbox 2657 2860 2820 2916; x_wconf 90' lang='lat' dir='ltr'><strong>ﬁnem</strong></span> <span class='ocrx_word' id='word_1_498' title='bbox 2860 2860 3070 2931; x_wconf 83' lang='lat' dir='ltr'><strong>accepit</strong></span> <span class='ocrx_word' id='word_1_499' title='bbox 3097 2868 3153 2916; x_wconf 89' lang='lat' dir='ltr'><strong>et</strong></span> <span class='ocrx_word' id='word_1_500' title='bbox 3194 2861 3519 2917; x_wconf 84' lang='lat' dir='ltr'><strong>destructio.</strong></span> <span class='ocrx_word' id='word_1_501' title='bbox 3560 2860 3725 2932; x_wconf 45' lang='lat' dir='ltr'><strong>(Fur</strong></span> 
     </span>
    </p>
   </div>
   <div class='ocr_carea' id='block_1_55' title="bbox 2126 2936 3725 3025">
    <p class='ocr_par' dir='ltr' id='par_1_55' title="bbox 2126 2936 3725 3025">
     <span class='ocr_line' id='line_1_55' title="bbox 2126 2936 3725 3025; baseline -0.001 -18"><span class='ocrx_word' id='word_1_502' title='bbox 2126 2951 2310 3024; x_wconf 75' lang='lat' dir='ltr'><strong>casn.)</strong></span> <span class='ocrx_word' id='word_1_503' title='bbox 2338 2952 2502 3009; x_wconf 85' lang='lat' dir='ltr'><strong>Tirus</strong></span> <span class='ocrx_word' id='word_1_504' title='bbox 2528 2936 2767 3024; x_wconf 86' lang='lat' dir='ltr'><strong>capitur,</strong></span> <span class='ocrx_word' id='word_1_505' title='bbox 2798 2969 2966 3024; x_wconf 90' lang='lat' dir='ltr'><strong>quam</strong></span> <span class='ocrx_word' id='word_1_506' title='bbox 3012 2953 3263 3023; x_wconf 85' lang='lat' dir='ltr'><strong>moderni</strong></span> <span class='ocrx_word' id='word_1_507' title='bbox 3306 2951 3579 3025; x_wconf 84' lang='lat' dir='ltr'><strong>Sagittam</strong></span> <span class='ocrx_word' id='word_1_508' title='bbox 3631 2968 3725 3007; x_wconf 80' lang='lat' dir='ltr'><strong>vo-</strong></span> 
     </span>
    </p>
   </div>
   <div class='ocr_carea' id='block_1_56' title="bbox 2125 3042 3724 3116">
    <p class='ocr_par' dir='ltr' id='par_1_56' title="bbox 2125 3042 3724 3116">
     <span class='ocr_line' id='line_1_56' title="bbox 2125 3042 3724 3116; baseline 0 -16"><span class='ocrx_word' id='word_1_509' title='bbox 2125 3053 2272 3100; x_wconf 88' lang='lat' dir='ltr'><strong>cant.</strong></span> <span class='ocrx_word' id='word_1_510' title='bbox 2311 3042 2480 3100; x_wconf 87' lang='lat' dir='ltr'><strong>Sidon</strong></span> <span class='ocrx_word' id='word_1_511' title='bbox 2519 3061 2652 3102; x_wconf 85' lang='lat' dir='ltr'><strong>vero</strong></span> <span class='ocrx_word' id='word_1_512' title='bbox 2681 3045 3021 3103; x_wconf 81' lang='lat' dir='ltr'><strong>contermina</strong></span> <span class='ocrx_word' id='word_1_513' title='bbox 3061 3045 3186 3116; x_wconf 84' lang='lat' dir='ltr'><strong>ejus</strong></span> <span class='ocrx_word' id='word_1_514' title='bbox 3229 3045 3299 3100; x_wconf 90' lang='lat' dir='ltr'><strong>ab</strong></span> <span class='ocrx_word' id='word_1_515' title='bbox 3324 3045 3527 3101; x_wconf 84' lang='lat' dir='ltr'><strong>incolis</strong></span> <span class='ocrx_word' id='word_1_516' title='bbox 3562 3044 3724 3100; x_wconf 88' lang='lat' dir='ltr'><strong>modo</strong></span> 
     </span>
    </p>
   </div>
   <div class='ocr_carea' id='block_1_57' title="bbox 2130 3135 3725 3208">
    <p class='ocr_par' dir='ltr' id='par_1_57' title="bbox 2130 3135 3725 3208">
     <span class='ocr_line' id='line_1_57' title="bbox 2130 3135 3725 3208; baseline -0.001 -16"><span class='ocrx_word' id='word_1_517' title='bbox 2130 3135 2237 3192; x_wconf 90' lang='lat' dir='ltr'><strong>Sur</strong></span> <span class='ocrx_word' id='word_1_518' title='bbox 2254 3146 2502 3204; x_wconf 85' lang='lat' dir='ltr'><strong>vocatur,</strong></span> <span class='ocrx_word' id='word_1_519' title='bbox 2519 3147 2573 3194; x_wconf 90' lang='lat' dir='ltr'><strong>et</strong></span> <span class='ocrx_word' id='word_1_520' title='bbox 2592 3145 2676 3194; x_wconf 87' lang='lat' dir='ltr'><strong>est</strong></span> <span class='ocrx_word' id='word_1_521' title='bbox 2693 3138 3033 3208; x_wconf 83' lang='lat' dir='ltr'><strong>metropolis.</strong></span> <span class='ocrx_word' id='word_1_522' title='bbox 3062 3135 3233 3207; x_wconf 84' lang='lat' dir='ltr'><strong>Capta</strong></span> <span class='ocrx_word' id='word_1_523' title='bbox 3262 3135 3429 3208; x_wconf 81' lang='lat' dir='ltr'><strong>Tyro,</strong></span> <span class='ocrx_word' id='word_1_524' title='bbox 3448 3136 3725 3193; x_wconf 67' lang='lat' dir='ltr'><strong>discordia</strong></span> 
     </span>
    </p>
   </div>
   <div class='ocr_carea' id='block_1_58' title="bbox 2127 3225 3725 3298">
    <p class='ocr_par' dir='ltr' id='par_1_58' title="bbox 2127 3225 3725 3298">
     <span class='ocr_line' id='line_1_58' title="bbox 2127 3225 3725 3298; baseline 0.001 -18"><span class='ocrx_word' id='word_1_525' title='bbox 2127 3225 2270 3282; x_wconf 82' lang='lat' dir='ltr'><strong>facta</strong></span> <span class='ocrx_word' id='word_1_526' title='bbox 2315 3236 2401 3282; x_wconf 77' lang='lat' dir='ltr'><strong>est</strong></span> <span class='ocrx_word' id='word_1_527' title='bbox 2428 3236 2648 3298; x_wconf 89' lang='lat' dir='ltr'><strong>propter</strong></span> <span class='ocrx_word' id='word_1_528' title='bbox 2674 3243 2796 3283; x_wconf 90' lang='lat' dir='ltr'><strong>eam</strong></span> <span class='ocrx_word' id='word_1_529' title='bbox 2834 3228 2976 3282; x_wconf 88' lang='lat' dir='ltr'><strong>inter</strong></span> <span class='ocrx_word' id='word_1_530' title='bbox 3005 3226 3348 3298; x_wconf 85' lang='lat' dir='ltr'><strong>patriarchas</strong></span> <span class='ocrx_word' id='word_1_531' title='bbox 3383 3225 3725 3284; x_wconf 75' lang='lat' dir='ltr'><strong>Jerosolimi-</strong></span> 
     </span>
    </p>
   </div>
   <div class='ocr_carea' id='block_1_59' title="bbox 2126 3317 3727 3385">
    <p class='ocr_par' dir='ltr' id='par_1_59' title="bbox 2126 3317 3727 3385">
     <span class='ocr_line' id='line_1_59' title="bbox 2126 3317 3727 3385; baseline 0.001 -12"><span class='ocrx_word' id='word_1_532' title='bbox 2126 3328 2315 3374; x_wconf 88' lang='lat' dir='ltr'><strong>tanum</strong></span> <span class='ocrx_word' id='word_1_533' title='bbox 2340 3361 2355 3385; x_wconf 92' lang='lat'><strong>,</strong></span> <span class='ocrx_word' id='word_1_534' title='bbox 2383 3327 2437 3374; x_wconf 90' lang='lat' dir='ltr'><strong>et</strong></span> <span class='ocrx_word' id='word_1_535' title='bbox 2458 3317 2859 3374; x_wconf 79' lang='lat' dir='ltr'><strong>Antiochenum</strong></span> <span class='ocrx_word' id='word_1_536' title='bbox 2888 3318 3141 3374; x_wconf 88' lang='lat' dir='ltr'><strong>:dicebat</strong></span> <span class='ocrx_word' id='word_1_537' title='bbox 3173 3318 3321 3373; x_wconf 87' lang='lat' dir='ltr'><strong>enim</strong></span> <span class='ocrx_word' id='word_1_538' title='bbox 3346 3318 3727 3374; x_wconf 69' lang='lat' dir='ltr'><strong>Antioche-nus</strong></span> 
     </span>
    </p>
   </div>
   <div class='ocr_carea' id='block_1_60' title="bbox 2127 3400 3727 3487">
    <p class='ocr_par' dir='ltr' id='par_1_60' title="bbox 2127 3400 3727 3487">
     <span class='ocr_line' id='line_1_60' title="bbox 2127 3400 3727 3487; baseline 0.001 -23"><span class='ocrx_word' id='word_1_539' title='bbox 2127 3400 2372 3483; x_wconf 78' lang='lat' dir='ltr'><strong>tempore</strong></span> <span class='ocrx_word' id='word_1_540' title='bbox 2412 3409 2637 3481; x_wconf 88' lang='lat' dir='ltr'><strong>antiquo</strong></span> <span class='ocrx_word' id='word_1_541' title='bbox 2677 3408 2883 3487; x_wconf 64' lang='lat' dir='ltr'><strong>Tyrum</strong></span> <span class='ocrx_word' id='word_1_542' title='bbox 2914 3407 3088 3465; x_wconf 78' lang='lat' dir='ltr'><strong>fuisse</strong></span> <span class='ocrx_word' id='word_1_543' title='bbox 3132 3409 3362 3471; x_wconf 86' lang='lat' dir='ltr'><strong>ecelesie</strong></span> <span class='ocrx_word' id='word_1_544' title='bbox 3400 3424 3503 3465; x_wconf 87' lang='lat' dir='ltr'><strong>sue</strong></span> <span class='ocrx_word' id='word_1_545' title='bbox 3540 3409 3727 3480; x_wconf 44' lang='lat' dir='ltr'><strong>subje.</strong></span> 
     </span>
    </p>
   </div>
   <div class='ocr_carea' id='block_1_61' title="bbox 2126 3501 3725 3575">
    <p class='ocr_par' dir='ltr' id='par_1_61' title="bbox 2126 3501 3725 3575">
     <span class='ocr_line' id='line_1_61' title="bbox 2126 3501 3725 3575; baseline -0.001 -16"><span class='ocrx_word' id='word_1_546' title='bbox 2126 3512 2299 3571; x_wconf 88' lang='lat' dir='ltr'><strong>ctam;</strong></span> <span class='ocrx_word' id='word_1_547' title='bbox 2331 3502 2807 3559; x_wconf 83' lang='lat' dir='ltr'><strong>Jerosolimitanus</strong></span> <span class='ocrx_word' id='word_1_548' title='bbox 2831 3519 2959 3558; x_wconf 87' lang='lat' dir='ltr'><strong>vero</strong></span> <span class='ocrx_word' id='word_1_549' title='bbox 2981 3503 3254 3559; x_wconf 88' lang='lat' dir='ltr'><strong>nitebatur</strong></span> <span class='ocrx_word' id='word_1_550' title='bbox 3279 3502 3586 3575; x_wconf 74' lang='lat' dir='ltr'><strong>privilegiis</strong></span> <span class='ocrx_word' id='word_1_551' title='bbox 3612 3501 3725 3558; x_wconf 79' lang='lat' dir='ltr'><strong>Ro—</strong></span> 
     </span>
    </p>
   </div>
   <div class='ocr_carea' id='block_1_62' title="bbox 2126 3595 3729 3673">
    <p class='ocr_par' dir='ltr' id='par_1_62' title="bbox 2126 3595 3729 3673">
     <span class='ocr_line' id='line_1_62' title="bbox 2126 3595 3729 3673; baseline 0.001 -24"><span class='ocrx_word' id='word_1_552' title='bbox 2126 3610 2415 3650; x_wconf 88' lang='lat' dir='ltr'><strong>manorum</strong></span> <span class='ocrx_word' id='word_1_553' title='bbox 2464 3595 2805 3665; x_wconf 87' lang='lat' dir='ltr'><strong>pontiﬁcum.</strong></span> <span class='ocrx_word' id='word_1_554' title='bbox 2875 3595 2933 3650; x_wconf 87' lang='lat' dir='ltr'><strong>Si</strong></span> <span class='ocrx_word' id='word_1_555' title='bbox 2981 3595 3277 3666; x_wconf 88' lang='lat' dir='ltr'><strong>dignitates</strong></span> <span class='ocrx_word' id='word_1_556' title='bbox 3325 3604 3381 3650; x_wconf 89' lang='lat' dir='ltr'><strong>et</strong></span> <span class='ocrx_word' id='word_1_557' title='bbox 3437 3595 3729 3673; x_wconf 38' lang='lat' dir='ltr'><strong>privilegia,</strong></span> 
     </span>
    </p>
   </div>
   <div class='ocr_carea' id='block_1_63' title="bbox 2126 3685 3731 3755">
    <p class='ocr_par' dir='ltr' id='par_1_63' title="bbox 2126 3685 3731 3755">
     <span class='ocr_line' id='line_1_63' title="bbox 2126 3685 3731 3755; baseline 0.001 -16"><span class='ocrx_word' id='word_1_558' title='bbox 2126 3686 2323 3739; x_wconf 90' lang='lat' dir='ltr'><strong>horum</strong></span> <span class='ocrx_word' id='word_1_559' title='bbox 2375 3686 2811 3755; x_wconf 82' lang='lat' dir='ltr'><strong>patriarcharum</strong></span> <span class='ocrx_word' id='word_1_560' title='bbox 2854 3685 3157 3743; x_wconf 85' lang='lat' dir='ltr'><strong>Jerusalem</strong></span> <span class='ocrx_word' id='word_1_561' title='bbox 3201 3695 3258 3742; x_wconf 91' lang='lat' dir='ltr'><strong>et</strong></span> <span class='ocrx_word' id='word_1_562' title='bbox 3300 3686 3631 3754; x_wconf 78' lang='lat' dir='ltr'><strong>Antiochie,</strong></span> <span class='ocrx_word' id='word_1_563' title='bbox 3671 3694 3731 3742; x_wconf 82' lang='lat' dir='ltr'><strong>et</strong></span> 
     </span>
    </p>
   </div>
   <div class='ocr_carea' id='block_1_64' title="bbox 2126 3776 3720 3849">
    <p class='ocr_par' dir='ltr' id='par_1_64' title="bbox 2126 3776 3720 3849">
     <span class='ocr_line' id='line_1_64' title="bbox 2126 3776 3720 3849; baseline -0.001 -18"><span class='ocrx_word' id='word_1_564' title='bbox 2126 3776 2292 3847; x_wconf 89' lang='lat' dir='ltr'><strong>hujus</strong></span> <span class='ocrx_word' id='word_1_565' title='bbox 2334 3776 2445 3832; x_wconf 89' lang='lat' dir='ltr'><strong>litis</strong></span> <span class='ocrx_word' id='word_1_566' title='bbox 2492 3776 2930 3834; x_wconf 87' lang='lat' dir='ltr'><strong>terminationem</strong></span> <span class='ocrx_word' id='word_1_567' title='bbox 2970 3776 3161 3832; x_wconf 89' lang='lat' dir='ltr'><strong>audire</strong></span> <span class='ocrx_word' id='word_1_568' title='bbox 3195 3777 3280 3831; x_wconf 83' lang='lat' dir='ltr'><strong>vel</strong></span> <span class='ocrx_word' id='word_1_569' title='bbox 3312 3776 3494 3849; x_wconf 86' lang='lat' dir='ltr'><strong>legere</strong></span> <span class='ocrx_word' id='word_1_570' title='bbox 3541 3776 3720 3847; x_wconf 83' lang='lat' dir='ltr'><strong>cupis,</strong></span> 
     </span>
    </p>
   </div>
   <div class='ocr_carea' id='block_1_65' title="bbox 2126 3868 3720 3940">
    <p class='ocr_par' dir='ltr' id='par_1_65' title="bbox 2126 3868 3720 3940">
     <span class='ocr_line' id='line_1_65' title="bbox 2126 3868 3720 3940; baseline 0.001 -18"><span class='ocrx_word' id='word_1_571' title='bbox 2126 3869 2345 3938; x_wconf 90' lang='lat' dir='ltr'><strong>require</strong></span> <span class='ocrx_word' id='word_1_572' title='bbox 2368 3868 2421 3923; x_wconf 91' lang='lat' dir='ltr'><strong>in</strong></span> <span class='ocrx_word' id='word_1_573' title='bbox 2447 3868 2627 3939; x_wconf 91' lang='lat' dir='ltr'><strong>primo</strong></span> <span class='ocrx_word' id='word_1_574' title='bbox 2650 3885 2796 3925; x_wconf 89' lang='lat' dir='ltr'><strong>anno</strong></span> <span class='ocrx_word' id='word_1_575' title='bbox 2821 3870 2907 3925; x_wconf 89' lang='lat' dir='ltr'><strong>vel</strong></span> <span class='ocrx_word' id='word_1_576' title='bbox 2928 3870 3074 3925; x_wconf 88' lang='lat' dir='ltr'><strong>circa</strong></span> <span class='ocrx_word' id='word_1_577' title='bbox 3096 3878 3389 3940; x_wconf 91' lang='lat' dir='ltr'><strong>postquam</strong></span> <span class='ocrx_word' id='word_1_578' title='bbox 3414 3868 3720 3925; x_wconf 79' lang='lat' dir='ltr'><strong>Jerusalem</strong></span> 
     </span>
    </p>
   </div>
   <div class='ocr_carea' id='block_1_66' title="bbox 2126 3948 3731 4037">
    <p class='ocr_par' dir='ltr' id='par_1_66' title="bbox 2126 3948 3731 4037">
     <span class='ocr_line' id='line_1_66' title="bbox 2126 3948 3731 4037; baseline 0.004 -23"><span class='ocrx_word' id='word_1_579' title='bbox 2126 3968 2391 4037; x_wconf 59' lang='lat' dir='ltr'><strong>captaest</strong></span> <span class='ocrx_word' id='word_1_580' title='bbox 2421 3976 2452 4015; x_wconf 92' lang='lat' dir='ltr'><strong>a</strong></span> <span class='ocrx_word' id='word_1_581' title='bbox 2485 3960 2821 4018; x_wconf 86' lang='lat' dir='ltr'><strong>christianis.</strong></span> <span class='ocrx_word' id='word_1_582' title='bbox 2850 3961 2975 4033; x_wconf 82' lang='lat' dir='ltr'><strong>(Ep.</strong></span> <span class='ocrx_word' id='word_1_583' title='bbox 3008 3960 3169 4017; x_wconf 84' lang='lat' dir='ltr'><strong>Cruc.</strong></span> <span class='ocrx_word' id='word_1_584' title='bbox 3205 3959 3393 4033; x_wconf 72' lang='lat'><strong>[582])</strong></span> <span class='ocrx_word' id='word_1_585' title='bbox 3424 3948 3731 4021; x_wconf 25' lang='lat' dir='ltr'><strong>Antiochia.</strong></span> 
     </span>
    </p>
   </div>
   <div class='ocr_carea' id='block_1_67' title="bbox 2124 4041 3720 4124">
    <p class='ocr_par' dir='ltr' id='par_1_67' title="bbox 2124 4041 3720 4124">
     <span class='ocr_line' id='line_1_67' title="bbox 2124 4041 3720 4124; baseline 0.002 -18"><span class='ocrx_word' id='word_1_586' title='bbox 2124 4050 2320 4106; x_wconf 88' lang='lat' dir='ltr'><strong>civitas</strong></span> <span class='ocrx_word' id='word_1_587' title='bbox 2339 4061 2423 4107; x_wconf 89' lang='lat' dir='ltr'><strong>est</strong></span> <span class='ocrx_word' id='word_1_588' title='bbox 2442 4052 2809 4123; x_wconf 87' lang='lat' dir='ltr'><strong>pulcherrima</strong></span> <span class='ocrx_word' id='word_1_589' title='bbox 2832 4062 2886 4110; x_wconf 92' lang='lat' dir='ltr'><strong>et</strong></span> <span class='ocrx_word' id='word_1_590' title='bbox 2911 4041 3301 4119; x_wconf 83' lang='lat' dir='ltr'><strong>munitissima,</strong></span> <span class='ocrx_word' id='word_1_591' title='bbox 3345 4054 3720 4124; x_wconf 76' lang='lat' dir='ltr'><strong>copiosiorem</strong></span> 
     </span>
    </p>
   </div>
   <div class='ocr_carea' id='block_1_68' title="bbox 2126 4145 3721 4218">
    <p class='ocr_par' dir='ltr' id='par_1_68' title="bbox 2126 4145 3721 4218">
     <span class='ocr_line' id='line_1_68' title="bbox 2126 4145 3721 4218; baseline 0.001 -19"><span class='ocrx_word' id='word_1_592' title='bbox 2126 4146 2437 4201; x_wconf 89' lang='lat' dir='ltr'><strong>reddituum</strong></span> <span class='ocrx_word' id='word_1_593' title='bbox 2466 4147 2904 4217; x_wconf 89' lang='lat' dir='ltr'><strong>opulentissima.</strong></span> <span class='ocrx_word' id='word_1_594' title='bbox 2932 4145 3072 4203; x_wconf 84' lang='lat' dir='ltr'><strong>Sunt</strong></span> <span class='ocrx_word' id='word_1_595' title='bbox 3088 4146 3230 4201; x_wconf 79' lang='lat' dir='ltr'><strong>infra</strong></span> <span class='ocrx_word' id='word_1_596' title='bbox 3262 4146 3438 4217; x_wconf 90' lang='lat' dir='ltr'><strong>ipsam</strong></span> <span class='ocrx_word' id='word_1_597' title='bbox 3481 4154 3721 4218; x_wconf 88' lang='lat' dir='ltr'><strong>quatuor</strong></span> 
     </span>
    </p>
   </div>
   <div class='ocr_carea' id='block_1_69' title="bbox 2125 4238 3719 4310">
    <p class='ocr_par' dir='ltr' id='par_1_69' title="bbox 2125 4238 3719 4310">
     <span class='ocr_line' id='line_1_69' title="bbox 2125 4238 3719 4310; baseline 0.001 -20"><span class='ocrx_word' id='word_1_598' title='bbox 2125 4244 2414 4307; x_wconf 85' lang='lat' dir='ltr'><strong>montanee</strong></span> <span class='ocrx_word' id='word_1_599' title='bbox 2467 4238 2603 4297; x_wconf 84' lang='lat' dir='ltr'><strong>satis</strong></span> <span class='ocrx_word' id='word_1_600' title='bbox 2655 4238 2783 4305; x_wconf 89' lang='lat' dir='ltr'><strong>alte,</strong></span> <span class='ocrx_word' id='word_1_601' title='bbox 2837 4239 2894 4293; x_wconf 90' lang='lat' dir='ltr'><strong>in</strong></span> <span class='ocrx_word' id='word_1_602' title='bbox 2942 4254 3176 4310; x_wconf 86' lang='lat' dir='ltr'><strong>quarum</strong></span> <span class='ocrx_word' id='word_1_603' title='bbox 3227 4253 3361 4304; x_wconf 82' lang='lat' dir='ltr'><strong>una,</strong></span> <span class='ocrx_word' id='word_1_604' title='bbox 3409 4238 3719 4293; x_wconf 85' lang='lat' dir='ltr'><strong>sublimiori</strong></span> 
     </span>
    </p>
   </div>
   <div class='ocr_carea' id='block_1_70' title="bbox 2125 4318 3718 4401">
    <p class='ocr_par' dir='ltr' id='par_1_70' title="bbox 2125 4318 3718 4401">
     <span class='ocr_line' id='line_1_70' title="bbox 2125 4318 3718 4401; baseline 0.001 -19"><span class='ocrx_word' id='word_1_605' title='bbox 2125 4328 2352 4396; x_wconf 89' lang='lat' dir='ltr'><strong>scilicet,</strong></span> <span class='ocrx_word' id='word_1_606' title='bbox 2380 4330 2663 4385; x_wconf 89' lang='lat' dir='ltr'><strong>castellum</strong></span> <span class='ocrx_word' id='word_1_607' title='bbox 2685 4338 2789 4398; x_wconf 91' lang='lat' dir='ltr'><strong>est,</strong></span> <span class='ocrx_word' id='word_1_608' title='bbox 2826 4331 2973 4401; x_wconf 91' lang='lat' dir='ltr'><strong>quod</strong></span> <span class='ocrx_word' id='word_1_609' title='bbox 3001 4331 3150 4384; x_wconf 91' lang='lat' dir='ltr'><strong>omni</strong></span> <span class='ocrx_word' id='word_1_610' title='bbox 3186 4318 3392 4387; x_wconf 77' lang='lat' dir='ltr'><strong>civitati</strong></span> <span class='ocrx_word' id='word_1_611' title='bbox 3421 4330 3718 4400; x_wconf 87' lang='lat' dir='ltr'><strong>prominet,</strong></span> 
     </span>
    </p>
   </div>
   <div class='ocr_carea' id='block_1_71' title="bbox 394 4409 3719 4500">
    <p class='ocr_par' dir='ltr' id='par_1_71' title="bbox 394 4409 3719 4500">
     <span class='ocr_line' id='line_1_71' title="bbox 394 4409 3719 4500; baseline 0.005 -39"><span class='ocrx_word' id='word_1_612' title='bbox 394 4456 401 4461; x_wconf 91' lang='lat'><strong>.</strong></span> <span class='ocrx_word' id='word_1_613' title='bbox 437 4417 493 4500; x_wconf 82' lang='lat' dir='ltr'><strong>et</strong></span> <span class='ocrx_word' id='word_1_614' title='bbox 521 4409 756 4500; x_wconf 78' lang='lat' dir='ltr'><strong>maxime</strong></span> <span class='ocrx_word' id='word_1_615' title='bbox 778 4411 847 4466; x_wconf 91' lang='lat' dir='ltr'><strong>ab</strong></span> <span class='ocrx_word' id='word_1_616' title='bbox 870 4410 1300 4493; x_wconf 84' lang='lat' dir='ltr'><strong>Ilenricol&#39;ratre</strong></span> <span class='ocrx_word' id='word_1_617' title='bbox 1325 4414 1529 4499; x_wconf 75' lang='lat' dir='ltr'><strong>ipsius,</strong></span> <span class='ocrx_word' id='word_1_618' title='bbox 1558 4417 1653 4488; x_wconf 89' lang='lat' dir='ltr'><strong>qui</strong></span> <span class='ocrx_word' id='word_1_619' title='bbox 1691 4425 1818 4487; x_wconf 85' lang='lat' dir='ltr'><strong>tunc</strong></span> <span class='ocrx_word' id='word_1_620' title='bbox 1840 4428 2022 4489; x_wconf 88' lang='lat' dir='ltr'><strong>partes</strong></span> <span class='ocrx_word' id='word_1_621' title='bbox 2054 4446 2100 4500; x_wconf 76' lang='grc' dir='ltr'><strong>ι)</strong></span> <span class='ocrx_word' id='word_1_622' title='bbox 2123 4420 2380 4475; x_wconf 91' lang='lat' dir='ltr'><strong>deorsum</strong></span> <span class='ocrx_word' id='word_1_623' title='bbox 2411 4422 2559 4477; x_wconf 90' lang='lat' dir='ltr'><strong>enim</strong></span> <span class='ocrx_word' id='word_1_624' title='bbox 2592 4422 2788 4478; x_wconf 73' lang='lat' dir='ltr'><strong>civitas</strong></span> <span class='ocrx_word' id='word_1_625' title='bbox 2816 4432 2899 4478; x_wconf 91' lang='lat' dir='ltr'><strong>est</strong></span> <span class='ocrx_word' id='word_1_626' title='bbox 2918 4423 3172 4478; x_wconf 87' lang='lat' dir='ltr'><strong>decenter</strong></span> <span class='ocrx_word' id='word_1_627' title='bbox 3192 4422 3468 4489; x_wconf 82' lang='lat' dir='ltr'><strong>editieata,</strong></span> <span class='ocrx_word' id='word_1_628' title='bbox 3493 4430 3549 4477; x_wconf 88' lang='lat' dir='ltr'><strong>et</strong></span> <span class='ocrx_word' id='word_1_629' title='bbox 3580 4423 3719 4493; x_wconf 83' lang='lat' dir='ltr'><strong>dup-</strong></span> 
     </span>
    </p>
   </div>
   <div class='ocr_carea' id='block_1_72' title="bbox 437 4498 2019 4577">
    <p class='ocr_par' dir='ltr' id='par_1_72' title="bbox 437 4498 2019 4577">
     <span class='ocr_line' id='line_1_72' title="bbox 437 4498 2019 4577; baseline 0.009 -26"><span class='ocrx_word' id='word_1_630' title='bbox 437 4498 594 4554; x_wconf 81' lang='lat' dir='ltr'><strong>ducis</strong></span> <span class='ocrx_word' id='word_1_631' title='bbox 612 4500 855 4571; x_wconf 85' lang='lat' dir='ltr'><strong>juvabat,</strong></span> <span class='ocrx_word' id='word_1_632' title='bbox 890 4502 1031 4559; x_wconf 90' lang='lat' dir='ltr'><strong>unde</strong></span> <span class='ocrx_word' id='word_1_633' title='bbox 1063 4513 1117 4559; x_wconf 90' lang='lat' dir='ltr'><strong>et</strong></span> <span class='ocrx_word' id='word_1_634' title='bbox 1140 4504 1317 4575; x_wconf 84' lang='lat' dir='ltr'><strong>ipsum</strong></span> <span class='ocrx_word' id='word_1_635' title='bbox 1342 4506 1502 4577; x_wconf 85' lang='lat' dir='ltr'><strong>digna</strong></span> <span class='ocrx_word' id='word_1_636' title='bbox 1526 4498 1715 4563; x_wconf 85' lang='lat' dir='ltr'><strong>morte</strong></span> <span class='ocrx_word' id='word_1_637' title='bbox 1750 4510 2019 4565; x_wconf 83' lang='lat' dir='ltr'><strong>multavit.</strong></span> 
     </span>
    </p>
   </div>
   <div class='ocr_carea' id='block_1_73' title="bbox 440 4588 2023 4658">
    <p class='ocr_par' dir='ltr' id='par_1_73' title="bbox 440 4588 2023 4658">
     <span class='ocr_line' id='line_1_73' title="bbox 440 4588 2023 4658; baseline 0.009 -16"><span class='ocrx_word' id='word_1_638' title='bbox 440 4588 668 4646; x_wconf 86' lang='lat' dir='ltr'><strong>Turrem</strong></span> <span class='ocrx_word' id='word_1_639' title='bbox 710 4595 1099 4652; x_wconf 90' lang='lat' dir='ltr'><strong>nichilominus</strong></span> <span class='ocrx_word' id='word_1_640' title='bbox 1126 4598 1399 4653; x_wconf 86' lang='lat' dir='ltr'><strong>excelsam</strong></span> <span class='ocrx_word' id='word_1_641' title='bbox 1429 4598 1557 4655; x_wconf 82' lang='lat' dir='ltr'><strong>fecit</strong></span> <span class='ocrx_word' id='word_1_642' title='bbox 1581 4601 1635 4655; x_wconf 89' lang='lat' dir='ltr'><strong>in</strong></span> <span class='ocrx_word' id='word_1_643' title='bbox 1661 4602 1887 4658; x_wconf 91' lang='lat' dir='ltr'><strong>castello</strong></span> <span class='ocrx_word' id='word_1_644' title='bbox 1915 4601 2023 4657; x_wconf 85' lang='lat' dir='ltr'><strong>Ca-</strong></span> 
     </span>
    </p>
   </div>
   <div class='ocr_carea' id='block_1_74' title="bbox 439 4672 2024 4764">
    <p class='ocr_par' dir='ltr' id='par_1_74' title="bbox 439 4672 2024 4764">
     <span class='ocr_line' id='line_1_74' title="bbox 439 4672 2024 4764; baseline 0.008 -27"><span class='ocrx_word' id='word_1_645' title='bbox 439 4682 709 4751; x_wconf 91' lang='lat' dir='ltr'><strong>domensi,</strong></span> <span class='ocrx_word' id='word_1_646' title='bbox 745 4696 799 4742; x_wconf 91' lang='lat' dir='ltr'><strong>et</strong></span> <span class='ocrx_word' id='word_1_647' title='bbox 820 4704 1035 4743; x_wconf 89' lang='lat' dir='ltr'><strong>murum</strong></span> <span class='ocrx_word' id='word_1_648' title='bbox 1063 4688 1235 4758; x_wconf 80' lang='lat' dir='ltr'><strong>ipsius</strong></span> <span class='ocrx_word' id='word_1_649' title='bbox 1257 4691 1485 4758; x_wconf 87' lang='lat' dir='ltr'><strong>castelli,</strong></span> <span class='ocrx_word' id='word_1_650' title='bbox 1514 4708 1677 4762; x_wconf 90' lang='lat' dir='ltr'><strong>quem</strong></span> <span class='ocrx_word' id='word_1_651' title='bbox 1710 4704 1864 4764; x_wconf 89' lang='lat' dir='ltr'><strong>pater</strong></span> <span class='ocrx_word' id='word_1_652' title='bbox 1890 4672 2024 4749; x_wconf 73' lang='lat' dir='ltr'><strong>suus</strong></span> 
     </span>
    </p>
   </div>
   <div class='ocr_carea' id='block_1_75' title="bbox 2122 4511 3720 4585">
    <p class='ocr_par' dir='ltr' id='par_1_75' title="bbox 2122 4511 3720 4585">
     <span class='ocr_line' id='line_1_75' title="bbox 2122 4511 3720 4585; baseline 0.003 -20"><span class='ocrx_word' id='word_1_653' title='bbox 2122 4511 2249 4582; x_wconf 81' lang='lat' dir='ltr'><strong>plici</strong></span> <span class='ocrx_word' id='word_1_654' title='bbox 2284 4528 2455 4573; x_wconf 37' lang='lat' dir='ltr'><strong>muro.</strong></span> <span class='ocrx_word' id='word_1_655' title='bbox 2473 4514 2909 4570; x_wconf 87' lang='lat' dir='ltr'><strong>circumambita.</strong></span> <span class='ocrx_word' id='word_1_656' title='bbox 2948 4513 3137 4573; x_wconf 88' lang='lat' dir='ltr'><strong>Murus</strong></span> <span class='ocrx_word' id='word_1_657' title='bbox 3166 4514 3395 4569; x_wconf 90' lang='lat' dir='ltr'><strong>interior</strong></span> <span class='ocrx_word' id='word_1_658' title='bbox 3417 4514 3641 4585; x_wconf 76' lang='lat' dir='ltr'><strong>amplus</strong></span> <span class='ocrx_word' id='word_1_659' title='bbox 3668 4521 3720 4569; x_wconf 77' lang='lat' dir='ltr'><strong>et</strong></span> 
     </span>
    </p>
   </div>
   <div class='ocr_carea' id='block_1_76' title="bbox 2121 4603 3717 4678">
    <p class='ocr_par' dir='ltr' id='par_1_76' title="bbox 2121 4603 3717 4678">
     <span class='ocr_line' id='line_1_76' title="bbox 2121 4603 3717 4678; baseline 0.001 -20"><span class='ocrx_word' id='word_1_660' title='bbox 2121 4603 2176 4658; x_wconf 91' lang='lat' dir='ltr'><strong>in</strong></span> <span class='ocrx_word' id='word_1_661' title='bbox 2203 4620 2329 4660; x_wconf 88' lang='lat' dir='ltr'><strong>aera</strong></span> <span class='ocrx_word' id='word_1_662' title='bbox 2357 4615 2642 4675; x_wconf 89' lang='lat' dir='ltr'><strong>porrectus</strong></span> <span class='ocrx_word' id='word_1_663' title='bbox 2656 4614 2760 4673; x_wconf 89' lang='lat' dir='ltr'><strong>est,</strong></span> <span class='ocrx_word' id='word_1_664' title='bbox 2787 4614 2841 4660; x_wconf 88' lang='lat' dir='ltr'><strong>et</strong></span> <span class='ocrx_word' id='word_1_665' title='bbox 2866 4606 3081 4678; x_wconf 85' lang='lat' dir='ltr'><strong>magnis</strong></span> <span class='ocrx_word' id='word_1_666' title='bbox 3107 4614 3162 4659; x_wconf 90' lang='lat' dir='ltr'><strong>et</strong></span> <span class='ocrx_word' id='word_1_667' title='bbox 3189 4605 3417 4675; x_wconf 89' lang='lat' dir='ltr'><strong>quadris</strong></span> <span class='ocrx_word' id='word_1_668' title='bbox 3446 4606 3717 4676; x_wconf 88' lang='lat' dir='ltr'><strong>lapidibus</strong></span> 
     </span>
    </p>
   </div>
   <div class='ocr_carea' id='block_1_77' title="bbox 2123 4696 3717 4779">
    <p class='ocr_par' dir='ltr' id='par_1_77' title="bbox 2123 4696 3717 4779">
     <span class='ocr_line' id='line_1_77' title="bbox 2123 4696 3717 4779; baseline 0.002 -30"><span class='ocrx_word' id='word_1_669' title='bbox 2123 4704 2440 4779; x_wconf 82' lang='lat' dir='ltr'><strong>compactus</strong></span> <span class='ocrx_word' id='word_1_670' title='bbox 2460 4706 2516 4751; x_wconf 90' lang='lat' dir='ltr'><strong>et</strong></span> <span class='ocrx_word' id='word_1_671' title='bbox 2543 4697 2978 4768; x_wconf 79' lang='lat' dir='ltr'><strong>compaginatus.</strong></span> <span class='ocrx_word' id='word_1_672' title='bbox 3012 4696 3070 4752; x_wconf 88' lang='lat' dir='ltr'><strong>In</strong></span> <span class='ocrx_word' id='word_1_673' title='bbox 3097 4713 3208 4768; x_wconf 86' lang='lat' dir='ltr'><strong>qua</strong></span> <span class='ocrx_word' id='word_1_674' title='bbox 3229 4696 3376 4752; x_wconf 90' lang='lat' dir='ltr'><strong>muri</strong></span> <span class='ocrx_word' id='word_1_675' title='bbox 3395 4699 3717 4769; x_wconf 85' lang='lat' dir='ltr'><strong>compagine</strong></span> 
     </span>
    </p>
   </div>
   <div class='ocr_carea' id='block_1_78' title="bbox 1748 4803 2432 4870">
    <p class='ocr_par' dir='ltr' id='par_1_78' title="bbox 1748 4803 2432 4870">
     <span class='ocr_line' id='line_1_78' title="bbox 1748 4803 2432 4870; baseline 0.01 -12"><span class='ocrx_word' id='word_1_676' title='bbox 1748 4803 1987 4861; x_wconf 72' lang='lat' dir='ltr'><strong>VARUE</strong></span> <span class='ocrx_word' id='word_1_677' title='bbox 2027 4805 2432 4870; x_wconf 78' lang='lat' dir='ltr'><strong>LECTIONES.</strong></span> 
     </span>
    </p>
   </div>
   <div class='ocr_carea' id='block_1_79' title="bbox 510 4885 3715 4970">
    <p class='ocr_par' dir='ltr' id='par_1_79' title="bbox 510 4885 3715 4970">
     <span class='ocr_line' id='line_1_79' title="bbox 510 4885 3715 4970; baseline 0.006 -29"><span class='ocrx_word' id='word_1_678' title='bbox 510 4885 784 4970; x_wconf 31' lang='lat' dir='ltr'><strong>{finitio</strong></span> <span class='ocrx_word' id='word_1_679' title='bbox 808 4890 992 4970; x_wconf 67' lang='lat' dir='ltr'><strong>_hujus</strong></span> <span class='ocrx_word' id='word_1_680' title='bbox 1016 4894 1163 4957; x_wconf 47' lang='lat' dir='ltr'><strong>,anni</strong></span> <span class='ocrx_word' id='word_1_681' title='bbox 1204 4894 1270 4970; x_wconf 6' lang='lat'><strong>2.,</strong></span> <span class='ocrx_word' id='word_1_682' title='bbox 1294 4896 1488 4970; x_wconf 28' lang='lat' dir='ltr'><strong>addtt‘:</strong></span> <span class='ocrx_word' id='word_1_683' title='bbox 1514 4895 1781 4970; x_wconf 56' lang='lat' dir='ltr'><strong>{Ecclesia</strong></span> <span class='ocrx_word' id='word_1_684' title='bbox 1811 4896 2084 4968; x_wconf 83' lang='lat' dir='ltr'><strong>Savigneji</strong></span> <span class='ocrx_word' id='word_1_685' title='bbox 2114 4899 2363 4956; x_wconf 80' lang='lat' dir='ltr'><strong>dedicata</strong></span> <span class='ocrx_word' id='word_1_686' title='bbox 2395 4889 2481 4958; x_wconf 84' lang='lat' dir='ltr'><strong>est</strong></span> <span class='ocrx_word' id='word_1_687' title='bbox 2512 4903 2609 4959; x_wconf 86' lang='lat' dir='ltr'><strong>Kal</strong></span> <span class='ocrx_word' id='word_1_688' title='bbox 2656 4904 2783 4959; x_wconf 82' lang='lat' dir='ltr'><strong>Jun.</strong></span> <span class='ocrx_word' id='word_1_689' title='bbox 2827 4906 2882 4959; x_wconf 92' lang='lat' dir='ltr'><strong>in</strong></span> <span class='ocrx_word' id='word_1_690' title='bbox 2916 4906 3179 4960; x_wconf 90' lang='lat' dir='ltr'><strong>honorem</strong></span> <span class='ocrx_word' id='word_1_691' title='bbox 3209 4904 3265 4959; x_wconf 90' lang='lat' dir='ltr'><strong>S.</strong></span> <span class='ocrx_word' id='word_1_692' title='bbox 3293 4904 3599 4970; x_wconf 81' lang='lat' dir='ltr'><strong>Trinitatis,</strong></span> <span class='ocrx_word' id='word_1_693' title='bbox 3650 4906 3715 4961; x_wconf 83' lang='lat' dir='ltr'><strong>ab</strong></span> 
     </span>
    </p>
   </div>
   <div class='ocr_carea' id='block_1_80' title="bbox 446 4956 3711 5046">
    <p class='ocr_par' dir='ltr' id='par_1_80' title="bbox 446 4956 3711 5046">
     <span class='ocr_line' id='line_1_80' title="bbox 446 4956 3711 5046; baseline 0.007 -37"><span class='ocrx_word' id='word_1_694' title='bbox 884 4956 1099 5046; x_wconf 72' lang='lat' dir='ltr'><strong>incepta</strong></span> <span class='ocrx_word' id='word_1_695' title='bbox 1120 4970 1181 5017; x_wconf 87' lang='lat' dir='ltr'><strong>et</strong></span> <span class='ocrx_word' id='word_1_696' title='bbox 1203 4968 1376 5046; x_wconf 76' lang='lat' dir='ltr'><strong>usque</strong></span> <span class='ocrx_word' id='word_1_697' title='bbox 1401 4966 1467 5021; x_wconf 92' lang='lat' dir='ltr'><strong>ad</strong></span> <span class='ocrx_word' id='word_1_698' title='bbox 1498 4979 1643 5046; x_wconf 52' lang='lat' dir='ltr'><strong>retro</strong></span> <span class='ocrx_word' id='word_1_699' title='bbox 1670 4968 1898 5046; x_wconf 71' lang='lat' dir='ltr'><strong>chorum</strong></span> <span class='ocrx_word' id='word_1_700' title='bbox 1921 4956 2156 5046; x_wconf 40' lang='lat' dir='ltr'><strong>ejxplleta,</strong></span> <span class='ocrx_word' id='word_1_701' title='bbox 2189 4972 2387 5046; x_wconf 70' lang='lat' dir='ltr'><strong>deinde</strong></span> <span class='ocrx_word' id='word_1_702' title='bbox 2496 4956 3278 5046; x_wconf 51' lang='lat' dir='ltr'><strong>cacrriaii&#39;aiiba‘té&#39;ﬁééfécti.</strong></span> <span class='ocrx_word' id='word_1_703' title='bbox 3304 4956 3711 5046; x_wconf 15' lang='lat' dir='ltr'><strong>iudicia};</strong></span> 
     </span>
    </p>
   </div>
   <div class='ocr_carea' id='block_1_81' title="bbox 438 5028 3710 5120">
    <p class='ocr_par' dir='ltr' id='par_1_81' title="bbox 438 5028 3710 5120">
     <span class='ocr_line' id='line_1_81' title="bbox 438 5028 3710 5120; baseline 0.006 -37"><span class='ocrx_word' id='word_1_704' title='bbox 438 5028 1515 5120; x_wconf 34' lang='lat' dir='ltr'><strong>tioniinterfecit:ngtAe‘piscopi&#39;quinquc,</strong></span> <span class='ocrx_word' id='word_1_705' title='bbox 1547 5036 1812 5120; x_wconf 45' lang='lat' dir='ltr'><strong>T&#39;urgisus</strong></span> <span class='ocrx_word' id='word_1_706' title='bbox 1834 5028 2187 5120; x_wconf 65' lang='lat' dir='ltr'><strong>Abrin&#39;censis</strong></span> <span class='ocrx_word' id='word_1_707' title='bbox 2202 5051 2256 5097; x_wconf 88' lang='lat' dir='ltr'><strong>et</strong></span> <span class='ocrx_word' id='word_1_708' title='bbox 2282 5042 2553 5100; x_wconf 79' lang='lat' dir='ltr'><strong>Ricardus</strong></span> <span class='ocrx_word' id='word_1_709' title='bbox 2576 5028 3710 5120; x_wconf 32' lang='lat' dir='ltr'><strong>ConstantiensisretDicardusvﬁajoccu‘sis</strong></span> 
     </span>
    </p>
   </div>
   <div class='ocr_carea' id='block_1_82' title="bbox 439 5094 2069 5171">
    <p class='ocr_par' dir='ltr' id='par_1_82' title="bbox 439 5094 2069 5171">
     <span class='ocr_line' id='line_1_82' title="bbox 439 5094 2069 5171; baseline 0.009 -22"><span class='ocrx_word' id='word_1_710' title='bbox 439 5105 498 5150; x_wconf 90' lang='lat' dir='ltr'><strong>et</strong></span> <span class='ocrx_word' id='word_1_711' title='bbox 518 5094 798 5155; x_wconf 71' lang='lat' dir='ltr'><strong>Iohannes</strong></span> <span class='ocrx_word' id='word_1_712' title='bbox 822 5094 1099 5171; x_wconf 74' lang='lat' dir='ltr'><strong>Sagiensis</strong></span> <span class='ocrx_word' id='word_1_713' title='bbox 1130 5094 1187 5163; x_wconf 74' lang='lat' dir='ltr'><strong>et</strong></span> <span class='ocrx_word' id='word_1_714' title='bbox 1207 5094 1553 5162; x_wconf 76' lang='lat' dir='ltr'><strong>Hildebertus</strong></span> <span class='ocrx_word' id='word_1_715' title='bbox 1577 5094 2069 5165; x_wconf 65' lang='lat' dir='ltr'><strong>Ceiiomannensis.</strong></span> 
     </span>
    </p>
   </div>
   <div class='ocr_carea' id='block_1_83' title="bbox 1947 5199 2172 5257">
    <p class='ocr_par' dir='ltr' id='par_1_83' title="bbox 1947 5199 2172 5257">
     <span class='ocr_line' id='line_1_83' title="bbox 1947 5199 2172 5257; baseline 0.013 -3"><span class='ocrx_word' id='word_1_716' title='bbox 1947 5199 2172 5257; x_wconf 71' lang='grc' dir='ltr'><strong>ΝΟΤᾸΞ.</strong></span> 
     </span>
    </p>
   </div>
   <div class='ocr_carea' id='block_1_84' title="bbox 512 5273 947 5341">
    <p class='ocr_par' dir='ltr' id='par_1_84' title="bbox 512 5273 947 5341">
     <span class='ocr_line' id='line_1_84' title="bbox 512 5273 947 5341; baseline 0.002 -12"><span class='ocrx_word' id='word_1_717' title='bbox 512 5273 663 5341; x_wconf 77' lang='grc'><strong>(572)</strong></span> <span class='ocrx_word' id='word_1_718' title='bbox 694 5273 947 5331; x_wconf 88' lang='lat' dir='ltr'><strong>Brionne.</strong></span> 
     </span>
    </p>
   </div>
   <div class='ocr_carea' id='block_1_85' title="bbox 536 5342 947 5401">
    <p class='ocr_par' dir='ltr' id='par_1_85' title="bbox 536 5342 947 5401">
     <span class='ocr_line' id='line_1_85' title="bbox 536 5342 947 5401; baseline 0.012 -5"><span class='ocrx_word' id='word_1_719' title='bbox 536 5342 665 5401; x_wconf 74' lang='lat'><strong>575)</strong></span> <span class='ocrx_word' id='word_1_720' title='bbox 696 5344 761 5399; x_wconf 86' lang='lat' dir='ltr'><strong>A.</strong></span> <span class='ocrx_word' id='word_1_721' title='bbox 788 5346 947 5401; x_wconf 84' lang='lat'><strong>1119.</strong></span> 
     </span>
    </p>
   </div>
   <div class='ocr_carea' id='block_1_86' title="bbox 537 5412 1641 5493">
    <p class='ocr_par' dir='ltr' id='par_1_86' title="bbox 537 5412 1641 5493">
     <span class='ocr_line' id='line_1_86' title="bbox 537 5412 1641 5493; baseline 0.014 -28"><span class='ocrx_word' id='word_1_722' title='bbox 537 5412 663 5493; x_wconf 51' lang='lat' dir='ltr'><strong>s35)</strong></span> <span class='ocrx_word' id='word_1_723' title='bbox 692 5414 757 5493; x_wconf 54' lang='lat'><strong>.5.</strong></span> <span class='ocrx_word' id='word_1_724' title='bbox 811 5416 969 5471; x_wconf 68' lang='lat'><strong>1090.</strong></span> <span class='ocrx_word' id='word_1_725' title='bbox 1012 5417 1084 5472; x_wconf 83' lang='lat' dir='ltr'><strong>cf.</strong></span> <span class='ocrx_word' id='word_1_726' title='bbox 1134 5418 1261 5475; x_wconf 90' lang='lat' dir='ltr'><strong>0rd.</strong></span> <span class='ocrx_word' id='word_1_727' title='bbox 1297 5420 1401 5477; x_wconf 78' lang='lat' dir='ltr'><strong>vn.</strong></span> <span class='ocrx_word' id='word_1_728' title='bbox 1434 5423 1641 5493; x_wconf 87' lang='lat' dir='ltr'><strong>p.690.</strong></span> 
     </span>
    </p>
   </div>
   <div class='ocr_carea' id='block_1_87' title="bbox 530 5480 1655 5555">
    <p class='ocr_par' dir='ltr' id='par_1_87' title="bbox 530 5480 1655 5555">
     <span class='ocr_line' id='line_1_87' title="bbox 530 5480 1655 5555; baseline -0.008 0"><span class='ocrx_word' id='word_1_729' title='bbox 530 5480 657 5555; x_wconf 62' lang='lat'><strong>.515}</strong></span> <span class='ocrx_word' id='word_1_730' title='bbox 688 5483 919 5555; x_wconf 72' lang='grc' dir='ltr'><strong>Αηιιιεδ.</strong></span> <span class='ocrx_word' id='word_1_731' title='bbox 1437 5480 1452 5493; x_wconf 78' lang='grc'>³</span> <span class='ocrx_word' id='word_1_732' title='bbox 1650 5502 1655 5508; x_wconf 93' lang='grc'><strong>·</strong></span> 
     </span>
    </p>
   </div>
   <div class='ocr_carea' id='block_1_88' title="bbox 537 5549 989 5625">
    <p class='ocr_par' dir='ltr' id='par_1_88' title="bbox 537 5549 989 5625">
     <span class='ocr_line' id='line_1_88' title="bbox 537 5549 989 5625; baseline -0.035 1"><span class='ocrx_word' id='word_1_733' title='bbox 537 5549 664 5625; x_wconf 71' lang='lat' dir='ltr'><strong>§Z§l</strong></span> <span class='ocrx_word' id='word_1_734' title='bbox 694 5549 989 5625; x_wconf 61' lang='lat' dir='ltr'><strong>Arsentan.</strong></span> 
     </span>
    </p>
   </div>
   <div class='ocr_carea' id='block_1_89' title="bbox 538 5618 931 5681">
    <p class='ocr_par' dir='ltr' id='par_1_89' title="bbox 538 5618 931 5681">
     <span class='ocr_line' id='line_1_89' title="bbox 538 5618 931 5681; baseline 0.015 -8"><span class='ocrx_word' id='word_1_735' title='bbox 538 5618 663 5681; x_wconf 85' lang='lat'><strong>577)</strong></span> <span class='ocrx_word' id='word_1_736' title='bbox 696 5618 931 5681; x_wconf 78' lang='lat' dir='ltr'><strong>Hiémes.</strong></span> 
     </span>
    </p>
   </div>
   <div class='ocr_carea' id='block_1_90' title="bbox 540 5687 994 5753">
    <p class='ocr_par' dir='ltr' id='par_1_90' title="bbox 540 5687 994 5753">
     <span class='ocr_line' id='line_1_90' title="bbox 540 5687 994 5753; baseline 0.009 -8"><span class='ocrx_word' id='word_1_737' title='bbox 540 5687 663 5753; x_wconf 75' lang='lat'><strong>57,8)</strong></span> <span class='ocrx_word' id='word_1_738' title='bbox 694 5691 994 5751; x_wconf 77' lang='lat' dir='ltr'><strong>Domfront.</strong></span> 
     </span>
    </p>
   </div>
   <div class='ocr_carea' id='block_1_91' title="bbox 2197 5362 3707 5507">
    <p class='ocr_par' dir='ltr' id='par_1_91' title="bbox 2197 5362 3707 5507">
     <span class='ocr_line' id='line_1_91' title="bbox 2224 5362 3427 5418; baseline -0.003 -1"><span class='ocrx_word' id='word_1_739' title='bbox 2224 5363 2329 5417; x_wconf 80' lang='lat'><strong>5‘80</strong></span> <span class='ocrx_word' id='word_1_740' title='bbox 2380 5362 2604 5418; x_wconf 85' lang='lat' dir='ltr'><strong>Waure.</strong></span> <span class='ocrx_word' id='word_1_741' title='bbox 2866 5362 2871 5363; x_wconf 55' lang='grc'><strong>“</strong></span> <span class='ocrx_word' id='word_1_742' title='bbox 3411 5362 3427 5367; x_wconf 74' lang='grc'>⁷</span> 
     </span>
     <span class='ocr_line' id='line_1_92' title="bbox 2197 5362 3707 5507; baseline 0.003 -21"><span class='ocrx_word' id='word_1_743' title='bbox 2197 5362 2351 5507; x_wconf 52' lang='lat'><strong>(581;</strong></span> <span class='ocrx_word' id='word_1_744' title='bbox 2379 5434 2594 5504; x_wconf 88' lang='lat' dir='ltr'><strong>Burgus</strong></span> <span class='ocrx_word' id='word_1_745' title='bbox 2617 5432 2866 5501; x_wconf 88' lang='lat' dir='ltr'><strong>Turoldi,</strong></span> <span class='ocrx_word' id='word_1_746' title='bbox 2886 5434 3000 5504; x_wconf 88' lang='lat' dir='ltr'><strong>jam</strong></span> <span class='ocrx_word' id='word_1_747' title='bbox 3028 5434 3502 5507; x_wconf 90' lang='lat' dir='ltr'><strong>Bourgtheroudc,</strong></span> <span class='ocrx_word' id='word_1_748' title='bbox 3544 5450 3707 5507; x_wconf 80' lang='lat' dir='ltr'><strong>prope</strong></span> 
     </span>
    </p>
   </div>
   <div class='ocr_carea' id='block_1_92' title="bbox 2124 5500 3701 5644">
    <p class='ocr_par' dir='ltr' id='par_1_92' title="bbox 2124 5500 3701 5644">
     <span class='ocr_line' id='line_1_93' title="bbox 2124 5500 3662 5625; baseline 0.003 -69"><span class='ocrx_word' id='word_1_749' title='bbox 2124 5500 2548 5625; x_wconf 57' lang='lat' dir='ltr'><strong>Ko&#39;thomalgum.</strong></span> <span class='ocrx_word' id='word_1_750' title='bbox 2854 5500 2858 5501; x_wconf 28' lang='grc' dir='ltr'>ί</span> <span class='ocrx_word' id='word_1_751' title='bbox 2887 5500 2903 5504; x_wconf 57' lang='grc'>⁷</span> <span class='ocrx_word' id='word_1_752' title='bbox 3179 5500 3206 5507; x_wconf 65' lang='grc'>⁷</span> <span class='ocrx_word' id='word_1_753' title='bbox 3487 5500 3496 5504; x_wconf 77' lang='grc'><em>’</em></span> <span class='ocrx_word' id='word_1_754' title='bbox 3544 5500 3562 5507; x_wconf 83' lang='grc'><em>’</em></span> <span class='ocrx_word' id='word_1_755' title='bbox 3646 5500 3662 5507; x_wconf 84' lang='grc'><em>’</em></span> 
     </span>
     <span class='ocr_line' id='line_1_94' title="bbox 2125 5572 3701 5644; baseline -0.001 -15"><span class='ocrx_word' id='word_1_756' title='bbox 2125 5573 2351 5644; x_wconf 77' lang='lat'><strong>___(582)</strong></span> <span class='ocrx_word' id='word_1_757' title='bbox 2400 5613 2430 5644; x_wconf 24' lang='grc' dir='ltr'><strong>Α.</strong></span> <span class='ocrx_word' id='word_1_758' title='bbox 2458 5588 2507 5644; x_wconf 67' lang='grc' dir='ltr'><strong>θ.</strong></span> <span class='ocrx_word' id='word_1_759' title='bbox 2535 5572 2777 5642; x_wconf 85' lang='lat' dir='ltr'><strong>Epistola</strong></span> <span class='ocrx_word' id='word_1_760' title='bbox 2805 5573 3235 5642; x_wconf 82' lang='lat' dir='ltr'><strong>Cruciferorum,</strong></span> <span class='ocrx_word' id='word_1_761' title='bbox 3266 5574 3412 5631; x_wconf 83' lang='lat' dir='ltr'><strong>edita</strong></span> <span class='ocrx_word' id='word_1_762' title='bbox 3437 5574 3581 5644; x_wconf 64' lang='lat' dir='ltr'><strong>Mon.</strong></span> <span class='ocrx_word' id='word_1_763' title='bbox 3606 5572 3701 5630; x_wconf 81' lang='lat' dir='ltr'><strong>SS.</strong></span> 
     </span>
    </p>
   </div>
   <div class='ocr_carea' id='block_1_93' title="bbox 2123 5640 3701 5711">
    <p class='ocr_par' dir='ltr' id='par_1_93' title="bbox 2123 5640 3701 5711">
     <span class='ocr_line' id='line_1_95' title="bbox 2123 5640 3701 5711; baseline 0.003 -16"><span class='ocrx_word' id='word_1_764' title='bbox 2123 5640 2213 5707; x_wconf 74' lang='lat' dir='ltr'><strong>Ill,</strong></span> <span class='ocrx_word' id='word_1_765' title='bbox 2256 5640 2346 5696; x_wconf 67' lang='grc'><strong>14.</strong></span> <span class='ocrx_word' id='word_1_766' title='bbox 2398 5640 2671 5698; x_wconf 74' lang='lat' dir='ltr'><strong>Roborius</strong></span> <span class='ocrx_word' id='word_1_767' title='bbox 2722 5644 2970 5699; x_wconf 87' lang='lat' dir='ltr'><strong>ordinem</strong></span> <span class='ocrx_word' id='word_1_768' title='bbox 3033 5640 3325 5703; x_wconf 85' lang='lat' dir='ltr'><strong>verborum</strong></span> <span class='ocrx_word' id='word_1_769' title='bbox 3380 5640 3701 5711; x_wconf 75' lang='lat' dir='ltr'><strong>inimutavit,</strong></span> 
     </span>
    </p>
   </div>
   <div class='ocr_carea' id='block_1_94' title="bbox 2123 5712 3047 5788">
    <p class='ocr_par' dir='ltr' id='par_1_94' title="bbox 2123 5712 3047 5788">
     <span class='ocr_line' id='line_1_96' title="bbox 2123 5712 3047 5788; baseline 0.002 -22"><span class='ocrx_word' id='word_1_770' title='bbox 2123 5712 2288 5768; x_wconf 82' lang='lat' dir='ltr'><strong>verba</strong></span> <span class='ocrx_word' id='word_1_771' title='bbox 2315 5712 2431 5788; x_wconf 85' lang='lat' dir='ltr'><strong>ipsa</strong></span> <span class='ocrx_word' id='word_1_772' title='bbox 2457 5712 2681 5780; x_wconf 69' lang='lat' dir='ltr'><strong>retinuit</strong></span> <span class='ocrx_word' id='word_1_773' title='bbox 2709 5713 2824 5770; x_wconf 82' lang='lat' dir='ltr'><strong>fere</strong></span> <span class='ocrx_word' id='word_1_774' title='bbox 2845 5715 3047 5770; x_wconf 84' lang='lat' dir='ltr'><strong>omnia.</strong></span> 
     </span>
    </p>
   </div>
   <div class='ocr_carea' id='block_1_95' title="bbox 2200 5291 3607 5503">
    <p class='ocr_par' dir='ltr' id='par_1_95' title="bbox 2200 5291 3607 5503">
     <span class='ocr_line' id='line_1_97' title="bbox 2200 5291 3607 5377; baseline 0.006 -32"><span class='ocrx_word' id='word_1_775' title='bbox 2200 5292 2327 5377; x_wconf 56' lang='lat'><strong>(579</strong></span> <span class='ocrx_word' id='word_1_776' title='bbox 2385 5292 2718 5360; x_wconf 86' lang='lat' dir='ltr'><strong>Ambrieres,</strong></span> <span class='ocrx_word' id='word_1_777' title='bbox 2749 5292 2891 5363; x_wconf 79' lang='lat' dir='ltr'><strong>inter</strong></span> <span class='ocrx_word' id='word_1_778' title='bbox 2909 5291 3199 5349; x_wconf 80' lang='lat' dir='ltr'><strong>Domtront</strong></span> <span class='ocrx_word' id='word_1_779' title='bbox 3228 5302 3283 5351; x_wconf 89' lang='lat' dir='ltr'><strong>et</strong></span> <span class='ocrx_word' id='word_1_780' title='bbox 3319 5293 3607 5367; x_wconf 71' lang='lat' dir='ltr'><strong>Mayenne.</strong></span> 
     </span>
     <span class='ocr_line' id='line_1_98' title="bbox 2200 5292 3607 5503; baseline 0.003 -16"><span class='ocrx_word' id='word_1_781' title='bbox 2379 5362 2866 5503; x_wconf 46' lang='grc' dir='ltr'><strong>ἔιῗὲιξέᾞιιδοιάἰ,</strong></span> <span class='ocrx_word' id='word_1_782' title='bbox 2886 5434 3000 5503; x_wconf 88' lang='lat' dir='ltr'><strong>jam</strong></span> <span class='ocrx_word' id='word_1_783' title='bbox 3028 5434 3502 5503; x_wconf 90' lang='lat' dir='ltr'><strong>Bourgtheroudc,</strong></span> <span class='ocrx_word' id='word_1_784' title='bbox 3544 5453 3607 5503; x_wconf 87' lang='lat' dir='ltr'><strong>pr</strong></span> 
     </span>
    </p>
   </div>
  </div>
