3934 6316
103 310 186 368 ill

224 439 577 496 nonnenon.
719 437 1054 495 rusnconuu.
1200 436 1502 487 morosum.

100 528 264 574 turres
289 525 418 571 sunt
455 514 858 586 quinquaginta
886 513 1262 586 quadrigente,
1293 512 1551 569 formosis
1574 529 1666 568 ve-

99 618 295 665 nustate
326 607 554 672 meniis,
598 612 653 662 et
719 604 941 661 defense
988 605 1433 677 propugnaculis.
1478 603 1668 660 Murus

96 698 317 756 exterior
338 713 447 751 non
477 704 629 753 tante
650 696 1008 763 celsitudinis,
1033 695 1126 752 sed
1150 706 1329 752 tamen
1351 696 1669 751 admirando

96 790 397 863 venustatis.
422 789 683 846 Continct
712 790 767 844 in
812 805 870 846 se
898 797 1170 845 trecentas
1215 797 1270 844 et
1309 788 1666 860 quadraginta

95 884 354 943 emicsias.
403 882 518 939 Pro
540 899 639 939 suo
660 897 858 955 magno
896 882 1129 953 primatu
1181 881 1547 953 patriarcham
1573 882 1670 937 ha-

96 982 191 1045 bet,
221 977 377 1049 cujus
400 976 800 1050 patriarcltatui
846 975 1213 1047 subjiciuntur
1256 976 1360 1030 155
1400 974 1664 1045 episcopi.

96 1072 167 1127 Ab
195 1070 402 1125 oriente
448 1077 690 1139 quatuor
716 1067 990 1123 clauditur
1042 1067 1372 1122 montaneis.
1404 1065 1486 1121 Ab
1522 1067 1669 1120 occi-

95 1165 237 1218 dente
280 1177 414 1217 vero
448 1161 692 1217 civitatis
722 1176 911 1217 muros
959 1159 1263 1231 preterﬂuit
1300 1159 1519 1228 fluvius,
1577 1158 1666 1215 cui

96 1270 273 1321 nomen
311 1253 570 1310 Pharfar.
618 1252 906 1326 Octoginta
942 1253 1089 1309 enim
1145 1262 1197 1309 et
1236 1253 1479 1324 quinque
1513 1269 1667 1324 reges

95 1364 201 1411 eam
236 1347 627 1407 constituendo
673 1346 1107 1403 sublimaverunt
1145 1354 1199 1401 et
1226 1346 1665 1412 nobilitaverunt,

96 1454 308 1510 quorum
332 1440 614 1495 maximus
640 1446 693 1494 et
730 1439 941 1510 primus
985 1438 1206 1495 emersit
1235 1437 1555 1505 Antiochus,
1601 1438 1668 1493 dc

99 1533 239 1601 cujus
266 1532 491 1588 nomine
515 1530 808 1588 Antiochia
851 1540 1161 1602 nuncupata
1201 1539 1303 1587 est.
1338 1529 1432 1603 (V.
1472 1528 1666 1600 With.)

100 1624 226 1679 Obiit
250 1624 470 1680 domtus
502 1623 823 1681 Willermus
847 1623 935 1693 pie
963 1624 1246 1689 memorie,
1270 1624 1474 1679 tercius
1500 1622 1668 1679 abbas

103 1715 364 1771 Beceeusis
416 1715 670 1781 ecclesie,
713 1715 798 1770 vir
848 1715 1122 1786 gloriosus
1155 1722 1210 1769 et
1261 1714 1487 1771 honeste
1536 1714 1665 1781 vite,

103 1810 181 1879 qui
208 1809 297 1871 25,
323 1808 488 1864 etatis
513 1824 613 1864 sue
639 1823 784 1863 anno
803 1796 1028 1879 prcdicti
1067 1806 1170 1863 loci
1209 1808 1513 1863 monachus
1544 1807 1673 1862 eﬂe—

106 1910 207 1956 ctus
228 1907 326 1966 est,
369 1899 799 1970 quindecimque
819 1898 980 1953 annis
1023 1898 1076 1952 in
1107 1899 1433 1954 monachatu
1465 1898 1674 1968 private

106 1990 336 2067 peractis,
397 1990 455 2044 in
517 1989 762 2060 regimen
819 1987 1064 2059 ejusdem
1116 1988 1334 2043 abbatie
1377 1988 1669 2043 venerabili

110 2084 338 2139 Anselmo
364 2083 658 2139 successit.
689 2080 864 2149 Quam
894 2096 1018 2137 cum
1050 2080 1120 2135 '50
1149 2080 1309 2136 annis
1341 2088 1394 2135 et
1422 2080 1670 2147 dimidio,

109 2176 137 2231 ϐ
157 2177 332 2233 diebus
357 2176 567 2244 minus,
591 2183 813 2230 strenue
842 2174 1223 2247 gubernassct,
1250 2171 1337 2227 70.
1386 2171 1547 2228 etatis
1574 2187 1675 2227 sue

112 2272 298 2328 circiter
320 2287 486 2338 anno,
523 2268 883 2324 monachatus
920 2281 1051 2322 vero
1084 2265 1201 2321 fere
1232 2265 1322 2332 46,
1356 2265 1611 2338 migravit
1641 2281 1672 2321 a

113 2366 288 2431 seculo,
319 2363 405 2418 16.
434 2361 561 2418 Kal.
587 2359 733 2415 Maii.
767 2357 941 2429 Cujus
964 2355 1299 2429 epitaphium
1331 2354 1673 2411 decrevimus

114 2475 204 2515 non
231 2458 493 2515 silendum
518 2475 532 2512 :

175 2550 277 2605 Hac
314 2552 511 2621 tegimr
552 2547 734 2602 tumba
777 2545 1089 2602 Willermus
1130 2544 1323 2598 tercius
1371 2542 1527 2610 abba,

175 2642 266 2709 Qui
294 2645 390 2714 fuit
420 2644 679 2708 eximius,
710 2640 920 2710 sapiens
946 2648 996 2693 et
1027 2637 1324 2708 religiosus,

176 2734 332 2791 Celica
360 2737 664 2806 suspirans,
708 2718 1081 2801 mundanaque
1119 2737 1308 2782 cuncta
1351 2725 1671 2796 relinquens,

178 2825 259 2881 Est
283 2827 553 2882 Christum
580 2826 751 2880 nudus
801 2825 987 2878 devota
1024 2829 1195 2876 mente
1231 2828 1460 2873 secutus.

177 2918 451 2991 Ingenium,
481 2935 693 2974 morum
715 2917 973 2989 probitas,
999 2914 1345 2985 splendorque
1363 2919 1639 2982 parentant

182 3010 418 3067 Omnibus
441 3013 584 3066 hunc
607 3026 790 3065 carum
828 3009 1062 3079 fecerunt
1094 3024 1157 3061 ac
1181 3005 1558 3061 venerandum.

180 3101 388 3177 imperio
416 3105 637 3176 dignam
675 3102 897 3173 speciem
928 3101 1192 3171 vitamque
1225 3098 1466 3170 gerebat;

183 3194 347 3251 Cordis
387 3196 718 3251 mundiciam
750 3210 951 3265 semper
976 3192 1255 3262 carnisque
1280 3189 1505 3244 tenebat.

182 3288 378 3343 Beccnm
402 3289 643 3344 terdenos
686 3289 837 3342 auxit
863 3287 1101 3358 rexitque
1123 3301 1213 3355 per
1250 3299 1439 3349 annos,

183 3381 313 3437 Mitis
338 3384 588 3455 subjectis
614 3382 881 3447 dominus,
906 3379 1173 3451 durusque
1209 3375 1466 3448 superbis.

180 3471 299 3527 Dum
330 3491 647 3547 sexagenum
668 3474 858 3527 denum
883 3472 1100 3526 venisset
1131 3470 1200 3525 ad
1224 3485 1443 3535 annum,

186 3561 348 3620 Finem
371 3567 577 3622 vivendi
606 3565 829 3637 faciens,
870 3564 925 3619 in
955 3580 1082 3635 pace
1115 3563 1330 3637 quievit.

186 3655 311 3726 huc
342 3662 474 3716 aries
515 3659 691 3732 perdit
717 3659 984 3714 consortia
1004 3656 1183 3712 lurida
1210 3655 1399 3727 Pliebi,

188 3748 425 3824 Sextoque
458 3754 599 3809 dena
619 3752 730 3809 dies
756 3741 1093 3807 illuces'cebat
1131 3750 1353 3822 Aprilis.

188 3842 309 3900 Huic
342 3839 473 3903 Deus
506 3856 745 3902 eternum
786 3847 987 3901 tribuat
1010 3845 1354 3901 conscendere
1385 3860 1623 3916 regnum,

189 3935 425 4020 Quatinus
447 3940 707 4011 angelicis
731 3940 921 3994 turmis
944 3947 1221 4018 conreqnet
1244 3939 1297 3991 in
1320 3954 1492 3992 erum.

189 4026 307 4088 Huic
337 4034 604 4091 successit
640 4034 762 4105 pius
798 4034 961 4101 Boso,
1010 4032 1066 4087 in
1102 4047 1245 4088 novo
1281 4040 1336 4087 et
1380 4032 1549 4087 veteri
1607 4039 1687 4087 tc-

136 4130 365 4183 stamento
394 4127 643 4207 apprime
678 4126 945 4193 eruditus,
983 4124 1069 4180 vir
1101 4124 1326 4180 scientie
1348 4122 1688 4179 admirabilis

136 4223 179 4268 et
217 4214 443 4276 doctrine
487 4207 938 4290 incomparabilis
967 4214 1062 4287 (cf.
1112 4213 1184 4269 II.
1220 4212 1412 4284 Ilenr.)
1454 4212 1686 4268 Tantam

139 4303 327 4378 insuper
343 4313 575 4383 gratiam
605 4311 655 4367 ei
671 4311 848 4366 virtus
864 4309 1048 4364 divina
1074 4307 1400 4374 contulerat,
1420 4314 1481 4361 ut
1504 4305 1689 4364 nullus

141 4406 229 4454 tam
264 4403 422 4461 tristis
464 4415 526 4462 et
552 4420 717 4476 egens
759 4403 989 4460 consilio
1037 4402 1104 4458 ad
1161 4401 1342 4472 ipsum
1386 4400 1687 4466 accederet,

865 302 1233 362 CHRONICA.
1271 336 1342 346 ——
1382 303 1794 360 AUCTARIUM
1836 305 2138 362 ROBERTI
2179 307 2267 363 DE
2305 308 2561 366 MONTE.

3244 316 3351 377 113

1695 421 1742 482 Λ
1771 431 1826 477 et
1863 423 1937 478 ibi
1958 424 2103 478 dedit
2145 424 2519 496 episcopatum
2560 425 2840 497 Wigornie
2883 426 3104 500 Syntoni
3152 430 3353 497 clerico

1768 515 1972 586 regine.
2019 514 2223 571 Sifrido
2266 518 2485 588 quoque
2539 518 2720 572 abbati
2769 519 3152 593 Glastingebiri
3205 523 3355 582 dedit

1768 608 2139 678 episcopatum
2186 608 2467 664 Cicestrie.
2511 608 2685 664 Porro
2716 609 3031 669 Willcrmus
3080 615 3361 686 arcbiepi-A

1769 716 1969 771 scopus
2028 700 2324 757 Cantuaric
2380 701 2528 757 dedit
2570 703 2944 774 episcopatum
3004 705 3353 763 Rovecestrie

1767 789 2004 846 Johanni
2038 792 2425 850 archidiacono
2452 810 2572 849 suo.
2615 794 2694 849 Ad
2724 796 2928 865 pascha
2952 797 3115 852 etiam
3144 796 3352 853 Johan-

1768 897 1868 937 nes
1912 881 2244 951 Cremensis,
2292 884 2589 941 cardinalis
2640 885 2941 954 Romanus,
2981 888 3263 944 descendit
3298 890 3353 944 in

1767 974 2038 1047 Angliam,
2077 977 2550 1050 perendinansque
2584 994 2683 1050 per
2714 980 3062 1053 episcopatus
3097 991 3151 1036 et
3188 981 3356 1036 abha-

1769 1065 1873 1123 tias
1919 1082 2031 1122 non
2078 1069 2199 1124 sine
2247 1071 2461 1143 magnis
2510 1071 2853 1141 muneribus,
2905 1073 2972 1128 ad
3015 1074 3352 1129 nativitatem

1768 1168 1956 1215 sancte
2008 1159 2176 1217 Marie
2232 1163 2524 1220 celebravit
2575 1164 2868 1220 concilium
2920 1166 3165 1221 sollennc
3213 1163 3357 1236 apud

1768 1250 2130 1308 Loudoniam.
2182 1252 2328 1309 Obiit
2357 1253 2624 1311 Henricus
2648 1255 2964 1327 imperator,
3002 1257 3095 1328 qui
3128 1256 3361 1312 duxerat

1768 1346 2040 1403 Matildem
2092 1346 2258 1402 ﬁliam
2321 1349 2465 1420 regis
2519 1349 2819 1423 Anglorum
2883 1347 3123 1404 Henrici.
3185 1348 3362 1419 Opere

1767 1439 2001 1512 pretium
2043 1448 2127 1495 est
2172 1439 2362 1496 audire
2410 1457 2574 1512 quam
2634 1457 2859 1497 severus
2924 1458 3018 1495 rex
3059 1439 3358 1511 Anglorum

1768 1530 2038 1588 Henricus
2091 1530 2255 1587 fuerit
2303 1533 2358 1587 in
2408 1550 2630 1604 pravos.
2682 1532 3014 1588 Monetarios
3052 1531 3197 1587 enim
3248 1530 3363 1585 fere

1768 1638 1961 1681 omnes
2014 1626 2185 1687 totius
2233 1625 2425 1698 Anglic
2478 1624 2607 1681 fecit
2651 1624 3006 1691 ementulari,
3061 1633 3115 1679 ct
3164 1635 3365 1679 manus

1772 1717 2025 1775 dexteras
2048 1718 2379 1775 fabricantes
2407 1720 2707 1790 nequitiam
2741 1719 2973 1785 abscidi,
3009 1717 3137 1788 quia
3165 1731 3361 1770 mone...

1775 1821 1885 1866 tam
1941 1810 2140 1867 furtive
2181 1819 2561 1881 corruperant.
2600 1811 2706 1866 Iste
2750 1820 2833 1865 est
2869 1811 2921 1863 in
2951 1809 3141 1880 Anglia
3184 1822 3362 1862 annus

1772 1904 2099 1960 karissimus
2128 1904 2405 1970 omnium;
2459 1903 2512 1956 in
2542 1918 2653 1973 quo
2679 1902 3016 1956 vendebatur
3051 1914 3191 1954 onus
3235 1897 3360 1967 equi

1773 1993 2199 2050 frumcntorium
2236 2010 2331 2050 sex
2379 1994 2590 2049 solidis.
2620 1993 2855 2049 Henrico
2893 1991 3203 2063 imperatori
3234 2006 3363 2046 suc-

1773 2088 1937 2143 cessit
1956 2086 2270 2142 Lotbarius.
2297 2084 2512 2141 Mortuo
2548 2084 2859 2140 Alexandro
2899 2100 3023 2155 rege
3048 2081 3363 2151 Scotorum,

1774 2179 2039 2236 successit
2063 2180 2112 2235 ei
2146 2178 2312 2234 David
2336 2177 2504 2234 frater
2531 2178 2672 2249 ejus,
2716 2177 2799 2232 vir
2832 2191 3027 2247 magne
3059 2173 3366 2233 sanctitatis

1773 2283 1827 2329 et
1870 2273 2192 2346 religiosus;
2244 2272 2337 2343 qui
2373 2271 2539 2327 filiam
2582 2270 2785 2331 Gallevi
2818 2269 3035 2325 comitis
3075 2278 3129 2324 et
3178 2266 3366 2322 Judith

1773 2366 2102 2421 consobrine
2127 2363 2270 2437 regis
2297 2378 2524 2418 uxorem
2560 2362 2746 2429 duxit;
2775 2361 3044 2431 binosque
3074 2360 3367 2414 comitatus

1772 2454 2162 2513 Nordhantonc
2186 2465 2241 2511 et
2269 2454 2656 2525 Huntendone,
2680 2470 2820 2527 quos
2852 2451 3057 2526 Symon
3086 2450 3367 2505 Silvanec-

1774 2552 1947 2608 tensis
1968 2568 2155 2607 comes
2171 2568 2295 2606 cum
2318 2548 2527 2624 prefata
2556 2549 2785 2605 muliere
2800 2547 3135 2620 possederat,
3155 2543 3364 2599 habuit.

1774 2644 1867 2700 Illa
1887 2660 2017 2700 vero
2040 2643 2309 2716 peperitci
2338 2642 2510 2699 lilium
2538 2641 2761 2696 nomine
2780 2638 3099 2706 Henricum,
3123 2638 3370 2716 duasque

1774 2737 1935 2805 filias,
1962 2736 2257 2793 Clariciam
2294 2744 2348 2791 et
2369 2732 2724 2791 Hodiernam.

1847 2830 2006 2885 “‘26.
2116 2828 2407 2884 Lotlrarius
2436 2828 2489 2882 1.
2721 2823 2808 2880 17.
3025 2820 3117 2877 26.

1846 2923 1981 2999 (1b.)
2013 2922 2129 2978 Rex
2160 2922 2460 2995 Anglorum
2482 2918 2753 2976 Henricus
2784 2916 2851 2972 ad
2881 2915 3062 2971 natale
3092 2921 3145 2968 et
3166 2908 3369 2983 pascha

1774 3025 1829 3073 et
1851 3024 2201 3088 pentecosten
2224 3024 2473 3070 moratus
2516 3021 2598 3068 est
2629 3013 2682 3066 in
2707 3008 3069 3073 Normannia,
3096 3012 3149 3060 et
3173 3003 3373 3060 conﬁr—

1702 3116 1748 3178 C
1779 3109 1941 3166 matis
1966 3108 2139 3181 pactis
2175 3125 2300 3165 cum
2324 3106 2555 3162 Francic
2586 3103 2947 3176 principibus,
2975 3098 3159 3172 qualia
3190 3111 3371 3168 regem

1779 3201 2233 3275 gloriosissimum
2280 3200 2527 3264 decebat,
2583 3197 2729 3251 circa
2789 3192 2990 3249 festum
3041 3191 3213 3247 sancti
3267 3187 3372 3241 Mi-

1778 3294 1985 3351 chaelis
2014 3292 2246 3348 rediitin
2273 3290 2545 3362 Angliam.
2580 3287 2677 3361 (11.
2712 3285 2903 3360 Henr.)
2931 3284 3170 3341 Adduxit
3200 3280 3374 3352 siqui—
3454 3328 3459 3333 .

1779 3386 1902 3443 dem
1946 3401 2132 3442 secum
2183 3382 2348 3438 filiam
2396 3396 2553 3437 suam
2602 3379 2896 3434 Maltildem
2941 3372 3373 3447 imperatriccm,

1783 3486 1933 3533 tanto
1959 3477 2102 3543 viro,
2139 3483 2198 3529 ut
2227 3472 2530 3544 prcdictum
2563 3480 2666 3536 est,
2697 3470 3001 3523 viduatam.
3037 3465 3212 3532 Quam
3245 3477 3372 3518 cum

1781 3570 1982 3626 vellent
2007 3569 2061 3622 in
2086 3566 2261 3638 patria
2284 3565 2372 3619 illa
2396 3562 2581 3619 animo
2603 3562 2796 3616 libenti
2819 3558 3056 3614 retinere
3072 3555 3375 3619 dorninam,

1784 3662 1981 3719 noluit.
2041 3658 2239 3733 (Hum.
2293 3654 2417 3725 vn.)
2468 3652 2707 3709 Decessit
2755 3650 3030 3705 Robertus
3088 3644 3378 3716 episcopus

1783 3754 2114 3812 Cestrcnsis.
2148 3750 2296 3807 Obiit
2323 3747 2572 3804 Calixtus
2603 3762 2741 3819 papa
2774 3740 2953 3818 (583);
2983 3740 3071 3797 cui
3110 3737 3379 3795 successit

1784 3847 1902 3905 Odo
1932 3844 2240 3903 Hostiensis
2269 3843 2582 3915 cpiscopus,
2635 3848 2689 3895 et
2715 3846 2941 3895 vocatus
2974 3842 3059 3889 est
3099 3830 3376 3887 Honorius

1780 3959 1924 4015 papa
1952 3940 2137 3996 167‘".

1860 4033 2019 4089 “27.
2308 4031 2363 4085 2.
2656 4027 2745 4083 18.
3033 4021 3125 4077 27.

1861 4125 2059 4200 (Huxr.
2113 4125 2238 4198 vn.)
2299 4125 2413 4180 Rex
2474 4123 2775 4195 Anglorum
2836 4117 3109 4173 Henricus
3169 4128 3376 4170 curiam

1789 4237 1945 4278 suam
1974 4219 2150 4276 tenuit
2172 4219 2239 4274 ad
2266 4217 2445 4274 natale
2489 4215 2634 4287 apud
2663 4211 3101 4274 Windleshores,
3150 4221 3386 4278 pergens

1791 4313 1917 4370 inde
1944 4313 2307 4368 Londoniam.
2354 4310 2412 4365 In
2460 4306 2880 4381 quadragesima
2933 4313 2987 4358 et
3029 4300 3232 4373 pascha
3279 4296 3384 4351 fuit

1792 4407 1935 4479 apud
1958 4405 2250 4471 Vudestoc,
2298 4404 2391 4459 ubi
2416 4402 2643 4459 nuntius
2668 4400 2807 4456 dixit
2834 4397 2883 4454 ei
2909 4417 2921 4452 :
2950 4394 3173 4452 Carolus
3212 4406 3381 4445 comes

141 4490 246 4556 (Ιιιίιι
264 4497 525 4568 extcmplo
558 4497 699 4552 letus
721 4503 776 4551 et
803 4493 1127 4551 consiliatus
1151 4492 1220 4547 ab
1242 4492 1361 4562 ipso
1387 4489 1683 4546 recederet.
1721 4480 1768 4540 D
1792 4493 2143 4550 Flandrensis
2204 4494 2299 4548 tibi
2352 4492 2732 4546 dilectissimus
2797 4486 3029 4558 nefanda
3085 4481 3385 4556 proditione

145 4575 223 4637 Hic
250 4584 468 4661 dilectus.
514 4604 547 4651 a
598 4587 733 4656 Deo,
780 4596 835 4643 et
881 4585 1199 4642 hominibus
1245 4582 1521 4650 amabilis,
1572 4581 1683 4653 regi

144 4668 400 4746 Anglorum
446 4679 683 4736 Henrico
744 4678 977 4735 multum
1026 4684 1145 4734 erat
1187 4673 1507 4741 familiaris;
1558 4674 1688 4744 quia

147 4776 297 4822 veram
341 4772 658 4846 religionem
712 4780 767 4827 ct
816 4768 1193 4825 admirandam
1242 4767 1585 4824 sanctitatem
1635 4774 1690 4822 et

146 4859 392 4919 consilium
415 4864 843 4936 incomparabile
864 4862 920 4917 in
943 4862 1063 4933 ipso
1082 4868 1412 4932 reppererat.
1439 4857 1542 4928 Qui
1564 4858 1689 4914 licet

148 4960 256 5015 νειιο
295 4942 545 5014 continua
600 4964 941 5028 premeretur
984 4954 1307 5026 egritudine,
1352 4962 1535 5009 tamen
1575 4952 1691 5023 ipse

149 5050 224 5105 Der
256 5040 554 5117 Dominum,
604 5049 773 5103 immo
801 5058 863 5111 ut
907 5046 1182 5103 credimus
1226 5045 1370 5102 Deus
1409 5062 1509 5116 pro
1549 5044 1688 5115 ipso,

150 5133 301 5190 omnia
319 5140 621 5198 necessaria
646 5140 936 5196 conventui
957 5154 1061 5195 suo
1083 5147 1137 5195 et
1159 5136 1688 5208 supervenientibus,

155 5228 201 5277 ut
217 5239 337 5299 opus
348 5242 480 5303 erat,
499 5234 782 5293 aﬂluentcr
803 5233 1093 5289 tribuebat.
1120 5231 1317 5303 (Hum.
1343 5231 1466 5302 vn.)
1486 5230 1687 5286 Eodem

155 5328 273 5374 anno
294 5324 418 5383 obiit
442 5327 670 5385 Teult'us
708 5327 1101 5400 Wigorniensis
1128 5327 1439 5399 cpiscopus,
1487 5330 1542 5379 et
1585 5321 1690 5377 Er-

161 5410 310 5470 nulfus
342 5417 610 5478 Bovestrie
646 5422 957 5495 cpiscopus.

214 5498 349 5561 “35.
381 5509 634 5567 Henricus
668 5498 755 5567 19.
789 5511 1086 5566 Ludovicus
1111 5509 1198 5567 16.
1227 5508 1488 5565 Henricus
1517 5506 1565 5563 1.
1597 5508 1690 5565 ‘25.

218 5590 332 5668 (η.)
355 5599 456 5659 Rex
494 5604 792 5677 Anglorum
828 5602 1095 5661 Henricus
1123 5602 1227 5660 fuit
1255 5603 1311 5658 in
1338 5600 1694 5667 Normannia,

1794 4571 1999 4643 occisus
2049 4595 2127 4642 est
2171 4604 2204 4640 a
2243 4582 2545 4656 proceribus
2582 4583 2693 4635 suis
2722 4582 2775 4635 in
2800 4577 2992 4648 templo
3022 4575 3164 4647 apud
3186 4573 3389 4645 Brugr.

1797 4683 1904 4738 Rex
1953 4692 2131 4736 autem
2185 4678 2520 4733 Francorum
2553 4674 2697 4730 dedit
2740 4672 3061 4728 Flandriam
3105 4668 3384 4724 Willermo

1794 4777 1968 4848 nepoti
2003 4784 2052 4830 et
2075 4773 2213 4828 hosti
2238 4781 2348 4826 tuo.
2379 4768 2484 4836 Qui
2502 4768 2619 4839 jam
2649 4766 2801 4822 ralde
2826 4764 3123 4829 roboratus,
3162 4761 3385 4817 diversis

1792 4862 2118 4921 cruciatibus
2140 4879 2317 4917 omnes
2347 4859 2644 4933 proditores
2686 4855 2879 4911 Karoli
2911 4854 3176 4908 multavit.
3208 4850 3385 4923 Super

1793 4958 1879 5013 bis
1918 4958 2084 5030 igitur
2112 4971 2209 5011 rex
2238 4953 2575 5027 angariatus,
2600 4950 2890 5007 consilium
2923 4946 3097 5003 tenuit
3118 4945 3185 5000 ad
3221 4960 3381 5016 roga-

1793 5051 1974 5106 tiones
2019 5048 2163 5119 apud
2215 5046 2598 5112 Lundoniam;
2653 5052 2706 5100 et
2748 5042 3068 5097 Willermus
3111 5035 3381 5120 archiepi-

1792 5158 1994 5213 scopus
2042 5139 2339 5197 Cantuarie
2393 5138 2645 5199 similiter
2696 5135 2750 5190 in
2809 5135 2998 5190 eadem
3059 5132 3183 5186 villa
3239 5127 3385 5199 apud

1793 5235 2177 5291 Westmoster.
2207 5232 2304 5305 (II.
2353 5231 2519 5286 llenr.
2546 5229 2665 5298 '23.)
2698 5227 2837 5284 Cum
2862 5235 3044 5281 autem
3078 5222 3148 5278 ad
3195 5228 3383 5292 pente—

1793 5336 1981 5384 costen
2026 5326 2221 5383 fuisset
2248 5325 2390 5397 apud
2436 5324 2765 5388 Wincestrc,
2810 5320 2962 5375 misit
3005 5317 3171 5371 filiam
3224 5327 3384 5374 suam

1802 5420 2203 5491 irnperatrieem
2246 5420 2301 5474 in
2348 5416 2739 5472 Normanniam
2792 5412 3179 5482 desponsatam
3233 5404 3383 5462 Gauq

1803 5512 1965 5581 frido,
1997 5514 2109 5569 (ilio
2135 5511 2396 5569 Fulconis
2444 5509 2688 5567 consulis
2710 5500 3135 5575 Andegavcnsis,
3181 5507 3236 5556 et
3260 5504 3387 5569 post

1804 5607 1951 5679 regis
1971 5606 2275 5663 Jerusalem
2302 5623 2318 5674 ;
2347 5604 2633 5669 mulierem
2658 5598 2906 5660 videlicet
2936 5594 3227 5667 pollentem
3265 5603 3387 5666 mo,

1641 5691 1867 5757 ΝΟΤΔΕ.

175 5763 289 5847 (583)
316 5775 367 5834 D.
393 5781 474 5841 et.
520 5781 645 5839 Dec.
682 5780 833 5839 ttat.
