3934 6316
131 336 226 395 μδ

264 461 633 503 nonssonuu.
756 458 1117 499 'rnanconuu.
1264 428 1578 496 Ακςιοιιυι.

132 558 273 599 soror
296 540 419 610 ejus
446 539 651 609 nupsit
698 535 923 593 Jordani
967 535 1199 607 principi
1241 534 1447 605 Capue.
1498 533 1738 587 Robcrto

133 628 378 687 morienti
417 629 703 684 successit
725 628 778 682 iu
802 627 1061 683 ducatum
1086 625 1279 697 Apulie
1303 624 1569 698 Rogerius
1593 623 1738 678 ﬁlius

131 722 259 791 ejus,
298 728 468 785 natus
493 734 570 775 ex
604 719 841 789 secunda
860 734 1028 774 uxore
1047 760 1062 785 ,
1087 735 1154 773 ex
1177 733 1285 788 qua
1341 725 1603 788 genuerat
1628 723 1738 770 tres

132 813 262 877 ﬁlios
283 820 341 867 et
369 812 636 883 quinque
659 810 821 868 tilias.
854 810 969 867 Hoc
1007 811 1171 866 etiam
1201 808 1436 881 Rogerio
1477 808 1736 863 deﬁcien-
1762 878 1767 883 ι

133 916 196 972 te,
218 914 272 960 et
292 904 423 967 ﬁliis
445 904 577 961 suis
638 913 763 976 post
815 905 1018 975 ipsum,
1064 903 1344 978 Rogerius
1360 901 1623 973 patruelis
1655 901 1765 971 ip-’

131 998 259 1064 slus,
284 996 433 1051 ﬁlius
490 996 725 1070 Rogerii
768 997 987 1053 comitis
1018 992 1222 1067 Si‘cilie‘,
1278 994 1466 1050 fratris
1508 993 1735 1049 Roberti

130 1088 417 1154 Wiscardi,
461 1090 629 1145 solus
653 1098 764 1145 tam
801 1080 1054 1160 Apuliam
1105 1105 1271 1160 quam
1321 1088 1563 1142 Siciliam
1589 1087 1734 1142 obti-

130 1179 405 1236 nuit..llic
442 1180 638 1238 factus
682 1191 768 1238 est
818 1186 911 1237 rex
936 1198 1084 1251 anno
1132 1170 1202 1235 ab
1231 1180 1607 1235 incarnatione
1635 1178 1738 1234 Do-

133 1274 259 1327 mini
289 1272 456 1328 ll'50.
488 1262 1072 1345 causa'altercationis
1121 1273 1359 1329 duorum
1407 1272 1737 1344 apostolico—

131 1382 263 1425 rum.
285 1366 383 1436 qui
439 1357 599 1421 tunc}
628 1365 803 1422 Rome
831 1366 989 1422 electi
1019 1372 1196 1421 erant.
1228 1363 1476 1432 Quorum
1507 1364 1736 1419 Anacle—

132 1469 233 1524 tus,
258 1459 352 1530 qui
384 1457 574 1515 Rome
607 1467 748 1527 erat,
775 1459 1050 1517 concessit
1076 1458 1125 1513 ei
1155 1467 1214 1514 ut
1236 1458 1387 1529 regio
1430 1457 1737 1513 diademate

132 1551 500 1606 decoraretur.
537 1551 747 1607 Audiat
776 1553 869 1622 qui
896 1551 1036 1610 mira
1057 1550 1272 1606 audiret
1304 1548 1579 1606 desiderat
1610 1567 1623 1604 :
1650 1564 1738 1604 ve-

137 1642 208 1697 nit
229 1643 283 1697 in
311 1640 726 1698 Normanniam
756 1626 823 1699 de
844 1644 1161 1716 longinquis
1214 1642 1421 1699 ﬁnibus
1440 1643 1624 1698 avium
1650 1642 1736 1697 in-

136 1735 487 1801 numerabilis
543 1737 874 1803 multitudo;
901 1751 1010 1808 que
1062 1736 1324 1809 gregatim
1366 1736 1638 1803 volantes,
1679 1743 1737 1791 et

139 1829 344 1899 insuper
367 1828 713 1900 longissima
735 1833 879 1886 aeris
908 1830 1082 1901 spatia
1105 1839 1371 1897 tenentes,
1397 1830 1467 1886 ad
1502 1829 1733 1885 invicem

138 1920 262 1974 inter
289 1935 350 1975 se
372 1919 709 1990 pugnabant
748 1920 1111 1988 borribiliter,
1155 1920 1544 1991 portendentes
1573 1918 1755 1975 forsi-‘

139 2010 219 2067 tan
260 2028 560 2068 innumera
620 2013 767 2069 mala
819 2021 946 2087 post
991 2021 1222 2069 mortem
1286 2012 1433 2083 regis
1511 2010 1755 2068 Henrici'

1752 2110 1755 2113 “
1834 2108 1981 2180 quod
2010 2107 2121 2163 ﬁlia
2148 2123 2247 2164 sua
2270 2108 2591 2163 redderetur
2636 2107 2756 2162 viro
2784 2122 2887 2163 suo
2925 2107 3139 2163 consuli
3170 2105 3443 2177 Andega-‘

204 2193 348 2251 ηδε).
378 2193 684 2262 Lotharius
722 2196 776 2253 5.
828 2195 1128 2252 Ludovicus
1161 2196 1253 2252 20.
1287 2197 1550 2252 Henricus
1586 2196 1618 2252 1
1639 2197 1755 2254 50.’

197 2285 468 2359 Honorius
496 2304 647 2359 papa
685 2288 953 2360 (decessit.
979 2287 1082 2345 Cui
1129 2288 1398 2345 successit
1435 2287 1751 2360 Gregorius

136 2112 371 2160 ventura.

143 2380 421 2447 cardinaiis
480 2382 777 2454 presbyter
814 2382 886 2415 ⁸⁸⁸
918 2380 1166 2453 Romane
1202 2382 1453 2451 ecclesie,
1502 2392 1731 2440 vocatus

143 2469 476 2528 innocentius
496 2487 645 2543 papa
674 2472 859 2528 168M.
888 2472 1111 2530 Electus
1153 2484 1238 2530 est
1286 2475 1452 2530 etiam
1491 2490 1616 2531 cum
1639 2488 1747 2544 eo,‘

144 2564 241 2619 imo
270 2564 525 2621 intrusus
542 2581 649 2636 per
680 2565 1005 2622 seditionem
1029 2565 1218 2637 populi
1254 2564 1495 2624 furentis
1525 2577 1580 2624 et
1632 2584 1730 2638 per

145 2659 435 2735 vioientiam
460 2661 751 2731 parentele
775 2678 904 2731 sue,
941 2661 1082 2729 alius
1130 2662 1450 2730 cardinalis,
1478 2661 1730 2718 videlicet

148 2742 327 2809 Petrus
340 2742 578 2821 Leonis,
598 2762 833 2832 vocatus
858 2770 889 2809 a
912 2754 1117 2825 populo
1143 2754 1475 2823 Anacletus;
1502 2763 1558 2811 et
1579 2755 1750 2812 vixe-'

147 2854 260 2899 runt
295 2846 456 2901 ambo
504 2845 627 2903 fere
656 2854 780 2903 octo
820 2847 1001 2902 annis.
1053 2845 1337 2903 Rcmansit
1377 2856 1558 2905 autem
1581 2840 1747 2902 Ana-ﬁ

931 325 1303 387 CllRONlCA.
1342 355 1412 364 —
1450 316 1866 380 AUCTARIUM
1914 314 2218 373 ROBERTl
2254 314 2343 370 DE
2381 312 2637 371 MONTE.

1762 438 1811 497 Α
1839 433 2242 490 ecclesiasticas
2264 448 2462 489 causas
2482 431 2831 501 decidendas,
2867 450 2973 504 que
3010 434 3423 509 frequentantur

3258 314 3427 373 ..ιω

1836 525 2057 582 incuria
2086 525 2333 581 Romana
2358 525 2487 581 etin
2520 526 2642 582 aliis
2668 527 2838 583 curiis
2884 531 3289 591 ecclesiasticis.
3312 536 3423 595 Hec

1835 618 2183 689 postmodum
2224 619 2559 674 abbreviavit
2607 620 2866 692 magister
2906 622 3285 682 Omnebonum
3317 631 3404 700 epi

1837 727 2036 782 scopus
2059 710 2412 795 Veronensis,
2451 714 2544 783 qui
2588 712 2766 769 fuerat
2820 715 2940 785 ejus
2975 716 3296 789 discipulus.
3326 720 3409 778 Oc
3460 760 3463 763 -

1835 802 1954 859 ciso
1978 802 2299 858 Boamundo
2321 803 2565 873 principe
2593 804 2903 872 Antiochie,
2956 805 3299 865 Raimundus
3321 810 3403 866 fra

1835 905 1919 952 ter
1937 895 2221 952 Guillermi
2246 896 2464 952 comitis
2499 896 2836 955 Pictavensis
2848 900 3005 955 duxit
3030 900 3150 972 ejus
3172 919 3420 973 uxorem,

1833 998 1889 1046 et
1910 988 2088 1046 factus
2106 998 2190 1046 est
2220 989 2475 1060 princeps
2496 989 2806 1047 Antiochia.
3292 1048 3293 1051 η

1876 1083 2061 1138 1151.
2421 1084 2455 1138 6
2834 1086 2928 1143 21.
3238 1124 3243 1127 -
3331 1090 3419 1144 51.

1905 1176 2104 1241 (llum.
2133 1177 2257 1248 vn.)
2289 1177 2404 1233 Rex
2432 1177 2734 1252 Anglorum
2796 1178 3063 1237 Henricus
3112 1183 3254 1252 apud
3284 1182 3422 1239 Car—

1834 1278 2025 1326 notum
2057 1279 2182 1342 post
2203 1272 2383 1327 natale
2405 1272 2609 1343 recepit
2625 1289 2822 1344 papam
2848 1272 3251 1342 Innocentium,
3277 1276 3425 1333 Ana-

1833 1364 1976 1421 cleto
2004 1364 2206 1436 subjici
2236 1381 2522 1423 recusans.
2563 1366 2661 1435 (Η.
2694 1366 2860 1423 Henr.
2906 1368 3019 1440 50.)
3044 1368 3173 1425 Post
3212 1370 3424 1426 Pascha

1832 1458 1984 1513 venit
2005 1457 2147 1513 idem
2168 1473 2366 1530 papam
2421 1459 2847 1533 Rothomagum,
2875 1470 2931 1517 et
2972 1471 3221 1533 receptus
3280 1472 3365 1519 est
3392 1464 3451 1518 a1

1836 1567 1960 1623 rege
1982 1550 2220 1608 Henrico
2242 1554 2578 1621 honoriﬁce;
2616 1563 2671 1609 et
2692 1554 2813 1625 ejus
2835 1555 3311 1625 auxilio’receptus
3339 1565 3426 1611 est

1834 1660 1934 1715 per
1992 1655 2134 1704 totas
2180 1646 2404 1705 Gallias.
2461 1638 2660 1718 (llusr.
2722 1646 2845 1718 vn.)
2898 1646 3030 1702 Post
3054 1647 3108 1700 in
3129 1655 3302 1702 estate
3328 1663 3424 1703 rex

1837 1738 2107 1796 Henricus
2138 1740 2301 1796 rediit
2322 1741 2377 1795 in
2406 1741 2679 1812 Angliam,
2708 1754 2893 1795 secum
2932 1739 3099 1793 ﬁliam
3133 1755 3293 1795 suam
3335 1741 3415 1795 ad-

1768 1799 1810 1857 Β
1836 1832 2063 1887 ducens.
2098 1831 2221 1887 Fuit
2241 1832 2408 1903 igitur
2448 1799 2820 1886 invnativitate
2841 1840 3030 1886 sancte
3077 1829 3245 1885 Marie
3302 1847 3447 1886 mar

1837 1934 2005 1997 gnum
2027 1926 2284 1995 placitum
2309 1925 2453 1995 apud
2495 1923 2920 1991 Nordhantune;
2954 1923 3009 1978 in
3036 1938 3148 1994 quo
3189 1937 3423 1995 congre-

1835 2015 1976 2088 gatis
1996 2016 2262 2071 Omnibus
2294 2015 2634 2086 principibus
2680 2014 2874 2086 Anglic
2927 2014 3287 2069 deliberatum
3338 2020 3425 2071 est

1833 2199 2007 2267 vensi,
2042 2214 2166 2254 eam
2224 2199 2549 2269 requirenti.
2599 2194 2771 2254 Missa
2816 2207 2997 2253 autem
3047 2209 3172 2270 post
3192 2199 3295 2254 hee
3314 2198 3425 2254 lilia

1831 2291 1976 2363 regis
2001 2287 2118 2347 viro
2134 2308 2259 2360 suo,
2284 2301 2502 2364 recepta
2535 2301 2620 2348 est
2639 2292 2783 2348 fastu
2808 2300 2959 2348 tanta
2982 2292 3224 2363 viragine
3235 2292 3425 2363 digno.

1830 2381 1963 2439 Post
1992 2383 2200 2454 pascha
2227 2392 2476 2438 mortuus
2514 2392 2598 2439 est
2646 2382 2979 2454 Reginaldus
3020 2382 3193 2438 abbas
3225 2381 3427 2437 Rame-

1832 2475 2052 2543 siensis,
2085 2491 2226 2531 nove
2262 2483 2456 2531 auctor
2504 2473 2841 2531 ecclesie.!n
2900 2474 3172 2546 principio
3210 2474 3426 2546 hyemis

1830 2567 1948 2624 obit
1987 2556 2231 2624 Herveus
2272 2567 2486 2639 primus
2517 2566 2787 2623 Heliensis
2832 2567 3147 2637 episcopus.
3218 2564 3424 2621 Eodem

1828 2677 1977 2719 anno
1998 2678 2186 2719 mense
2213 2661 2466 2719 Octobris
2499 2661 2727 2732 contigit
2758 2661 2947 2727 etiam,
2973 2660 3122 2731 quod
3151 2659 3296 2715 illius
3330 2673 3422 2714 re-

1830 2757 1913 2829 gis
1951 2755 2293 2812 Francorum
2315 2748 2602 2826 Philippus
2619 2746 2735 2826 jam
2779 2769 2874 2809 rex
2906 2752 3117 2819 factus,
3142 2753 3272 2807 dum
3299 2767 3426 2807 cor-

1828 2849 2081 2921 nipedem
2110 2848 2305 2904 ludens
2350 2848 2601 2920 agitaret,
2643 2846 2863 2902 obvium
2899 2861 3054 2903 suem
3083 2844 3303 2911 habuit;
3334 2840 3443 2899 cui

150 2934 373 3006 eletusin
419 2939 565 2995 urbe
623 2947 849 3025 propter
875 2938 1074 2995 fratres
1121 2954 1273 3007 suos,
1328 2940 1423 3012 qui
1443 2948 1602 3003 erant
1623 2941 1727 2997 viri
1829 2955 1954 2995 cum
1976 2940 2143 3010 pedes
2168 2938 2298 3009 equi
2351 2939 2626 2995 currentis
2680 2938 3037 3003 offenderent,
3081 2935 3281 2992 occidit
3326 2952 3425 2991 rex

149 3037 379 3117 potentes
398 3039 454 3086 et
491 3031 773 3087 habebant
793 3032 1162 3103 principatum
1201 3033 1408 3101 castelli
1455 3033 1725 3090 Cresccn-
1828 3051 2006 3092 novus
2020 3044 2075 3092 et
2105 3035 2294 3091 fractis
2316 3035 2624 3091 cervicibus
2653 3035 2938 3105 expiravit.
2985 3032 3130 3088 Ecce
3158 3048 3248 3088 res
3275 3031 3426 3086 inso-

151 3119 313 3211 tlouis.
360 3121 726 3181 Innocentius
765 3139 897 3179 vero
950 3124 1019 3179 ad
1052 3123 1442 3181 Cismontanos
1483 3125 1720 3181 transiit.
1752 3150 1796 3211 ε
1827 3130 1923 3184 lita
1969 3138 2024 3184 et
2072 3129 2434 3184 admiratione
2476 3129 2687 3199 digna!
2731 3143 2859 3182 ecce
2911 3135 3115 3196 quanta
3157 3124 3424 3181 celsitudo

154 3208 287 3268 Unde
327 3214 534 3271 dictum
602 3215 1211 3272 cstmonosticonille:
1263 3215 1487 3270 Romam
1529 3216 1724 3271 Petrus

152 3302 302 3371 habet,
335 3314 503 3362 totum
528 3307 818 3380 Gregorius
854 3306 1050 3364 orbem.
1086 3307 1287 3380 (llus'r.
1328 3308 1450 3376 vn.)
1481 3307 1595 3364 Rex
1616 3307 1728 3363 An-

155 3396 341 3465 glorum
372 3397 653 3471 Henricus
692 3399 796 3456 fuit
836 3400 906 3456 ad
942 3402 1124 3457 natale
1169 3401 1315 3472 apud
1363 3399 1724 3469 Winceastre,

155 3486 211 3541 ad
230 3505 382 3559 pasca
415 3493 567 3564 apud
626 3491 1053 3550 Vudestoceri
1080 3492 1186 3549 fuit
1235 3501 1528 3550 accusatus
1573 3493 1724 3553 Gau-

157 3579 305 3638 fridus
326 3582 391 3640 de
410 3583 669 3642 Clintone
695 3596 749 3642 et
766 3585 1069 3643 infamatus
1114 3587 1181 3642 de
1218 3586 1526 3657 proditione
1556 3584 1721 3656 regis,

155 3670 294 3731 falso.
322 3675 401 3734 Ad
436 3681 758 3752 rogationes
793 3679 898 3736 fuit
919 3680 1065 3751 apud
1107 3679 1465 3736 Cautuariam
1510 3679 1579 3735 ad
1623 3678 1723 3734 de-

158 3765 452 3827 dicationem
475 3789 623 3830 nove
644 3774 894 3830 ecclesie.
926 3773 1115 3831 Mense
1173 3772 1478 3844 Septembri
1507 3771 1725 3851 transiit

158 3856 204 3913 in
227 3857 635 3934 Normanniam,
660 3876 715 3922 et
740 3866 807 3921 ad
835 3866 1176 3922 nativitatem
1203 3875 1392 3922 sancte
1431 3864 1601 3920 Marie
1621 3862 1725 3919 fuit

160 3948 313 4027 Becci,
340 3965 394 4013 et
414 3960 647 4035 adduxit
681 3975 870 4016 secum
911 3957 1197 4030 Hugonem
1248 3958 1461 4034 noviter
1488 3958 1721 4013 electum

160 4040 626 4123 Rothomagensem
659 4044 1158 4125 archiepiSCopum,
1214 4051 1309 4122 qui
1344 4049 1524 4106 fuerat
1552 4049 1722 4106 abbas

161 4132 517 4212 Radingenzis.
550 4145 657 4212 Qui
683 4145 845 4200 etiam
873 4152 1228 4217 sacratusest
1256 4145 1311 4199 in
1375 4144 1515 4200 festo
1573 4144 1723 4198 exal-

164 4229 354 4289 Iationis
375 4245 565 4294 sancte
587 4237 793 4304 crucis,
819 4237 908 4292 die
936 4236 1235 4303 dominica,
1274 4236 1722 4305 archiepiscopus

162 4315 592 4399 Bothomagensis
639 4327 791 4396 5οης,
845 4344 1008 4400 quem
1062 4316 1405 4385 consecravit
1453 4325 1722 4383 Ricardus

164 4407 443 4482 Bajocensis
464 4422 758 4492 episcopus
783 4436 908 4476 cum
958 4420 1318 4491 coepiscopis,
1371 4420 1488 4475 suis
1522 4419 1577 4474 in
1631 4434 1721 4475 ec-

1831 3238 1997 3293 quam
2020 3222 2210 3278 leviter
2244 3228 2300 3277 et
2351 3235 2516 3291 quam
2540 3220 2649 3274 cito
2699 3217 3030 3272 adnichilata
3078 3218 3189 3271 est!
3216 3215 3423 3269 Eodem

1827 3328 2015 3369 mense
2040 3311 2390 3369 Innocentius
2416 3327 2557 3381 papa
2591 3302 2828 3365 sacravit
2850 3306 3075 3362 fratrem
3113 3323 3275 3363 suum
3299 3306 3416 3361 Lu-

1825 3406 2081 3462 dovicum
2118 3406 2176 3461 in
2207 3387 2390 3477 regem
2419 3403 2626 3467 Remis,
2675 3402 2812 3456 satis
2842 3415 3008 3471 parve
3035 3400 3198 3455 etatis
3237 3397 3420 3454 infau-

1826 3505 1956 3565 tem,
1990 3513 2116 3552 cum
2149 3497 2293 3551 idem
2323 3494 2462 3566 papa
2493 3492 2565 3547 ibi
2588 3500 2803 3547 teneret
2830 3488 3124 3546 concilium
3158 3489 3214 3543 in
3263 3488 3420 3544 festi-

1822 3589 1989 3643 vitate
2013 3586 2252 3657 CriSpini
2305 3594 2358 3642 et
2408 3576 2781 3654 CriSpiniani,
2836 3582 2924 3637 die
2965 3578 3263 3637 dominica.
3311 3578 3420 3647 Qui

1824 3680 1997 3737 Deum
2053 3678 2287 3752 diligens
2349 3686 2405 3734 et
2431 3675 2756 3744 ecclesiam,
2797 3674 3096 3746 plurimum
3142 3671 3281 3727 vixit
3316 3671 3421 3726 lio-

1824 3781 2000 3829 ueste.
2097 3823 2101 3827 .
3068 3810 3073 3815 .
3431 3807 3437 3815 ι

1895 3863 2056 3920 “32.
2240 3894 2241 3897 η
2421 3863 2472 3918 7.
2835 3862 2926 3917 22.
3022 3858 3025 3859 ⁷
3321 3858 3414 3914 52.

1891 3955 2154 4030 (1b.)Rex
2181 3954 2450 4011 Henricus
2471 3955 2575 4011 fuit
2595 3956 2662 4011 ad
2676 3956 2857 4011 natale
2886 3954 3029 4026 apud
3057 3952 3414 4023 Duuestaple;

1821 4049 1890 4105 ad
1913 4050 2116 4120 pascha
2143 4050 2285 4121 apud
2310 4048 2603 4105 Vudestoc.
2666 4048 2798 4104 Post
2845 4047 3054 4103 Pascha
3092 4046 3195 4102 fuit
3246 4047 3419 4117 placi-

1820 4124 1937 4197 tum
1956 4143 2099 4213 apud
2126 4142 2487 4209 Londoniam,
2502 4142 2596 4197 ubi
2615 4142 2683 4197 de
2699 4142 2965 4212 pluribus,
2991 4142 3085 4196 sed
3100 4149 3155 4195 et
3175 4140 3418 4195 maxime

1822 4233 1890 4288 de
1915 4233 2194 4289 discordia
2218 4234 2465 4305 episcopi
2493 4232 2681 4291 Sancti
2723 4233 2893 4290 David
2928 4242 2982 4289 et
3025 4233 3267 4303 episcopi
3289 4232 3435 4286 Cia-1

1820 4327 2129 4397 norgensis
2149 4327 2216 4381 de
2240 4327 2445 4382 ﬁnibus
2477 4328 2899 4398 parrochiarum
2951 4326 3175 4381 suarum
3204 4333 3413 4379 tracta-

1823 4426 1939 4473 tum
1967 4427 2070 4473 est.
2112 4404 2263 4474 Obiit
2293 4418 2603 4475 Balduinus—
2628 4420 2923 4485 secundus,
2962 4434 3058 4473 rex
3107 4415 3415 4472 Jerusalem

166 4502 302 4560 desia
329 4512 496 4567 sancti
532 4504 799 4568 'Audoeni
839 4513 931 4566 ⁵⁸⁷.
970 4510 1167 4567 Occiso
1213 4511 1474 4584 Arragois
1521 4511 1720 4567 comite
1753 4508 1797 4566 υ
1825 4510 2062 4578 tercius;
2100 4519 2155 4566 et
2200 4513 2469 4568 successit
2517 4511 2687 4567 Fuleo
2756 4525 2941 4566 eomes
2975 4510 3413 4580 Andegavensis,

165 4590 372 4668 lioralie,
397 4618 487 4659 rex
523 4603 706 4662 Scotie
746 4602 915 4658 David
964 4612 1167 4659 extunc
1186 4602 1375 4658 habuit
1423 4603 1577 4657 illum
1627 4617 1721 4657 co-
1816 4602 2046 4658 duxerat
2067 4602 2234 4658 ﬁliam
2257 4603 2486 4674 predicti
2506 4602 2756 4659 Baldui-ni
2786 4602 2968 4673 (584),
2993 4617 3061 4656 ex
3083 4615 3193 4672 qua
3223 4602 3414 4672 genuit

166 4686 404 4748 mitatum.
440 4695 738 4755 Gratianus
764 4696 1059 4767 episcopus
1086 4694 1348 4751 Clusinus
1391 4693 1723 4750 coadunavit
1816 4694 1957 4751 duos
2000 4695 2173 4763 ﬁlios,
2224 4694 2551 4751 Balduinum
2608 4704 2665 4751 et
2720 4694 3098 4750 Amauricum.
3173 4691 3409 4759 Quidam

168 4772 351 4838 decreta
380 4770 535 4844 valde
556 4787 711 4842 utilia
755 4802 831 4863 ex,
868 4786 1124 4861 decretis,
1156 4786 1458 4842 canonibus
1488 4787 1580 4853 ⁵⁵⁸,
1617 4786 1733 4841 do-‘

1819 4787 2054 4843 scolaris
2085 4789 2339 4867 clericus,
2371 4788 2557 4843 dolore
2592 4787 2743 4859 gravi
2788 4786 3176 4856 anxius(585),
3220 4784 3308 4839 die
3343 4799 3413 4838 ac

168 4871 401 4957 ctoribus,
435 4880 647 4952 legibus
682 4862 968 4946 Romanis,
1030 4858 1351 4935 suﬁieientia
1405 4878 1483 4933 ad
1522 4894 1712 4934 omnes
1820 4888 1981 4935 nocte
2006 4864 2219 4949 ejuians
2239 4889 2294 4936 et
2317 4881 2456 4937 ﬁcus
2486 4889 2550 4936 ut
2576 4858 2773 4936 mulier
2796 4878 3132 4951 parturiens,
3169 4876 3423 4949 quadam»

355 4966 378 4985 '
1437 4966 1675 5022 VARIZE
1716 4967 2122 5027 LECTIONES.

312 5059 615 5128 imprimam
636 5060 700 5116 E.
717 5071 769 5117 et
791 5063 914 5117 inde
939 5061 1024 5115 7b.
1039 5059 1122 5115 δά.
1138 5059 1334 5114 Postea
1357 5059 1610 5124 correxit,
1634 5059 1893 5129 incertum
1917 5076 2034 5129 qua
2055 5076 2264 5129 manus,
2282 5061 2566 5118 diaconus.
2585 5061 2673 5116 Ita
2701 5061 2779 5117 8‘.

2856 5063 2927 5137 ‘f"
2939 5050 3219 5137 Sequentiu
3241 5074 3415 5137 usque.

173 5120 234 5170 ad
256 5120 540 5200 annilius»;
562 5134 619 5187 in
640 5149 831 5187 rasura
866 5132 1080 5200 scripsit
1104 5130 1361 5184 Robertus
1386 5130 1534 5200 ipsc;
1555 5120 2044 5200 desun12.,Eorum
2072 5130 2188 5186 loco
2208 5120 2265 5191 4.
2297 5132 2380 5187 7b.
2404 5132 2495 5191 εδ..
2514 5133 2703 5188 habent
2737 5149 2756 5186 :
2786 5132 2987 5187 Eodem
3012 5120 3156 5187 anno
3175 5120 3406 5197 Arageis

173 5206 324 5274 futues
352 5197 598 5269 Horatiae,
630 5219 755 5259 cum
783 5197 1088 5274 Mclcolmp,
1121 5201 1299 5274 notho
1327 5197 1440 5257 ﬁlio
1466 5199 1761 5274 Alexandri
1784 5200 1971 5274 fratris
2002 5201 2149 5274 regis
2179 5202 2366 5274 David,
2397 5204 2493 5274 qui
2520 5214 2645 5259 ante
2674 5220 2798 5259 eum
2825 5207 3162 5274 regnaverat,
3195 5207 3248 5253 et
3271 5213 3403 5274 cum

173 5268 380 5344 {ﬁnitque
408 5268 625 5344 milibus
652 5283 991 5328 armatorum
1017 5270 1257 5344 Septiam
1284 5268 1541 5344 intravit;
1577 5279 1747 5344 totam
1776 5271 2055 5344 regionem
2067 5268 2189 5328 'sibi
2219 5268 2488 5344 subjicere
2508 5275 2700 5330 voluit.
2755 5268 2923 5344 David
2964 5280 3211 5344 rex__tun_c
3245 5268 3401 5344 curio

174 5336 297 5421 ξῖεξξ
314 5336 598 5421 Anglorum
624 5343 1045 5421 i_ntererat_;__sed
1060 5339 1388 5421 Odwardus,
1424 5341 1798 5421 consobrinus
1824 5336 2025 5421 ejuset
2053 5336 2709 5421 princeps'uiilitie,_cum
2740 5343 2984 5421 exercitu
3020 5340 3096 5395 illi
3126 5338 3397 5421 _obviavit,

175 5400 440 5487 glAAragei's
464 5415 743 5469 consulem
775 5400 995 5487 occidit,
1025 5412 1254 5483 ejusque
1277 5400 1486 5466 turmas
1509 5412 1827 5487 prostravit,
1851 5400 2002 5487 'cepit
2052 5400 2496 5487 atque'fugavit.
2542 5400 2746 5487 Dcinde
2799 5412 3079 5487 Moralium
3108 5400 3415 5487 defensore,

179 5463 766 5557 ﬁuniqhuie'ﬁea'niéin
783 5463 1220 5557 agrestas“;
1231 5463 1778 5557 igitggiicjiegigns'
1790 5463 2040 5553 spuisse
2053 5463 2324 5556 assa“;
2332 5463 3395 5555 saansaan,sirenarum“;

179 5540 286 5597 tunc
308 5540 460 5608 David
498 5554 754 5626 religioso
774 5540 1026 5611 subditus
1053 5562 1155 5609 est.
1206 5540 1304 5585 ’⁸⁵⁸
1336 5540 1633 5608 canoribus
1655 5550 1717 5606 E.

1630 5662 1859 5724 ΝΟΤᾹΞ.

236 5723 363 5878 ὶὲἓέἰ
388 5732 751 5867 ὲίξὲἔὶξὲῗξιῗέτ

388 5801 756 5879 Nota-versus;
787 5822 1009 5865 carmen
1039 5805 1220 5879 majus
1261 5807 1597 5878 cxcerpsisse
1627 5808 1840 5866 videtur
1866 5817 2067 5867 uoster.
