3934 6316
486 295 587 353 447
616 300 624 308 ’

627 427 973 470 ROMANOBUM.
1124 425 1458 469 ΗιΑΝεοιιιιιι.
1607 422 1908 463 Αδῦιοῐιωι.

485 514 646 562 nocte
685 521 782 576 pre
803 505 991 560 dolore
1018 519 1120 559 nec
1163 503 1400 574 vigilans
1461 516 1563 557 nec
1611 500 1911 568 dormiens,
1943 499 2077 557 vidit

488 597 749 654 assistere
771 597 876 654 sibi
900 595 1179 669 Virginem
1230 603 1460 650 matrem
1484 592 1726 660 Domini,
1750 608 1914 664 quam
1947 593 2077 663 quia

486 690 859 756 invocaverat,
892 705 1121 760 presens
1146 687 1251 743 sibi
1279 686 1539 753 aﬁ'uerat,
1572 685 1713 740 albis
1737 685 1958 740 inducta
1985 700 2078 739 ve-

488 784 701 849 stibus,
757 798 864 853 que
918 788 1229 853 congruunt
1271 778 1594 849 virginibus.
1652 776 1872 833 Manum
1916 776 2081 848 igitur

486 875 797 946 porrigens,
827 890 939 951 quo
961 874 1084 944 plus
1102 880 1221 928 erat
1238 872 1393 927 dolor
1436 886 1665 942 angens,
1719 885 1914 935 sanum
1956 868 2079 951 red-

489 966 630 1023 didit
649 967 888 1037 penitus,
919 967 1012 1036 qui
1042 980 1255 1035 semper
1277 972 1395 1019 erat
1415 963 1632 1019 anxius.

546 1061 583 1115 il
599 1060 719 1119 155.
756 1059 1043 1123 Lotharius
1080 1058 1133 1115 8.
1164 1057 1462 1112 Ludovicus
1500 1057 1590 1112 2⁷5.
1630 1055 1891 1111 Henricus
1919 1054 1949 1110 ι
1988 1056 2078 1112 55.

561 1150 761 1223 (llum.
793 1153 915 1222 vn.)
949 1150 1063 1206 Rex
1084 1151 1385 1223 Anglorum
1435 1148 1705 1206 Henricus
1737 1148 1839 1205 fuit
1884 1148 1954 1204 ad
1983 1164 2082 1202 na-

490 1247 602 1302 tale
633 1245 779 1316 apud
839 1244 1177 1301 Wiulesores
1225 1244 1498 1301 inﬁrmus.
1558 1243 1638 1300 Ad
1680 1252 1845 1315 caput
1887 1241 2082 1313 jejunii

490 1338 593 1394 fuit
621 1347 923 1394 conventus
990 1338 1134 1408 apud
1182 1338 1558 1403 Londoniam,
1585 1353 1751 1408 super
1793 1336 2082 1407 episcopos

491 1431 677 1487 Sancti
705 1432 869 1487 David
905 1441 959 1487 et
995 1432 1422 1504 Clamorgensis,
1447 1440 1503 1488 et
1529 1446 1629 1503 pro
1681 1430 1952 1487 discordia
1994 1446 2085 1485 ar-

489 1525 820 1597 chiepiscopi
852 1535 907 1582 et
934 1525 1301 1584 Lincoliensis
1334 1525 1596 1598 episc0pi.
1628 1524 1710 1580 Ad
1735 1524 1937 1595 pascha
1983 1521 2087 1578 fuit

490 1634 587 1679 rex
617 1619 757 1690 apud
782 1617 1077 1675 Oxineford
1112 1620 1166 1675 in
1192 1635 1333 1674 nova
1354 1620 1498 1675 aula.
1537 1618 1616 1673 Ad
1644 1618 1957 1689 rogationes
1983 1614 2087 1672 fuit

491 1710 692 1770 iterum
721 1722 1026 1769 conventus
1059 1714 1204 1784 apud
1237 1710 1540 1768 Wincestrc
1570 1727 1734 1782 super
1774 1710 1940 1766 rebus
1961 1724 2085 1778 pre-

1656 293 2022 351 SIGEBERTI
2057 293 2585 353 GEMBLAGENSIS

3667 301 3760 363 448

2106 409 2149 468 Α
2180 422 2305 464 mus
2336 416 2392 464 et
2416 409 2711 465 admodum
2735 410 3022 467 litteratus.
3053 412 3153 469 llic
3186 417 3491 473 monachus
3544 424 3601 471 et
3629 418 3762 487 prior

2178 500 2282 556 fuit
2300 500 2729 569 Fiseannensis;
2758 513 2813 559 et
2864 513 2986 575 post
3027 514 3238 577 patrem
3268 524 3429 564 suum
3466 508 3642 565 abbas
3665 508 3761 565 Ra-

2178 594 2493 662 mesiensis,
2522 595 2589 650 ad
2642 595 2897 653 ultimum
2931 613 3063 654 vero
3113 589 3406 671 episc‘opus
3444 599 3766 657 Tedforden-

2179 685 2277 741 sis.
2304 684 2404 741 llic
2433 687 2566 751 emit
2592 688 2766 744 multa
2787 690 3018 759 pecunia
3064 707 3320 763 magnam
3381 702 3601 764 partem
3654 694 3765 750 ville

2177 775 2567 847 Norwicensis,
2593 790 2648 835 et
2670 781 2876 849 evulsis
2909 782 3168 853 domibus
3190 793 3245 839 et
3284 785 3407 847 loco
3429 786 3767 863 complanato

2179 866 2235 921 in
2263 868 2562 924 maximum
2587 870 2849 941 spatium,
2884 870 2939 925 in
2986 872 3193 944 optimo
3216 874 3338 930 loco
3384 890 3557 944 super
3606 874 3766 931 Gerrae

2181 958 2405 1016 ﬂuvium
2429 963 2783 1043 perpuleram.
2802 963 3087 1031 ecclesiam
3106 964 3163 1020 in
3188 967 3545 1023 veneratione
3568 981 3767 1023 summe

2182 1051 2466 1112 Trinitatis
2532 1056 2601 1110 ad
2653 1057 2976 1113 memoriam
3039 1058 3222 1134 illius,
3265 1060 3426 1132 cujus
3472 1059 3767 1116 monachus

2180 1145 2457 1215 extiterat,
2511 1147 2822 1217 ediﬁravit;
2880 1149 3081 1205 additis
3138 1151 3305 1206 etiam
3357 1151 3601 1207 oﬁieinis
3659 1168 3768 1223 per-

2181 1239 2479 1310 grandibus
2508 1239 2575 1295 ad
2602 1256 2742 1311 opus
2794 1242 3198 1298 monachorum
3243 1243 3601 1309 necessariis,
3644 1260 3768 1314 quos

2181 1338 2236 1386 et
2262 1331 2337 1385 ibi
2351 1331 2535 1402 posuit
2557 1332 2624 1388 ad
2652 1333 2998 1389 serviendum
3020 1333 3132 1391 Deo
3157 1335 3212 1395 in
3232 1334 3327 1403 illa
3348 1337 3775 1407 ecclesia,quam

2183 1423 2467 1480 constituit
2515 1426 2798 1482 matricem
2825 1435 2879 1483 et
2906 1426 3264 1499 principalem
3311 1427 3768 1486 sedem'Nortful-

2184 1515 2308 1579 cani
2342 1515 2709 1589 episcopatus.
2739 1516 2937 1589 (Hum.
2969 1518 3093 1590 vn.)
3123 1518 3276 1576 Fecit
3302 1520 3475 1591 etiam
3503 1537 3600 1591 rex
3642 1518 3769 1577 lien-_

2184 1607 2334 1663 ricus
2358 1623 2561 1663 novum
2619 1609 2994 1681 episcopatum
3045 1612 3189 1681 apud
3238 1610 3473 1679 Carluil,
3499 1613 3559 1667 in
3588 1613 3769 1669 ﬁnibus

2184 1697 2378 1770 Anglic
2402 1708 2457 1755 et
2482 1699 2662 1756 Scotie
2687 1719 2702 1769 ;
2733 1709 2788 1757 et
2831 1700 3016 1772 posuit
3068 1702 3144 1757 ibi
3193 1703 3521 1776 episcOpnm
3550 1705 3767 1783 primum

492 1805 675 1860 dictis.
706 1801 838 1861 Post
865 1777 1215 1875 pentecosten
1237 1805 1388 1861 dedit
1419 1820 1513 1861 rex
1558 1777 1936 1875 episcopatum
1965 1777 2078 1856 lic-

2187 1789 2500 1846 Adalulfum
2535 1792 2774 1863 priorem
2814 1792 3205 1849 cauonieorum
3227 1778 3577 1865 regular-ium
3611 1795 3768 1850 sancti

488 1896 718 1952 lieusem
740 1895 970 1967 Nigella,
996 1909 1049 1952 ct
1087 1899 1460 1969 episcopatum
1517 1896 1801 1951 Dunelmie
1830 1895 1900 1927 "9
1932 1893 2082 1951 Gau-

489 1987 633 2045 frido
660 1989 1008 2047 caucrllario.
1036 1988 1206 2049 Paulo
1230 1997 1358 2045 ante
1391 1987 1616 2044 dederat
1643 1986 2082 2042 Wintoniensem

490 2078 731 2137 Henrico
762 2082 942 2137 abbati
988 2083 1266 2140 Glastonie
1319 2081 1467 2153 (586)
1502 2080 1686 2151 nepoti
1729 2096 1851 2147 suo,
1889 2080 1984 2151 qui
2008 2089 2084 2136 ta«

490 2190 618 2230 men
645 2175 916 2231 abbatiam
950 2193 1073 2232 cum
1098 2176 1409 2247 episcopatu
1443 2175 1620 2231 tenuit
1643 2189 1818 2245 usque
1839 2173 1905 2229 ad
1931 2189 2082 2254 mor-

491 2275 601 2323 tem
625 2260 818 2334 suam';
866 2266 1316 2325 ilcrefordensem
1380 2283 1511 2324 vero
1556 2268 1934 2338 episcopatum
1972 2264 2083 2322 Ro-

487 2357 647 2415 berto
669 2360 736 2416 de
763 2360 999 2417 Brctoua
1047 2360 1392 2427 Flandrensi,
1449 2361 1570 2416 viro
1613 2360 1896 2432 religioso;
1949 2359 2085 2416 Ces-

491 2457 731 2507 trensem
773 2467 906 2508 vero
962 2451 1197 2524 Rogerio
1253 2452 1643 2509 archidiacono
1703 2450 2033 2509 Lincoliensi
2063 2491 2080 2521 ,

488 2544 673 2612 nepoti
701 2543 948 2600 Gaufridi
997 2544 1065 2601 de
1111 2544 1386 2600 Clintona.
1440 2543 1706 2600 Decessor
1752 2543 1874 2614 ejus
1908 2541 2086 2598 fuerat

494 2633 765 2691 Robertus
804 2646 1166 2706 cOgnomento
1214 2636 1540 2704 Peccatum;
1581 2636 1937 2706 predecessor
1954 2650 2085 2691 vero

494 2724 766 2781 Rohertus
796 2723 1147 2783 Normanuus
1191 2728 1258 2784 de
1304 2727 1564 2785 Limesia.
1597 2726 1698 2782 llic
1743 2726 2084 2785 secularibus

491 2816 736 2874 intentus
759 2819 934 2889 magis
953 2836 1118 2890 quam
1142 2821 1364 2887 divinis,
1393 2838 1426 2877 a
1454 2837 1581 2893 rege
1603 2817 1841 2876 Henrico
1868 2818 2082 2876 Coven-

494 2919 681 2967 trcnse
717 2912 1009 2968 cenohium
1041 2914 1298 2983 optinuit,
1350 2915 1537 2985 ibique
1580 2914 1867 2985 capitalem
1898 2913 2084 2969 entire--

489 3004 645 3059 dram
676 3003 1007 3061 Merciorum
1057 3007 1360 3063 constituit.
1411 3006 1584 3063 Habet
1627 3006 1812 3077 itaque
1851 3005 1940 3082 ille
1965 3004 2082 3075 epi-

492 3106 752 3191 scopatus
799 3114 980 3169 usque
1032 3098 1197 3154 hodie
1247 3108 1358 3156 tres
1408 3100 1591 3191 sedes,
1642 3096 2081 3191 Licifeldensem,
2112 3130 2158 3191 Ο

489 3189 859 3259 Cestrensem,
891 3192 1375 3249 Conventrensem.
1416 3191 1512 3263 (V.
1572 3190 1735 3260 Laur.
1781 3190 1894 3262 12.)
1926 3191 2086 3246 Anno

494 3280 767 3352 siquidem
818 3282 1212 3341 incarnationis
1285 3282 1563 3340 dominice
1617 3282 1778 3351 1075,
1824 3290 2088 3353 regnante

494 3372 783 3430 Willermo
820 3391 947 3446 rege
969 3374 1288 3448 Anglorum,
1316 3389 1463 3430 anno
1507 3373 1662 3447 regni
1700 3373 1823 3444 ejus
1853 3373 1907 3429 9.
1950 3388 2086 3429 eon-

491 3476 774 3539 gregatum
798 3477 884 3525 est
907 3467 1191 3525 Londonie
1227 3467 1543 3536 concilium,
1584 3464 1893 3538 presidente
1937 3463 2086 3520 Lan-

491 3557 685 3617 franco
710 3561 1120 3633 archiepiscopo
1146 3561 1561 3627 Cantuaricnsi;
1591 3559 1761 3615 totius
1805 3558 2088 3613 Britannic

493 3652 675 3708 insule
695 3654 946 3724 primate,
974 3653 1385 3710 considentibus
1410 3666 1597 3708 secum
1639 3650 1775 3706 viris
1796 3648 2087 3703 venerabi-

490 3746 635 3806 lihus
655 3746 868 3804 'l‘homa
918 3746 1254 3803 Eboracensi
1304 3743 1742 3813 archiepiscopo,
1788 3749 1844 3797 et
1890 3741 2088 3798 ceteris

489 3837 764 3909 episcopis
814 3838 988 3908 ipsius
1014 3838 1212 3901 insule,
1270 3845 1326 3892 et
1374 3834 1699 3901 abbatibus,
1746 3850 1848 3890 nec
1878 3849 1987 3916 non
2032 3840 2089 3888 et

491 3929 683 3986 multis
710 3928 954 4000 religiosi
987 3928 1200 3984 ordinis
1226 3928 1511 3998 personis;
1544 3927 1600 3982 in
1628 3941 1740 3998 quo
1775 3927 1947 3982 multa
1978 3925 2089 3981 uti-

490 4020 565 4078 lia
605 4028 716 4074 tam
760 4019 974 4076 clericis
1003 4035 1169 4090 quam
1205 4020 1361 4076 laicis
1390 4018 1641 4077 instituta
1673 4018 1914 4075 fuerunt.
1941 4016 2089 4074 Con-

491 4125 710 4167 cessum
740 4118 824 4166 est
844 4110 1007 4166 etiam
1030 4110 1345 4183 iuibircgali
1375 4110 1745 4167 muniﬁcentia
1779 4119 1834 4167 et
1853 4110 2086 4167 sinodali

491 4201 818 4258 auctoritate
845 4202 1023 4257 tribus
1056 4201 1350 4275 episcopis,
1377 4202 1444 4258 de
1470 4202 1613 4259 villis
1634 4202 1703 4259 ad
1728 4202 1975 4258 civitates
2001 4217 2087 4258 se-

491 4295 589 4352 des
615 4310 747 4351 suas
768 4293 1099 4362 transferre;
1123 4296 1332 4352 scilicet
1352 4294 1666 4352 Hcrmanno
1690 4295 1758 4351 de
1781 4294 2084 4351 Sireburna

492 4387 564 4445 ad
600 4386 932 4446 Scriberiam
953 4407 966 4456 ;
989 4388 1249 4460 Stigando
1265 4389 1333 4445 de
1375 4388 1643 4462 Senlenge
1660 4387 1729 4444 ad
1746 4387 2081 4456 Cicestrum;

2184 1880 2446 1951 Oswaldi,
2475 1884 2562 1940 cui
2588 1885 2783 1942 solitus
2810 1894 2930 1940 erat
2952 1886 3202 1941 conﬁteri
3250 1895 3481 1957 peccata
3519 1902 3640 1943 sua.
3685 1885 3769 1955 llic

2184 1989 2368 2033 autem
2391 1978 2685 2050 episcopus
2723 1978 3022 2036 canonicos
3066 1979 3349 2051 regulares
3391 1980 3586 2051 posuit
3611 1981 3664 2034 in
3689 1994 3768 2035 ec-

2184 2071 2349 2127 clesia
2373 2071 2518 2127 sedis
2543 2087 2660 2127 sue.
2686 2072 2774 2144 (Α.
2804 2071 2988 2143 Roth.)
3012 2070 3218 2127 Passus
3272 2080 3359 2127 est
3398 2073 3489 2129 sol
3539 2071 3777 2142 eclipsim,

2183 2164 2239 2219 4.
2263 2162 2404 2220 Νοη.
2428 2163 2569 2239 Aug.
2610 2163 2818 2221 Eodem
2839 2164 2927 2222 die
2957 2180 3054 2220 rex
3089 2164 3364 2222 llenricus
3412 2165 3770 2221 transfretavit

2184 2257 2240 2311 in
2272 2255 2648 2325 Normaniam,
2679 2273 2789 2313 non
2847 2257 3157 2326 rediturus;
3185 2258 3373 2314 multis
3434 2259 3549 2314 hoc
3572 2266 3768 2330 propter

2186 2352 2406 2421 signum
2448 2349 2596 2421 quod
2628 2350 2904 2407 acciderat
2964 2349 3409 2406 mussitantibus.
3471 2348 3592 2406 Hoc
3622 2349 3766 2405 etiam

2186 2451 2432 2514 tempore
2458 2458 2596 2498 vena
2619 2444 2931 2515 argentaria
2974 2453 3194 2517 reperta
3243 2441 3426 2499 fuerat
3478 2442 3622 2514 apud
3648 2439 3766 2496 Car-

2183 2535 2481 2603 luil;unde
2534 2535 2956 2607 investigatores
2984 2579 3000 2605 ,
3051 2536 3147 2608 qui
3192 2551 3313 2592 eam
3365 2535 3425 2590 in
3489 2534 3767 2590 visceribus

2186 2635 2329 2683 terre
2350 2629 2672 2701 querebant,
2697 2629 3027 2701 quingentas
3060 2629 3231 2685 libras
3260 2629 3374 2700 regi
3405 2626 3646 2685 Henrico
3683 2644 3766 2682 an-

2185 2722 2395 2777 nuatim
2424 2723 2827 2795 persolvehant.
2872 2721 3058 2779 Mense
3081 2721 3271 2778 Marcii
3301 2730 3474 2783 natus
3494 2731 3584 2778 est
3604 2718 3768 2776 Henri-

2185 2828 2284 2869 cus
2307 2812 2661 2882 Cenomanis,
2685 2814 3087 2887 primogenitus
3116 2813 3263 2870 ﬁlius
3293 2812 3553 2871 Gaufridi
3571 2811 3763 2871 comitis

2184 2915 2241 2963 et
2259 2907 2536 2965 Matbildis
2556 2908 2945 2979 imperatricis.

2256 3003 2417 3061 1154.
2784 3003 2838 3060 9.
3197 3003 3290 3058 et.
3687 3000 3761 3078 δι,

2256 3093 2430 3157 Natus
2494 3105 2585 3152 cst
2630 3094 2928 3152 Gaufridus
2998 3095 3272 3152 secundus
3343 3094 3501 3173 ﬁlius
3547 3091 3765 3151 Gaufridi

2188 3187 2622 3261 Andegavensis,
2678 3203 2867 3245 mense
2915 3187 3059 3243 Maio
3102 3188 3155 3242 in
3187 3195 3548 3259 pentecosten
3582 3185 3764 3241 Bothe—

2188 3283 2355 3355 magi.
2394 3281 2459 3339 Et
2498 3283 2772 3339 inﬁrmata
2817 3290 2904 3365 est
2946 3290 3121 3339 mater
3138 3281 3260 3353 ejus
3288 3280 3533 3338 Matildis
3559 3281 3766 3350 impera-

2188 3376 2296 3431 trix
2332 3385 2555 3447 propter
2582 3376 2952 3433 diﬁicultatem
2999 3385 3192 3447 partus
3231 3391 3409 3447 usque
3435 3376 3513 3431 ad
3538 3376 3764 3445 desperav

2191 3469 2415 3524 tionem.
2447 3468 2544 3541 (ΙΙ.
2577 3468 2745 3524 Henr.
2773 3470 2890 3540 28.)
2941 3468 3046 3525 Ubi
3083 3468 3375 3540 prudentia
3404 3468 3534 3539 ejus
3573 3467 3764 3524 eviden-

2187 3559 2335 3615 tibus
2364 3559 2581 3617 indiciis
2623 3561 2973 3618 manifestata
3006 3570 3108 3618 est.
3154 3559 3295 3617 Nam
3330 3561 3626 3616 thesauros
3656 3573 3764 3637 suos

2188 3652 2475 3722 orphanis,
2524 3653 2703 3710 viduis
2732 3664 2788 3710 et
2831 3655 3059 3727 reliquis
3091 3654 3425 3726 pauperibus
3458 3662 3521 3709 et
3557 3652 3764 3725 maxime

2187 3744 2434 3801 ecclesiis
2455 3754 2511 3802 et
2547 3748 2916 3814 monasteriis,
2943 3764 3111 3803 manu
3138 3747 3281 3803 sicut
3299 3747 3473 3818 larga,
3503 3747 3579 3804 ita
3596 3745 3763 3800 devota

2187 3837 2485 3903 distribuit,
2523 3838 2914 3897 Monasterium
2937 3856 3068 3897 vero
3096 3840 3370 3904 Beeeense
3398 3833 3760 3898 abundantiori

2187 3928 2567 3987 benedictione
2614 3933 2672 3986 in
2701 3948 2838 3988 auro
2883 3943 2938 3989 et
2987 3942 3216 4006 argento
3264 3942 3319 3988 et
3337 3932 3615 4003 lapidibus
3656 3944 3761 4000 pre

2187 4018 2345 4076 tiosis
2377 4029 2433 4075 et
2481 4021 2769 4093 multiplici
2815 4032 3013 4079 ornatu
3058 4022 3311 4089 ecclesie,
3367 4037 3542 4094 quam
3581 4019 3759 4088 reliqua

2185 4113 2515 4169 monasteria
2554 4116 2871 4171 cumulavit.
2907 4115 3038 4189 (1b.,
3064 4115 3180 4187 29.)
3218 4114 3481 4186 Poposcit
3510 4114 3666 4170 etiam
3684 4124 3762 4181 pa-

2186 4213 2327 4262 trem
2376 4223 2561 4275 suum,
2618 4216 2680 4263 ut
2727 4208 2931 4264 ibidem
2958 4209 3311 4280 sepeliretur.
3347 4206 3513 4275 Quod
3547 4221 3662 4275 cum
3688 4201 3759 4259 ille

2185 4297 2339 4368 prius
2367 4307 2641 4368 renueret,
2684 4300 2875 4357 dicens
2915 4302 3137 4374 dignius
3189 4317 3313 4357 esse
3363 4309 3427 4356 ut
3454 4290 3758 4364 Rothomagi

2187 4392 2400 4462 sepulta
2451 4392 2788 4461 condiretur,
2828 4394 2921 4450 ubi
2964 4401 3019 4449 et
3073 4401 3452 4450 antecessores
3478 4392 3620 4462 ejus,
3648 4386 3757 4441 Rol-

489 4480 656 4551 Petro
693 4482 762 4539 de
794 4481 1053 4540 Licifelde
1073 4483 1142 4539 ad
1175 4483 1448 4540 Cestrum.
1503 4482 1581 4538 De
1619 4482 1948 4554 quibusdam
1983 4498 2083 4537 au—
2110 4491 2159 4550 υ
2186 4483 2367 4541 Ionem
2394 4496 2450 4540 et
2472 4483 2822 4542 Willermum
2847 4486 3020 4541 ﬁlium
3063 4486 3184 4557 ejus
3210 4485 3356 4553 dico,
3386 4484 3753 4555 requiesceret:

492 4582 627 4643 tem,
647 4576 745 4648 qui
785 4577 840 4632 in
864 4576 1006 4635 villis
1029 4593 1126 4634 seu
1147 4576 1284 4634 vicis
1311 4577 1492 4634 adhuc
1516 4575 1807 4647 degebant,
1853 4574 2085 4630 dilatum

491 4678 776 4741 estusque
825 4671 895 4728 ad
947 4671 1092 4743 regis
1139 4671 1510 4736 audientiam;
1558 4668 1810 4724 videlicet
1837 4665 2088 4738 Remigio

499 4761 891 4830 Dorehaeensi,
907 4763 1110 4821 Gisone
1130 4760 1540 4830 Hermeacensi,
1570 4759 1785 4816 Hefalto
1795 4757 2087 4827 Wellensi;

496 4867 735 4924 quorum
771 4855 922 4925 prior
973 4855 1042 4912 ad
1082 4855 1407 4922 Lineoliam,
1466 4854 1743 4911 secundus
1764 4851 1833 4907 ad
1873 4849 2087 4918 Batam,

497 4945 694 5011 tertius
714 4946 782 5001 ad
811 4945 1028 5002 'l‘elford
1049 4990 1065 5014 ,
1096 4947 1466 5003 muniﬁcentia
1492 4945 1636 5017 regis
1659 4952 1714 4999 et
1739 4942 2088 5014 suggestione

498 5033 796 5097 Lanfmnci
825 5045 1016 5106 postea
1064 5038 1314 5094 translati
1361 5044 1510 5097 sunt.
1554 5034 1756 5102 Elfato,
1781 5033 1878 5105 qui
1908 5032 2089 5089 fuerat

500 5129 817 5200 capellanus
840 5129 1111 5186 Willcrmi
1142 5132 1308 5204 regis,
1338 5129 1609 5188 successit
1653 5127 1799 5199 apud
1844 5125 2089 5183 Teldl'ort

506 5220 819 5283 Willermus
844 5224 912 5279 de
939 5222 1148 5291 Belfou,
1174 5225 1261 5280 vir
1300 5238 1497 5297 genere
1540 5221 1741 5278 nobilis
1771 5226 1826 5276 et
1873 5217 2088 5275 cancel-

497 5312 672 5396 larius
691 5315 934 5386 ejusdem
959 5316 1122 5388 regis.
1146 5315 1268 5384 Quo
1291 5317 1348 5372 in
1372 5315 1525 5373 brevi
1545 5313 1802 5372 defuncto
1822 5311 2090 5369 successit

2186 4573 2327 4631 dixit
2350 4576 2593 4632 animam
2634 4592 2792 4634 suam
2817 4593 3100 4650 nunquam
3130 4591 3254 4633 esse
3280 4576 3446 4631 letam
3499 4573 3607 4630 nisi
3630 4583 3754 4627 come

2186 4683 2287 4739 pos
2309 4669 2423 4724 voti
2448 4669 2505 4724 in
2533 4669 2637 4726 bac
2659 4670 2927 4726 duntaxat
2950 4679 3103 4742 parte
3122 4671 3296 4725 ﬁeret.
3321 4665 3610 4724 Concessit
3629 4668 3755 4734 pater

2187 4761 2334 4832 quod
2379 4762 2636 4832 petebat;
2673 4763 2768 4819 sed
2813 4747 3049 4819 Domino
3080 4763 3320 4827 volente,
3364 4758 3586 4816 sanitati
3624 4749 3754 4810 resti-

2190 4860 2304 4907 tuta
2345 4860 2449 4908 est.
2492 4850 2690 4922 (Hum.
2721 4854 2843 4924 vn.)
2890 4852 3007 4911 Hoc
3036 4868 3182 4923 anno
3210 4861 3327 4907 toto
3378 4865 3470 4906 rex
3518 4842 3756 4903 Henricus

2190 4952 2437 5001 moratus
2475 4953 2561 5000 est
2600 4946 2655 5000 in
2686 4944 3101 5014 Normanniam,
3143 4960 3245 5015 pro
3278 4942 3477 5015 gaudio
3523 4943 3749 5008 nepetam

2191 5052 2419 5101 suorum
2468 5036 2763 5094 Henriciet
2783 5038 3051 5095 Gaufridi.
3081 5037 3285 5093 Eodem
3326 5049 3473 5091 anno
3516 5049 3609 5088 rex
3633 5027 3752 5083 Hen-

2190 5128 2342 5186 ricus
2358 5130 2583 5186 donavit
2605 5131 2979 5201 episcopatum
3025 5130 3382 5201 Bajocensem
3408 5124 3636 5182 Ricardo
3657 5115 3750 5174 ﬁlio

2192 5218 2418 5278 Roberti
2479 5223 2698 5278 comitis
2751 5221 3084 5279 Gloecestrie
3108 5263 3123 5288 ,
3189 5221 3566 5291 episcopatum
3640 5220 3750 5268 vero

2189 5312 2644 5372 Abrincatensem
2676 5314 2915 5372 Ricardo
2942 5315 3011 5372 de
3051 5312 3261 5370 Belfou.
3314 5310 3462 5368 Obiit
3510 5307 3746 5403 Roberwf

498 5402 717 5463 bidono
739 5406 1007 5462 Willermi
1044 5407 1281 5481 iunioris
1304 5405 1644 5472 ,Herbertus,
1675 5402 1760 5460 vir
1806 5400 2092 5471 magnani-
2195 5404 2308 5460 dux
2367 5404 2811 5465 Normannorum
2838 5450 2854 5477 ,
2913 5407 3059 5465 ﬁlius
3118 5405 3389 5462 Willermi
3444 5402 3620 5476 regis,
3670 5400 3746 5467 (1⁸⁸

1804 5485 2043 5546 VARI/8
2083 5492 2498 5555 LECTIONES.

569 5588 644 5634 η’
666 5589 972 5646 Dumelmie
994 5589 1055 5646 E.

575 5758 725 5837 (586)
764 5759 1164 5837 Glastingbury.

2044 5672 2269 5734 NOTAE.
