3934 6316
142 323 233 382 «119

186 492 191 499 _
266 449 610 491 ROMANORUH.
757 442 1094 484 FRANCOHUII.
1242 440 1545 480 ANGLORIYII.

144 529 366 602 Angliam
396 526 501 583 sibi
535 521 792 588 subdidit,
817 519 1248 591 primogenitus;
1280 526 1334 573 et
1355 516 1601 587 sepultus
1628 522 1712 570 est

143 622 266 694 apud
300 615 646 675 Gloecestria.
986 692 994 700 1

203 715 351 771 1155.
391 709 678 765 Lotharius
702 705 789 760 10.
816 697 1112 759 Ludoricus
1142 702 1232 757 25.
1279 700 1541 756 Henricus
1569 697 1595 752 Ι
1619 699 1707 753 55.

203 807 344 863 Luna
372 819 537 874 passa
578 808 661 856 est
701 799 963 871 eclypsim
1016 798 1071 852 4.
1127 794 1268 851 Non.
1319 791 1565 848 Januarii
1622 790 1710 863 (Α.

144 898 304 970 Roth.)
357 895 570 951 Ventus
625 892 918 947 vehemens
971 887 1149 945 factus
1204 894 1290 943 est
1345 884 1625 941 horribilis
1662 891 1715 939 et

142 1001 329 1047 mentes
358 988 644 1043 hominum
672 984 829 1040 valde
858 985 1158 1049 deteri-ens,
1216 990 1394 1036 turres
1429 987 1483 1034 et
1522 979 1716 1034 domos

144 1082 400 1153 dejiciens,
425 1087 481 1136 et
511 1079 678 1153 sjlvas
709 1078 1015 1145 eradicans,
1044 1076 1100 1129 in
1131 1073 1313 1145 vigilia
1341 1072 1715 1143 apostolorum

148 1173 378 1246 Symonis
429 1182 485 1227 et
536 1170 675 1225 Jude
711 1168 884 1240 (587),
936 1177 1171 1223 mortem
1224 1165 1409 1237 magni
1458 1163 1718 1235 principis

146 1262 340 1317 llenrici
386 1270 442 1315 et
488 1261 661 1315 totius
702 1260 878 1330 patrie
907 1256 1182 1313 eXcidium
1236 1255 1467 1311 forsitan
1499 1262 1719 1325 porten-

147 1355 281 1410 dens.
311 1352 506 1424 (Hunr.
544 1355 665 1421 vn.)
713 1349 827 1407 Hoc
877 1351 1041 1404 etiam
1083 1357 1197 1403 toto
1227 1363 1372 1402 anno
1400 1362 1495 1402 rex
1522 1344 1718 1400 Henri-

146 1460 230 1501 cus
249 1444 500 1498 continue
531 1449 779 1496 moratus
801 1450 884 1496 est
910 1440 962 1493 in
992 1428 1349 1501 Normannia,
1373 1443 1427 1491 et
1453 1450 1581 1505 sepe
1609 1449 1720 1488 non

150 1535 398 1590 rediturus
428 1550 483 1587 in
532 1532 786 1604 Angliam
818 1531 994 1586 redire
1023 1527 1364 1600 proponebat
1389 1543 1406 1594 ;
1453 1526 1548 1581 sed
1579 1524 1719 1580 deti-

150 1628 290 1681 nebat
308 1642 430 1680 eum
462 1624 574 1679 lilia
599 1625 721 1694 ejus
748 1620 1040 1678 discordiis
1063 1620 1252 1686 variis,
1275 1633 1381 1690 que
1405 1616 1722 1673 oriebantur

150 1720 372 1792 pluribus
417 1719 606 1775 causis
656 1719 798 1773 inter
845 1731 1026 1788 regem
1067 1724 1123 1770 et
1150 1712 1430 1770 consulem
1466 1708 1720 1780 Andega-

900 311 1273 371 cuttONICA.
1314 341 1381 352 -—
1426 305 1839 368 AUCTARIUM
1880 292 2184 365 nonunrt
2223 304 2313 363 DE
2350 308 2608 366 nonne.

3295 315 3398 370 £50

1742 432 1787 488 Α
1817 420 2026 477 Colmie
2086 437 2282 491 mons,
2352 422 2498 478 Pons
2565 421 2834 492 Ursonls,
2901 425 3155 482 Castrum
3230 441 3386 484 sanet

1815 513 2058 586 Dionysii
2121 514 2176 569 in
2245 514 2445 584 Leons,
2509 515 2679 573 Vallis
2722 516 2940 572 Rodulii
2994 518 3166 590 (5‘88),
3223 528 3405 578 turres

1813 606 2190 675 Ebroicarum,
2214 616 2392 665 turres
2416 609 2712 677 Alentonii,
2732 617 2909 667 turres
2927 610 3403 670 Constantiarum.

1814 698 1883 732 “°
1912 698 2046 771 (1b.)
2083 699 2235 756 Fecit
2270 701 2414 757 enim
2442 702 2495 756 in
2516 700 2851 759 Normannia
2885 712 2940 758 et
2980 704 3034 759 in
3070 705 3262 777 Anglia
3288 722 3392 762 mo

1814 791 2053 846 nasteria
2079 792 2335 863 plurima,
2367 794 2576 849 scilicet
2616 794 3012 849 monasterium
3042 794 3405 868 Radingensc,

1814 885 2211 940 monasterium
2244 886 2638 942 canonieorum
2681 887 3013 958 regularium
3065 888 3209 958 apud
3249 887 3404 943 Circ—

1814 986 2010 1044 eestre,
2051 978 2447 1035 monasterium
2477 979 2543 1034 de
2580 978 2744 1035 Prato
2790 981 2932 1050 apud
2980 978 3403 1051 Rothomagum,

1816 1069 2209 1126 monasterium
2275 1072 2342 1127 de
2399 1071 2615 1127 Mortuo
2678 1073 2837 1127 mari.
2896 1072 3048 1127 Fecit
3095 1071 3260 1126 etiam
3300 1071 3410 1126 aLa

1817 1161 1989 1216 multa
2038 1162 2257 1232 pietatis
2311 1178 2505 1233 opera,
2556 1179 2664 1234 que
2718 1165 2773 1218 in
2818 1164 2961 1219 libro
3013 1165 3079 1219 de
3132 1165 3244 1219 vita
3291 1165 3412 1235 ejus

1818 1254 2032 1324 plenius
2064 1255 2529 1312 enumeravimus.
2564 1255 2763 1325 (Hunr.
2803 1258 2948 1327 vni.)
2989 1255 3258 1329 Defuncto
3284 1271 3409 1326 rege

1818 1345 2053 1402 Henrico
2090 1347 2235 1417 apud
2266 1345 2530 1402 Sanctum
2574 1347 2879 1403 Dionisium
2924 1350 2982 1402 in
3015 1346 3161 1403 Silva
3192 1349 3412 1404 leonum

1818 1439 1873 1494 4.
1909 1438 2050 1494 Νοη.
2087 1439 2404 1507 Decenbris,
2432 1441 2655 1495 allatum
2696 1449 2779 1495 est
2804 1456 3003 1510 corpus
3029 1442 3149 1511 ejus
3188 1441 3242 1495 in
3274 1440 3412 1495 civi-

1820 1539 1985 1587 tatem
2018 1531 2419 1605 Rothomagum
2451 1536 2520 1589 ab
2548 1535 2960 1606 archiepiscopo
2984 1544 3037 1590 et
3065 1535 3335 1606 episcopis
3360 1544 3439 1607 et

1820 1626 2114 1682 comitibus
2136 1633 2190 1682 et
2218 1627 2538 1694 baronibus,
2596 1628 2690 1699 qui
2738 1629 2898 1683 multi
2940 1636 3324 1694 convenerant,
3360 1636 3415 1682 et

1822 1716 1878 1771 in
1909 1718 2145 1773 ecclesia
2170 1725 2358 1774 sancte
2387 1717 2555 1774 Mai-ie
2583 1728 2853 1789 apertum,
2904 1728 2957 1775 et
2999 1735 3094 1775 eor
3138 1727 3193 1774 et
3229 1720 3415 1789 lingua

152 1826 370 1876 vensem,
407 1809 624 1864 artibus
656 1807 862 1864 scilicet
888 1806 995 1861 ﬁlie
1042 1821 1159 1861 sue.
1209 1801 1420 1870 Quibus
1470 1799 1719 1856 stimula-

1822 1818 1876 1867 et
1927 1811 2140 1866 viscera
2190 1813 2311 1882 ejus
2364 1812 2420 1866 in
2481 1814 2815 1868 monasterio
2870 1813 3018 1869 Prati
3068 1822 3194 1868 ante
3244 1815 3416 1868 altare

153 1902 364 1957 tionibus
405 1917 500 1956 rex
521 1894 584 1955 in
640 1900 775 1954 iram
827 1908 881 1954 et
924 1897 1092 1953 animi
1136 1909 1421 1951 rancorem
1448 1891 1716 1948 excitatus

152 2004 255 2060 est;
289 2010 391 2065 que
432 2009 463 2048 a
500 1993 785 2049 nonnullis
829 2006 994 2047 causa
1024 1988 1290 2044 naturalis
1324 1983 1715 2049 refridationis,

154 2094 198 2141 et
231 2095 406 2158 postea
450 2085 651 2142 mortis
699 2084 818 2155 ejus
841 2099 1009 2140 causa
1030 2082 1175 2138 dicte
1204 2088 1332 2136 sunt
1359 2077 1547 2133 fuisse.
1578 2076 1715 2131 Cum

153 2181 295 2252 igitur
337 2180 402 2235 de
441 2188 645 2236 venatu
690 2195 785 2234 rex
817 2178 957 2233 idem
1004 2176 1237 2231 redisset
1271 2172 1414 2243 apud
1456 2168 1718 2226 Sanctum

154 2269 440 2345 Dionysium
475 2271 531 2327 in
571 2271 720 2327 Silva
751 2272 997 2337 leonum,
1024 2267 1261 2324 comedit
1296 2280 1491 2322 carnes
1533 2278 1719 2318 mure-

156 2379 342 2431 narum,
393 2381 499 2435 que
546 2380 764 2436 semper
814 2364 866 2420 ei
912 2363 1203 2428 nocebant,
1257 2367 1312 2416 et
1359 2372 1576 2429 semper
1624 2370 1721 2411 eas

158 2456 362 2511 amabat.
402 2455 542 2513 Cum
574 2467 757 2512 autem
794 2455 1038 2511 medicus
1078 2454 1184 2508 hoc
1226 2450 1436 2508 comedi
1466 2447 1722 2521 prohibe-

156 2558 240 2615 ret,
282 2566 381 2606 non
423 2549 704 2621 adquievit
748 2564 843 2603 rex
886 2547 1091 2603 salubri
1121 2545 1373 2612 consilio,
1418 2540 1719 2598 secundum

158 2641 281 2712 quod
329 2642 563 2699 dicitur:
630 2641 875 2696 Nitimur
932 2642 988 2695 in
1043 2641 1278 2706 vetitum,
1332 2653 1535 2706 semper
1574 2632 1724 2703 cupi-

160 2751 344 2806 musque
362 2748 567 2808 negata.
596 2734 706 2790 Hec
729 2735 892 2807 igitur
913 2734 1198 2800 eomestio,
1223 2730 1449 2802 pessimi
1476 2724 1723 2782 humoris

160 2826 330 2904 illatrix
357 2840 410 2885 et
435 2826 808 2884 consimilium
855 2826 1150 2882 vehemens
1197 2822 1510 2887 exeitatrix,
1550 2817 1722 2875 senile

160 2936 330 2992 corpus
351 2922 583 2978 letaliter
615 2920 904 2986 refridans,
956 2919 1192 2974 subitam
1219 2926 1273 2973 et
1293 2928 1567 2972 summam
1593 2907 1725 2965 fecit

161 3014 611 3084 perturbationem.
654 3013 858 3069 Contra
883 3010 1031 3084 quod
1079 3020 1275 3066 natura
1305 3009 1547 3065 renitens
1577 3002 1725 3061 exci-

161 3110 272 3164 tavit
318 3108 513 3165 febrem
560 3117 818 3174 acutam,
878 3106 945 3161 ad
991 3106 1255 3176 impetum
1315 3096 1722 3159 dissolvendum

1825 1904 2091 1959 tumulata
2142 1913 2310 1972 sunt;
2365 1919 2566 1976 corpus
2595 1921 2725 1960 vero
2774 1907 3044 1977 reliquum
3081 1906 3195 1961 sale
3241 1906 3415 1961 multo

1821 2011 2107 2066 aspersum
2135 1996 2300 2052 coriis
2341 2005 2426 2053 est
2461 1998 2785 2063 involutum,
2817 2006 2871 2053 et
2898 1996 3199 2052 Cademum
3231 2003 3414 2052 trans-

1824 2088 2019 2154 latum,
2063 2096 2118 2143 et
2157 2088 2314 2159 juxta
2357 2089 2627 2144 tumulum
2656 2090 2827 2159 patris
2856 2090 2940 2145 sui
2983 2089 3038 2143 in
3078 2087 3416 2144 monasterio

1822 2181 1994 2235 sancti
2024 2179 2281 2252 Stephani
2312 2182 2570 2251 positum,
2593 2196 2880 2252 usquequo
2907 2190 3129 2236 ventum
3146 2181 3211 2236 ad
3239 2189 3417 2237 trans-

1822 2268 2130 2326 fretandum
2173 2272 2586 2328 convenientem
2616 2282 3012 2343 exsequutores
3059 2274 3416 2343 exequiarum

1822 2360 1943 2431 ejus
1997 2360 2281 2417 haberent.
2340 2360 2486 2418 Infra
2540 2379 2671 2433 ergo
2720 2364 3008 2419 duodecim
3059 2363 3177 2419 dies
3222 2365 3419 2419 natalis

1824 2453 2039 2510 Domini
2092 2456 2364 2526 sepultum
2397 2466 2481 2513 est
2533 2457 2588 2511 in
2624 2456 2959 2513 monasterio
3010 2465 3197 2512 sancte
3249 2455 3419 2511 Matio

1826 2550 2178 2625 Badingensi,
2201 2551 2347 2621 quod
2375 2566 2405 2606 a
2437 2550 2808 2606 fundamentis
2830 2552 2946 2621 ipse
2967 2548 3335 2615 edilieaverat,
3360 2558 3415 2603 et

1826 2644 2163 2699 ornamentis
2212 2651 2267 2698 et
2319 2642 2764 2714 possessionibus
2819 2644 3105 2714 ditaverat.
3166 2640 3421 2695 Interfuit

1825 2736 2072 2807 exequiis
2124 2736 2244 2807 ejus
2299 2734 2613 2807 Stephanus
2656 2736 2770 2807 jam
2822 2750 2916 2789 rex
2969 2750 3140 2804 nepos
3183 2733 3331 2804 ejus,
3366 2742 3421 2787 et

1826 2830 2273 2901 archiepiscopus
2314 2828 2750 2903 'Cantuariensis
2808 2827 3165 2893 Willermus,
3218 2836 3272 2881 et
3327 2824 3420 2880 alii

1826 2938 2080 2994 proceres
2108 2923 2281 2993 regni.
2331 2922 2612 2993 Siquidem
2654 2922 2932 2993 predictus
2961 2904 3277 2989 Stephanus
3294 2934 3420 2973 cum

1826 3024 1970 3070 esset
1999 3014 2054 3069 in
2082 3016 2344 3070 comitatu
2377 3031 2479 3071 suo
2511 3014 2753 3081 Bolonie,
2798 3015 2984 3069 audita
3033 3020 3209 3068 morte
3250 3026 3422 3065 avun-

1828 3106 1935 3162 culi
1960 3107 2046 3161 sui
2071 3106 2416 3163 tranfretavit
2435 3106 2701 3163 citissime
2728 3107 2781 3162 in
2810 3107 3097 3177 Angliam;
3122 3104 3208 3160 vir
3226 3117 3423 3174 magne

162 3201 370 3257 materiai
396 3201 740 3273 gravissime.
787 3197 927 3254 Cum
980 3209 1163 3254 autem
1212 3203 1419 3252 restare
1473 3194 1621 3248 nulla
1666 3187 1720 3243 vi
1750 3172 1791 3227 (ἶ
1824 3197 2167 3253 six-cummis
2217 3206 2271 3252 ρι
2323 3197 2570 3251 audacia.
2647 3197 2713 3250 Et
2761 3196 3013 3267 quamvis
3076 3194 3425 3265 promisisset

163 3301 336 3361 posset,
359 3292 593 3349 decessit
616 3307 711 3347 rex
733 3307 989 3363 magnus,
1014 3306 1138 3345 cum
1161 3295 1445 3361 regnasset
1469 3286 1538 3341 35
1563 3283 1722 3340 annis

164 3393 207 3437 et
231 3382 258 3437 ι1
278 3385 563 3455 mensibus,
589 3385 645 3440 in
672 3385 847 3456 prima
883 3383 971 3440 die
995 3382 1331 3439 Decembris.

168 3472 247 3545 (ll.
277 3474 426 3532 llenr.
453 3477 568 3551 ⁸55.)
614 3475 767 3543 Quod
809 3477 1075 3531 modicum
1121 3481 1372 3546 prestent,
1421 3471 1560 3545 quod
1602 3487 1721 3542 opes

1030 3566 1305 3640 [magnum
1335 3564 1499 3619 nichil
1526 3572 1720 3630 extent,

170 3654 258 3713 Rea:
273 3661 441 3729 probat
471 3660 755 3716 Henricus.
791 3658 901 3714 Rex-
928 3660 1097 3713 vivens
1118 3658 1266 3729 pacis
1288 3658 1490 3712 amicas

174 3748 403 3806 Extiterat
429 3770 447 3817 ;
478 3751 742 3824 siquidem
767 3767 858 3822 pre
879 3750 1083 3804 cunctis
1113 3750 1280 3803 ditior
1307 3748 1469 3814 idem,

160 3840 368 3921 OOcCiduc
393 3846 526 3916 genti
561 3859 692 3915 quos
720 3840 938 3915 pretulit
962 3841 1090 3894 ordo
1123 3840 1353 3912 regendi.

173 3931 342 4004 Quippe
361 3946 504 4007 pater
527 3935 734 4008 populi,
764 3952 855 3989 rex
884 3943 933 3990 et
966 3933 1129 3988 tutela
1151 3932 1331 4005 pusilli

173 4022 289 4077 Dum
307 4028 414 4095 pius
445 4029 555 4099 ipse
585 4029 717 4095 ruit,
739 4027 869 4098 furit
898 4027 1114 4097 impius,
1155 4027 1422 4095 opprimit,
1450 4024 1578 4078 urit.

172 4115 335 4187 Anglia
356 4119 522 4191 lugeat
546 4121 692 4187 hinc,
733 4120 1096 4174 Normannica
1134 4136 1255 4190 gens
1280 4119 1405 4188 ﬂeat
1431 4118 1599 4172 illinc.

179 4204 379 4277 Occidis,
404 4210 650 4279 Henrice,
678 4222 800 4267 tunc
828 4228 954 4283 pax,
987 4228 1125 4266 nunc
1153 4210 1327 4264 luctus
1352 4212 1578 4280 utrique.

177 4295 271 4361 Quo
296 4300 409 4354 dum
438 4302 573 4356 dura
607 4302 767 4372 febris
803 4303 975 4372 prima
1008 4301 1102 4355 sub
1128 4311 1276 4354 nocte
1302 4299 1582 4353 Decenbris

179 4384 399 4443 Mundam
434 4392 676 4457 nudavit,
708 4392 901 4444 mundo
938 4389 1080 4444 mala
1119 4389 1524 4461 multiplicauit:

179 4474 337 4549 Sensu,
364 4481 581 4549 divitiis,
614 4484 788 4548 aditu,
815 4483 1029 4552 feritate
1048 4483 1270 4549 decenti,

181 4567 309 4639 Mira,
340 4573 450 4642 plus
481 4575 650 4641 dictu,
692 4576 794 4630 vim
834 4575 1111 4645 perpessis,
1148 4574 1443 4642 scelerosis,

181 4656 437 4733 Exi-clleis,
462 4666 714 4737 locuples,
750 4665 895 4720 haud
928 4666 1174 4737 di/ﬁcilis,
1210 4667 1546 4734 reverendus,

184 4748 266 4805 llic
290 4755 419 4823 jacet
457 4759 718 4815 Henricus
750 4774 862 4824 rex,
905 4758 1169 4829 quondam
1214 4774 1343 4828 pax,
1374 4758 1530 4814 decus
1561 4759 1723 4814 orbis.

237 4843 330 4914 (Ib.
359 4850 465 4923 3i.)
498 4849 734 4906 Nomina
762 4849 1132 4916 castellorum,
1168 4864 1275 4920 que
1301 4850 1356 4904 in
1390 4847 1727 4905 Normannia

182 4947 236 4988 ex
259 4936 448 5012 integro
476 4944 603 5000 fecit
630 4959 723 4999 rex
754 4942 1024 4998 Henricus
1050 4942 1105 4996 in
1127 4941 1372 5013 margine
1394 4942 1566 5013 ipsius
1595 4959 1725 5013 pro-

185 5026 347 5098 vineie,
377 5034 472 5092 hec
493 5045 620 5093 sunt
645 5056 657 5091 :
696 5034 1023 5102 Drincurtis,
1050 5031 1261 5089 Novum
1295 5046 1536 5090 castrum
1567 5052 1732 5108 super

186 5113 367 5193 Eptam,
400 5125 731 5198 Vernolium,
755 5127 1186 5196 Nonantieurtis,
1215 5126 1729 5198 Bonmolendinnm,

1823 3299 2228 3345 sacramentum
2280 3288 2557 3343 fidelitatis
2621 3287 2834 3360 Anglici
2888 3287 3045 3358 regni
3108 3285 3218 3341 ﬁlie
3277 3283 3423 3356 regis

1824 3378 2066 3446 Henrici,
2088 3388 2269 3434 tamen
2295 3379 2364 3411 ⁸⁸³
2391 3378 2541 3451 regni
2561 3379 2814 3435 diadema
2839 3373 3058 3433 audatia
3076 3394 3173 3434 sua
3201 3374 3419 3433 invasit.

1823 3471 2145 3526 Willermus
2181 3470 2598 3529 Cantuariensis
2637 3470 3109 3539 archiepiscopus,
3162 3470 3256 3540 qui
3309 3466 3427 3539 pri-

1823 3579 1949 3619 mus
1977 3570 2383 3619 sacramentum
2424 3562 2532 3618 tilie
2553 3562 2699 3635 regis
2732 3562 2958 3628 fecerat,
2991 3575 3116 3615 eum
3149 3561 3203 3615 in
3237 3562 3421 3631 regem

1821 3656 2121 3724 benedixit,
2139 3665 2193 3711 et
2214 3666 2337 3727 post
2358 3672 2560 3711 annum
2582 3672 2689 3710 non
2719 3656 2872 3711 vixit.
2898 3653 3171 3726 Rogerius
3192 3653 3422 3725 Magnus

1825 3747 2252 3806 Salesberiensis
2299 3750 2607 3819 episcopus,
2661 3749 2754 3820 qui
2806 3747 3079 3804 secundus
3123 3746 3226 3803 hoc
3276 3747 3418 3802 idem

1826 3841 2027 3900 fecerat
2062 3852 2117 3899 ct
2145 3841 2401 3921 omnibus
2427 3843 2547 3896 aliis
2572 3842 2985 3912 predictaverat,
3013 3841 3262 3897 diadema
3288 3841 3336 3896 ei
3365 3851 3422 3898 et

1825 3937 1968 3993 vires
2020 3938 2209 3992 auxilii
2258 3936 2343 3993 sui
2394 3934 2603 3989 tribuit.
2658 3933 2813 3989 Unde
2859 3943 3070 4005 postea,
3122 3935 3274 4005 justo
3322 3930 3423 3991 Dei

1821 4029 2050 4100 judicio,
2081 4030 2149 4084 ab
2177 4029 2388 4095 eodem,
2437 4043 2600 4098 quem
2646 4027 2853 4083 creavit
2894 4028 2948 4082 in
2995 4043 3200 4100 regem,
3228 4036 3421 4099 captus

1824 4126 1880 4175 et
1924 4120 2291 4186 excruciatus,
2338 4118 2712 4175 miserandum
2766 4123 2994 4174 sortitus
3037 4128 3121 4174 est
3156 4119 3421 4174 extermi-

1826 4211 2000 4266 nium.
2057 4209 2162 4265 Sed
2205 4210 2336 4280 quid
2363 4210 2587 4265 morer?
2616 4208 2820 4264 Omnes
2870 4210 2965 4279 qui
3014 4218 3421 4265 sacramentum

1826 4302 2078 4368 inierant,
2118 4311 2227 4357 tam
2258 4301 2506 4372 presules
2536 4317 2700 4371 quam
2735 4300 3010 4367 consules,
3046 4299 3112 4355 ad
3144 4300 3273 4370 quid
3300 4299 3425 4354 inde

1806 4394 2077 4449 "venerint
2110 4395 2458 4464 perspicuum
2505 4404 2607 4450 est.
2652 4393 2750 4467 (II.
2786 4392 2980 4463 Henr.)
3010 4388 3211 4447 Audita
3247 4400 3425 4447 morte

1750 4484 1973 4573 Dregis
2025 4482 2267 4548 Henriei,
2321 4499 2508 4539 eomes
2558 4483 2969 4554 Andegavensis
3021 4492 3075 4538 et
3122 4498 3260 4536 uxor
3305 4481 3428 4551 ejus

1832 4575 2089 4641 Matildis,
2118 4575 2227 4630 ﬁlia
2255 4573 2501 4645 ejusdem
2536 4576 2700 4645 regis,
2729 4576 2938 4645 absque
2973 4574 3081 4629 ulla
3111 4573 3428 4630 dilbcultate

1795 4728 1800 4734 _
1831 4668 2055 4726 castella
2084 4664 2418 4721 Normannie
2458 4664 2834 4731 obtinuerunt,
2867 4664 3119 4720 videlicet
3148 4663 3425 4719 Danfron-

1833 4772 1964 4828 tem,
2011 4759 2410 4833 Argentolium,
2470 4756 2749 4824 Oximum,
2796 4756 3112 4821 Ambreras,
3170 4755 3425 4813 Gorram.

1832 4854 2041 4910 Colmie
2066 4862 2329 4908 montem.
2387 4850 2494 4908 Ista
2537 4851 2641 4906 tria
2670 4850 2864 4905 ultimo
2898 4848 3177 4903 nominata
3207 4847 3427 4902 interim
3455 4848 3461 4854 ’

1834 4963 2017 5004 comes
2043 4946 2315 5002 concessit
2339 4943 2551 5023 _Gihello
2572 4943 2639 4998 de
2661 4941 2947 5007 Meduana,
2974 4942 3075 4996 hac
3095 4940 3429 5004 conditione,

1833 5048 1895 5094 nt
1922 5038 2039 5108 ipse
2064 5051 2188 5092 eum
2222 5035 2449 5091 ﬁdeliter
2474 5030 2759 5101 adjuvaret
2786 5030 2845 5086 in
2879 5029 3220 5102 adquirenda
3262 5029 3426 5083 here—

1833 5127 2057 5191 ditatem
2085 5125 2278 5180 uxoris
2303 5139 2399 5180 sue
2422 5132 2477 5179 et
2502 5120 2739 5177 ﬁliorum
2763 5136 3013 5177 suorum.
3040 5120 3260 5176 Dicebat
3280 5116 3427 5172 enim

1457 5239 1688 5298 VARUE
1724 5238 2136 5300 LECTIONES.

247 5348 307 5431 ⁸ξῖ
340 5362 531 5431 turrem
569 5360 628 5415 S.
664 5357 934 5415 Johannis
957 5358 1113 5431 juxta
1142 5368 1383 5416 montem
1417 5359 1476 5416 S.
1509 5361 1790 5420 Michaelis
1810 5372 1865 5420 et
1886 5362 2024 5418 alias
2044 5362 2253 5431 plures,
2277 5374 2418 5429 quas
2441 5375 2605 5430 supra
2644 5355 3197 5431 commemoravimus
3224 5352 3429 5431 addunt

192 5416 339 5505 ﬁl"-
370 5427 443 5482 δά.
488 5416 977 5505 Iisdem‘sequentid
1004 5429 1153 5486 Fecit
1175 5461 1248 5470 —
1268 5431 1504 5505 plurima
1534 5416 2021 5505 destituti—Fecit}?-
2046 5416 2440 5505 canonicdrum
2490 5416 2549 5484 re
2576 5431 2639 5505 in_
2661 5447 2852 5484 rasura
2882 5427 3162 5505 Rutbertus
3194 5423 3338 5477 circa
3372 5440 3427 5505 α.

195 5486 594 5573 ξξθὸλβοζνεωὶι.
669 5501 737 5533 ³⁶¹
765 5486 899 5573 fante
924 5510 1114 5573 etpost
1144 5486 1326 5557 tamen
1358 5502 1414 5555 in
1438 5486 1502 5557 Ε.
1549 5486 1764 5560 erasum
1780 5486 2146 5573 esti-aliquid;
2178 5500 2352 5573 fretus
2380 5510 2563 5556 tamen
2589 5501 2775 5572 vigore
2805 5508 2857 5555 et
2890 5496 3235 5568 prudentiam
3277 5493 3428 5567 regni

203 5558 265 5616 7b.
295 5563 370 5621 8d.
406 5568 470 5625 fr.
508 5580 687 5628 tamen
727 5572 911 5645 vigore
934 5558 1373 5644 et'impudentia,
1407 5574 1558 5646 regni
1578 5558 1633 5630 2.
1657 5558 2002 5633 etWHeni-icus'
2027 5558 2327 5642 Huntingd.

257 5766 384 5842 (587)
420 5773 478 5829 D.
512 5777 579 5832 27
617 5777 737 5836 Oct.

1648 5690 1875 5749 αυΤλΕ.

1913 5784 2060 5855 (588)
2101 5779 2420 5839 Vaudreuil.
2450 5775 2654 5845 BOUQ.
