3934 6316
543 287 643 342 liii

684 411 1029 451 IOHANORUH.
1177 406 1510 447 FRANCORUII.
1659 406 1963 444 ANGLOBUI.

541 488 685 544 ilem
716 486 981 552 Gihellus,
1018 485 1109 538 illa
1155 484 1352 554 oppida
1414 498 1535 536 esse
1563 481 1617 536 in
1647 489 1794 536 terra
1827 496 1947 535 sna.
1981 479 2114 535 Red-

540 582 650 636 dite
696 587 826 635 sunt
867 578 1033 651 etiam
1082 576 1325 647 predicto
1368 574 1552 630 comiti
1600 590 1791 643 omnes
1845 573 2129 628 ﬁrmitates

548 670 811 725 Willermi
842 667 1066 723 Talevat
1095 666 1312 722 comitis
1350 665 1582 732 Pontivi,
1626 680 1766 735 quas
1802 664 2036 718 habebat
2072 664 2127 716 in

540 759 898 828 Normannia,
930 777 1066 831 quas
1105 777 1200 815 rex
1246 758 1514 814 llenricus
1564 758 1796 819 habebat
1849 757 1904 811 in
1962 772 2127 811 manu

542 870 641 909 sua
662 863 788 909 ante
818 863 1048 908 mortem
1075 869 1253 918 suam,
1290 860 1343 907 ct
1371 868 1401 907 a
1430 851 1631 922 quibus
1653 851 1970 905 exulaverat
1994 865 2130 921 eun—

542 948 664 1002 dem
703 946 1067 1001 Willermum.
1102 945 1167 1000 Et
1192 946 1312 999 ideo
1335 945 1611 1014 aliquanta
1633 943 1907 999 discordia
1950 942 2130 998 fuerat

543 1038 685 1094 inter
709 1054 890 1110 regem
910 1048 964 1094 et
986 1030 1237 1094 comitem
1257 1046 1311 1092 ct
1331 1036 1728 1107 imperatricem
1752 1044 1877 1089 ante
1897 1044 2126 1090 mortem

543 1130 718 1200 ipsius
750 1131 916 1202 regis,
950 1131 1075 1200 quia
1110 1130 1329 1184 nolebat
1370 1129 1596 1183 reddere
1622 1127 1905 1181 Willermo
1936 1142 2127 1183 cassa-

543 1231 785 1277 mentum
832 1238 1013 1276 suum.
1063 1221 1192 1275 Erat
1217 1230 1271 1277 et
1304 1221 1408 1277 alia
1434 1236 1599 1275 causa
1646 1220 1818 1289 ipsius
1856 1218 2128 1275 discordie

542 1314 738 1383 major,
776 1314 903 1384 quia
937 1331 1031 1369 rex
1074 1314 1292 1368 nolebat
1340 1312 1517 1368 facere
1547 1312 1857 1367 ﬁdelitatem
1894 1312 2001 1367 lilie
2031 1327 2128 1367 sue

541 1412 596 1457 et
616 1404 813 1458 marito
834 1398 953 1473 ejus
978 1403 1117 1458 idem
1147 1402 1463 1472 requirenti,
1509 1402 1574 1456 de
1610 1402 1866 1456 omnibus
1897 1400 2122 1455 ﬁrmita-

540 1491 689 1548 tibus
735 1490 1066 1547 Normannie
1112 1502 1166 1547 et
1207 1491 1415 1564 Anglic.
1465 1482 1578 1546 Hoc
1605 1492 1748 1545 enim
1778 1490 2128 1561 requirebant

540 1594 762 1655 propter
802 1584 942 1640 ﬁlios
980 1601 1132 1652 suos,
1169 1585 1262 1656 qui
1292 1592 1448 1640 erant
1477 1578 1702 1655 legitimi
1732 1583 1954 1637 heredes
1985 1582 2127 1653 regis

541 1673 780 1730 llenrici.
836 1675 1033 1731 Comes
1088 1691 1220 1731 vero
1272 1674 1565 1730 Gaufridns
1619 1675 1850 1745 benigne
1895 1672 2128 1729 reddidit

538 1768 756 1823 easdem
791 1767 1074 1823 ﬁrmitates
1121 1767 1365 1838 predicto
1398 1766 1698 1821 Willermo.
1737 1765 1952 1820 Mortuo
1978 1781 2123 1838 rege,

538 1866 601 1913 ut
642 1859 944 1929 predictum
990 1867 1093 1926 est,
1140 1860 1427 1930 optimates
1474 1857 1807 1913 Normannie
1839 1854 2125 1913 confestim

537 1950 807 2006 miserunt
859 1960 1079 2022 propter
1126 1951 1379 2005 comitem
1430 1943 1751 2017 Tebaldum,
1804 1958 1863 2005 ut
1903 1950 2128 2005 veniens

536 2042 803 2114 reciperet
837 2041 1249 2098 Normanniam.
1307 2041 1463 2098 Venit
1489 2043 1671 2113 itaque
1699 2041 2125 2114 Rotbomagum,

518 2142 594 2193 .et
621 2144 809 2205 postea
847 2134 1120 2191 Luxovias
1152 2137 1205 2190 in
1238 2136 1467 2191 sabatho
1510 2135 1706 2205 jejunii
1748 2134 1945 2190 decimi
1974 2150 2129 2190 men-

538 2225 617 2281 sis
668 2225 840 2296 (589).
895 2225 954 2281 In
997 2228 1238 2283 crastino
1285 2226 1415 2281 dum
1464 2227 1868 2297 colloqueretur
1906 2226 2024 2297 ipse
2074 2234 2128 2282 et

537 2330 725 2372 comes
752 2316 1081 2374 Gloecestrie
1110 2318 1402 2385 Rohertus,
1435 2319 1584 2373 venit
1627 2320 1863 2393 nuncius
1902 2319 1970 2374 de
2015 2320 2128 2374 An-

536 2408 665 2479 glia,
720 2410 907 2465 dicens
964 2411 1298 2481 Stephanum
1350 2409 1573 2466 fratrem
1628 2427 1789 2466 suum
1832 2411 1946 2482 jam
2006 2426 2127 2466 esse

537 2515 741 2571 regem.
811 2500 907 2557 llis
967 2503 1190 2570 auditis,
1264 2518 1452 2559 comes
1504 2502 1834 2558 Gloecestris
1899 2504 2128 2559 reddidit

535 2601 779 2648 castrum
813 2593 1045 2661 Falesie,
1099 2596 1245 2666 quod
1294 2595 1549 2661 habebat,
1604 2595 1917 2665 absportata
1972 2596 2127 2665 prius

536 2698 733 2754 magna
792 2694 944 2755 parte
1001 2687 1244 2743 thesauri
1302 2688 1444 2758 regis
1490 2683 1731 2753 l’lenrici,
1767 2687 1914 2758 quod
1954 2704 2128 2759 nuper

535 2774 760 2830 allatum
781 2776 959 2833 fuerat
976 2778 1043 2834 de
1062 2778 1276 2850 Anglia.

608 2868 766 2923 1156.
807 2867 1093 2926 Lotharius
1131 2872 1220 2928 Η.
1257 2871 1557 2928 Ludovicus
1597 2871 1687 2928 26.
1732 2872 2028 2944 Stephanus
2068 2874 2119 2929 1.

610 2957 810 3030 (lluur.
838 2960 982 3034 vni.)
1022 2960 1333 3034 Stephanus
1364 2980 1461 3020 rex
1490 2964 1648 3020 duxit
1676 2981 1935 3038 magnum
1966 2981 2123 3022 exer-

535 3050 704 3148 citum
745 3051 800 3107 in
841 3051 1105 3122 Scotiam,
1134 3063 1190 3111 et
1216 3072 1329 3137 rex
1355 3056 1525 3113 David
1549 3058 1867 3129 paciﬁcatus
1887 3069 1971 3116 est
1996 3076 2119 3116 cum
2154 3090 2195 3148 α

535 3158 623 3196 eo.
653 3140 968 3200 llominium
999 3155 1180 3202 tamen
1210 3134 1329 3205 non
1364 3147 1491 3206 fecit
1517 3150 1589 3218 ei,
1632 3151 1758 3221 quia
1787 3152 1996 3222 primus
2021 3152 2126 3206 lai-

536 3249 728 3290 tzorum
759 3248 1162 3294 sacramentum
1195 3239 1401 3296 fecerat
1447 3243 1801 3313 imperatrici,
1852 3244 1947 3299 sed
1979 3237 2126 3299 Hen-

537 3325 687 3383 ricus
737 3327 881 3384 ﬁlius
926 3329 1099 3401 ipsius
1148 3331 1320 3387 David
1366 3334 1672 3390 hominium
1696 3333 1826 3391 fecit
1850 3335 1965 3407 regi
2002 3336 2125 3391 Ste-

534 3419 739 3489 phano.
769 3420 848 3476 Ad
873 3424 1184 3495 rogationes
1204 3441 1331 3480 cum
1379 3437 1524 3483 esset
1562 3428 1899 3500 divulgatum
1942 3443 2124 3501 regem

534 3524 657 3566 esse
700 3521 999 3582 mortuum,
1025 3517 1167 3586 cepit
1208 3516 1364 3589 Hugo
1395 3518 1564 3591 Bigog
1589 3521 1871 3575 castellum
1895 3518 2124 3587 Norwit,

534 3602 768 3658 reddidit
797 3606 932 3677 regi.
966 3605 1098 3662 Item
1141 3623 1237 3663 rex
1266 3610 1412 3679 cepit
1439 3612 1722 3666 castellum
1764 3610 2124 3679 Bachentum,

533 3693 661 3762 quia
693 3693 964 3752 Robertus
984 3699 1241 3753 dominus
1273 3700 1394 3769 ejus
1420 3716 1450 3754 a
1478 3717 1602 3771 rege
1623 3701 1947 3757 desciverat.
1998 3700 2127 3757 Inde

534 3784 747 3840 obsedit
791 3786 1156 3855 Exceoestre,
1207 3806 1372 3859 quam
1436 3791 1653 3845 tenebat
1706 3790 2006 3847 Balduinus
2061 3792 2128 3847 de

488 3952 495 3957 θ
532 3874 757 3933 Revers.
784 3877 1014 3934 Reddito
1033 3882 1255 3935 castello
1280 3882 1505 3937 abstulit
1525 3898 1619 3937 rex
1642 3881 1864 3938 Vectam
1892 3883 2127 3939 insulam

529 3967 705 4024 eidem
739 3969 1024 4037 Balduino,
1063 3972 1378 4049 ctexulavit
1417 3989 1541 4028 eum
1589 3975 1658 4029 ab
1697 3970 1911 4045 Anglia.
1945 3973 2130 4032 Mense

530 4057 781 4129 Augusto
806 4062 950 4131 apud
979 4061 1441 4136 Argentomagum
1470 4075 1632 4122 natus
1666 4074 1749 4121 est
1774 4065 2124 4135 Guillermus,

531 4151 742 4206 teocius
788 4151 931 4208 ﬁlius
968 4156 1187 4212 comitis
1223 4155 1489 4237 Gaufridi.
1541 4157 1637 4229 (H.
1688 4158 1881 4230 Henr.)
1933 4158 2129 4231 Vigilia

532 4242 821 4314 cpiphanie
869 4244 1048 4302 factus
1094 4259 1178 4304 est
1226 4259 1421 4306 ventus
1478 4252 1770 4321 maximus.
1820 4250 1967 4308 Obiit
2000 4250 2129 4309 Wil-

531 4334 737 4390 lermus
789 4336 1202 4398 Cantuariensis
1259 4344 1727 4415 archiepiscopus.
1785 4344 1852 4400 Et
1892 4347 2129 4402 cessavit

1714 270 2077 330 succosa“
2113 269 2643 329 GEMBLACENSIS
3679 279 3758 334 ιεε

2157 389 2199 445 A
2229 402 2373 453 sore,
2404 386 2449 461 ~9
2487 387 2669 442 annis.
2701 385 2832 442 Post
2877 402 3041 458 quem
3072 387 3336 445 electione
3377 389 3537 447 totius
3572 407 3759 465 congio.

2230 480 2466 551 gationis
2502 480 2671 535 abbas
2698 479 3051 546 constitutus,
3101 481 3241 543 rexit
3278 482 3499 536 eandem
3536 482 3761 543 abbatian

2230 572 2391 627 annis
2420 571 2507 638 l2,
2531 572 2724 627 diebus
2751 572 2837 625 12.
2866 570 3107 628 Transiit
3132 584 3315 631 autem
3342 586 3495 634 nocte
3514 579 3764 638 nativitatis

2231 666 2406 721 sancti
2448 664 2716 722 Johannis
2760 667 3018 737 baptiste,
3064 669 3167 725 hoc
3192 679 3280 726 cst
3320 672 3373 727 8.
3406 672 3762 742 Kalend._.lulii,

2230 770 2374 809 anno
2400 756 2560 811 etatis
2593 772 2691 811 sue
2715 756 2801 823 71,
2832 759 3194 816 monachatus
3213 777 3342 817 vero
3369 762 3456 816 47.
3485 762 3621 834 (590)
3651 763 3762 820 Pau-

2229 849 2420 919 cisqne
2442 848 2778 920 interpositis
2803 851 3018 918 diebus,
3068 851 3277 909 electus
3302 854 3386 909 est
3410 845 3572 910 abbas
3592 856 3764 910 donnus

2230 940 2561 1008 Thebaldus,
2614 943 2697 997 vir
2752 944 2951 999 nobilis
3002 953 3055 1000 et
3105 946 3333 1016 probus,
3380 947 3474 1018 qui
3523 955 3638 1003 tunc
3675 958 3765 1002 erat

2228 1034 2378 1106 prior
2401 1033 2497 1107 (ΙΙ.
2528 1034 2744 1105 Herm).

2336 1125 2506 1181 Lucta
2536 1128 2692 1198 [inita
2718 1145 2838 1183 cum
2868 1146 3045 1196 carne,
3086 1129 3166 1185 vir
3194 1128 3482 1186 Israhelita

2333 1219 2509 1273 Abbas
2543 1219 2684 1274 Boso
2708 1221 2793 1275 die
2828 1223 3097 1292 requievit,
3124 1240 3229 1293 qua
3259 1221 3518 1277 Zacharie

2333 1309 2513 1364 Filius
2541 1313 2799 1378 exoritur,
2830 1329 2933 1383 quo
2960 1312 3135 1383 major
3156 1330 3262 1368 non
3285 1316 3541 1384 reperitur

2337 1398 2561 1472 Surgere
2581 1412 2892 1457 cunctarum
2916 1413 3067 1458 natos
3092 1406 3232 1459 inter
3256 1405 3535 1459 mulierum

2338 1491 2448 1546 Hec
2476 1494 2670 1563 pietate
2704 1494 2804 1548 Dei
2835 1504 2944 1549 tam
2970 1495 3068 1550 lete
3096 1496 3234 1567 festa
3255 1496 3385 1564 diei,

2334 1583 2456 1639 Sint
2491 1586 2757 1657 ingressus
2777 1589 2827 1641 ei
2849 1588 3193 1658 paradisiace
3216 1589 3437 1659 requiei.

2336 1678 2508 1732 Abbas
2536 1677 2831 1745 Beccensis,
2868 1678 3018 1748 cujus
3044 1695 3215 1735 sermo
3245 1681 3349 1750 fuit
3376 1681 3538 1747 ensis,

2444 1768 2712 1822 Abradens
2737 1771 2954 1835 ricium;
2982 1787 3085 1841 quo
3114 1771 3278 1825 datur
3303 1768 3555 1837 exicium,

2333 1856 2473 1912 Boso
2495 1866 2647 1928 pater
2671 1875 2915 1931 magnus,
2945 1861 3164 1915 tumidis
3190 1860 3293 1929 leo,
3323 1861 3538 1915 mitibus
3559 1878 3716 1932 agnus.

2441 1950 2513 2005 Et
2537 1952 2711 2007 dulcis
2736 1951 2952 2023 populo,
2986 1953 3047 2023 ﬁt
3071 1953 3206 2007 cinis
3230 1954 3328 2008 hoc
3353 1952 3572 2019 tumulo,

2335 2042 2430 2097 Fit
2454 2046 2589 2098 cinis
2614 2044 2713 2098 hac
2752 2044 2954 2111 tumba,
2994 2045 3085 2115 qui
3128 2061 3340 2115 serpens
3388 2054 3542 2116 atque
3579 2040 3770 2097 columba

2441 2132 2526 2188 Ex
2555 2134 2819 2205 probitate
2850 2134 2977 2204 fuit,
3016 2135 3184 2188 vivere
3213 2135 3340 2187 dum
3370 2135 3561 2205 potuit.

2333 2224 2477 2297 Ergo
2504 2226 2682 2281 ridens
2714 2243 2915 2293 rersus,
2943 2234 3063 2280 atra
3094 2243 3158 2280 ne
3179 2227 3250 2279 sit
3287 2224 3436 2298 Stige
3460 2242 3662 2291 mersus,

2438 2318 2566 2391 Regi
2588 2319 2749 2389 [unde
2777 2335 3002 2390 precem,
3029 2336 3181 2390 quem
3215 2321 3357 2373 necis
3380 2337 3490 2374 esse
3513 2335 3668 2389 aerem

2336 2410 2636 2478 Credimus,
2660 2421 2711 2466 et
2734 2412 2883 2479 celis,
2922 2396 3131 2467 scandit
3153 2429 3256 2483 quo
3281 2408 3504 2491 quisqqp
3521 2408 3677 2482 ﬁdelis

2438 2498 2537 2558 Det
2563 2505 2681 2574 pius
2703 2521 2813 2560 esse
2832 2503 2956 2571 sibi,
2982 2506 3072 2576 qui
3098 2504 3465 2572 Deus'exstat,
3494 2505 3583 2559 ibi.

2296 2595 2497 2652 Comes
2520 2590 2791 2653 Tebaldus
2818 2612 2989 2667 nepos
3026 2598 3170 2669 regis
3196 2590 3441 2664 Henriel,
3471 2595 3770 2652 conductusa

2227 2688 2466 2745 Roberto
2512 2690 2710 2746 comite
2762 2689 3078 2756 Leicestrie,
3117 2690 3332 2745 obsedit
3388 2698 3599 2761 pontem
3638 2684 3770 2742 sancti
3886 2684 3887 2749 l

2225 2780 2392 2849 Petri,
2434 2790 2491 2837 et
2541 2783 2687 2853 cepit
2737 2798 2864 2838 eum
2917 2797 3081 2853 super
3124 2782 3423 2854 Rogerium
3472 2783 3538 2836 de
3582 2779 3771 2848 Toenejo

2228 2872 2426 2946 (lum).
2469 2873 2567 2946 (Η.
2600 2873 2794 2946 Henr.)
2832 2872 3039 2931 Eodem
3078 2867 3225 2929 anno
3266 2873 3771 2943 ohieruntplureset
3886 2924 3887 2939 χ

2227 2966 2566 3038 principibus
2595 2966 2826 3039 Anglie:
2854 2966 3174 3022 Willermus
3214 2966 3514 3021 Cantuarie
3553 2960 3773 3031 archiepio

2229 3074 2449 3129 scapus,
2491 3057 2769 3114 Iohannes
2809 3059 3099 3129 cpiscopus
3130 3057 3563 3123 Roverecestrie,
3596 3055 3771 3109 Willer-

2228 3167 2352 3207 mus
2394 3153 2682 3222 episc0pus
2726 3151 2952 3215 Exonie,
2998 3150 3267 3207 Rieardus
3314 3150 3465 3205 ﬁlius
3512 3145 3770 3207 Gisleberti,

2225 3243 2498 3300 Robertus
2542 3245 2685 3301 ﬁlius
2716 3242 2936 3302 Ricardi
2966 3254 3196 3316 patruus
3218 3244 3359 3315 ejus,
3391 3242 3646 3299 Ricardus
3664 3240 3772 3295 ﬁlius

2226 3333 2473 3391 Balduini
2504 3336 2868 3393 consobrinus
2909 3338 3051 3407 ejus,
3090 3334 3367 3391 secundus
3412 3329 3772 3389 Willermusde

2227 3535 2410 3575 comes
2461 3519 2872 3592 Andegavensis
2919 3520 3145 3576 adduxit
3179 3520 3488 3575 maximum
3524 3517 3770 3573 exercitum

2227 3612 2282 3666 in
2316 3609 2707 3667 Normanniam
2731 3628 2908 3683 usque
2950 3611 3249 3678 Luxovias,
3285 3612 3511 3682 quando
3537 3609 3771 3665 combusta

2227 3712 2311 3759 est
2338 3704 2528 3759 eadem
2558 3704 2772 3759 civitas.
2814 3704 2873 3759 In
2917 3704 3199 3760 redeundo
3233 3696 3378 3774 cepit
3406 3700 3603 3774 Sapum
3638 3698 3769 3771 (59!).

2228 3793 2430 3851 Eadem
2487 3796 2790 3866 septimana
2840 3795 3092 3851 Galerius
3150 3810 3338 3850 comes
3388 3792 3618 3850 Mellenti
3666 3788 3772 3859 cepit

2229 3888 2373 3958 apud
2430 3888 2742 3944 Achinnum
2799 3887 3093 3960 Rogerium
3143 3887 3212 3943 de
3266 3884 3500 3954 Toenio,
3528 3883 3696 3955 rapine
3731 3889 3771 3933 et

2229 3980 2482 4036 incendio
2512 3990 2819 4037 vacantem.

2300 4072 2459 4127 1157.
2815 4072 2903 4128 12.
3263 4066 3353 4127 27.
3728 4060 3768 4118 ίι

2300 4162 2612 4235 Stephanus
2635 4182 2732 4221 rex
2751 4165 3052 4237 Anglorum
3082 4160 3136 4220 in
3160 4165 3576 4238 quadragesima
3600 4157 3772 4217 transiit

2231 4256 2288 4311 in
2314 4254 2741 4325 Normanniam,
2791 4266 2846 4313 et
2898 4258 3115 4314 obsedit
3158 4257 3510 4313 Lislebonam
3553 4264 3605 4312 et
3646 4251 3769 4322 colit.

2230 4362 2411 4417 (Nam.
2449 4347 2667 4402 tenebat
2716 4347 2973 4405 Rabellus
3018 4349 3373 4405 camerarius.
3430 4347 3556 4404 Inde
3603 4339 3771 4400 obsedit

531 4427 1031 4501 archiepiscopatus
1106 4432 1523 4492 Cantuariensis
1606 4453 1703 4508 per
1778 4438 2121 4509 aliquantum
2148 4457 2198 4516 ι)
2225 4438 2613 4496 Grantsilvam.
2647 4439 2890 4496 Locutus
2917 4450 3003 4496 est
3027 4441 3190 4497 etiam
3220 4439 3365 4511 apud
3393 4439 3645 4494 Ebroieas
3674 4446 3769 4487 cum

531 4527 812 4595 temporis.
868 4527 1089 4584 Interim
1137 4533 1277 4586 mala
1327 4532 1498 4587 multa
1555 4533 1914 4604 multiplicata
1970 4542 2118 4600 sunt,

530 4628 640 4668 non
691 4617 867 4672 solum
922 4620 979 4673 in
1031 4620 1247 4693 Anglia.
1293 4623 1387 4677 sed
1422 4622 1587 4677 etiam
1623 4624 1675 4677 in
1704 4621 2037 4678 Normannia
2069 4633 2124 4679 et

530 4709 718 4765 multis
747 4712 869 4768 aliis
896 4714 1052 4770 locis.
1088 4714 1184 4787 (Η.
1218 4715 1385 4772 Henr.
1419 4717 1533 4789 42.)
1565 4715 1713 4773 Obiit
1738 4718 1824 4789 pie
1859 4718 2124 4771 memorie

528 4798 749 4857 donnus
784 4803 945 4872 Boso,
992 4818 1221 4876 quartus
1249 4810 1418 4865 abbas
1464 4809 1754 4866 Becccnsis
1781 4811 2120 4877 monasterii,

526 4890 612 4945 vir
639 4908 833 4965 magne
862 4900 1226 4967 auctoritatis,
1273 4903 1390 4957 orbi
1435 4903 1638 4969 clarus,
1671 4903 1960 4973 sapientia,
1992 4919 2125 4972 pru-

516 4978 733 5055 ‘dentia,
790 4988 1154 5061 precipueque
1207 4993 1400 5062 spiritu
1461 4995 1677 5049 eon‘silii
1728 4995 1957 5065 pollens.
2021 4994 2121 5051 Hic

525 5088 674 5130 anno
721 5079 882 5134 etatis
928 5096 1026 5136 sue
1076 5083 1292 5139 circiter
1338 5085 1431 5140 23°
1467 5084 1643 5141 factus
1693 5095 1778 5141 est
1816 5087 2119 5142 monachus

2225 4530 2395 4587 fratre
2422 4547 2525 4587 suo
2553 4533 2755 4588 comite
2782 4532 3097 4598 Teobaudo,
3129 4542 3183 4588 ct
3207 4525 3414 4604 pepigit
3455 4530 3505 4586 ei
3533 4530 3633 4584 duo
3656 4523 3768 4579 milia

2229 4622 2484 4678 marehas
2506 4622 2716 4694 argenti
2742 4638 2839 4693 per
2856 4640 3097 4691 artuum;
3130 4624 3260 4695 quia
3294 4638 3483 4679 comes
3511 4616 3768 4674 chbaldus

2226 4712 2612 4784 indignabatur
2635 4715 2781 4785 quod
2803 4714 2945 4770 idem
2975 4713 3306 4785 Stephanus,
3356 4716 3453 4786 qui
3467 4714 3645 4787 junior
3662 4712 3767 4767 erat.

2226 4814 2511 4875 acceperat
2537 4821 2821 4873 coronam,
2853 4822 2961 4877 que
2988 4808 3114 4874 sibi,
3147 4816 3206 4862 ut
3229 4808 3467 4875 dicebat,
3497 4804 3765 4862 debebatur.

2228 4898 2455 4955 Reddita
2500 4900 2667 4971 igitur
2698 4898 2955 4957 ﬁrmitate
2984 4901 3311 4967 Grantsilve,
3342 4900 3684 4957 concordatus
3705 4897 3768 4946 est

2225 5006 2320 5046 rex
2351 4990 2661 5063 Stephanus
2687 5008 2813 5048 cum
2841 4982 3354 5065 rege'Francoru'm.
3390 4992 3459 5048 Et
3487 4985 3767 5046 Eustachius

2221 5083 2368 5139 ﬁlius
2391 5084 2513 5155 ejus
2544 5083 2671 5140 fecit
2698 5086 2749 5141 ei
2781 5086 3067 5141 hominum
3098 5087 3165 5142 de
3194 5086 3551 5151 Normannia,
3580 5096 3675 5151 que
3695 5074 3768 5130 sd-

526 5162 683 5222 Becci
718 5170 822 5224 sub
851 5182 1040 5227 sancto
1076 5174 1356 5244 Anselmo,
1398 5177 1519 5247 ejus
1547 5179 1650 5234 loci
1683 5179 1896 5234 abbate.
1942 5178 2118 5235 Annis
2213 5176 2360 5246 jacet
2386 5193 2556 5248 regno
2583 5177 2943 5234 Francorum.
2975 5179 3185 5235 Exinde
3209 5196 3336 5251 cum
3366 5168 3768 5251 Stephanus,vel-

524 5256 595 5310 26
626 5264 929 5319 monachus
956 5265 1075 5321 sine
1116 5268 1415 5337 prolatione
1444 5270 1583 5336 fuit;
1620 5270 1816 5338 deinde
1842 5271 1993 5341 prior
2013 5272 2116 5327 sub
2217 5272 2293 5327 let
2339 5273 2419 5328 ire
2467 5274 2524 5326 in
2573 5281 2775 5328 terram
2819 5274 3039 5330 comitis
3065 5273 3508 5346 Andegavensis,
3557 5268 3767 5324 factaesl

524 5349 708 5406 donno
757 5353 1038 5413 Willermo
1085 5359 1299 5429 abbate,
1347 5362 1571 5433 prcdicti
1609 5362 1851 5419 Anselmi
1897 5378 2117 5419 succes-
2217 5365 2493 5421 discordia
2542 5381 2741 5437 magna
2790 5366 2847 5421 in
2892 5366 3136 5422 exercitu
3184 5368 3305 5438 ejus
3352 5366 3496 5437 apud
3542 5362 3766 5418 Livamll

2067 5471 2298 5532 NOTAE.

783 5587 1115 5670 (decembris.
1145 5587 1367 5670 Βρυρη
1672 5655 1759 5670 ω,

2291 5590 2440 5663 (591)
2480 5591 2554 5650 Le
2590 5590 2720 5663 Sap,
2753 5592 2894 5650 inter
2923 5592 3176 5650 ﬁuviolos
3203 5590 3458 5664 Touqnes
3485 5601 3536 5648 et
3559 5587 3764 5644 Charen-

595 5642 866 5730 (soojcr.
942 5647 1129 5730 Vitam.
1173 5642 1402 5730 [insonis
1463 5663 1607 5710 auct.
1672 5655 1912 5727 Milone,
1979 5673 2103 5730 post
2217 5642 2398 5717 ,οιίῐιὲζ

525 5710 767 5771 Dacherii
792 5732 953 5788 opera
987 5720 1295 5778 Lanfranci.

594 5572 743 5649 (sse)
787 5573 1115 5649 Qecemliris.
1145 5578 1352 5649 BOUQ.

2210 3427 2503 3500 .Warenna
2516 3415 2704 3484 comes
2719 3423 2959 3485 Surreie.
2975 3427 3160 3484 Mense
3176 3426 3518 3514 Septembris
3530 3422 3772 3482 Gaul'ridss
