3934 6316
997 241 1371 301 CIIRONICA.
1407 272 1465 283 —
1515 235 1926 298 AUCTARIUH
1963 237 2265 296 ROBERTI
2303 239 2392 296 DE
2439 241 2702 299 MONTE.
3387 255 3492 308 454

1836 357 1880 414 Λ
1911 353 2054 424 quod
2085 368 2179 408 rex
2211 355 2429 425 quidem
2452 357 2597 426 cepit
2619 357 2806 424 armis,
2832 366 3228 434 captorumque
3255 349 3492 422 nonnul-

1901 445 1982 500 los
2011 447 2315 516 suspendit.
2349 447 2724 506 Walcbelinus
2751 447 2826 506 de'
2865 451 3043 509 Dovre
3095 449 3486 528 hoc'audiens,

1898 537 2131 593 reddidit
2165 547 2407 594 castrum
2455 540 2630 597 Dovrc
2660 542 2849 614 regine
2876 561 2934 600 se
2975 546 3267 604 obsidenti.
3311 548 3486 606 Occu-

1895 639 2022 700 pato
2053 630 2216 701 igitur
2253 647 2377 703 rege
2403 633 2547 688 circa
2577 642 2758 710 partes
2785 638 3054 694 australes
3079 641 3288 712 Anglic,
3314 641 3485 700 David

1898 719 2186 779 Scotorum
2222 741 2316 780 rex
2360 726 2810 782 innumerabilem
2863 731 3159 788 exercitum
3212 737 3486 804 promovit

1895 809 1949 870 in
1975 815 2248 888 Angliam.
2276 817 2484 873 Contra
2513 835 2676 890 quem
2719 836 2974 891 proceres
3000 823 3236 880 borcalis
3265 825 3480 898 Anglic,

1893 909 2286 994 ammonitione
2316 919 2371 966 et
2393 911 2554 981 jussu
2601 911 2830 968 Tustani
2860 912 3223 970 Eboracensis
3261 919 3480 972 archie-

1891 1001 2101 1072 pisc0pi
2134 993 2450 1058 restiterunt
2471 993 2719 1072 viriliter,
2751 1005 2860 1060 lixo
2893 1007 3161 1073 staudart,
3193 1007 3244 1062 id
3275 1017 3361 1064 est
3389 1023 3478 1063 re-

1889 1092 1980 1164 gio
2010 1089 2247 1165 insigni,
2301 1094 2442 1165 apud
2493 1095 2808 1152 Alvcrtunc.
2858 1095 2936 1152 Ibi
2988 1085 3276 1154 duodecim
3326 1100 3474 1154 milia

1891 1184 2179 1268 Scotorum
2204 1185 2348 1241 fama
2377 1185 2545 1241 refert
2565 1173 2766 1255 occisa,
2798 1197 2951 1244 extra
2985 1205 3081 1245 eos
3110 1191 3202 1260 qui
3233 1191 3287 1246 in
3319 1207 3476 1264 sege-

1887 1277 2036 1334 tibus
2078 1286 2132 1333 et
2182 1275 2334 1334 silvis
2388 1279 2593 1335 inventi
2637 1289 2766 1336 sunt
2793 1282 3076 1352 perempti.
3135 1281 3312 1338 Ceteri
3342 1300 3476 1340 vero

1885 1369 2116 1445 minimo
2137 1371 2404 1442 sanguine
2436 1367 2560 1426 fuso
2589 1369 2816 1427 feliciter
2845 1371 3266 1443 triumpharent.
3298 1363 3475 1444 Hujus

1885 1475 2064 1532 pugne
2092 1461 2200 1517 dux
2231 1460 2336 1517 fuit
2377 1461 2696 1518 Willermus
2733 1459 2923 1518 consul
2972 1461 3040 1518 de
3083 1463 3390 1520 Albcmarle
3419 1474 3474 1521 et

1884 1550 2206 1610 Willet-mus
2250 1551 2551 1624 Piperellus
2581 1553 2648 1609 de
2679 1551 3044 1625 Notingehan,
3077 1565 3131 1609 et
3171 1554 3472 1613 Walterius

155 243 263 302 455

303 373 703 420 ιουΑκοιιωι.
851 375 1088 415 ι-ΊιΑκεοιι
1097 375 1188 414 1331.
1341 373 1642 414 Λιιϐιιοιιυιι.

149 457 385 522 propter
419 469 623 508 unam
665 455 856 508 hosam
885 451 1020 518 vini,
1047 466 1213 522 quam
1245 451 1546 506 abstulerat
1573 449 1796 521 quidam

147 542 541 600 I-‘landrensis
597 545 822 602 cuidam
871 545 1144 616 armigero
1192 541 1406 616 Ilugoni
1449 543 1517 598 de
1571 543 1794 598 Gornai.

148 632 320 691 Facta
351 644 452 691 est
485 637 699 709 itaque
743 653 940 709 magna
977 635 1248 692 dissensio
1281 635 1419 691 inter
1447 626 1796 692 Normannos

144 735 200 780 et
225 725 670 786 Flandreuses.
703 729 882 786 Rediit
907 744 1038 802 ergo
1068 745 1162 784 rex
1191 727 1392 785 infecto
1420 722 1656 802 negotio.
1683 727 1796 784 Nec

146 833 308 874 mora
359 821 596 877 exinde
627 864 644 890 ,
689 823 834 894 quod
883 837 1068 877 comes
1113 820 1521 892 Andegavensis
1569 822 1796 878 adduxit

145 911 476 966 exercitum
536 915 727 970 multo
771 913 1036 984 majorem
1085 913 1217 980 illo,
1268 929 1431 984 quem
1479 923 1602 969 ante
1647 930 1792 970 anno

144 1003 424 1073 preterito
457 1006 809 1062 adduxerat.
843 1005 1340 1062 Intercurrentibus
1369 1013 1551 1061 tamen
1580 1009 1788 1064 nuntiis

146 1092 292 1146 inter
345 1093 556 1164 ipsum
616 1107 672 1152 et
716 1111 898 1168 regem
931 1094 1291 1166 Stephanum,
1326 1095 1451 1150 item
1497 1096 1607 1152 dux
1643 1097 1790 1154 dedit

147 1183 358 1245 trevias
392 1203 602 1258 usque
635 1189 704 1244 ad
742 1198 853 1244 tres
879 1203 1076 1256 annos,
1107 1187 1211 1243 hac
1237 1187 1570 1256 conditione,
1605 1198 1663 1245 ut
1692 1207 1784 1246 rex

146 1275 392 1346 singulis
421 1279 618 1333 annis
647 1279 802 1334 daret
825 1265 1012 1333 ei'duo
1053 1277 1202 1331 milia
1233 1276 1488 1332 marcbas
1531 1279 1740 1348 argenti
1768 1297 1783 1346 ;

144 1375 199 1420 et
225 1366 296 1422 de
325 1368 534 1437 primo
571 1385 725 1424 anno
756 1369 941 1425 statim
981 1368 1219 1423 debitam
1251 1383 1523 1423 summam
1553 1369 1780 1440 accepit.

146 1455 253 1512 Iste
303 1459 499 1514 trcvie
537 1475 662 1514 uno
695 1475 842 1514 anno
872 1459 1130 1530 utrinque
1177 1459 1551 1528 duraverunt,
1599 1459 1650 1516 id
1701 1467 1786 1518 est

146 1539 354 1621 usque.
383 1552 460 1606 ad
520 1551 886 1608 festivitatem
929 1551 1104 1607 sancti
1134 1549 1402 1607 Johannis
1429 1551 1561 1606 anni
1588 1551 1778 1610 futuri.

149 1640 244 1699 His
269 1644 475 1714 itaque
508 1645 694 1717 gestis
719 1687 734 1714 ,
783 1660 880 1700 rex
912 1643 1224 1716 Stephanus
1259 1644 1315 1699 in
1342 1645 1575 1700 adventu
1623 1645 1784 1701 rediit
1813 1640 2059 1720 mEspcc
2081 1653 2136 1699 et
2161 1641 2391 1701 Ilbcrtus
2421 1644 2489 1700 de
2518 1643 2672 1712 Laci,
2708 1643 2867 1714 cujus
2895 1643 3064 1698 frater
3110 1644 3183 1699 ibi
3221 1645 3373 1700 solus
3402 1653 3470 1701 e’x

147 1732 199 1786 in
229 1709 545 1806 Angliam:
593 1709 754 1809 (Aug.
785 1738 862 1808 I.)
893 1709 1040 1792 Obiit
1086 1735 1396 1792 Ludovicus
1445 1737 1632 1793 senior
1683 1753 1778 1794 rex
1813 1709 2137 1793 B.om-nibus
2165 1737 2440 1808 equitibus
2487 1709 2704 1792 occisus
2733 1709 2836 1792 est.
2888 1735 3059 1807 Cujus
3085 1746 3310 1793 eventus
3339 1737 3469 1792 belli

149 1824 536 1896 Francorum,
572 1839 630 1884 et
677 1829 943 1885 successit
989 1830 1132 1885 lilius
1176 1829 1296 1900 ejus
1323 1828 1652 1896 Ludovicus,
1684 1831 1778 1901 qui
1877 1845 2003 1885 eum
2044 1829 2158 1900 regi
2206 1827 2486 1904 Stephano
2514 1829 2798 1884 nuntiatus
2835 1837 3000 1894 esset,
3031 1827 3149 1898 ipse
3173 1837 3228 1884 et
3271 1841 3468 1883 omnes

148 1918 360 1988 accepit
397 1919 593 1974 ﬁliam
640 1921 800 1977 ducis
845 1921 1244 1991 Aquitanorum
1280 1921 1503 1976 Alienor
1531 1921 1772 1987 nomine,
1874 1921 1968 1992 qui
2005 1921 2252 1986 aderant,
2283 1934 2529 1976 summas
2583 1919 2695 1976 Deo
2733 1921 2936 1992 gratias
2965 1921 3304 1976 exciverunt.
3349 1919 3466 1976 Hoc

151 2027 214 2065 ex
246 2026 360 2080 qua
392 2013 608 2084 genuit
647 2013 788 2069 duas
837 2012 997 2068 lilias.
1053 2012 1203 2084 (Dec.
1233 2011 1312 2083 3.)
1372 2011 1576 2068 Eodem
1627 2027 1774 2068 anno
1873 2011 2073 2068 bellum
2119 2011 2349 2083 Augusti
2379 2029 2568 2069 mense
2597 2013 2800 2069 factum
2843 2021 2948 2069 est.
2999 2013 3056 2068 In
3089 2015 3322 2070 adventu
3355 2013 3465 2070 Do-

150 2114 412 2158 mortuus
444 2113 545 2160 est.
602 2103 898 2180 Lotharius
929 2105 1228 2176 imperator
1256 2104 1654 2170 Romanorum,
1681 2105 1770 2160 cui
1871 2103 2004 2160 mini
2033 2104 2325 2159 concilium
2357 2103 2500 2174 apud
2540 2103 2880 2160 Londoniam
2908 2104 3184 2178 .Albricus
3231 2107 3464 2162 ecclesia

153 2181 428 2250 successit
449 2193 761 2251 Couradus
789 2212 959 2266 nepos
985 2194 1202 2252 Ilenriei
1233 2195 1436 2267 quarti,
1459 2195 1642 2252 mariti
1667 2196 1771 2250 im-
1871 2193 2118 2252 Romane
2147 2197 2357 2268 legatus
2386 2205 2440 2252 et
2485 2192 2792 2252 Hostieusis
2841 2198 3133 2268 cpiscopus
3179 2198 3374 2264 tenuit,
3406 2208 3463 2254 et

151 2286 468 2356 pcratricis,
496 2287 603 2358 qui
629 2287 755 2344 ante
779 2287 1096 2342 Lotbarium
1127 2287 1506 2358 imperaverat.
1539 2285 1764 2343 Kalend.

155 2378 288 2451 Aug.
317 2379 561 2450 quando
597 2396 693 2435 rex
724 2378 1031 2435 Ludovicus
1059 2379 1387 2446 decesserat,
1416 2379 1765 2435 combustum

154 2477 232 2524 cst
253 2469 371 2540 ipsa
405 2479 588 2527 nocte
618 2468 1268 2526 monasteriumCorbeie.
1298 2467 1420 2541 Ipso
1449 2485 1592 2525 anno
1615 2479 1764 2527 tanta

155 2559 372 2618 siccitas
402 2561 543 2631 fuit,
595 2572 654 2618 ut
680 2563 846 2618 etiam
875 2571 1072 2619 stanna
1105 2571 1159 2618 et
1184 2561 1428 2625 ﬂumina,
1459 2563 1627 2618 multa
1656 2563 1764 2620 sic—

156 2663 434 2722 :arentur,
474 2665 632 2712 terra
685 2657 740 2710 in
792 2656 980 2712 nmltis
1007 2655 1142 2712 locis
1169 2654 1478 2712 diutissime
1523 2656 1758 2725 arderet,

158 2745 375 2802 arbores
409 2748 663 2818 plurime
695 2748 748 2804 in
781 2747 930 2804 silvis
953 2757 1009 2804 et
1035 2747 1284 2821 virgultis
1305 2757 1616 2804 arescentes
1641 2765 1760 2804 mo-

158 2847 428 2906 rerentur,
485 2850 548 2896 ct
595 2841 849 2897 arderent
883 2840 1032 2896 nullo
1082 2840 1424 2896 incendente.
1484 2839 1758 2898 Tebaldus

157 2929 353 2988 electus
383 2931 690 2988 Beceensis
723 2931 972 3000 ccclesic,
1006 2931 1093 2987 vir
1135 2947 1331 3004 magne
1383 2933 1672 3003 probitatis
1701 2941 1756 2988 et

1868 2287 2091 2355 ibidem,
2122 2288 2400 2344 adnitente
2449 2303 2574 2359 rege
2629 2287 2910 2358 Stephano
2937 2298 2992 2344 et
3023 2290 3232 2360 regina,
3263 2289 3460 2344 Tebal—

1865 2379 1970 2436 dus
1997 2379 2168 2435 abbas
2193 2379 2482 2436 Beceensis
2525 2379 2774 2445 e‘cclcsic,
2824 2379 2910 2434 vir
2961 2379 3258 2434 admodum
3288 2395 3457 2436 vene-

1865 2472 2092 2539 randus,
2121 2470 2537 2528 Cantuariensis
2567 2455 2800 2526 ecclesie
2845 2469 3290 2542 archiepiscopus
3322 2467 3454 2526 ell‘c-

1863 2573 1987 2620 ctus
2011 2573 2113 2632 est,
2147 2563 2438 2620 transactis
2471 2564 2686 2620 duobus
2716 2563 2877 2620 annis
2921 2569 2974 2619 et
3003 2564 3252 2631 dimidio,
3299 2573 3454 2635 post-

1862 2673 2029 2729 quam
2081 2657 2251 2714 abbas
2301 2657 2633 2714 constitutus
2683 2655 2880 2712 fuerat.
2931 2655 3286 2727 Consilioque
3331 2657 3454 2727 ejus

1860 2749 1964 2806 fuit
1985 2751 2197 2806 abbatia
2226 2749 2381 2806 Ileeci
2410 2750 2530 2806 sine
2559 2749 2753 2822 abbate
2782 2749 2886 2806 sub
2909 2747 3146 2804 Ricardo
3173 2749 3242 2804 de
3263 2747 3452 2804 Bellen

1858 2842 2062 2914 priore,
2093 2859 2125 2898 a
2155 2843 2442 2898 nativitate
2470 2841 2690 2898 Domini
2714 2843 2801 2897 vel
2831 2841 2997 2912 paulo
3027 2851 3153 2897 ante
3181 2857 3359 2912 usque
3379 2841 3450 2897 ad

1857 2943 2210 3004 ptintecostcn
2237 2977 2253 3002 ,
2297 2933 2839 3006 quousquevidelicet
2889 2933 3005 3004 ipse
3062 2951 3092 2990 a
3151 2933 3322 2988 Roma
3355 2949 3448 2989 re-

159 3021 379 3079 scientic
403 3065 420 3092 ,
477 3015 807 3081 benedictus
853 3033 936 3081 est
981 3024 1150 3081 abbas
1197 3023 1442 3095 ejusdem
1486 3025 1751 3094 ecclesiae,
1780 3066 1827 3128 ο
1855 3026 2016 3082 diret.
2055 3024 2172 3083 IIoe
2216 3027 2407 3082 eodem
2435 3042 2604 3095 anno,
2648 3042 2838 3082 mense
2861 3023 3105 3093 Octobri,
3149 3024 3449 3081 Gaufridus

160 3115 298 3168 enim
327 3125 616 3173 conventu
641 3117 830 3174 animo
861 3117 1046 3173 libenti
1075 3117 1428 3184 concedente,
1459 3117 1604 3187 apud
1638 3116 1750 3172 Ro-

163 3204 472 3280 thomagum
505 3226 540 3265 a
575 3210 778 3265 domno
811 3209 1036 3282 llugoue
1063 3209 1498 3280 archiepiscopo.

217 3297 373 3354 1158.
414 3299 707 3356 Cotlradus
768 3303 820 3356 I.
867 3301 1164 3355 Ludovicus
1225 3301 1276 3354 I.
1329 3297 1629 3371 Stephanus
1691 3301 1744 3358 3.

219 3389 413 3457 (Iluxr.
451 3391 620 3464 VIII.)
661 3393 1054 3465 Stephanusm
1083 3407 1175 3446 rex
1225 3390 1522 3463 Anglorum
1556 3392 1610 3446 in
1651 3379 1749 3448 na-

161 3465 247 3534 t'ali
272 3483 490 3538 obsedit
521 3484 812 3554 Bedel'ort;
861 3501 969 3556 qua
1019 3483 1248 3550 reddita,
1279 3483 1576 3539 exercitum
1615 3501 1744 3556 pro-

164 3573 320 3628 movit
370 3575 426 3630 in
483 3576 753 3633 Scotiam.
810 3576 920 3632 [lex
959 3592 1196 3648 namque
1227 3575 1515 3632 Scotorum
1551 3575 1742 3646 David,

163 3663 244 3731 qui
275 3679 685 3724 sacramentum
717 3668 919 3724 fecerat
965 3669 1072 3724 lilie
1125 3668 1268 3740 regis
1317 3667 1554 3736 IIenrici,
1584 3670 1742 3740 quasi

165 3756 256 3809 sub
279 3758 592 3815 velamento
621 3761 928 3816 sanctitatis
947 3759 1042 3831 per
1064 3776 1196 3816 suos
1215 3759 1592 3816 execrabiliter
1611 3760 1738 3834 egit.

162 3844 402 3906 Mulieres
429 3853 584 3906 enim
617 3852 866 3923 gravidas
897 3851 1192 3918 lindcbant,
1219 3861 1273 3907 et.
1303 3850 1445 3909 fetus
1473 3851 1740 3922 anticipa-

167 3947 241 3994 tos
268 3941 690 4024 abstrabebant;
737 3944 1068 4015 prcsbitcros
1099 3959 1262 4014 super
1297 3943 1486 3999 altaria
1514 3945 1742 4002 detrun-

163 4032 364 4101 cahant,
395 4045 450 4091 et
493 4037 605 4092 alia
637 4037 808 4092 multa
839 4037 982 4091 mala
1014 4037 1417 4106 perpetrabant.
1466 4035 1741 4104 Quocum-

166 4137 257 4190 que
301 4126 464 4198 igitur
519 4128 708 4185 Scotbi
755 4127 1111 4200 attingebant,
1163 4129 1347 4183 omnia
1392 4138 1549 4184 erant
1581 4130 1737 4200 plena

166 4213 410 4276 horroris.
447 4223 654 4279 Aderat
681 4225 890 4280 clamor
916 4223 1228 4290 mulierum,
1254 4224 1490 4292 ejulatus
1519 4241 1734 4294 senum,

169 4310 494 4370 morientium
549 4317 784 4388 gemitus
811 4359 827 4384 ,
885 4316 1180 4372 viventium
1233 4316 1562 4386 desperatio.
1618 4317 1734 4374 Rex

1857 3132 2044 3173 comes
2089 3117 2504 3188 Andegavensis
2567 3117 2858 3190 obsederat
2911 3117 3185 3199 Falesiam
3233 3133 3330 3188 per
3378 3117 3448 3172 15

1855 3207 1972 3264 dies
2002 3223 2126 3264 cum
2159 3223 2358 3280 magno
2385 3207 2646 3274 exercitu,
2677 3217 2732 3263 et
2762 3206 3035 3262 Robertus
3063 3207 3444 3263 eomes-Gloe-

1853 3300 2050 3357 cesti-ie
2078 3316 2204 3356 cum
2235 3315 2322 3366 eo,
2354 3300 2447 3370 qui
2495 3301 2642 3356 circa
2693 3300 3013 3371 preteritum
3069 3299 3271 3370 pascha
3307 3303 3444 3354 cen-

1851 3391 2096 3447 cordiam
2121 3404 2246 3446 cum
2270 3404 2337 3445 eo
2363 3388 2585 3444 fecerat.
2617 3387 2732 3446 Hoc
2759 3391 2923 3444 etiam
2948 3405 3093 3445 anno
3121 3381 3444 3444 Oximenses

1849 3493 1904 3540 et
1934 3483 2258 3554 Bajocenses
2297 3479 2502 3537 subditi
2535 3490 2664 3537 sunt
2687 3481 2836 3537 ei'“.
3397 3491 3403 3498 ‘

1919 3577 2079 3632 nso.
2477 3575 2531 3630 Ξ.
2925 3573 2979 3628 2.
3296 3646 3300 3650 ν
3381 3572 3436 3626 4.

1921 3668 2058 3742 (1b.)
2095 3667 2212 3724 Rex
2235 3668 2537 3740 Anglorum
2553 3667 2623 3700 '“
2647 3665 2958 3738 Stephanus
2987 3673 3108 3736 post
3134 3666 3314 3718 natale
3342 3679 3438 3718 ea-

1846 3763 2062 3818 stcllum
2089 3763 2156 3818 de
2189 3761 2348 3818 Slede
2374 3762 2520 3832 cepit
2561 3762 2868 3818 obsidione.
2917 3760 3048 3816 Post
3076 3760 3176 3814 hcc
3201 3759 3439 3829 perrexit

1844 3857 1901 3912 in
1935 3855 2239 3925 Scothiam,
2271 3856 2365 3911 ubi
2396 3871 2522 3914 cum
2552 3871 2667 3910 rem
2712 3853 2884 3910 Marte
2931 3863 2984 3908 et
3010 3851 3254 3907 Vulcano
3281 3850 3436 3906 duci-
3531 3861 3536 3866 '

1843 3950 1946 4006 bus
1973 3959 2158 4021 ageret
2183 3991 2199 4016 ,
2244 3965 2341 4006 rex
2394 3947 2576 4004 Scotie
2601 3963 2728 4004 eum
2758 3963 2824 4002 eo
2855 3945 3177 4002 concordari
3196 3951 3435 4018 coactus

1804 4035 1808 4038 ’
1841 4051 1943 4098 est.
1975 4040 2269 4098 Henricum
2303 4041 2470 4113 igitur
2499 4041 2670 4095 [illum
2713 4039 2859 4112 regis
2903 4038 3192 4095 Scotorum
3243 4055 3431 4097 secum

1839 4135 2044 4190 ducens
2073 4135 2126 4190 in
2169 4133 2443 4206 Angliam,
2475 4133 2619 4204 cepit
2648 4131 2958 4200 Ludelawe,
2990 4131 3081 4187 ubi
3114 4131 3256 4187 idem
3287 4129 3433 4187 Hen-

1839 4227 1990 4284 ricus
2021 4241 2164 4282 unco
2189 4225 2369 4282 ferreo
2400 4241 2544 4296 equo
2574 4225 2887 4280 abstractus
2916 4241 3053 4294 pene
3083 4234 3274 4295 captus
3303 4234 3386 4280 est
3411 4244 3428 4294 ;

1839 4317 1933 4374 sed
1985 4317 2101 4388 ipse
2146 4333 2238 4372 rex
2288 4316 2358 4371 ab
2403 4317 2656 4372 hostibus
2692 4331 2818 4370 eum
2855 4315 3134 4386 splendide
3177 4317 3424 4371 retraxit.

167 4396 310 4468 iiiitur
356 4405 668 4480 Stephanus
701 4409 991 4481 insurgens
1039 4408 1320 4464 combuxit
1359 4417 1414 4463 et
1467 4409 1736 4466 destruxit
1767 4423 1812 4482 ι)
1837 4409 1966 4464 Inde
1992 4425 2053 4464 re
2081 4407 2322 4484 perlecta
2347 4405 2761 4463 Oxinel’ordiam
2811 4406 2985 4476 petiit.
3019 4404 3120 4460 Ubi
3162 4422 3250 4462 res
3265 4407 3425 4462 inla-

169 4487 410 4556 australes
441 4511 627 4573 partes
652 4503 804 4574 regni
833 4503 978 4576 regis
1004 4501 1191 4570 David,
1223 4503 1343 4574 ipso
1370 4503 1589 4576 quidem
1621 4521 1730 4560 non

167 4587 374 4646 audente
422 4594 473 4648 ei
527 4595 804 4666 congredi.
861 4593 990 4650 Post
1016 4595 1220 4665 pascha
1248 4610 1376 4650 vero
1400 4595 1607 4652 exarsit
1637 4612 1728 4651 ra—

169 4673 268 4734 bies
291 4681 625 4751 proditorum
660 4687 914 4743 nefanda.
949 4685 1180 4754 Quidam
1238 4703 1476 4759 namque
1502 4686 1729 4744 Talebot

169 4771 364 4829 nomine
390 4779 563 4834 tenuit
591 4789 781 4836 contra
813 4794 992 4850 regem
1046 4779 1330 4834 castellum
1382 4777 1643 4836 llerel‘ord
1670 4781 1724 4835 in

169 4853 350 4932 Wales,
379 4871 524 4940 quod
553 4888 648 4928 rex
697 4887 793 4942 per
844 4870 1186 4926 obsidionem
1240 4871 1294 4924 in
1351 4887 1451 4927 sua
1498 4873 1722 4944 recepit.

172 4945 413 5017 Robertus
439 4965 632 5019 consul
677 4964 744 5019 de
791 4962 1102 5019 Gloccestre
1149 4963 1322 5018 tenuit
1355 4973 1542 5019 contra
1591 4981 1718 5020 eum

171 5039 393 5109 Bristoud
444 5066 499 5112 et
544 5055 722 5125 Slede,
770 5056 1039 5131 Radull'ns
1085 5056 1278 5113 Luvelt
1323 5059 1604 5114 castellum
1652 5059 1721 5116 de

175 5132 299 5206 Cari,
327 5143 640 5220 Paganellus
668 5151 948 5207 castellum
979 5151 1046 5206 de
1076 5150 1367 5217 Ludelave,
1404 5151 1720 5211 Willermus

173 5225 229 5282 de
253 5231 432 5296 Movim
463 5244 745 5299 castellum
787 5244 853 5299 de
901 5239 1192 5312 Dunestor,
1222 5243 1492 5301 Robertus
1522 5247 1590 5302 de
1619 5246 1716 5302 Ni-

179 5320 274 5376 cole
292 5333 556 5388 castellum
579 5335 646 5390 de
675 5333 940 5400 Warhan,
971 5333 1302 5392 Eustachius
1337 5337 1482 5392 ﬁlius
1507 5335 1715 5394 Johan-

1836 4505 1946 4562 mia
1977 4503 2234 4559 notabilis
2256 4510 2312 4557 et
2338 4502 2408 4557 ab
2433 4501 2583 4558 omni
2615 4499 3010 4556 consuetudine
3031 4511 3238 4554 remota
3270 4516 3424 4568 eom-

1832 4597 2034 4667 paruit.
2081 4594 2195 4650 Rex
2223 4610 2462 4666 namque
2503 4593 2802 4664 Rogerium
2831 4591 3148 4662 episcopum
3185 4589 3425 4648 Salesli-

1833 4705 2072 4752 rensem,
2102 4698 2156 4744 et
2181 4687 2554 4743 Alexandrum
2603 4685 3006 4740 Lincoliensem
3049 4684 3223 4754 ipsius
3253 4701 3424 4755 nepo-

1830 4791 1960 4848 tem,
1987 4781 2252 4836 violentcr
2281 4781 2336 4834 in
2377 4779 2532 4836 curia
2567 4794 2666 4835 sua
2693 4777 2856 4849 cepit,
2891 4776 3060 4831 nichil
3096 4778 3227 4832 recti
3266 4793 3421 4832 recn-

1831 4883 2033 4931 santes.
2065 4873 2285 4929 Ponens
2319 4871 2488 4944 igitur
2534 4871 2734 4927 ibidem
2785 4869 3160 4924 Alexandrum
3203 4869 3420 4939 episco-

1785 4960 1792 4964 ’
1827 4984 1955 5038 pum
1999 4967 2054 5022 in
2094 4981 2394 5032 carcerem,
2419 4965 2736 5036 episcopum
2771 4962 3201 5019 Salcsbirensem
3229 4977 3415 5017 secum

1826 5059 1984 5115 duxit
2029 5059 2096 5114 ad
2147 5057 2429 5113 castellum
2473 5057 2738 5128 ejusdem,
2777 5057 2926 5128 quod
2954 5064 3184 5111 vocatur
3209 5053 3412 5120 Divise,

1825 5168 1937 5224 quo
1969 5169 2076 5208 non
2105 5161 2224 5208 erat
2252 5151 2592 5224 splendidius
2618 5151 2760 5206 intra
2791 5143 2929 5205 lines
2959 5148 3192 5218 Europe.
3225 5146 3410 5230 Auga-

1825 5245 1976 5300 rians
2005 5244 2171 5316 igitur
2201 5259 2325 5299 eum
2355 5241 2520 5310 fame,
2550 5251 2604 5297 et
2632 5241 2729 5296 ﬁlii
2755 5241 2896 5310 ejus,
2923 5239 3018 5310 qui
3049 5233 3411 5294 can'cellarius

1822 5337 2001 5396 fuerat
2020 5380 2036 5404 ,
2083 5338 2224 5394 collo
2249 5338 2507 5408 laqueum
2537 5336 2837 5404 innectens,
2869 5341 2930 5408 ut
2961 5329 3404 5401 suspenderetur,

179 5406 247 5464 nis
272 5410 540 5489 Mealtune,
587 5421 906 5479 Willermus
936 5423 1084 5479 ﬁlius
1125 5425 1285 5480 Alani
1337 5424 1712 5499 Salopesbiri;
1820 5431 1923 5488 sibi
1957 5431 2050 5486 tali
2078 5431 2242 5487 modo
2271 5406 2556 5486 castellum
2581 5427 2845 5495 extorsit,
2895 5406 3008 5481 non
3053 5422 3188 5479 satis
3215 5433 3406 5476 recor~

1437 5535 1674 5598 VARUS
1716 5540 2124 5602 LECTIONES.

315 5623 605 5711 "fgiqfipit
629 5631 714 5687 δι’.
784 5631 856 5664 ⁸⁴¹³
879 5629 1352 5711 0biit_Ga_ul‘ridu_s
1373 5637 1650 5711 secundus
1679 5640 1850 5696 abbas
1882 5638 2102 5711 Savign.
2145 5637 2295 5694 addit
2319 5637 2372 5692 in
2404 5636 2458 5692 Ξ.
2487 5634 2598 5690 alia
2625 5649 2813 5688 manus
2836 5613 2942 5688 sec.
2967 5627 3145 5686 XIII.
3177 5630 3233 5686 in
3258 5644 3402 5684 mur-

189 5686 294 5750 φίλιε.
355 5699 418 5730 ⁵⁸⁸
443 5686 592 5757 "ubi:
617 5686 811 5756 annum
836 5686 1150 5773 prmcedenti
1164 5686 1342 5773 jungit
1368 5686 1454 5758 Si).
