3934 6316
484 340 489 343 ,
511 266 619 327 ιδε

650 390 995 435 nonsuonuu.
1143 384 1477 427 rnsnconvu.
1624 377 1828 419 meson
1837 377 1927 417 ou.
2131 371 2169 423 Α

508 473 650 527 dans
674 470 941 525 bonorum
999 481 1107 537 que
1153 465 1207 519 in
1257 460 1484 516 introitu
1530 455 1680 528 regni
1730 454 1819 508 ille
1872 453 1974 507 sibi
2002 466 2097 522 pre

510 564 634 620 aliis
665 568 1037 633 congesserat.
1071 556 1333 612 Similiter
1356 552 1499 623 cepit
1549 547 1928 611 Sireburnam,
1951 544 2097 615 quod

510 671 703 728 parum
724 653 925 710 Divisis
951 652 1147 708 decore
1174 645 1420 704 cedebat.
1452 638 2097 711 Accipiensquethesau-

512 763 606 803 ros
633 746 896 818 episcopi,
924 744 1261 815 comparavit
1302 742 1427 799 inde
1449 736 1825 794 Constantiam
1854 746 2098 788 sororem

514 834 781 894 Ludovici
807 836 949 909 regis
980 834 1319 891 Francorum
1349 833 1463 888 ﬁlio
1492 844 1594 885 suo
1619 824 1935 882 Eustachio.
1972 819 2101 877 Inde

514 947 612 987 rex
642 930 878 996 rediens,
908 928 1160 985 similiter
1198 927 1308 998 egit
1356 926 1423 981 de
1466 920 1776 978 Alexandro
1824 917 2099 988 episcopo,

515 1024 694 1080 donec
721 1022 1029 1092 reciperent
1054 1020 1340 1075 castellum
1366 1017 1433 1072 de
1460 1012 1783 1070 Newerthan
1812 1007 2102 1067 amenissi-

516 1130 688 1168 mum.
724 1111 990 1167 Similiter
1017 1110 1289 1165 redditum
1324 1115 1408 1164 est
1432 1106 1481 1162 ei
1521 1102 1771 1187 Eslaford
1794 1098 2100 1165 castellum,

516 1204 672 1261 Tunc
698 1205 832 1259 satis
866 1203 1114 1273 proxime
1159 1202 1271 1257 ﬁlia
1310 1200 1456 1272 regis
1499 1196 1742 1262 Henrici,
1776 1210 1882 1265 que
1928 1193 2105 1247 fuerat

504 1296 831 1366 .imperatrix
856 1295 1196 1361 Alemannie,
1221 1294 1310 1349 cui
1336 1292 1528 1364 Anglia
1553 1292 1866 1363 juramento
1889 1286 2102 1342 addicta

512 1387 721 1455 fuerat;
774 1398 827 1443 et
856 1387 1126 1443 Robertus
1154 1402 1338 1442 eomes
1368 1383 1721 1450 Gloecestric,
1771 1380 1936 1436 frater
1961 1377 2102 1449 ejus,

515 1494 707 1535 mense
734 1478 983 1549 Augusto
1012 1476 1350 1532 transierunt
1378 1476 1431 1530 in
1464 1474 1732 1545 Angliam.
1781 1470 2107 1525 lnvitaverat

515 1570 664 1625 enim
694 1585 789 1626 eos
820 1569 1139 1624 Willermus
1168 1567 1243 1633 de
1269 1566 1577 1632 Albinneio,
1613 1564 1705 1635 qui
1734 1563 1964 1618 duxerat
1990 1559 2104 1615 Eliz

516 1660 794 1730 quondam
828 1658 1094 1729 reginam,
1126 1668 1233 1728 que
1264 1657 1498 1712 habebat
1547 1653 1829 1711 castellum
1859 1661 1915 1708 et
1938 1650 2109 1707 comi-

520 1720 693 1806 tatum
740 1720 1037 1823 Harubdel,
1082 1720 1235 1820 quod
1280 1765 1376 1805 rex
1422 1747 1688 1804 Henricus
1719 1746 1941 1801 dederat
1970 1743 2019 1799 ei
2050 1744 2105 1798 in
2140 1720 2182 1779 Β

517 1843 663 1899 dote.
695 1843 1036 1914 Appulerunt
1060 1844 1244 1913 itaque
1273 1841 1414 1912 apud
1463 1839 1757 1905 llarundel,
1805 1837 1934 1910 quia
1976 1846 2108 1892 tunc

517 1935 688 1991 alium
717 1944 934 2007 portum
968 1951 1077 1989 non
1117 1935 1409 1989 habebant.
1440 1932 1646 2007 Exinde
1676 1946 1861 1988 comes
1901 1928 2110 1984 Robora

517 2035 610 2082 tus
640 2042 763 2081 cum
797 2024 985 2080 decem
1032 2024 1298 2080 militibus
1327 2032 1381 2078 et
1424 2023 1608 2077 decem
1641 2018 1990 2092 equestribus
2017 2034 2109 2073 sa-

522 2119 760 2189 gittariis
785 2134 881 2189 per
908 2117 1142 2173 mediam
1183 2126 1383 2172 terram
1417 2113 1675 2185 Stephani
1704 2112 1849 2184 regis
1874 2109 2112 2182 pernici-

522 2217 605 2264 ter
632 2209 782 2265 venit
809 2206 1260 2279 Warengueford,
1289 2213 1344 2261 et
1370 2205 1493 2260 inde
1520 2203 1872 2268 Gloeccstrie,
1897 2209 1951 2255 et
1978 2216 2116 2255 nun-

494 2301 675 2357 tiavit
708 2301 999 2357 adventum
1035 2298 1400 2371 imperatricis
1450 2297 1691 2352 Brientio
1740 2295 1853 2350 ﬁlio
1896 2293 2114 2350 comitis

521 2403 580 2449 et
625 2392 813 2449 Miloni
875 2393 942 2448 de
997 2391 1372 2458 Gloecestrie,
1423 2405 1587 2461 quam
1640 2389 1937 2458 reliquerat
1988 2401 2113 2441 cum

522 2501 694 2542 uxore
720 2502 820 2541 sua
851 2494 905 2541 et
935 2486 1056 2540 aliis
1089 2484 1493 2557 impedimentis
1541 2483 1594 2537 in
1644 2482 1868 2537 castello
1899 2478 2114 2534 [larun-

521 2576 630 2642 del,
660 2576 752 2633 ubi
774 2591 872 2631 rex
895 2575 1204 2649 Stephanus
1232 2574 1443 2630 obsedit
1468 2589 1611 2639 eam,
1640 2573 1731 2627 sed
1757 2581 1945 2643 postea
1968 2570 2118 2626 abire

526 2668 781 2738 permisit
811 2677 971 2739 pacto
999 2667 1240 2739 quodam
1270 2667 1337 2722 ad
1372 2665 1634 2721 Bristout.
1677 2663 1825 2719 Obiit
1858 2662 2119 2735 Rogerius

526 2760 807 2835 prodictus
835 2751 1124 2831 episcopus
1170 2757 1593 2815 Salesberiensis
1620 2799 1634 2825 ,
1670 2766 1782 2812 tam
1824 2751 2121 2811 merore'“

525 2869 694 2924 quam
722 2855 875 2910 senio
903 2852 1207 2909 confectus.
1238 2850 1589 2908 Innocentius
1618 2866 1757 2922 papa
1786 2849 1960 2904 tenuit
1986 2865 2120 2905 coa-

525 2948 716 3004 cilium
744 2947 936 3019 Rome,
969 2947 1062 3005 cui
1093 2945 1337 3002 interfuit
1371 2945 1680 3001 Thebaldus
1707 2942 2123 2999 Cantuaricnsis

530 3040 997 3112 archiepiscopus.
1070 3040 1422 3096 Electusest
1464 3046 1518 3093 et
1574 3036 1905 3093 constitutus
1952 3034 2120 3089 abbas
2149 3072 2192 3128 η

528 3131 816 3189 Beccensis
840 3132 1087 3198 ecclesie,
1118 3132 1187 3189 ab
1212 3130 1362 3187 omni
1390 3130 1659 3202 equaliter
1680 3127 2121 3200 congregatione,

524 3222 616 3277 vir
645 3239 841 3294 magne
868 3223 1176 3279 sanctitatis
1203 3231 1258 3278 et
1290 3223 1515 3280 scientie
1545 3221 1762 3277 donnus
1797 3219 2123 3287 Lethardus,

530 3300 883 3372 de'Becccnsi
911 3316 1168 3387 prosapia
1197 3323 1379 3382 natus,
1426 3315 1482 3369 in
1534 3323 1764 3384 utroque
1803 3320 2128 3368 testamento

531 3408 777 3478 apprime
801 3408 1071 3475 eruditus,
1100 3409 1308 3480 pollens
1339 3406 1591 3475 consilio,
1625 3406 1858 3462 affabilis
1885 3405 2124 3477 eloquio,

530 3497 848 3553 moderatus
894 3496 949 3552 in
974 3497 1177 3565 verbis,
1207 3498 1477 3553 discretus
1513 3497 1568 3551 in
1603 3496 1927 3566 disciplinis,
1977 3496 2128 3551 tarde

530 3589 676 3647 letus
702 3589 756 3645 in
784 3589 1037 3658 terrenis,
1064 3605 1280 3661 semper
1301 3588 1544 3660 gaudens
1567 3587 1619 3641 in
1648 3586 1872 3652 etet-nis,
1897 3585 2129 3657 diligens

534 3679 733 3748 bonos,
765 3681 1046 3753 corrigens
1074 3680 1279 3747 malos;
1329 3678 1426 3749 qui
1450 3695 1550 3749 pro
1579 3678 1842 3748 qualitate
1868 3677 2129 3748 temporis

536 3786 758 3842 gregem
792 3771 897 3826 sibi
944 3771 1298 3826 commissum
1343 3771 1547 3840 optime
1593 3769 1754 3837 rexit,
1788 3770 1916 3826 licet
1944 3769 1997 3824 in
2027 3785 2131 3825 suo

536 3873 783 3934 tempore
821 3862 1040 3918 assidua
1077 3869 1399 3930 tempestate
1430 3862 1604 3930 patria
1634 3862 1950 3917 turbaretur
1967 3861 2057 3916 ⁸⁸⁸.

608 3957 749 4028 (Αη.
799 3953 999 4025 1140.)
1038 3952 1348 4023 Stephanus
1366 3955 1434 3985 m
1474 3971 1564 4010 rex
1615 3954 1824 4027 fugavit
1864 3953 2129 4027 Nigellum

535 4047 855 4118 episc0pum
880 4043 1186 4100 Heliensem
1216 4046 1283 4102 de
1311 4046 1628 4118 cpisc0patu
1652 4064 1776 4115 suo,
1805 4048 1933 4118 quia
1966 4064 2133 4119 nepos

536 4136 778 4207 episcopi
831 4134 1243 4192 Saleshiriensis
1272 4148 1390 4192 erat
1417 4180 1433 4205 ,
1481 4155 1512 4194 a
1556 4156 1665 4210 quo
1697 4138 2026 4196 invectivum
2074 4140 2130 4195 in

538 4233 856 4305 progeniem
887 4233 1011 4303 ejus
1036 4241 1298 4293 traxerat.
1336 4231 1441 4290 Ubi
1490 4242 1674 4290 autem
1723 4236 1790 4291 ad
1839 4234 2019 4291 natale
2048 4235 2135 4290 vel

537 4327 608 4382 ad
647 4327 851 4397 pascha
906 4326 1089 4394 fuerit,
1137 4327 1322 4384 dicere
1364 4343 1470 4382 non
1503 4329 1728 4397 attinet;
1771 4327 1886 4400 jam
1933 4329 2132 4400 quippe

539 4418 697 4474 carie
748 4419 1042 4487 sollennes,
1072 4428 1126 4475 et
1158 4430 1387 4476 ornatus
1413 4421 1547 4493 regii
1582 4421 1839 4477 scematis
1888 4421 1958 4477 ab
1987 4422 2134 4476 anti-

536 4526 646 4581 qua
676 4511 818 4567 serie
858 4512 1194 4570 descendens
1242 4529 1468 4586 prorsus
1512 4523 1847 4570 cvanuerant
1871 4556 1886 4581 ,
1943 4514 2136 4586 ingens

539 4603 786 4658 thesauri
812 4606 970 4675 copia
998 4606 1321 4676 deperierat,
1355 4624 1460 4678 pax
1508 4607 1562 4663 in
1611 4617 1754 4663 terra
1786 4607 1958 4676 nulla,
1987 4608 2135 4663 cedi-

542 4696 688 4761 bt'ts,
736 4696 1043 4764 incendiis,
1091 4699 1299 4769 rapinis
1356 4700 1539 4754 omnia
1590 4700 2134 4767 exterminabantur;

544 4787 778 4855 clamor,
815 4798 869 4844 et
905 4789 1189 4858 luctus,'et
1216 4792 1412 4846 horror
1437 4793 1743 4862 uliiquc"“’.
1776 4790 1922 4848 Obiit
1951 4809 2137 4849 comes

545 4876 897 4935 Ebroicensis
944 4882 1270 4950 Amalrieus,
1302 4892 1355 4940 ct
1383 4885 1649 4940 successit
1685 4882 1854 4940 frater
1878 4885 1999 4956 ejus
2032 4883 2137 4959 Sy-

1676 247 2039 307 SIGEBERTI
2082 240 2612 307 GEMBLACENSIS

3675 245 3758 303 ια

2205 375 2353 414 mon.
2405 357 2554 413 Obiit
2604 355 2859 412 Rebeilus
2887 356 3241 425 eamerarius,
3270 365 3322 413 et
3351 360 3622 417 successit
3644 361 3758 420 Wil-

2200 453 2402 508 lermus
2428 450 2573 505 Illius
2602 448 2743 520 ejus.
2791 446 2938 504 Obiit
2968 447 3238 505 Henricus
3290 466 3488 507 comes
3513 452 3580 508 de
3603 451 3694 523 0n,
3717 470 3759 514 et

2200 544 2465 601 successit
2492 542 2770 597 Johannes
2812 539 2956 597 ﬁlius
3004 542 3145 612 ejus.
3196 542 3345 599 Obiit
3386 543 3663 602 Tustanus
3686 565 3757 603 ar-

2201 636 2579 706 chiepiscopus
2622 632 3004 700 Eboracensis,
3052 645 3106 691 et
3155 637 3428 692 successit
3476 636 3758 699 Willermos

2202 729 2579 785 thesaurarius
2608 728 2854 799 ejusdem
2893 728 3140 784 ecclesie.
3176 711 3321 784 Obiit
3349 729 3645 788 Audoenus
3664 736 3757 805 epi-

2203 822 2400 893 scopus
2423 819 2771 876 Ebroicensis
2804 819 2856 874 in
2891 819 3107 891 Anglia,
3142 829 3197 876 et
3222 823 3498 878 successit
3516 821 3761 884 Botrodns

2203 914 2286 969 vir
2318 913 2628 986 religiosus,
2654 912 2815 968 bonis
2843 920 3068 969 ornatus
3094 914 3341 970 moribus
3373 925 3431 970 et
3459 915 3679 974 dilectos
3707 921 3762 975 ab

2205 1004 2483 1071 omnibus,
2512 1003 2658 1059 ﬁlius
2684 1002 2905 1060 Henrici
2935 1005 3154 1061 comitis
3181 1007 3247 1062 de
3280 1006 3549 1062 Warwic.
3575 1007 3760 1066 Gaufri-

2205 1096 2308 1152 dus
2338 1110 2523 1152 comes
2550 1095 2960 1168 Andegavensis
2987 1098 3201 1153 obsedit
3224 1106 3279 1153 et
3303 1109 3501 1169 postea
3531 1100 3765 1158 destruxit

2206 1191 2261 1245 in
2284 1186 2564 1244 Oximensi
2588 1204 2727 1261 pago
2753 1190 3036 1245 castellum
3067 1190 3465 1258 Fontanetum,
3492 1194 3763 1249 munitissi-

2206 1303 2355 1343 mum
2388 1294 2442 1341 et
2469 1292 2586 1340 arte
2635 1292 2690 1337 et
2732 1291 2952 1349 natura,
3002 1283 3132 1354 quia
3179 1281 3461 1340 Robertus
3487 1283 3761 1353 Marmium,

2206 1376 2464 1433 deminus
2509 1374 2684 1445 ipsius
2727 1373 2959 1440 castelli,
3009 1374 3227 1429 tenebat
3262 1384 3462 1430 contra
3491 1391 3613 1431 eum
3636 1375 3763 1433 Fale-

2208 1470 2367 1526 siam.
2401 1467 2670 1524 Henricus
2701 1467 2850 1540 (592)
2880 1467 2940 1522 ﬁt
2962 1467 3133 1523 abbas
3164 1464 3581 1535 Fiscannensis,
3628 1485 3763 1540 nepos

2208 1562 2352 1635 regis
2378 1560 2661 1632 Stephani.

2282 1656 2438 1711 1140.
2495 1653 2771 1711 Conradus
2797 1654 2849 1709 5.
2909 1652 3208 1708 Ludovicus
3232 1654 3288 1710 3.
3351 1651 3646 1725 Stephanus
3667 1656 3710 1711 5.

2283 1748 2423 1821 (An.
2460 1747 2658 1819 illi.)
2691 1739 2816 1820 [ib.]
2851 1745 2965 1821 Rex
2998 1743 3312 1817 Stephanus
3341 1747 3590 1803 Lincolie
3611 1748 3764 1804 urbem

2211 1840 2353 1897 infra
2381 1840 2562 1895 natale
2589 1839 2822 1907 obsedit,
2850 1838 3009 1910 cujus
3037 1839 3379 1895 munitiones
3409 1840 3622 1911 ingenio
3642 1854 3765 1909 cepe-

2211 1943 2297 1989 rat
2341 1930 2648 1989 Rannulfus
2690 1947 2875 1989 comes
2923 1929 3250 1987 Cestrensis.
3303 1930 3570 2002 Seditque
3608 1931 3673 1986 ibi
3695 1949 3765 1987 rex

2211 2041 2388 2096 usque
2416 2024 2481 2080 ad
2515 2024 2951 2095 puriﬁcationem
3001 2033 3188 2080 sancte
3234 2022 3434 2079 Mario.
3469 2022 3615 2079 Tunc
3644 2040 3764 2078 tiam-

2212 2134 2319 2190 que
2357 2116 2664 2173 Rannulfus
2711 2116 2989 2188 prodictus
3020 2116 3248 2173 adduxit
3289 2133 3485 2183 secum
3516 2116 3764 2171 Robertum

2213 2204 2384 2265 tilium
2415 2210 2557 2282 regis
2585 2208 2827 2278 Henrici,
2859 2201 3070 2265 socium
3101 2226 3285 2278 suum,
3317 2220 3374 2267 et
3403 2225 3647 2280 proceres
3664 2210 3764 2263 mul-

2216 2308 2302 2357 tos
2333 2308 2387 2355 et
2411 2300 2612 2356 milites
2640 2299 3028 2367 Validissimos,
3052 2301 3119 2355 ad
3150 2299 3501 2357 obsidionem
3527 2300 3659 2372 regis
3681 2298 3766 2354 dis-

2217 2389 2550 2447 solvendam.
2582 2389 2720 2446 Cum
2747 2400 2927 2447 autem
2951 2391 3145 2448 consul
3173 2390 3551 2447 validissimus
3569 2400 3618 2447 et
3633 2390 3764 2446 auda-

2217 2482 2474 2539 cissimus
2498 2482 2751 2553 paludem
2778 2498 2914 2554 pene
2943 2482 3346 2538 intransibilem
3380 2483 3468 2536 vix
3503 2480 3761 2545 transisset,

2219 2574 2273 2629 in
2309 2575 2428 2647 ipsa
2457 2574 2545 2630 die
2572 2574 2795 2630 aciebus
2842 2574 3124 2645 dispositis
3168 2590 3356 2644 regem
3386 2574 3530 2628 bello
3557 2585 3763 2644 egressus

2219 2675 2321 2722 est.
2343 2665 2464 2738 Ipse
2483 2683 2609 2723 cum
2635 2666 2771 2735 suis,
2789 2675 2848 2721 ut
2868 2662 2953 2720 vir
2971 2661 3288 2722 admirande
3308 2666 3611 2735 probitatis,
3631 2665 3764 2719 aciem

2224 2761 2460 2833 primam
2490 2768 2901 2827 construxerat;
2952 2760 3248 2817 secundam
3279 2759 3382 2827 illi,
3414 2775 3552 2830 quos
3579 2758 3764 2828 Stepha-

2224 2870 2331 2909 nus
2362 2869 2459 2909 rex
2487 2852 2986 2920 debereditavcrat;
3014 2851 3229 2908 tertiam
3260 2850 3537 2908 Robertus
3561 2851 3657 2906 dux
3679 2863 3764 2903 ma-

2224 2963 2365 3019 gnus
2413 2962 2540 3002 cum
2591 2945 2729 3001 suis.
2781 2943 2898 3000 Rex
2949 2945 3152 3000 interea
3199 2943 3515 3015 Stephanus
3558 2956 3763 2998 curarum

2224 3048 2518 3095 exestuans
2547 3037 2802 3093 fluctibus
2830 3079 2843 3103 ,
2896 3037 3121 3092 missam
3173 3036 3229 3091 in
3280 3046 3432 3092 tanta
3479 3033 3763 3091 sollemnitate

2172 3111 2196 3136 ⁴
2228 3132 2477 3188 audierat
2506 3129 2689 3205 (Febr.
2723 3116 2813 3202 2)..
2857 3129 2994 3185 Cum
3041 3138 3223 3184 autem
3274 3129 3343 3185 de
3394 3144 3545 3184 more
3592 3138 3761 3181 cereum

2228 3239 2353 3296 rege
2379 3224 2605 3294 dignum
2635 3220 2747 3277 Deo
2779 3220 3012 3277 offerens
3037 3264 3052 3289 ,
3092 3221 3349 3277 manibus
3386 3215 3760 3286 Alexandriam-

2228 3317 2380 3389 scopi
2428 3316 2749 3387 imponeret,
2804 3313 3119 3372 confractus
3161 3324 3266 3371 est.
3314 3314 3435 3371 Hoc
3464 3310 3677 3383 fuitregi
3706 3309 3762 3364 si-

2230 3423 2399 3480 gnum
2429 3404 2806 3461 contrieionis.
2841 3403 3049 3459 Cecidit
3073 3404 3236 3459 etiam
3268 3420 3436 3475 super
3461 3405 3618 3459 altare
3638 3399 3759 3471 pixis,

2227 3499 2317 3555 cui
2345 3514 2545 3569 corpus
2573 3495 2788 3552 Domini
2813 3496 3004 3564 inerat,
3037 3496 3270 3567 abrupto
3301 3496 3541 3563 vinculo,
3568 3497 3762 3564 presente

2229 3591 2507 3664 episcopo.
2533 3589 2650 3645 Hoc
2679 3590 2843 3646 etiam
2872 3585 2974 3644 fuit
2998 3589 3111 3660 regi
3137 3589 3355 3662 signum
3386 3593 3558 3645 ruine.
3581 3581 3760 3640 Proinde

2230 3700 2324 3740 rex
2351 3683 2766 3739 strenuissimus
2791 3682 3160 3754 progreditur,
3182 3682 3441 3753 aciesque
3462 3696 3578 3738 cum
3598 3688 3761 3733 summa

2231 3777 2525 3833 securitate
2578 3775 2718 3831 bello
2766 3774 3029 3846 disponit.
3082 3775 3201 3845 Ipse
3232 3774 3401 3846 pedes
3427 3788 3625 3830 omnem
3654 3768 3760 3823 circa

2232 3883 2290 3924 se
2323 3867 2728 3923 multitudinem
2760 3867 3141 3935 loricatorum,
3187 3867 3347 3938 cquis
3394 3865 3642 3928 abductis,
3665 3859 3759 3915 stri-

2224 3957 2478 4017 'ctissime
2520 3960 2843 4028 collocavit;
2890 3960 3148 4017 consules
3189 3976 3315 4015 eum
3367 3961 3483 4017 suis
3523 3959 3572 4013 in
3598 3952 3759 4010 duabus

2233 4053 2456 4108 aciebus
2485 4053 2643 4124 equis
2689 4062 3032 4124 pugnaturos
3079 4052 3334 4109 instituit.
3393 4052 3497 4108 Sed
3527 4046 3758 4105 admodum

2232 4160 2396 4216 parve
2418 4154 2702 4216 equestres
2719 4145 2863 4201 acies
2878 4145 2965 4201 ille
2981 4154 3433 4216 comparuerant;
3456 4156 3637 4217 paucos
3652 4136 3756 4194 enim

2196 4234 2199 4235 ⁷
2233 4252 2418 4294 secum
2439 4236 2545 4292 ﬁcti
2570 4246 2625 4291 et
2646 4234 2861 4292 factiosi
2884 4236 3139 4294 consules
3163 4237 3521 4293 adduxerant.
3544 4232 3676 4287 Acies
3690 4240 3759 4281 alr

2234 4339 2343 4386 tem
2371 4329 2569 4402 regalis
2596 4329 2834 4385 maxima
2860 4337 2998 4397 erat,
3029 4332 3142 4386 uno
3174 4338 3409 4398 tantum,
3426 4327 3611 4385 scilicet
3632 4319 3757 4391 ipsi!!!

2167 4432 2212 4486 D
2239 4422 2403 4494 regis,
2459 4423 2719 4495 insignita
2765 4422 2986 4478 vexillo.
3035 4421 3373 4493 Principium
3421 4433 3603 4493 pugne.
3641 4410 3757 4466 Acies

2241 4503 2720 4585 exheredatorum,
2763 4533 2871 4588 que
2901 4516 3134 4588 preibat,
3177 4517 3450 4587 percussit
3472 4513 3622 4571 aciem
3647 4517 3755 4572 τεῖρ’

2242 4611 2369 4677 lem,
2393 4610 2447 4665 in
2478 4625 2586 4681 qua
2615 4614 2808 4666 consul
2836 4608 3045 4665 Alanus
3070 4618 3125 4666 et
3154 4609 3242 4665 ille
3268 4609 3336 4665 de
3364 4596 3756 4664 Mellentctllugo

2243 4702 2436 4758 consul
2463 4702 2530 4757 de
2554 4700 2813 4774 Estangle
2860 4710 2916 4758 et
2946 4698 3152 4774 Symon
3189 4716 3375 4758 comes
3405 4710 3460 4756 et
3486 4699 3566 4753 ille
3585 4695 3640 4750 de
3661 4686 3754 4743 Wa;

2246 4809 2418 4849 reuna
2444 4793 2681 4860 inerant,
2714 4802 2865 4849 tanto
2891 4794 3118 4865 impetu,
3154 4792 3303 4865 quod
3348 4793 3527 4850 statim
3570 4782 3696 4857 quasi
3717 4778 3754 4831 in

2246 4885 2357 4943 ictu
2386 4885 2529 4941 oculi
2559 4884 2825 4957 dissipata
2854 4896 2959 4954 est,
2989 4894 3046 4941 et
3067 4885 3264 4942 divisio
3290 4888 3483 4942 edrum
3517 4881 3565 4936 in
3589 4876 3669 4933 tria
3691 4870 3755 4925 dt-

1862 4997 2103 5055 VARIA')
2142 4997 2551 5055 LECTIONES.

614 5085 684 5119 ⁸⁸⁸
715 5100 957 5142 memore
986 5086 1049 5143 E.
1115 5088 1186 5121 ⁸⁸⁸
1213 5088 1283 5144 ab
1308 5091 1459 5146 omni
1481 5092 1885 5148 -—turharetur
1904 5092 2092 5147 desinit
2115 5091 2202 5146 8h.

548 5150 815 5212 Henricus
847 5156 1054 5212 Huntin

2225 5090 2357 5146 Post
2380 5092 2490 5147 lucc
2520 5108 2711 5147 novum
2752 5109 2951 5164 onuum
2976 5070 3236 5164 incipiunt
3262 5095 3297 5148 2
3351 5095 3407 5149 4.
3438 5094 3515 5151 71³.
3540 5087 3612 5144 8ἀ.
3641 5088 3752 5164 ϐψς

1153 5201 1168 5227 ,
1193 5143 1497 5234 aquarius.
1517 5143 2248 5234 neg's‘ianiaaag'mc'otu
2260 5143 2360 5218 εἰὲζ
2382 5143 2724 5218 ίίιίὶὶηέὶάᾶἐὲὲ
2751 5143 3245 5220 Πῖέῐῗιῗὶιζτόἷὶὶ
3265 5143 3344 5220 ἷξε
3366 5143 3637 5234 deinceps;
3654 5143 3751 5234 Μ

1088 5159 1144 5214 d.

548 5176 815 5212 Henricus
847 5176 1168 5282 ﬂuminio”
1193 5176 1490 5231 sequentem
1517 5176 1629 5217 tiex
1653 5176 1964 5234 Stephanus
1994 5176 2239 5219 Ltnc0be
2260 5176 2360 5218 etc.
2390 5176 2724 5218 numerantes
2751 5176 2909 5218 not.
2944 5176 2998 5219 4.
3026 5176 3079 5219 4.
3109 5176 3163 5219 t5.
3196 5176 3245 5220 et
3266 5176 3344 5220 sic
3384 5176 3750 5237 deincepsgq'“

547 5231 698 5283 unice
727 5245 925 5283 verum.
963 5230 1031 5282 At
1075 5228 1118 5284 ἶ
1146 5238 1337 5284 etcum
1370 5248 1429 5286 eo
1451 5232 1536 5286 8b.
1569 5233 1665 5287 hoc
1701 5234 1815 5288 loco
1850 5235 1906 5288 in
1941 5234 2124 5287 eodem
2159 5249 2298 5288 anno
2325 5251 2416 5305 per
2450 5242 2612 5300 entes,
2661 5242 2957 5306 sequentem
2979 5234 3093 5290 Rex
3131 5233 3441 5307 Stephanus
3464 5228 3664 5289 Lincolie
3681 5227 3750 5296 ιι(-

547 5308 825 5354 numerant
854 5299 1010 5355 1140.
1039 5300 1091 5355 5.
1119 5301 1172 5355 5.
1197 5301 1250 5357 5.
1274 5309 1324 5356 et
1348 5303 1425 5356 sic
1446 5318 1602 5360 porro
1623 5304 1932 5360 quibuscum
1952 5305 2076 5359 inde
2100 5304 2164 5358 ab
2187 5322 2241 5359 α.
2294 5251 2453 5360 155ἕ
2512 5324 2531 5357 ‹
2565 5305 2866 5359 Ludovicus
2899 5321 2991 5359 rex
3027 5304 3354 5360 Francorum
3382 5327 3403 5359 ι
3431 5315 3536 5360 etc-
3560 5294 3749 5354 roum!“

547 5308 830 5375 numerant
854 5299 1010 5355 1140.
1039 5300 1091 5375 5_.
1115 5301 1172 5375 β.
1197 5301 1250 5357 5.
1274 5309 1324 5375 et
1348 5303 1425 5356 sic
1445 5318 1602 5373 porro
1623 5304 1932 5375 quibuscum
1952 5305 2076 5359 inde
2100 5304 2164 5358 ab
2187 5322 2241 5359 α.
2294 5299 2362 5359 f5

729 5371 830 5446 uod
854 5387 1014 5441 quum
1047 5370 1245 5446 falsum
1274 5372 1367 5439 sit,
1393 5369 1593 5446 tamen,
1616 5369 1778 5446 quum
1807 5384 1996 5430 auctor
2026 5377 2136 5444 ipse
2160 5375 2394 5430 codicem
2420 5375 2482 5431 Ε.
2510 5376 2748 5430 lustrans
2777 5391 3008 5430 errorem
3041 5394 3146 5431 non
3179 5379 3484 5445 correxerit,
3505 5388 3582 5427 nos
3604 5369 3750 5446 quoq?

548 5368 646 5423 Eii.
679 5369 723 5436 ρ

2512 5324 2531 5357 ‹
2547 5287 2866 5359 ίηάὸῦἱειιε
2883 5287 2992 5359 rear
3027 5287 3370 5360 ﬁmi-£3?
3382 5287 3407 5359 ἶ
3416 5287 3539 5367 ⁷εἷα,
3560 5287 3749 5354 tonanti!

546 5430 987 5519 illumjintac'tnm
1009 5430 1305 5513 censuimus
1328 5430 1709 5517 reliquendu'm,
1731 5456 1779 5501 et
1817 5430 2271 5517 margini'tantum
2304 5463 2447 5503 veros
2462 5463 2703 5503 numeros
2738 5430 3139 5517 imponendos.”
3175 5430 3241 5482 “V7
3275 5430 3566 5519 Stephanus
3592 5430 3647 5480 έ-
3667 5430 3750 5484 υδδ·

547 5525 655 5580 que
682 5511 868 5566 desunt
892 5511 975 5567 7b.

2104 5630 2314 5688 NOTAE-

622 5713 772 5786 (592)
809 5713 886 5771 De
912 5713 1081 5791 Sully.
