3934 6316
154 365 238 425 is:
904 340 1275 413 0111101001.
1318 389 1387 398 -
1425 354 1837 412 AUCTARIUM
1878 354 2178 412 ROBER'I‘I
2218 355 2309 411 ne
2348 354 2605 411 MONTE.

1734 472 1779 530 A
1806 454 2153 527 concordiam
2179 469 2305 526 fecit
2332 486 2456 526 cum
2483 471 2681 527 comite
2706 471 2969 530 Ganfrido
2988 475 3392 555 Andegavensi,

273 491 600 535 aomxonmt.
731 454 1083 528 'rnxxcoacu.
1236 470 1533 528 1801011011.

150 580 291 635 venit.
340 575 925 641 Aliinamqu’ecorum
973 571 1139 626 occisi
1192 580 1340 635 sunt,
1392 571 1483 625 alii
1532 570 1697 640 capti,

150 672 225 726 alii
252 656 587 737 aufugerunt.
638 661 798 717 Acies
846 663 1702 733 0111ἰ1111101ρ1111111111·001181111Ιο

150 759 426 824 Albemarle
454 765 509 813 et
536 741 852 811 Willermus
883 755 1146 826 Yprcnsis
1180 755 1451 826 percussit
1472 754 1699 810 Walen-

149 869 238 917 ses,
267 850 352 922 qui
383 865 412 904 a
442 849 609 904 latere
654 849 1020 919 procedebant
1044 891 1057 914 ,
1107 834 1175 903 et
1208 849 1259 902 in
1292 846 1473 919 fugam
1502 847 1696 919 coegit.

151 943 237 1000 Sed
281 942 417 998 acies
464 940 721 997 consulis
749 940 1060 996 Cestrcnsis
1102 934 1373 1011 percussit
1419 940 1699 995 cohortem

150 1034 434 1105 predictam,
465 1040 521 1086 et
544 1031 806 1102 dissipata
837 1039 922 1086 est
950 1031 1004 1085 in
1034 1039 1338 1095 momento,
1371 1031 1512 1087 sicut
1555 1030 1700 1086 acies

148 1122 597 1196 priet-.I-‘ugcrunt
626 1122 791 1195 igitur
816 1134 1009 1178 omnes
1050 1123 1262 1194 equites
1284 1123 1446 1194 regis,
1478 1132 1532 1177 et
1558 1121 1700 1176 Wil~

148 1219 323 1274 turnus
346 1215 605 1287 Yprcnsis
626 1258 639 1284 ,
687 1216 773 1271 rir
801 1215 1178 1272 exeonsularis
1207 1228 1260 1273 et
1290 1228 1484 1288 magne
1513 1215 1699 1286 probi—

149 1311 271 1365 tatis.
300 1309 396 1363 Alii
428 1324 557 1365 vero
582 1306 738 1379 capti
784 1317 933 1375 sunt,
964 1308 1055 1379 qui
1088 1307 1213 1379 fuge
1238 1324 1347 1363 non
1378 1316 1695 1379 paruerunt.

149 1400 239 1456 Ites
264 1401 413 1468 mira,
444 1400 608 1456 nimis
633 1417 665 1455 a
696 1400 883 1456 multis
913 1400 1160 1456 miranda
1190 1403 1204 1455 !
1258 1416 1382 1456 cum
1434 1416 1526 1457 rex
1578 1400 1696 1457 Ste~

147 1495 348 1566 phanns,
379 1493 601 1566 rugiens
634 1501 693 1548 111
720 1495 826 1561 100,
858 1494 1009 1550 solus
1037 1494 1090 1548 in
1136 1508 1330 1565 campo
1364 1494 1697 1565 persisteret,

147 1590 302 1643 nullus
326 1588 388 1641 ad
417 1603 543 1642 011111
573 1587 834 1643 accedere
861 1587 1106 1653 auderet,
1137 1585 1372 1643 stridens
1420 1582 1695 1653 dentibus,

147 1695 375 1751 Spumans
401 1694 516 1745 ore,
550 1680 668 1750 apri
698 1694 880 1746 more,
932 1678 1153 1750 bipenni
1206 1679 1440 1750 quadam
1493 1679 1699 1736 crebris

148 1771 338 1840 pulsans
368 1770 563 1825 ietibus
596 1771 836 1826 hostium
882 1771 1193 1842 prccipuos,
1227 1772 1390 1827 nimis
1420 1773 1489 1828 ab
1519 1773 1698 1828 omni-

3282 365 3390 422 458

1804 574 1858 619 01
1889 578 2212 619 concessum
2242 572 2326 619 est
2352 563 2403 618 ei
2450 563 2733 619 castellum
2765 564 3110 637 Montifortis,
3143 576 3289 642 quod
3319 591 3393 635 ex

1805 665 2049 726 tempore
2085 657 2278 712 mortis
2306 655 2526 712 IIen'rici
2560 657 2705 729 regis
2734 660 3066 728 possederat.
3116 663 3388 725 Subdide-

1805 761 1931 805 runt
1959 750 2141 820 itaque
2169 766 2227 806 sc
2253 750 2420 806 nobili
2470 752 2700 822 principi
2727 753 2891 809 etiam
2936 760 3127 812 omnes
3170 758 3383 817 1101110-

1805 844 1971 914 magi,
2017 859 2126 899 non
2156 843 2302 899 cives
2337 844 2512 911 urbis,
2557 846 2652 900 sed
2684 846 2740 900 hi
2775 831 3043 915 videlicet,
3096 852 3190 920 qui
3238 870 3389 909 com-

1804 946 2027 993 manent
2056 937 2192 995 citra
2220 937 2445 1018 llttvjium
2494 937 2745 1011 Sequano
2785 958 2960 1013 usque
2986 942 3188 1000 ﬂumen
3219 944 3385 1002 Ilislc.

1804 1028 2031 1086 Reddita
2061 1040 2146 1086 est
2175 1030 2341 1085 etiam
2378 1030 2588 1087 Falesia
2619 1032 2807 1087 comit‘i
2842 1032 3103 1089 Gaul‘rido
3132 1032 3387 1107 Andega-

1802 1123 1975 1179 vensi.
2023 1121 2301 1194 Inceptum
2337 1132 2422 1180 est
2450 1125 2749 1194 capitulum
2800 1124 2977 1193 Becci,
3011 1136 3121 1182 tam
3154 1129 3388 1185 consilio

1801 1233 1964 1288 quam
1993 1216 2195 1271 auxilio
2221 1216 2441 1273 Itobcrti
2471 1216 2784 1291 Noviburgi.

1875 1307 2031 1362 1111.
2067 1304 2278 1381 [Ilii]
2421 1308 2697 1364 Conradus
2732 1312 2785 1365 ιί.

2402 1401 2698 1474 Stephanus
2733 1404 2786 1458 6.

1874 1493 2144 1551 Rolzcrtus
2175 1510 2360 1558 comes
2381 1494 2648 1551 Gloecestt
2664 1496 2713 1550 ie
2738 1497 2792 1552 in
2818 1506 2991 1554 estate
3016 1499 3391 1558 transfretavit

1803 1584 1855 1638 in
1887 1583 2302 1653 Normanniam,
2343 1586 2550 1642 ducens
2593 1603 2780 1643 secum
2818 1588 3056 1655 obsides,
3104 1591 3244 1645 lilios
3287 1591 3393 1648 sel—

1799 1676 1928 1733 Iicet
1951 1676 2213 1733 comitum
2245 1689 2299 1734 et
2324 1669 2642 1751 maguatnm
2674 1679 2885 1750 Anglic,
2932 1682 3029 1752 qui
3053 1681 3390 1752 imperatrici

1803 1768 2073 1837 favebant,
2100 1773 2396 1842 petentium
2430 1773 2692 1842 quatinus
2728 1773 2851 1828 illos
2881 1789 3066 1831 comes
3094 1775 3253 1831 Gaul:
3270 1778 3389 1833 idus

2918 1310 3218 1368 Ludovicus
3254 1314 3304 1372 4.

148 1861 231 1915 bus
255 1860 636 1916 admirabatur.
665 1859 712 1917 0
741 1862 787 1917 si
812 1871 1035 1917 centum
1073 1861 1280 1917 similes
1309 1871 1513 1927 essent,
1543 1879 1696 1919 cam-
1733 1858 1774 1917 Ii
1803 1862 2081 1929 retineret,
2107 1872 2162 1918 ct
2183 1864 2250 1918 ad
2278 1880 2505 1935 regnum
2536 1863 2728 1935 Anglic
2764 1863 3167 1935 subjttgamlum
3203 1874 3388 1921 trans-

149 1971 252 2024 ptun
279 1954 475 2009 diutius
500 1948 889 2011 defenderent!
941 1956 1079 2010 Cum
1132 1956 1283 2011 solus
1313 1955 1448 2026 ipse,
1482 1957 1567 2010 vix
1601 1973 1699 2027 pa-

150 2046 230 2099 tuit
254 2046 421 2116 prode.
467 2046 700 2118 Capitur
733 2048 900 2120 igitur
928 2064 1021 2110 rex
1054 2046 1353 2119 Anglorum
1388 2047 1699 2119 Stephanus

148 2137 290 2192 1111110
314 2138 708 2208 ι1111·1110.111111118
755 2150 944 2196 sancte
994 2139 1178 2208 Mario,
1208 2151 1263 2195 et
1312 2140 1366 2195 in
1398 2141 1695 2198 Lincoliam

150 2230 202 2284 ab
224 2224 453 2288 hostibus
475 2232 752 2303 diruptam
798 2234 1182 2290 miserabiliter
1225 2235 1567 2293 introductus
1592 2246 1694 2294 est.

150 2320 223 2377 Dei
249 2322 401 2394 igitur
421 2322 633 2395 judicio
663 2325 809 2380 circa
857 2340 1036 2396 regem
1087 2334 1328 2397 peracto,
1376 2325 1598 2382 ducitur
1627 2327 1697 2382 ad

148 2416 506 2486 itnperatrieem
533 2462 548 2487 ,
594 2429 649 2473 et
690 2419 744 2473 in
778 2419 911 2474 turri
943 2419 1011 2475 de
1057 2419 1311 2477 Ilristoud
1345 2421 1399 2475 in
1447 2420 1697 2477 custodia

149 2509 353 2577 ponitur.
385 2509 537 2568 Tunc
570 2511 889 2582 impcratrix
920 2513 990 2567 ab
1017 2514 1164 2569 omni
1208 2524 1366 2586 gente
1395 2514 1695 2584 Anglorum

150 2603 406 2672 suscipitur
433 2603 485 2658 in
522 2604 848 2673 dominam,
896 2607 1136 2677 exceptis
1171 2606 1555 2673 Kentcnsihus,
1604 2608 1697 2662 ubi

152 2691 304 2760 regina
327 2703 379 2748 et
407 2692 725 2750 Willerlnus
760 2694 1019 2766 I'prcusis
1047 2709 1237 2753 contra
1285 2714 1404 2753 eam
1444 2716 1543 2770 pro
1571 2700 1699 2754 viri-

150 2782 233 2839 11118
259 2786 638 2857 repugnabant.
693 2787 959 2858 Suscepto
1012 2789 1164 2858 prius
1210 2800 1293 2845 est
1325 2789 1638 2861 imperatrix
1669 2808 1701 2847 a

151 2872 298 2944 legato
345 2872 588 2933 Romano
643 2878 1008 2938 Wintonicnsi
1054 2883 1313 2953 episeopo
1340 2926 1354 2951 ,
1405 2893 1460 2939 et
1503 2900 1628 2938 mox
1671 2900 1701 2939 a
1738 2892 1741 2893 '

153 2965 607 3028 lmtdottiensibus.
662 2972 825 3044 Igitur
873 2974 989 3030 sive
1017 2976 1372 3031 snbdolorum
1414 2965 1729 3044 instinctu,‘

149 3058 245 3115 sive
271 3060 352 3117 Dei
401 3077 568 3131 nutu,
614 3067 839 3137 expulsa
884 3062 966 3123 est
1012 3083 1042 3122 a
1096 3066 1601 3138 Londoniensibus;
1652 3082 1705 3126 et.

154 3167 300 3221 regem
329 3166 450 3212 tunc
484 3158 537 3213 in
577 3160 936 3229 compedibus
966 3159 1091 3229 poni
1139 3160 1322 3232 jussit.
1358 3160 1485 3216 Post
1515 3171 1697 3217 autem

1804 1954 2010 2012 frctans
2041 1972 2100 2011 se
2131 1965 2463 2027 prepararet.
2507 1954 2665 2022 Quod
2710 1971 2896 2011 comes
2942 1956 3256 2027 ad.tcmpus
3303 1972 3390 2012 rc-

1803 2047 1942 2114 nuit,
1972 2049 2100 2118 quia
2150 2048 2500 2125 rebellionem
2531 2047 3004 2119 Andcgarensium
3048 2057 3103 2102 et
3151 2048 3387 2104 aliorum

1802 2140 2086 2196 hominum
2121 2156 2348 2197 suorum
2374 2140 2616 2196 timebat.
2649 2138 2894 2196 Tradidit
2924 2151 3104 2196 tamen
3140 2141 3214 2195 illi
3245 2140 3390 2199 lien-

1750 2272 1753 2275 .
1802 2231 1975 2287 ricum
2028 2232 2454 2306 primOgenitum
2512 2233 2685 2291 tilium
2713 2250 2895 2301 suum,
2940 2243 3000 2289 ut
3028 2249 3154 2290 eum
3202 2249 3391 2290 secum

1800 2321 2046 2379 duceret.
2079 2320 2188 2379 Nec
2230 2340 2405 2392 mora,
2445 2333 2698 2395 prcscnte
2742 2326 2941 2381 comite
2968 2324 3207 2381 Itobcrto
3229 2329 3392 2383 obse-

1798 2416 1879 2472 dit
1904 2417 2186 2473 castellum
2206 2417 2367 2496 .Alnei
2389 2419 2560 2490 (599‘)
2578 2426 2633 2473 et
2658 2419 2817 2489 cepit.
2838 2417 2904 2474 Et
2925 2419 3121 2491 majori
3144 2421 3391 2479 exercitu

1798 2520 2147 2583 congregato,
2176 2526 2408 2583 pergens
2457 2510 2525 2566 ad
2574 2509 2928 2578 Moritolium,
2985 2513 3258 2569 redditum
3306 2525 3392 2571 est

1799 2601 1873 2670 ei,
1899 2610 1954 2658 et
1983 2601 2375 2670 Tcnechebrai,
2401 2601 2653 2669 Cereccs,
2686 2602 2966 2671 Tiliolum,
3010 2605 3216 2663 scilicet
3250 2622 3392 2677 qua—

1799 2705 1928 2751 tuor
1981 2698 2203 2753 castella
2260 2696 2480 2767 propria
2530 2696 2746 2752 comitis
2795 2696 3204 2753 Moritoliensis.
3264 2697 3395 2754 Inde

1800 2788 2224 2846 Abrincatcnses
2259 2790 2621 2845 subdiderunt
2646 2805 2707 2845 se
2746 2790 2922 2844 eidem
2968 2790 3115 2856 duci,
3151 2800 3206 2845 01
3248 2789 3394 2845 Con-

1804 2881 2211 2936 stantinienses.
2278 2880 2392 2936 Rex
2444 2879 2788 2935 Francorum
2847 2879 3159 2936 Ludovicus
3205 2881 3395 2936 atllixit

1804 2974 2059 3029 comitem
2136 2972 2459 3040 'I‘ebaldum,
2517 2981 2571 3027 et
2631 2973 2866 3028 vastavit
2925 2982 3127 3028 terram
3195 2990 3389 3041 suam,

1806 3065 2044 3120 maxime
2083 3067 2136 3119 in
2161 3063 2484 3135 Campania,
2521 3064 2613 3118 ubi
2648 3064 2933 3119 combuxit
2967 3063 3254 3118 castellum
3295 3078 3393 3135 op-

1809 3157 2025 3222 timum,
2057 3155 2322 3211 Vitreium
2370 3157 2606 3221 scilicet;
2664 3156 2757 3210 ubi
2810 3156 3104 3211 multitudo
3153 3156 3393 3211 maxime

150 3244 248 3301 dies
287 3250 617 3320 aliquantos,
667 3265 790 3306 cum
821 3252 1092 3308 avunculo
1121 3231 1223 3309 81111
1253 3269 1378 3324 rege
1406 3253 1698 3309 Scotorum
1726 3231 1773 3294 ο
1803 3250 2004 3306 diversi
2037 3266 2203 3305 sexus
2246 3248 2532 3305 hominum
2587 3256 2640 3304 et
2667 3248 2828 3304 etatis
2875 3248 3208 3305 concremati
3240 3258 3389 3305 sunt.

150 3346 196 3390 et
213 3336 359 3394 fratre
376 3358 475 3396 suo
495 3341 736 3397 Boberto
758 3344 968 3399 viribus
992 3344 1197 3401 coactis
1219 3344 1463 3412 veniens,
1488 3345 1702 3400 1111801111

154 3431 314 3486 turrim
341 3431 735 3490 Wintonicnsis
755 3435 1030 3506 episcOpi;
1056 3435 1348 3506 episcopus
1379 3445 1560 3491 autem
1595 3436 1698 3490 mi—

153 3520 213 3573 sit
226 3536 311 3590 pro
336 3525 513 3596 regina
534 3533 592 3581 et
620 3524 905 3581 Willermo
933 3524 1168 3596 Yprcnsi
1197 3536 1251 3582 et
1277 3526 1473 3583 ceteris
1512 3542 1701 3598 proce-

154 3611 278 3668 1111118
301 3614 499 3689 Anglic.
551 3616 757 3674 Factus
805 3627 891 3674 est
928 3617 1093 3690 igitur
1137 3620 1392 3691 utrinque
1427 3621 1701 3676 exercitus

155 3719 363 3772 mgnus.
408 3708 569 3776 Venit
594 3711 815 3767 tandem
846 3713 1119 3769 exercitus
1159 3711 1601 3781 Londoniensis;
1648 3726 1702 3770 et

154 3803 238 3853 acti
263 3817 554 3872 numerose,
588 3805 684 3877 qui
733 3815 925 3861 contra
970 3807 1373 3877 tmperatriccm
1407 3808 1700 3864 contende-

155 3890 277 3954 baut,
301 3912 411 3952 eam
440 3901 699 3956 recedere
728 3902 1129 3969 compulerunt.
1185 3899 1339 3970 Capti
1373 3912 1502 3957 sunt
1537 3902 1701 3972 igitur

156 3988 298 4042 11111111.
322 3989 513 4061 Captus
543 4002 631 4048 est
657 4001 712 4047 et
738 3991 1011 4049 Robertus
1040 3992 1202 4048 frater
1234 3994 1619 4063 in’ipcratrieis,
1645 3995 1707 4049 111

155 4078 284 4147 cujus
308 4087 432 4139 turri
464 4102 553 4141 rex
590 4097 727 4149 erat,
750 4089 908 4153 cuius
937 4086 1055 4142 sola
1076 4087 1327 4156 captione
1353 4104 1443 4142 rex
1470 4088 1700 4142 evadere

157 4181 348 4235 poterat.
396 4177 695 4233 Absolutus
722 4184 807 4232 est
839 4185 1083 4245 uterque.
1119 4177 1208 4233 Sit:
1237 4194 1334 4233 rex
1366 4178 1456 4233 Dei
1486 4178 1698 4249 justitia

157 4260 493 4323 miserabiliter
517 4282 735 4338 captus,
786 4268 877 4322 Dei
912 4268 1287 4324 misericordia
1320 4269 1702 4324 miserabiliter

156 4352 374 4415 litteratus
403 4373 485 4417 est
519 4362 731 4428 (Nata).
768 4361 959 4417 Fttenn
995 4373 1177 4417 autem
1214 4360 1483 4417 liobertus
1509 4370 1700 4431 captus

156 4444 198 4498 in
221 4449 294 4505 die
318 4455 658 4510 exaltationis
705 4467 892 4510 sancte.
937 4455 1138 4510 n-ueis.
1190 4453 1390 4509 Eodem
1442 4469 1587 4507 anno
1646 4454 1698 4508 in

1803 3341 2151 3397 Innocentius
2182 3357 2319 3413 papa
2354 3341 2634 3396 interdixit
2660 3350 2791 3397 tunc
2815 3350 3017 3397 terram
3058 3341 3388 3397 dominicam

1803 3435 1977 3505 ipsius
2023 3434 2185 3506 regis,
2227 3434 2357 3505 quia
2393 3433 2613 3488 nolebat
2653 3434 2891 3504 recipere
2919 3433 3392 3503 archiepiscOpum

1805 3526 2229 3594 Bituricenscm;
2270 3542 2431 3597 quem
2462 3535 2643 3581 tamen
2687 3534 2875 3595 postea
2909 3525 3139 3594 recepit;
3164 3534 3219 3580 et
3251 3540 3392 3596 papa

1803 3619 2037 3675 absolvit
2058 3635 2183 3674 cum
2232 3619 2300 3675 de
2345 3628 2712 3686 sacramento,
2750 3618 2897 3690 quod
2944 3618 3393 3673 irrationabiliter

1804 3713 2026 3770 fecerat.
2053 3713 2296 3770 Ecclesia
2322 3714 2388 3768 de
2416 3712 2753 3769 Bellomontc
2796 3713 2958 3767 datur
2985 3711 3213 3767 ccclesie
3256 3710 3391 3766 Bec-
3457 3781 3463 3787 .

1804 3804 1974 3864 censi.
2019 3804 2218 3878 (llnx'r.
2251 3809 2396 3878 vui.)
2446 3804 2561 3860 Rex
2596 3806 2896 3877 Anglorum
2926 3803 3236 3875 Stephanus
3260 3819 3389 3858 con-

1804 3901 2007 3957 struxit
2052 3909 2294 3955 castrum
2341 3900 2484 3969 apud
2528 3897 2892 3953 Wintoniam.
2932 3896 3086 3953 Tunc
3131 3911 3391 3967 superve-

1805 3994 1963 4049 niens
2008 3993 2301 4047 multitudo
2329 3990 2496 4046 nimia
2529 3991 2769 4046 hostium
2825 4006 2891 4045 ex
2940 3990 3236 4059 insperato,
3263 4003 3388 4042 cum

1805 4088 1936 4158 regii
1976 4088 2176 4142 milites
2226 4085 2645 4142 circuitionibus
2702 4083 2909 4138 bellicis
2956 4083 3306 4153 incepisscnt,
3338 4090 3393 4135 ct

1804 4196 1911 4234 non
1962 4179 2269 4249 potuissent
2311 4178 2590 4244 resistere,
2619 4192 2800 4248 regem
2838 4176 2890 4229 in
2938 4174 3123 4246 fugam
3165 4189 3391 4243 compu-

1803 4276 2023 4339 lerunt;
2062 4273 2217 4328 tnulti
2250 4280 2431 4327 autem
2472 4271 2540 4325 110
2581 4271 2696 4325 suis
2722 4269 2864 4340 capti
2901 4277 3047 4323 sunt.
3073 4268 3276 4338 Captus
3306 4276 3391 4321 est

1802 4366 1965 4421 01111111
1999 4365 2315 4420 Willermus
2351 4363 2542 4418 Martel
2578 4362 2788 4434 dapifer
2834 4361 3000 4432 regis,
3033 4361 3127 4431 qui
3168 4376 3269 4431 pro
3296 4374 3372 4414 re-

1803 4460 2114 4530 demptione
2153 4476 2254 4513 sua
2293 4458 2441 4513 dedit
2492 4457 2704 4527 insigne
2752 4455 3035 4511 castellum
3088 4454 3156 4508 de
3210 4452 3388 4507 Sires-

155 4543 327 4599 m-taris
349 4550 543 4615 pasche
568 4548 861 4619 cpiscopus
890 4547 1247 4602 Lttxovicnsis
1271 4546 1550 4601 .lolntnnes
1575 4547 1700 4601 sub-
1732 4584 1775 4640 Ι)
1805 4552 2000 4606 lim-na.
2034 4549 2236 4605 Eodem
2266 4565 2412 4604 anno
2449 4566 2544 4604 rex
2578 4549 2790 4602 obsedit
2820 4547 3221 4619 imperatricem
3245 4548 3387 4617 apud

156 4629 263 4687 didit
288 4650 342 4690 se
367 4637 626 4693 Ca'ul'rido
651 4638 838 4693 comiti
868 4636 1266 4701 Andegarensi,
1298 4649 1351 4692 et
1388 4635 1620 4691 reddidit
1644 4636 1693 4689 ei

157 4723 408 4797 civitatem,
438 4749 602 4803 quam
647 4733 964 4802 aliquandiu
1015 4743 1204 4787 contra
1250 4747 1376 4787 011111
1421 4738 1692 4785 tenuerat.

159 4814 336 4873 Subditi
365 4833 485 4879 sunt
521 4826 686 4878 etiam
717 4825 764 4879 ei
796 4840 988 4879 omnes
1042 4834 1289 4894 potentes
1339 4822 1696 4877 Luxovicnsis

157 4911 422 4970 comitatus.
453 4916 609 4971 Circa
641 4926 987 4987 pentecosten
1020 4918 1157 4971 obiit
1192 4906 1464 4988 prodictus
1491 4914 1697 4970 Johan—

160 5013 234 5054 1108
256 5006 547 5078 epismpus.
582 5008 681 5063 llic
710 5009 943 5064 multum
975 5010 1338 5079 episcopalem
1369 5009 1551 5064 sedent
1582 5007 1696 5061 edi-

160 5092 269 5149 liciis
288 5109 335 5152 et
359 5102 693 5158 ornamentis
740 5103 995 5157 accrevit.
1033 5101 1231 5155 Urbem
1264 5117 1503 5170 quoque,
1535 5100 1695 5168 cujus

159 5198 312 5245 muros
337 5190 660 5251 llumbcrtus
689 5194 980 5267 episcopus
1023 5205 1242 5265 propter
1270 5192 1555 5249 ecclesiam
1586 5191 1701 5246 edi-

159 5276 384 5339 ticandam
410 5288 768 5355 destruxerat,
799 5287 1050 5342 menibus
1074 5286 1317 5342 ambivit.
1351 5283 1629 5340 Successit
1651 5284 1699 5337 ci

129 5372 382 5452 Amulius
408 5395 571 5451 nepos
598 5383 739 5452 ejus,
789 5381 1069 5453 Sagicnsis
1117 5379 1569 5442 archidiaconus,
1619 5377 1703 5430 vir

126 5463 135 5515 ἕ
159 5461 409 5520 adtnodum
438 5471 683 5538 callidus,
713 5475 997 5542 eloquens,
1027 5471 1316 5525 litteratus.
1368 5467 1698 5522 Waleranus

160 5558 312 5608 (mnes
332 5555 558 5627 Mellcnt,
584 5565 676 5634 qui
707 5565 964 5619 omnibus
990 5560 1323 5637 Normannic
1350 5560 1692 5631 primatibus,

160 5640 543 5711 Eltirtnitatibus
583 5666 636 5712 et
681 5656 983 5713 redditibus
1015 5665 1068 5711 ct
1116 5655 1367 5711 atlinibus
1399 5651 1694 5724 prestabat,

1800 4642 2116 4710 Oxinel‘ord,
2141 4652 2265 4714 post
2309 4640 2506 4697 festum
2542 4640 2715 4696 sancti
2747 4630 3045 4704 Michaelis,
3103 4654 3279 4709 usque
3309 4639 3379 4696 ad

1799 4739 2089 4793 adventum
2115 4735 2350 4790 Domini.
2377 4734 2433 4788 In
2459 4750 2527 4789 eo
2556 4733 2755 4805 quippe
2802 4732 3038 4788 termino
3075 4732 3221 4787 haud
3256 4748 3389 4804 pro-

1799 4832 1888 4885 cul
1913 4848 1943 4885 a
1970 4831 2136 4885 natali
2177 4829 2403 4884 recessit
2444 4828 2568 4883 inde
2594 4827 2908 4898 imperatrix
2945 4835 3106 4883 nocte
3152 4842 3250 4897 per
3278 4826 3387 4884 Ta-

1803 4924 1997 4979 masim
2023 4922 2334 4995 glaciatam,
2362 4920 2714 4976 circuamieta
2740 4919 2987 4975 vestibus
3011 4919 3172 4985 albis,
3200 4933 3386 4973 rever-

1809 5013 2087 5068 bcratione
2129 5012 2270 5066 nivis
2323 5020 2378 5066 et
2429 5009 2785 5066 similitudine
2830 5009 3144 5064 fallentibus
3196 5008 3387 5063 oculos

1803 5103 2189 5159 obsidentium.
2237 5103 2385 5157 Abiit.
2431 5111 2611 5157 autem
2650 5101 3013 5172 Warengum;
3052 5108 3108 5155 et
3145 5100 3225 5154 sic
3255 5098 3389 5153 Oxi-

1807 5193 1995 5249 neford
2023 5193 2241 5248 tandem
2269 5193 2381 5263 regi
2409 5194 2612 5249 reddita
2640 5201 2741 5248 est.
2773 5191 2918 5248 Obiit
2960 5192 3239 5249 Iohannes
3279 5190 3389 5243 im-

1807 5294 2032 5357 perator
2052 5284 2707 5356 Constantinopolitanus,
2735 5304 2858 5344 eum
2891 5286 3054 5342 nimis
3084 5282 3392 5340 intenderet

1806 5392 1996 5432 arcutn
2014 5392 2138 5431 cum
2166 5377 2361 5448 sagitta
2385 5379 2641 5446 toxicata,
2660 5381 2796 5435 adeo
2823 5390 2879 5434 ut
2900 5381 2953 5433 in
2968 5394 3132 5433 manu
3156 5375 3389 5430 letaliter

1803 5469 2200 5524 vulneraretur.
2224 5469 2324 5525 Cui
2356 5474 2620 5529 successit
2652 5472 2915 5528 Emanuel
2942 5472 3086 5526 [ilius
3122 5471 3265 5540 ejus.

1873 5559 2030 5614 me.
2066 5558 2277 5632 [tua]
2319 5561 2369 5615 δ.
2674 5564 2727 5619 5.
3033 5561 3084 5616 7.
3403 5636 3407 5640 ἢ

1871 5651 2019 5710 Obiit
2044 5654 2307 5711 llicaz-dus
2337 5654 2647 5729 Bajocensis
2677 5656 2998 5726 epESCOpus;
3035 5671 3124 5711 CUI
3167 5669 3389 5739 succes-

1603 5743 1834 5801 NOTAE.

218 5830 365 5899 (592‘)
391 5837 611 5911 Aulnay,
645 5842 785 5896 inter
808 5843 954 5899 Caco
992 5852 1045 5898 et
1079 5840 1221 5897 Viro.

398 5933 658 5997 Parum“
696 5931 851 5999 CLX

3026 5940 3054 5959 μ

2988 5940 3061 5999 15
