3934 6316
189 315 294 377 tet
974 305 1340 365 CllRONiCA.
1380 273 1450 342 ὲ-
1487 296 1737 358 AUCTA]

1842 296 1902 351 ’Μ
1943 297 2247 355 ROBERTI
2285 299 2375 355 DE
2412 298 2671 359 MONTE.
3349 314 3459 375 469

306 438 658 489 numnum
808 441 1146 482 “nomen.
1299 436 1601 477 Ακοιοιιωι.
1788 418 1841 478 Α
1868 425 2055 471 uotum
2078 428 2267 474 carros
2294 418 2571 489 lapidibus
2595 433 2825 478 onustos
2848 433 2902 479 ct
2921 423 3107 497 lignis,
3133 440 3373 495 annona,
3399 438 3456 486 et

190 525 355 581 adhuc
403 525 663 580 tenebant
710 520 762 577 ei
817 518 1125 576 resistendo
1169 513 1490 587 stipendarii
1538 511 1760 569 comitis
1863 510 2028 566 rebus
2064 511 2209 580 aliis,
2240 513 2357 570 suis
2388 515 2632 570 humeris
2671 517 2888 574 trahere
2926 519 2993 575 ad
3030 535 3172 591 opus
3200 522 3449 592 ecclesie,

188 615 476 683 Warenne;
518 616 615 687 qui
642 614 891 669 videntes
920 627 979 667 se
1011 610 1085 671 ei,
1111 625 1222 664 non
1266 624 1429 680 posse
1476 605 1756 669 resistere,

185 710 527 766 reddiderunt
555 708 857 780 predictum
881 704 1187 770 castellum,
1212 704 1340 758 licet
1375 700 1553 756 inviti.
1601 698 1758 770 Hugo

184 802 333 857 etiam
378 801 446 855 de
468 787 725 856 Gornaco
769 796 1005 853 reddidit
1050 795 1336 851 castellum
1366 790 1657 858 de'Leons,
1689 792 1757 846 ti-

184 908 325 949 mens
346 908 413 948 ne
441 907 630 948 comes
657 906 879 947 omnem
921 899 1122 947 terram
1155 903 1312 944 suam
1343 885 1752 951 exterminarct.

182 985 474 1041 l’aciiicatis
517 985 701 1055 itaque
732 984 991 1040 omnibus
1032 982 1088 1036 in
1130 977 1488 1046 Normannia,
1529 986 1755 1048 excepto

182 1078 390 1133 castello
410 1078 478 1132 de
502 1077 721 1144 Archis,
749 1077 897 1147 quod
925 1074 1237 1130 Willcrmus
1260 1073 1566 1128 monachus
1594 1070 1755 1125 Flau-

181 1170 379 1225 drcnsis
429 1170 613 1225 adhuc
659 1170 898 1236 tenebat,
955 1176 1176 1239 propter
1228 1166 1543 1221 ﬁdelitatem
1607 1164 1753 1235 regis

182 1260 447 1331 Stephani,
478 1260 608 1316 licet
634 1261 887 1316 homines
907 1259 1065 1314 ducis
1093 1256 1341 1313 Gaufridi
1366 1255 1497 1312 illud
1520 1256 1638 1311 sine
1664 1256 1750 1310 in-

181 1354 511 1409 termissione
563 1354 894 1419 obsiderent,
942 1351 1221 1407 redierunt
1265 1350 1468 1421 quique
1515 1348 1571 1404 in
1628 1364 1746 1405 sua.

179 1445 310 1502 Obiit
334 1444 617 1501 Johannes
643 1444 970 1500 Salariensis
1000 1443 1324 1514 episcopus;
1364 1442 1452 1497 cui
1486 1442 1751 1497 successit

179 1537 424 1592 Girardus
454 1537 759 1593 canonicus
802 1535 1048 1607 ejusdem
1074 1534 1323 1600 ecclesie,
1355 1532 1441 1587 vir
1474 1533 1750 1603 jocundus

177 1639 224 1685 et
252 1630 540 1686 admodum
580 1630 872 1685 litteratus.
922 1627 1033 1683 Iste
1074 1626 1352 1682 Iohannes
1376 1640 1493 1681 rem
1524 1625 1744 1696 dignam

1861 603 2020 673 cujus
2067 613 2248 662 turres
2284 614 2415 662 tunc
2443 606 2662 663 fiebant.
2705 608 2823 676 Que
2858 611 2953 681 qui
2984 628 3093 668 non
3137 613 3296 682 vidit,
3332 615 3450 686 jam

1862 696 2061 751 similia
2110 713 2220 753 non
2258 698 2479 755 videbit.
2514 698 2634 756 Non
2672 702 2851 758 solum
2896 704 2993 770 ibi,
3041 706 3137 761 sed
3176 706 3342 762 etiam
3392 708 3449 764 in

1859 797 1971 844 tota
2003 805 2140 860 pene
2164 789 2398 848 Francia
2423 802 2478 848 et
2509 791 2847 851 Normannia
2889 806 2943 852 et
2972 797 3099 854 aliis
3147 800 3337 856 multis
3368 801 3450 855 lo-

1858 882 1960 950 cis,
2004 884 2207 955 ubique
2248 885 2530 943 humilitas
2570 897 2624 943 et
2656 888 2895 956 alliictio,
2924 890 3129 962 ubique
3153 893 3453 962 penitentie

1857 984 1912 1029 et
1952 977 2224 1033 malorum
2256 978 2532 1048 remissio,
2565 980 2769 1051 ubique
2820 982 3012 1039 luctus'
3049 992 3104 1040 et
3132 986 3447 1044 contrietio.

1858 1062 2085 1121 Videres
2142 1067 2375 1124 feminas
2414 1079 2470 1125 et
2517 1070 2771 1127 homines
2817 1088 2916 1143 per
2946 1073 3249 1144 profundas
3292 1078 3452 1148 palu-

1855 1156 1951 1212 des
1978 1160 2208 1229 genibus
2233 1162 2467 1228 trahere,
2503 1164 2824 1221 verberibus
2852 1166 2991 1234 cedi,
3017 1169 3209 1226 crebra
3241 1171 3447 1243 ubique

1855 1251 2117 1307 miracula
2154 1253 2292 1321 fieri,
2337 1252 2449 1309 Deo
2477 1265 2675 1312 cantus
2728 1267 2783 1313 et
2830 1258 3036 1328 jubilos
3077 1262 3251 1319 reddi.
3285 1262 3450 1322 Extat

1851 1342 1999 1398 enim
2035 1343 2103 1399 de
2128 1343 2232 1400 hac
2257 1359 2317 1400 re
2344 1345 2499 1415 prius
2526 1346 2770 1403 inaudita
2799 1347 3043 1420 llugonis
3086 1351 3316 1422 cpistola
3341 1352 3448 1410 Ro-

1852 1434 2226 1507 thomagensis
2280 1438 2680 1509 archiepiscopi
2737 1441 2804 1495 ad
2856 1440 3261 1499 Theodericum
3322 1445 3442 1512 epi-

1852 1542 2080 1597 scopum
2127 1528 2573 1599 Ambianenscm,
2608 1548 2774 1604 super
2812 1534 2916 1590 hac
2968 1518 3438 1596 rec‘scicitanten‘.

1851 1617 2070 1676 Diccres
2121 1623 2464 1692 prophetiam
2513 1626 2767 1697 impleri:
2802 1626 3040 1698 Spiritus
3084 1631 3190 1685 vite
3221 1641 3336 1685 erat
3384 1634 3443 1688 in

179 1724 424 1779 memoria
458 1732 708 1794 tempore
754 1720 975 1778 Henrici
1012 1719 1158 1791 regis
1207 1717 1405 1822 effecit.
1437 1716 1748 1774 Canonicos
1778 1762 1822 1822 Β
2310 1758 2325 1781 ,
2356 1715 2470 1818 2.0)..
2502 1716 2941 1822 Gaufrildusdpx
2974 1730 3205 1822 'poutem
3231 1722 3442 1782 notho-

176 1818 306 1872 enim
350 1817 629 1872 seculares
668 1830 767 1871 sue
803 1814 1033 1871 ecclesie
1078 1812 1398 1886 regulariter
1445 1821 1502 1869 et
1547 1828 1745 1870 secun-

178 1910 292 1965 dum
322 1909 495 1964 sancti
518 1906 811 1979 Augustini
837 1905 1236 1963 institutionem
1259 1905 1443 1961 vivere
1464 1903 1612 1972 fecit,
1649 1904 1745 1960 ad-

178 2000 292 2056 ditis
313 2001 540 2057 ofﬁcinis
582 2000 1022 2073 congruentibus
1063 2007 1118 2054 et
1159 1999 1419 2054 claustro.
1458 1996 1575 2053 Hoc
1599 1998 1743 2053 idem

178 2088 434 2147 Johannes
458 2091 845 2158 Luxoviensis,
867 2082 1172 2147 avunculus
1201 2089 1342 2161 ejus,
1371 2098 1426 2145 et
1448 2088 1745 2146 Gaufridus

177 2180 515 2240 Carnotensis
549 2185 789 2255 episcopi
816 2193 1085 2254 temptare
1126 2183 1181 2238 in
1225 2183 1341 2239 suis
1373 2183 1620 2239 ecclesiis
1643 2197 1744 2238 vo-

177 2274 399 2342 luerunt;
463 2279 559 2333 sed
615 2278 670 2333 in
706 2278 828 2349 ipso
898 2286 1099 2333 conatu
1162 2276 1502 2332 defecerunt.
1559 2276 1745 2333 Mense

177 2366 348 2424 Martio
373 2370 505 2426 obiit
532 2369 846 2426 Celestinus
875 2378 1015 2441 papa
1040 2369 1230 2439 (Mart.
1265 2371 1356 2442 9);
1400 2370 1488 2425 cui
1524 2386 1744 2427 succes-

179 2460 241 2516 sit
258 2459 510 2518 Girardus
536 2463 676 2518 civis
705 2462 1093 2528 Bononiensis,
1137 2462 1439 2518 canonicus
1476 2462 1742 2534 regula'is

179 2553 590 2609 etcanceilarius
637 2553 884 2610 Romane
919 2555 1148 2609 ecclesie
1179 2555 1558 2612 ct'cardinalis
1598 2557 1738 2612 tituli

178 2643 376 2699 ecclesie
398 2656 585 2702 sancte
608 2646 791 2703 crucis
814 2647 900 2702 vel
921 2646 1245 2713 Jerusalem,
1275 2648 1420 2718 quod
1448 2648 1589 2703 idem
1621 2659 1735 2718 est;

178 2742 375 2791 vocatus
398 2747 590 2807 postea
618 2737 826 2795 Lucius
860 2737 927 2805 ll,
953 2750 1093 2809 papa
1122 2737 1308 2805 170'”,
1333 2740 1426 2811 qui
1460 2742 1603 2797 sedit
1625 2758 1737 2798 uno

179 2839 319 2883 anno.
926 2841 930 2844 ’

238 2915 376 2972 illi.
408 2916 626 2995 {illi}
674 2920 952 2977 Conradus
981 2918 1032 2974 7.

192 3004 195 3007 ’
741 3010 1041 3083 Stephanus
1079 3012 1133 3068 9.

1270 2898 1569 2977 Ludovicus
1610 2922 1659 2977 7.

1849 1803 1994 1873 magi
2046 1803 2223 1860 reiicit
2244 1805 2645 1865 firmissimum.
2684 1809 2830 1865 Obiit
2855 1809 3059 1866 Lucius
3082 1827 3221 1884 papa
3251 1831 3441 1873 mense

1846 1891 2042 1949 Martio
2064 1894 2247 1967 (Febr.
2300 1898 2425 1969 25);
2472 1900 2561 1955 cui
2606 1903 2873 1958 successit
2902 1902 3234 1973 Bernardus,
3265 1908 3438 1966 abbas

1847 1988 2167 2043 monasterii
2204 1991 2382 2046 sancti
2428 1992 2726 2063 Anastasii,
2775 1998 2921 2067 quod
2946 2009 3031 2055 est
3054 2009 3210 2056 extra
3246 2017 3437 2060 muros

1849 2076 2043 2147 Reme,
2066 2080 2160 2136 ubi
2183 2080 2535 2141 Innocentius
2563 2102 2720 2156 papa,
2749 2090 2843 2158 qui
2864 2102 3095 2161 quartus
3118 2102 3246 2150 ante
3266 2095 3434 2152 istum

1847 2165 2048 2237 fuerat,
2078 2170 2354 2227 abhatiam
2410 2174 2625 2230 noviter
2662 2175 2868 2234 fecerat
2911 2181 2978 2235 de
3007 2182 3199 2239 ordine
3242 2200 3438 2242 mona-

1847 2259 2077 2323 chorum
2100 2262 2169 2317 de
2200 2262 2462 2332 Cistelth;
2491 2275 2546 2322 et
2580 2266 2893 2327 Bernartius
2941 2272 3110 2329 abbas
3135 2274 3203 2329 de
3243 2273 3432 2332 Clara-

1844 2353 2006 2421 valle,
2045 2354 2265 2425 quando
2296 2356 2426 2413 illuc
2466 2359 2618 2415 misit
2657 2371 3008 2431 conventum,
3063 2365 3212 2421 hunc
3250 2367 3430 2437 prefe-

1844 2453 2028 2514 cerat;
2058 2447 2299 2503 maxime
2338 2450 2469 2520 quia
2506 2467 2644 2522 papa
2693 2450 2977 2511 Romanus
3006 2456 3304 2527 aliquando
3333 2474 3433 2514 an-

1843 2545 2063 2608 tequam
2087 2539 2155 2593 ad
2183 2542 2571 2597 monachatum
2616 2545 2720 2600 iste
2746 2546 2975 2614 veniret,
3003 2549 3071 2603 ad
3095 2564 3315 2605 sacrum
3340 2566 3433 2606 or-

1841 2629 2024 2685 dinem
2055 2630 2208 2685 illum
2239 2644 2605 2703 promoverat.
2631 2636 2763 2692 Erat
2785 2638 2931 2694 enim
2956 2648 3429 2711 transmontanus,

1839 2730 2029 2792 utpote
2058 2723 2194 2782 civis
2238 2723 2502 2783 Pisensis.
2545 2725 2670 2783 Fuit
2700 2738 2882 2786 autem
2925 2732 3210 2789 ordinatus
3255 2734 3430 2805 prima

1839 2816 2182 2875 hebdomade
2212 2821 2421 2877 mensis
2451 2820 2653 2890 Martii,
2686 2836 2741 2879 et
2766 2833 2997 2881 vocatus
3022 2836 3107 2883 est
3129 2826 3428 2907 Eugeniae,

1837 2925 1977 2981 papa
2005 2900 2191 2967 1‘71“.
2224 2912 2504 2985 Inceptum
2541 2925 2626 2971 est
2647 2927 2813 2987 caput
2846 2920 3164 2975 monasterii
3192 2900 3431 2978 Beroen-

1836 3002 1915 3059 sis
1939 3004 2168 3060 ccclesie
2214 3005 2393 3075 pridie
2438 3005 2558 3061 Kal.
2603 3007 2860 3079 Augusti,
2897 3020 3151 3082 presente
3192 3013 3280 3084 pie
3309 3030 3458 3071 ωε·-

240 3098 443 3174 (Ηυχτ.)
476 3103 793 3175 Stephanus
819 3121 913 3160 rex
945 3104 1247 3177 Anglorum
1289 3105 1442 3175 prius
1468 3106 1523 3161 in
1559 3121 1728 3179 agen-

1842 3096 2009 3151 morie
2033 3096 2220 3152 donno
2250 3095 2487 3154 Letardo
2512 3099 2708 3156 abbate
2732 3102 2823 3157 ⁸⁷⁸.

180 3187 249 3247 dis
269 3193 401 3249 circa
444 3195 737 3252 discursus
777 3194 1023 3268 llugonis
1053 3196 1210 3267 Bigot
1251 3204 1553 3266 occupatus
1584 3195 1725 3262 fuit;

180 3282 258 3338 scd
277 3284 324 3339 in
350 3295 515 3344 estate
550 3288 824 3345 Robertus
869 3288 1063 3343 consul
1090 3296 1146 3343 et
1174 3288 1355 3343 omnis
1380 3287 1728 3344 inimicorum

179 3377 406 3447 regalium
446 3390 602 3437 cetus
636 3364 923 3437 castellum
968 3390 1390 3437 construxerant
1434 3380 1578 3451 apud
1626 3378 1730 3436 Fe-

182 3470 452 3527 rcudunum
489 3493 502 3529 :
544 3474 640 3530 sed
690 3490 784 3529 rex
840 3488 951 3529 non
1010 3473 1250 3546 segniter
1285 3472 1497 3528 viribus
1523 3473 1729 3528 coactis

183 3560 384 3631 advolat,
417 3575 470 3621 et
511 3566 985 3622 Londoniensium
1034 3566 1334 3622 terribilem
1370 3578 1427 3624 et
1464 3582 1727 3623 numero-

181 3666 282 3708 sum
308 3656 520 3715 adduxit
548 3660 872 3716 exercitum.
905 3658 1227 3716 Assilientcs
1248 3661 1418 3733 igitur
1451 3661 1578 3717 totis
1606 3659 1726 3715 die-

180 3742 267 3800 bus
292 3758 541 3821 castrum,
580 3752 711 3807 dum
745 3751 1020 3809 Bobertus
1047 3753 1321 3808 consulet
1363 3754 1604 3811 fautores
1643 3755 1727 3810 sui

183 3839 341 3907 copias
362 3845 596 3915 majores
624 3860 734 3899 non
763 3845 955 3915 procul
1006 3845 1075 3900 ab
1115 3845 1357 3901 exercitu
1386 3846 1533 3919 regis
1565 3861 1729 3918 expc-

184 3937 390 4001 ctarent;
437 3936 837 4008 gloriosissima
865 3936 1170 4007 probitate,
1198 3952 1310 3992 non
1362 3938 1480 3993 sine
1528 3952 1726 4008 magna

185 4026 431 4095 sanguinis
478 4028 768 4095 effusione,
819 4037 1102 4099 ceperunt.
1154 4027 1310 4085 Tune
1348 4028 1567 4085 demum
1612 4028 1726 4101 regi

185 4108 368 4171 fortuna
412 4119 553 4190 cepit
595 4118 651 4173 in
696 4118 894 4175 melius
945 4117 1271 4190 permutari,
1306 4126 1362 4173 et
1397 4119 1454 4173 in
1493 4119 1727 4175 sublime

185 4206 419 4270 protelari.
469 4209 835 4268 Lincoliensis
898 4210 1186 4282 episcopus
1241 4210 1439 4266 iterum
1496 4209 1725 4267 Romam

186 4301 346 4370 pergit,
388 4304 695 4362 Alexander
737 4305 1019 4372 videlicet;
1056 4303 1152 4375 qui
1186 4319 1313 4359 cum
1364 4319 1501 4374 pape
1553 4305 1727 4376 gratia
1766 4340 1769 4345 -

189 4397 397 4460 sequenti
427 4414 571 4455 anno
602 4399 839 4466 rediens,
869 4414 900 4453 a
929 4398 1046 4453 suis
1066 4413 1193 4454 cum
1216 4396 1416 4469 gaudio
1441 4406 1728 4468 susceptus

188 4494 271 4539 est.
296 4486 348 4544 in
379 4502 547 4550 estate
572 4495 844 4551 redditum
876 4502 961 4550 est
988 4494 1273 4549 castellum
1309 4495 1548 4550 Arcense
1575 4494 1725 4567 (595)

188 4573 289 4634 duci
312 4580 579 4654 Gaufrido,
629 4588 815 4643 occiso
848 4586 1134 4641 Willern'o
1180 4586 1452 4642 monacho
1500 4586 1729 4659 fortuitu

190 4666 233 4724 in
268 4683 399 4733 turre
452 4682 670 4754 sagitta,
733 4682 827 4751 qui
891 4681 968 4735 illi
1026 4688 1259 4751 preerat.
1320 4679 1524 4735 Eodem
1582 4697 1729 4738 anno

191 4760 309 4825 (Jan.
338 4770 388 4842 ’5)
431 4790 524 4845 per
552 4774 918 4845 proditionem
966 4773 1323 4844 perdiderunt
1357 4774 1644 4831 christiani
1672 4777 1726 4831 in

187 4857 450 4933 Drincipatu
490 4851 779 4924 Antiochie
823 4867 1095 4923 civitatem
1126 4866 1410 4934 Edessam,
1440 4884 1548 4939 que
1584 4870 1727 4925 anti-

189 4950 342 5015 ‘luitus
371 4958 645 5016 dicebatur
686 4959 887 5032 Rages,
913 4974 944 5014 a
976 4958 1257 5015 modernis
1298 4974 1429 5014 vero
1464 4959 1725 5031 Rohaies,

189 5046 232 5092 ει
254 5047 382 5103 venit
419 5052 471 5107 in
504 5060 829 5123 potestatem
874 5049 1301 5118 Saracenorum,
1328 5051 1530 5107 occisis
1574 5052 1725 5108 chri-

190 5131 370 5204 stianis,
393 5158 526 5211 quos
553 5144 627 5199 ibi
657 5142 1002 5199 invenerunt.
1037 5140 1329 5199 Goceliuus
1358 5145 1505 5199 eiiim
1538 5144 1728 5216 junior

192 5216 247 5272 de
282 5224 559 5301 Torvaisei,
605 5251 791 5291 comes
826 5234 1001 5305 ipsius
1043 5233 1300 5302 civitatis,
1346 5244 1477 5293 tunc
1518 5237 1723 5292 aberat.

192 5308 285 5371 Hoc
300 5322 469 5380 eodem
492 5343 639 5385 anno
668 5339 928 5399 ceperunt
957 5327 1204 5384 homines
1239 5329 1392 5401 prius
1422 5331 1563 5401 apud
1594 5329 1729 5385 Car-

1938 3189 2098 3243 ius.
2158 3189 2345 3263 [me]
2593 3194 2648 3250 8.
2882 3196 2936 3251 s.
3163 3200 3283 3256 τεο.

1903 3279 2100 3349 (lluxr.
2134 3281 2279 3354 vui.)
2319 3281 2434 3338 Rex
2463 3282 2777 3356 Stephanus
2802 3304 3061 3367 magnum
3089 3306 3428 3365 congregans

1830 3374 2151 3441 exercitum,
2191 3377 2479 3432 castellum
2516 3380 2824 3441 construxit
2869 3382 3310 3455 inexpugnabile,
3344 3387 3429 3441 si-

1830 3474 1946 3521 tum
1973 3476 2161 3522 contra
2193 3466 2574 3538 Walingcfort,
2617 3471 2706 3524 ubi
2758 3471 3066 3531 Rannulfus
3102 3491 3290 3533 comes
3317 3475 3427 3532 Ce-

1832 3557 2082 3625 strensis,
2105 3559 2220 3630 jam
2237 3560 2348 3632 regi
2373 3562 2666 3617 concordia
2683 3564 3032 3633 conjunctus,
3057 3582 3184 3622 cum
3212 3570 3429 3641 magnis

1830 3651 2079 3708 interfuit
2103 3652 2298 3723 copiis.
2344 3651 2552 3709 Dehinc
2598 3670 2729 3710 vero
2777 3658 2971 3713 consul
3006 3658 3124 3728 ipse
3169 3661 3235 3716 ad
3282 3663 3428 3732 regis

1830 3746 2040 3801 curiam
2070 3760 2196 3801 cum
2228 3746 2453 3815 paeilice
2480 3747 2722 3802 venisset
2747 3748 2889 3817 apud
2919 3747 3295 3817 Norbantone,
3330 3767 3427 3807 rex

1831 3839 1999 3899 nichil
2029 3840 2136 3895 tale
2163 3849 2493 3895 metuentem
2527 3840 2748 3911 cepitet
2782 3842 2835 3897 in
2867 3858 3139 3899 carcerem
3181 3844 3425 3912 intrusit,

1830 3932 2005 3988 donec
2043 3931 2292 3987 redderet
2332 3931 2384 3986 ei
2428 3930 2797 3988 clarissimum
2834 3933 3075 3991 Lincolie
3115 3936 3441 4003 castellum,

1829 4027 1974 4097 quod
2017 4026 2087 4081 ab
2126 4041 2194 4082 eo
2237 4025 2427 4082 dolose
2472 4038 2724 4098 ceperat,
2771 4037 2828 4083 et
2872 4038 3049 4084 cetera
3096 4046 3427 4103 quecunque

1832 4118 2049 4174 fuerant
2110 4118 2337 4175 ditionis
2398 4135 2498 4175 sue
2548 4122 2791 4176 castella.
2855 4119 2948 4179 Sic
3000 4123 3167 4195 igitur
3230 4127 3425 4182 consul

1829 4212 2036 4282 ejectus
2061 4227 2280 4267 carcere
2304 4212 2359 4266 in
2387 4212 2617 4268 liberum
2647 4215 2978 4271 constitutus
2999 4226 3083 4271 est
3114 4217 3422 4275 arbitrium.

1832 4303 1977 4361 Visis
2024 4307 2325 4374 miraculis,
2367 4323 2475 4377 que
2521 4307 2722 4362 tiehant
2760 4308 2815 4362 in
2858 4308 2994 4364 locis
3033 4309 3327 4381 religiosis,
3371 4320 3427 4365 et

1831 4398 2121 4454 aﬂlictione
2141 4416 2266 4455 cum
2299 4401 2607 4455 humilitate
2632 4402 2973 4467 multimoda,
2998 4403 3171 4457 carris
3200 4404 3425 4459 venien-

1834 4492 2013 4558 tibus;
2052 4491 2235 4545 audita
2264 4492 2430 4547 etiam
2461 4493 2853 4564 conquestione
2888 4494 3313 4551 christianorum
3358 4497 3426 4551 de

1834 4584 2040 4639 sanctis
2078 4585 2213 4640 locis
2252 4586 2589 4641 venientium
2630 4600 2796 4654 super
2837 4586 3139 4655 irruptione
3184 4604 3426 4659 pagano-

1833 4692 1979 4744 rum,
2014 4678 2385 4747 predicatione
2420 4680 2584 4733 etiam
2612 4677 2872 4732 Bernardi
2902 4677 3116 4733 abbatis
3148 4679 3215 4733 de
3244 4679 3429 4735 Clara-

1832 4762 1995 4829 valle,
2027 4762 2129 4817 viri
2163 4779 2273 4818 non
2301 4765 2746 4835 contempnenda:
2774 4764 3138 4830 auctoritatis,
3163 4766 3251 4819 cui
3284 4781 3424 4836 papa

1834 4852 2112 4926 Eugenins
2140 4856 2447 4927 injunxerat
2481 4857 2585 4914 hoc
2626 4856 2899 4925 oﬂicium;
2948 4857 3207 4913 commoti
3244 4854 3428 4912 Ludo-

1830 4948 1984 5004 vicus
2014 4963 2111 5004 rex
2141 4947 2502 5016 Francorum,
2527 4949 2816 5006 Conradus
2838 4951 3137 5021 imperator
3161 4949 3424 5005 Aleman—

1828 5057 2046 5109 norum,
2071 5040 2392 5098 Fredericus
2416 5042 2580 5097 etiam
2609 5058 2777 5112 nepos
2804 5044 2925 5113 ejus
2948 5044 3059 5099 dux
3092 5044 3421 5106 Suevorum,

1830 5134 2172 5192 Galerannus
2212 5149 2397 5191 comes
2445 5133 2683 5190 Mellenti
2724 5136 2948 5203 tercius,
2998 5134 3316 5191 Willermus
3354 5132 3425 5187 de

1830 5230 2108 5288 Warenna
2139 5248 2323 5289 comes
2361 5232 2527 5288 frater
2557 5232 2700 5303 ejus,
2742 5232 3114 5289 Theodericus
3147 5230 3313 5285 etiam
3353 5228 3425 5284 de

1829 5326 2027 5382 Auseis
2051 5325 2199 5399 (596)
2228 5341 2413 5382 comes
2439 5324 2812 5395 Flandrensis,
2842 5334 2898 5381 et
2923 5324 3015 5381 alii
3043 5321 3201 5379 multi
3225 5335 3423 5392 magno

1413 5443 1644 5499 VARUE
1705 5441 2106 5501 LECTIONES.

252 5543 313 5581 ⁸⁷³
332 5548 887 5629 Inceptum—abbate
914 5561 1099 5617 desunt
1126 5560 1213 5618 8b.

1672 5670 1901 5729 NOTrE.

248 5768 373 5848 (595)
401 5783 620 5857 Arqucs.

1902 5784 2053 5855 (598i
2093 5783 2132 5838 Ι.
2165 5800 2213 5838 c.
2246 5782 2448 5838 Alsatia
2479 5782 2591 5837 sive
2630 5778 2890 5836 Ellesath.
