3934 6316
168 421 264 476 185

291 543 638 598 ιιωιλκοιιιξμ.
783 537 1117 578 ηλκεοκωι.
1268 535 1570 574 Ακϐωιιυκ.

158 623 596 693 archiepiscopus
631 615 1011 671 Eboracensis.
1054 611 1240 686 [1148]
1280 610 1556 682 Eugenius
1598 623 1734 679 papa

161 718 210 772 ia
243 711 659 786 quadragesima
686 707 978 763 concilium
1019 705 1366 775 congregavit
1410 702 1617 758 Remis.
1667 701 1734 756 ad
1772 755 1778 762 ,

156 803 291 876 quod
333 801 485 873 venit
526 801 754 856 latenter
798 805 854 853 et
903 805 1094 852 contra
1139 794 1561 865 prohibitionem
1593 808 1734 864 regis

159 893 406 966 Stephani
455 886 731 948 Tebaldus
776 888 1222 958 archiepiscopus
1280 885 1732 948 Cantuariensis;

158 989 290 1044 unde
313 996 367 1043 et
401 979 777 1040 favorabiliter
809 998 839 1037 a
872 997 1010 1052 papa
1046 988 1335 1050 susceptus
1365 989 1468 1034 est.
1521 977 1734 1033 Mortuo

158 1077 382 1132 lloberto
429 1075 693 1145 episcopo
742 1069 1126 1126 llerefordensi
1151 1111 1167 1136 ,
1229 1067 1496 1124 successit
1553 1067 1731 1122 Gisle-

157 1172 329 1226 bet-tus
367 1167 542 1223 abbas
567 1164 920 1221 Gloecestrie.
969 1160 1185 1234 [1146.]
1218 1160 1531 1216 Willermus
1567 1159 1731 1214 etiam

153 1261 214 1316 de
243 1259 437 1315 Sancta
471 1257 732 1324 Barbam,
762 1259 1003 1314 decanus
1027 1255 1412 1322 Eboracensis,
1439 1269 1584 1309 anno
1612 1270 1733 1324 pre—

156 1354 300 1407 terito
327 1351 510 1408 factus
547 1350 724 1406 fuerat
750 1349 1195 1420 archiepiscopus
1223 1345 1623 1402 Dunelmensis.

221 1442 370 1498 1118.
483 1441 766 1498 Comedus
808 1441 893 1496 11.
1004 1438 1305 1494 Ludovicus
1352 1437 1438 1492 11.
1555 1436 1668 1492 S.'e-

773 1528 976 1599 phanus
1015 1526 1104 1582 15.

214 1620 363 1676 Circa
389 1621 696 1676 adventrum
749 1617 968 1674 Domini
1019 1617 1132 1674 dux
1173 1615 1472 1672 Gaufridus
1522 1613 1731 1670 obsedit

157 1713 207 1767 in
233 1712 488 1768 comitatu
523 1709 854 1766 Luxoviensi
882 1709 1168 1766 castellum
1195 1705 1417 1762 Roberti
1447 1703 1730 1760 Bcrtranni

159 1803 273 1874 Fag.
302 1813 354 1858 et
387 1803 684 1858 destruxit.
728 1801 861 1856 Mira
909 1799 1158 1855 miranda
1203 1797 1448 1854 Eudonis
1491 1796 1729 1867 pseudo-

934 405 1304 462 (leRONlCA.
1341 435 1412 444 —
1447 402 1862 460 AUCTARIUM
1905 401 2202 457 llOBEllTI
2245 359 2332 456 DE
2371 403 2627 458 MONTE.

1761 519 1806 575 Α
1831 514 2144 572 festivitatis
2189 517 2361 572 sancti
2391 515 2578 572 Jacobi
2611 520 2863 588 apostoli,
2905 533 2933 572 a
2967 521 3260 574 venerabili
3307 521 3413 577 lluv

3312 407 3418 463 £66

1838 623 1978 679 gone
2009 607 2434 677 llothomagensi
2463 609 2893 682 archiepiscopo,
2923 611 2992 666 ab
3013 613 3202 667 eodem
3233 631 3415 670 coram

1835 708 2105 756 conventu
2129 699 2384 757 Beecensi
2412 701 2464 756 in
2493 701 2620 758 sede
2643 717 2741 757 sua
2763 704 3059 760 collocatus
3081 713 3420 773 cst;'extunc

1837 807 2003 862 supra
2043 808 2260 864 gregem
2301 792 2408 850 sibi
2449 795 2806 850 commissum
2843 811 2945 866 pro
2983 811 3142 866 posse
3185 789 3287 854 .suo
3331 800 3418 855 die

1836 901 1900 940 ac
1938 894 2098 940 nocte
2133 886 2387 942 decenter
2421 886 2710 954 invigilans
2726 888 2816 942 δ”.
2867 886 3124 960 Magister
3161 889 3418 945 Var-anius

1835 987 1993 1048 gente
2025 978 2442 1051 Longobardus,
2487 980 2572 1034 vir
2617 981 2880 1036 honestus
2918 991 2971 1036 et
3000 981 3145 1050 juris
3191 982 3418 1051 peritus,

1834 1085 1960 1126 cum
2001 1070 2146 1142 leges
2191 1069 2468 1125 Romanas
2503 1086 2649 1126 anno
2679 1071 2748 1126 ab
2786 1071 3162 1126 incarnatione
3203 1071 3420 1126 Domini

1835 1161 1975 1216 1149
2004 1161 2058 1215 in
2085 1160 2277 1232 Anglia
2305 1159 2605 1230 discipulos
2645 1160 2884 1227 doceret,
2917 1167 2972 1214 et
2999 1160 3155 1214 multi
3189 1168 3301 1214 tam
3333 1159 3418 1214 di-

1834 1253 1972 1310 vites
1998 1268 2162 1324 quam
2199 1267 2464 1323 pauperes
2505 1251 2573 1307 ad
2613 1267 2740 1320 eum
2778 1267 2942 1307 causa
2988 1252 3232 1307 discendi
3283 1267 3417 1308 coa-

1833 1345 2092 1412 fluerent;
2124 1345 2474 1417 suggestione
2493 1359 2792 1414 pauperum
2818 1344 2884 1399 de
2911 1343 3100 1399 codice
3126 1352 3180 1399 et
3209 1343 3418 1414 digesta

1831 1446 2117 1507 escerptos
2149 1451 2342 1491 novem
2375 1421 2546 1490 libros
2571 1436 2904 1506 composuit,
2937 1435 3032 1506 qui
3053 1435 3328 1490 sumeiunt
3353 1435 3419 1490 ad

1833 1543 2025 1582 omnes
2059 1527 2238 1597 legum
2269 1525 2414 1591 lites,
2440 1541 2548 1596 que
2577 1526 2632 1580 in
2661 1527 2826 1582 scolis
2864 1525 3196 1596 frequentari
3225 1526 3420 1591 solent,

1833 1619 2182 1687 decidendas,
2225 1619 2274 1676 si
2320 1620 2446 1691 quis
2486 1635 2582 1675 eos
2629 1618 2866 1689 perfecte
2908 1619 3204 1674 noverit'"
3249 1619 3417 1690 (601).

1833 1710 2034 1768 Eodem
2058 1729 2204 1768 anno
2229 1722 2354 1782 post
2384 1713 2584 1782 pascha
2609 1712 2821 1767 obierat
2843 1712 3060 1767 dminus
3091 1711 3419 1776 Bernartius,

1833 1805 2002 1861 abbas
2038 1805 2239 1861 Montis
2281 1805 2457 1860 sancti
2503 1804 2805 1870 Michaelis,
2847 1805 3152 1860 monachus
3188 1803 3422 1865 Beccen-

159 1895 400 1966 prophete
429 1904 484 1950 et
525 1895 753 1949 heretici
797 1901 1008 1964 patrata
1047 1901 1196 1959 sunt,
1245 1891 1340 1962 qui
1393 1891 1448 1946 in
1496 1889 1730 1946 concilio
1764 1889 1806 1950 Β
1833 1895 1941 1961 sis;
1986 1895 2082 1966 qui
2113 1895 2344 1950 multum
2390 1895 2540 1950 intus
2579 1903 2633 1948 et
2673 1893 2808 1949 foris
2838 1894 2978 1948 idem
3029 1893 3429 1949 monasterium.

159 1983 325 2043 Remis
349 1986 682 2058 dampnatus
703 1996 757 2042 et
784 1987 837 2040 in
865 1995 1014 2042 turre
1037 1983 1434 2056 archiepiscopi
1459 1993 1728 2051 retrusus,

159 2087 211 2133 ut
229 2078 361 2134 male
391 2079 556 2150 cepit,
592 2078 666 2133 ita
687 2077 934 2148 deperiit.
973 2076 1050 2132 De
1075 2077 1236 2148 cujus
1265 2075 1728 2132 incantationibus

157 2181 205 2225 et
221 2169 460 2226 fantasiis
494 2179 551 2225 et
583 2170 741 2225 factis
762 2179 817 2226 et
835 2169 996 2226 dictis
1023 2169 1220 2225 melius
1243 2176 1330 2225 est
1350 2169 1532 2236 silere,
1560 2183 1726 2240 quam

157 2262 463 2335 hrpti(600).
490 2261 796 2318 Rainaldus
816 2261 884 2317 de
909 2261 1240 2318 Castellione
1263 2260 1443 2316 factus
1467 2269 1553 2316 est
1570 2261 1725 2331 prin-

157 2371 268 2426 ceps
297 2355 606 2422 Antiochic,
639 2354 802 2410 ducta
829 2369 1000 2410 uxore
1023 2352 1318 2409 liaimundi
1343 2352 1611 2424 principis
1625 2352 1722 2407 ⁸⁷⁸.

219 2447 363 2504 1149.
585 2447 675 2504 12.
895 2447 982 2504 12.
1204 2447 1290 2502 14.

217 2538 350 2594 Obiit
378 2547 568 2595 sancte
605 2538 1000 2595 recordationis
1039 2535 1256 2594 domtus
1282 2535 1570 2604 Lctardus,
1597 2549 1713 2591 sex-

160 2638 234 2686 tus
256 2631 417 2686 abbas
447 2627 744 2687 Beccensis
772 2631 1019 2686 ecclesie.
1056 2629 1150 2684 Vir
1174 2629 1395 2700 quidem
1431 2629 1535 2684 iste
1563 2643 1726 2683 vene-

163 2723 324 2779 rabilis
349 2723 440 2778 Bet
452 2723 640 2780 censis
663 2723 915 2796 indigena
942 2723 1330 2778 m'onacbatum
1355 2721 1596 2792 suscepit
1619 2721 1724 2776 sub

161 2814 322 2870 donno
361 2814 648 2871 Willermo
689 2817 883 2872 abbate
919 2815 1251 2882 venerando,
1302 2823 1633 2884 strenueque
1667 2813 1724 2868 in

158 2917 218 2958 eo
244 2904 439 2974 vivens,
486 2905 782 2961 laudabilis
817 2906 926 2960 vite
974 2921 1073 2961 sue
1115 2920 1342 2960 cursum
1371 2905 1527 2976 virgo
1555 2919 1723 2960 senex

163 2992 312 3050 ﬁnivit
345 2995 376 3050 6
426 2995 617 3053 Nonas
642 2994 793 3065 Julii,
823 2997 1051 3052 sabbato
1084 2995 1226 3053 infra
1254 3004 1478 3052 octavas
1505 3004 1726 3066 aposte-

166 3084 316 3142 lorum
350 3086 492 3145 Petri
539 3098 598 3146 et
647 3089 823 3158 Pauli,
865 3090 1011 3146 circa
1054 3090 1121 3144 10
1165 3089 1358 3144 horam
1403 3089 1532 3156 dici,
1577 3105 1722 3144 anno

162 3181 301 3236 etatis
341 3197 436 3238 sue
476 3183 569 3251 65,
621 3185 984 3242 monachatus
1027 3197 1158 3239 vero
1201 3182 1290 3238 50.
1342 3181 1502 3238 Rexit
1540 3191 1722 3237 autem

1833 1987 2242 2043 emendavit”.
2275 1985 2396 2042 Dux
2423 1984 2722 2042 Gauiridus
2748 1987 3030 2042 castellum
3063 1985 3424 2040 Monasterie-

1835 2081 1948 2135 lum
1997 2079 2145 2145 (602)
2193 2080 2247 2135 in
2286 2095 2424 2150 pago
2459 2079 2765 2135 Pictavensi
2803 2079 3046 2144 obsedit,
3087 2086 3141 2134 et
3184 2077 3311 2133 fecit
3344 2077 3420 2132 ibi

1834 2173 1936 2228 tria
1966 2173 2189 2229 castella
2219 2172 2459 2244 lapidea;
2488 2181 2543 2228 et
2571 2172 2788 2228 duravit
2815 2172 2904 2228 illa
2937 2171 3152 2227 obsidio
3185 2185 3283 2240 per
3311 2177 3426 2225 tres

1832 2280 2027 2332 annos,
2057 2279 2344 2335 usquequo
2377 2263 2554 2320 Berlai
2582 2262 2732 2334 (603)
2779 2263 3040 2319 dominus
3068 2262 3278 2318 castelli
3305 2261 3429 2314 red—

1830 2355 1969 2411 didit
1995 2371 2055 2410 se
2081 2355 2290 2412 comiti.
2323 2354 2478 2412 Tunc
2507 2355 2672 2412 etiam
2697 2369 2883 2412 comes
2912 2363 3119 2410 turrem
3149 2363 3203 2410 et
3230 2353 3429 2409 eastcl-

1831 2449 1944 2504 lum
1997 2447 2246 2505 funditus
2291 2449 2507 2504 evertit.
2553 2447 2758 2505 Eodem
2809 2463 2956 2504 anno
3006 2446 3224 2519 (Μαι-τ.)
3267 2447 3429 2502 turbo

1829 2540 2007 2598 factus
2045 2549 2132 2597 est
2177 2540 2479 2605 horribilis,
2508 2541 2835 2597 subvertens
2865 2539 3082 2606 domos,
3113 2537 3338 2592 nemora
3373 2544 3433 2591 et

1828 2634 2063 2705 virgulta
2089 2632 2465 2706 confringens,
2497 2633 2552 2686 in
2583 2647 2694 2703 quo
2719 2631 2884 2687 etiam
2916 2631 3178 2687 demones
3207 2630 3262 2684 in
3307 2645 3430 2700 spe-

1828 2728 1912 2785 cie
1941 2728 2179 2799 turpium
2212 2727 2532 2782 animalium
2567 2741 2845 2798 pugnasse
2873 2731 3218 2780 asseruntur.
3253 2723 3314 2777 ln
3356 2722 3432 2782 fe_

1829 2819 2069 2875 stivitate
2117 2827 2460 2890 pentecostes
2507 2818 2678 2874 David
2723 2833 2817 2873 rex
2861 2816 3152 2872 Scotorum
3189 2814 3429 2871 accinxit

1793 2911 1998 2974 armis
2049 2911 2378 2968 militaribus
2427 2910 2721 2968 Henrieum
2770 2910 3196 2983 primogenitum
3249 2907 3422 2962 lilium

1827 3004 1986 3060 ducis
2015 3003 2261 3062 Gaufridi
2287 3014 2343 3060 et
2378 3006 2555 3076 neptis
2599 3019 2698 3060 sue
2745 3003 3003 3059 Matildis-
3039 3000 3424 3074 imperatrieis,

1828 3094 1924 3165 qui
1955 3111 2100 3152 anno
2130 3097 2388 3166 preterito
2418 3096 2566 3168 (604)
2611 3097 2678 3152 de
2713 3093 3048 3150 Normannia
3079 3094 3133 3148 in
3171 3091 3422 3165 Angliam

1829 3185 2299 3242 transfretaverat.
2329 3186 2532 3241 Eodem
2559 3201 2708 3243 anno
2749 3187 2896 3241 circa
2933 3185 3234 3254 Angustum
3267 3183 3426 3238 rediit

163 3272 407 3330 abbatiam
451 3275 557 3332 sibi
594 3277 946 3332 commissam
991 3275 1307 3347 prudenter,
1359 3284 1545 3348 utpote
1580 3276 1726 3332 filius
1755 3287 1797 3344 (1
1833 3275 2142 3333 Ludovicus
2209 3293 2306 3332 rex
2371 3277 2708 3332 Francorum
2772 3275 2842 3332 de
2907 3274 3234 3329 Jerusalem.
3300 3271 3426 3325 Fuit

165 3365 410 3438 religionis
449 3379 505 3426 et
538 3378 730 3442 postea
763 3379 919 3441 pater
947 3379 1000 3425 et
1031 3370 1154 3442 pius
1183 3377 1417 3437 amator,
1464 3367 1626 3424 annis
1658 3368 1734 3424 f0

164 3465 212 3510 et
235 3458 412 3516 diebus
438 3461 526 3516 23.

251 3549 324 3602 Ad
349 3555 603 3620 patriam,
633 3569 730 3624 pro
751 3570 856 3625 qua
886 3555 1122 3624 suspiria
1144 3563 1293 3608 tanta
1319 3555 1533 3622 dedisti,

350 3641 505 3713 Hinc,
534 3643 764 3700 [λειω-(ιε
789 3655 964 3716 pater,
988 3663 1146 3701 carne
1176 3647 1382 3701 solutus
1407 3645 1544 3703 abis.

255 3724 311 3781 In
339 3731 577 3798 patribus
603 3740 802 3805 sextus,
832 3734 1084 3802 quoniam
1105 3734 1364 3804 perfectus
1400 3743 1450 3790 et
1485 3735 1616 3806 ipse,

349 3820 556 3878 Premia
588 3840 710 3878 cum
731 3824 973 3894 patribus
1001 3827 1226 3896 percipis
1249 3827 1427 3898 ampla
1453 3829 1577 3882 tuis.

247 3907 414 3965 Julius
448 3931 480 3967 α
509 3922 662 3968 sexto
690 3913 874 3968 Nonas
901 3916 1217 3986 properabat
1243 3917 1313 3971 ad
1349 3915 1501 3982 Idus,

349 4001 522 4074 Tenue
546 4005 694 4059 datis
715 4015 913 4076 septem
937 4008 1178 4076 partibus
1203 4015 1320 4060 octo
1350 4009 1502 4062 metis
1522 4007 1612 4060 m.

223 4088 346 4148 lluic
368 4105 556 4152 sancto
587 4097 708 4154 viro
733 4099 1000 4154 successit
1025 4099 1244 4154 donnus
1281 4099 1548 4169 Bogerius
1573 4099 1725 4170 prior

167 4190 442 4259 secundus,
479 4194 536 4250 in
576 4203 810 4265 utroque
844 4203 1171 4250 testamento
1205 4185 1722 4265 aprime'eruditus,

169 4290 350 4338 necnon
375 4287 614 4343 clericali
655 4303 721 4342 ac
753 4287 986 4342 scculari
1023 4287 1252 4343 scientia
1278 4287 1534 4342 decenter
1561 4304 1725 4343 orna-

170 4378 260 4439 tus,
285 4385 334 4430 et
355 4377 421 4433 ab
449 4380 602 4434 omni
639 4379 1004 4435 communiter
1035 4379 1456 4450 congregatione
1496 4381 1721 4447 electus,

171 4461 214 4515 in
239 4465 356 4534 ipsis
381 4472 586 4526 octavis
611 4471 860 4527 videlicet
885 4471 1262 4542 apostolorum
1292 4461 1438 4526 Petri
1461 4480 1515 4526 et
1537 4471 1722 4540 Pauli;

170 4555 248 4622 qui.
273 4557 576 4620 benedictus
601 4563 744 4635 apud
772 4563 1036 4620 Sanctum
1069 4563 1532 4634 Waudregisilum
1560 4566 1615 4621 in
1637 4567 1726 4623 die

1829 3369 2057 3440 hycmps
2079 3369 2318 3424 maxima
2345 3369 2519 3424 tribus
2544 3368 2829 3422 mensibus
2853 3367 3132 3429 continua,
3163 3375 3274 3418 tam
3299 3363 3429 3418 hei-

1829 3460 2025 3529 ribilis,
2058 3469 2116 3517 ut
2141 3461 2364 3532 quidam
2401 3461 2687 3515 hominum
2732 3475 2834 3530 pre
2871 3459 3046 3514 nimio
3079 3457 3302 3527 frigoris
3323 3457 3424 3510 do—

1828 3554 1945 3610 lore
1969 3554 2025 3610 in
2056 3555 2318 3610 membris
2343 3553 2458 3609 suis
2487 3552 2831 3618 lederentur;
2869 3565 2978 3622 qua
3013 3563 3179 3606 etiam
3207 3563 3428 3604 reman-

1829 3649 1903 3702 sit
1946 3663 2012 3701 ex
2055 3646 2292 3701 maxima
2339 3653 2492 3716 parte
2529 3643 2769 3700 vernalis
2809 3643 3163 3714 agricultura,
3211 3649 3266 3694 et
3300 3641 3426 3692 inde

1830 3739 2129 3809 subsequta
2159 3747 2243 3795 est
2287 3754 2484 3808 magna
2529 3736 2808 3793 sterilitas.
2840 3734 3041 3791 lterum
3071 3733 3422 3788 combustum

1827 3841 1912 3888 est
1939 3832 2338 3888 monasterium
2366 3829 2598 3885 Corbeie
2617 3828 2738 3882 ε⁸⁶.σ

1899 3926 2058 3982 1151).
2099 3922 2308 3997 [1151.]
2533 3922 2618 3977 15.

1903 4017 2177 4074 Tebaldus
2199 4031 2384 4072 eomes
2414 4014 2690 4072 Blesensis
2718 4013 3042 4070 Gaufridum
3069 4013 3240 4068 ﬁlium
3266 4013 3422 4068 ducis

1828 4107 2078 4164 Gaufridi
2122 4107 2292 4163 armis
2328 4105 2659 4162 militaribus
2679 4104 2976 4160 decoravit.
3011 4102 3216 4158 Everso
3241 4111 3424 4158 castro

1829 4200 2218 4257 Monasteriolo
2242 4216 2274 4254 a
2301 4200 2440 4256 duce
2457 4197 2740 4264 Gaufrido,
2765 4197 2994 4253 obsesso
3023 4197 3200 4251 tribus
3226 4197 3423 4251 castel-

1829 4293 1898 4348 lis
1931 4293 2161 4363 lapideis
2183 4308 2280 4366 per
2303 4300 2418 4347 tres
2448 4309 2644 4359 annos,
2669 4291 2815 4362 quod
2859 4290 3163 4345 inauditum
3193 4298 3278 4344 est
3303 4298 3424 4359 post

1827 4377 2033 4440 Jullum
2058 4384 2338 4450 Cesarem,
2369 4393 2529 4454 capto
2571 4384 2735 4440 etiam
2759 4383 2924 4439 Bellai
2945 4382 3167 4437 domino
3188 4382 3418 4446 castelli,

1827 4484 2020 4532 contra
2043 4478 2379 4532 voluntatem
2406 4485 2460 4531 et
2480 4476 2901 4546 prohibitionem
2937 4476 3100 4530 etiam
3127 4475 3272 4545 regis
3301 4473 3406 4527 Lu-

1829 4569 2031 4632 dovici,
2067 4569 2199 4625 facti
2221 4579 2351 4624 sunt
2380 4568 2587 4624 inimici
2615 4568 2918 4623 adinvicem
2948 4585 3041 4622 rex
3069 4567 3248 4623 etdux
3277 4565 3418 4621 Nor-

2865 3919 2952 3974 15.
3111 3917 3198 3973 15.

1457 4682 1688 4738 VARI!)
1736 4683 2139 4740 LECTIONES.

225 4761 287 4844 ⁵ξ¹³
318 4765 575 4848 ῥίῃειξίιιιε
608 4772 728 4848 (ita_
750 4769 947 4848 E.)_-——
971 4771 1236 4848 principis
1277 4775 1339 4848 in
1372 4773 1430 4828 Ε.
1463 4775 1616 4833 addit
1646 4774 1904 4831 Itabertus
1932 4779 2072 4848 ipse;
2107 4779 2294 4833 desunt
2343 4777 2428 4832 8d.
2507 4777 2576 4809 ⁵⁷⁸
2610 4776 2825 4833 Prcmia
2850 4807 2918 4816 —
2941 4778 3102 4833 metis
3133 4780 3187 4832 in
3229 4797 3418 4836 rasura

171 4834 350 4903 scripsit
377 4834 649 4896 Haliartus.
685 4834 1076 4897 Post'luec'7b.
1111 4834 1195 4898 8⁸].
1231 4845 1476 4898 addunt:

226 4923 484 5006 meenti
512 4950 744 5006 granum
777 4950 1070 4990 remanens
1111 4936 1164 4989 in
1194 4937 1397 5004 cespite
1427 4953 1655 5006 sanum,

266 4996 458 5082 .Donee
493 4996 786 5074 p'utrucrit,
816 5021 1061 5082 crescere
1095 5022 1203 5061 non
1232 4996 1446 5076 poterit.

231 5063 323 5160 Sig
335 5071 434 5127 nisi
465 5063 650 5132 n'ostra
691 5063 823 5160 caro
855 5077 1049 5131 mortis
1081 5063 1335 5160 tangatur
1363 5093 1574 5160 amaro,

289 5137 604 5218 Percurrens
631 5147 872 5202 stadium
888 5163 1004 5218 non
1035 5137 1226 5218 recipit
1249 5148 1526 5205 bravium..

229 5205 740 5310 Ξξεὲιξεέῐὲλίὶεξξυξι.
754 5205 1612 5310 W11129essetesset"r;

1981 4941 2037 4994 Si
2062 4941 2293 5012 patriam
2324 4949 2539 5012 quer-at,
2563 4941 2656 5011 qui
2682 4939 3003 5011 peregrinus
3032 4949 3168 5012 erat.
3261 4976 3282 4987 -

1910 5009 2078 5066 Tutet
2098 5012 2168 5067 ab
2196 5009 2387 5067 eterna
2410 5009 2556 5068 Deus
2583 5009 2730 5068 hunc
2754 5012 3048 5067 miseratus
3068 5010 3308 5074 Averno,

1911 5081 2122 5152 lietque
2146 5083 2252 5136 sibi
2281 5097 2510 5152 regnum
2539 5083 2724 5138 celesti
2751 5082 2958 5138 lumine
2981 5082 3202 5152 plenum

2107 5151 2201 5234 Dei
2232 5151 2426 5234 mater,
2460 5169 2529 5209 ne
2555 5151 3172 5234 spiritus_attcrat.ater,

1907 5220 2165 5279 Obtineat
2191 5224 2434 5306 rogitans
2457 5220 2688 5306 regnum
2708 5224 2810 5306 sibi
2827 5223 3071 5306 luminis
3091 5230 3290 5291 optans

322 5287 642 5360 \'ir_Quidetn
675 5287 872 5360 iste_+
897 5287 1188 5360 invigilans
1214 5289 1402 5360 desunt
1432 5289 1549 5360 8b.”
1593 5289 1666 5320 ⁵⁷⁸
1699 5288 2051 5360 Magister—
2081 5287 2294 5351 noverit
2326 5295 2383 5348 in
2413 5287 2602 5348 ναειῖιά
2644 5295 2922 5349 Robertus.
3001 5295 3072 5326 ⁵⁷⁸
3108 5287 3414 5346 monachus

247 5353 542 5437 ςιιλοιιάίίνίι
565 5359 756 5412 desunt
781 5358 868 5413 δι’.
947 5353 1186 5415 ⁸¹⁸⁹Ὁὺίἱι
1221 5358 1490 5415 Henricus
1511 5353 1872 5431 Filgeriaruin
1897 5363 2183 5429 dominus,
2219 5365 2272 5420 in
2304 5365 2555 5423 ecclesia
2585 5365 2858 5437 Savigneii
2903 5364 3082 5419 factus
3109 5363 3414 5417 innuat-bus

176 5414 279 5470 aid.
304 5419 354 5477 2,

168 5561 182 5569 ’
237 5577 366 5663 (ﬁge)
399 5585 478 5663 cr.
515 5603 677 5663 supra
708 5591 814 5648 col.
845 5591 972 5658 265,
1004 5591 1128 5647 572:.

182 5649 751 5790 (.ig’lzhlggﬁa'vigny
795 5649 990 5718 Gescli.
1035 5663 1130 5718 des
1181 5663 1335 5719 llmn.
1391 5664 1591 5721 Recbts
1626 5663 1714 5732 IV,

402 5793 892 5866 llontrenil-Brllai.

235 5855 365 5931 (503)
401 5864 662 5926 Cerardus
692 5872 756 5928 de
791 5855 980 5929 lict-Ini.

1628 5521 1854 5583 NOTAE.

1897 5598 2045 5670 (604)
2085 5602 2236 5653 Anno
2285 5600 2470 5670 gratio
2505 5598 2675 5663 1149,
2697 5612 2923 5670 _mc_t_tse_
2945 5594 3090 5670 Maio
3127 5594 3409 5670 mediante,

1823 5665 1956 5726 dicit
1985 5665 2762 5736 Gervasius'Doroberncnsis.
2791 5665 2926 5721 Illud
2959 5666 3048 5736 pio
3082 5667 3271 5718 mensis
3304 5665 3408 5719 Ja-

1823 5743 1998 5796 nuarii
2027 5783 2040 5807 ,
2088 5741 2221 5795 dii-it
2260 5739 2552 5796 Gervasius
2593 5735 3058 5802 DorobernenSis,
3105 5744 3286 5792 tamen
3302 5737 3409 5791 du—

1824 5815 1972 5867 hium
2011 5829 2117 5866 non
2165 5818 2244 5866 est
2269 5851 2282 5877 ,
2333 5808 2625 5864 llenricum
2663 5821 2815 5862 arma
2855 5808 3127 5880 accepisse
3159 5825 3209 5863 a.
3250 5807 3404 5865 lll9.
