3982 6414
468 481 581 547 167

615 614 961 657 ιοιΑΝοῐιωι.
1110 612 1445 654 ΙἪΛΝΩΟΒΗΙ.
1595 611 1896 654 κδῡιοιιωι.

472 693 697 750 mannie
717 690 1034 749 Gaufridus.
1060 688 1183 746 Jam
1205 704 1351 746 anno
1379 688 1634 760 preterito
1664 688 1813 760 (605)
1856 686 2055 744 Henri-

473 803 575 843 cus
592 786 739 842 ﬁlius
757 785 916 842 ducis
935 784 1003 841 de
1021 783 1215 855 Anglia
1242 782 1498 849 redierat,
1522 790 1576 837 et
1596 790 1752 852 pater
1773 797 1908 838 suus
1935 780 2057 836 red-

470 878 688 934 diderat
702 879 753 934 ei
777 878 1133 934 hereditatem
1159 891 1317 932 suam
1342 890 1411 930 ex
1437 883 1590 945 parte
1610 874 1822 941 matris,
1851 874 2058 931 scilicet

471 972 733 1028 ducatum
782 969 1096 1026 Normanie.
1170 967 1335 1023 Facta
1385 966 1569 1040 itaque
1619 966 1893 1023 discordia
1916 967 2058 1023 inter

472 1080 657 1135 regem
687 1072 741 1119 et
769 1064 1048 1128 comitem,
1075 1060 1223 1117 venit
1250 1076 1347 1117 rex
1369 1076 1496 1116 eum
1523 1076 1720 1132 magna
1750 1060 1973 1127 milicia,
2004 1070 2060 1116 et

472 1156 801 1213 Eustachius
824 1156 970 1210 ﬁlius
993 1155 1136 1226 regis
1159 1152 1420 1225 Stephani
1455 1169 1583 1210 cum
1612 1168 1679 1209 eo
1705 1154 1762 1208 in
1786 1152 2057 1210 Normau—

470 1250 619 1304 niam
650 1257 775 1304 ante
794 1249 1080 1304 castellum
1104 1248 1335 1303 Arcbas.
1361 1246 1528 1302 All'uit
1550 1246 1753 1303 ibidem
1788 1245 2058 1303 Henricus

469 1334 694 1398 econtra
739 1342 851 1398 dux
902 1339 1373 1407 Normannorum,
1399 1355 1526 1396 eum
1557 1339 1864 1397 admirabili
1898 1354 2058 1395 exer-

471 1432 588 1487 citu
653 1430 1122 1497 Normannorum,
1184 1429 1687 1502 Andegavensium,
1740 1429 2059 1499 Britonum;

471 1524 567 1580 sed
595 1524 871 1595 principes
894 1523 1169 1579 exercitus
1190 1523 1331 1594 ejus,
1354 1523 1450 1593 qui
1473 1522 1800 1578 maturiores
1818 1537 1884 1578 eo
1904 1531 2060 1578 erant

469 1623 526 1670 et
554 1615 785 1670 consilio
819 1623 875 1670 et
913 1622 1081 1681 etate,
1129 1628 1240 1669 non
1288 1613 1674 1685 permiserunt,
1696 1620 1759 1668 ut
1780 1628 1904 1669 cum
1934 1626 2061 1684 rege

470 1708 700 1764 domino
731 1723 835 1763 suo
882 1706 1332 1779 congrederetur,
1380 1706 1488 1762 nisi
1535 1706 1772 1777 amplius
1805 1705 1958 1760 illum
2000 1704 2058 1760 in

475 1800 662 1870 aliquo
681 1814 848 1869 quam
872 1808 1037 1855 antea
1055 1797 1281 1865 fecerat,
1297 1797 1648 1869 opprimeret.
1668 1795 1871 1852 Eodem
1889 1810 2058 1862 anno,

468 1893 636 1963 paulo
681 1901 827 1958 ante,
880 1890 1026 1946 idem
1072 1889 1184 1945 dux
1224 1888 1513 1946 obsederat
1553 1888 1837 1944 castellum
1864 1886 2061 1942 Torin-

470 1988 678 2053 neium,
710 1986 804 2041 sed
827 1993 1049 2055 propter
1078 1984 1372 2040 adventum
1424 1982 1569 2054 regis
1596 1979 1800 2037 infecto
1835 1980 2059 2052 negotio.

471 2079 824 2144 discesserat;
868 2076 1174 2134 combustis
1199 2084 1382 2132 tamen
1404 2074 1662 2131 domibus
1702 2074 1842 2129 infra
1864 2088 2057 2130 muros

472 2188 653 2244 usque
693 2172 761 2228 ad
810 2180 1020 2228 turrem
1053 2178 1110 2226 et
1155 2186 1387 2241 parvum
1419 2169 1706 2226 castellum
1741 2170 1889 2226 circa
1914 2183 2058 2224 eam.

472 2265 986 2323 Gaufriduscomes
1030 2255 1439 2336 Andegavensis
1485 2263 1629 2333 cepit
1685 2262 1968 2320 castellum
1995 2261 2063 2317 de

470 2358 627 2416 Nube
680 2374 845 2429 super
890 2357 1188 2414 Robertum
1215 2355 1472 2412 comitem
1502 2353 1891 2422 Perticensem,
1914 2353 2064 2425 quod

474 2464 625 2506 anno
650 2449 911 2519 preterito
939 2447 1252 2521 perdiderat
1279 2461 1377 2517 per
1408 2445 1762 2501 traditionem
1781 2443 2062 2501 Iohannes

470 2545 618 2601 ﬁlius
644 2542 918 2599 Willermi
947 2541 1203 2598 Talevaz.
1236 2538 1392 2596 Unde
1413 2555 1509 2596 rex
1535 2539 1847 2596 Ludovicus
1864 2538 2058 2605 iratus,

470 2643 529 2691 et
553 2635 827 2692 Robertus
856 2634 1027 2691 frater
1045 2634 1187 2705 ejus,
1208 2641 1537 2705 congregato
1563 2631 1773 2704 ingenti
1793 2630 2061 2699 exercitu,

472 2737 747 2797 venerunt
770 2743 947 2799 usque
979 2725 1202 2799 Sagium
1219 2726 1497 2783 civitatem
1510 2724 1789 2781 Willermi.
1807 2722 2068 2790 Talevaz,

477 2830 535 2876 et
573 2836 697 2876 eam
725 2820 1157 2875 combuserunt.
1183 2818 1389 2874 lterum
1431 2833 1529 2874 rex
1570 2817 1881 2874 Ludovicus
1923 2833 2059 2872 con-

470 2926 717 2983 gregans.
750 2910 1052 2965 exercitum
1081 2909 1150 2967 de
1192 2909 1343 2965 omni
1383 2916 1653 2981 potestate
1692 2924 1814 2975 sua,
1868 2924 2060 2965 mense

465 3001 703 3073 Augusti
754 3000 885 3057 fecit
928 3002 1081 3056 illum
1130 3001 1327 3058 deduci
1373 3016 1540 3072 super
1574 3001 1751 3072 ripam
1782 3000 2057 3073 Sequane,

467 3094 615 3150 inter
653 3092 966 3152 Mellentum
994 3102 1052 3150 et
1106 3092 1417 3151 Medantam
1450 3093 1620 3165 (606).
1679 3091 1792 3150 Nec
1835 3094 2058 3166 segnius

466 3183 765 3243 Gaufridus
813 3200 998 3241 comes
1049 3184 1461 3256 Andegavensis
1505 3193 1561 3240 et
1598 3181 1869 3240 Henricus
1913 3184 2058 3242 ﬁlius

466 3278 615 3350 ejus,
640 3278 754 3345 dux
799 3275 1155 3345 Normaunie,
1184 3293 1316 3334 suas
1346 3286 1594 3334 catervas
1622 3276 1963 3344 ordinantes,
1998 3277 2055 3333 in

1652 478 2013 539 SIGEBERTI
2051 480 2576 539 GEMBLACENSIS

2084 598 2134 660 Α
2236 578 2377 651 Huic
2408 595 2548 651 Deus
2572 603 2807 666 sternunt
2835 591 3037 666 tribuat
3061 593 3404 649 conscendere
3421 610 3657 666 regnum,

3638 484 3735 541 £63

2235 665 2500 732 Quatinus
2531 664 2784 737 angelicis
2809 664 2998 717 turmis
3022 674 3296 735 conregnet
3316 666 3369 718 in
3392 664 3562 720 enim.

2232 779 2335 837 llic
2359 789 2486 836 ante
2511 789 2744 837 mortem
2768 781 3002 838 Henrico
3020 781 3147 838 duci
3168 780 3736 851 Norn1annie,primo-

2158 876 2341 947 genito
2383 892 2507 944 suo,
2559 877 2833 933 concessit
2883 878 3207 933 comitatum
3261 875 3737 949 Andegavcnsem;

2158 967 2579 1041 Gaufridovero
2605 968 2846 1024 secundo
2875 969 2987 1024 ﬁlio
3022 969 3172 1024 dedit
3221 978 3461 1039 quatuor
3498 969 3739 1023 castella.

2158 1061 2362 1117 Eodem
2397 1075 2545 1117 anno
2571 1070 2822 1117 mortuus
2864 1060 3046 1118 fuerat
3076 1060 3321 1134 Sigerius
3355 1060 3527 1116 abbas
3558 1058 3744 1115 Sancti

2162 1156 2390 1212 Dionisii
2436 1156 2620 1229 (1152,
2675 1154 2805 1212 Jan.
2850 1157 2962 1227 15),
3014 1156 3109 1227 qui
3153 1156 3294 1211 idem
3347 1154 3744 1211 monasterium

2159 1248 2519 1314 ornamentis,
2568 1247 3014 1319 possessionibus
3057 1255 3113 1303 et
3171 1246 3403 1302 ediﬁciis
3445 1244 3746 1318 plurimum

2160 1348 2406 1396 auxerat.
2440 1339 2718 1397 Successit
2746 1340 2798 1395 ei
2843 1338 2962 1396 Odo
3005 1340 3310 1396 monachus
3340 1339 3589 1410 ejusdem
3618 1339 3744 1407 loci,

2159 1432 2256 1504 qui
2278 1447 2423 1488 anno
2443 1432 2702 1503 preterito
2735 1431 2913 1488 fuerat
2942 1431 3111 1488 abbas
3138 1431 3473 1489 constitutus
3495 1431 3551 1486 in
3570 1431 3746 1487 eccle-

2160 1522 2243 1580 sia
2285 1520 2627 1593 Compendii,
2659 1522 2880 1594 quando
2909 1538 3007 1578 rex
3046 1524 3353 1579 monachos
3397 1521 3591 1578 Sancti
3616 1521 3744 1576 Dio-

2160 1613 2289 1671 nisii
2311 1614 2511 1671 ibidem
2532 1624 2810 1687 posuerat.
2835 1614 3081 1672 Decessit
3104 1615 3269 1671 etiam
3283 1615 3519 1687 Algarus
3532 1615 3747 1686 episco-

2159 1722 2265 1778 pus
2314 1706 2774 1774 Constantiensis,
2823 1707 2911 1763 vir
2956 1707 3253 1763 admodum
3297 1707 3615 1780 religiosus,
3656 1706 3751 1778 qui

2161 1800 2462 1857 canonicos
2486 1800 2782 1872 regulares
2807 1801 2993 1870 posuit
3016 1799 3072 1854 in
3112 1799 3347 1855 ecclesia
3372 1799 3551 1854 sancti
3577 1797 3747 1855 Laudi

2161 1892 2229 1948 de
2258 1890 2608 1959 Constantia,
2630 1898 2685 1947 et
2710 1891 2764 1946 in
2796 1891 3029 1948 ecclesia
3084 1891 3261 1947 sancti
3313 1889 3487 1947 Laudi
3538 1889 3748 1945 Rotho—

2164 1985 2461 2058 magensis,
2487 1994 2542 2040 et
2568 1985 2625 2040 in
2645 1984 2879 2042 ecclesia
2901 1984 2970 2040 de
3010 1983 3431 2056 Cesarisburgo.
3470 1983 3576 2039 Cui
3618 1999 3745 2039 suc-

2164 2079 2332 2137 cessit
2376 2077 2646 2134 Ricardus
2694 2077 2935 2134 decanus
2986 2076 3323 2148 Bajocensis.
3370 2074 3572 2132 Fames
3613 2091 3754 2146 pene

2165 2174 2409 2231 inaudita
2430 2181 2676 2243 tempore
2709 2171 2989 2243 preterito,
3010 2171 3336 2237 mortalitas,
3380 2184 3538 2225 sacer
3587 2167 3755 2241 ignis,

2164 2268 2468 2324 humanum
2497 2282 2674 2339 genus
2704 2275 2759 2321 et
2780 2263 3018 2319 maxime
3065 2261 3421 2334 pauperiores
3451 2259 3751 2316 admodum

2162 2370 2343 2419 vexat.
2396 2359 2457 2415 In
2509 2359 2745 2415 adventu
2794 2354 3011 2411 Domini
3073 2354 3481 2410 inundaverunt
3523 2350 3761 2408 flumina.

2162 2456 2303 2511 ultra
2359 2452 2580 2509 solitum
2597 2447 2951 2520 ,edejicientia
2992 2456 3188 2517 pontes
3214 2445 3379 2501 etiam
3427 2443 3677 2515 lapideos
3702 2453 3756 2499 et

2162 2546 2360 2603 domos
2378 2544 2610 2601 vicinas;
2636 2540 2993 2597 Terremotus
3019 2536 3199 2593 factus
3220 2545 3303 2593 est
3326 2537 3380 2591 in
3413 2543 3576 2592 nocte
3602 2534 3755 2590 festi-

2163 2637 2350 2693 vitatis
2397 2635 2575 2692 sancti
2617 2631 2893 2690 Nicholai.
2928 2627 3199 2686 Henricus
3246 2629 3358 2684 dux
3419 2626 3763 2682 Normannie

2163 2738 2414 2801 receptus
2442 2736 2529 2785 est
2571 2728 2626 2783 in
2681 2740 2818 2798 pace
2858 2724 2929 2780 ab
2955 2722 3388 2794 Andegavensis,
3435 2721 3753 2777 ﬁdelitatem

2163 2822 2266 2880 sibi
2288 2819 2650 2885 facientibus;
2679 2825 2738 2873 et
2764 2816 2847 2873 sic
2870 2813 3050 2871 factus
3067 2822 3154 2870 est
3171 2813 3282 2869 dux
3305 2811 3757 2869 Normannorum

2159 2923 2214 2970 et
2233 2927 2419 2970 comes
2436 2907 2931 2981 Andegavensium.

2233 3005 2394 3061 1151.
2419 3000 2632 3077 [lli-‘52.]
2743 2998 3023 3057 Comedus
3064 2999 3157 3054 14.

2728 3089 3024 3165 Stephanus
3064 3090 3150 3147 16.

2231 3191 2409 3265 Nan.)
2425 3187 2573 3247 Obiit
2585 3184 2916 3245 venerabilis
2942 3199 3132 3241 comes
3154 3182 3428 3241 Tebaldus
3452 3181 3756 3247 Blesensis,

2159 3298 2332 3355 nepos
2371 3280 2518 3353 regis
2548 3277 2773 3335 Henrici
2823 3284 2879 3332 et
2931 3273 3102 3329 frater
3139 3270 3400 3343 Stephani
3450 3272 3756 3342 Anglorum

3255 2956 3551 3053 Ludovicus
3594 2996 3684 3051 is.
3760 3008 3765 3011 <

465 3371 717 3443 margine
736 3371 970 3427 ducatus
995 3368 1333 3428 Normaunie
1363 3387 1466 3426 sua
1488 3370 1767 3427 defensuri
1794 3370 2059 3427 consede—
2085 3370 2128 3427 C
2161 3375 2328 3447 regis,
2377 3372 2633 3445 princeps
2676 3383 2874 3441 magne
2917 3365 3231 3424 sanctitatis
3269 3373 3325 3420 et
3369 3364 3645 3436 largitatis
3704 3364 3759 3417 in

465 3473 623 3521 runt.
644 3463 889 3532 Interim,
920 3464 1093 3520 credo
1113 3463 1478 3534 dispositione
1507 3463 1717 3530 divina,
1756 3478 1863 3533 que
1904 3462 2057 3519 vide-

465 3554 581 3623 bat,
614 3556 892 3627 negotium
920 3555 1052 3611 illud
1077 3571 1189 3610 non
1211 3568 1376 3625 posse
1398 3554 1543 3614 ﬁniri
1568 3555 1689 3611 sine
1718 3554 1892 3611 multa
1920 3554 2058 3611 effu-

465 3648 624 3705 sione
655 3648 887 3704 humani
912 3648 1227 3720 sanguinis,
1251 3648 1299 3704 si
1345 3656 1575 3718 uterque
1615 3649 1889 3717 exercitus
1929 3649 2059 3705 hinc

467 3738 597 3795 inde
616 3738 955 3806 conveniret,
986 3754 1086 3797 rex
1120 3737 1435 3793 Ludovicus
1457 3738 1512 3794 in
1554 3738 1775 3793 civitate
1813 3736 2059 3794 Parisins

466 3838 632 3887 acuta
645 3815 797 3887 febre
826 3830 1183 3900 interceptus,
1208 3829 1354 3901 lecto
1372 3830 1742 3899 prosternitur
1765 3828 2056 3901 (Aug.26).

468 3919 586 3979 Hac
602 3922 671 3978 de
699 3937 870 3978 causa
910 3920 1252 3992 sapientibus
1278 3920 1414 3994 viris
1461 3936 1527 3976 ac
1576 3921 1848 3993 religiosis
1892 3921 2059 3976 inter-

453 4015 840 4082 currentibus,
873 4029 943 4070 ex
971 4022 1205 4084 utraque
1227 4020 1383 4084 parte
1410 4013 1611 4070 dantur
1634 4014 2060 4087 et'accipiuntur

469 4106 719 4174 iuducie,
728 4107 905 4163 donec
923 4122 1023 4162 rex
1041 4106 1465 4164 convalesceret.
1478 4105 1600 4174 Quo
1626 4106 2057 4174 convalescente,

472 4198 574 4255 Dei
616 4198 998 4255 misericordia
1047 4199 1316 4256 serenitas
1364 4201 1517 4270 pacis
1567 4198 1811 4267 refulsit;
1848 4200 2061 4257 reddito

469 4291 705 4350 Geraldo
730 4291 939 4362 Berlai,
963 4308 1064 4365 pro
1105 4282 1295 4365 quoin
1334 4295 1576 4351 maxima
1604 4303 1759 4366 parte
1786 4293 2060 4351 discordia

467 4393 609 4452 erat,
634 4393 689 4440 et
713 4400 840 4456 rege
862 4393 1177 4442 assumente
1209 4386 1517 4443 hominium
1555 4385 1777 4442 Heurici
1804 4387 1962 4444 ducis
1995 4388 2062 4442 (le

469 4475 672 4531 ducatu
702 4474 1059 4533 Normaunie.
1102 4476 1241 4533 Cum
1290 4478 1459 4550 igitur
1501 4493 1537 4534 ac
1563 4477 1784 4535 civitate
1815 4478 2062 4536 Parisins

469 4576 723 4639 uterque,
756 4569 965 4625 scilicet
992 4577 1148 4641 pater
1167 4578 1224 4625 et
1251 4570 1420 4639 ﬁlius,
1454 4570 1548 4626 leti
1571 4570 1979 4640 discessissent,
2008 4580 2065 4627 et

469 4660 582 4715 dux
606 4659 874 4717 Henricus
897 4662 1157 4733 jussisset
1206 4664 1526 4736 congregari
1554 4679 1746 4722 omnes
1768 4666 2062 4722 obtimates
2098 4694 2110 4736 ;

471 4749 806 4809 Νιτιηαιιηίθ
865 4756 1009 4826 apud
1063 4755 1340 4814 Luxovias
1404 4758 1462 4813 in
1518 4758 1660 4814 festo
1714 4760 2065 4816 exaltationis

470 4852 662 4901 sancte
710 4845 893 4903 crucis
933 4848 1183 4919 proxime
1212 4859 1466 4918 venturo,
1497 4853 1757 4923 quatinus
1774 4852 1841 4907 de
1871 4852 2067 4908 itinere

470 4954 575 4994 suo
600 4939 656 5011 in
683 4940 939 5011 Angliam
974 4957 1104 4998 cum
1150 4943 1234 4999 eis
1288 4951 1548 5000 tractaret
1579 4963 1593 5001 :
1628 4944 1772 5015 apud
1820 4953 2065 5002 castrum

468 5030 604 5087 Ledi
654 5031 803 5104 (607)
845 5042 1000 5104 pater
1021 5034 1143 5104 ejus
1188 5035 1442 5105 pluribus
1484 5036 1679 5091 diebus
1712 5036 1864 5107 gravi
1914 5035 2065 5092 febre

467 5132 720 5192 vexatus,
748 5123 895 5180 viam
919 5125 1176 5183 universe
1213 5126 1397 5182 carnis
1422 5127 1703 5199 ingressus
1731 5136 1834 5195 est,
1862 5127 1894 5182 7
1937 5127 2082 5184 ldus-

471 5216 831 5290 Septembris,
851 5220 936 5275 vir
965 5236 1162 5293 magne
1186 5221 1476 5292 probitatis
1522 5230 1577 5277 et
1629 5222 1915 5289 industrie,
1944 5222 2062 5279 suis

470 5311 753 5369 indeﬁnite
786 5314 1147 5386 plangendus.
1186 5313 1287 5370 Hie
1342 5315 1497 5371 solus
1542 5315 1789 5370 omnium
1844 5324 2057 5371 morta-

469 5404 609 5460 lium
633 5405 775 5462 intra
803 5422 994 5462 muros
1024 5405 1261 5462 civitatis
1296 5405 1660 5463 Cenomanice
1682 5407 1930 5478 sepultus
1948 5416 2060 5473 est;

470 5495 731 5552 conditus
764 5505 851 5551 est
886 5496 1034 5551 enim
1085 5496 1142 5550 in
1188 5497 1419 5552 ecclesia
1447 5498 1621 5553 sancti
1676 5496 1903 5565 Juliani,
1938 5507 2064 5553 ante

470 5584 797 5644 cruciﬁxum
810 5627 819 5640 .

2161 3483 2452 3542 pauperes.
2480 3465 2620 3522 Huic
2646 3468 3035 3521 successerunt
3063 3471 3175 3517 tres
3201 3460 3296 3515 ﬁlii
3328 3459 3434 3517 sui.
3483 3457 3775 3536 Henricus

2160 3559 2561 3633 primogenitae
2624 3556 2821 3618 habuit
2876 3556 3198 3613 comitatum
3259 3551 3671 3608 Tricassinum.
3708 3559 3758 3605 et

2159 3652 2643 3726 Campanlensem,
2694 3658 2751 3707 et
2796 3648 3061 3720 quicquid
3106 3654 3261 3718 pater
3308 3645 3432 3715 ejus
3484 3644 3759 3699 habuerat

2161 3755 2315 3802 trans
2339 3744 2683 3816 Sequanam;
2733 3740 3008 3798 Tebaldus
3030 3739 3177 3795 ﬁlius
3216 3736 3494 3793 secundus
3521 3735 3759 3791 comita-

2162 3847 2278 3909 tum
2299 3838 2716 3903 Carnotensem,
2755 3834 3091 3901 Blesensem,
3149 3848 3349 3904 pagum
3399 3829 3756 3894 Dunensem;

2163 3929 2476 4001 Stephanus
2496 3928 2710 3983 tercius
2731 3926 2879 3982 ﬁlius
2922 3926 3192 3981 honorem
3247 3921 3482 3978 Sineerii
3513 3918 3679 3992 (608)-
3698 3920 3755 3973 in

2159 4038 2300 4094 pago
2326 4020 2674 4077 Bituricensi.
2706 4018 2896 4091 (Mart.
2923 4017 3037 4089 15.)
3062 4016 3263 4072 Eodem
3288 4029 3435 4079 anno
3456 4011 3756 4070 obiitCon-

2161 4115 2330 4171 radus
2363 4114 2658 4186 imperator
2698 4111 3101 4179 Romanorum,
3143 4109 3239 4180 qui
3266 4113 3612 4165 successerat
3647 4105 3759 4161 Lo-

2163 4208 2363 4275 thario,
2395 4222 2564 4278 nepos
2595 4204 2816 4261 Henrici
2866 4202 2937 4258 IV
2992 4202 3179 4258 mariti
3228 4200 3615 4272 imperatricis.
3638 4197 3759 4254 ‘Hic

2164 4315 2449 4372 nunquam
2469 4298 2573 4355 fuit
2591 4297 2766 4354 Rome
2783 4304 3110 4364 coronatus;
3135 4294 3257 4350 ideo
3284 4309 3394 4348 non
3423 4300 3569 4348 recte
3591 4306 3762 4347 voca-

2164 4402 2255 4450 tur
2282 4393 2597 4463 imperator,
2653 4391 2750 4446 sed
2773 4405 2871 4445 rex
2890 4388 3345 4443 Alemannorum.
3369 4383 3509 4440 Huic
3533 4399 3762 4439 succes-

2165 4486 2238 4542 sit
2252 4484 2577 4541 Fredericus
2593 4481 2915 4559 neposlejus.
2929 4480 3037 4535 dux
3056 4478 3381 4533 Suevorum.
3398 4475 3447 4548 [1
3458 4476 3480 4529 1
3493 4472 3614 4547 53.]
3625 4472 3761 4529 Orta

2166 4575 2446 4631 simultate
2489 4574 2631 4630 inter
2684 4587 2866 4643 regem
2922 4570 3260 4625 Francorum
3321 4565 3667 4622 Ludovicum
3709 4576 3764 4622 et

2167 4682 2396 4745 uxorem
2419 4667 2561 4738 ejus,
2591 4663 2936 4738 congregatis
2957 4661 3230 4733 religiosis
3252 4659 3505 4730 personis
3536 4659 3595 4714 in
3621 4676 3764 4731 qua-

2170 4761 2481 4832 dragesima
2538 4760 2681 4830 apud
2747 4757 3154 4830 Balgenceium,
3216 4754 3345 4811 dato
3409 4763 3766 4810 sacramento

2172 4869 2357 4909 coram
2401 4852 2828 4924 archiepiscopis
2881 4858 2935 4905 et
2987 4846 3280 4919 episcopis,
3325 4848 3475 4920 quod
3522 4861 3768 4904 consan-

2168 4946 2351 5017 guiuei
2376 4954 2581 5013 essent,
2631 4943 2871 5015 separati
2917 4952 3047 4998 sunt
3074 4943 3402 4998 auctoritate
3436 4940 3765 4997 christiani-

2170 5037 2318 5092 tatis.
2356 5035 2548 5107 (Hart.
2597 5035 2710 5106 18.)
2761 5033 2896 5090 Post
2941 5034 3193 5089 clausum
3236 5034 3441 5104 pascha
3490 5031 3795 5088 Henricus-

2171 5127 2284 5183 dux
2336 5126 2776 5183 Normannorum
2823 5135 2878 5181 et
2919 5140 3103 5180 comes
3147 5123 3580 5197 Andegavensis,
3615 5120 3768 5193 apud

2173 5219 2448 5278 Luxovias
2476 5220 2821 5294 congregatis
2864 5218 3157 5275 comitibus
3193 5215 3532 5273 Normannie
3560 5223 3615 5270 et
3635 5215 3770 5271 aliis

2170 5311 2524 5381 primoribus,
2546 5312 2615 5367 de
2638 5310 2834 5365 itinere
2860 5324 2962 5365 suo
2985 5309 3041 5363 in
3076 5308 3326 5381 Angliam
3354 5323 3482 5363 cum
3511 5305 3622 5362 illis
3648 5315 3769 5361 tra-

2172 5405 2359 5461 ctavit.
2391 5402 2628 5459 Venerat
2664 5402 2810 5458 enim
2847 5403 2902 5456 in
2956 5401 3376 5472 quadragesima
3402 5416 3503 5471 pro
3535 5414 3605 5454 eo
3627 5397 3767 5455 Rai-

2174 5496 2371 5554 naldus
2393 5497 2697 5555 avunculus
2727 5496 2869 5567 ejus,
2900 5511 3087 5551 comes
3107 5494 3402 5549 Cornubie.
3437 5490 3602 5549 Circa
3627 5507 3767 5564 pen-

2179 5599 2423 5646 tecosten
2466 5589 2736 5645 Henricus
2782 5589 2892 5643 dux
2941 5586 3300 5656 Normaunie,
3331 5586 3445 5644 sive
3472 5585 3768 5657 repentino

1985 5701 2212 5761 NOTAE.

550 5794 888 5870 (605)}!an
916 5794 1085 5870 gratia
1126 5794 1426 5870 lii-503....
1461 5798 1516 5851 in
1558 5799 1821 5870 principio
1873 5799 2063 5853 mensis

475 5864 752 5931 Januarii,
783 5864 1238 5924 dicit—Gewasius
1269 5864 1722 5927 Dorobcrucnsis.

551 5934 702 6009 (606)
738 5936 967 5995 stantes.

2246 5799 2395 5941 ἔφη)
2429 5798 2507 5854 St.
2527 5797 2802 5853 -Germain
2836 5812 2899 5851 ru
2924 5794 3086 5868 Laye.

2267 5870 2371 5925 608
2426 5870 2711 5927 Sanccrrc.
2743 5864 2949 5936 BOUQ.

2267 5864 2392 5936 608)
2426 5870 2711 5927 Sanccrrc.
2743 5864 2949 5936 BOUQ.
