3906 6316
420 252 520 309 ΠΙ

564 374 911 417 λοιλκοηυπ.

421 467 551 520 nus,
574 449 836 517 Mellitus,
857 447 1071 515 Justus,
1121 446 1473 514 Laurentius,
1507 444 1760 500 monachi
1787 443 2009 498 fuerunt

414 571 487 583 —--
514 542 569 597 in
598 539 722 596 aliis
743 547 869 595 octo
889 537 1292 609 episcopalibus
1320 535 1542 591 sedibus
1573 531 1824 591 canonici
1849 548 2008 587 secn-

416 635 591 699 lares;
610 632 666 686 in
689 646 797 686 una
819 629 1072 687 canonici
1093 628 1392 700 regulares.
1417 625 1621 681 Eodem
1636 641 1785 685 anno
1806 623 2008 679 Johan-

416 738 516 779 nes
539 721 847 788 Romanus,
884 720 979 790 qui
1004 718 1181 796 fuerat
1223 717 1529 774 monachus
1558 732 1589 772 a
1620 732 1791 787 puero
1817 715 2005 791 Sancti

1056 372 1391 412 FRANCORUM.
1541 370 1840 409 ANGLORUN.

418 811 581 878 Sabe,
606 818 661 866 et
687 819 813 881 post
836 810 1006 865 abbas
1056 806 1256 863 Sancte
1288 806 1463 861 Mario
1493 806 1549 861 in
1580 805 1853 877 Capitolio
1896 806 2025 867 lio-,

416 918 605 969 mane,
637 910 693 957 et
711 902 898 957 relicta
930 900 1123 956 eadem
1149 899 1369 955 abbatia
1401 898 1578 955 factus
1606 897 1786 955 fuerat
1813 915 2003 955 mena-

417 995 557 1051 cbus
584 994 764 1060 Bccci,
796 993 1036 1064 perrexit
1069 992 1322 1059 Romam,
1353 1000 1407 1047 et
1438 992 1563 1047 inde
1582 992 1799 1049 rediens
1839 1000 2004 1063 caput

414 1087 562 1143 beati
591 1085 789 1143 Felicis
839 1085 1120 1157 martyris,
1150 1085 1282 1141 socii
1314 1084 1493 1140 sancti
1539 1084 1795 1151 Audacti,
1821 1085 2004 1140 attulit

415 1196 626 1247 secum,
655 1188 711 1235 et
734 1179 973 1251 gratuito
994 1164 1143 1234 dedit
1178 1178 1313 1233 illud
1341 1178 1573 1234 ecclesie
1599 1176 1779 1234 Becci.
1810 1176 2001 1232 Pullu-

412 1270 562 1326 lante
592 1270 890 1341 pernitiosa
932 1270 1184 1325 doctrina
1227 1268 1450 1324 llenrici
1486 1269 1734 1336 heretici,
1766 1269 2005 1326 maxime

410 1361 471 1416 in
499 1359 832 1427 Guasconia,
882 1359 1174 1416 suscitavit
1216 1358 1484 1416 Dominus
1534 1359 1789 1430 spiritum
1823 1360 2002 1430 puelle

407 1454 646 1527 iunioris
670 1454 723 1507 in
754 1453 846 1508 illa
869 1452 1148 1523 provincia
1170 1453 1239 1507 ad
1260 1453 1489 1508 eandem
1531 1453 1770 1510 heresim
1803 1453 1990 1510 confu-

411 1548 656 1603 tandam.
689 1546 795 1601 Per
821 1545 1069 1601 triduum
1099 1560 1338 1615 namque
1380 1545 1439 1601 in
1469 1561 1802 1617 unaquaque
1834 1546 2002 1616 septi-

414 1657 581 1697 mana
601 1641 819 1712 iacebat
848 1640 1058 1709 absque
1084 1654 1239 1705 voce,
1278 1654 1467 1707 sensu,
1516 1648 1572 1694 et
1596 1640 1760 1695 etiam
1791 1640 2001 1720 absque

410 1734 543 1790 ﬂatu
565 1751 580 1801 ;
602 1707 660 1789 et
686 1732 904 1789 rediens
942 1707 1292 1802 postmodum
1328 1732 1394 1787 ad
1428 1747 1507 1799 se,
1535 1731 1754 1788 dicebat
1779 1707 1998 1789 beatam
2033 1707 2073 1765 Β

410 1824 642 1880 Mariam
688 1838 848 1879 orare
897 1838 998 1894 pro
1041 1823 1243 1893 populo
1281 1823 1608 1893 christiano,
1660 1836 1717 1880 et
1773 1824 1998 1880 beatum

408 1916 632 1972 Petrum
682 1915 939 1972 docuisse
967 1929 1027 1970 se
1069 1914 1435 1971 orthodoxam
1460 1913 1643 1971 fidem.
1695 1915 1908 1973 Exinde
1932 1918 2000 1973 de

410 2008 516 2063 ﬂde
561 2017 752 2063 nostra
805 2006 1083 2077 sapienter
1132 2014 1187 2062 et
1237 2006 1509 2063 catholice
1560 2007 1900 2076 disserebat;
1946 2019 2002 2065 et

411 2100 672 2172 precipue
727 2100 967 2156 heresim
1024 2097 1245 2156 Henrici
1307 2101 1665 2170 convincens,
1728 2104 1999 2173 plurimos

411 2193 482 2247 ab
528 2208 596 2248 eo
642 2192 902 2247 seductos
943 2191 1011 2246 ad
1063 2190 1247 2246 sinum
1291 2201 1481 2248 sancte
1524 2194 1719 2250 matris
1771 2196 2001 2252 ecclesie

409 2285 725 2343 revocabat.

480 2373 619 2445 (Jul.
652 2374 766 2446 i6.)
806 2375 1051 2445 Tradita,
1093 2388 1152 2435 ut
1196 2378 1504 2451 predictum
1544 2387 1648 2446 est,
1694 2378 2000 2437 munitione

404 2466 775 2525 Novimercati
815 2468 1094 2528 Ludovico
1131 2472 1249 2544 regi
1290 2471 1630 2527 Francorum
1652 2513 1669 2538 ,
1717 2470 1861 2527 idem
1905 2488 2000 2527 rex

407 2562 712 2619 exercitum
742 2577 905 2617 suum
948 2579 1124 2634 usque
1150 2563 1625 2619 Calvummontem
1656 2562 1805 2635 (615)
1836 2580 1997 2619 revo-

404 2656 570 2711 cavit.
626 2654 698 2708 At
747 2652 1019 2711 Henricus
1056 2656 1169 2711 dux
1214 2654 1571 2722 Normannie,
1618 2656 1845 2711 collecta
1890 2673 1997 2712 non

404 2749 637 2805 minima
686 2763 853 2803 manu
890 2748 1193 2804 electorum
1239 2748 1474 2803 militum
1514 2756 1569 2803 ct
1604 2748 1872 2820 peditum,
1907 2764 2001 2804 ca-

406 2848 764 2899 strametatus
787 2849 874 2897 est
902 2841 1056 2911 iuxta
1086 2841 1314 2897 ﬂuvium
1334 2840 1591 2908 Andelle;
1628 2842 1722 2898 ubi
1752 2842 1999 2899 residens

403 2933 724 3004 aliquandiu
765 2933 957 2989 aﬂlixit
990 2934 1140 2989 illam
1181 2942 1391 3005 partem
1430 2933 1738 3003 Wilcasini,
1775 2951 1882 3006 quc
1914 2944 1999 2992 est

1604 238 1963 295 SlCEBiill'fl
2004 234 2530 292 CEMBLACENSIS
3587 237 3676 292 ιτς

2032 357 2076 413 Α
2109 349 2449 414 Vernolium,
2482 349 2551 404 ad
2574 347 2721 419 quod
2750 363 2934 419 regem
2960 346 3221 403 festinare
3248 348 3321 404 ab
3346 349 3677 419 exploratori-

2110 442 2229 497 bus»
2258 443 2529 507 audierat,
2566 441 2840 503 tendebat.
2875 441 3015 494 Cum
3054 440 3241 498 subito
3279 440 3584 497 Willermns
3615 446 3675 501 de

2107 531 2305 590 Paccio
2325 532 2699 599 mandavitei,
2724 532 2987 602 quatinus
3009 530 3275 587 Paccium
3295 531 3445 601 (615)
3476 535 3675 600 rediret,

2107 625 2174 679 ad
2206 625 2351 696 quod
2375 642 2468 680 rex
2495 641 2620 681 cum
2644 625 2891 680 exercitu
2910 624 3165 685 maximo,
3180 624 3451 689 veniebat.
3482 624 3569 681 ille
3587 627 3677 681 im-

2105 719 2259 791 piger
2279 728 2333 774 ct
2354 719 2576 787 nescius
2604 711 2759 775 more
2782 718 2836 773 in
2865 718 3240 775 subveniendo
3264 719 3405 784 suis,
3430 727 3677 775 reuoacto

2106 811 2283 880 capite
2310 809 2439 880 equi
2476 818 2626 867 tanta
2667 808 3020 869 festinatione
3047 824 3175 867 cum
3206 810 3379 865 sociis
3416 812 3680 876 remeavit,

2074 909 2168 956 .ut
2212 909 2505 971 anteQuam
2544 899 2804 956 Paccium
2847 899 3219 971 pervenirent,
3266 900 3490 970 plurimi
3529 916 3680 971 equo-

2105 1010 2228 1048 rum
2262 1009 2491 1051 suorum
2521 1001 2617 1056 aut
2658 992 2864 1050 mortui
2889 1002 2985 1047 aut
3016 1008 3159 1064 pene
3188 993 3393 1048 mortui
3421 992 3479 1047 in
3498 993 3581 1048 via
3606 1010 3681 1050 re-

2105 1095 2413 1142 manerent.
2434 1086 2638 1143 Audito
2664 1087 2824 1143 ducis
2853 1086 3091 1157 adventu
3116 1102 3213 1143 rex
3238 1087 3542 1143 maturiore
3565 1103 3682 1143 coa-

2106 1178 2231 1235 silio
2258 1194 2414 1246 usus,
2443 1178 2618 1237 noluit
2645 1179 2860 1249 terram
2895 1178 3017 1249 ejus
3051 1179 3284 1245 intrare;
3328 1177 3425 1234 sed
3457 1178 3577 1248 ipso
3605 1178 3686 1234 die

2104 1268 2416 1325 Medantum
2446 1270 2626 1326 rediit.
2660 1269 2783 1326 Dux
2822 1286 2953 1328 vero
2978 1280 3205 1327 vocatus
3234 1285 3265 1326 a
3296 1269 3602 1327 Gisleberto
3625 1272 3683 1327 de

2105 1361 2436 1434 Tegulariis,
2454 1362 2736 1421 comburit
2762 1362 3054 1420 Brueroles
3076 1372 3319 1420 castrum
3358 1362 3605 1434 Hugonis
3626 1365 3685 1420 de

2102 1452 2261 1511 Novo
2297 1455 2549 1521 castello,
2588 1463 2643 1510 ct
2693 1454 2922 1511 alteram
2973 1455 3249 1526 quandam
3296 1456 3683 1516 munitionem.

2102 1544 2537 1611 Malcullivillam
2563 1548 3028 1618 cognominatam,
3073 1547 3234 1603 sitam
3296 1548 3353 1602 in
3395 1547 3685 1604 Dorcasino

2101 1652 2261 1709 pago.
2306 1634 2517 1693 Exinde
2562 1636 2779 1694 rediens
2821 1639 2879 1694 in
2910 1636 3324 1706 Normanniam,
3355 1648 3412 1695 et
3452 1639 3684 1711 aﬂligens

2104 1728 2421 1786 Richerium
2464 1731 2531 1787 de
2559 1731 2777 1803 Aquila,
2810 1731 2909 1803 qui
2945 1732 3199 1789 hostibus
3224 1732 3347 1803 eius
3391 1733 3687 1790 subsidium

2102 1822 2329 1891 ferebat,
2359 1824 2537 1896 coegit
2569 1839 2695 1880 eum
2741 1825 2809 1879 de.
2843 1840 2977 1895 pace
3017 1825 3251 1881 tenenda
3289 1824 3523 1881 obsides
3544 1825 3685 1892 dare,

2101 1927 2155 1974 et
2188 1918 2550 1974 munitionem
2579 1918 2873 1986 Bomolini,
2899 1919 2993 1974 ubi
3022 1927 3273 1990 raptores
3298 1927 3353 1974 et
3376 1934 3687 1975 excommu—

2104 2012 2318 2069 nicatos
2346 2013 2678 2084 receptabat,
2733 2012 2846 2084 igni
2890 2013 3129 2069 tradidit.
3177 2012 3334 2068 Circa
3368 2028 3508 2069 vero
3538 2013 3691 2069 ﬁnem

2101 2104 2333 2176 Augusti
2367 2106 2652 2163 collocatis
2681 2105 2949 2162 militibus
2982 2104 3051 2160 ad
3081 2105 3395 2161 custodiam
3420 2103 3691 2161 Norman-

2103 2198 2211 2264 nie,
2240 2198 2359 2270 ipse
2384 2199 2441 2255 in
2466 2198 2916 2271 Andegavensem
2960 2198 3280 2254 comitatum
3314 2213 3574 2268 pergens,
3603 2198 3699 2251 ob-

2107 2293 2251 2349 sedit
2277 2293 2643 2350 munitionem
2666 2288 2868 2349 Montis
2890 2292 3117 2354 .Sorelli,
3142 2291 3237 2346 ubi
3262 2291 3382 2362 iugi
3414 2290 3697 2346 obsidione

2102 2394 2362 2443 coartans
2393 2386 2665 2453 inclusos,
2703 2384 3047 2441 Willermum
3075 2383 3364 2438 dominum
3409 2382 3587 2453 ipsius
3610 2397 3694 2437 ca-

2102 2476 2227 2542 stri,
2265 2475 2358 2547 qui
2382 2484 2567 2546 partes
2612 2474 2802 2543 fratris
2844 2474 2961 2530 suis
2982 2473 3231 2544 iuvabat,
3260 2487 3389 2527 cum
3426 2472 3563 2531 aliis
3577 2472 3689 2541 pluo

2103 2567 2257 2626 ribus
2288 2567 2558 2624 militibus
2591 2567 2754 2638 cepit.
2792 2566 2909 2622 Hoc
2942 2567 3124 2636 itaque
3153 2563 3461 2620 infortunio
3486 2570 3545 2619 ct
3580 2563 3695 2619 aliis

2102 2661 2351 2732 pluribus
2374 2659 2672 2717 Gaufridus
2698 2659 2868 2716 frater
2907 2660 3033 2730 cius
3060 2666 3288 2715 coactus
3327 2666 3417 2714 est
3442 2673 3573 2714 cum
3606 2658 3699 2713 illo

2102 2752 2469 2809 reconciliari.
2496 2751 2705 2808 Interea
2733 2766 2831 2806 rex
2852 2749 3197 2807 Francorum
3225 2749 3295 2804 de
3315 2749 3576 2807 absentia
3600 2749 3701 2804 du-

2101 2846 2182 2919 cis
2216 2853 2409 2901 nactus
2468 2843 2921 2916 oportunitatem,
2953 2842 3247 2914 instigante
3274 2857 3402 2898 eum
3457 2840 3695 2896 maxime

2102 2936 2301 2993 comite
2322 2936 2563 2993 Roherto
2592 2934 2760 2991 fratre
2790 2950 2915 3003 suo,
2942 2934 3038 3005 qui
3058 2934 3295 2990 duxerat
3322 2932 3573 2988 relictam
3600 2930 3697 2986 Bo-

405 3024 549 3081 inter
585 3025 868 3081 Andellam
908 3033 964 3082 et
982 3025 1145 3082 lttam
1178 3026 1427 3094 ﬂumina,
1476 3042 1584 3098 que
1627 3027 1696 3083 ad
1735 3027 1996 3084 ducatum
2026 3056 2068 3114 ρ
2105 3030 2278 3089 tronis
2323 3027 2543 3085 comitis
2584 3025 2893 3093 Moritonie,
2931 3034 2987 3081 et
3027 3026 3119 3082 cui
3148 3024 3297 3081 idem
3332 3039 3431 3079 rex
3477 3022 3695 3079 dederat

402 3115 702 3174 Normanie
741 3119 995 3191 pertinet.
1031 3118 1139 3175 Sed
1186 3119 1482 3176 Gaufridus
1520 3135 1708 3176 comes
1743 3119 1995 3192 Andcga-

402 3225 599 3266 verum
643 3221 768 3281 post
806 3222 1037 3269 mortem
1080 3211 1302 3269 Henriei
1332 3213 1477 3284 regis
1514 3214 1818 3285 Anglorum
1864 3228 1997 3269 con-

404 3301 574 3358 cessit
606 3317 729 3358 eam
771 3303 841 3359 ad
886 3313 1103 3377 tempus
1150 3304 1430 3362 Ludovico
1476 3306 1592 3377 regi
1632 3305 1996 3373 Francorum,

405 3393 550 3450 sicut
573 3401 629 3450 et
653 3395 824 3450 multa
862 3396 970 3451 alia
998 3397 1066 3452 de
1089 3397 1384 3454 dominicis
1408 3398 1571 3454 terris
1601 3397 1835 3455 ducatus
1859 3396 2000 3454 Nor-

403 3486 626 3541 mannie
650 3497 999 3544 concesserat
1019 3490 1348 3561 quibusdam
1375 3491 1725 3563 magnatibus
1751 3490 1998 3561 eiusdem

402 3577 706 3648 provincie,
740 3586 800 3635 ut
841 3595 936 3636 eos
964 3579 1172 3637 faceret
1197 3582 1302 3639 hoc
1330 3581 1497 3638 modo
1524 3582 1893 3654 promptiores
1929 3583 1998 3648 ad
2025 3618 2043 3632 ο

402 3670 689 3729 ferendum
731 3675 837 3742 sibi
882 3676 1149 3731 auxilium
1192 3676 1247 3730 in
1289 3674 1631 3746 subiiciendo
1674 3690 1773 3731 suc
1801 3675 1999 3731 ditioni

410 3766 715 3837 predictum
742 3767 1084 3822 comitatum.
1118 3766 1334 3822 Cotidie
1370 3767 1556 3836 itaque
1589 3767 1700 3822 dux
1730 3765 1999 3823 Henricus

404 3857 459 3913 in
486 3875 608 3914 eam
630 3860 985 3930 populatores
1010 3859 1260 3914 mittebat
1281 3859 1349 3915 ad
1378 3859 1719 3930 querendum
1741 3859 1997 3917 victualia

406 3948 729 4005 hominibus
751 3958 805 4003 et
820 3948 1085 4019 iumentis
1100 3948 1187 4005 sui
1209 3949 1515 4015 exercitus;
1540 3949 1813 4004 destruxit
1830 3950 1996 4006 etiam

402 4039 482 4095 ibi
512 4049 567 4094 et
599 4039 712 4110 igni
753 4039 977 4095 tradidit
1019 4040 1305 4096 castellum
1344 4039 1755 4107 Bascheriville,
1798 4049 1854 4097 et
1886 4042 1998 4097 duo

403 4131 512 4188 alia
541 4131 769 4188 castella
805 4131 1112 4188 Chitreium
1156 4142 1213 4189 et
1240 4133 1636 4204 Stripinneium
1668 4136 1993 4191 combussit.

402 4222 521 4279 lloc
548 4222 691 4279 idem
723 4222 1067 4295 signiﬁcante
1111 4223 1264 4281 fumo
1305 4224 1555 4290 Francis,
1584 4226 1682 4296 qui
1721 4243 1785 4281 ex
1826 4227 1997 4283 altera

405 4326 562 4387 parte
613 4314 715 4371 ltte
759 4292 1003 4374 ﬂuminis
1049 4325 1232 4374 castra
1280 4292 1747 4389 posuerant,_nec
1788 4292 2022 4392 aliquid.

2103 3130 2348 3178 castrum
2394 3118 2759 3175 Dorcasinum
2799 3116 2970 3189 (6l6),
3011 3125 3224 3188 partem
3270 3114 3438 3187 Burgi
3468 3113 3695 3186 Tegula-

2101 3213 2324 3280 ricnsis,
2352 3220 2406 3269 et
2440 3210 2717 3282 quendam
2743 3209 2929 3265 vicum
2964 3209 3139 3265 castri
3170 3207 3441 3275 Vernolii,
3485 3205 3696 3261 voraci-

2101 3306 2205 3362 bus
2233 3305 2474 3363 ﬂammis
2500 3302 2747 3359 tradidit.
2771 3300 3030 3359 Castrum
3059 3301 3225 3356 etiam
3252 3298 3698 3357 Nannetiscurtis

2102 3406 2363 3469 apparatu
2415 3397 2612 3454 bellico
2656 3396 2904 3466 cingens,
2947 3393 3119 3451 nichil
3150 3394 3202 3450 ei
3245 3392 3456 3448 nocuit.
3498 3391 3697 3447 Paucis

2100 3489 2298 3546 exinde
2337 3489 2533 3545 diebus
2568 3488 2825 3552 evolutis,
2866 3487 3012 3543 datis
3056 3487 3296 3543 induciis
3324 3484 3474 3540 inter
3510 3500 3693 3557 regem

2099 3592 2154 3645 et
2173 3583 2389 3649 ducem,
2416 3582 2525 3639 dux
2551 3579 2863 3652 preparavit
2885 3595 2945 3636 se
2969 3580 3038 3635 ad
3069 3577 3576 3645 transfretandum';
3604 3576 3694 3632 sed

2103 3683 2400 3746 antequam
2438 3673 2724 3741 transiret,
2755 3689 2852 3728 rex
2891 3671 3022 3728 fecit
3057 3671 3285 3728 reddere
3325 3679 3572 3741 treguas.
3600 3667 3693 3723 Ni-

2102 3765 2437 3822 chilominus
2495 3772 2680 3821 tamen
2735 3764 2847 3820 dux
2902 3762 3248 3834 propositum
3303 3759 3695 3817 transfretandi

2100 3858 2385 3923 deserens,
2414 3872 2609 3913 auram
2650 3856 2719 3911 ad
2761 3854 3155 3912 transeundum
3190 3863 3373 3924 aptam
3405 3853 3569 3923 juxta
3594 3868 3695 3906 na-

2100 3948 2244 4004 valia
2271 3946 2653 4018 operiebatur;
2701 3946 2759 4001 in
2801 3960 2913 4015 quo
2939 3952 3119 4015 potest
3156 3943 3521 4001 animadverti
3567 3957 3691 4013 pro-

2100 4042 2246 4099 bitas
2262 4038 2320 4097 'et
2342 4040 2562 4097 audatia
2588 4040 2730 4110 eius.
3532 4098 3535 4099 γ

2170 4131 2230 4186 In
2251 4132 2490 4203 capitqu
2519 4130 2872 4188 Cisterciensi
2898 4138 3165 4186 statutum
3198 4136 3305 4196 est,
3336 4144 3410 4183 ne
3455 4129 3694 4199 amplius

2100 4224 2343 4296 aliquam
2367 4239 2564 4280 novam
2591 4222 2867 4278 abbatiam
2892 4229 3303 4287 construerent,
3332 4220 3465 4292 quin
3500 4236 3693 4274 nume-

2100 4330 2197 4371 rus
2231 4315 2575 4381 abbatiarum
2605 4315 2672 4370 de
2700 4315 2794 4368 illo
2822 4314 3016 4369 ordine
3050 4328 3226 4382 usque
3254 4312 3322 4368 ad
3363 4312 3693 4384 quingentas

400 4408 522 4466 suis
547 4409 812 4465 auxilium
835 4409 1159 4477 ferentibus,
1183 4411 1540 4467 munitionem
1562 4412 1725 4468 etiam
1747 4412 1992 4486 llugonis
2027 4416 2069 4472 l)
2096 4408 2210 4465 fere
2231 4409 2480 4464 abbatias
2510 4417 2873 4479 processerat.
2922 4407 3136 4463 Mortuo
3163 4405 3421 4462 Conrado
3454 4406 3691 4476 impera-

398 4498 472 4556 de
514 4499 786 4569 Gornaco,
827 4517 993 4574 quam
1024 4501 1315 4558 Feritatem
1358 4502 1506 4575 (6M)
1554 4503 1861 4572 nominant,
1905 4521 1993 4561 as-

2097 4511 2213 4557 torc
2250 4501 2644 4569 Romanorum,
2676 4511 2736 4558 ut
2776 4501 3081 4572 prcdictum
3111 4510 3216 4567 est,
3252 4500 3523 4556 successit
3556 4497 3688 4553 Fre-

400 4589 547 4646 sultu
579 4591 800 4661 capiens
838 4592 950 4665 igni
1001 4593 1242 4657 tradidit,
1289 4600 1513 4662 excepta
1560 4601 1732 4660 turre,
1781 4608 1891 4664 que
1934 4587 1990 4648 in
2093 4595 2313 4651 dcrieus
2351 4610 2520 4666 nepos
2555 4595 2699 4664 ejus.
2742 4593 3021 4666 Eugenius
3058 4608 3197 4663 papa
3234 4591 3361 4648 fecit
3383 4589 3688 4660 ,transfcrri

399 4682 513 4741 alto
534 4690 719 4739 monte
744 4684 849 4740 sita
869 4692 975 4741 est.
1002 4683 1314 4757 Denegabat
1338 4685 1485 4742 enim
1519 4684 1662 4740 idem
1684 4683 1843 4756 Hugo
1868 4702 1993 4757 pre-

398 4773 547 4829 dicto
566 4773 695 4829 duci
736 4775 978 4831 debitum
1008 4775 1357 4842 famulatum,
1381 4785 1439 4830 et
1464 4776 1721 4833 inimicos
1740 4777 1863 4849 eius
1889 4794 1980 4834 cx~

396 4874 484 4921 tra
513 4875 756 4923 castrum
783 4866 1018 4923 Gornaci
1041 4867 1279 4923 fovebat.
1303 4866 1574 4924 Mediante
1602 4879 1784 4924 autem
1802 4886 1991 4927 mense

396 4958 652 5030 Augusti,
681 4956 992 5016 Ludovicus
1025 4976 1121 5016 rex
1147 4960 1446 5016 exercitum
1472 4976 1635 5016 suum
1658 4960 1787 5017 fecit
1814 4971 1993 5020 trans-

396 5050 479 5106 ire
512 5042 826 5122 Sequanam
871 5052 1016 5122 apud
1046 5052 1395 5123 Mcllcntum;
1424 5055 1571 5126 quod
1607 5055 1715 5110 dux
1740 5055 1989 5121 audiens,

395 5155 452 5197 et
480 5142 599 5214 ipse
622 5146 812 5215 copias
841 5160 973 5200 suas
994 5160 1091 5216 per
1123 5157 1344 5217 pontem
1377 5147 1649 5204 Vernonis
1675 5148 1989 5216 traducens,

375 5236 616 5291 concito
641 5237 813 5307 gradu
853 5251 980 5293 cum
1009 5236 1306 5309 aliquantis
1334 5239 1601 5309 expeditis
1627 5238 1893 5294 militibus
1921 5240 1990 5294 ad

2095 4688 2162 4744 de
2184 4686 2359 4744 Greco
2388 4688 2443 4743 in
2476 4687 2734 4743 Latinum
2762 4687 2969 4741 librum
2997 4684 3221 4742 Petrum
3250 4683 3580 4739 Damasceni
3600 4683 3687 4739 “‘.

2201 4781 2359 4836 1152.
2398 4779 2615 4855 [1155.]
2692 4778 3014 4834 Fredericus
3054 4779 3105 4834 l.
3187 4776 3489 4831 Ludovicus
3520 4776 3611 4831 l5.

2692 4778 3014 4834 Fredericus
3054 4779 3105 4834 l.

2682 4871 2979 4943 Stephanus
3016 4870 3102 4927 l7.

2170 4964 2438 5022 Henricus
2483 4966 2592 5022 dux
2620 4963 3065 5021 Normannorum
3095 4962 3235 5019 infra
3276 4972 3529 5019 octavam
3573 4963 3685 5035 epi-

2097 5059 2296 5128 phanie
2324 5059 2543 5115 transiit
2590 5059 2643 5113 in
2688 5056 2941 5130 Angliam
2985 5073 3109 5112 cum
3139 5056 3210 5112 56
3239 5056 3493 5113 navibus.
3523 5055 3684 5113 Facta

2096 5160 2182 5205 est
2205 5151 2423 5221 eclipsis
2452 5150 2588 5209 solis
2613 5150 2644 5203 7
2668 5149 2897 5207 Kalend.
2922 5149 3206 5205 Februarii
3227 5149 3374 5205 circa
3404 5149 3438 5204 8
3467 5149 3678 5212 horam,

2096 5241 2225 5297 luna
2256 5242 2346 5306 27.
2374 5243 2493 5298 Dux
2522 5242 2965 5299 Normannorum
2995 5241 3253 5301 obsidens
3279 5251 3525 5298 castrum
3559 5258 3674 5297 mu-

1706 5330 1792 5385 VA
1805 5330 1945 5387 lile
1983 5332 2385 5391 LECTIONES.
2716 5398 2717 5401 η
3681 5358 3696 5403 t
3721 5346 3732 5357 ⁸

469 5443 822 5518 ¹⁸⁸Ειιςθηίιιε
872 5431 1197 5508 Damasccni
1228 5451 1281 5504 in
1315 5448 1376 5504 Ε.
1407 5449 1521 5505 alia
1574 5468 1764 5507 manus
1817 5449 1990 5513 addit,

2109 5450 2224 5503 dem
2251 5467 2367 5521 qua:
2406 5414 2475 5506 ad
2522 5471 2574 5505 a.
2620 5452 2778 5509 “98.
2812 5453 3019 5509 Desunt
3044 5453 3126 5508 7b.
3155 5450 3236 5507 εει.
3269 5466 3432 5522 mque
3454 5464 3573 5505 vero
3594 5448 3656 5504 81³

1921 5541 2153 5597 NOTAE.

656 5629 987 5709 finitimam,
1019 5654 1185 5709 prope
1211 5638 1421 5695 Gisorz.

469 5699 618 5775 (ιιιι)
660 5699 734 5755 La
760 5700 933 5761 l’ertc’.

2173 5633 2322 5708 (Giii)
2359 5634 2524 5708 Pacy,
2551 5638 2616 5692 ad
2649 5638 2700 5692 ﬂ.
2736 5637 2895 5695 Eure.

2168 5704 2315 5775 (Ulli)
2356 5704 2552 5761 Drrux.
