  <div class='ocr_page' id='page_1' title='image "/cluster/home/n/w/nwhite01/storage/ocr_20150623/160/hvd.32044015473846/240.png"; bbox 0 0 3906 6316; ppageno 0'>
   <div class='ocr_carea' id='block_1_1' title="bbox 46 355 134 413">
    <p class='ocr_par' dir='ltr' id='par_1_1' title="bbox 46 355 134 413">
     <span class='ocr_line' id='line_1_1' title="bbox 46 355 134 413; baseline -0.034 0"><span class='ocrx_word' id='word_1_1' title='bbox 46 355 134 413; x_wconf 66' lang='grc'><strong>673</strong></span> 
     </span>
    </p>
   </div>
   <div class='ocr_carea' id='block_1_2' title="bbox 165 475 1427 520">
    <p class='ocr_par' dir='ltr' id='par_1_2' title="bbox 165 475 1427 520">
     <span class='ocr_line' id='line_1_2' title="bbox 165 475 1427 520; baseline -0.006 0"><span class='ocrx_word' id='word_1_2' title='bbox 165 476 498 520; x_wconf 63' lang='grc' dir='ltr'><strong>ιοιΑΝοιυυ.</strong></span> <span class='ocrx_word' id='word_1_3' title='bbox 638 475 978 515; x_wconf 60' lang='grc' dir='ltr'><strong>Ρκλκοοηυμ.</strong></span> <span class='ocrx_word' id='word_1_4' title='bbox 1124 475 1427 515; x_wconf 63' lang='grc' dir='ltr'><strong>ΑΝςιοκυη.</strong></span> 
     </span>
    </p>
   </div>
   <div class='ocr_carea' id='block_1_3' title="bbox 46 552 1591 623">
    <p class='ocr_par' dir='ltr' id='par_1_3' title="bbox 46 552 1591 623">
     <span class='ocr_line' id='line_1_3' title="bbox 46 552 1591 623; baseline -0.006 -7"><span class='ocrx_word' id='word_1_5' title='bbox 46 556 338 616; x_wconf 86' lang='lat' dir='ltr'><strong>uitissimum</strong></span> <span class='ocrx_word' id='word_1_6' title='bbox 359 552 782 619; x_wconf 82' lang='lat' dir='ltr'><strong>Mammesberii,</strong></span> <span class='ocrx_word' id='word_1_7' title='bbox 806 561 862 608; x_wconf 88' lang='lat' dir='ltr'><strong>et</strong></span> <span class='ocrx_word' id='word_1_8' title='bbox 885 553 1139 608; x_wconf 91' lang='lat' dir='ltr'><strong>homines</strong></span> <span class='ocrx_word' id='word_1_9' title='bbox 1158 553 1301 623; x_wconf 85' lang='lat' dir='ltr'><strong>regis</strong></span> <span class='ocrx_word' id='word_1_10' title='bbox 1329 552 1591 623; x_wconf 90' lang='lat' dir='ltr'><strong>Stephani</strong></span> 
     </span>
    </p>
   </div>
   <div class='ocr_carea' id='block_1_4' title="bbox 48 643 1591 715">
    <p class='ocr_par' dir='ltr' id='par_1_4' title="bbox 48 643 1591 715">
     <span class='ocr_line' id='line_1_4' title="bbox 48 643 1591 715; baseline -0.003 -11"><span class='ocrx_word' id='word_1_11' title='bbox 48 651 189 713; x_wconf 89' lang='lat' dir='ltr'><strong>ineo,</strong></span> <span class='ocrx_word' id='word_1_12' title='bbox 239 644 303 700; x_wconf 87' lang='lat' dir='ltr'><strong>ad</strong></span> <span class='ocrx_word' id='word_1_13' title='bbox 344 643 676 709; x_wconf 87' lang='lat' dir='ltr'><strong>deditionem</strong></span> <span class='ocrx_word' id='word_1_14' title='bbox 727 644 941 715; x_wconf 88' lang='lat' dir='ltr'><strong>coegit;</strong></span> <span class='ocrx_word' id='word_1_15' title='bbox 983 644 1109 700; x_wconf 90' lang='lat' dir='ltr'><strong>licet</strong></span> <span class='ocrx_word' id='word_1_16' title='bbox 1154 644 1297 700; x_wconf 89' lang='lat' dir='ltr'><strong>idem</strong></span> <span class='ocrx_word' id='word_1_17' title='bbox 1325 660 1420 700; x_wconf 89' lang='lat' dir='ltr'><strong>rex</strong></span> <span class='ocrx_word' id='word_1_18' title='bbox 1466 662 1591 701; x_wconf 88' lang='lat' dir='ltr'><strong>cum</strong></span> 
     </span>
    </p>
   </div>
   <div class='ocr_carea' id='block_1_5' title="bbox 46 736 1592 812">
    <p class='ocr_par' dir='ltr' id='par_1_5' title="bbox 46 736 1592 812">
     <span class='ocr_line' id='line_1_5' title="bbox 46 736 1592 812; baseline 0 -18"><span class='ocrx_word' id='word_1_19' title='bbox 46 739 256 812; x_wconf 81' lang='lat' dir='ltr'><strong>pluribus</strong></span> <span class='ocrx_word' id='word_1_20' title='bbox 274 736 495 793; x_wconf 85' lang='lat' dir='ltr'><strong>milibus</strong></span> <span class='ocrx_word' id='word_1_21' title='bbox 517 744 855 792; x_wconf 89' lang='lat' dir='ltr'><strong>armatorum</strong></span> <span class='ocrx_word' id='word_1_22' title='bbox 875 736 930 790; x_wconf 89' lang='lat' dir='ltr'><strong>in</strong></span> <span class='ocrx_word' id='word_1_23' title='bbox 952 736 1206 809; x_wconf 87' lang='lat' dir='ltr'><strong>proximo</strong></span> <span class='ocrx_word' id='word_1_24' title='bbox 1224 746 1390 794; x_wconf 89' lang='lat' dir='ltr'><strong>esset.</strong></span> <span class='ocrx_word' id='word_1_25' title='bbox 1417 737 1592 811; x_wconf 74' lang='grc' dir='ltr'><strong>(Ιαη.)</strong></span> 
     </span>
    </p>
   </div>
   <div class='ocr_carea' id='block_1_6' title="bbox 49 828 1596 902">
    <p class='ocr_par' dir='ltr' id='par_1_6' title="bbox 49 828 1596 902">
     <span class='ocr_line' id='line_1_6' title="bbox 49 828 1596 902; baseline 0.001 -15"><span class='ocrx_word' id='word_1_26' title='bbox 49 832 168 888; x_wconf 88' lang='lat' dir='ltr'><strong>Obiit</strong></span> <span class='ocrx_word' id='word_1_27' title='bbox 189 829 516 886; x_wconf 87' lang='lat' dir='ltr'><strong>Gislebcrlus</strong></span> <span class='ocrx_word' id='word_1_28' title='bbox 543 828 689 900; x_wconf 78' lang='grc'>(617)</span> <span class='ocrx_word' id='word_1_29' title='bbox 720 829 866 886; x_wconf 90' lang='lat' dir='ltr'><strong>ﬁlius</strong></span> <span class='ocrx_word' id='word_1_30' title='bbox 896 829 1140 898; x_wconf 78' lang='lat' dir='ltr'><strong>Ricardi,</strong></span> <span class='ocrx_word' id='word_1_31' title='bbox 1165 838 1220 886; x_wconf 91' lang='lat' dir='ltr'><strong>et</strong></span> <span class='ocrx_word' id='word_1_32' title='bbox 1248 831 1492 902; x_wconf 87' lang='lat' dir='ltr'><strong>sepultus</strong></span> <span class='ocrx_word' id='word_1_33' title='bbox 1512 843 1596 889; x_wconf 90' lang='lat' dir='ltr'><strong>cst</strong></span> 
     </span>
    </p>
   </div>
   <div class='ocr_carea' id='block_1_7' title="bbox 48 920 1594 996">
    <p class='ocr_par' dir='ltr' id='par_1_7' title="bbox 48 920 1594 996">
     <span class='ocr_line' id='line_1_7' title="bbox 48 920 1594 996; baseline 0.001 -16"><span class='ocrx_word' id='word_1_34' title='bbox 48 923 161 996; x_wconf 77' lang='lat' dir='ltr'><strong>apud</strong></span> <span class='ocrx_word' id='word_1_35' title='bbox 184 921 388 976; x_wconf 82' lang='lat' dir='ltr'><strong>Claram</strong></span> <span class='ocrx_word' id='word_1_36' title='bbox 420 920 477 976; x_wconf 91' lang='lat' dir='ltr'><strong>in</strong></span> <span class='ocrx_word' id='word_1_37' title='bbox 521 920 675 989; x_wconf 84' lang='lat' dir='ltr'><strong>cella,</strong></span> <span class='ocrx_word' id='word_1_38' title='bbox 708 937 875 992; x_wconf 90' lang='lat' dir='ltr'><strong>quam</strong></span> <span class='ocrx_word' id='word_1_39' title='bbox 924 922 1267 980; x_wconf 85' lang='lat' dir='ltr'><strong>Gislebertus</strong></span> <span class='ocrx_word' id='word_1_40' title='bbox 1309 940 1446 980; x_wconf 93' lang='lat' dir='ltr'><strong>avus</strong></span> <span class='ocrx_word' id='word_1_41' title='bbox 1475 925 1594 996; x_wconf 87' lang='lat' dir='ltr'><strong>ejus</strong></span> 
     </span>
    </p>
   </div>
   <div class='ocr_carea' id='block_1_8' title="bbox 47 1010 1594 1086">
    <p class='ocr_par' dir='ltr' id='par_1_8' title="bbox 47 1010 1594 1086">
     <span class='ocr_line' id='line_1_8' title="bbox 47 1010 1594 1086; baseline 0.001 -17"><span class='ocrx_word' id='word_1_42' title='bbox 47 1015 233 1070; x_wconf 81' lang='lat' dir='ltr'><strong>dederat</strong></span> <span class='ocrx_word' id='word_1_43' title='bbox 258 1011 544 1067; x_wconf 80' lang='lat' dir='ltr'><strong>monachis</strong></span> <span class='ocrx_word' id='word_1_44' title='bbox 570 1010 749 1067; x_wconf 84' lang='lat' dir='ltr'><strong>Becci.</strong></span> <span class='ocrx_word' id='word_1_45' title='bbox 799 1012 1078 1069; x_wconf 75' lang='lat' dir='ltr'><strong>Successit</strong></span> <span class='ocrx_word' id='word_1_46' title='bbox 1109 1023 1291 1069; x_wconf 85' lang='lat' dir='ltr'><strong>autem</strong></span> <span class='ocrx_word' id='word_1_47' title='bbox 1337 1016 1385 1069; x_wconf 94' lang='lat' dir='ltr'><strong>ci</strong></span> <span class='ocrx_word' id='word_1_48' title='bbox 1418 1013 1594 1086; x_wconf 78' lang='lat' dir='ltr'><strong>Roge-</strong></span> 
     </span>
    </p>
   </div>
   <div class='ocr_carea' id='block_1_9' title="bbox 46 1103 1594 1178">
    <p class='ocr_par' dir='ltr' id='par_1_9' title="bbox 46 1103 1594 1178">
     <span class='ocr_line' id='line_1_9' title="bbox 46 1103 1594 1178; baseline -0.001 -14"><span class='ocrx_word' id='word_1_49' title='bbox 46 1108 138 1164; x_wconf 89' lang='lat' dir='ltr'><strong>rius</strong></span> <span class='ocrx_word' id='word_1_50' title='bbox 180 1105 333 1161; x_wconf 92' lang='lat' dir='ltr'><strong>frater</strong></span> <span class='ocrx_word' id='word_1_51' title='bbox 378 1120 538 1160; x_wconf 91' lang='lat' dir='ltr'><strong>suus.</strong></span> <span class='ocrx_word' id='word_1_52' title='bbox 582 1103 717 1160; x_wconf 92' lang='lat' dir='ltr'><strong>Post</strong></span> <span class='ocrx_word' id='word_1_53' title='bbox 750 1116 999 1160; x_wconf 77' lang='lat' dir='ltr'><strong>octavam</strong></span> <span class='ocrx_word' id='word_1_54' title='bbox 1045 1106 1249 1178; x_wconf 90' lang='lat' dir='ltr'><strong>pasche</strong></span> <span class='ocrx_word' id='word_1_55' title='bbox 1282 1105 1594 1162; x_wconf 81' lang='lat' dir='ltr'><strong>Ludovicus</strong></span> 
     </span>
    </p>
   </div>
   <div class='ocr_carea' id='block_1_10' title="bbox 47 1196 1594 1269">
    <p class='ocr_par' dir='ltr' id='par_1_10' title="bbox 47 1196 1594 1269">
     <span class='ocr_line' id='line_1_10' title="bbox 47 1196 1594 1269; baseline 0.001 -15"><span class='ocrx_word' id='word_1_56' title='bbox 47 1216 121 1255; x_wconf 85' lang='lat' dir='ltr'><strong>rex</strong></span> <span class='ocrx_word' id='word_1_57' title='bbox 150 1196 467 1253; x_wconf 84' lang='lat' dir='ltr'><strong>Francorum</strong></span> <span class='ocrx_word' id='word_1_58' title='bbox 495 1213 621 1252; x_wconf 91' lang='lat' dir='ltr'><strong>cum</strong></span> <span class='ocrx_word' id='word_1_59' title='bbox 662 1212 865 1269; x_wconf 85' lang='lat' dir='ltr'><strong>magno</strong></span> <span class='ocrx_word' id='word_1_60' title='bbox 905 1199 1149 1254; x_wconf 86' lang='lat' dir='ltr'><strong>exercitu</strong></span> <span class='ocrx_word' id='word_1_61' title='bbox 1187 1214 1405 1256; x_wconf 88' lang='lat' dir='ltr'><strong>summo</strong></span> <span class='ocrx_word' id='word_1_62' title='bbox 1436 1215 1594 1261; x_wconf 89' lang='lat' dir='ltr'><strong>mane</strong></span> 
     </span>
    </p>
   </div>
   <div class='ocr_carea' id='block_1_11' title="bbox 46 1287 1594 1362">
    <p class='ocr_par' dir='ltr' id='par_1_11' title="bbox 46 1287 1594 1362">
     <span class='ocr_line' id='line_1_11' title="bbox 46 1287 1594 1362; baseline 0.004 -20"><span class='ocrx_word' id='word_1_63' title='bbox 46 1290 230 1345; x_wconf 82' lang='lat' dir='ltr'><strong>veniens</strong></span> <span class='ocrx_word' id='word_1_64' title='bbox 274 1289 337 1343; x_wconf 90' lang='lat' dir='ltr'><strong>de</strong></span> <span class='ocrx_word' id='word_1_65' title='bbox 374 1287 630 1344; x_wconf 81' lang='lat' dir='ltr'><strong>Medanta</strong></span> <span class='ocrx_word' id='word_1_66' title='bbox 680 1290 746 1345; x_wconf 87' lang='lat' dir='ltr'><strong>ad</strong></span> <span class='ocrx_word' id='word_1_67' title='bbox 800 1289 1128 1358; x_wconf 71' lang='lat' dir='ltr'><strong>Vernouem,</strong></span> <span class='ocrx_word' id='word_1_68' title='bbox 1172 1291 1405 1362; x_wconf 88' lang='lat' dir='ltr'><strong>burgum</strong></span> <span class='ocrx_word' id='word_1_69' title='bbox 1437 1306 1594 1348; x_wconf 88' lang='lat' dir='ltr'><strong>extra</strong></span> 
     </span>
    </p>
   </div>
   <div class='ocr_carea' id='block_1_12' title="bbox 46 1381 1594 1454">
    <p class='ocr_par' dir='ltr' id='par_1_12' title="bbox 46 1381 1594 1454">
     <span class='ocr_line' id='line_1_12' title="bbox 46 1381 1594 1454; baseline 0.002 -18"><span class='ocrx_word' id='word_1_70' title='bbox 46 1398 200 1437; x_wconf 86' lang='lat' dir='ltr'><strong>muros</strong></span> <span class='ocrx_word' id='word_1_71' title='bbox 236 1381 471 1452; x_wconf 90' lang='lat' dir='ltr'><strong>positum</strong></span> <span class='ocrx_word' id='word_1_72' title='bbox 505 1381 807 1449; x_wconf 81' lang='lat' dir='ltr'><strong>combuxit,</strong></span> <span class='ocrx_word' id='word_1_73' title='bbox 834 1391 889 1439; x_wconf 89' lang='lat' dir='ltr'><strong>et</strong></span> <span class='ocrx_word' id='word_1_74' title='bbox 913 1383 1098 1438; x_wconf 88' lang='lat' dir='ltr'><strong>villam</strong></span> <span class='ocrx_word' id='word_1_75' title='bbox 1125 1384 1388 1454; x_wconf 89' lang='lat' dir='ltr'><strong>optimam</strong></span> <span class='ocrx_word' id='word_1_76' title='bbox 1415 1394 1469 1439; x_wconf 91' lang='lat' dir='ltr'><strong>et</strong></span> <span class='ocrx_word' id='word_1_77' title='bbox 1511 1384 1594 1439; x_wconf 89' lang='lat' dir='ltr'><strong>vi-</strong></span> 
     </span>
    </p>
   </div>
   <div class='ocr_carea' id='block_1_13' title="bbox 47 1472 1591 1548">
    <p class='ocr_par' dir='ltr' id='par_1_13' title="bbox 47 1472 1591 1548">
     <span class='ocr_line' id='line_1_13' title="bbox 47 1472 1591 1548; baseline 0.002 -20"><span class='ocrx_word' id='word_1_78' title='bbox 47 1489 231 1528; x_wconf 83' lang='lat' dir='ltr'><strong>nearum</strong></span> <span class='ocrx_word' id='word_1_79' title='bbox 274 1472 545 1541; x_wconf 90' lang='lat' dir='ltr'><strong>fertilem;</strong></span> <span class='ocrx_word' id='word_1_80' title='bbox 575 1491 744 1545; x_wconf 88' lang='lat' dir='ltr'><strong>quam</strong></span> <span class='ocrx_word' id='word_1_81' title='bbox 787 1474 1033 1548; x_wconf 83' lang='lat' dir='ltr'><strong>Longam</strong></span> <span class='ocrx_word' id='word_1_82' title='bbox 1070 1476 1253 1532; x_wconf 79' lang='lat' dir='ltr'><strong>villam</strong></span> <span class='ocrx_word' id='word_1_83' title='bbox 1287 1477 1591 1531; x_wconf 84' lang='lat' dir='ltr'><strong>nominaut.</strong></span> 
     </span>
    </p>
   </div>
   <div class='ocr_carea' id='block_1_14' title="bbox 46 1563 1591 1637">
    <p class='ocr_par' dir='ltr' id='par_1_14' title="bbox 46 1563 1591 1637">
     <span class='ocr_line' id='line_1_14' title="bbox 46 1563 1591 1637; baseline 0.002 -20"><span class='ocrx_word' id='word_1_84' title='bbox 46 1563 312 1619; x_wconf 76' lang='lat' dir='ltr'><strong>lrritaverat</strong></span> <span class='ocrx_word' id='word_1_85' title='bbox 339 1565 487 1620; x_wconf 90' lang='lat' dir='ltr'><strong>enim</strong></span> <span class='ocrx_word' id='word_1_86' title='bbox 518 1564 658 1621; x_wconf 89' lang='lat' dir='ltr'><strong>iram</strong></span> <span class='ocrx_word' id='word_1_87' title='bbox 681 1567 804 1637; x_wconf 85' lang='lat' dir='ltr'><strong>ejus</strong></span> <span class='ocrx_word' id='word_1_88' title='bbox 840 1566 1109 1635; x_wconf 73' lang='lat' dir='ltr'><strong>Ricardus</strong></span> <span class='ocrx_word' id='word_1_89' title='bbox 1140 1566 1288 1623; x_wconf 90' lang='lat' dir='ltr'><strong>ﬁlius</strong></span> <span class='ocrx_word' id='word_1_90' title='bbox 1319 1566 1591 1625; x_wconf 85' lang='lat' dir='ltr'><strong>Willermi</strong></span> 
     </span>
    </p>
   </div>
   <div class='ocr_carea' id='block_1_15' title="bbox 47 1656 1591 1731">
    <p class='ocr_par' dir='ltr' id='par_1_15' title="bbox 47 1656 1591 1731">
     <span class='ocr_line' id='line_1_15' title="bbox 47 1656 1591 1731; baseline 0.001 -19"><span class='ocrx_word' id='word_1_91' title='bbox 47 1658 97 1712; x_wconf 85' lang='lat' dir='ltr'><strong>de</strong></span> <span class='ocrx_word' id='word_1_92' title='bbox 132 1656 388 1725; x_wconf 71' lang='lat' dir='ltr'><strong>Ver-none,</strong></span> <span class='ocrx_word' id='word_1_93' title='bbox 423 1672 538 1713; x_wconf 87' lang='lat' dir='ltr'><strong>non</strong></span> <span class='ocrx_word' id='word_1_94' title='bbox 575 1658 785 1715; x_wconf 87' lang='lat' dir='ltr'><strong>veritus</strong></span> <span class='ocrx_word' id='word_1_95' title='bbox 831 1658 1120 1731; x_wconf 88' lang='lat' dir='ltr'><strong>deprcdari</strong></span> <span class='ocrx_word' id='word_1_96' title='bbox 1165 1669 1501 1716; x_wconf 85' lang='lat' dir='ltr'><strong>mercatores</strong></span> <span class='ocrx_word' id='word_1_97' title='bbox 1535 1660 1591 1714; x_wconf 94' lang='lat' dir='ltr'><strong>in</strong></span> 
     </span>
    </p>
   </div>
   <div class='ocr_carea' id='block_1_16' title="bbox 50 1746 1590 1817">
    <p class='ocr_par' dir='ltr' id='par_1_16' title="bbox 50 1746 1590 1817">
     <span class='ocr_line' id='line_1_16' title="bbox 50 1746 1590 1817; baseline 0.003 -17"><span class='ocrx_word' id='word_1_98' title='bbox 50 1746 272 1801; x_wconf 86' lang='lat' dir='ltr'><strong>conductu</strong></span> <span class='ocrx_word' id='word_1_99' title='bbox 321 1746 520 1817; x_wconf 84' lang='lat' dir='ltr'><strong>ipsius.</strong></span> <span class='ocrx_word' id='word_1_100' title='bbox 562 1746 855 1804; x_wconf 88' lang='lat' dir='ltr'><strong>Goudrada</strong></span> <span class='ocrx_word' id='word_1_101' title='bbox 899 1749 1181 1804; x_wconf 88' lang='lat' dir='ltr'><strong>comitissa</strong></span> <span class='ocrx_word' id='word_1_102' title='bbox 1216 1748 1590 1805; x_wconf 85' lang='lat' dir='ltr'><strong>Warvicensis</strong></span> 
     </span>
    </p>
   </div>
   <div class='ocr_carea' id='block_1_17' title="bbox 774 341 2486 403">
    <p class='ocr_par' dir='ltr' id='par_1_17' title="bbox 774 341 2486 403">
     <span class='ocr_line' id='line_1_17' title="bbox 774 341 2486 403; baseline 0.002 -4"><span class='ocrx_word' id='word_1_103' title='bbox 774 341 1144 399; x_wconf 82' lang='lat' dir='ltr'><strong>CHRONICA.</strong></span> <span class='ocrx_word' id='word_1_104' title='bbox 1190 374 1259 383; x_wconf 94' lang='lat'><strong><em>—</em></strong></span> <span class='ocrx_word' id='word_1_105' title='bbox 1309 343 1723 399; x_wconf 76' lang='lat' dir='ltr'><strong>AUCTARlUM</strong></span> <span class='ocrx_word' id='word_1_106' title='bbox 1769 344 2068 402; x_wconf 79' lang='lat' dir='ltr'><strong>ROBERTI</strong></span> <span class='ocrx_word' id='word_1_107' title='bbox 2110 346 2196 400; x_wconf 83' lang='lat' dir='ltr'><strong>DE</strong></span> <span class='ocrx_word' id='word_1_108' title='bbox 2234 347 2486 403; x_wconf 62' lang='lat' dir='ltr'><strong>MONTE.</strong></span> 
     </span>
    </p>
   </div>
   <div class='ocr_carea' id='block_1_18' title="bbox 3188 354 3282 410">
    <p class='ocr_par' dir='ltr' id='par_1_18' title="bbox 3188 354 3282 410">
     <span class='ocr_line' id='line_1_18' title="bbox 3188 354 3282 410; baseline -0.021 0"><span class='ocrx_word' id='word_1_109' title='bbox 3188 354 3282 410; x_wconf 63' lang='lat' dir='ltr'><strong>ri</strong></span> 
     </span>
    </p>
   </div>
   <div class='ocr_carea' id='block_1_19' title="bbox 1698 461 3283 536">
    <p class='ocr_par' dir='ltr' id='par_1_19' title="bbox 1698 461 3283 536">
     <span class='ocr_line' id='line_1_19' title="bbox 1698 461 3283 536; baseline 0.003 -21"><span class='ocrx_word' id='word_1_110' title='bbox 1698 461 1987 528; x_wconf 84' lang='lat' dir='ltr'><strong>sidionem,</strong></span> <span class='ocrx_word' id='word_1_111' title='bbox 2023 462 2169 516; x_wconf 92' lang='lat' dir='ltr'><strong>acies</strong></span> <span class='ocrx_word' id='word_1_112' title='bbox 2202 478 2232 517; x_wconf 90' lang='lat' dir='ltr'><strong>e</strong></span> <span class='ocrx_word' id='word_1_113' title='bbox 2266 462 2488 532; x_wconf 78' lang='lat' dir='ltr'><strong>regione</strong></span> <span class='ocrx_word' id='word_1_114' title='bbox 2510 471 2696 515; x_wconf 86' lang='lat' dir='ltr'><strong>contra</strong></span> <span class='ocrx_word' id='word_1_115' title='bbox 2729 476 2905 535; x_wconf 84' lang='lat' dir='ltr'><strong>regem</strong></span> <span class='ocrx_word' id='word_1_116' title='bbox 2943 472 3283 536; x_wconf 78' lang='lat' dir='ltr'><strong>pugnaturus</strong></span> 
     </span>
    </p>
   </div>
   <div class='ocr_carea' id='block_1_20' title="bbox 1699 552 3281 628">
    <p class='ocr_par' dir='ltr' id='par_1_20' title="bbox 1699 552 3281 628">
     <span class='ocr_line' id='line_1_20' title="bbox 1699 552 3281 628; baseline 0.003 -20"><span class='ocrx_word' id='word_1_117' title='bbox 1699 552 1990 609; x_wconf 81' lang='lat' dir='ltr'><strong>ordinavit.</strong></span> <span class='ocrx_word' id='word_1_118' title='bbox 2030 552 2230 608; x_wconf 81' lang='lat' dir='ltr'><strong>Verum</strong></span> <span class='ocrx_word' id='word_1_119' title='bbox 2267 553 2759 609; x_wconf 78' lang='lat' dir='ltr'><strong>intercurrentibus</strong></span> <span class='ocrx_word' id='word_1_120' title='bbox 2798 555 3064 628; x_wconf 82' lang='lat' dir='ltr'><strong>religiosis</strong></span> <span class='ocrx_word' id='word_1_121' title='bbox 3092 573 3281 626; x_wconf 85' lang='lat' dir='ltr'><strong>perso-</strong></span> 
     </span>
    </p>
   </div>
   <div class='ocr_carea' id='block_1_21' title="bbox 1697 645 3280 717">
    <p class='ocr_par' dir='ltr' id='par_1_21' title="bbox 1697 645 3280 717">
     <span class='ocr_line' id='line_1_21' title="bbox 1697 645 3280 717; baseline 0.003 -18"><span class='ocrx_word' id='word_1_122' title='bbox 1697 645 1804 711; x_wconf 88' lang='lat' dir='ltr'><strong>nis,</strong></span> <span class='ocrx_word' id='word_1_123' title='bbox 1830 654 1883 700; x_wconf 89' lang='lat' dir='ltr'><strong>et</strong></span> <span class='ocrx_word' id='word_1_124' title='bbox 1908 654 2119 701; x_wconf 87' lang='lat' dir='ltr'><strong>secreto</strong></span> <span class='ocrx_word' id='word_1_125' title='bbox 2143 662 2266 701; x_wconf 91' lang='lat' dir='ltr'><strong>cum</strong></span> <span class='ocrx_word' id='word_1_126' title='bbox 2290 645 2677 713; x_wconf 81' lang='lat' dir='ltr'><strong>summatibus,</strong></span> <span class='ocrx_word' id='word_1_127' title='bbox 2708 648 2802 717; x_wconf 90' lang='lat' dir='ltr'><strong>qui</strong></span> <span class='ocrx_word' id='word_1_128' title='bbox 2834 647 2888 701; x_wconf 93' lang='lat' dir='ltr'><strong>iu</strong></span> <span class='ocrx_word' id='word_1_129' title='bbox 2916 649 3154 703; x_wconf 87' lang='lat' dir='ltr'><strong>exercitu</strong></span> <span class='ocrx_word' id='word_1_130' title='bbox 3181 648 3280 703; x_wconf 90' lang='lat' dir='ltr'><strong>du—</strong></span> 
     </span>
    </p>
   </div>
   <div class='ocr_carea' id='block_1_22' title="bbox 1696 738 3283 805">
    <p class='ocr_par' dir='ltr' id='par_1_22' title="bbox 1696 738 3283 805">
     <span class='ocr_line' id='line_1_22' title="bbox 1696 738 3283 805; baseline 0.002 -13"><span class='ocrx_word' id='word_1_131' title='bbox 1696 738 1777 794; x_wconf 88' lang='lat' dir='ltr'><strong>cis</strong></span> <span class='ocrx_word' id='word_1_132' title='bbox 1815 748 1995 804; x_wconf 90' lang='lat' dir='ltr'><strong>erant,</strong></span> <span class='ocrx_word' id='word_1_133' title='bbox 2030 738 2412 805; x_wconf 81' lang='lat' dir='ltr'><strong>tractantibus,</strong></span> <span class='ocrx_word' id='word_1_134' title='bbox 2456 738 2525 792; x_wconf 91' lang='lat' dir='ltr'><strong>ad</strong></span> <span class='ocrx_word' id='word_1_135' title='bbox 2553 738 2701 792; x_wconf 91' lang='lat' dir='ltr'><strong>hunc</strong></span> <span class='ocrx_word' id='word_1_136' title='bbox 2733 739 2895 793; x_wconf 85' lang='lat' dir='ltr'><strong>tinem</strong></span> <span class='ocrx_word' id='word_1_137' title='bbox 2930 755 3018 795; x_wconf 88' lang='lat' dir='ltr'><strong>res</strong></span> <span class='ocrx_word' id='word_1_138' title='bbox 3053 739 3283 795; x_wconf 88' lang='lat' dir='ltr'><strong>deducta</strong></span> 
     </span>
    </p>
   </div>
   <div class='ocr_carea' id='block_1_23' title="bbox 1694 829 3280 901">
    <p class='ocr_par' dir='ltr' id='par_1_23' title="bbox 1694 829 3280 901">
     <span class='ocr_line' id='line_1_23' title="bbox 1694 829 3280 901; baseline 0.002 -17"><span class='ocrx_word' id='word_1_139' title='bbox 1694 838 1800 895; x_wconf 88' lang='lat' dir='ltr'><strong>est,</strong></span> <span class='ocrx_word' id='word_1_140' title='bbox 1833 838 1893 884; x_wconf 92' lang='lat' dir='ltr'><strong>ut</strong></span> <span class='ocrx_word' id='word_1_141' title='bbox 1930 829 2072 885; x_wconf 89' lang='lat' dir='ltr'><strong>datis</strong></span> <span class='ocrx_word' id='word_1_142' title='bbox 2103 829 2346 900; x_wconf 89' lang='lat' dir='ltr'><strong>quinque</strong></span> <span class='ocrx_word' id='word_1_143' title='bbox 2381 829 2593 884; x_wconf 90' lang='lat' dir='ltr'><strong>dierum</strong></span> <span class='ocrx_word' id='word_1_144' title='bbox 2635 830 2889 898; x_wconf 88' lang='lat' dir='ltr'><strong>induciis,</strong></span> <span class='ocrx_word' id='word_1_145' title='bbox 2925 848 3013 885; x_wconf 91' lang='lat' dir='ltr'><strong>rex</strong></span> <span class='ocrx_word' id='word_1_146' title='bbox 3048 832 3280 901; x_wconf 86' lang='lat' dir='ltr'><strong>Stepha-</strong></span> 
     </span>
    </p>
   </div>
   <div class='ocr_carea' id='block_1_24' title="bbox 1695 921 3282 993">
    <p class='ocr_par' dir='ltr' id='par_1_24' title="bbox 1695 921 3282 993">
     <span class='ocr_line' id='line_1_24' title="bbox 1695 921 3282 993; baseline 0.002 -18"><span class='ocrx_word' id='word_1_147' title='bbox 1695 938 1800 977; x_wconf 88' lang='lat' dir='ltr'><strong>nus</strong></span> <span class='ocrx_word' id='word_1_148' title='bbox 1828 922 2107 993; x_wconf 89' lang='lat' dir='ltr'><strong>proprium</strong></span> <span class='ocrx_word' id='word_1_149' title='bbox 2136 921 2420 977; x_wconf 89' lang='lat' dir='ltr'><strong>castellum</strong></span> <span class='ocrx_word' id='word_1_150' title='bbox 2449 922 2595 992; x_wconf 90' lang='lat' dir='ltr'><strong>quod</strong></span> <span class='ocrx_word' id='word_1_151' title='bbox 2624 922 2976 977; x_wconf 88' lang='lat' dir='ltr'><strong>obsidebatur</strong></span> <span class='ocrx_word' id='word_1_152' title='bbox 2995 933 3282 990; x_wconf 81' lang='lat' dir='ltr'><strong>everteret,</strong></span> 
     </span>
    </p>
   </div>
   <div class='ocr_carea' id='block_1_25' title="bbox 1694 1015 3278 1086">
    <p class='ocr_par' dir='ltr' id='par_1_25' title="bbox 1694 1015 3278 1086">
     <span class='ocr_line' id='line_1_25' title="bbox 1694 1015 3278 1086; baseline -0.002 -13"><span class='ocrx_word' id='word_1_153' title='bbox 1694 1016 1906 1075; x_wconf 85' lang='lat' dir='ltr'><strong>eductis</strong></span> <span class='ocrx_word' id='word_1_154' title='bbox 1930 1025 2139 1071; x_wconf 87' lang='lat' dir='ltr'><strong>tantum</strong></span> <span class='ocrx_word' id='word_1_155' title='bbox 2168 1015 2237 1071; x_wconf 93' lang='lat'><strong>80</strong></span> <span class='ocrx_word' id='word_1_156' title='bbox 2259 1015 2491 1071; x_wconf 89' lang='lat' dir='ltr'><strong>militum</strong></span> <span class='ocrx_word' id='word_1_157' title='bbox 2528 1031 2773 1082; x_wconf 88' lang='lat' dir='ltr'><strong>suorum,</strong></span> <span class='ocrx_word' id='word_1_158' title='bbox 2800 1016 2894 1086; x_wconf 85' lang='lat' dir='ltr'><strong>qui</strong></span> <span class='ocrx_word' id='word_1_159' title='bbox 2930 1024 3278 1086; x_wconf 85' lang='lat' dir='ltr'><strong>supererant;</strong></span> 
     </span>
    </p>
   </div>
   <div class='ocr_carea' id='block_1_26' title="bbox 1695 1109 3283 1180">
    <p class='ocr_par' dir='ltr' id='par_1_26' title="bbox 1695 1109 3283 1180">
     <span class='ocr_line' id='line_1_26' title="bbox 1695 1109 3283 1180; baseline -0.002 -14"><span class='ocrx_word' id='word_1_160' title='bbox 1695 1126 1823 1166; x_wconf 86' lang='lat' dir='ltr'><strong>nam</strong></span> <span class='ocrx_word' id='word_1_161' title='bbox 1853 1110 1964 1166; x_wconf 83' lang='lat' dir='ltr'><strong>dux</strong></span> <span class='ocrx_word' id='word_1_162' title='bbox 2002 1110 2058 1163; x_wconf 92' lang='lat' dir='ltr'><strong>in</strong></span> <span class='ocrx_word' id='word_1_163' title='bbox 2089 1109 2324 1180; x_wconf 90' lang='lat' dir='ltr'><strong>quadam</strong></span> <span class='ocrx_word' id='word_1_164' title='bbox 2360 1118 2511 1164; x_wconf 88' lang='lat' dir='ltr'><strong>turre</strong></span> <span class='ocrx_word' id='word_1_165' title='bbox 2546 1109 2723 1180; x_wconf 89' lang='lat' dir='ltr'><strong>lignea</strong></span> <span class='ocrx_word' id='word_1_166' title='bbox 2747 1109 2817 1163; x_wconf 73' lang='lat'>20</span> <span class='ocrx_word' id='word_1_167' title='bbox 2840 1110 3038 1164; x_wconf 91' lang='lat' dir='ltr'><strong>milites</strong></span> <span class='ocrx_word' id='word_1_168' title='bbox 3058 1109 3170 1180; x_wconf 87' lang='lat' dir='ltr'><strong>jam</strong></span> <span class='ocrx_word' id='word_1_169' title='bbox 3195 1126 3283 1164; x_wconf 89' lang='lat' dir='ltr'><strong>cc-</strong></span> 
     </span>
    </p>
   </div>
   <div class='ocr_carea' id='block_1_27' title="bbox 1695 1200 3285 1273">
    <p class='ocr_par' dir='ltr' id='par_1_27' title="bbox 1695 1200 3285 1273">
     <span class='ocr_line' id='line_1_27' title="bbox 1695 1200 3285 1273; baseline -0.002 -15"><span class='ocrx_word' id='word_1_170' title='bbox 1695 1211 1871 1273; x_wconf 88' lang='lat' dir='ltr'><strong>perat,</strong></span> <span class='ocrx_word' id='word_1_171' title='bbox 1909 1202 2154 1273; x_wconf 83' lang='lat' dir='ltr'><strong>exceptis</strong></span> <span class='ocrx_word' id='word_1_172' title='bbox 2184 1201 2254 1256; x_wconf 83' lang='lat'><strong>60</strong></span> <span class='ocrx_word' id='word_1_173' title='bbox 2298 1201 2618 1273; x_wconf 82' lang='lat' dir='ltr'><strong>sagittariis,</strong></span> <span class='ocrx_word' id='word_1_174' title='bbox 2655 1217 2794 1271; x_wconf 91' lang='lat' dir='ltr'><strong>quos</strong></span> <span class='ocrx_word' id='word_1_175' title='bbox 2818 1201 3113 1271; x_wconf 90' lang='lat' dir='ltr'><strong>decapitari</strong></span> <span class='ocrx_word' id='word_1_176' title='bbox 3145 1200 3285 1257; x_wconf 86' lang='lat' dir='ltr'><strong>fece-</strong></span> 
     </span>
    </p>
   </div>
   <div class='ocr_carea' id='block_1_28' title="bbox 1695 1291 3287 1362">
    <p class='ocr_par' dir='ltr' id='par_1_28' title="bbox 1695 1291 3287 1362">
     <span class='ocr_line' id='line_1_28' title="bbox 1695 1291 3287 1362; baseline -0.003 -13"><span class='ocrx_word' id='word_1_177' title='bbox 1695 1303 1799 1349; x_wconf 85' lang='lat' dir='ltr'><strong>rat.</strong></span> <span class='ocrx_word' id='word_1_178' title='bbox 1843 1292 1998 1348; x_wconf 84' lang='lat' dir='ltr'><strong>Hanc</strong></span> <span class='ocrx_word' id='word_1_179' title='bbox 2030 1292 2399 1348; x_wconf 87' lang='lat' dir='ltr'><strong>conditionem</strong></span> <span class='ocrx_word' id='word_1_180' title='bbox 2436 1308 2562 1347; x_wconf 88' lang='lat' dir='ltr'><strong>cum</strong></span> <span class='ocrx_word' id='word_1_181' title='bbox 2598 1292 2708 1346; x_wconf 83' lang='lat' dir='ltr'><strong>dux</strong></span> <span class='ocrx_word' id='word_1_182' title='bbox 2755 1291 3120 1362; x_wconf 86' lang='lat' dir='ltr'><strong>cognovisset,</strong></span> <span class='ocrx_word' id='word_1_183' title='bbox 3160 1292 3287 1346; x_wconf 77' lang='lat' dir='ltr'><strong>licet</strong></span> 
     </span>
    </p>
   </div>
   <div class='ocr_carea' id='block_1_29' title="bbox 1694 1383 3285 1457">
    <p class='ocr_par' dir='ltr' id='par_1_29' title="bbox 1694 1383 3285 1457">
     <span class='ocr_line' id='line_1_29' title="bbox 1694 1383 3285 1457; baseline -0.001 -18"><span class='ocrx_word' id='word_1_184' title='bbox 1694 1385 1798 1440; x_wconf 91' lang='lat' dir='ltr'><strong>sibi</strong></span> <span class='ocrx_word' id='word_1_185' title='bbox 1834 1400 2036 1457; x_wconf 85' lang='lat' dir='ltr'><strong>magno</strong></span> <span class='ocrx_word' id='word_1_186' title='bbox 2077 1385 2273 1439; x_wconf 89' lang='lat' dir='ltr'><strong>honori</strong></span> <span class='ocrx_word' id='word_1_187' title='bbox 2307 1392 2475 1450; x_wconf 87' lang='lat' dir='ltr'><strong>esset,</strong></span> <span class='ocrx_word' id='word_1_188' title='bbox 2520 1384 2758 1454; x_wconf 81' lang='lat' dir='ltr'><strong>graviter</strong></span> <span class='ocrx_word' id='word_1_189' title='bbox 2798 1383 2941 1448; x_wconf 90' lang='lat' dir='ltr'><strong>tulit,</strong></span> <span class='ocrx_word' id='word_1_190' title='bbox 2987 1391 3040 1436; x_wconf 91' lang='lat' dir='ltr'><strong>et</strong></span> <span class='ocrx_word' id='word_1_191' title='bbox 3088 1383 3143 1436; x_wconf 91' lang='lat' dir='ltr'><strong>in</strong></span> <span class='ocrx_word' id='word_1_192' title='bbox 3182 1383 3285 1438; x_wconf 86' lang='lat' dir='ltr'><strong>hac</strong></span> 
     </span>
    </p>
   </div>
   <div class='ocr_carea' id='block_1_30' title="bbox 1692 1473 3283 1548">
    <p class='ocr_par' dir='ltr' id='par_1_30' title="bbox 1692 1473 3283 1548">
     <span class='ocr_line' id='line_1_30' title="bbox 1692 1473 3283 1548; baseline -0.004 -15"><span class='ocrx_word' id='word_1_193' title='bbox 1692 1478 1978 1533; x_wconf 76' lang='lat' dir='ltr'><strong>dumtaxat</strong></span> <span class='ocrx_word' id='word_1_194' title='bbox 2020 1486 2174 1548; x_wconf 86' lang='lat' dir='ltr'><strong>parte</strong></span> <span class='ocrx_word' id='word_1_195' title='bbox 2201 1478 2269 1532; x_wconf 89' lang='lat' dir='ltr'><strong>de</strong></span> <span class='ocrx_word' id='word_1_196' title='bbox 2298 1476 2617 1531; x_wconf 82' lang='lat' dir='ltr'><strong>inﬁdelitate</strong></span> <span class='ocrx_word' id='word_1_197' title='bbox 2654 1490 2903 1540; x_wconf 91' lang='lat' dir='ltr'><strong>suorum,</strong></span> <span class='ocrx_word' id='word_1_198' title='bbox 2935 1474 3028 1544; x_wconf 89' lang='lat' dir='ltr'><strong>qui</strong></span> <span class='ocrx_word' id='word_1_199' title='bbox 3054 1473 3283 1531; x_wconf 75' lang='lat' dir='ltr'><strong>canL‘Ctu</strong></span> 
     </span>
    </p>
   </div>
   <div class='ocr_carea' id='block_1_31' title="bbox 1693 1564 3283 1639">
    <p class='ocr_par' dir='ltr' id='par_1_31' title="bbox 1693 1564 3283 1639">
     <span class='ocr_line' id='line_1_31' title="bbox 1693 1564 3283 1639; baseline -0.005 -13"><span class='ocrx_word' id='word_1_200' title='bbox 1693 1569 2095 1626; x_wconf 86' lang='lat' dir='ltr'><strong>condictionem</strong></span> <span class='ocrx_word' id='word_1_201' title='bbox 2138 1567 2555 1639; x_wconf 87' lang='lat' dir='ltr'><strong>interpositione</strong></span> <span class='ocrx_word' id='word_1_202' title='bbox 2600 1582 2699 1621; x_wconf 85' lang='lat' dir='ltr'><strong>sue</strong></span> <span class='ocrx_word' id='word_1_203' title='bbox 2732 1565 2867 1639; x_wconf 79' lang='lat' dir='ltr'><strong>ﬁdei</strong></span> <span class='ocrx_word' id='word_1_204' title='bbox 2914 1564 3283 1633; x_wconf 80' lang='lat' dir='ltr'><strong>ﬁrmaverant,</strong></span> 
     </span>
    </p>
   </div>
   <div class='ocr_carea' id='block_1_32' title="bbox 1693 1657 3285 1733">
    <p class='ocr_par' dir='ltr' id='par_1_32' title="bbox 1693 1657 3285 1733">
     <span class='ocr_line' id='line_1_32' title="bbox 1693 1657 3285 1733; baseline -0.004 -16"><span class='ocrx_word' id='word_1_205' title='bbox 1693 1671 2053 1733; x_wconf 90' lang='lat' dir='ltr'><strong>conquestus,</strong></span> <span class='ocrx_word' id='word_1_206' title='bbox 2095 1678 2164 1716; x_wconf 93' lang='lat' dir='ltr'><strong>ne</strong></span> <span class='ocrx_word' id='word_1_207' title='bbox 2193 1661 2355 1717; x_wconf 86' lang='lat' dir='ltr'><strong>ﬁdem</strong></span> <span class='ocrx_word' id='word_1_208' title='bbox 2398 1661 2615 1714; x_wconf 88' lang='lat' dir='ltr'><strong>illorum</strong></span> <span class='ocrx_word' id='word_1_209' title='bbox 2647 1658 2859 1713; x_wconf 91' lang='lat' dir='ltr'><strong>irritam</strong></span> <span class='ocrx_word' id='word_1_210' title='bbox 2899 1657 3119 1723; x_wconf 87' lang='lat' dir='ltr'><strong>faceret,</strong></span> <span class='ocrx_word' id='word_1_211' title='bbox 3159 1673 3285 1727; x_wconf 89' lang='lat' dir='ltr'><strong>pre-</strong></span> 
     </span>
    </p>
   </div>
   <div class='ocr_carea' id='block_1_33' title="bbox 1692 1750 3282 1826">
    <p class='ocr_par' dir='ltr' id='par_1_33' title="bbox 1692 1750 3282 1826">
     <span class='ocr_line' id='line_1_33' title="bbox 1692 1750 3282 1826; baseline -0.006 -14"><span class='ocrx_word' id='word_1_212' title='bbox 1692 1756 1898 1813; x_wconf 86' lang='lat' dir='ltr'><strong>dictum</strong></span> <span class='ocrx_word' id='word_1_213' title='bbox 1926 1764 2147 1826; x_wconf 90' lang='lat' dir='ltr'><strong>pactum</strong></span> <span class='ocrx_word' id='word_1_214' title='bbox 2187 1754 2477 1810; x_wconf 89' lang='lat' dir='ltr'><strong>concessit.</strong></span> <span class='ocrx_word' id='word_1_215' title='bbox 2514 1753 2704 1808; x_wconf 83' lang='lat' dir='ltr'><strong>Soluta</strong></span> <span class='ocrx_word' id='word_1_216' title='bbox 2730 1761 2814 1807; x_wconf 91' lang='lat' dir='ltr'><strong>est</strong></span> <span class='ocrx_word' id='word_1_217' title='bbox 2836 1751 3019 1821; x_wconf 88' lang='lat' dir='ltr'><strong>itaque</strong></span> <span class='ocrx_word' id='word_1_218' title='bbox 3046 1750 3282 1815; x_wconf 84' lang='lat' dir='ltr'><strong>obsidio,</strong></span> 
     </span>
    </p>
   </div>
   <div class='ocr_carea' id='block_1_34' title="bbox 50 1838 3287 1920">
    <p class='ocr_par' dir='ltr' id='par_1_34' title="bbox 50 1838 3287 1920">
     <span class='ocr_line' id='line_1_34' title="bbox 50 1838 3287 1920; baseline -0.003 -29"><span class='ocrx_word' id='word_1_219' title='bbox 50 1838 171 1907; x_wconf 79' lang='lat' dir='ltr'><strong>ejccit</strong></span> <span class='ocrx_word' id='word_1_220' title='bbox 193 1840 434 1895; x_wconf 87' lang='lat' dir='ltr'><strong>custodes</strong></span> <span class='ocrx_word' id='word_1_221' title='bbox 462 1841 610 1913; x_wconf 85' lang='lat' dir='ltr'><strong>regis</strong></span> <span class='ocrx_word' id='word_1_222' title='bbox 636 1839 896 1911; x_wconf 82' lang='lat' dir='ltr'><strong>Stephani</strong></span> <span class='ocrx_word' id='word_1_223' title='bbox 926 1842 994 1897; x_wconf 88' lang='lat' dir='ltr'><strong>de</strong></span> <span class='ocrx_word' id='word_1_224' title='bbox 1014 1842 1318 1898; x_wconf 88' lang='lat' dir='ltr'><strong>munitione</strong></span> <span class='ocrx_word' id='word_1_225' title='bbox 1350 1843 1590 1899; x_wconf 87' lang='lat' dir='ltr'><strong>civitatis</strong></span> <span class='ocrx_word' id='word_1_226' title='bbox 1622 1838 1664 1897; x_wconf 79' lang='grc' dir='ltr'><strong>Β</strong></span> <span class='ocrx_word' id='word_1_227' title='bbox 1693 1866 1799 1920; x_wconf 79' lang='lat' dir='ltr'><strong>que</strong></span> <span class='ocrx_word' id='word_1_228' title='bbox 1846 1848 1991 1904; x_wconf 67' lang='lat' dir='ltr'><strong>circa</strong></span> <span class='ocrx_word' id='word_1_229' title='bbox 2025 1844 2389 1918; x_wconf 71' lang='lat' dir='ltr'><strong>Walingcfort</strong></span> <span class='ocrx_word' id='word_1_230' title='bbox 2439 1845 2687 1900; x_wconf 59' lang='lat' dir='ltr'><strong>ordinata</strong></span> <span class='ocrx_word' id='word_1_231' title='bbox 2743 1843 2942 1909; x_wconf 59' lang='lat' dir='ltr'><strong>fuerat,</strong></span> <span class='ocrx_word' id='word_1_232' title='bbox 2992 1857 3117 1913; x_wconf 68' lang='lat' dir='ltr'><strong>rege</strong></span> <span class='ocrx_word' id='word_1_233' title='bbox 3165 1841 3287 1895; x_wconf 48' lang='lat' dir='ltr'><strong>sic-</strong></span> 
     </span>
    </p>
   </div>
   <div class='ocr_carea' id='block_1_35' title="bbox 51 1930 1589 1997">
    <p class='ocr_par' dir='ltr' id='par_1_35' title="bbox 51 1930 1589 1997">
     <span class='ocr_line' id='line_1_35' title="bbox 51 1930 1589 1997; baseline 0.005 -13"><span class='ocrx_word' id='word_1_234' title='bbox 51 1930 247 1997; x_wconf 79' lang='lat' dir='ltr'><strong>Warvic,</strong></span> <span class='ocrx_word' id='word_1_235' title='bbox 292 1943 345 1987; x_wconf 91' lang='lat' dir='ltr'><strong>et</strong></span> <span class='ocrx_word' id='word_1_236' title='bbox 390 1934 619 1990; x_wconf 86' lang='lat' dir='ltr'><strong>tradidit</strong></span> <span class='ocrx_word' id='word_1_237' title='bbox 668 1934 897 1990; x_wconf 89' lang='lat' dir='ltr'><strong>eandem</strong></span> <span class='ocrx_word' id='word_1_238' title='bbox 943 1934 1303 1989; x_wconf 89' lang='lat' dir='ltr'><strong>munitionem</strong></span> <span class='ocrx_word' id='word_1_239' title='bbox 1355 1933 1589 1992; x_wconf 83' lang='lat' dir='ltr'><strong>Henrico</strong></span> 
     </span>
    </p>
   </div>
   <div class='ocr_carea' id='block_1_36' title="bbox 53 2024 1587 2099">
    <p class='ocr_par' dir='ltr' id='par_1_36' title="bbox 53 2024 1587 2099">
     <span class='ocr_line' id='line_1_36' title="bbox 53 2024 1587 2099; baseline 0.004 -21"><span class='ocrx_word' id='word_1_240' title='bbox 53 2025 147 2080; x_wconf 77' lang='lat' dir='ltr'><strong>duci</strong></span> <span class='ocrx_word' id='word_1_241' title='bbox 170 2024 621 2082; x_wconf 84' lang='lat' dir='ltr'><strong>Normannorum.</strong></span> <span class='ocrx_word' id='word_1_242' title='bbox 662 2027 879 2083; x_wconf 83' lang='lat' dir='ltr'><strong>Mortuo</strong></span> <span class='ocrx_word' id='word_1_243' title='bbox 914 2027 1152 2099; x_wconf 81' lang='lat' dir='ltr'><strong>Rogerio</strong></span> <span class='ocrx_word' id='word_1_244' title='bbox 1193 2028 1393 2083; x_wconf 90' lang='lat' dir='ltr'><strong>comite</strong></span> <span class='ocrx_word' id='word_1_245' title='bbox 1421 2028 1587 2084; x_wconf 87' lang='lat' dir='ltr'><strong>War-</strong></span> 
     </span>
    </p>
   </div>
   <div class='ocr_carea' id='block_1_37' title="bbox 52 2118 1588 2188">
    <p class='ocr_par' dir='ltr' id='par_1_37' title="bbox 52 2118 1588 2188">
     <span class='ocr_line' id='line_1_37' title="bbox 52 2118 1588 2188; baseline 0.005 -18"><span class='ocrx_word' id='word_1_246' title='bbox 52 2118 233 2185; x_wconf 80' lang='lat' dir='ltr'><strong>vicensi,</strong></span> <span class='ocrx_word' id='word_1_247' title='bbox 263 2120 528 2176; x_wconf 88' lang='lat' dir='ltr'><strong>successit</strong></span> <span class='ocrx_word' id='word_1_248' title='bbox 563 2121 615 2175; x_wconf 88' lang='lat' dir='ltr'><strong>ei</strong></span> <span class='ocrx_word' id='word_1_249' title='bbox 642 2118 911 2176; x_wconf 77' lang='lat' dir='ltr'><strong>Henricus</strong></span> <span class='ocrx_word' id='word_1_250' title='bbox 946 2120 1090 2176; x_wconf 89' lang='lat' dir='ltr'><strong>ﬁlius</strong></span> <span class='ocrx_word' id='word_1_251' title='bbox 1129 2135 1285 2188; x_wconf 89' lang='lat' dir='ltr'><strong>suus,</strong></span> <span class='ocrx_word' id='word_1_252' title='bbox 1327 2129 1487 2176; x_wconf 86' lang='lat' dir='ltr'><strong>natus</strong></span> <span class='ocrx_word' id='word_1_253' title='bbox 1521 2138 1588 2177; x_wconf 84' lang='lat' dir='ltr'><strong>ex</strong></span> 
     </span>
    </p>
   </div>
   <div class='ocr_carea' id='block_1_38' title="bbox 54 2210 1584 2269">
    <p class='ocr_par' dir='ltr' id='par_1_38' title="bbox 54 2210 1584 2269">
     <span class='ocr_line' id='line_1_38' title="bbox 54 2210 1584 2269; baseline 0.004 -6"><span class='ocrx_word' id='word_1_254' title='bbox 54 2210 289 2267; x_wconf 82' lang='lat' dir='ltr'><strong>Gondreda</strong></span> <span class='ocrx_word' id='word_1_255' title='bbox 325 2227 516 2268; x_wconf 91' lang='lat' dir='ltr'><strong>sorore</strong></span> <span class='ocrx_word' id='word_1_256' title='bbox 554 2213 771 2269; x_wconf 89' lang='lat' dir='ltr'><strong>uterina</strong></span> <span class='ocrx_word' id='word_1_257' title='bbox 804 2212 1054 2269; x_wconf 88' lang='lat' dir='ltr'><strong>Gaufridi</strong></span> <span class='ocrx_word' id='word_1_258' title='bbox 1078 2212 1298 2268; x_wconf 88' lang='lat' dir='ltr'><strong>comitis</strong></span> <span class='ocrx_word' id='word_1_259' title='bbox 1327 2212 1584 2269; x_wconf 85' lang='lat' dir='ltr'><strong>Mcllcnti.</strong></span> 
     </span>
    </p>
   </div>
   <div class='ocr_carea' id='block_1_39' title="bbox 54 2301 1590 2378">
    <p class='ocr_par' dir='ltr' id='par_1_39' title="bbox 54 2301 1590 2378">
     <span class='ocr_line' id='line_1_39' title="bbox 54 2301 1590 2378; baseline 0.003 -23"><span class='ocrx_word' id='word_1_260' title='bbox 54 2301 222 2358; x_wconf 81' lang='lat' dir='ltr'><strong>llortuo</strong></span> <span class='ocrx_word' id='word_1_261' title='bbox 241 2304 396 2359; x_wconf 91' lang='lat' dir='ltr'><strong>etiam</strong></span> <span class='ocrx_word' id='word_1_262' title='bbox 432 2304 676 2378; x_wconf 87' lang='lat' dir='ltr'><strong>Symone</strong></span> <span class='ocrx_word' id='word_1_263' title='bbox 702 2306 902 2361; x_wconf 91' lang='lat' dir='ltr'><strong>comite</strong></span> <span class='ocrx_word' id='word_1_264' title='bbox 938 2304 1302 2371; x_wconf 82' lang='lat' dir='ltr'><strong>Huntedonie,</strong></span> <span class='ocrx_word' id='word_1_265' title='bbox 1326 2307 1590 2362; x_wconf 90' lang='lat' dir='ltr'><strong>successit</strong></span> 
     </span>
    </p>
   </div>
   <div class='ocr_carea' id='block_1_40' title="bbox 54 2395 1586 2469">
    <p class='ocr_par' dir='ltr' id='par_1_40' title="bbox 54 2395 1586 2469">
     <span class='ocr_line' id='line_1_40' title="bbox 54 2395 1586 2469; baseline 0.001 -18"><span class='ocrx_word' id='word_1_266' title='bbox 54 2396 90 2451; x_wconf 87' lang='lat' dir='ltr'><strong>ei</strong></span> <span class='ocrx_word' id='word_1_267' title='bbox 111 2395 267 2451; x_wconf 87' lang='lat' dir='ltr'><strong>Simon</strong></span> <span class='ocrx_word' id='word_1_268' title='bbox 306 2397 448 2453; x_wconf 90' lang='lat' dir='ltr'><strong>ﬁlius</strong></span> <span class='ocrx_word' id='word_1_269' title='bbox 469 2398 617 2469; x_wconf 90' lang='lat' dir='ltr'><strong>ejus,</strong></span> <span class='ocrx_word' id='word_1_270' title='bbox 649 2414 813 2469; x_wconf 86' lang='lat' dir='ltr'><strong>quem</strong></span> <span class='ocrx_word' id='word_1_271' title='bbox 858 2406 1119 2469; x_wconf 82' lang='lat' dir='ltr'><strong>genuerat</strong></span> <span class='ocrx_word' id='word_1_272' title='bbox 1137 2414 1206 2453; x_wconf 89' lang='lat' dir='ltr'><strong>ex</strong></span> <span class='ocrx_word' id='word_1_273' title='bbox 1226 2398 1336 2453; x_wconf 89' lang='lat' dir='ltr'><strong>ﬁlia</strong></span> <span class='ocrx_word' id='word_1_274' title='bbox 1366 2397 1586 2453; x_wconf 80' lang='lat' dir='ltr'><strong>Roberti</strong></span> 
     </span>
    </p>
   </div>
   <div class='ocr_carea' id='block_1_41' title="bbox 56 2488 1584 2561">
    <p class='ocr_par' dir='ltr' id='par_1_41' title="bbox 56 2488 1584 2561">
     <span class='ocr_line' id='line_1_41' title="bbox 56 2488 1584 2561; baseline 0.003 -19"><span class='ocrx_word' id='word_1_275' title='bbox 56 2488 225 2544; x_wconf 80' lang='lat' dir='ltr'><strong>comitis</strong></span> <span class='ocrx_word' id='word_1_276' title='bbox 243 2488 594 2561; x_wconf 86' lang='lat' dir='ltr'><strong>Legecestrie.</strong></span> <span class='ocrx_word' id='word_1_277' title='bbox 623 2489 1048 2546; x_wconf 89' lang='lat' dir='ltr'><strong>Decessitetiam</strong></span> <span class='ocrx_word' id='word_1_278' title='bbox 1073 2489 1240 2545; x_wconf 88' lang='lat' dir='ltr'><strong>David</strong></span> <span class='ocrx_word' id='word_1_279' title='bbox 1264 2507 1359 2546; x_wconf 89' lang='lat' dir='ltr'><strong>rex</strong></span> <span class='ocrx_word' id='word_1_280' title='bbox 1383 2492 1584 2557; x_wconf 87' lang='lat' dir='ltr'><strong>Scotie,</strong></span> 
     </span>
    </p>
   </div>
   <div class='ocr_carea' id='block_1_42' title="bbox 55 2581 1588 2656">
    <p class='ocr_par' dir='ltr' id='par_1_42' title="bbox 55 2581 1588 2656">
     <span class='ocr_line' id='line_1_42' title="bbox 55 2581 1588 2656; baseline 0.005 -24"><span class='ocrx_word' id='word_1_281' title='bbox 55 2581 118 2634; x_wconf 87' lang='lat' dir='ltr'><strong>vir</strong></span> <span class='ocrx_word' id='word_1_282' title='bbox 141 2582 401 2638; x_wconf 89' lang='lat' dir='ltr'><strong>admodum</strong></span> <span class='ocrx_word' id='word_1_283' title='bbox 452 2583 768 2656; x_wconf 87' lang='lat' dir='ltr'><strong>religiosus,</strong></span> <span class='ocrx_word' id='word_1_284' title='bbox 801 2591 855 2639; x_wconf 93' lang='lat' dir='ltr'><strong>et</strong></span> <span class='ocrx_word' id='word_1_285' title='bbox 885 2592 1269 2640; x_wconf 87' lang='lat' dir='ltr'><strong>successerunt</strong></span> <span class='ocrx_word' id='word_1_286' title='bbox 1291 2584 1340 2639; x_wconf 93' lang='lat' dir='ltr'><strong>ci</strong></span> <span class='ocrx_word' id='word_1_287' title='bbox 1362 2585 1471 2640; x_wconf 91' lang='lat' dir='ltr'><strong>duo</strong></span> <span class='ocrx_word' id='word_1_288' title='bbox 1502 2585 1588 2640; x_wconf 86' lang='lat' dir='ltr'><strong>sui</strong></span> 
     </span>
    </p>
   </div>
   <div class='ocr_carea' id='block_1_43' title="bbox 59 2675 1586 2748">
    <p class='ocr_par' dir='ltr' id='par_1_43' title="bbox 59 2675 1586 2748">
     <span class='ocr_line' id='line_1_43' title="bbox 59 2675 1586 2748; baseline 0.003 -20"><span class='ocrx_word' id='word_1_289' title='bbox 59 2684 253 2744; x_wconf 82' lang='lat' dir='ltr'><strong>nepotes,</strong></span> <span class='ocrx_word' id='word_1_290' title='bbox 283 2692 417 2747; x_wconf 91' lang='lat' dir='ltr'><strong>quos</strong></span> <span class='ocrx_word' id='word_1_291' title='bbox 446 2675 723 2734; x_wconf 85' lang='lat' dir='ltr'><strong>Henricus</strong></span> <span class='ocrx_word' id='word_1_292' title='bbox 751 2677 896 2732; x_wconf 86' lang='lat' dir='ltr'><strong>filius</strong></span> <span class='ocrx_word' id='word_1_293' title='bbox 925 2677 1067 2748; x_wconf 90' lang='lat' dir='ltr'><strong>ejus,</strong></span> <span class='ocrx_word' id='word_1_294' title='bbox 1095 2676 1189 2748; x_wconf 88' lang='lat' dir='ltr'><strong>qui</strong></span> <span class='ocrx_word' id='word_1_295' title='bbox 1234 2692 1378 2731; x_wconf 90' lang='lat' dir='ltr'><strong>anno</strong></span> <span class='ocrx_word' id='word_1_296' title='bbox 1423 2692 1586 2748; x_wconf 89' lang='lat' dir='ltr'><strong>supe-</strong></span> 
     </span>
    </p>
   </div>
   <div class='ocr_carea' id='block_1_44' title="bbox 58 2766 1585 2835">
    <p class='ocr_par' dir='ltr' id='par_1_44' title="bbox 58 2766 1585 2835">
     <span class='ocr_line' id='line_1_44' title="bbox 58 2766 1585 2835; baseline 0.003 -18"><span class='ocrx_word' id='word_1_297' title='bbox 58 2766 167 2820; x_wconf 86' lang='lat' dir='ltr'><strong>riore</strong></span> <span class='ocrx_word' id='word_1_298' title='bbox 188 2767 397 2835; x_wconf 89' lang='lat' dir='ltr'><strong>obierat,</strong></span> <span class='ocrx_word' id='word_1_299' title='bbox 423 2784 490 2825; x_wconf 86' lang='lat' dir='ltr'><strong>ex</strong></span> <span class='ocrx_word' id='word_1_300' title='bbox 517 2767 630 2824; x_wconf 91' lang='lat' dir='ltr'><strong>ﬁlia</strong></span> <span class='ocrx_word' id='word_1_301' title='bbox 653 2767 925 2823; x_wconf 86' lang='lat' dir='ltr'><strong>Willermi</strong></span> <span class='ocrx_word' id='word_1_302' title='bbox 952 2767 1171 2823; x_wconf 88' lang='lat' dir='ltr'><strong>comitis</strong></span> <span class='ocrx_word' id='word_1_303' title='bbox 1192 2768 1259 2823; x_wconf 90' lang='lat' dir='ltr'><strong>de</strong></span> <span class='ocrx_word' id='word_1_304' title='bbox 1286 2767 1585 2834; x_wconf 83' lang='lat' dir='ltr'><strong>Warcnna,</strong></span> 
     </span>
    </p>
   </div>
   <div class='ocr_carea' id='block_1_45' title="bbox 63 2858 1586 2926">
    <p class='ocr_par' dir='ltr' id='par_1_45' title="bbox 63 2858 1586 2926">
     <span class='ocr_line' id='line_1_45' title="bbox 63 2858 1586 2926; baseline 0.004 -17"><span class='ocrx_word' id='word_1_305' title='bbox 63 2870 205 2912; x_wconf 83' lang='lat' dir='ltr'><strong>sorore</strong></span> <span class='ocrx_word' id='word_1_306' title='bbox 238 2858 474 2915; x_wconf 90' lang='lat' dir='ltr'><strong>videlicet</strong></span> <span class='ocrx_word' id='word_1_307' title='bbox 520 2859 739 2915; x_wconf 90' lang='lat' dir='ltr'><strong>uterina</strong></span> <span class='ocrx_word' id='word_1_308' title='bbox 782 2858 1033 2916; x_wconf 86' lang='lat' dir='ltr'><strong>Gaufridi</strong></span> <span class='ocrx_word' id='word_1_309' title='bbox 1068 2860 1286 2916; x_wconf 91' lang='lat' dir='ltr'><strong>comitis</strong></span> <span class='ocrx_word' id='word_1_310' title='bbox 1327 2860 1586 2926; x_wconf 79' lang='lat' dir='ltr'><strong>lllellcnti,</strong></span> 
     </span>
    </p>
   </div>
   <div class='ocr_carea' id='block_1_46' title="bbox 60 2951 1586 3026">
    <p class='ocr_par' dir='ltr' id='par_1_46' title="bbox 60 2951 1586 3026">
     <span class='ocr_line' id='line_1_46' title="bbox 60 2951 1586 3026; baseline 0.006 -25"><span class='ocrx_word' id='word_1_311' title='bbox 60 2958 279 3017; x_wconf 80' lang='lat' dir='ltr'><strong>genuerat.</strong></span> <span class='ocrx_word' id='word_1_312' title='bbox 316 2951 721 3026; x_wconf 83' lang='lat' dir='ltr'><strong>Primogenitus</strong></span> <span class='ocrx_word' id='word_1_313' title='bbox 760 2954 979 3022; x_wconf 86' lang='lat' dir='ltr'><strong>horum,</strong></span> <span class='ocrx_word' id='word_1_314' title='bbox 1017 2954 1228 3011; x_wconf 91' lang='lat' dir='ltr'><strong>scilicet</strong></span> <span class='ocrx_word' id='word_1_315' title='bbox 1267 2954 1586 3021; x_wconf 84' lang='lat' dir='ltr'><strong>Melcomus,</strong></span> 
     </span>
    </p>
   </div>
   <div class='ocr_carea' id='block_1_47' title="bbox 60 3042 1588 3121">
    <p class='ocr_par' dir='ltr' id='par_1_47' title="bbox 60 3042 1588 3121">
     <span class='ocr_line' id='line_1_47' title="bbox 60 3042 1588 3121; baseline 0.007 -28"><span class='ocrx_word' id='word_1_316' title='bbox 60 3055 235 3110; x_wconf 63' lang='lat' dir='ltr'><strong>regnum</strong></span> <span class='ocrx_word' id='word_1_317' title='bbox 278 3042 451 3101; x_wconf 89' lang='lat' dir='ltr'><strong>Scotie</strong></span> <span class='ocrx_word' id='word_1_318' title='bbox 478 3047 714 3118; x_wconf 89' lang='lat' dir='ltr'><strong>adeptus</strong></span> <span class='ocrx_word' id='word_1_319' title='bbox 746 3056 865 3115; x_wconf 91' lang='lat' dir='ltr'><strong>est;</strong></span> <span class='ocrx_word' id='word_1_320' title='bbox 912 3045 1082 3121; x_wconf 80' lang='lat' dir='ltr'><strong>frater</strong></span> <span class='ocrx_word' id='word_1_321' title='bbox 1121 3048 1240 3118; x_wconf 89' lang='lat' dir='ltr'><strong>ejus</strong></span> <span class='ocrx_word' id='word_1_322' title='bbox 1268 3047 1588 3104; x_wconf 84' lang='lat' dir='ltr'><strong>Willermus</strong></span> 
     </span>
    </p>
   </div>
   <div class='ocr_carea' id='block_1_48' title="bbox 62 3134 1583 3205">
    <p class='ocr_par' dir='ltr' id='par_1_48' title="bbox 62 3134 1583 3205">
     <span class='ocr_line' id='line_1_48' title="bbox 62 3134 1583 3205; baseline 0.008 -20"><span class='ocrx_word' id='word_1_323' title='bbox 62 3134 317 3191; x_wconf 86' lang='lat' dir='ltr'><strong>comitatum</strong></span> <span class='ocrx_word' id='word_1_324' title='bbox 358 3137 740 3195; x_wconf 86' lang='lat' dir='ltr'><strong>Lodonensem</strong></span> <span class='ocrx_word' id='word_1_325' title='bbox 782 3141 871 3195; x_wconf 75' lang='grc'><strong>⁵⁸⁵.</strong></span> <span class='ocrx_word' id='word_1_326' title='bbox 916 3139 1104 3198; x_wconf 83' lang='lat' dir='ltr'><strong>Mense</strong></span> <span class='ocrx_word' id='word_1_327' title='bbox 1146 3139 1314 3205; x_wconf 75' lang='lat' dir='ltr'><strong>Iulio,</strong></span> <span class='ocrx_word' id='word_1_328' title='bbox 1372 3140 1404 3193; x_wconf 90' lang='lat'><strong>7</strong></span> <span class='ocrx_word' id='word_1_329' title='bbox 1456 3139 1583 3197; x_wconf 88' lang='lat' dir='ltr'><strong>Idus</strong></span> 
     </span>
    </p>
   </div>
   <div class='ocr_carea' id='block_1_49' title="bbox 61 3222 1586 3302">
    <p class='ocr_par' dir='ltr' id='par_1_49' title="bbox 61 3222 1586 3302">
     <span class='ocr_line' id='line_1_49' title="bbox 61 3222 1586 3302; baseline 0.009 -28"><span class='ocrx_word' id='word_1_330' title='bbox 61 3222 252 3291; x_wconf 82' lang='lat' dir='ltr'><strong>ejusdem</strong></span> <span class='ocrx_word' id='word_1_331' title='bbox 274 3231 491 3300; x_wconf 83' lang='lat' dir='ltr'><strong>mensis,</strong></span> <span class='ocrx_word' id='word_1_332' title='bbox 525 3232 672 3286; x_wconf 90' lang='lat' dir='ltr'><strong>viam</strong></span> <span class='ocrx_word' id='word_1_333' title='bbox 700 3232 954 3288; x_wconf 88' lang='lat' dir='ltr'><strong>universe</strong></span> <span class='ocrx_word' id='word_1_334' title='bbox 978 3232 1160 3288; x_wconf 88' lang='lat' dir='ltr'><strong>carnis</strong></span> <span class='ocrx_word' id='word_1_335' title='bbox 1190 3232 1472 3302; x_wconf 86' lang='lat' dir='ltr'><strong>ingressus</strong></span> <span class='ocrx_word' id='word_1_336' title='bbox 1499 3241 1586 3288; x_wconf 87' lang='lat' dir='ltr'><strong>est</strong></span> 
     </span>
    </p>
   </div>
   <div class='ocr_carea' id='block_1_50' title="bbox 63 3320 1582 3397">
    <p class='ocr_par' dir='ltr' id='par_1_50' title="bbox 63 3320 1582 3397">
     <span class='ocr_line' id='line_1_50' title="bbox 63 3320 1582 3397; baseline 0.008 -31"><span class='ocrx_word' id='word_1_337' title='bbox 63 3320 325 3377; x_wconf 77' lang='lat' dir='ltr'><strong>venerabilis</strong></span> <span class='ocrx_word' id='word_1_338' title='bbox 360 3324 628 3379; x_wconf 90' lang='lat' dir='ltr'><strong>memorie</strong></span> <span class='ocrx_word' id='word_1_339' title='bbox 656 3323 935 3395; x_wconf 86' lang='lat' dir='ltr'><strong>Eugenius</strong></span> <span class='ocrx_word' id='word_1_340' title='bbox 983 3324 1051 3379; x_wconf 88' lang='lat' dir='ltr'><strong>lll</strong></span> <span class='ocrx_word' id='word_1_341' title='bbox 1079 3341 1238 3397; x_wconf 84' lang='lat' dir='ltr'><strong>papa,</strong></span> <span class='ocrx_word' id='word_1_342' title='bbox 1266 3324 1350 3379; x_wconf 87' lang='lat' dir='ltr'><strong>vir</strong></span> <span class='ocrx_word' id='word_1_343' title='bbox 1391 3325 1582 3380; x_wconf 88' lang='lat' dir='ltr'><strong>admo-</strong></span> 
     </span>
    </p>
   </div>
   <div class='ocr_carea' id='block_1_51' title="bbox 65 3407 1586 3490">
    <p class='ocr_par' dir='ltr' id='par_1_51' title="bbox 65 3407 1586 3490">
     <span class='ocr_line' id='line_1_51' title="bbox 65 3407 1586 3490; baseline 0.006 -27"><span class='ocrx_word' id='word_1_344' title='bbox 65 3407 158 3463; x_wconf 87' lang='lat' dir='ltr'><strong>dum</strong></span> <span class='ocrx_word' id='word_1_345' title='bbox 178 3413 457 3485; x_wconf 87' lang='lat' dir='ltr'><strong>religiosus,</strong></span> <span class='ocrx_word' id='word_1_346' title='bbox 492 3417 549 3472; x_wconf 91' lang='lat' dir='ltr'><strong>in</strong></span> <span class='ocrx_word' id='word_1_347' title='bbox 579 3417 897 3473; x_wconf 87' lang='lat' dir='ltr'><strong>elemosinis</strong></span> <span class='ocrx_word' id='word_1_348' title='bbox 926 3417 1132 3490; x_wconf 85' lang='lat' dir='ltr'><strong>largus,</strong></span> <span class='ocrx_word' id='word_1_349' title='bbox 1167 3417 1219 3471; x_wconf 89' lang='lat' dir='ltr'><strong>in</strong></span> <span class='ocrx_word' id='word_1_350' title='bbox 1248 3416 1471 3488; x_wconf 89' lang='lat' dir='ltr'><strong>judiciis</strong></span> <span class='ocrx_word' id='word_1_351' title='bbox 1496 3416 1586 3487; x_wconf 88' lang='lat' dir='ltr'><strong>ju-</strong></span> 
     </span>
    </p>
   </div>
   <div class='ocr_carea' id='block_1_52' title="bbox 66 3507 1585 3580">
    <p class='ocr_par' dir='ltr' id='par_1_52' title="bbox 66 3507 1585 3580">
     <span class='ocr_line' id='line_1_52' title="bbox 66 3507 1585 3580; baseline 0.007 -26"><span class='ocrx_word' id='word_1_352' title='bbox 66 3509 168 3571; x_wconf 88' lang='lat' dir='ltr'><strong>stus,</strong></span> <span class='ocrx_word' id='word_1_353' title='bbox 187 3507 418 3565; x_wconf 77' lang='lat' dir='ltr'><strong>omnibus</strong></span> <span class='ocrx_word' id='word_1_354' title='bbox 451 3520 563 3565; x_wconf 90' lang='lat' dir='ltr'><strong>tam</strong></span> <span class='ocrx_word' id='word_1_355' title='bbox 605 3509 939 3580; x_wconf 84' lang='lat' dir='ltr'><strong>pauperibus</strong></span> <span class='ocrx_word' id='word_1_356' title='bbox 966 3525 1132 3580; x_wconf 89' lang='lat' dir='ltr'><strong>quam</strong></span> <span class='ocrx_word' id='word_1_357' title='bbox 1162 3509 1423 3565; x_wconf 89' lang='lat' dir='ltr'><strong>divitibus</strong></span> <span class='ocrx_word' id='word_1_358' title='bbox 1450 3509 1585 3565; x_wconf 80' lang='lat' dir='ltr'><strong>aﬁ‘a-</strong></span> 
     </span>
    </p>
   </div>
   <div class='ocr_carea' id='block_1_53' title="bbox 65 3589 1583 3673">
    <p class='ocr_par' dir='ltr' id='par_1_53' title="bbox 65 3589 1583 3673">
     <span class='ocr_line' id='line_1_53' title="bbox 65 3589 1583 3673; baseline 0.007 -27"><span class='ocrx_word' id='word_1_359' title='bbox 65 3589 530 3671; x_wconf 76' lang='lat' dir='ltr'><strong>b’Jisetjocundus;</strong></span> <span class='ocrx_word' id='word_1_360' title='bbox 559 3602 628 3657; x_wconf 90' lang='lat' dir='ltr'><strong>ad</strong></span> <span class='ocrx_word' id='word_1_361' title='bbox 673 3602 834 3672; x_wconf 83' lang='lat' dir='ltr'><strong>cujus</strong></span> <span class='ocrx_word' id='word_1_362' title='bbox 862 3603 1157 3670; x_wconf 91' lang='lat' dir='ltr'><strong>tumulum,</strong></span> <span class='ocrx_word' id='word_1_363' title='bbox 1182 3602 1276 3673; x_wconf 91' lang='lat' dir='ltr'><strong>qui</strong></span> <span class='ocrx_word' id='word_1_364' title='bbox 1317 3602 1367 3658; x_wconf 91' lang='lat' dir='ltr'><strong>ei</strong></span> <span class='ocrx_word' id='word_1_365' title='bbox 1404 3602 1458 3657; x_wconf 93' lang='lat' dir='ltr'><strong>in</strong></span> <span class='ocrx_word' id='word_1_366' title='bbox 1491 3618 1583 3657; x_wconf 91' lang='lat' dir='ltr'><strong>ee-</strong></span> 
     </span>
    </p>
   </div>
   <div class='ocr_carea' id='block_1_54' title="bbox 66 3687 1586 3758">
    <p class='ocr_par' dir='ltr' id='par_1_54' title="bbox 66 3687 1586 3758">
     <span class='ocr_line' id='line_1_54' title="bbox 66 3687 1586 3758; baseline 0.007 -18"><span class='ocrx_word' id='word_1_367' title='bbox 66 3687 188 3744; x_wconf 83' lang='lat' dir='ltr'><strong>clesia</strong></span> <span class='ocrx_word' id='word_1_368' title='bbox 207 3691 334 3747; x_wconf 87' lang='lat' dir='ltr'><strong>beati</strong></span> <span class='ocrx_word' id='word_1_369' title='bbox 367 3692 509 3750; x_wconf 87' lang='lat' dir='ltr'><strong>Petri</strong></span> <span class='ocrx_word' id='word_1_370' title='bbox 547 3694 933 3751; x_wconf 85' lang='lat' dir='ltr'><strong>venerabiliter</strong></span> <span class='ocrx_word' id='word_1_371' title='bbox 961 3692 1140 3750; x_wconf 91' lang='lat' dir='ltr'><strong>factus</strong></span> <span class='ocrx_word' id='word_1_372' title='bbox 1179 3702 1283 3758; x_wconf 91' lang='lat' dir='ltr'><strong>est,</strong></span> <span class='ocrx_word' id='word_1_373' title='bbox 1321 3694 1586 3750; x_wconf 88' lang='lat' dir='ltr'><strong>miracula</strong></span> 
     </span>
    </p>
   </div>
   <div class='ocr_carea' id='block_1_55' title="bbox 67 3778 1585 3859">
    <p class='ocr_par' dir='ltr' id='par_1_55' title="bbox 67 3778 1585 3859">
     <span class='ocr_line' id='line_1_55' title="bbox 67 3778 1585 3859; baseline 0.004 -24"><span class='ocrx_word' id='word_1_374' title='bbox 67 3778 154 3847; x_wconf 70' lang='lat' dir='ltr'><strong>pust</strong></span> <span class='ocrx_word' id='word_1_375' title='bbox 192 3786 457 3843; x_wconf 79' lang='lat' dir='ltr'><strong>transitum</strong></span> <span class='ocrx_word' id='word_1_376' title='bbox 497 3788 623 3859; x_wconf 88' lang='lat' dir='ltr'><strong>ejus</strong></span> <span class='ocrx_word' id='word_1_377' title='bbox 668 3788 854 3843; x_wconf 85' lang='lat' dir='ltr'><strong>statim</strong></span> <span class='ocrx_word' id='word_1_378' title='bbox 907 3795 1294 3859; x_wconf 88' lang='lat' dir='ltr'><strong>apparuerunt.</strong></span> <span class='ocrx_word' id='word_1_379' title='bbox 1343 3787 1477 3857; x_wconf 84' lang='lat' dir='ltr'><strong>(Jul.</strong></span> <span class='ocrx_word' id='word_1_380' title='bbox 1505 3786 1585 3856; x_wconf 86' lang='lat'><strong>9.)</strong></span> 
     </span>
    </p>
   </div>
   <div class='ocr_carea' id='block_1_56' title="bbox 70 3872 1590 3953">
    <p class='ocr_par' dir='ltr' id='par_1_56' title="bbox 70 3872 1590 3953">
     <span class='ocr_line' id='line_1_56' title="bbox 70 3872 1590 3953; baseline 0.005 -25"><span class='ocrx_word' id='word_1_381' title='bbox 70 3872 287 3936; x_wconf 82' lang='lat' dir='ltr'><strong>Successit</strong></span> <span class='ocrx_word' id='word_1_382' title='bbox 311 3883 358 3937; x_wconf 91' lang='lat' dir='ltr'><strong>ei</strong></span> <span class='ocrx_word' id='word_1_383' title='bbox 378 3880 666 3938; x_wconf 86' lang='lat' dir='ltr'><strong>Conradus</strong></span> <span class='ocrx_word' id='word_1_384' title='bbox 694 3881 1014 3938; x_wconf 89' lang='lat' dir='ltr'><strong>Sabinensis</strong></span> <span class='ocrx_word' id='word_1_385' title='bbox 1037 3881 1345 3953; x_wconf 89' lang='lat' dir='ltr'><strong>episcopus,</strong></span> <span class='ocrx_word' id='word_1_386' title='bbox 1371 3890 1590 3953; x_wconf 89' lang='lat' dir='ltr'><strong>aposto-</strong></span> 
     </span>
    </p>
   </div>
   <div class='ocr_carea' id='block_1_57' title="bbox 69 3962 1584 4043">
    <p class='ocr_par' dir='ltr' id='par_1_57' title="bbox 69 3962 1584 4043">
     <span class='ocr_line' id='line_1_57' title="bbox 69 3962 1584 4043; baseline 0.007 -29"><span class='ocrx_word' id='word_1_387' title='bbox 69 3962 141 4020; x_wconf 84' lang='lat' dir='ltr'><strong>lice</strong></span> <span class='ocrx_word' id='word_1_388' title='bbox 157 3969 277 4024; x_wconf 86' lang='lat' dir='ltr'><strong>sedis</strong></span> <span class='ocrx_word' id='word_1_389' title='bbox 295 3971 343 4025; x_wconf 90' lang='lat' dir='ltr'><strong>in</strong></span> <span class='ocrx_word' id='word_1_390' title='bbox 368 3972 499 4028; x_wconf 88' lang='lat' dir='ltr'><strong>urbe</strong></span> <span class='ocrx_word' id='word_1_391' title='bbox 522 3972 813 4028; x_wconf 79' lang='lat' dir='ltr'><strong>dumtaxat</strong></span> <span class='ocrx_word' id='word_1_392' title='bbox 836 3972 891 4026; x_wconf 91' lang='lat' dir='ltr'><strong>in</strong></span> <span class='ocrx_word' id='word_1_393' title='bbox 922 3973 1145 4043; x_wconf 82' lang='lat' dir='ltr'><strong>agendis</strong></span> <span class='ocrx_word' id='word_1_394' title='bbox 1163 3971 1584 4042; x_wconf 88' lang='lat' dir='ltr'><strong>episcopalibus,</strong></span> 
     </span>
    </p>
   </div>
   <div class='ocr_carea' id='block_1_58' title="bbox 69 4054 1587 4133">
    <p class='ocr_par' dir='ltr' id='par_1_58' title="bbox 69 4054 1587 4133">
     <span class='ocr_line' id='line_1_58' title="bbox 69 4054 1587 4133; baseline 0.003 -22"><span class='ocrx_word' id='word_1_395' title='bbox 69 4054 161 4111; x_wconf 87' lang='lat' dir='ltr'><strong>dum</strong></span> <span class='ocrx_word' id='word_1_396' title='bbox 193 4076 311 4132; x_wconf 88' lang='lat' dir='ltr'><strong>papa</strong></span> <span class='ocrx_word' id='word_1_397' title='bbox 346 4063 515 4132; x_wconf 89' lang='lat' dir='ltr'><strong>deest,</strong></span> <span class='ocrx_word' id='word_1_398' title='bbox 553 4080 621 4119; x_wconf 86' lang='lat' dir='ltr'><strong>ex</strong></span> <span class='ocrx_word' id='word_1_399' title='bbox 644 4063 870 4133; x_wconf 89' lang='lat' dir='ltr'><strong>antiqua</strong></span> <span class='ocrx_word' id='word_1_400' title='bbox 912 4062 1332 4128; x_wconf 89' lang='lat' dir='ltr'><strong>consuetudine,</strong></span> <span class='ocrx_word' id='word_1_401' title='bbox 1364 4079 1462 4133; x_wconf 92' lang='lat' dir='ltr'><strong>pro</strong></span> <span class='ocrx_word' id='word_1_402' title='bbox 1501 4061 1587 4117; x_wconf 91' lang='lat' dir='ltr'><strong>di-</strong></span> 
     </span>
    </p>
   </div>
   <div class='ocr_carea' id='block_1_59' title="bbox 70 4149 1586 4228">
    <p class='ocr_par' dir='ltr' id='par_1_59' title="bbox 70 4149 1586 4228">
     <span class='ocr_line' id='line_1_59' title="bbox 70 4149 1586 4228; baseline 0.003 -22"><span class='ocrx_word' id='word_1_403' title='bbox 70 4149 223 4216; x_wconf 55' lang='lat' dir='ltr'><strong>gnitate</strong></span> <span class='ocrx_word' id='word_1_404' title='bbox 244 4154 339 4210; x_wconf 88' lang='lat' dir='ltr'><strong>loci</strong></span> <span class='ocrx_word' id='word_1_405' title='bbox 362 4158 441 4213; x_wconf 90' lang='lat' dir='ltr'><strong>sui</strong></span> <span class='ocrx_word' id='word_1_406' title='bbox 471 4157 737 4223; x_wconf 92' lang='lat' dir='ltr'><strong>vicarius,</strong></span> <span class='ocrx_word' id='word_1_407' title='bbox 770 4157 865 4228; x_wconf 91' lang='lat' dir='ltr'><strong>qui</strong></span> <span class='ocrx_word' id='word_1_408' title='bbox 892 4165 1013 4212; x_wconf 89' lang='lat' dir='ltr'><strong>erat</strong></span> <span class='ocrx_word' id='word_1_409' title='bbox 1037 4156 1261 4211; x_wconf 89' lang='lat' dir='ltr'><strong>natione</strong></span> <span class='ocrx_word' id='word_1_410' title='bbox 1284 4156 1586 4222; x_wconf 78' lang='lat' dir='ltr'><strong>Romanus,</strong></span> 
     </span>
    </p>
   </div>
   <div class='ocr_carea' id='block_1_60' title="bbox 70 4239 1589 4321">
    <p class='ocr_par' dir='ltr' id='par_1_60' title="bbox 70 4239 1589 4321">
     <span class='ocr_line' id='line_1_60' title="bbox 70 4239 1589 4321; baseline 0.003 -22"><span class='ocrx_word' id='word_1_411' title='bbox 70 4239 129 4293; x_wconf 63' lang='lat' dir='ltr'><strong>Vir</strong></span> <span class='ocrx_word' id='word_1_412' title='bbox 156 4247 421 4314; x_wconf 79' lang='lat' dir='ltr'><strong>grandevus</strong></span> <span class='ocrx_word' id='word_1_413' title='bbox 446 4259 500 4308; x_wconf 93' lang='lat' dir='ltr'><strong>ct</strong></span> <span class='ocrx_word' id='word_1_414' title='bbox 525 4250 672 4321; x_wconf 90' lang='lat' dir='ltr'><strong>apud</strong></span> <span class='ocrx_word' id='word_1_415' title='bbox 707 4249 986 4304; x_wconf 80' lang='lat' dir='ltr'><strong>Romanos</strong></span> <span class='ocrx_word' id='word_1_416' title='bbox 1016 4250 1341 4305; x_wconf 87' lang='lat' dir='ltr'><strong>auctoritate</strong></span> <span class='ocrx_word' id='word_1_417' title='bbox 1377 4250 1589 4319; x_wconf 87' lang='lat' dir='ltr'><strong>prccla-</strong></span> 
     </span>
    </p>
   </div>
   <div class='ocr_carea' id='block_1_61' title="bbox 71 4338 1591 4471">
    <p class='ocr_par' dir='ltr' id='par_1_61' title="bbox 71 4338 1591 4471">
     <span class='ocr_line' id='line_1_61' title="bbox 71 4338 1591 4471; baseline 0.003 -81"><span class='ocrx_word' id='word_1_418' title='bbox 71 4346 154 4471; x_wconf 47' lang='lat' dir='ltr'><strong>lius),</strong></span> <span class='ocrx_word' id='word_1_419' title='bbox 182 4338 348 4396; x_wconf 78' lang='lat' dir='ltr'><strong>exinde</strong></span> <span class='ocrx_word' id='word_1_420' title='bbox 386 4352 615 4399; x_wconf 88' lang='lat' dir='ltr'><strong>vocatus</strong></span> <span class='ocrx_word' id='word_1_421' title='bbox 657 4342 984 4398; x_wconf 85' lang='lat' dir='ltr'><strong>Anastasius</strong></span> <span class='ocrx_word' id='word_1_422' title='bbox 1022 4341 1121 4410; x_wconf 85' lang='lat' dir='ltr'><strong>lV,</strong></span> <span class='ocrx_word' id='word_1_423' title='bbox 1166 4342 1591 4414; x_wconf 75' lang='lat' dir='ltr'><strong>papa&#39;videlicet</strong></span> 
     </span>
     <span class='ocr_line' id='line_1_62' title="bbox 105 4437 209 4471; baseline 0 0"><span class='ocrx_word' id='word_1_424' title='bbox 105 4437 209 4471; x_wconf 63' lang='lat'><strong>1-“-</strong></span> 
     </span>
    </p>
   </div>
   <div class='ocr_carea' id='block_1_62' title="bbox 105 4437 209 4480">
    <p class='ocr_par' dir='ltr' id='par_1_62' title="bbox 105 4437 209 4480">
     <span class='ocr_line' id='line_1_63' title="bbox 105 4437 209 4480; baseline 0.01 -19"><span class='ocrx_word' id='word_1_425' title='bbox 105 4437 209 4480; x_wconf 55' lang='lat' dir='ltr'><strong>lges.</strong></span> 
     </span>
    </p>
   </div>
   <div class='ocr_carea' id='block_1_63' title="bbox 1689 1932 3284 2011">
    <p class='ocr_par' dir='ltr' id='par_1_63' title="bbox 1689 1932 3284 2011">
     <span class='ocr_line' id='line_1_64' title="bbox 1689 1932 3284 2011; baseline -0.005 -17"><span class='ocrx_word' id='word_1_426' title='bbox 1689 1941 1874 2011; x_wconf 88' lang='lat' dir='ltr'><strong>phano</strong></span> <span class='ocrx_word' id='word_1_427' title='bbox 1899 1941 2269 1994; x_wconf 82' lang='lat' dir='ltr'><strong>Cravemense</strong></span> <span class='ocrx_word' id='word_1_428' title='bbox 2293 1937 2662 1993; x_wconf 79' lang='lat' dir='ltr'><strong>subvertente.</strong></span> <span class='ocrx_word' id='word_1_429' title='bbox 2690 1933 2827 1989; x_wconf 89' lang='lat' dir='ltr'><strong>Nam</strong></span> <span class='ocrx_word' id='word_1_430' title='bbox 2852 1951 2997 1989; x_wconf 89' lang='lat' dir='ltr'><strong>anno</strong></span> <span class='ocrx_word' id='word_1_431' title='bbox 3025 1932 3284 2004; x_wconf 74' lang='lat' dir='ltr'><strong>pretcrito</strong></span> 
     </span>
    </p>
   </div>
   <div class='ocr_carea' id='block_1_64' title="bbox 1690 2025 3283 2100">
    <p class='ocr_par' dir='ltr' id='par_1_64' title="bbox 1690 2025 3283 2100">
     <span class='ocr_line' id='line_1_65' title="bbox 1690 2025 3283 2100; baseline -0.006 -12"><span class='ocrx_word' id='word_1_432' title='bbox 1690 2032 1897 2088; x_wconf 85' lang='lat' dir='ltr'><strong>familia</strong></span> <span class='ocrx_word' id='word_1_433' title='bbox 1934 2032 2090 2087; x_wconf 84' lang='lat' dir='ltr'><strong>ducis</strong></span> <span class='ocrx_word' id='word_1_434' title='bbox 2125 2029 2367 2096; x_wconf 91' lang='lat' dir='ltr'><strong>lleurici,</strong></span> <span class='ocrx_word' id='word_1_435' title='bbox 2419 2045 2528 2100; x_wconf 91' lang='lat' dir='ltr'><strong>que</strong></span> <span class='ocrx_word' id='word_1_436' title='bbox 2575 2025 2939 2098; x_wconf 77' lang='lat' dir='ltr'><strong>Wulingcfort</strong></span> <span class='ocrx_word' id='word_1_437' title='bbox 2988 2025 3283 2092; x_wconf 83' lang='lat' dir='ltr'><strong>incolebat,</strong></span> 
     </span>
    </p>
   </div>
   <div class='ocr_carea' id='block_1_65' title="bbox 1691 2117 3349 2189">
    <p class='ocr_par' dir='ltr' id='par_1_65' title="bbox 1691 2117 3349 2189">
     <span class='ocr_line' id='line_1_66' title="bbox 1691 2117 3349 2189; baseline -0.006 -10"><span class='ocrx_word' id='word_1_438' title='bbox 1691 2141 1800 2179; x_wconf 89' lang='lat' dir='ltr'><strong>non</strong></span> <span class='ocrx_word' id='word_1_439' title='bbox 1828 2124 2007 2178; x_wconf 90' lang='lat' dir='ltr'><strong>solum</strong></span> <span class='ocrx_word' id='word_1_440' title='bbox 2033 2132 2273 2178; x_wconf 88' lang='lat' dir='ltr'><strong>castrum</strong></span> <span class='ocrx_word' id='word_1_441' title='bbox 2313 2120 2649 2186; x_wconf 79' lang='lat' dir='ltr'><strong>Bretevvellc,</strong></span> <span class='ocrx_word' id='word_1_442' title='bbox 2681 2118 2826 2189; x_wconf 82' lang='lat' dir='ltr'><strong>quod</strong></span> <span class='ocrx_word' id='word_1_443' title='bbox 2857 2118 2948 2173; x_wconf 82' lang='lat' dir='ltr'><strong>diu</strong></span> <span class='ocrx_word' id='word_1_444' title='bbox 2980 2134 3074 2171; x_wconf 89' lang='lat' dir='ltr'><strong>cos</strong></span> <span class='ocrx_word' id='word_1_445' title='bbox 3102 2117 3281 2187; x_wconf 87' lang='lat' dir='ltr'><strong>impu-</strong></span> <span class='ocrx_word' id='word_1_446' title='bbox 3344 2118 3349 2123; x_wconf 80' lang='grc'><strong><em>“</em></strong></span> 
     </span>
    </p>
   </div>
   <div class='ocr_carea' id='block_1_66' title="bbox 1690 2209 3285 2289">
    <p class='ocr_par' dir='ltr' id='par_1_66' title="bbox 1690 2209 3285 2289">
     <span class='ocr_line' id='line_1_67' title="bbox 1690 2209 3285 2289; baseline -0.006 -18"><span class='ocrx_word' id='word_1_447' title='bbox 1690 2226 1971 2289; x_wconf 86' lang='lat' dir='ltr'><strong>gnaverat,</strong></span> <span class='ocrx_word' id='word_1_448' title='bbox 2008 2231 2197 2270; x_wconf 84' lang='lat' dir='ltr'><strong>verum</strong></span> <span class='ocrx_word' id='word_1_449' title='bbox 2233 2214 2398 2270; x_wconf 91' lang='lat' dir='ltr'><strong>etiam</strong></span> <span class='ocrx_word' id='word_1_450' title='bbox 2444 2212 2750 2278; x_wconf 87' lang='lat' dir='ltr'><strong>castellum,</strong></span> <span class='ocrx_word' id='word_1_451' title='bbox 2794 2210 2939 2282; x_wconf 88' lang='lat' dir='ltr'><strong>quod</strong></span> <span class='ocrx_word' id='word_1_452' title='bbox 2980 2225 3073 2263; x_wconf 88' lang='lat' dir='ltr'><strong>rex</strong></span> <span class='ocrx_word' id='word_1_453' title='bbox 3119 2209 3285 2263; x_wconf 84' lang='lat' dir='ltr'><strong>etiam</strong></span> 
     </span>
    </p>
   </div>
   <div class='ocr_carea' id='block_1_67' title="bbox 1692 2302 3281 2380">
    <p class='ocr_par' dir='ltr' id='par_1_67' title="bbox 1692 2302 3281 2380">
     <span class='ocr_line' id='line_1_68' title="bbox 1692 2302 3281 2380; baseline -0.005 -17"><span class='ocrx_word' id='word_1_454' title='bbox 1692 2310 2005 2380; x_wconf 90' lang='lat' dir='ltr'><strong>Stephanus</strong></span> <span class='ocrx_word' id='word_1_455' title='bbox 2041 2320 2230 2363; x_wconf 89' lang='lat' dir='ltr'><strong>contra</strong></span> <span class='ocrx_word' id='word_1_456' title='bbox 2250 2306 2342 2377; x_wconf 88' lang='lat' dir='ltr'><strong>jus</strong></span> <span class='ocrx_word' id='word_1_457' title='bbox 2372 2314 2427 2361; x_wconf 90' lang='lat' dir='ltr'><strong>et</strong></span> <span class='ocrx_word' id='word_1_458' title='bbox 2448 2303 2531 2360; x_wconf 88' lang='lat' dir='ltr'><strong>fas</strong></span> <span class='ocrx_word' id='word_1_459' title='bbox 2556 2312 2806 2360; x_wconf 87' lang='lat' dir='ltr'><strong>erexerat</strong></span> <span class='ocrx_word' id='word_1_460' title='bbox 2828 2302 2972 2374; x_wconf 90' lang='lat' dir='ltr'><strong>apud</strong></span> <span class='ocrx_word' id='word_1_461' title='bbox 3006 2302 3281 2357; x_wconf 84' lang='lat' dir='ltr'><strong>abbatiam</strong></span> 
     </span>
    </p>
   </div>
   <div class='ocr_carea' id='block_1_68' title="bbox 1689 2394 3283 2473">
    <p class='ocr_par' dir='ltr' id='par_1_68' title="bbox 1689 2394 3283 2473">
     <span class='ocr_line' id='line_1_69' title="bbox 1689 2394 3283 2473; baseline -0.007 -16"><span class='ocrx_word' id='word_1_462' title='bbox 1689 2401 1973 2473; x_wconf 82' lang='lat' dir='ltr'><strong>Radingis,</strong></span> <span class='ocrx_word' id='word_1_463' title='bbox 1998 2399 2469 2472; x_wconf 88' lang='lat' dir='ltr'><strong>pessumdederat.</strong></span> <span class='ocrx_word' id='word_1_464' title='bbox 2495 2395 2702 2452; x_wconf 89' lang='lat' dir='ltr'><strong>Exinde</strong></span> <span class='ocrx_word' id='word_1_465' title='bbox 2723 2396 2831 2451; x_wconf 81' lang='lat' dir='ltr'><strong>dux</strong></span> <span class='ocrx_word' id='word_1_466' title='bbox 2861 2394 3132 2450; x_wconf 83' lang='lat' dir='ltr'><strong>Henricus</strong></span> <span class='ocrx_word' id='word_1_467' title='bbox 3157 2409 3283 2448; x_wconf 83' lang='lat' dir='ltr'><strong>cum</strong></span> 
     </span>
    </p>
   </div>
   <div class='ocr_carea' id='block_1_69' title="bbox 1689 2487 3282 2555">
    <p class='ocr_par' dir='ltr' id='par_1_69' title="bbox 1689 2487 3282 2555">
     <span class='ocr_line' id='line_1_70' title="bbox 1689 2487 3282 2555; baseline -0.007 -5"><span class='ocrx_word' id='word_1_468' title='bbox 1689 2494 1795 2551; x_wconf 78' lang='grc'><strong>500</strong></span> <span class='ocrx_word' id='word_1_469' title='bbox 1830 2493 2097 2549; x_wconf 89' lang='lat' dir='ltr'><strong>militibus</strong></span> <span class='ocrx_word' id='word_1_470' title='bbox 2141 2492 2382 2548; x_wconf 80' lang='lat' dir='ltr'><strong>obviavit</strong></span> <span class='ocrx_word' id='word_1_471' title='bbox 2420 2489 2706 2546; x_wconf 85' lang='lat' dir='ltr'><strong>Willcrmo</strong></span> <span class='ocrx_word' id='word_1_472' title='bbox 2754 2489 2821 2544; x_wconf 86' lang='lat' dir='ltr'><strong>de</strong></span> <span class='ocrx_word' id='word_1_473' title='bbox 2856 2487 3125 2544; x_wconf 89' lang='lat' dir='ltr'><strong>Guerceio</strong></span> <span class='ocrx_word' id='word_1_474' title='bbox 3156 2502 3282 2555; x_wconf 87' lang='lat' dir='ltr'><strong>pre-</strong></span> 
     </span>
    </p>
   </div>
   <div class='ocr_carea' id='block_1_70' title="bbox 1689 2575 3283 2651">
    <p class='ocr_par' dir='ltr' id='par_1_70' title="bbox 1689 2575 3283 2651">
     <span class='ocr_line' id='line_1_71' title="bbox 1689 2575 3283 2651; baseline -0.008 -9"><span class='ocrx_word' id='word_1_475' title='bbox 1689 2587 1793 2643; x_wconf 91' lang='lat' dir='ltr'><strong>sidi</strong></span> <span class='ocrx_word' id='word_1_476' title='bbox 1823 2584 2266 2651; x_wconf 88' lang='lat' dir='ltr'><strong>Oxinefordensi,</strong></span> <span class='ocrx_word' id='word_1_477' title='bbox 2314 2593 2369 2639; x_wconf 91' lang='lat' dir='ltr'><strong>et</strong></span> <span class='ocrx_word' id='word_1_478' title='bbox 2405 2583 2638 2639; x_wconf 76' lang='lat' dir='ltr'><strong>lticardo</strong></span> <span class='ocrx_word' id='word_1_479' title='bbox 2685 2580 2753 2636; x_wconf 90' lang='lat' dir='ltr'><strong>de</strong></span> <span class='ocrx_word' id='word_1_480' title='bbox 2783 2580 3016 2647; x_wconf 84' lang='lat' dir='ltr'><strong>Luccio,</strong></span> <span class='ocrx_word' id='word_1_481' title='bbox 3061 2587 3115 2634; x_wconf 90' lang='lat' dir='ltr'><strong>et</strong></span> <span class='ocrx_word' id='word_1_482' title='bbox 3141 2575 3283 2631; x_wconf 78' lang='lat' dir='ltr'><strong>Wil-</strong></span> 
     </span>
    </p>
   </div>
   <div class='ocr_carea' id='block_1_71' title="bbox 1688 2670 3285 2744">
    <p class='ocr_par' dir='ltr' id='par_1_71' title="bbox 1688 2670 3285 2744">
     <span class='ocr_line' id='line_1_72' title="bbox 1688 2670 3285 2744; baseline -0.005 -12"><span class='ocrx_word' id='word_1_483' title='bbox 1688 2679 1861 2734; x_wconf 90' lang='lat' dir='ltr'><strong>lermo</strong></span> <span class='ocrx_word' id='word_1_484' title='bbox 1887 2678 2154 2744; x_wconf 81' lang='lat' dir='ltr'><strong>Martello,</strong></span> <span class='ocrx_word' id='word_1_485' title='bbox 2180 2685 2235 2732; x_wconf 94' lang='lat' dir='ltr'><strong>et</strong></span> <span class='ocrx_word' id='word_1_486' title='bbox 2264 2676 2434 2732; x_wconf 87' lang='lat' dir='ltr'><strong>sociis</strong></span> <span class='ocrx_word' id='word_1_487' title='bbox 2462 2690 2654 2731; x_wconf 88' lang='lat' dir='ltr'><strong>eorum</strong></span> <span class='ocrx_word' id='word_1_488' title='bbox 2695 2672 3041 2727; x_wconf 84' lang='lat' dir='ltr'><strong>venientibus</strong></span> <span class='ocrx_word' id='word_1_489' title='bbox 3080 2670 3136 2725; x_wconf 89' lang='lat' dir='ltr'><strong>in</strong></span> <span class='ocrx_word' id='word_1_490' title='bbox 3173 2678 3285 2725; x_wconf 76' lang='lat' dir='ltr'><strong>ter-</strong></span> 
     </span>
    </p>
   </div>
   <div class='ocr_carea' id='block_1_72' title="bbox 1688 2759 3289 2839">
    <p class='ocr_par' dir='ltr' id='par_1_72' title="bbox 1688 2759 3289 2839">
     <span class='ocr_line' id='line_1_73' title="bbox 1688 2759 3289 2839; baseline -0.007 -12"><span class='ocrx_word' id='word_1_491' title='bbox 1688 2788 1806 2828; x_wconf 91' lang='lat' dir='ltr'><strong>ram</strong></span> <span class='ocrx_word' id='word_1_492' title='bbox 1840 2788 2018 2839; x_wconf 87' lang='lat' dir='ltr'><strong>suam,</strong></span> <span class='ocrx_word' id='word_1_493' title='bbox 2047 2778 2101 2825; x_wconf 92' lang='lat' dir='ltr'><strong>et</strong></span> <span class='ocrx_word' id='word_1_494' title='bbox 2130 2768 2338 2839; x_wconf 86' lang='lat' dir='ltr'><strong>fugavit</strong></span> <span class='ocrx_word' id='word_1_495' title='bbox 2380 2782 2475 2822; x_wconf 92' lang='lat' dir='ltr'><strong>eos</strong></span> <span class='ocrx_word' id='word_1_496' title='bbox 2519 2780 2695 2838; x_wconf 92' lang='lat' dir='ltr'><strong>usque</strong></span> <span class='ocrx_word' id='word_1_497' title='bbox 2731 2762 3035 2829; x_wconf 66' lang='lat' dir='ltr'><strong>Oxinefoz&#39;t,</strong></span> <span class='ocrx_word' id='word_1_498' title='bbox 3062 2769 3115 2816; x_wconf 90' lang='lat' dir='ltr'><strong>et</strong></span> <span class='ocrx_word' id='word_1_499' title='bbox 3144 2759 3289 2832; x_wconf 83' lang='lat' dir='ltr'><strong>cepit</strong></span> 
     </span>
    </p>
   </div>
   <div class='ocr_carea' id='block_1_73' title="bbox 1688 2852 3285 2929">
    <p class='ocr_par' dir='ltr' id='par_1_73' title="bbox 1688 2852 3285 2929">
     <span class='ocr_line' id='line_1_74' title="bbox 1688 2852 3285 2929; baseline -0.009 -10"><span class='ocrx_word' id='word_1_500' title='bbox 1688 2878 1756 2919; x_wconf 88' lang='lat' dir='ltr'><strong>ex</strong></span> <span class='ocrx_word' id='word_1_501' title='bbox 1804 2863 1885 2918; x_wconf 92' lang='lat' dir='ltr'><strong>eis</strong></span> <span class='ocrx_word' id='word_1_502' title='bbox 1925 2861 1996 2916; x_wconf 69' lang='lat'><strong>20</strong></span> <span class='ocrx_word' id='word_1_503' title='bbox 2043 2860 2275 2926; x_wconf 90' lang='lat' dir='ltr'><strong>milites;</strong></span> <span class='ocrx_word' id='word_1_504' title='bbox 2324 2858 2547 2929; x_wconf 79' lang='lat' dir='ltr'><strong>predum</strong></span> <span class='ocrx_word' id='word_1_505' title='bbox 2588 2865 2771 2911; x_wconf 90' lang='lat' dir='ltr'><strong>autem</strong></span> <span class='ocrx_word' id='word_1_506' title='bbox 2805 2852 3285 2918; x_wconf 74' lang='lat' dir='ltr'><strong>innumerabilem,</strong></span> 
     </span>
    </p>
   </div>
   <div class='ocr_carea' id='block_1_74' title="bbox 1688 2945 3287 3027">
    <p class='ocr_par' dir='ltr' id='par_1_74' title="bbox 1688 2945 3287 3027">
     <span class='ocr_line' id='line_1_75' title="bbox 1688 2945 3287 3027; baseline -0.009 -16"><span class='ocrx_word' id='word_1_507' title='bbox 1688 2971 1854 3027; x_wconf 87' lang='lat' dir='ltr'><strong>quam</strong></span> <span class='ocrx_word' id='word_1_508' title='bbox 1881 2954 2070 3009; x_wconf 88' lang='lat' dir='ltr'><strong>velites</strong></span> <span class='ocrx_word' id='word_1_509' title='bbox 2095 2960 2146 3007; x_wconf 91' lang='lat' dir='ltr'><strong>et</strong></span> <span class='ocrx_word' id='word_1_510' title='bbox 2183 2950 2321 3006; x_wconf 88' lang='lat' dir='ltr'><strong>levis</strong></span> <span class='ocrx_word' id='word_1_511' title='bbox 2362 2957 2639 3003; x_wconf 87' lang='lat' dir='ltr'><strong>armature</strong></span> <span class='ocrx_word' id='word_1_512' title='bbox 2669 2945 2791 3013; x_wconf 90' lang='lat' dir='ltr'><strong>viri,</strong></span> <span class='ocrx_word' id='word_1_513' title='bbox 2825 2945 2917 3016; x_wconf 89' lang='lat' dir='ltr'><strong>qui</strong></span> <span class='ocrx_word' id='word_1_514' title='bbox 2944 2959 3067 2999; x_wconf 91' lang='lat' dir='ltr'><strong>cum</strong></span> <span class='ocrx_word' id='word_1_515' title='bbox 3099 2958 3287 3013; x_wconf 89' lang='lat' dir='ltr'><strong>prose-</strong></span> 
     </span>
    </p>
   </div>
   <div class='ocr_carea' id='block_1_75' title="bbox 1689 3038 3283 3110">
    <p class='ocr_par' dir='ltr' id='par_1_75' title="bbox 1689 3038 3283 3110">
     <span class='ocr_line' id='line_1_76' title="bbox 1689 3038 3283 3110; baseline -0.009 -9"><span class='ocrx_word' id='word_1_516' title='bbox 1689 3047 1802 3102; x_wconf 90' lang='lat' dir='ltr'><strong>cuti</strong></span> <span class='ocrx_word' id='word_1_517' title='bbox 1834 3045 2073 3108; x_wconf 91' lang='lat' dir='ltr'><strong>fuerant,</strong></span> <span class='ocrx_word' id='word_1_518' title='bbox 2108 3060 2176 3099; x_wconf 83' lang='lat' dir='ltr'><strong>ex</strong></span> <span class='ocrx_word' id='word_1_519' title='bbox 2201 3041 2627 3110; x_wconf 85' lang='lat' dir='ltr'><strong>circumjacentc</strong></span> <span class='ocrx_word' id='word_1_520' title='bbox 2653 3038 2873 3108; x_wconf 83' lang='lat' dir='ltr'><strong>regione</strong></span> <span class='ocrx_word' id='word_1_521' title='bbox 2915 3049 3283 3106; x_wconf 88' lang='lat' dir='ltr'><strong>congregave-</strong></span> 
     </span>
    </p>
   </div>
   <div class='ocr_carea' id='block_1_76' title="bbox 1690 3129 3284 3209">
    <p class='ocr_par' dir='ltr' id='par_1_76' title="bbox 1690 3129 3284 3209">
     <span class='ocr_line' id='line_1_77' title="bbox 1690 3129 3284 3209; baseline -0.008 -16"><span class='ocrx_word' id='word_1_522' title='bbox 1690 3147 1834 3205; x_wconf 91' lang='lat' dir='ltr'><strong>rant,</strong></span> <span class='ocrx_word' id='word_1_523' title='bbox 1855 3137 2025 3209; x_wconf 90' lang='lat' dir='ltr'><strong>jnssit</strong></span> <span class='ocrx_word' id='word_1_524' title='bbox 2054 3140 2134 3192; x_wconf 90' lang='lat' dir='ltr'><strong>eis</strong></span> <span class='ocrx_word' id='word_1_525' title='bbox 2164 3133 2316 3190; x_wconf 92' lang='lat' dir='ltr'><strong>reddi</strong></span> <span class='ocrx_word' id='word_1_526' title='bbox 2358 3148 2594 3204; x_wconf 89' lang='lat' dir='ltr'><strong>quorum</strong></span> <span class='ocrx_word' id='word_1_527' title='bbox 2622 3130 2818 3197; x_wconf 88' lang='lat' dir='ltr'><strong>fuerat,</strong></span> <span class='ocrx_word' id='word_1_528' title='bbox 2856 3129 3063 3194; x_wconf 89' lang='lat' dir='ltr'><strong>dicens,</strong></span> <span class='ocrx_word' id='word_1_529' title='bbox 3091 3144 3149 3183; x_wconf 91' lang='lat' dir='ltr'><strong>se</strong></span> <span class='ocrx_word' id='word_1_530' title='bbox 3175 3143 3284 3182; x_wconf 80' lang='lat' dir='ltr'><strong>non</strong></span> 
     </span>
    </p>
   </div>
   <div class='ocr_carea' id='block_1_77' title="bbox 1689 3223 3286 3299">
    <p class='ocr_par' dir='ltr' id='par_1_77' title="bbox 1689 3223 3286 3299">
     <span class='ocr_line' id='line_1_78' title="bbox 1689 3223 3286 3299; baseline -0.008 -14"><span class='ocrx_word' id='word_1_531' title='bbox 1689 3232 1756 3285; x_wconf 89' lang='lat' dir='ltr'><strong>ad</strong></span> <span class='ocrx_word' id='word_1_532' title='bbox 1781 3231 1885 3285; x_wconf 92' lang='lat' dir='ltr'><strong>hoc</strong></span> <span class='ocrx_word' id='word_1_533' title='bbox 1925 3237 1985 3283; x_wconf 91' lang='lat' dir='ltr'><strong>ut</strong></span> <span class='ocrx_word' id='word_1_534' title='bbox 2019 3235 2259 3298; x_wconf 88' lang='lat' dir='ltr'><strong>raperet,</strong></span> <span class='ocrx_word' id='word_1_535' title='bbox 2291 3226 2385 3281; x_wconf 93' lang='lat' dir='ltr'><strong>sed</strong></span> <span class='ocrx_word' id='word_1_536' title='bbox 2425 3232 2485 3279; x_wconf 94' lang='lat' dir='ltr'><strong>ut</strong></span> <span class='ocrx_word' id='word_1_537' title='bbox 2516 3240 2545 3278; x_wconf 93' lang='lat' dir='ltr'><strong>a</strong></span> <span class='ocrx_word' id='word_1_538' title='bbox 2566 3223 2759 3299; x_wconf 89' lang='lat' dir='ltr'><strong>rapina</strong></span> <span class='ocrx_word' id='word_1_539' title='bbox 2788 3231 3067 3292; x_wconf 85' lang='lat' dir='ltr'><strong>potentum</strong></span> <span class='ocrx_word' id='word_1_540' title='bbox 3112 3235 3286 3289; x_wconf 88' lang='lat' dir='ltr'><strong>pepu-</strong></span> 
     </span>
    </p>
   </div>
   <div class='ocr_carea' id='block_1_78' title="bbox 1689 3310 3285 3391">
    <p class='ocr_par' dir='ltr' id='par_1_78' title="bbox 1689 3310 3285 3391">
     <span class='ocr_line' id='line_1_79' title="bbox 1689 3310 3285 3391; baseline -0.006 -16"><span class='ocrx_word' id='word_1_541' title='bbox 1689 3322 1801 3375; x_wconf 90' lang='lat' dir='ltr'><strong>lum</strong></span> <span class='ocrx_word' id='word_1_542' title='bbox 1834 3334 2135 3391; x_wconf 88' lang='lat' dir='ltr'><strong>pauperum</strong></span> <span class='ocrx_word' id='word_1_543' title='bbox 2178 3317 2459 3383; x_wconf 78' lang='lat' dir='ltr'><strong>liberaret,</strong></span> <span class='ocrx_word' id='word_1_544' title='bbox 2506 3315 2740 3369; x_wconf 89' lang='lat' dir='ltr'><strong>venisse.</strong></span> <span class='ocrx_word' id='word_1_545' title='bbox 2789 3312 2908 3367; x_wconf 85' lang='lat' dir='ltr'><strong>Dux</strong></span> <span class='ocrx_word' id='word_1_546' title='bbox 2951 3310 3285 3367; x_wconf 75' lang='lat' dir='ltr'><strong>Normannie</strong></span> 
     </span>
    </p>
   </div>
   <div class='ocr_carea' id='block_1_79' title="bbox 1689 3405 3283 3484">
    <p class='ocr_par' dir='ltr' id='par_1_79' title="bbox 1689 3405 3283 3484">
     <span class='ocr_line' id='line_1_80' title="bbox 1689 3405 3283 3484; baseline -0.009 -15"><span class='ocrx_word' id='word_1_547' title='bbox 1689 3413 1832 3484; x_wconf 89' lang='lat' dir='ltr'><strong>cepit</strong></span> <span class='ocrx_word' id='word_1_548' title='bbox 1857 3420 2101 3468; x_wconf 88' lang='lat' dir='ltr'><strong>castrum</strong></span> <span class='ocrx_word' id='word_1_549' title='bbox 2147 3408 2581 3465; x_wconf 86' lang='lat' dir='ltr'><strong>munitissimum</strong></span> <span class='ocrx_word' id='word_1_550' title='bbox 2621 3414 2675 3460; x_wconf 88' lang='lat' dir='ltr'><strong>et</strong></span> <span class='ocrx_word' id='word_1_551' title='bbox 2721 3405 2925 3460; x_wconf 89' lang='lat' dir='ltr'><strong>divitiis</strong></span> <span class='ocrx_word' id='word_1_552' title='bbox 2963 3405 3283 3476; x_wconf 89' lang='lat' dir='ltr'><strong>opulentum</strong></span> 
     </span>
    </p>
   </div>
   <div class='ocr_carea' id='block_1_80' title="bbox 1688 3495 3280 3578">
    <p class='ocr_par' dir='ltr' id='par_1_80' title="bbox 1688 3495 3280 3578">
     <span class='ocr_line' id='line_1_81' title="bbox 1688 3495 3280 3578; baseline -0.009 -14"><span class='ocrx_word' id='word_1_553' title='bbox 1688 3517 1743 3563; x_wconf 87' lang='lat' dir='ltr'><strong>et</strong></span> <span class='ocrx_word' id='word_1_554' title='bbox 1793 3505 2080 3578; x_wconf 86' lang='lat' dir='ltr'><strong>cujusdam</strong></span> <span class='ocrx_word' id='word_1_555' title='bbox 2139 3503 2433 3560; x_wconf 88' lang='lat' dir='ltr'><strong>comitatus</strong></span> <span class='ocrx_word' id='word_1_556' title='bbox 2496 3499 2713 3570; x_wconf 87' lang='lat' dir='ltr'><strong>capud,</strong></span> <span class='ocrx_word' id='word_1_557' title='bbox 2759 3497 2968 3553; x_wconf 89' lang='lat' dir='ltr'><strong>scilicet</strong></span> <span class='ocrx_word' id='word_1_558' title='bbox 3016 3495 3280 3550; x_wconf 85' lang='lat' dir='ltr'><strong>Stanfort.</strong></span> 
     </span>
    </p>
   </div>
   <div class='ocr_carea' id='block_1_81' title="bbox 1688 3586 3281 3655">
    <p class='ocr_par' dir='ltr' id='par_1_81' title="bbox 1688 3586 3281 3655">
     <span class='ocr_line' id='line_1_82' title="bbox 1688 3586 3281 3655; baseline -0.011 1"><span class='ocrx_word' id='word_1_559' title='bbox 1688 3600 1847 3655; x_wconf 86' lang='lat' dir='ltr'><strong>Circa</strong></span> <span class='ocrx_word' id='word_1_560' title='bbox 1876 3599 2037 3653; x_wconf 88' lang='lat' dir='ltr'><strong>ﬁnem</strong></span> <span class='ocrx_word' id='word_1_561' title='bbox 2065 3594 2193 3652; x_wconf 84' lang='lat' dir='ltr'><strong>Julii</strong></span> <span class='ocrx_word' id='word_1_562' title='bbox 2228 3592 2435 3650; x_wconf 85' lang='lat' dir='ltr'><strong>mensis</strong></span> <span class='ocrx_word' id='word_1_563' title='bbox 2468 3589 2781 3646; x_wconf 88' lang='lat' dir='ltr'><strong>Ludovicus</strong></span> <span class='ocrx_word' id='word_1_564' title='bbox 2803 3604 2897 3642; x_wconf 89' lang='lat' dir='ltr'><strong>rex</strong></span> <span class='ocrx_word' id='word_1_565' title='bbox 2921 3586 3281 3651; x_wconf 85' lang='lat' dir='ltr'><strong>Francorum,</strong></span> 
     </span>
    </p>
   </div>
   <div class='ocr_carea' id='block_1_82' title="bbox 1690 3679 3281 3766">
    <p class='ocr_par' dir='ltr' id='par_1_82' title="bbox 1690 3679 3281 3766">
     <span class='ocr_line' id='line_1_83' title="bbox 1690 3679 3281 3766; baseline -0.011 -16"><span class='ocrx_word' id='word_1_566' title='bbox 1690 3707 2029 3766; x_wconf 84' lang='lat' dir='ltr'><strong>congregans</strong></span> <span class='ocrx_word' id='word_1_567' title='bbox 2055 3688 2357 3745; x_wconf 84' lang='lat' dir='ltr'><strong>maximum</strong></span> <span class='ocrx_word' id='word_1_568' title='bbox 2387 3684 2689 3746; x_wconf 87' lang='lat' dir='ltr'><strong>exercitum</strong></span> <span class='ocrx_word' id='word_1_569' title='bbox 2720 3697 2788 3737; x_wconf 88' lang='lat' dir='ltr'><strong>ex</strong></span> <span class='ocrx_word' id='word_1_570' title='bbox 2834 3679 2984 3735; x_wconf 91' lang='lat' dir='ltr'><strong>omni</strong></span> <span class='ocrx_word' id='word_1_571' title='bbox 3015 3684 3281 3749; x_wconf 88' lang='lat' dir='ltr'><strong>potestate</strong></span> 
     </span>
    </p>
   </div>
   <div class='ocr_carea' id='block_1_83' title="bbox 1691 3769 3272 3855">
    <p class='ocr_par' dir='ltr' id='par_1_83' title="bbox 1691 3769 3272 3855">
     <span class='ocr_line' id='line_1_84' title="bbox 1691 3769 3272 3855; baseline -0.015 -10"><span class='ocrx_word' id='word_1_572' title='bbox 1691 3805 1813 3855; x_wconf 89' lang='lat' dir='ltr'><strong>sua,</strong></span> <span class='ocrx_word' id='word_1_573' title='bbox 1862 3784 2075 3841; x_wconf 78' lang='lat' dir='ltr'><strong>obsedit</strong></span> <span class='ocrx_word' id='word_1_574' title='bbox 2131 3792 2376 3837; x_wconf 87' lang='lat' dir='ltr'><strong>castrum</strong></span> <span class='ocrx_word' id='word_1_575' title='bbox 2425 3774 2695 3833; x_wconf 79' lang='lat' dir='ltr'><strong>Vernonis</strong></span> <span class='ocrx_word' id='word_1_576' title='bbox 2736 3772 2848 3829; x_wconf 87' lang='lat' dir='ltr'><strong>fere</strong></span> <span class='ocrx_word' id='word_1_577' title='bbox 2892 3786 2989 3842; x_wconf 91' lang='lat' dir='ltr'><strong>per</strong></span> <span class='ocrx_word' id='word_1_578' title='bbox 3034 3770 3101 3823; x_wconf 75' lang='grc'><strong>15</strong></span> <span class='ocrx_word' id='word_1_579' title='bbox 3137 3769 3272 3825; x_wconf 83' lang='lat' dir='ltr'><strong>dies.</strong></span> 
     </span>
    </p>
   </div>
   <div class='ocr_carea' id='block_1_84' title="bbox 1690 3863 3278 3950">
    <p class='ocr_par' dir='ltr' id='par_1_84' title="bbox 1690 3863 3278 3950">
     <span class='ocr_line' id='line_1_85' title="bbox 1690 3863 3278 3950; baseline -0.013 -14"><span class='ocrx_word' id='word_1_580' title='bbox 1690 3881 1938 3950; x_wconf 85' lang='lat' dir='ltr'><strong>Ctunque</strong></span> <span class='ocrx_word' id='word_1_581' title='bbox 1972 3875 2142 3932; x_wconf 84' lang='lat' dir='ltr'><strong>nichil</strong></span> <span class='ocrx_word' id='word_1_582' title='bbox 2172 3872 2457 3945; x_wconf 84' lang='lat' dir='ltr'><strong>proﬁceret</strong></span> <span class='ocrx_word' id='word_1_583' title='bbox 2491 3885 2590 3925; x_wconf 91' lang='lat' dir='ltr'><strong>nec</strong></span> <span class='ocrx_word' id='word_1_584' title='bbox 2621 3866 2827 3923; x_wconf 89' lang='lat' dir='ltr'><strong>crebris</strong></span> <span class='ocrx_word' id='word_1_585' title='bbox 2853 3863 3152 3920; x_wconf 80' lang='lat' dir='ltr'><strong>assultibus</strong></span> <span class='ocrx_word' id='word_1_586' title='bbox 3178 3877 3278 3916; x_wconf 89' lang='lat' dir='ltr'><strong>nec</strong></span> 
     </span>
    </p>
   </div>
   <div class='ocr_carea' id='block_1_85' title="bbox 1690 3956 3282 4031">
    <p class='ocr_par' dir='ltr' id='par_1_85' title="bbox 1690 3956 3282 4031">
     <span class='ocr_line' id='line_1_86' title="bbox 1690 3956 3282 4031; baseline -0.015 -3"><span class='ocrx_word' id='word_1_587' title='bbox 1690 3970 1923 4029; x_wconf 85' lang='lat' dir='ltr'><strong>diversis</strong></span> <span class='ocrx_word' id='word_1_588' title='bbox 1964 3966 2254 4031; x_wconf 87' lang='lat' dir='ltr'><strong>machinis,</strong></span> <span class='ocrx_word' id='word_1_589' title='bbox 2289 3970 2343 4018; x_wconf 91' lang='lat' dir='ltr'><strong>ct</strong></span> <span class='ocrx_word' id='word_1_590' title='bbox 2379 3976 2565 4018; x_wconf 90' lang='lat' dir='ltr'><strong>comes</strong></span> <span class='ocrx_word' id='word_1_591' title='bbox 2606 3956 2964 4021; x_wconf 85' lang='lat' dir='ltr'><strong>Morinorum,</strong></span> <span class='ocrx_word' id='word_1_592' title='bbox 2992 3967 3133 4024; x_wconf 90' lang='lat' dir='ltr'><strong>quos</strong></span> <span class='ocrx_word' id='word_1_593' title='bbox 3167 3966 3282 4005; x_wconf 89' lang='lat' dir='ltr'><strong>mo—</strong></span> 
     </span>
    </p>
   </div>
   <div class='ocr_carea' id='block_1_86' title="bbox 1690 4043 3281 4123">
    <p class='ocr_par' dir='ltr' id='par_1_86' title="bbox 1690 4043 3281 4123">
     <span class='ocr_line' id='line_1_87' title="bbox 1690 4043 3281 4123; baseline -0.017 -1"><span class='ocrx_word' id='word_1_594' title='bbox 1690 4065 1845 4122; x_wconf 87' lang='lat' dir='ltr'><strong>derui</strong></span> <span class='ocrx_word' id='word_1_595' title='bbox 1874 4062 2139 4118; x_wconf 87' lang='lat' dir='ltr'><strong>Flandros</strong></span> <span class='ocrx_word' id='word_1_596' title='bbox 2165 4058 2472 4122; x_wconf 89' lang='lat' dir='ltr'><strong>nominant,</strong></span> <span class='ocrx_word' id='word_1_597' title='bbox 2508 4055 2562 4108; x_wconf 90' lang='lat' dir='ltr'><strong>in</strong></span> <span class='ocrx_word' id='word_1_598' title='bbox 2590 4051 2750 4123; x_wconf 91' lang='lat' dir='ltr'><strong>cujus</strong></span> <span class='ocrx_word' id='word_1_599' title='bbox 2777 4045 3065 4119; x_wconf 89' lang='lat' dir='ltr'><strong>multiplici</strong></span> <span class='ocrx_word' id='word_1_600' title='bbox 3091 4043 3281 4098; x_wconf 68' lang='lat' dir='ltr'><strong>militia</strong></span> 
     </span>
    </p>
   </div>
   <div class='ocr_carea' id='block_1_87' title="bbox 1693 4141 3279 4214">
    <p class='ocr_par' dir='ltr' id='par_1_87' title="bbox 1693 4141 3279 4214">
     <span class='ocr_line' id='line_1_88' title="bbox 1693 4141 3279 4214; baseline -0.016 -1"><span class='ocrx_word' id='word_1_601' title='bbox 1693 4174 1788 4213; x_wconf 88' lang='lat' dir='ltr'><strong>rex</strong></span> <span class='ocrx_word' id='word_1_602' title='bbox 1818 4155 2054 4210; x_wconf 87' lang='lat' dir='ltr'><strong>maxime</strong></span> <span class='ocrx_word' id='word_1_603' title='bbox 2094 4150 2419 4214; x_wconf 84' lang='lat' dir='ltr'><strong>conﬁdebat,</strong></span> <span class='ocrx_word' id='word_1_604' title='bbox 2465 4146 2625 4201; x_wconf 87' lang='lat' dir='ltr'><strong>vellet</strong></span> <span class='ocrx_word' id='word_1_605' title='bbox 2670 4141 2996 4197; x_wconf 89' lang='lat' dir='ltr'><strong>discedere:</strong></span> <span class='ocrx_word' id='word_1_606' title='bbox 3038 4152 3105 4191; x_wconf 91' lang='lat' dir='ltr'><strong>ne</strong></span> <span class='ocrx_word' id='word_1_607' title='bbox 3152 4151 3279 4205; x_wconf 91' lang='lat' dir='ltr'><strong>pre-</strong></span> 
     </span>
    </p>
   </div>
   <div class='ocr_carea' id='block_1_88' title="bbox 1692 4230 3287 4317">
    <p class='ocr_par' dir='ltr' id='par_1_88' title="bbox 1692 4230 3287 4317">
     <span class='ocr_line' id='line_1_89' title="bbox 1692 4230 3287 4317; baseline -0.016 -12"><span class='ocrx_word' id='word_1_608' title='bbox 1692 4250 1871 4305; x_wconf 89' lang='lat' dir='ltr'><strong>dictus</strong></span> <span class='ocrx_word' id='word_1_609' title='bbox 1896 4263 1988 4303; x_wconf 83' lang='lat' dir='ltr'><strong>rex</strong></span> <span class='ocrx_word' id='word_1_610' title='bbox 2017 4244 2284 4317; x_wconf 86' lang='lat' dir='ltr'><strong>inglorius</strong></span> <span class='ocrx_word' id='word_1_611' title='bbox 2317 4240 2611 4303; x_wconf 79' lang='lat' dir='ltr'><strong>recederet,</strong></span> <span class='ocrx_word' id='word_1_612' title='bbox 2637 4236 2685 4291; x_wconf 93' lang='lat' dir='ltr'><strong>si</strong></span> <span class='ocrx_word' id='word_1_613' title='bbox 2707 4234 2935 4290; x_wconf 89' lang='lat' dir='ltr'><strong>omnino</strong></span> <span class='ocrx_word' id='word_1_614' title='bbox 2965 4230 3134 4285; x_wconf 84' lang='lat' dir='ltr'><strong>nichil</strong></span> <span class='ocrx_word' id='word_1_615' title='bbox 3157 4242 3287 4298; x_wconf 87' lang='lat' dir='ltr'><strong>pro-</strong></span> 
     </span>
    </p>
   </div>
   <div class='ocr_carea' id='block_1_89' title="bbox 1695 4319 3287 4411">
    <p class='ocr_par' dir='ltr' id='par_1_89' title="bbox 1695 4319 3287 4411">
     <span class='ocr_line' id='line_1_90' title="bbox 1695 4319 3287 4411; baseline -0.014 -14"><span class='ocrx_word' id='word_1_616' title='bbox 1695 4341 1934 4406; x_wconf 88' lang='lat' dir='ltr'><strong>fecisset,</strong></span> <span class='ocrx_word' id='word_1_617' title='bbox 1978 4338 2088 4411; x_wconf 90' lang='lat' dir='ltr'><strong>egit</strong></span> <span class='ocrx_word' id='word_1_618' title='bbox 2128 4334 2352 4392; x_wconf 86' lang='lat' dir='ltr'><strong>sccrctis</strong></span> <span class='ocrx_word' id='word_1_619' title='bbox 2400 4327 2857 4388; x_wconf 88' lang='lat' dir='ltr'><strong>conventionibus</strong></span> <span class='ocrx_word' id='word_1_620' title='bbox 2903 4333 2955 4380; x_wconf 90' lang='lat' dir='ltr'><strong>et</strong></span> <span class='ocrx_word' id='word_1_621' title='bbox 2997 4319 3287 4394; x_wconf 82' lang='lat' dir='ltr'><strong>promissis</strong></span> 
     </span>
    </p>
   </div>
   <div class='ocr_carea' id='block_1_90' title="bbox 1694 4417 3286 4491">
    <p class='ocr_par' dir='ltr' id='par_1_90' title="bbox 1694 4417 3286 4491">
     <span class='ocr_line' id='line_1_91' title="bbox 1694 4417 3286 4491; baseline -0.013 -1"><span class='ocrx_word' id='word_1_622' title='bbox 1694 4451 1820 4490; x_wconf 89' lang='lat' dir='ltr'><strong>cum</strong></span> <span class='ocrx_word' id='word_1_623' title='bbox 1858 4431 2091 4488; x_wconf 84' lang='lat' dir='ltr'><strong>Ricardo</strong></span> <span class='ocrx_word' id='word_1_624' title='bbox 2134 4430 2200 4484; x_wconf 88' lang='lat' dir='ltr'><strong>de</strong></span> <span class='ocrx_word' id='word_1_625' title='bbox 2236 4428 2521 4491; x_wconf 79' lang='lat' dir='ltr'><strong>Vernone,</strong></span> <span class='ocrx_word' id='word_1_626' title='bbox 2545 4433 2606 4479; x_wconf 92' lang='lat' dir='ltr'><strong>ut</strong></span> <span class='ocrx_word' id='word_1_627' title='bbox 2636 4422 2828 4479; x_wconf 90' lang='lat' dir='ltr'><strong>saltem</strong></span> <span class='ocrx_word' id='word_1_628' title='bbox 2861 4420 3118 4473; x_wconf 84' lang='lat' dir='ltr'><strong>vexillum</strong></span> <span class='ocrx_word' id='word_1_629' title='bbox 3165 4417 3286 4484; x_wconf 86' lang='lat' dir='ltr'><strong>ejus</strong></span> 
     </span>
    </p>
   </div>
   <div class='ocr_carea' id='block_1_91' title="bbox 121 4507 3285 4594">
    <p class='ocr_par' dir='ltr' id='par_1_91' title="bbox 121 4507 3285 4594">
     <span class='ocr_line' id='line_1_92' title="bbox 121 4507 3285 4594; baseline -0.003 -25"><span class='ocrx_word' id='word_1_630' title='bbox 121 4512 343 4579; x_wconf 72' lang='lat' dir='ltr'><strong>Henricus</strong></span> <span class='ocrx_word' id='word_1_631' title='bbox 406 4526 512 4582; x_wconf 87' lang='lat' dir='ltr'><strong>dux</strong></span> <span class='ocrx_word' id='word_1_632' title='bbox 573 4525 1015 4583; x_wconf 84' lang='lat' dir='ltr'><strong>Normannorum</strong></span> <span class='ocrx_word' id='word_1_633' title='bbox 1076 4526 1295 4582; x_wconf 87' lang='lat' dir='ltr'><strong>obsedit</strong></span> <span class='ocrx_word' id='word_1_634' title='bbox 1347 4533 1590 4581; x_wconf 89' lang='lat' dir='ltr'><strong>castrum</strong></span> <span class='ocrx_word' id='word_1_635' title='bbox 1625 4541 1669 4594; x_wconf 81' lang='grc' dir='ltr'><strong>ι)</strong></span> <span class='ocrx_word' id='word_1_636' title='bbox 1700 4528 1757 4584; x_wconf 88' lang='lat' dir='ltr'><strong>in</strong></span> <span class='ocrx_word' id='word_1_637' title='bbox 1792 4536 1941 4581; x_wconf 91' lang='lat' dir='ltr'><strong>turre</strong></span> <span class='ocrx_word' id='word_1_638' title='bbox 1972 4525 2266 4588; x_wconf 87' lang='lat' dir='ltr'><strong>levaretur,</strong></span> <span class='ocrx_word' id='word_1_639' title='bbox 2294 4529 2349 4575; x_wconf 91' lang='lat' dir='ltr'><strong>et</strong></span> <span class='ocrx_word' id='word_1_640' title='bbox 2376 4518 2564 4573; x_wconf 90' lang='lat' dir='ltr'><strong>eadem</strong></span> <span class='ocrx_word' id='word_1_641' title='bbox 2595 4514 2765 4570; x_wconf 90' lang='lat' dir='ltr'><strong>turris</strong></span> <span class='ocrx_word' id='word_1_642' title='bbox 2804 4512 2991 4569; x_wconf 84' lang='lat' dir='ltr'><strong>Goello</strong></span> <span class='ocrx_word' id='word_1_643' title='bbox 3025 4510 3136 4563; x_wconf 88' lang='lat' dir='ltr'><strong>ﬁlio</strong></span> <span class='ocrx_word' id='word_1_644' title='bbox 3160 4507 3285 4560; x_wconf 83' lang='lat' dir='ltr'><strong>Bal-</strong></span> 
     </span>
    </p>
   </div>
   <div class='ocr_carea' id='block_1_92' title="bbox 74 4600 1584 4691">
    <p class='ocr_par' dir='ltr' id='par_1_92' title="bbox 74 4600 1584 4691">
     <span class='ocr_line' id='line_1_93' title="bbox 74 4600 1584 4691; baseline 0.014 -39"><span class='ocrx_word' id='word_1_645' title='bbox 74 4600 383 4684; x_wconf 81' lang='lat' dir='ltr'><strong>Cravemense,</strong></span> <span class='ocrx_word' id='word_1_646' title='bbox 413 4620 559 4689; x_wconf 83' lang='lat' dir='ltr'><strong>quod</strong></span> <span class='ocrx_word' id='word_1_647' title='bbox 586 4636 679 4674; x_wconf 90' lang='lat' dir='ltr'><strong>rex</strong></span> <span class='ocrx_word' id='word_1_648' title='bbox 718 4618 1031 4691; x_wconf 90' lang='lat' dir='ltr'><strong>Stephanus</strong></span> <span class='ocrx_word' id='word_1_649' title='bbox 1055 4618 1258 4675; x_wconf 87' lang='lat' dir='ltr'><strong>fecerat</strong></span> <span class='ocrx_word' id='word_1_650' title='bbox 1282 4619 1425 4674; x_wconf 87' lang='lat' dir='ltr'><strong>haud</strong></span> <span class='ocrx_word' id='word_1_651' title='bbox 1454 4634 1584 4691; x_wconf 89' lang='lat' dir='ltr'><strong>pro-</strong></span> 
     </span>
    </p>
   </div>
   <div class='ocr_carea' id='block_1_93' title="bbox 76 4697 1586 4784">
    <p class='ocr_par' dir='ltr' id='par_1_93' title="bbox 76 4697 1586 4784">
     <span class='ocr_line' id='line_1_94' title="bbox 76 4697 1586 4784; baseline 0.011 -34"><span class='ocrx_word' id='word_1_652' title='bbox 76 4697 135 4751; x_wconf 72' lang='lat' dir='ltr'><strong>cul</strong></span> <span class='ocrx_word' id='word_1_653' title='bbox 161 4716 185 4756; x_wconf 87' lang='lat' dir='ltr'><strong>a</strong></span> <span class='ocrx_word' id='word_1_654' title='bbox 213 4701 587 4783; x_wconf 77' lang='lat' dir='ltr'><strong>Warengefort,</strong></span> <span class='ocrx_word' id='word_1_655' title='bbox 638 4713 899 4784; x_wconf 86' lang='lat' dir='ltr'><strong>quatinus</strong></span> <span class='ocrx_word' id='word_1_656' title='bbox 937 4714 1137 4769; x_wconf 88' lang='lat' dir='ltr'><strong>milites</strong></span> <span class='ocrx_word' id='word_1_657' title='bbox 1177 4713 1356 4779; x_wconf 90' lang='lat' dir='ltr'><strong>ducis,</strong></span> <span class='ocrx_word' id='word_1_658' title='bbox 1397 4711 1491 4783; x_wconf 93' lang='lat' dir='ltr'><strong>qui</strong></span> <span class='ocrx_word' id='word_1_659' title='bbox 1530 4713 1586 4766; x_wconf 88' lang='lat' dir='ltr'><strong>in</strong></span> 
     </span>
    </p>
   </div>
   <div class='ocr_carea' id='block_1_94' title="bbox 76 4793 1587 4877">
    <p class='ocr_par' dir='ltr' id='par_1_94' title="bbox 76 4793 1587 4877">
     <span class='ocr_line' id='line_1_95' title="bbox 76 4793 1587 4877; baseline 0.003 -22"><span class='ocrx_word' id='word_1_660' title='bbox 76 4793 258 4855; x_wconf 71' lang='lat' dir='ltr'><strong>Pretiicto</strong></span> <span class='ocrx_word' id='word_1_661' title='bbox 292 4812 464 4860; x_wconf 69' lang='lat' dir='ltr'><strong>castro</strong></span> <span class='ocrx_word' id='word_1_662' title='bbox 515 4815 694 4874; x_wconf 91' lang='lat' dir='ltr'><strong>erant,</strong></span> <span class='ocrx_word' id='word_1_663' title='bbox 750 4822 779 4861; x_wconf 89' lang='lat' dir='ltr'><strong>a</strong></span> <span class='ocrx_word' id='word_1_664' title='bbox 831 4806 1067 4862; x_wconf 90' lang='lat' dir='ltr'><strong>transitu</strong></span> <span class='ocrx_word' id='word_1_665' title='bbox 1117 4805 1301 4877; x_wconf 87' lang='lat' dir='ltr'><strong>pontis</strong></span> <span class='ocrx_word' id='word_1_666' title='bbox 1347 4804 1587 4861; x_wconf 88' lang='lat' dir='ltr'><strong>Tamisie</strong></span> 
     </span>
    </p>
   </div>
   <div class='ocr_carea' id='block_1_95' title="bbox 78 4883 1585 4969">
    <p class='ocr_par' dir='ltr' id='par_1_95' title="bbox 78 4883 1585 4969">
     <span class='ocr_line' id='line_1_96' title="bbox 78 4883 1585 4969; baseline 0.005 -25"><span class='ocrx_word' id='word_1_667' title='bbox 78 4883 336 4947; x_wconf 75' lang='lat' dir='ltr'><strong>Prohiberet.</strong></span> <span class='ocrx_word' id='word_1_668' title='bbox 368 4893 536 4967; x_wconf 87' lang='lat' dir='ltr'><strong>Capto</strong></span> <span class='ocrx_word' id='word_1_669' title='bbox 578 4914 678 4969; x_wconf 92' lang='lat' dir='ltr'><strong>pro</strong></span> <span class='ocrx_word' id='word_1_670' title='bbox 708 4898 904 4968; x_wconf 88' lang='lat' dir='ltr'><strong>majori</strong></span> <span class='ocrx_word' id='word_1_671' title='bbox 944 4908 1096 4969; x_wconf 90' lang='lat' dir='ltr'><strong>parte</strong></span> <span class='ocrx_word' id='word_1_672' title='bbox 1135 4899 1360 4953; x_wconf 88' lang='lat' dir='ltr'><strong>castello</strong></span> <span class='ocrx_word' id='word_1_673' title='bbox 1386 4897 1585 4953; x_wconf 87' lang='lat' dir='ltr'><strong>Crave—</strong></span> 
     </span>
    </p>
   </div>
   <div class='ocr_carea' id='block_1_96' title="bbox 78 4982 1583 5065">
    <p class='ocr_par' dir='ltr' id='par_1_96' title="bbox 78 4982 1583 5065">
     <span class='ocr_line' id='line_1_97' title="bbox 78 4982 1583 5065; baseline 0.003 -27"><span class='ocrx_word' id='word_1_674' title='bbox 78 4982 231 5065; x_wconf 54' lang='lat' dir='ltr'><strong>mense,</strong></span> <span class='ocrx_word' id='word_1_675' title='bbox 252 4998 362 5039; x_wconf 91' lang='lat' dir='ltr'><strong>cum</strong></span> <span class='ocrx_word' id='word_1_676' title='bbox 389 5004 482 5044; x_wconf 89' lang='lat' dir='ltr'><strong>rex</strong></span> <span class='ocrx_word' id='word_1_677' title='bbox 508 4988 822 5060; x_wconf 89' lang='lat' dir='ltr'><strong>Stephanus</strong></span> <span class='ocrx_word' id='word_1_678' title='bbox 858 4989 948 5045; x_wconf 91' lang='lat' dir='ltr'><strong>illo</strong></span> <span class='ocrx_word' id='word_1_679' title='bbox 972 4989 1433 5061; x_wconf 89' lang='lat' dir='ltr'><strong>appropinquaret</strong></span> <span class='ocrx_word' id='word_1_680' title='bbox 1458 5005 1583 5045; x_wconf 89' lang='lat' dir='ltr'><strong>cum</strong></span> 
     </span>
    </p>
   </div>
   <div class='ocr_carea' id='block_1_97' title="bbox 79 5071 1583 5162">
    <p class='ocr_par' dir='ltr' id='par_1_97' title="bbox 79 5071 1583 5162">
     <span class='ocr_line' id='line_1_98' title="bbox 79 5071 1583 5162; baseline 0.01 -41"><span class='ocrx_word' id='word_1_681' title='bbox 79 5075 154 5162; x_wconf 44' lang='lat' dir='ltr'><strong>lien</strong></span> <span class='ocrx_word' id='word_1_682' title='bbox 173 5071 313 5131; x_wconf 92' lang='lat' dir='ltr'><strong>nimio</strong></span> <span class='ocrx_word' id='word_1_683' title='bbox 340 5090 598 5151; x_wconf 87' lang='lat' dir='ltr'><strong>apparatu</strong></span> <span class='ocrx_word' id='word_1_684' title='bbox 632 5082 845 5150; x_wconf 86' lang='lat' dir='ltr'><strong>bellico,</strong></span> <span class='ocrx_word' id='word_1_685' title='bbox 881 5092 939 5137; x_wconf 91' lang='lat' dir='ltr'><strong>ut</strong></span> <span class='ocrx_word' id='word_1_686' title='bbox 975 5083 1091 5139; x_wconf 88' lang='lat' dir='ltr'><strong>suis</strong></span> <span class='ocrx_word' id='word_1_687' title='bbox 1120 5082 1419 5138; x_wconf 80' lang='lat' dir='ltr'><strong>secundum</strong></span> <span class='ocrx_word' id='word_1_688' title='bbox 1450 5098 1583 5138; x_wconf 88' lang='lat' dir='ltr'><strong>con-</strong></span> 
     </span>
    </p>
   </div>
   <div class='ocr_carea' id='block_1_98' title="bbox 78 5150 1588 5245">
    <p class='ocr_par' dir='ltr' id='par_1_98' title="bbox 78 5150 1588 5245">
     <span class='ocr_line' id='line_1_99' title="bbox 78 5150 1588 5245; baseline 0.009 -33"><span class='ocrx_word' id='word_1_689' title='bbox 78 5150 229 5216; x_wconf 69' lang='lat' dir='ltr'><strong>dlt&#39;lutn</strong></span> <span class='ocrx_word' id='word_1_690' title='bbox 250 5168 563 5241; x_wconf 86' lang='lat' dir='ltr'><strong>subveniret,</strong></span> <span class='ocrx_word' id='word_1_691' title='bbox 590 5173 701 5229; x_wconf 87' lang='lat' dir='ltr'><strong>dux</strong></span> <span class='ocrx_word' id='word_1_692' title='bbox 728 5174 1052 5245; x_wconf 88' lang='lat' dir='ltr'><strong>intrepidus,</strong></span> <span class='ocrx_word' id='word_1_693' title='bbox 1086 5190 1185 5229; x_wconf 90' lang='lat' dir='ltr'><strong>nec</strong></span> <span class='ocrx_word' id='word_1_694' title='bbox 1211 5173 1469 5228; x_wconf 88' lang='lat' dir='ltr'><strong>deserens</strong></span> <span class='ocrx_word' id='word_1_695' title='bbox 1492 5173 1588 5225; x_wconf 81' lang='lat' dir='ltr'><strong>nl;-</strong></span> 
     </span>
    </p>
   </div>
   <div class='ocr_carea' id='block_1_99' title="bbox 1693 4594 3285 4676">
    <p class='ocr_par' dir='ltr' id='par_1_99' title="bbox 1693 4594 3285 4676">
     <span class='ocr_line' id='line_1_100' title="bbox 1693 4594 3285 4676; baseline -0.018 -1"><span class='ocrx_word' id='word_1_696' title='bbox 1693 4617 1830 4676; x_wconf 90' lang='lat' dir='ltr'><strong>drici</strong></span> <span class='ocrx_word' id='word_1_697' title='bbox 1860 4613 2218 4673; x_wconf 88' lang='lat' dir='ltr'><strong>custodienda</strong></span> <span class='ocrx_word' id='word_1_698' title='bbox 2254 4609 2710 4673; x_wconf 89' lang='lat' dir='ltr'><strong>committeretur,</strong></span> <span class='ocrx_word' id='word_1_699' title='bbox 2757 4603 2851 4674; x_wconf 89' lang='lat' dir='ltr'><strong>qui</strong></span> <span class='ocrx_word' id='word_1_700' title='bbox 2894 4600 3131 4669; x_wconf 87' lang='lat' dir='ltr'><strong>utrique,</strong></span> <span class='ocrx_word' id='word_1_701' title='bbox 3166 4594 3285 4666; x_wconf 82' lang='lat' dir='ltr'><strong>regi</strong></span> 
     </span>
    </p>
   </div>
   <div class='ocr_carea' id='block_1_100' title="bbox 1696 4688 3286 4765">
    <p class='ocr_par' dir='ltr' id='par_1_100' title="bbox 1696 4688 3286 4765">
     <span class='ocr_line' id='line_1_101' title="bbox 1696 4688 3286 4765; baseline -0.013 -1"><span class='ocrx_word' id='word_1_702' title='bbox 1696 4707 1904 4764; x_wconf 89' lang='lat' dir='ltr'><strong>scilicet</strong></span> <span class='ocrx_word' id='word_1_703' title='bbox 1957 4714 2012 4760; x_wconf 90' lang='lat' dir='ltr'><strong>ct</strong></span> <span class='ocrx_word' id='word_1_704' title='bbox 2057 4701 2311 4765; x_wconf 81' lang='lat' dir='ltr'><strong>Ricardo,</strong></span> <span class='ocrx_word' id='word_1_705' title='bbox 2359 4696 2625 4752; x_wconf 89' lang='lat' dir='ltr'><strong>beneﬁcio</strong></span> <span class='ocrx_word' id='word_1_706' title='bbox 2663 4692 2965 4750; x_wconf 87' lang='lat' dir='ltr'><strong>casamenti</strong></span> <span class='ocrx_word' id='word_1_707' title='bbox 3010 4688 3286 4743; x_wconf 84' lang='lat' dir='ltr'><strong>obnoxius</strong></span> 
     </span>
    </p>
   </div>
   <div class='ocr_carea' id='block_1_101' title="bbox 1694 4779 3288 4863">
    <p class='ocr_par' dir='ltr' id='par_1_101' title="bbox 1694 4779 3288 4863">
     <span class='ocr_line' id='line_1_102' title="bbox 1694 4779 3288 4863; baseline -0.015 -6"><span class='ocrx_word' id='word_1_708' title='bbox 1694 4810 1829 4856; x_wconf 89' lang='lat' dir='ltr'><strong>erat.</strong></span> <span class='ocrx_word' id='word_1_709' title='bbox 1862 4798 2048 4854; x_wconf 83' lang='lat' dir='ltr'><strong>Mense</strong></span> <span class='ocrx_word' id='word_1_710' title='bbox 2085 4790 2391 4863; x_wconf 90' lang='lat' dir='ltr'><strong>Septembri</strong></span> <span class='ocrx_word' id='word_1_711' title='bbox 2433 4805 2525 4843; x_wconf 89' lang='lat' dir='ltr'><strong>rex</strong></span> <span class='ocrx_word' id='word_1_712' title='bbox 2552 4786 2892 4841; x_wconf 88' lang='lat' dir='ltr'><strong>Francorum</strong></span> <span class='ocrx_word' id='word_1_713' title='bbox 2931 4799 3054 4838; x_wconf 77' lang='lat' dir='ltr'><strong>cum</strong></span> <span class='ocrx_word' id='word_1_714' title='bbox 3099 4779 3288 4850; x_wconf 90' lang='lat' dir='ltr'><strong>paucis</strong></span> 
     </span>
    </p>
   </div>
   <div class='ocr_carea' id='block_1_102' title="bbox 1697 4876 3283 4961">
    <p class='ocr_par' dir='ltr' id='par_1_102' title="bbox 1697 4876 3283 4961">
     <span class='ocr_line' id='line_1_103' title="bbox 1697 4876 3283 4961; baseline -0.016 -11"><span class='ocrx_word' id='word_1_715' title='bbox 1697 4895 1939 4960; x_wconf 88' lang='lat' dir='ltr'><strong>veniens,</strong></span> <span class='ocrx_word' id='word_1_716' title='bbox 1969 4901 2021 4949; x_wconf 87' lang='lat' dir='ltr'><strong>et</strong></span> <span class='ocrx_word' id='word_1_717' title='bbox 2049 4888 2207 4961; x_wconf 87' lang='lat' dir='ltr'><strong>quasi</strong></span> <span class='ocrx_word' id='word_1_718' title='bbox 2236 4887 2491 4950; x_wconf 86' lang='lat' dir='ltr'><strong>latenter,</strong></span> <span class='ocrx_word' id='word_1_719' title='bbox 2526 4877 2824 4936; x_wconf 84' lang='lat' dir='ltr'><strong>combuxit&#39;</strong></span> <span class='ocrx_word' id='word_1_720' title='bbox 2838 4876 3114 4948; x_wconf 83' lang='lat' dir='ltr'><strong>quandam</strong></span> <span class='ocrx_word' id='word_1_721' title='bbox 3155 4888 3283 4942; x_wconf 85' lang='lat' dir='ltr'><strong>par-</strong></span> 
     </span>
    </p>
   </div>
   <div class='ocr_carea' id='block_1_103' title="bbox 1694 4977 2281 5055">
    <p class='ocr_par' dir='ltr' id='par_1_103' title="bbox 1694 4977 2281 5055">
     <span class='ocr_line' id='line_1_104' title="bbox 1694 4977 2281 5055; baseline -0.019 -13"><span class='ocrx_word' id='word_1_722' title='bbox 1694 4995 1800 5042; x_wconf 85' lang='lat' dir='ltr'><strong>tem</strong></span> <span class='ocrx_word' id='word_1_723' title='bbox 1835 4983 1990 5055; x_wconf 86' lang='lat' dir='ltr'><strong>hurgi</strong></span> <span class='ocrx_word' id='word_1_724' title='bbox 2022 4977 2281 5036; x_wconf 88' lang='lat' dir='ltr'><strong>Vernolii.</strong></span> 
     </span>
    </p>
   </div>
   <div class='ocr_carea' id='block_1_104' title="bbox 1764 5060 3288 5136">
    <p class='ocr_par' dir='ltr' id='par_1_104' title="bbox 1764 5060 3288 5136">
     <span class='ocr_line' id='line_1_105' title="bbox 1764 5060 3288 5136; baseline -0.014 -2"><span class='ocrx_word' id='word_1_725' title='bbox 1764 5077 1982 5134; x_wconf 83' lang='lat' dir='ltr'><strong>Mortuo</strong></span> <span class='ocrx_word' id='word_1_726' title='bbox 2006 5073 2291 5129; x_wconf 89' lang='lat' dir='ltr'><strong>Willcrmo</strong></span> <span class='ocrx_word' id='word_1_727' title='bbox 2330 5070 2397 5125; x_wconf 88' lang='lat' dir='ltr'><strong>de</strong></span> <span class='ocrx_word' id='word_1_728' title='bbox 2439 5067 2638 5121; x_wconf 78' lang='lat' dir='ltr'><strong>Paccio</strong></span> <span class='ocrx_word' id='word_1_729' title='bbox 2675 5065 2885 5136; x_wconf 88' lang='lat' dir='ltr'><strong>absque</strong></span> <span class='ocrx_word' id='word_1_730' title='bbox 2920 5062 3129 5125; x_wconf 89' lang='lat' dir='ltr'><strong>liberis,</strong></span> <span class='ocrx_word' id='word_1_731' title='bbox 3165 5060 3288 5114; x_wconf 86' lang='lat' dir='ltr'><strong>red-</strong></span> 
     </span>
    </p>
   </div>
   <div class='ocr_carea' id='block_1_105' title="bbox 1695 5154 3285 5227">
    <p class='ocr_par' dir='ltr' id='par_1_105' title="bbox 1695 5154 3285 5227">
     <span class='ocr_line' id='line_1_106' title="bbox 1695 5154 3285 5227; baseline -0.014 0"><span class='ocrx_word' id='word_1_732' title='bbox 1695 5171 1867 5227; x_wconf 87' lang='lat' dir='ltr'><strong>ditum</strong></span> <span class='ocrx_word' id='word_1_733' title='bbox 1913 5177 1998 5225; x_wconf 89' lang='lat' dir='ltr'><strong>est</strong></span> <span class='ocrx_word' id='word_1_734' title='bbox 2031 5175 2273 5223; x_wconf 90' lang='lat' dir='ltr'><strong>castrum</strong></span> <span class='ocrx_word' id='word_1_735' title='bbox 2302 5161 2483 5217; x_wconf 87' lang='lat' dir='ltr'><strong>Paccii</strong></span> <span class='ocrx_word' id='word_1_736' title='bbox 2512 5159 2751 5214; x_wconf 79' lang='lat' dir='ltr'><strong>Roherto</strong></span> <span class='ocrx_word' id='word_1_737' title='bbox 2782 5159 2895 5212; x_wconf 92' lang='lat' dir='ltr'><strong>ﬁlio</strong></span> <span class='ocrx_word' id='word_1_738' title='bbox 2932 5154 3153 5211; x_wconf 81' lang='lat' dir='ltr'><strong>Roberti</strong></span> <span class='ocrx_word' id='word_1_739' title='bbox 3191 5168 3285 5206; x_wconf 92' lang='lat' dir='ltr'><strong>co—</strong></span> 
     </span>
    </p>
   </div>
   <div class='ocr_carea' id='block_1_106' title="bbox 1287 5259 1967 5317">
    <p class='ocr_par' dir='ltr' id='par_1_106' title="bbox 1287 5259 1967 5317">
     <span class='ocr_line' id='line_1_107' title="bbox 1287 5259 1967 5317; baseline 0 -2"><span class='ocrx_word' id='word_1_740' title='bbox 1287 5261 1516 5317; x_wconf 73' lang='lat' dir='ltr'><strong>VARl/E</strong></span> <span class='ocrx_word' id='word_1_741' title='bbox 1557 5259 1967 5317; x_wconf 79' lang='lat' dir='ltr'><strong>LECTIONES.</strong></span> 
     </span>
    </p>
   </div>
   <div class='ocr_carea' id='block_1_107' title="bbox 128 5335 3283 5439">
    <p class='ocr_par' dir='ltr' id='par_1_107' title="bbox 128 5335 3283 5439">
     <span class='ocr_line' id='line_1_108' title="bbox 128 5335 3283 5439; baseline -0.007 -30"><span class='ocrx_word' id='word_1_742' title='bbox 391 5353 539 5439; x_wconf 49' lang='lat' dir='ltr'><strong>addit</strong></span> <span class='ocrx_word' id='word_1_743' title='bbox 564 5371 580 5408; x_wconf 94' lang='lat'><strong><em>:</em></strong></span> <span class='ocrx_word' id='word_1_744' title='bbox 614 5355 774 5411; x_wconf 90' lang='lat' dir='ltr'><strong>Anno</strong></span> <span class='ocrx_word' id='word_1_745' title='bbox 815 5356 1052 5439; x_wconf 77' lang='lat' dir='ltr'><strong>presenti</strong></span> <span class='ocrx_word' id='word_1_746' title='bbox 1082 5364 1204 5439; x_wconf 88' lang='lat' dir='ltr'><strong>post</strong></span> <span class='ocrx_word' id='word_1_747' title='bbox 1235 5363 1588 5439; x_wconf 79' lang='lat' dir='ltr'><strong>pentecostcn</strong></span> <span class='ocrx_word' id='word_1_748' title='bbox 1619 5357 1785 5439; x_wconf 43' lang='lat' dir='ltr'><strong>venit.</strong></span> <span class='ocrx_word' id='word_1_749' title='bbox 1809 5352 2167 5439; x_wconf 49' lang='lat' dir='ltr'><strong>Savignejunt</strong></span> <span class='ocrx_word' id='word_1_750' title='bbox 2221 5346 2441 5439; x_wconf 58' lang='lat' dir='ltr'><strong>donups</strong></span> <span class='ocrx_word' id='word_1_751' title='bbox 2467 5336 2772 5439; x_wconf 62' lang='lat' dir='ltr'><strong>Gotsanus</strong></span> <span class='ocrx_word' id='word_1_752' title='bbox 2804 5342 2976 5439; x_wconf 55' lang='lat' dir='ltr'><strong>fibbas</strong></span> <span class='ocrx_word' id='word_1_753' title='bbox 3008 5335 3283 5439; x_wconf 44' lang='lat' dir='ltr'><strong>(iistercii,</strong></span> 
     </span>
    </p>
   </div>
   <div class='ocr_carea' id='block_1_108' title="bbox 82 5404 3281 5506">
    <p class='ocr_par' dir='ltr' id='par_1_108' title="bbox 82 5404 3281 5506">
     <span class='ocr_line' id='line_1_109' title="bbox 82 5404 3281 5506; baseline -0.003 -27"><span class='ocrx_word' id='word_1_754' title='bbox 82 5404 668 5506; x_wconf 52' lang='lat' dir='ltr'><strong>gffﬁllglqueﬁerlonem</strong></span> <span class='ocrx_word' id='word_1_755' title='bbox 702 5404 887 5506; x_wconf 60' lang='lat' dir='ltr'><strong>securo:</strong></span> <span class='ocrx_word' id='word_1_756' title='bbox 912 5404 1607 5506; x_wconf 35' lang='lat' dir='ltr'><strong>reduxit};electuswest</strong></span> <span class='ocrx_word' id='word_1_757' title='bbox 1633 5404 2318 5506; x_wconf 31' lang='lat' dir='ltr'><strong>iri-abbatem-Savigueii</strong></span> <span class='ocrx_word' id='word_1_758' title='bbox 2366 5418 2586 5506; x_wconf 65' lang='lat' dir='ltr'><strong>donnus</strong></span> <span class='ocrx_word' id='word_1_759' title='bbox 2621 5414 2891 5506; x_wconf 63' lang='lat' dir='ltr'><strong>liicardqs</strong></span> <span class='ocrx_word' id='word_1_760' title='bbox 2935 5412 3001 5466; x_wconf 91' lang='lat' dir='ltr'><strong>de</strong></span> <span class='ocrx_word' id='word_1_761' title='bbox 3028 5407 3281 5506; x_wconf 69' lang='lat' dir='ltr'><strong>Curceiq.</strong></span> 
     </span>
    </p>
   </div>
   <div class='ocr_carea' id='block_1_109' title="bbox 81 5482 3282 5568">
    <p class='ocr_par' dir='ltr' id='par_1_109' title="bbox 81 5482 3282 5568">
     <span class='ocr_line' id='line_1_110' title="bbox 81 5482 3282 5568; baseline -0.005 -21"><span class='ocrx_word' id='word_1_762' title='bbox 81 5482 266 5568; x_wconf 49' lang='grc' dir='ltr'><strong>ῗξῑξξξῑθεη</strong></span> <span class='ocrx_word' id='word_1_763' title='bbox 288 5482 503 5568; x_wconf 70' lang='lat' dir='ltr'><strong>ecclesie</strong></span> <span class='ocrx_word' id='word_1_764' title='bbox 542 5482 863 5562; x_wconf 88' lang='lat' dir='ltr'><strong>monachus,</strong></span> <span class='ocrx_word' id='word_1_765' title='bbox 906 5499 1000 5568; x_wconf 90' lang='lat' dir='ltr'><strong>qui</strong></span> <span class='ocrx_word' id='word_1_766' title='bbox 1034 5500 1089 5553; x_wconf 91' lang='lat' dir='ltr'><strong>in</strong></span> <span class='ocrx_word' id='word_1_767' title='bbox 1130 5482 1318 5554; x_wconf 78' lang='lat' dir='ltr'><strong>eadem</strong></span> <span class='ocrx_word' id='word_1_768' title='bbox 1358 5498 1576 5552; x_wconf 87' lang='lat' dir='ltr'><strong>abhatia</strong></span> <span class='ocrx_word' id='word_1_769' title='bbox 1611 5498 1667 5553; x_wconf 92' lang='lat' dir='ltr'><strong>iu</strong></span> <span class='ocrx_word' id='word_1_770' title='bbox 1703 5496 1991 5568; x_wconf 87' lang='lat' dir='ltr'><strong>prudentia</strong></span> <span class='ocrx_word' id='word_1_771' title='bbox 2014 5482 2392 5568; x_wconf 26' lang='lat' dir='ltr'><strong>ct‘honestatc</strong></span> <span class='ocrx_word' id='word_1_772' title='bbox 2425 5484 2899 5568; x_wconf 63' lang='lat' dir='ltr'><strong>ahadolescentia</strong></span> <span class='ocrx_word' id='word_1_773' title='bbox 2946 5487 3282 5568; x_wconf 68' lang='lat' dir='ltr'><strong>excreverat,</strong></span> 
     </span>
    </p>
   </div>
   <div class='ocr_carea' id='block_1_110' title="bbox 84 5549 3286 5640">
    <p class='ocr_par' dir='ltr' id='par_1_110' title="bbox 84 5549 3286 5640">
     <span class='ocr_line' id='line_1_111' title="bbox 84 5549 3286 5640; baseline -0.005 -21"><span class='ocrx_word' id='word_1_774' title='bbox 222 5556 350 5640; x_wconf 55' lang='lat' dir='ltr'><strong>inca</strong></span> <span class='ocrx_word' id='word_1_775' title='bbox 381 5565 468 5640; x_wconf 79' lang='lat' dir='ltr'><strong>diu</strong></span> <span class='ocrx_word' id='word_1_776' title='bbox 500 5549 1577 5640; x_wconf 45' lang='lat' dir='ltr'><strong>pi’i’dé’éii’iiééai‘;&quot;étiuriiﬁiinTO‘utn</strong></span> <span class='ocrx_word' id='word_1_777' title='bbox 1600 5549 1983 5626; x_wconf 56' lang='lat' dir='ltr'><strong>desiimus</strong></span> <span class='ocrx_word' id='word_1_778' title='bbox 2005 5549 2228 5637; x_wconf 88' lang='lat' dir='ltr'><strong>quintus</strong></span> <span class='ocrx_word' id='word_1_779' title='bbox 2259 5559 2431 5614; x_wconf 84' lang='lat' dir='ltr'><strong>abbas</strong></span> <span class='ocrx_word' id='word_1_780' title='bbox 2461 5553 2867 5619; x_wconf 86' lang='lat' dir='ltr'><strong>Cistcrcicnsis,</strong></span> <span class='ocrx_word' id='word_1_781' title='bbox 2900 5553 2987 5607; x_wconf 90' lang='lat' dir='ltr'><strong>cui</strong></span> <span class='ocrx_word' id='word_1_782' title='bbox 3019 5549 3286 5606; x_wconf 72' lang='lat' dir='ltr'><strong>successit</strong></span> 
     </span>
    </p>
   </div>
   <div class='ocr_carea' id='block_1_111' title="bbox 89 5611 543 5693">
    <p class='ocr_par' dir='ltr' id='par_1_111' title="bbox 89 5611 543 5693">
     <span class='ocr_line' id='line_1_112' title="bbox 89 5611 543 5693; baseline 0.059 -25"><span class='ocrx_word' id='word_1_783' title='bbox 89 5611 350 5687; x_wconf 68' lang='lat' dir='ltr'><strong>Laiubertus</strong></span> 
     </span>
    </p>
   </div>
   <div class='ocr_carea' id='block_1_112' title="bbox 1530 5728 1757 5787">
    <p class='ocr_par' dir='ltr' id='par_1_112' title="bbox 1530 5728 1757 5787">
     <span class='ocr_line' id='line_1_113' title="bbox 1530 5728 1757 5787; baseline -0.004 -3"><span class='ocrx_word' id='word_1_784' title='bbox 1530 5728 1757 5787; x_wconf 64' lang='lat' dir='ltr'><strong>NOTrE.</strong></span> 
     </span>
    </p>
   </div>
   <div class='ocr_carea' id='block_1_113' title="bbox 139 5810 1400 5893">
    <p class='ocr_par' dir='ltr' id='par_1_113' title="bbox 139 5810 1400 5893">
     <span class='ocr_line' id='line_1_114' title="bbox 139 5810 1400 5893; baseline -0.004 -15"><span class='ocrx_word' id='word_1_785' title='bbox 139 5810 252 5879; x_wconf 61' lang='grc' dir='ltr'><strong>ΜΤ)</strong></span> <span class='ocrx_word' id='word_1_786' title='bbox 313 5816 378 5876; x_wconf 67' lang='lat' dir='ltr'><strong>De</strong></span> <span class='ocrx_word' id='word_1_787' title='bbox 403 5824 574 5893; x_wconf 70' lang='lat' dir='ltr'><strong>Clara,</strong></span> <span class='ocrx_word' id='word_1_788' title='bbox 606 5825 752 5880; x_wconf 86' lang='lat' dir='ltr'><strong>ﬁlius</strong></span> <span class='ocrx_word' id='word_1_789' title='bbox 791 5823 1006 5878; x_wconf 72' lang='lat' dir='ltr'><strong>lticardi</strong></span> <span class='ocrx_word' id='word_1_790' title='bbox 1028 5822 1091 5877; x_wconf 82' lang='lat' dir='ltr'><strong>de</strong></span> <span class='ocrx_word' id='word_1_791' title='bbox 1118 5819 1400 5875; x_wconf 72' lang='lat' dir='ltr'><strong>liieufaite.</strong></span> 
     </span>
    </p>
   </div>
  </div>
