3982 6404
573 382 684 445 475

718 514 1067 559 IOIANOIW.

575 594 727 651 mitis
748 590 1111 665 Legeeestrie,
1143 588 1273 660 quia
1311 586 1618 659 pertinebat
1645 585 1715 640 ad
1744 587 2010 641 honorem
2041 584 2164 639 Bri-

574 689 694 745 lolii
740 686 914 751 (0l8),
958 682 1105 741 unde
1153 682 1243 737 ille
1268 688 1387 737 erat
1414 680 1688 754 legitimus
1730 678 1890 733 heres
1917 694 1983 733 ex
2010 686 2164 748 parte

574 789 771 837 matris
833 793 953 834 sue.
1014 772 1299 832 Discordia
1351 773 1496 828 inter
1560 771 1853 843 Symonem
1904 771 2163 826 comitem

574 868 964 928 Ebroicensem
995 875 1051 924 et
1069 866 1213 922 filios
1241 864 1481 923 Ascelini
1503 864 1695 930 Coelli,
1723 863 1932 919 scilicet
1952 870 2008 918 et
2028 861 2165 917 Wil-

572 966 810 1020 lermum
842 962 1130 1035 Lupellum
1153 967 1211 1015 et
1249 957 1546 1030 Rogerium
1582 956 1840 1024 Balbum;
1870 971 1979 1029 qua
2008 955 2164 1009 inva-

572 1057 837 1122 lescente,
872 1054 1159 1130 predictus.
1177 1066 1365 1110 comes
1397 1048 1510 1106 fere
1538 1056 1705 1103 totam
1737 1058 1937 1104 terram
1972 1061 2163 1103 eorum

571 1148 935 1217 depopulatus
976 1154 1082 1213 est,
1129 1145 1338 1215 absque
1384 1140 1734 1197 ﬁrmitatibus
1777 1138 1948 1211 (6l9).
1992 1137 2166 1194 Nonis

571 1238 807 1310 Augusti
835 1236 981 1294 facto
1010 1237 1256 1292 tonitruo
1276 1248 1477 1306 magno
1498 1232 1642 1288 circa
1664 1231 1985 1292 oceubitum
2009 1230 2163 1296 solis,

572 1328 781 1383 fulmen
808 1328 1004 1384 cecidit
1041 1328 1201 1384 Beeei
1231 1328 1286 1382 in
1311 1325 1626 1382 summitate
1647 1323 1850 1379 camini
1878 1322 2165 1393 cujusdam

572 1434 790 1474 eamere
834 1423 938 1475 site
985 1434 1151 1488 super
1194 1416 1635 1488 preterlluentem
1674 1430 1910 1485 aquam;
1941 1422 1997 1471 et
2021 1414 2163 1470 divi-

573 1513 710 1567 dens
736 1512 971 1567 eundem
995 1511 1295 1576 caminum,
1321 1508 1554 1565 mediam
1578 1516 1787 1578 partem
1806 1506 1926 1577 ejus
1945 1505 2162 1577 dejeeit,

573 1603 782 1673 reliqua
802 1603 1092 1658 medietate
1113 1610 1293 1657 stante
1313 1601 1404 1655 ⁸⁸⁸.
1428 1599 1622 1655 Mulier
1649 1599 1883 1671 quedam
1906 1599 2166 1670 religiosa

573 1695 643 1751 de
663 1694 943 1765 provincia
962 1693 1331 1760 Lothariensi,
1354 1693 1564 1748 habens
1586 1692 1840 1763 spiritum
1860 1691 2162 1762 prophetie,

575 1787 728 1841 misit
762 1786 972 1841 litteras
994 1785 1235 1855 capitulo
1260 1784 1612 1840 Cisterciensi
1641 1783 1797 1838 valde
1825 1784 2090 1837 obscuras
2111 1791 2164 1838 et

1214 510 1548 551 FRANCOBL’I.
1693 508 1995 551 ANCLOBUII.

573 1879 734 1952 quasi
759 1894 857 1949 per
881 1852 1314 1949 integulncntum
1338 1877 1653 1946 loquentes;
1678 1875 1732 1929 in
1756 1874 1957 1944 quibus
1978 1882 2160 1929 tamen
2196 1852 2238 1912 Β

573 1979 790 2040 poterat
819 1969 1204 2035 animadverti,
1237 1969 1382 2039 quod
1409 1967 1809 2038 aliquantulum
1836 1975 1891 2021 et
1919 1975 2164 2036 teporem

573 2062 783 2117 ordinis
812 2070 866 2117 et
903 2060 1080 2134 frigus
1124 2070 1341 2119 notaret
1383 2060 1652 2116 caritatis.
1699 2058 1811 2115 llee
1856 2058 2165 2131 predixerat

573 2152 820 2225 Eugenio
862 2169 1020 2225 pape,
1052 2154 1201 2228 quod
1231 2154 1382 2209 circa
1409 2162 1665 2209 octavum
1695 2168 1902 2207 annum
1945 2151 2031 2208 sui
2074 2166 2164 2207 sa-

573 2245 802 2301 cerdotii
825 2254 880 2301 et
908 2261 1099 2317 pacem
1122 2246 1411 2301 habiturus
1439 2253 1658 2301 essetet
1684 2245 1793 2302 vite
1818 2243 2003 2300 linem.
2031 2243 2165 2299 Ter—

572 2337 696 2393 cius
725 2336 1027 2395 Balduinus
1057 2354 1154 2394 rex
1182 2336 1683 2404 Jcrosolimitanus,
1720 2337 1892 2407 gratia
1918 2335 2015 2391 Dei
2041 2352 2165 2409 pre-

572 2437 845 2499 currentc,
868 2430 962 2485 ditt
984 2430 1241 2487 obsidens
1263 2429 1538 2486 civitatem
1563 2430 1911 2497 Ascalonem,
1944 2429 2162 2484 tandem

572 2516 716 2592 cepit
737 2536 880 2586 eam,
912 2531 966 2577 et
994 2521 1143 2577 dedit
1165 2537 1287 2582 eam
1318 2523 1596 2578 Amalrieo
1623 2520 1780 2579 fratri
1809 2538 1930 2589 suo,
1975 2521 2163 2579 comiti

570 2614 851 2686 Joppeusi.
881 2615 1151 2688 Rogerius
1174 2633 1281 2672 rex
1309 2616 1495 2673 Sicilie
1539 2632 1638 2687 per
1667 2617 2005 2673 ammiralios
2033 2631 2164 2671 suos

572 2711 719 2779 (epit
756 2708 1012 2764 Tonitam
1045 2709 1217 2783 (620),
1269 2710 1461 2766 urbem
1494 2710 1792 2765 maximam
1837 2710 1892 2765 in
1937 2708 2162 2767 All‘rica.

571 2798 1084 2855 Mortuoﬂicardo
1155 2801 1412 2873 epiSCOpo
1470 2800 1797 2856 Abrineensi
1852 2800 1907 2855 in
1970 2802 2164 2866 itinere

572 2892 776 2960 Rome,
822 2908 949 2948 eum
1004 2893 1136 2947 illuc
1186 2892 1519 2963 perrexisset
1569 2907 1737 2948 causa
1789 2893 2163 2949 altercationis

570 2984 806 3039 duorum
836 2984 1137 3039 electorum
1166 2985 1383 3040 abbatie
1422 2983 1622 3041 Montis
1655 2987 1830 3061 sancti
1860 2986 2159 3054 Michaelis,

573 3074 875 3133 llerbertus
896 3076 1213 3146 capellanus
1237 3077 1395 3149 ducis
1422 3075 1717 3132 Normanie
1741 3077 1918 3139 factus
1940 3088 2025 3133 est
2044 3077 2160 3148 cpi—

1755 374 2119 432 SIGEBERTI
2155 371 2682 432 GEMBLACENSIS

2189 495 2238 557 Α
2267 492 2334 549 Et
2352 494 2463 550 dux
2490 493 2724 566 benigne
2776 490 3070 559 concessit,
3102 501 3163 548 ut
3209 508 3301 549 rex
3360 501 3472 548 tota
3505 509 3608 549 sua
3641 494 3772 561 vita,
3801 500 3839 553 si

3746 379 3842 437 476

2264 586 2443 654 vellet,
2474 602 2702 659 regnum
2726 594 2933 641 teneret
2960 603 2975 653 ;
3006 585 3085 641 sic
3119 594 3323 650 tamen,
3353 594 3414 640 ut
3443 586 3498 640 in
3549 588 3843 656 presentia-

2264 696 2385 734 rum
2416 679 2532 750 ipse
2581 695 2675 735 rex
2705 686 2760 734 et
2805 678 3049 749 episcopi
3076 688 3130 733 et
3171 679 3338 735 ceteri
3381 686 3636 749 potentes
3666 696 3843 740 sacra-

2265 780 2450 827 mento
2482 772 2783 839 firmarent,
2812 772 2960 843 quod
3007 772 3115 828 dux
3158 779 3284 843 post
3330 784 3563 831 mortem
3604 775 3769 846 regis,
3800 775 3844 833 si

2265 864 2381 935 ipse
2407 879 2533 918 eum
2560 863 2951 934 superviveret,
2982 862 3208 934 pacifice
3256 872 3311 918 et
3342 864 3552 935 absque
3581 866 3846 921 contradi-

2264 956 2445 1013 ctione
2489 972 2718 1027 regnum
2775 956 3019 1011 haberet.
3060 954 3314 1012 Juratum
3363 964 3447 1013 est
3489 958 3679 1026 etiam,
3710 960 3848 1029 quod

2265 1049 2667 1120 possessiones,
2690 1064 2797 1119 que
2833 1048 3044 1119 direpte
3090 1057 3251 1104 erant
3291 1049 3361 1104 ab
3390 1049 3763 1118 invasoribus,
3786 1054 3877 1108 ad'

2265 1140 2521 1210 antiquos
2546 1151 2599 1194 et
2621 1138 2893 1210 legitimos
2923 1154 3273 1209 possessores
3294 1148 3705 1208 revocarentur,
3723 1157 3852 1212 quo-

2266 1248 2386 1285 rum
2418 1230 2635 1286 fuerant
2681 1240 2925 1303 tempore
2956 1230 3178 1288 Henrici
3213 1230 3403 1302 optimi
3440 1234 3629 1303 regis;
3677 1234 3745 1289 de
3767 1251 3851 1290 ca-

2265 1325 2438 1384 stellis
2462 1324 2649 1391 etiam,
2686 1340 2794 1395 que
2822 1332 2949 1396 post
2997 1334 3228 1380 mortem
3274 1326 3505 1395 prcdicti
3547 1326 3694 1397 regis
3720 1325 3851 1382 facta

2265 1416 2502 1483 fuerant,
2552 1425 2611 1471 ut
2674 1424 3099 1483 everterentur;
3145 1432 3381 1487 quorum
3439 1418 3743 1473 multitudo
3789 1419 3852 1473 ad

2266 1507 2372 1562 575
2400 1507 2470 1539 ⁸⁸⁷
2520 1523 2793 1563 summam
2824 1514 3160 1563 excreverat.
3208 1506 3479 1564 Ranulfus
3534 1524 3725 1565 comes
3755 1509 3851 1565 Ceo

2265 1600 2396 1656 strie
2439 1600 2695 1666 moritur,
2739 1600 3057 1671 relinquens
3105 1616 3484 1657 successorem
3518 1601 3606 1656 sui
3634 1601 3854 1656 honoris

2264 1691 2546 1763 Hugoncm
2591 1693 2804 1759 ﬁlium,
2854 1702 3044 1748 natum
3088 1709 3156 1750 ex
3208 1695 3317 1750 lilia
3368 1686 3598 1750 Roberti
3646 1697 3854 1752 comitis

2265 1785 2616 1841 Cloecestrie.
2634 1784 2904 1841 Robertus
2925 1786 2992 1842 de
3016 1784 3329 1842 Monteforti
3352 1787 3496 1857 cepit
3525 1788 3854 1843 avunculum

2266 1894 2427 1933 suum
2451 1876 2860 1933 Gualcrannunt
2891 1878 3145 1933 comitem
3194 1877 3453 1945 Mellenti,
3500 1879 3555 1933 in
3587 1879 3855 1950 colloquio

2265 1969 2517 2024 condicto
2548 1969 2692 2024 haud
2739 1970 2933 2040 procul
2971 1986 3003 2025 a
3048 1970 3223 2041 burgo
3254 1969 3470 2025 Bernai.
3497 1968 3741 2026 Ohsesso
3770 1987 3855 2026 ca-

2266 2074 2380 2121 stro
2409 2063 2586 2120 Orbec
2621 2063 2770 2135 (62!)
2798 2064 2867 2119 ab
2904 2064 3224 2120 hominibus
3257 2066 3477 2121 comitis
3505 2064 3854 2133 Cualcranni,

2265 2155 2319 2208 in
2348 2170 2457 2224 quo
2484 2153 2627 2209 idem
2663 2169 2849 2210 comes
2897 2154 3205 2222 tenebatur,
3240 2156 3458 2211 tandem
3502 2171 3694 2211 comes
3728 2156 3856 2211 liber

2264 2246 2528 2301 dimissus
2556 2254 2661 2314 est,
2687 2246 2898 2302 reddita
2921 2246 3076 2318 prius
3105 2247 3350 2320 predicto
3374 2248 3560 2319 nepoti
3584 2263 3690 2303 suo
3711 2255 3857 2304 turre

2264 2340 2332 2395 de
2367 2337 2701 2396 Monteforti.

2375 2453 2533 2510 1155.
2571 2452 2784 2526 [1154.]
2824 2452 3137 2509 Fredericus
3167 2454 3223 2510 2.

2848 2543 3148 2615 Stephanus
3179 2545 3266 2601 18.

2335 2635 2645 2693 Ludovicus
2686 2651 2781 2691 rex
2821 2635 3159 2692 Francorum
3207 2635 3364 2691 duxit
3414 2652 3645 2697 uxorem
3699 2636 3859 2691 tiliam

2264 2726 2487 2785 Anforsi
2511 2729 2656 2801 regis
2679 2727 3089 2800 Hispaniarum.
3127 2727 3305 2800 Caput
3334 2729 3489 2800 regni
3518 2728 3689 2799 hujus
3721 2729 3857 2799 regis

2264 2820 2460 2876 civitas
2482 2829 2568 2877 est
2596 2820 2845 2879 Toletum
2871 2839 2887 2889 ;
2912 2837 3101 2892 quem,
3132 2821 3262 2892 quia
3286 2820 3628 2891 principatur
3658 2821 3859 2891 regulis

2265 2912 2607 2983 Arragonum
2632 2922 2686 2969 et
2736 2912 2981 2982 Callicie,
3008 2914 3415 2985 'imperatorem
3465 2912 3855 2984 Hispaniarum

2265 3006 2558 3080 appellant.
2615 3004 2981 3062 Walerannus
3028 3022 3214 3062 comes
3280 2999 3541 3072 Mellenti,
3594 3006 3855 3062 obsidens

2266 3108 2508 3158 castrum
2532 3098 2912 3166 Montisfortis,
2940 3098 3160 3171 fugatus
3201 3109 3286 3155 est
3320 3098 3691 3170 ignominioso
3712 3114 3745 3152 τι
3765 3114 3853 3152 ne-

3337 2452 3642 2508 Ludovicus
3670 2453 3759 2509 16.

573 3182 775 3263 “fimi”
828 3167 1068 3238 Ρνθάίείθ
1106 3167 1272 3223 εθάίεο
1322 3167 1483 3240 (Αυθο
1524 3168 1636 3239 1θα)
1681 3168 1867 3225 mense
1908 3169 2160 3242 Αιιίόηδιίν
2190 3201 2235 3263 c
2265 3202 2392 3262 pote
2427 3207 2529 3247 suo
2553 3190 2812 3259 Roberto,
2837 3167 3044 3248 eversis
3062 3191 3281 3249 duobus
3312 3167 3575 3258 castellis,
3602 3207 3716 3261 que
3747 3192 3853 3261 ipse

574 3260 722 3316 CiI‘CI‘.
752 3270 974 3317 οειθνειε
1012 3263 1187 3317 εειιιειί
1225 3262 1527 3330 Laurentii,
1563 3265 1799 3337 moritur
1831 3264 2169 3324 Ευδιισιριιὶυε.
2206 3260 2225 3263 v
2267 3260 2436 3355 inope
2465 3282 2902 3338 Μοηιοιῃίοιιιρηι
2927 3292 3194 3338 erexerat.
3230 3282 3501 3354 Rogeﬁus
3543 3260 3640 3337 rei

571 3352 723 3407 ﬁlius
766 3351 1029 3422 Stephani
1067 3354 1210 3425 regis
1248 3354 1571 3427 Anglorum,
1602 3358 1732 3428 quia
1759 3359 2015 3428 predatus
2041 3358 2163 3415 fuc-

2266 3377 2502 3434 moritur
2530 3378 2565 3431 4
2600 3375 2873 3433 Kalendas
2915 3374 3095 3430 Martii
3127 3394 3142 3443 ;
3174 3375 3302 3431 huic
3345 3375 3615 3431 successit
3643 3374 3858 3430 Wilier-

568 3454 678 3513 rat,
710 3454 769 3501 ut
797 3446 1021 3539 quidam
1046 3446 1257 3516 dicunt,
1284 3457 1488 3504 terram
1515 3452 1691 3506 sancti
1724 3450 2170 3523 Edntundijcgis
2265 3485 2391 3525 mus
2412 3469 2556 3524 Imus
2584 3484 2739 3536 suus,
2771 3484 2933 3539 quem
2961 3478 3118 3538 pater
3144 3476 3271 3523 ante
3299 3475 3533 3523 mortem
3578 3484 3744 3523 suam
3771 3484 3857 3523 εει-

571 3543 629 3593 et
677 3538 921 3595 martiris
962 3539 1018 3593 in
1065 3539 1181 3611 ipsa
1224 3540 1520 3598 festivitate
1554 3543 1730 3599 sancti
1767 3543 2065 3600 Laurentii.
2103 3544 2162 3601 ln

570 3629 777 3685 eisdem
807 3633 1016 3689 octavis
1040 3634 1284 3691 nascitur
1311 3634 1458 3690 ﬁlius
1483 3633 1719 3691 Henrico
1740 3636 1867 3691 duci
1895 3635 2165 3691 Nerman-

571 3720 664 3777 nic
699 3738 764 3778 ex
796 3740 968 3780 uxore
992 3740 1091 3781 sua
1124 3727 1351 3782 Alienor
1378 3726 1661 3782 eomitissa
1698 3726 2024 3785 Pictavcnsi.
2054 3728 2162 3784 Vo-

569 3821 728 3869 catus
763 3823 850 3870 est
878 3815 1018 3871 idem
1050 3833 1186 3887 puer
1215 3817 1558 3885 Willermus,
1599 3819 1745 3889 quod
1772 3836 1967 3876 nomen
2002 3821 2161 3895 quasi

568 3905 852 3977 proprium
903 3915 989 3963 est
1049 3908 1349 3965 comitibus
1414 3907 1760 3966 Pictavorum
1820 3921 1874 3967 et
1927 3912 2161 3969 ducibus

568 3995 994 4071 Aquitanorum.
1037 3997 1375 4057 Venerabilis
1405 4001 1716 4058 Bernardus
1755 4004 1968 4075 primus
1991 4006 2160 4064 abbas

567 4086 911 4156 Clarevallis,
939 4090 1026 4144 vir
1053 4091 1373 4148 admirande
1414 4094 1693 4166 religionis
1722 4106 1775 4151 et
1803 4095 2054 4153 doctrine
2079 4097 2160 4152 ef-

567 4182 776 4251 ficacis,
806 4187 1046 4244 humane
1067 4187 1177 4242 vite
1201 4186 1466 4243 satisfecit
1489 4188 1773 4244 moriendo
1797 4190 1863 4244 14
1887 4189 2158 4246 Kalendas

569 4272 929 4347 Septembris,
958 4280 1277 4351 relinquens
1300 4280 1567 4351 sapientie
1592 4296 1690 4335 sue
1719 4281 1955 4350 plurima
1985 4283 2157 4337 docu-

566 4381 771 4440 menta,
806 4374 1046 4430 maxime
1074 4372 1134 4430 in
1178 4374 1591 4432 commentariis
1627 4373 1682 4431 in
1713 4374 1925 4430 cantica
1975 4376 2153 4435 canti-

566 4478 779 4521 corum.
831 4464 933 4521 Cui
964 4467 1234 4525 succcssit
1278 4465 1548 4521 Robcrius
1583 4464 1883 4530 Flandrita,
1916 4466 2011 4536 qui
2037 4476 2155 4522 erat

563 4555 737 4612 abbas
792 4555 1085 4614 Dunensis.
1140 4557 1385 4613 Decessit
1441 4557 1832 4613 nichilominus

562 4646 787 4706 Murdac
821 4651 1265 4724 archiepiscopus
1305 4649 1688 4718 Eboracensis,
1723 4652 2028 4707 monachus
2066 4650 2153 4710 Ci-

562 4741 899 4798 stercicnsis.

534 4853 552 4933 1
633 4875 948 4947 Stephanus
990 4891 1087 4931 rex
1119 4874 1420 4947 Anglorum
1463 4883 1518 4930 et
1563 4873 1833 4930 Henricus
1879 4874 1990 4929 dux
2011 4873 2151 4930 Nor-

560 4970 801 5037 mannie,
828 4978 1095 5042 cognatus
1123 4969 1264 5039 ejus,
1300 4968 1335 5023 8
1384 4967 1508 5023 ldus
1543 4966 1887 5031 Novembris,
1923 4967 2149 5038 justicia

558 5063 627 5120 de
675 5062 793 5118 celo
835 5061 1225 5133 prospiciente,
1270 5058 1589 5115 concordati
1637 5067 1766 5114 sunt
1812 5060 1917 5114 hoc
1960 5061 2142 5116 modo.

560 5156 678 5213 Rex
725 5157 879 5226 prius
929 5152 1249 5224 recognovit
1289 5152 1343 5204 in
1366 5147 1642 5205 conventu
1674 5150 2056 5222 episcoporum
2091 5161 2148 5208 et

558 5246 822 5302 comitum
869 5255 924 5300 et
968 5244 1317 5313 .rciiquorum
1373 5242 1699 5297 obtimatum
1757 5242 2147 5299 hereditarium

554 5338 667 5411 jus,
696 5337 843 5397 uuod
870 5337 981 5392 dux
1005 5334 1272 5390 Henricus
1312 5333 1547 5388 habebat
1585 5334 1639 5388 in
1667 5350 1896 5406 regnum
1931 5336 2141 5407 Anglic.

2265 3562 2549 3620 hlimatum
2588 3562 2644 3617 in
2696 3578 2880 3634 regem
2924 3570 3236 3618 consortem
3278 3560 3435 3633 regni
3486 3560 3717 3618 fecerat.
3766 3560 3859 3618 Hic

2262 3656 2418 3714 duxit
2439 3655 2605 3713 ﬁliam
2636 3656 2793 3728 regis,
2820 3654 3188 3711 Navarrorum
3222 3654 3435 3721 Carsie,
3479 3670 3734 3711 sororem
3759 3656 3859 3713 sci-

2264 3748 2391 3805 licet
2421 3748 2634 3805 Sanccii
2662 3748 2901 3819 junioris
2926 3766 2942 3815 ;
2979 3757 3034 3803 ct
3063 3747 3305 3818 suscepit
3351 3763 3417 3801 ex
3448 3762 3513 3803 ea
3542 3748 3725 3802 lilium
3752 3747 3860 3817 pri-

2263 3842 2621 3915 mogenitum,
2670 3842 2891 3897 nomine
2936 3841 3252 3914 llogerium.
3301 3839 3541 3906 Mortuo,
3571 3848 3636 3894 ut
3683 3838 3857 3911 predif

2263 3945 2412 3992 ctum
2456 3934 2820 4003 est,Henrieo
2865 3934 3279 4004 archiepiscopo
3325 3932 3691 4000 Eboracensi,
3717 3931 3857 3986 Ana-

2262 4029 2467 4085 stasius
2488 4044 2626 4100 papa
2651 4028 2892 4084 restituit
2926 4027 2979 4083 in
3007 4026 3237 4084 candent
3267 4026 3452 4082 sedem
3485 4025 3854 4092 Willermum,

2260 4121 2472 4178 donans
2500 4122 2549 4177 ei
2580 4122 2828 4193 pallium,
2874 4131 2929 4178 ct
2960 4136 3295 4178 consecrans
3343 4118 3517 4175 Rome
3546 4120 3600 4174 in
3635 4135 3857 4190 presen-

2261 4215 2334 4270 tia
2365 4214 2484 4284 ejus
2520 4214 2805 4288 Hugoncm
2854 4216 2922 4272 de
2968 4214 3158 4271 Puisat
3205 4214 3526 4283 episcopum
3577 4212 3852 4278 Dunelmi,

2258 4326 2510 4387 nepotem
2537 4310 2799 4382 Stephani
2827 4310 2969 4381 regis
2982 4308 3307 4380 Anglorum.
3327 4305 3345 4359 l
3354 4305 3485 4363 lunc
3509 4305 3853 4361 Willermum

2238 4407 2538 4479 Eugenius
2561 4421 2700 4477 papa
2727 4404 2983 4459 decessor
3006 4400 3281 4456 Anastasii
3313 4400 3668 4471 deposuerat.
3701 4398 3853 4454 Circa

2257 4501 2460 4570 pascha
2497 4498 2763 4554 Henricus
2789 4497 2901 4553 dux
2930 4493 3370 4549 Normannorum
3398 4491 3779 4550 transfretavit
3802 4491 3852 4545 ia

1881 4557 2149 4614 Henricus

2261 4557 2680 4657 Hermanuiam,
2708 4597 2763 4644 et
2791 4587 2935 4657 cepit
2964 4599 3222 4641 revocare
3246 4582 3510 4653 paulatim
3536 4582 3850 4653 etpruderk

2257 4696 2343 4743 ter
2365 4686 2418 4740 in
2441 4685 2534 4755 jus
2576 4682 2857 4754 proprium
2910 4694 3012 4735 sua
3047 4677 3347 4742 dominica,
3373 4690 3483 4745 que
3510 4682 3670 4746 pater
3699 4687 3850 4739 suus,

2257 4788 2484 4849 urgente
2514 4776 2855 4837 necessitate,
2888 4770 3223 4843 primoribus
3249 4767 3685 4827 Normannie'ad
3714 4774 3849 4822 tem-

2255 4887 2361 4941 pus
2383 4873 2751 4924 concesserat.
2791 4863 2919 4919 Inde
2963 4860 3241 4932 profectus
3285 4860 3338 4914 in
3364 4859 3724 4930 Aquitaniam
3770 4874 3853 4913 re-

2255 4961 2545 5016 bellionem
2584 4957 2929 5028 quorundam
2975 4953 3259 5023 repressit.
3312 4950 3637 5007 Willermus
3670 4950 3849 5007 archi-

2255 5030 2546 5123 episcopus
2571 5046 2931 5105 Eboracensis
2951 5060 3205 5101 reversus
3226 5044 3281 5098 in
3303 5042 3577 5113 Angliam,
3607 5041 3746 5097 dum
3770 5041 3853 5096 di-

2255 5144 2383 5198 vina
2407 5141 2649 5197 misteria
2694 5145 3065 5205 consummat,
3107 5136 3306 5190 hausto
3332 5133 3388 5187 in
3417 5133 3540 5204 ipso
3564 5134 3769 5199 calice,
3792 5140 3853 5188 ut

2254 5237 2429 5301 aiunt,
2483 5248 2715 5297 veneno,
2789 5230 3043 5285 moritur.
3098 5227 3201 5284 Cui
3248 5226 3515 5282 successit
3576 5224 3850 5298 Roget-ius

2252 5331 2321 5387 de
2344 5329 2517 5384 Ponte
2547 5323 2812 5397 episcopi,
2838 5321 3263 5378 archidiaconus
3305 5317 3733 5375 Cantuariensis
3759 5318 3845 5369 ⁸⁸⁸.

1845 5424 1933 5478 VA
1942 5424 2079 5481 [ΗΖΕ
2120 5417 2528 5481 LECTIONES.

627 5518 701 5551 ⁸⁸⁸
728 5517 901 5573 Nonis
922 5522 1193 5571 -—'stantc
1213 5514 1399 5568 desunt
1426 5514 1511 5571 8b.
1588 5516 1655 5548 ⁸⁸⁷
1680 5534 1928 5571 numerus
1950 5535 2133 5573 erasus
2158 5526 2234 5573 est
2265 5516 2321 5570 in
2348 5512 2411 5567 E.
2486 5510 2557 5544 ⁸³⁸
2590 5507 2719 5563 Post
2741 5509 2853 5562 lucc
2882 5508 2936 5561 in
2967 5506 3029 5560 Ε.
3066 5507 3176 5561 alia
3230 5523 3418 5560 manus
3467 5505 3736 5558 incertum
3782 5516 3847 5553 an

559 5589 996 5661 Roherti,_inter_
1019 5587 1154 5640 hanc
1186 5585 1380 5661 (ineant
1418 5596 1465 5661 et
1497 5598 1793 5661 sapientem
1841 5589 2062 5643 inseruit
2089 5603 2333 5643 numeros
2362 5581 2457 5661 l_ll._
2488 5579 2653 5661 XVH.
2678 5578 2822 5661 Χιὲς.
2853 5576 3086 5661 MCLIV.
3119 5579 3402 5661 eademque
3422 5590 3661 5661 sequens
3692 5588 3848 5661 eoqu

558 5660 740 5714 butum
776 5648 959 5713 Mense
980 5659 1035 5711 in
1057 5673 1247 5712 rasura
1270 5658 1503 5727 scripsit.
1563 5648 1798 5731 Reliquis
1824 5661 2064 5715 omnibus
2095 5661 2148 5714 hi
2190 5655 2395 5713 numeri
2422 5653 2631 5718 desunt,
2656 5650 2795 5721 quod
2842 5650 2993 5703 unice
3039 5658 3257 5704 rectum.
3304 5648 3502 5702 Abhinc
3529 5648 3724 5718 igitur,
3767 5648 3849 5696 nis

2051 5751 2284 5812 NOTAE.

634 5821 783 5890 (6|8)
822 5821 1078 5889 llreteuil,
1104 5824 1244 5880 inter
1266 5824 1477 5879 EVl't‘ltX
1502 5835 1552 5880 rt
1584 5825 1837 5883 Manlius.

633 5892 782 5948 (619)
823 5891 861 5950 l.
894 5911 942 5949 c.
977 5897 1223 5954 exceptis
1244 5897 1501 5953 castellis.

2319 5818 2465 5889 (6‘20)
2494 5817 2687 5889 Tunis.

2329 5886 2475 5962 (621)
2502 5887 2644 5943 Inter
2670 5886 2888 5945 Lisieux
2910 5892 2964 5942 et
2990 5881 3223 5954 L‘Aiglc.
