3906 6316
48 393 135 452 ΓΠ

164 522 504 565 ιιοκλιοιιωι.
648 521 984 561 ι’κλκεοιιωι.
1130 523 1430 563 ΑΝϐιοῐιιῑΜ.

20 672 21 675 η
105 600 270 655 Hense
292 596 461 663 Maio,
493 596 529 652 6
559 595 826 653 Kalendas
857 596 1030 665 Junii,
1062 598 1196 654 feria
1237 600 1269 654 5
1293 598 1432 654 infra
1455 610 1607 656 oeta-
1632 648 1635 651 .

46 712 125 752 vas
159 700 524 765 pentecostes,
583 691 978 746 monasterium
1022 692 1165 747 beati
1210 691 1489 749 Michaelis
1539 695 1608 749 de

47 783 264 842 Pericqu
292 783 469 859 maris
502 790 625 853 post
663 781 1093 848 tribulationem,
1125 797 1289 853 quam
1315 798 1411 852 per
1441 782 1606 852 quin-

46 874 313 949 quennium
340 872 457 927 fere
481 872 667 944 iugem
697 887 921 941 passum
946 869 1145 938 fuerat,
1173 871 1285 928 Deo
1314 871 1608 927 miserante

47 964 414 1035 aliquantulum
459 963 772 1033 respiravit,
801 970 975 1017 erecto
1008 961 1341 1016 unanimiter
1363 960 1432 1015 ab
1457 961 1608 1015 omni

46 1064 282 1115 conventu
331 1054 577 1110 Roberto
620 1055 688 1110 de
742 1053 1059 1121 Torinneio,
1104 1053 1288 1124 priore
1328 1052 1608 1109 elaustraii

47 1148 299 1205 Dceeensis
340 1146 686 1203 monasterii.
732 1145 935 1201 Eodem
967 1160 1157 1202 mense
1203 1144 1314 1200 dux
1340 1144 1608 1202 Henricus

46 1240 228 1295 rediens
256 1239 323 1293 de
362 1237 686 1310 Aquitania,
719 1236 1046 1309 Rothomagi
1078 1237 1134 1291 in
1179 1237 1266 1293 die
1298 1236 1611 1295 festivitatis

47 1334 189 1390 sancti
229 1330 503 1387 Johannis
551 1330 792 1401 Baptiste
836 1340 1114 1401 gratanter
1161 1346 1448 1387 assensum
1484 1348 1608 1403 pre-

44 1426 140 1481 bnit
168 1425 401 1495 predicte
454 1423 731 1490 electioni,
787 1439 955 1494 quam
993 1424 1436 1495 archiepiscopus
1496 1406 1613 1481 lio-J

48 1514 383 1587 thomagensis
415 1513 598 1587 Hugo,
634 1515 716 1569 vir
744 1530 959 1571 summe
1005 1516 1286 1588 religionis
1337 1525 1391 1572 et
1443 1518 1607 1574 indu-

48 1610 173 1677 strie,
199 1624 320 1665 cum
350 1608 704 1679 imperatrice
733 1618 909 1665 matre
937 1610 1096 1666 ducis
1119 1619 1279 1666 antea
1308 1618 1370 1666 ut
1395 1626 1611 1683 presen-

50 1713 113 1757 tes
173 1700 533 1757 libentissime
596 1701 1074 1757 confirmaverant.
1146 1700 1404 1773 Sequenti
1478 1716 1609 1757 vero

50 1807 222 1860 mense,
245 1794 299 1847 in
331 1790 633 1848 festivitate
683 1801 871 1849 sancte
911 1793 1081 1848 Marie
1107 1792 1444 1866 Magdalene,
1480 1809 1607 1864 pre-

795 387 1167 445 CllRONlCA.
1208 421 1279 429 —
1313 388 1723 446 AUCTAHIUM
1770 390 2067 446 ROBERTI
2111 389 2198 446 DE
2242 390 2499 448 MONTE.

1864 222 1897 245 ά

3187 393 3297 451 478

1629 516 1674 574 Α
1775 506 1920 563 Obiit
1949 506 1982 561 6
2005 506 2275 564 Kalendas
2306 506 2620 562 Decembris
2660 505 2986 565 Anastasius
3022 524 3161 580 papa
3190 509 3302 565 Ro-

1711 614 1942 666 manus;
1997 608 2047 653 et
2092 599 2359 654 successit
2397 599 2446 653 ei
2471 595 2768 653 Nicbolaus
2811 599 3102 669 episcopus
3134 600 3302 655 Alba-

1710 693 1917 758 nensis,
1945 706 2083 761 papa
2107 690 2358 745 videlicet
2404 690 2591 757 175W,
2618 699 2843 745 vocatus
2890 691 3161 747 Adrianus
3206 691 3300 758 IV,

1712 784 1792 838 vir
1824 783 2044 853 quidem
2077 782 2363 854 religiosus
2388 790 2442 837 et
2472 781 2692 837 natione
2716 781 2996 852 Anglicus,
3026 784 3119 853 qui
3148 783 3302 853 prius

1710 871 1887 927 fuerat
1927 872 2097 928 abbas
2141 872 2532 928 canonicOrum
2579 874 2917 945 regularium
2957 872 3141 928 Sancti
3178 873 3300 927 Rufi
3402 910 3411 915 μ

1709 966 1767 1020 ἱιι
1794 964 2103 1033 Provincia,
2149 965 2240 1021 sed
2272 965 2343 1020 ab
2382 964 2627 1038 Eugenio
2663 966 3047 1036 prcdecessore
3091 982 3193 1021 suo
3223 965 3302 1019 fa-

1708 1067 1830 1114 ctus
1854 1055 2027 1112 fuerat
2055 1057 2346 1128 episcopus
2370 1057 2702 1129 Albanensis
2744 1057 2834 1112 ⁵⁸⁸.
2882 1056 3299 1112 Moritur-etiam

1709 1138 2048 1206 Gislebertus
2082 1149 2373 1220 episcopus
2403 1147 2762 1214 Pictavensis,
2814 1147 2896 1200 vir
2934 1147 3221 1217 religiosus
3250 1153 3304 1200 ct

1710 1241 2027 1311 multiplicis
2052 1240 2319 1308 doctrine,
2362 1240 2457 1311 qui
2506 1240 2748 1311 psalmos
2769 1247 2823 1294 et
2857 1238 3116 1309 epistolas
3146 1237 3304 1292 Pauli

1710 1335 2011 1391 luculenter
2040 1333 2313 1404 exposuit.
2348 1331 2657 1388 Ludovicus
2692 1347 2789 1386 rex
2810 1330 3145 1385 Francorum
3179 1346 3304 1400 gra-

1711 1428 1786 1483 tia
1811 1425 2078 1482 orationis
2103 1425 2344 1496 perrexit
2372 1425 2441 1481 ad
2486 1424 2746 1480 Sanctum
2784 1422 3047 1480 Jacobnm
3072 1423 3140 1478 de
3169 1422 3270 1478 Gal
3288 1452 3303 1463 -

1711 1516 1858 1585 licia,
1886 1526 1939 1574 et
1962 1517 2031 1573 ab
2059 1517 2389 1588 imperatore
2430 1515 2819 1587 Hispaniarum
2869 1530 3062 1570 socero
3093 1531 3193 1570 suo
3222 1514 3305 1570 fa-

1710 1609 2028 1668 vorabiliter
2057 1610 2114 1664 in
2140 1608 2400 1681 Hispania
2427 1618 2715 1680 susceptus
2743 1615 2845 1663 cst.
2898 1606 3167 1662 Henricus.
3191 1606 3218 1661 (δ
3235 1623 3305 1662 .tx

1710 1703 2155 1760 Normannorum
2185 1702 2215 1755 7
2245 1701 2373 1758 ldus
2411 1700 2706 1757 Deeenbris
2738 1700 2791 1754 in
2834 1698 3085 1770 Angliam
3118 1707 3305 1753 trans-

1711 1796 1940 1864 fretans,
1967 1811 2092 1852 cum
2125 1811 2323 1866 magno
2344 1793 2583 1864 tripudio
2608 1793 2931 1849 clericorum
2955 1800 3009 1845 et
3036 1791 3303 1845 iaieorum
3344 1790 3349 1795 ⁷

52 1884 198 1940 dictus
229 1884 433 1940 electus
458 1884 778 1941 benedictus
801 1893 886 1941 est
913 1885 969 1940 in
1006 1885 1256 1941 abbatem
1294 1886 1436 1957 apud
1467 1883 1606 1940 San-
1638 1877 1681 1937 Β
1706 1899 1968 1961 exceptus
2000 1898 2104 1945 est.
2160 1888 2229 1942 15
2258 1885 2531 1941 Kalendas
2578 1883 2849 1949 Januarii,
2891 1883 2980 1938 die
3027 1882 3302 1937 dominica

51 1987 169 2031 etum
208 1976 569 2033 Philibertum
618 1977 685 2033 de
720 1977 1030 2034 Monteforti
1071 1979 1141 2035 ab
1179 1978 1446 2034 Herberto
1486 1979 1604 2050 epi-

52 2084 185 2139 εςορο
207 2068 598 2126 Διπίηρειιαῐιεί
616 2079 670 2125 et
699 2069 932 2125 Girardo
964 2069 1234 2141 Sagiensi,
1262 2070 1608 2140 presentibus

51 2160 297 2218 abbatibus
337 2161 579 2233 Rogerio
628 2161 907 2229 Beccensi,
954 2160 1216 2219 Michaelc
1266 2161 1603 2229 Pratellensi,

53 2250 239 2325 llugone
290 2253 358 2309 de
411 2252 621 2310 Sancto
686 2254 967 2310 Saivatore
1008 2252 1374 2311 Constantini.
1421 2253 1608 2310 Mense

54 2346 259 2417 Augusto
284 2348 608 2403 concor-dati
638 2356 767 2403 sunt
792 2347 1103 2405 Ludovicus
1134 2364 1227 2402 rex
1266 2346 1606 2403 Francorum

53 2440 201 2496 ttdux
225 2437 669 2497 Normannorum
694 2440 963 2505 Henricus
996 2444 1102 2497 hoc
1128 2442 1311 2497 modo.
1341 2440 1451 2497 Res
1482 2441 1608 2497 red-

55 2531 163 2586 didit
186 2534 230 2588 ei
255 2534 362 2589 duo
384 2536 638 2603 castella,
662 2534 903 2591 Vernum
930 2543 988 2591 et
1022 2534 1233 2590 Novum
1257 2544 1559 2590 mercatum
1588 2553 1603 2601 ;

56 2632 98 2677 et
120 2622 215 2678 dux
244 2624 387 2680 dedit
413 2626 467 2681 ei
493 2626 606 2686 duo
632 2626 782 2681 milia
812 2642 1123 2681 marearum
1159 2626 1369 2697 argenti
1400 2640 1499 2696 pro
1520 2640 1607 2681 re-

56 2716 297 2771 sarciendo
318 2717 584 2788 dampno,
616 2719 763 2788 quod
806 2734 900 2773 rex
938 2734 1136 2789 passus
1184 2718 1364 2773 fuerat
1407 2718 1462 2772 in
1515 2734 1608 2773 ca-

56 2807 231 2875 pirndo,
261 2810 582 2877 muniendo,
635 2811 866 2866 tenendo
901 2811 1120 2866 easdem
1139 2810 1445 2867 ﬁrmitates.
1479 2809 1607 2865 Rei-

60 2899 214 2956 naldus
249 2903 315 2958 de
367 2903 689 2960 Castelliolo
749 2903 925 2965 factus
974 2904 1229 2975 princeps
1294 2903 1606 2969 Antiochie,

57 2990 185 3046 ducta
208 2992 526 3051 constantia
558 2995 745 3050 relicta
781 2994 1074 3050 Raimundi
1122 2996 1410 3066 principis,
1442 3010 1604 3065 quem

59 3080 187 3139 Turci
222 3086 399 3141 eodem
440 3103 614 3155 anno,
639 3103 751 3158 quo
779 3102 872 3143 rex
916 3086 1252 3143 Francorum
1298 3085 1609 3142 Ludovicus

59 3172 109 3228 de
126 3173 398 3234 Jerusalem
423 3179 611 3246 rediit,
642 3180 976 3246 occiderant,
1007 3188 1195 3235 contra
1220 3179 1441 3234 eosdem
1467 3177 1609 3231 Tur-

61 3278 133 3318 cos
154 3265 362 3323 viriliter
396 3285 594 3341 agens,
637 3270 740 3325 tria
790 3271 1012 3326 castella
1060 3270 1167 3325 illis
1198 3270 1443 3335 abstulit,
1501 3285 1609 3339 que

62 3354 234 3413 tulerant
286 3361 737 3418 Christianorum.
803 3363 963 3420 Circa
1031 3362 1302 3419 Kalendas
1356 3363 1608 3420 Octobris

62 3444 279 3508 Henricus
329 3454 438 3509 dux
484 3453 950 3523 Normannorum,
984 3456 1160 3525 sopita
1213 3456 1443 3511 adversa
1474 3456 1608 3511 vali-

64 3541 228 3608 tudine,
263 3544 367 3601 Deo
398 3548 720 3614 miserante,
758 3565 867 3619 qua
906 3549 1211 3619 periculose
1240 3548 1605 3613 laboraverat,

64 3634 228 3692 accitus
258 3654 285 3693 a
315 3655 438 3711 rege
476 3639 814 3697 Francorum
844 3658 969 3697 eum
1000 3641 1243 3696 exercitu
1285 3640 1524 3712 perrexit
1554 3640 1608 3693 in

66 3723 395 3802 Wilcasinum,
438 3743 503 3790 et
557 3736 861 3805 pacilicavit
914 3752 1040 3792 eum
1086 3750 1212 3806 rege
1258 3733 1610 3789 Goseelinnm

66 3816 353 3895 Crispinum.
388 3827 525 3883 lnde
558 3827 792 3896 rediens,
847 3829 1059 3885 obsedit
1104 3826 1457 3882 Torinneium
1496 3824 1612 3881 fere

67 3928 141 3982 per
165 3917 221 3973 l5
243 3919 375 3989 dies,
411 3921 687 3992 incipiens
729 3923 803 3990 ibi
830 3922 933 3977 tria
955 3922 1195 3978 castella.
1248 3919 1478 3975 Reddilo
1514 3934 1610 3974 ea-

69 4008 209 4077 stcilo,
239 4020 290 4068 et
335 4014 626 4085 paciﬁcato
665 4014 901 4070 Ricardo
942 4016 1054 4071 filio
1084 4013 1324 4081 comitis,
1353 4013 1448 4084 qui
1479 4011 1613 4066 illud

68 4101 374 4173 municipium
423 4115 701 4172 tenuerat,
768 4106 956 4163 audito
1012 4095 1249 4165 veridico
1301 4107 1496 4163 nuntio
1545 4107 1614 4163 de

69 4200 209 4249 morte
232 4192 489 4267 Stephani
522 4198 664 4268 regis
684 4197 1010 4270 Anglorum,
1051 4199 1266 4255 locutus
1288 4215 1412 4255 cum
1439 4208 1614 4255 matre

70 4297 146 4338 sua
171 4285 521 4357 imperatrice,
551 4291 975 4361 convocatisque
998 4290 1263 4347 fratribus
1306 4292 1443 4357 suis,
1467 4289 1612 4346 Gau-

69 4370 182 4430 frldo
206 4386 255 4433 et
274 4378 581 4447 Willermo,
600 4391 654 4436 et
680 4382 953 4451 episcopis
982 4391 1037 4438 et
1079 4381 1434 4454 Optimatibus
1468 4379 1611 4437 Nor-

71 4467 268 4537 mannie,
298 4473 445 4527 venit
477 4470 904 4539 Barbeiluvium,
931 4480 987 4526 et
1014 4471 1086 4525 ibi
1117 4487 1214 4541 per
1250 4486 1420 4526 unum
1454 4487 1612 4525 men-

1710 1991 1837 2039 ante
1894 1980 2231 2037 nativitatem
2275 1978 2517 2046 Domini,
2566 1976 2708 2049 apud
2749 1973 3301 2030 Wes-tmonastcrium

1709 2079 1779 2135 ab
1799 2077 2058 2133 omnibus
2088 2076 2294 2131 electus
2323 2082 2378 2128 et
2407 2073 2463 2127 in
2500 2087 2680 2143 regem
2711 2077 2911 2125 unctus
2944 2077 3030 2123 est
3063 2083 3093 2121 a
3119 2064 3300 2120 Theo-

1709 2170 1870 2226 baldo
1899 2167 2313 2237 archiepiscopo
2362 2162 2769 2220 Cantuaricnsi.
2826 2159 3111 2214 Affueruut
3134 2157 3301 2213 etiam

1709 2261 1953 2333 episcopi
1999 2276 2192 2316 omnes
2229 2258 2442 2329 Anglici
2495 2255 2669 2328 regni,
2720 2253 2991 2325 Rogerius
3033 2250 3303 2319 archiepi—

1710 2374 1910 2428 scopus
1968 2354 2358 2419 Eboracensis,
2419 2351 2689 2408 Ricardus
2747 2350 3037 2425 cpiscopus
3084 2346 3306 2401 Lundo-

1710 2451 1940 2518 niensis,
1987 2448 2255 2504 Henricus
2311 2444 2737 2509 Wintoniensis,
2793 2442 3066 2496 Robcrtus
3109 2438 3307 2492 Linco-

1710 2544 1919 2609 lieusis,
1969 2540 2283 2597 Gualterius
2321 2535 2652 2603 CCSll'CIISiS,
2684 2533 3021 2589 Gislebertus
3044 2528 3303 2584 llercfor-

1709 2637 1915 2704 densis,
1940 2634 2213 2691 Robertus
2238 2630 2503 2695 Batcnsis,
2534 2627 2815 2683 Johannes
2846 2620 3306 2706 Wingorniensis,

1711 2729 1984 2785 Robertus
2016 2725 2364 2790 Exoniensis,
2406 2722 2649 2777 Hilarius
2687 2720 3016 2787 Cestrensis,
3061 2716 3307 2774 Gosceli-

1711 2840 1815 2878 nus
1884 2818 2331 2884 Salesbcriensis,
2384 2815 2657 2871 Galterius
2716 2811 3009 2877 Roll‘ensis,
3064 2809 3310 2882 Nigellus
3364 2820 3377 2830 ‘

1711 2915 2000 2980 lleliensis,
2033 2913 2353 2967 Willermus
2373 2906 2778 2972 Nothvieensis,
2797 2905 2952 2976 llugo
2978 2902 3310 2958 Dunehnen-

1711 3006 1807 3069 sis,
1866 3002 2150 3059 Adalulfus
2199 3000 2560 3057 Carlivensis.
2619 2998 2906 3051 Aﬂ'uerunt
2942 3003 2996 3049 et
3048 2994 3117 3049 de
3166 2984 3313 3047 Nor;

1712 3095 1933 3150 mannia
1963 3093 2049 3149 vir
2096 3092 2383 3164 religiosus
2428 3105 2492 3145 ac
2523 3089 2723 3144 timens
2764 3085 2938 3141 Deum
2981 3080 3309 3139 venerahiiis

1711 3188 1867 3258 Hugo
1947 3185 2393 3256 archiepiscopus
2457 3179 2954 3252 Rothomagensis,
3024 3176 3310 3246 Philippus

1711 3280 2047 3351 Bajocensis,
2080 3276 2343 3332 Arnulfus
2365 3273 2739 3338 Lexoviensis,
2779 3270 3077 3326 Herbertus
3105 3267 3308 3327 Abriu—

1711 3373 1892 3429 censis
1919 3370 2182 3441 episeopi.
2210 3368 2494 3423 Ail'uerunt
2521 3365 2751 3423 comites
2787 3364 2940 3435 regni
2969 3363 3135 3428 illius,
3167 3373 3220 3419 et
3239 3362 3310 3417 de

1713 3481 1881 3538 regno
1908 3463 2242 3521 Francorum
2292 3459 2663 3515 Theodericus
2698 3471 2887 3512 comes
2929 3454 3307 3529 Flandrensis,

1712 3566 1767 3613 et
1795 3557 1884 3611 alii
1910 3557 2111 3628 plures.
2138 3553 2302 3608 Facta
2340 3559 2425 3608 est
2452 3550 2689 3621 eclypsis
2716 3548 2843 3602 lune
2865 3545 3139 3602 dominica
3158 3542 3310 3616 (623)

1713 3663 1839 3707 ante
1871 3650 2107 3704 natalem
2135 3644 2372 3703 Domini.

1852 3741 1909 3797 Η
1925 3742 2012 3797 55.
2094 3737 2413 3793 Fredericus
2448 3735 2503 3790 '5.

2325 3830 2589 3885 Henricus
2617 3829 2671 3884 2.

1738 3920 1739 3923 “
1785 3923 1901 3981 Rex
1915 3922 2180 3980 Henricus
2195 3922 2338 3993 cepit
2359 3935 2618 3977 revocare
2633 3919 2687 3974 in
2704 3919 2791 3990 ius
2806 3916 3091 3989 proprium
3114 3913 3303 3981 urbes,

1715 4017 1959 4085 castella,
1988 4016 2168 4083 villas,
2201 4031 2310 4086 que
2344 4014 2413 4070 ad
2446 4027 2716 4070 coronam
2759 4010 2913 4081 regni
2939 4007 3309 4080 pertinebant,

1715 4110 1935 4165 castella
1985 4109 2197 4164 noviter
2239 4107 2383 4163 facta
2438 4104 2794 4171 destruendo,
2822 4112 2877 4159 et
2904 4098 3311 4172 expellendode

1716 4216 1884 4272 regno
1915 4201 2152 4255 maxime
2177 4198 2541 4255 Flandrenses
2567 4215 2581 4265 ;
2611 4204 2669 4251 et
2686 4193 3008 4266 deponendo
3037 4191 3305 4263 quosdam

1716 4293 2070 4364 imaginarios
2096 4292 2249 4364 (624)
2271 4300 2326 4346 et
2346 4288 2808 4361 pseudocomites,
2831 4286 3031 4357 quibus
3057 4299 3152 4339 rex
3179 4281 3307 4338 Ste-

1715 4387 1930 4455 phanus
1948 4384 2134 4439 omnia
2147 4398 2281 4454 pene
2302 4382 2369 4437 ad
2384 4382 2578 4437 iiscum
2599 4378 2922 4451 pertinentia
2943 4377 3128 4432 minus
3149 4384 3310 4430 caute

1715 4476 2090 4533 distribuerat.
2122 4474 2321 4530 Factus
2341 4482 2428 4529 est
2448 4481 2779 4528 terremotus
2810 4469 2876 4525 i5
2898 4467 3169 4524 Kalendas
3203 4464 3308 4521 Fe-

2647 3732 2948 3788 Ludovicus
2972 3728 3041 3785 18
3070 3729 3161 3784 ⁸⁹⁰.

72 4570 159 4613 tem
178 4568 467 4635 expectavit
499 4573 725 4621 ventum
772 4572 1103 4634 oportunum
1134 4564 1203 4619 ad
1256 4561 1606 4618 transfretan-

1715 4570 1923 4626 bruarii
1969 4568 2323 4635 “',max1me
2361 4567 2416 4620 in
2462 4564 2801 4635 Burgundia,
2840 4562 2978 4619 adeo
3035 4569 3098 4615 ut
3144 4559 3307 4616 terin

72 4647 190 4707 dum.
233 4654 445 4715 Obierat
483 4658 632 4713 enim
657 4657 692 4712 8
736 4656 1005 4713 Kalendas
1025 4655 1330 4713 Novenbris
1378 4655 1612 4727 Stepha-

74 4754 156 4799 nus
179 4762 261 4803 rex
284 4750 584 4824 Anglorum
612 4769 626 4819 ;
660 4751 819 4821 cujus
848 4765 1046 4820 corpus
1077 4750 1407 4805 tumulatum
1450 4758 1533 4805 est
1559 4766 1612 4803 in

76 4841 360 4896 monasterio
383 4843 667 4898 Fassehan
697 4840 870 4913 (622),
903 4841 1049 4911 quod
1071 4840 1307 4897 Matildis
1335 4856 1472 4895 uxor
1495 4840 1616 4910 ejus

75 4924 390 5001 ediﬂcaverat,
434 4934 529 4990 ubi
595 4934 713 5004 ipsa
763 4942 818 4988 et
864 4932 1009 4990 filius
1055 4933 1177 5005 ejus
1218 4933 1617 5004 primogenitus

78 5013 357 5082 Eustachius
386 5027 583 5100 sepulti
606 5035 753 5082 sunt.
794 5026 1015 5082 Interim
1046 5042 1152 5098 pax
1176 5042 1390 5081 summa
1420 5026 1615 5081 eratin

78 5108 249 5183 Anglia,
277 5118 469 5175 timore
488 5129 541 5175 et
568 5133 754 5175 amore
779 5118 999 5175 Henrici
1026 5119 1203 5186 ducis,
1227 5135 1390 5190 quem
1422 5134 1617 5175 omnes

81 5214 321 5267 Venturum
354 5222 409 5269 et
439 5229 620 5284 regem
651 5212 896 5269 futurum
931 5229 1042 5269 non
1071 5214 1413 5269 dubitabant.

1715 4669 1876 4716 nocte
1925 4659 2235 4716 festivitatis
2283 4665 2473 4715 sancte
2511 4655 2698 4712 Prisce
2748 4654 2976 4726 virginis
3015 4654 3312 4710 sentiretur

1715 4753 1857 4823 apud
1880 4750 2205 4807 Cluniacum
2231 4768 2246 4819 ;
2274 4757 2330 4805 et
2356 4747 2632 4819 quoddam
2676 4744 2982 4813 castellum,
3017 4744 3165 4818 quod
3192 4751 3313 4799 erat

1716 4846 2017 4913 desertum,
2046 4843 2191 4899 haud
2219 4841 2461 4915 procula
2503 4839 2769 4896 Cluniaco
2801 4839 2989 4905 situm,
3023 4839 3309 4894 absortum

1718 4934 1820 4990 iret
1848 4934 1901 4991 in
1930 4936 2189 5007 abyssum
2217 4951 2232 5001 ;
2262 4940 2317 4988 et
2338 4932 2597 5002 spatium,
2630 4930 2684 4984 in
2707 4944 2818 5000 quo
2859 4928 3141 4984 castellum
3187 4924 3307 4981 fue-

1724 5036 1828 5095 rat,
1858 5028 2158 5098 repieretur
2187 5041 2333 5097 aqua
2353 5022 2735 5082 inestimabilis
2758 5020 3169 5092 profunditatis.
3200 5017 3313 5076 Νειέ

1721 5128 1811 5175 tus
1861 5128 1945 5175 est
1993 5117 2279 5174 Lundonie
2327 5116 2503 5188 pridie
2549 5115 2820 5171 Kalendas
2860 5111 3059 5177 Martii,
3092 5110 3227 5167 feria
3250 5109 3307 5175 2,

1632 5226 1639 5231 '
1720 5212 1865 5267 filius
1890 5210 2128 5267 Henrico
2167 5210 2283 5282 regi
2317 5210 2618 5281 Anglorum
2659 5223 2726 5263 ex
2773 5222 2945 5262 uxore
2988 5220 3089 5260 sua
3122 5200 3309 5272 regina

1304 5301 1540 5358 VABIAE
1577 5298 1988 5356 LECTIONES.

84 5390 273 5469 fuistis,
316 5397 649 5469 ciu-analogia
681 5398 879 5469 codicis
901 5397 963 5469 E,
995 5398 1118 5453 inde
1140 5397 1206 5451 ab
1228 5416 1280 5453 a.
1298 5396 1474 5469 71140.
1499 5394 1751 5469 turbato,
1774 5395 2093 5469 restituitur.
2128 5390 2413 5469 Sequentia
2443 5390 2629 5469 Mense
2652 5418 2726 5469 τ-
2749 5383 3095 5469 anﬂs‘tant'ini
3121 5381 3311 5469 desint!

83 5457 159 5536 ἕδη
175 5457 403 5523 Ceterum
433 5469 487 5525 in
508 5457 692 5525 verbis
746 5489 764 5520 ε
801 5457 1114 5525 LudovictIs
1149 5485 1243 5525 rex
1272 5468 1361 5522 Fr.
1396 5484 1425 5521 a
1460 5465 1649 5536 incipit
1677 5457 1774 5521 E6.

1882 5466 1951 5499 ⁸⁸⁸
1983 5453 2219 5521 vocatus.
2274 5460 2602 5518 Albanensis
2644 5460 2830 5514 desunt
2855 5457 2940 5511 8b.
2996 5453 3310 5523 llicinripit

86 5526 257 5591 Ποδηεὶ
297 5553 420 5609 opus
452 5541 507 5595 in
530 5540 761 5595 editione
788 5541 1044 5611 principe.
1120 5541 1191 5572 ⁵⁹⁰
1218 5541 1295 5595 ita
1324 5539 1386 5595 Ε.
1413 5536 1530 5594 rell.
1571 5525 1673 5571 ’⁸⁸⁸
1705 5536 1785 5591 ita
1812 5546 2105 5592 correctura
2135 5550 2201 5590 ea:
2228 5533 2417 5589 Marcii
2445 5550 2460 5601 ;
2496 5531 2594 5587 hoc
2615 5530 2805 5584 habent
2830 5527 2914 5581 τι.
2939 5525 3023 5583 8⁸.

93 5646 101 5650 ·
1559 5628 1791 5687 NOT/E.

139 5714 265 5787 (622)
297 5720 633 5782 Feversham.

141 5786 266 5858 (625)
288 5790 463 5853 Potius
491 5796 579 5853 die
612 5795 824 5866 Martis,
845 5795 908 5852 εἰ
945 5794 1069 5854 Dee.
1104 5793 1307 5865 BOUQ.

1816 5723 1943 5779 624)
1985 5720 2328 5779 Ιιιιεισίηίιίτο.
