3906 6316
1955 143 1986 164 β

547 301 652 359 479
1721 284 2086 348 SlGEBEHTl

2265 272 2648 332 BLACENSlS
3719 274 3807 329 ιω

689 422 1032 468 nomxouun.
1180 417 1492 458 ruxxconuu
1663 416 1965 458 ascronux.
2159 401 2204 458 Α
2229 391 2398 446 rendo
2416 404 2585 460 regno
2614 385 2872 442 Hibernic
2897 393 2951 440 ct
2979 391 3280 442 humermo
3313 393 3467 440 lratri
3490 401 3595 456 suo
3617 391 3806 452 catulo,

547 503 865 568 Alienor,et
893 505 1124 551 vocatus
1149 492 1544 550 cstllenricus.
1578 490 1844 548 Henricus
1889 507 1982 546 rex
2015 488 2128 542 An.
2239 500 2362 540 cum
2409 481 2762 538 ohtimatihus
2811 479 2928 536 suis
2975 479 3241 534 tractavit.
3289 478 3448 546 Quod
3496 481 3630 550 quia
3661 485 3806 536 matri

549 593 762 667 glorum
788 583 1184 642 exbereditavit
1212 581 1552 636 Willermum
1581 581 1772 636 Peurel
1811 579 1878 635 de
1903 577 2133 634 Nothin-
2237 577 2354 646 ejus
2377 573 2708 645 imperatriei
2747 589 2854 626 nan
2890 572 3110 642 placuit,
3141 571 3450 627 intermissa
3469 571 3654 631 estad
3694 581 3812 626 lem-

549 661 789 754 guehan,
834 693 1002 734 causa
1053 674 1320 740 veneﬁcii,
1367 671 1512 744 quod
1573 671 1750 727 fuerat
1787 671 2134 742 propinatum
2238 683 2340 738 pus
2391 667 2479 721 illa
2528 665 2823 736 expeditio.
2865 663 3131 720 Henricus
3162 664 3452 734 episcopus
3479 661 3806 730 Winthonie,

549 753 787 828 Hanulfo
836 769 1022 825 comiti
1064 768 1292 824 Ccstrie.
1328 765 1387 820 ln
1425 765 1704 821 consortio
1768 763 1931 834 hujus
1967 761 2136 833 pestis
2237 760 2376 814 clam
2405 759 2672 829 promisso
2699 757 2958 811 thesauro
2988 770 3091 810 suo
3133 770 3228 826 per
3256 755 3508 810 abbatem
3536 753 3810 826 Cluignia-

551 867 733 936 plures
770 861 1060 934 participes
1083 868 1138 916 et
1175 859 1381 916 conscii
1410 857 1658 912 extitisse
1694 855 1970 911 dicuntur.
2021 851 2138 908 H'c
2237 867 2363 906 cum
2391 850 2599 922 absque
2635 848 2856 904 licentia
2895 847 3038 918 regis
3060 857 3114 902 et
3133 847 3288 918 quasi
3327 847 3561 902 latenter
3599 849 3810 905 recessit

553 971 701 1012 anno
736 953 1049 1024 frequenter
1073 957 1400 1007 terremotus
1436 963 1532 1019 per
1573 956 1746 1002 totam
1792 946 2141 1019 quadragesi-
2239 942 2308 997 ab
2356 941 2565 1014 Anglia.
2603 939 2732 996 ldeo
2779 955 2874 996 rex
2926 937 3191 995 Ilenricus
3215 939 3402 996 omnia
3453 940 3684 996 castella
3706 940 3811 1010 ejus

552 1066 699 1107 mam
721 1048 917 1105 accidit
946 1047 998 1101 in
1047 1045 1362 1117 Burgundia.
1387 1052 1441 1098 et
1475 1041 1891 1113 Langobardia;
1943 1041 2006 1094 18
2031 1039 2138 1095 Ka-
2238 1033 2592 1105 pessundedit
2617 1033 2710 1088 "5.

551 1145 740 1201 lendas
769 1143 914 1206 Maii,
945 1140 1080 1196 feria
1103 1140 1137 1194 5
1165 1139 1330 1194 etiam
1361 1136 1504 1208 apud
1549 1134 1785 1190 Montem
1823 1133 1998 1190 sancti
2043 1132 2140 1187 Mi-
2242 1125 2398 1180 1156.
2471 1124 2786 1180 Fredericus
2813 1125 2866 1180 5.
2941 1121 3240 1178 Ludovicus
3279 1122 3363 1178 ll).
3445 1121 3717 1176 Henricus
3761 1123 3807 1176 Ξ.

548 1235 754 1290 chaclis
784 1239 1134 1288 terremotum
1161 1230 1444 1286 sensimus
1457 1236 1585 1283 ante
1609 1227 1742 1282 solis
1762 1235 1964 1282 ortum.
1988 1224 2136 1281 Mor-
2311 1216 2423 1274 Rex
2455 1215 2720 1275 Henricus
2757 1215 3211 1273 transfretaturus
3236 1216 3379 1288 aput
3405 1215 3652 1272 Dovram
3680 1231 3813 1271 mare

551 1338 644 1382 tuo
674 1324 911 1381 Ruberlo
949 1323 1243 1379 Exouiensi
1268 1322 1546 1392 episcopo,
1577 1319 1842 1376 successit
1866 1317 2138 1375 Rohertus
2240 1309 2482 1376 intravit,
2507 1317 2564 1364 et
2597 1309 2807 1380 appulit
2856 1307 3000 1378 apud
3041 1305 3278 1361 Wisant.
3339 1305 3396 1360 In
3441 1306 3811 1376 puriﬁcatime

545 1421 787 1475 deeanus
823 1417 1149 1473 Salcsbcric.
1191 1414 1440 1471 Mortuus
1479 1423 1565 1472 est
1613 1412 1911 1468 Balduinus
1939 1412 2004 1468 de
2031 1409 2087 1465 Rt

2269 1412 2426 1456 ancte
2453 1400 2620 1458 lilarie
2655 1400 2759 1456 fuit
2790 1399 3115 1471 Rothomagi
3137 1417 3153 1466 ;
3177 1408 3231 1454 et
3266 1399 3320 1452 in
3349 1399 3612 1469 sequenti
3663 1399 3810 1453 ebdo-

546 1511 748 1576 divers,
781 1519 836 1566 et
865 1509 1134 1565 successit
1179 1507 1449 1562 Ricardus
1486 1505 1632 1561 ﬁlius
1655 1505 1775 1575 ejus
1813 1503 1906 1558 ⁸⁹².
1947 1501 2138 1558 Domi-
2239 1494 2398 1548 mada
2424 1495 2640 1551 loeutus
2665 1506 2749 1550 est
2773 1508 2900 1566 cum
2923 1507 3048 1564 rege
3085 1491 3420 1546 Francorum
3459 1490 3744 1547 Ludovico
3764 1491 3809 1544 in

548 1603 668 1658 nica
695 1611 819 1672 post
839 1613 1086 1657 octavam
1127 1599 1362 1671 pascite,
1389 1597 1638 1655 videlicet
1678 1597 1713 1652 4
1763 1595 1888 1654 [dus
1911 1595 2135 1667 Aprilis,
2237 1587 2478 1644 conﬁnio
2506 1585 2842 1643 Normannie
2859 1596 2913 1642 et
2943 1583 3193 1640 Franeie.
3222 1583 3350 1639 Inde
3369 1583 3600 1640 rediens
3627 1581 3810 1638 Bothe-

549 1691 816 1748 llenrieus
843 1709 935 1747 rex
967 1691 1110 1763 apud
1141 1688 1526 1762 Warengefort
1560 1687 1690 1744 fecit
1718 1687 2007 1744 obtimates
2033 1687 2138 1742 An.
2167 1747 2210 1763 ἢ
2242 1696 2486 1752 magum,
2513 1688 2782 1736 venerunt
2811 1679 2878 1736 ad
2921 1693 3046 1735 eum
3099 1675 3358 1732 Terrieus
3395 1675 3808 1732 Flandrensium

544 1785 669 1858 glici
695 1785 843 1858 regni
867 1747 1055 1855 jurare
1093 1747 1408 1840 ﬁdelitatem
1437 1781 1742 1838 Guillermo
1771 1780 2133 1852 primogenita
2167 1747 2210 1802 Β
2236 1788 2444 1840 comes,
2470 1781 2526 1828 et
2549 1787 2692 1828 uxor
2720 1772 2862 1842 ejus,
2891 1771 3058 1826 amita
3092 1769 3267 1840 ipsius
3299 1768 3470 1840 regis,
3505 1776 3568 1823 et
3601 1766 3810 1822 Gaulre-

545 1894 668 1942 suo,
715 1877 782 1932 de
821 1892 991 1948 regno
1016 1876 1244 1948 Anglic;
1287 1883 1342 1932 et
1375 1875 1423 1930 si
1465 1874 1606 1929 idem
1657 1889 1791 1944 puer
1841 1873 2133 1928 immatura
2235 1865 2339 1922 dus
2375 1865 2542 1920 frater
2575 1864 2716 1936 ejus.
2750 1862 2859 1919 Sed
2908 1862 3182 1919 Gaufredo
3235 1876 3343 1916 non
3387 1859 3725 1931 suscipienrc
3755 1875 3806 1914 ea

547 1976 724 2021 morte
745 1967 1108 2034 occumberet,
1155 1965 1390 2022 Henrico
1443 1964 1598 2020 fratri
1639 1980 1762 2021 suo.
1803 1963 1989 2034 Sopita
2019 1965 2134 2021 dis—
2234 1972 2340 2029 que
2369 1957 2445 2012 illi
2477 1973 2655 2028 arege
2683 1955 3071 2024 offerebantur,
3111 1953 3339 2010 recessit
3385 1953 3441 2007 in
3474 1952 3811 2024 Andcgavea-

546 2059 766 2124 cordia,
815 2075 921 2131 quc
963 2071 1081 2114 erat
1125 2059 1264 2115 inter
1297 2075 1481 2131 regem
1513 2059 1811 2131 Anglorum
1837 2057 2131 2114 Henrieum
2234 2066 2351 2106 sem
2380 2065 2601 2122 pagum,
2632 2058 2687 2106 et
2717 2065 2811 2104 rex
2841 2047 3110 2104 Henricus
3133 2063 3162 2102 e
3197 2045 3429 2117 vestigio
3485 2045 3648 2100 illum
3693 2043 3804 2098 sub-

542 2159 600 2208 et
641 2151 931 2223 Rogerium
977 2153 1147 2208 lilium
1183 2153 1398 2209 Milonis
1435 2153 1502 2208 de
1548 2152 1882 2208 Gloecestria
1911 2160 2134 2223 propter
2233 2151 2455 2199 secutus
2503 2142 2698 2198 est”.
2727 2141 2884 2197 Circa
2929 2141 3034 2195 hoc
3061 2149 3276 2210 tempus
3307 2137 3675 2194 inundatione
3716 2133 3806 2208 Ty-

545 2253 748 2300 turrem
785 2243 1138 2313 Gloeecstrie,
1166 2244 1320 2318 Hugo
1347 2245 1414 2300 de
1454 2244 1832 2312 Mortuomari,
1862 2243 1948 2299 vir
1979 2259 2135 2299 arro-
2234 2235 2381 2292 beris
2416 2234 2560 2292 facta
2600 2251 2714 2290 non
2757 2233 2994 2300 modica,
3044 2231 3218 2287 Rome
3255 2231 3312 2286 in
3359 2229 3607 2302 quadam
3652 2229 3804 2284 insula

544 2335 903 2406 gantissimus
941 2347 995 2393 et
1043 2337 1109 2393 de
1151 2353 1210 2393 se
1264 2353 1598 2410 presumens
1639 2337 1873 2396 munivit
1910 2336 2138 2394 castella,
2234 2328 2479 2400 ejusdem
2515 2327 2779 2396 fluminis,
2811 2327 2867 2382 in
2905 2325 3192 2382 ecelesiola
3243 2323 3500 2394 antiqua,
3547 2322 3805 2377 inventum

543 2443 644 2486 sua
667 2439 857 2484 contra
883 2445 1082 2502 regem.
1114 2427 1244 2484 Ilico
1271 2446 1368 2484 rex
1399 2429 1668 2486 Henricus
1695 2430 1910 2486 obsedit
1948 2429 2130 2484 omnia
2234 2431 2318 2477 est
2347 2421 2403 2476 in
2429 2421 2666 2493 quodam
2707 2418 2992 2476 sareofaco
3029 2433 3230 2489 corpus
3257 2416 3404 2472 beati
3451 2415 3805 2470 Bartholomei

545 2521 765 2575 mstella
803 2521 995 2591 ipsius,
1025 2521 1076 2576 id
1102 2531 1184 2576 est
1207 2519 1404 2592 Bruge,
1449 2521 1780 2592 Wigemore,
1829 2520 2134 2589 Cleoirerei,
2235 2517 2492 2588 apostoli,
2528 2525 2705 2572 totum
2737 2516 3010 2587 integrum
3047 2520 3272 2584 excepto
3317 2511 3498 2578 corio,
3548 2511 3696 2583 quod
3733 2525 3803 2564 re—

545 2627 781 2680 quorum
809 2611 1061 2667 ultimum
1097 2621 1220 2682 post
1260 2613 1659 2683 aliquantulum
1703 2613 1964 2684 temporis
1991 2615 2135 2684 cepit
2236 2611 2440 2668 mansit
2466 2610 2781 2674 Beneventi,
2805 2608 3026 2680 quando
3049 2605 3190 2662 Otho
3214 2606 3518 2676 imperator
3547 2612 3703 2676 capta
3727 2619 3801 2658 ea-

545 2709 601 2753 ct
625 2700 911 2756 destruxit.
953 2701 1019 2756 15
1043 2701 1314 2758 Kalendas
1355 2699 1504 2768 Julii,
1540 2703 1715 2773 prima
1761 2705 1895 2758 hora
1935 2705 2134 2772 noctis,
2233 2705 2358 2763 dem
2393 2705 2612 2763 civitate
2637 2721 2839 2776 corpus
2860 2701 3092 2774 predieti
3125 2699 3358 2772 apostoli
3387 2699 3676 2755 transtulit
3709 2697 3802 2752 Re-

544 2791 780 2862 eelypsis
813 2793 939 2848 lune
978 2793 1195 2848 accidit.
1245 2793 1428 2851 Iliense
1455 2795 1620 2863 Julio,
1661 2795 1832 2853 Nonis
1865 2798 2131 2874 ejusdem,
2236 2813 2409 2862 mam,
2451 2797 2599 2853 sicut
2640 2797 2748 2852 due
2779 2795 2960 2852 tabulc
2986 2810 3110 2850 erce
3167 2793 3582 2859 demonstrant,
3631 2791 3804 2862 scripta

547 2880 704 2953 Hugo
725 2883 792 2938 de
829 2882 1185 2940 Mortuomari
1213 2885 1532 2957 paciﬁcatus
1559 2897 1644 2942 est
1673 2903 1797 2944 eum
1833 2905 1960 2960 rege
1986 2888 2132 2949 Hen—
2236 2887 2430 2944 litteris
2453 2886 2643 2943 Grecis
2674 2895 2728 2942 et
2757 2885 2988 2953 Latinis,
3036 2899 3144 2955 que
3188 2890 3404 2953 reperte
3443 2880 3676 2938 fuerunt
3699 2897 3800 2936 eum

547 2973 683 3040 rico,
733 2973 958 3031 redditis
1008 2977 1246 3034 castellis
1295 2977 1473 3054 Bruge
1491 2987 1546 3034 et
1571 2978 1902 3052 Wigemore.
1929 2980 2134 3038 Garne—
2235 2995 2468 3050 corpore
2497 2979 2752 3050 apostoli.
2783 2978 3077 3049 Repertum
3106 2984 3191 3032 est
3213 2975 3381 3029 etiam
3425 2973 3484 3028 in
3514 2973 3704 3028 eadem
3725 2988 3802 3028 ec-

547 3065 666 3156 rius
693 3067 864 3123 abbas
918 3067 1465 3139 lilajorismonasterii
1506 3072 1758 3140 moritur,
1788 3082 1842 3128 et
1870 3077 2135 3132 successit
2161 3097 2205 3156 (ς
2235 3071 2403 3127 clesia
2427 3087 2626 3142 corpus
2651 3070 2866 3126 Paulini
2894 3067 3088 3124 Nolani
3116 3063 3694 3138 episcopiﬁaufridus
3711 3065 3803 3119 fra-

544 3154 814 3216 Rabcrtus
840 3161 1060 3216 natione
1086 3159 1254 3218 Brito.
1274 3161 1486 3218 Mortuo
1517 3163 1750 3236 Bogerio
1779 3165 1892 3223 ﬁlio
1917 3165 2134 3225 Milonis
2179 3154 2204 3156 “
2237 3171 2320 3218 ter
2346 3161 2565 3219 Henrici
2593 3163 2738 3233 regis
2778 3162 3101 3232 Anglorum,
3133 3159 3361 3231 expulso
3404 3155 3606 3214 lloello
3631 3157 3800 3215 comite

549 3248 617 3303 de
663 3248 1015 3319 Gloecestria,
1044 3253 1245 3310 comite
1300 3252 1716 3323 Herefordensi,
1761 3257 2030 3314 successit
2082 3258 2140 3315 ei.
2235 3255 2536 3321 Britannic,
2566 3255 2708 3325 cepit
2736 3252 3094 3310 Nanneticam
3125 3252 3426 3318 civitatem,
3467 3251 3798 3308 consentien-

542 3339 814 3399 Gauterus
841 3343 1009 3400 frater
1037 3345 1158 3416 ejus
1191 3347 1246 3402 in
1295 3355 1578 3418 paternam
1633 3349 1987 3406 hereditatem
2013 3360 2134 3406 tan-
2236 3347 2383 3402 tibus
2405 3346 2638 3403 civibus.
2669 3344 3003 3401 Guillermus
3030 3360 3126 3400 rex
3169 3342 3353 3399 Sicilie
3382 3344 3668 3400 civitatem
3713 3341 3798 3396 [lar

543 3439 660 3486 tum
687 3451 702 3499 ;
735 3449 861 3489 nam
885 3437 1200 3492 comitatum
1231 3436 1484 3494 Hercfort
1503 3447 1558 3495 et
1591 3440 1870 3496 civitatem
1899 3442 2131 3498 Gloece--
2236 3437 2483 3496 funditus
2513 3440 2730 3504 evertit,
2752 3446 2934 3508 preter
2980 3437 3265 3492 ecclesiam
3316 3437 3496 3492 sancti
3539 3435 3796 3498 Nicholai;

540 3525 674 3580 strie
698 3541 790 3581 rex
813 3525 1080 3584 Henricus
1117 3531 1340 3586 retinuit
1367 3531 1422 3585 in
1465 3547 1632 3586 manu
1664 3548 1784 3588 sua.
1811 3532 2134 3589 Fredericus
2233 3533 2364 3604 quia
2395 3532 2541 3588 cives
2567 3531 2715 3588 illius
2753 3530 2942 3586 Grecis
2969 3529 3234 3598 faventes,
3261 3530 3608 3600 nequissime
3635 3539 3798 3585 contra

542 3632 636 3671 rex
683 3616 1110 3708 Alemannorum
1159 3621 1392 3678 Romam
1437 3624 1695 3694 perrexit,
1719 3625 1864 3680 etab
1890 3625 2137 3682 Adriano
2234 3626 2413 3696 ipsum
2435 3625 2903 3697 eoaspiraverant.
2949 3623 3154 3680 Grecos
3194 3623 3360 3678 etiam
3401 3631 3554 3680 terra
3599 3631 3654 3679 et
3681 3623 3794 3678 mari

539 3723 678 3780 papa
704 3719 894 3766 contra
937 3711 1313 3768 Romanorum
1360 3713 1696 3768 voluntatem
1730 3724 1982 3786 receptus
2003 3725 2055 3772 et
2076 3717 2133 3771 in
2234 3719 2375 3774 idem
2413 3734 2508 3774 rex
2537 3717 2834 3790 superavit,
2858 3724 2914 3773 et
2945 3715 3014 3772 de
3037 3715 3228 3788 spoliis
3269 3731 3466 3771 eorum
3515 3716 3794 3786 locupletr

536 3803 769 3858 ecclesia
817 3804 960 3858 beati
990 3803 1137 3860 Petri
1181 3805 1236 3859 in
1268 3806 1652 3876 imperatorem
1682 3807 1751 3863 ab
1789 3823 1855 3864 eo
1889 3819 1972 3864 est
2001 3827 2132 3866 eon-
2233 3821 2320 3868 tus
2343 3821 2447 3878 est,
2479 3819 2537 3867 et
2566 3827 2631 3867 ea
2657 3827 2763 3883 que
2784 3809 3098 3882 perdiderat
3120 3807 3344 3864 castella
3373 3818 3430 3864 et
3465 3809 3712 3872 civitates
3749 3807 3794 3860 in

537 3902 807 3948 seei-atus.
862 3891 1066 3950 Valens
1095 3907 1278 3953 autem
1327 3900 1469 3957 ultra
1515 3902 1791 3974 progredi,
1841 3903 2049 3961 scilicet
2075 3906 2129 3961 in
2225 3906 2319 3975 jus
2344 3905 2634 3975 proprium.
2653 3902 2949 3960 revocavit.
2977 3901 3384 3957 Exhereditavit
3421 3900 3600 3956 etiam
3651 3897 3796 3954 comi-

537 3979 812 4053 Apuliam,
847 4016 918 4024 ——
947 3987 1304 4045 eondixerant
1337 3993 1482 4046 enim
1507 3993 1613 4048 sibi
1649 4011 1745 4064 per
1767 3995 1974 4067 legatos
1999 4015 2130 4055 suos
2233 4006 2337 4054 tem
2371 3996 2674 4058 Robertum
2705 3997 2773 4052 de
2800 3994 3106 4052 Basenvilla
3137 4002 3430 4066 cognatum
3465 4010 3652 4059 suum,
3687 3993 3791 4062 quia

539 4075 654 4144 ipse
679 4085 733 4131 et
766 4077 982 4134 lllanuel
1013 4081 1310 4152 imperator
1331 4084 1996 4160 Constantinopolitanus,
2029 4093 2124 4162 qui
2229 4091 2300 4146 ab
2325 4091 2444 4161 ipso
2466 4091 2792 4149 desciverat.
2817 4086 3220 4144 Niehilominus
3253 4102 3376 4142 cum
3406 4101 3552 4157 papa
3581 4086 3792 4141 Adriano

537 4168 770 4224 duxerat
824 4186 1068 4228 sororem
1095 4174 1216 4246 ejus
1261 4177 1353 4247 ⁸³³,
1387 4189 1445 4234 ut
1477 4181 1755 4238 venientes
1796 4197 1862 4237 ex
1897 4167 2127 4238 diversis
2228 4197 2418 4251 pacem
2449 4180 2598 4247 fecit,
2622 4173 2972 4236 concedendo
3015 4179 3066 4234 ei
3109 4177 3562 4235 consecrationes
3603 4176 3790 4247 episco~

537 4260 788 4330 partibus
813 4266 1214 4333 pessundarent
1243 4287 1470 4342 regnum
1489 4272 1682 4344 Apulie
1712 4283 1971 4346 etreng
2006 4277 2126 4347 ejus
2229 4288 2423 4344 porum
2461 4273 2617 4345 regni
2673 4273 2757 4330 sui
2798 4281 2854 4328 et
2893 4271 3150 4339 ducatus,
3187 4271 3331 4327 sicut
3376 4270 3682 4342 antiquitus
3715 4285 3791 4323 eas

533 4352 896 4411 Guillermum
919 4387 991 4396 —-
1011 4368 1217 4416 mutata
1239 4363 1488 4432 protinus
1511 4366 1784 4421 voluntate
1808 4367 1861 4422 in
1892 4368 2124 4438 patriam
2231 4365 2422 4424 habuit
2445 4365 2675 4421 ecclesia
2703 4365 2950 4420 Romana
2978 4383 2994 4430 ;
3023 4365 3168 4420 unde
3193 4363 3473 4420 discordia
3523 4363 3696 4418 fuerat
3720 4362 3786 4414 in-

535 4458 691 4500 suam
723 4462 782 4502 se
811 4449 1033 4520 recepit.
1064 4449 1175 4508 Nec
1219 4463 1398 4510 tamen
1453 4454 1753 4514 Guillermo
1783 4459 1896 4530 regi
1932 4459 2126 4530 Apulia
2158 4454 2202 4513 ἰ)
2233 4465 2314 4513 ter
2338 4467 2546 4528 patrem
2579 4473 2740 4514 suum
2766 4474 2948 4530 regem
2979 4457 3296 4529 Hogerium,
3338 4464 3395 4512 et
3437 4455 3783 4512 Innocentium

535 4533 735 4592 lcllum
779 4539 968 4596 defuit.
1015 4541 1150 4598 Nam
1197 4545 1468 4604 Rohertus
1504 4565 1690 4606 eomes
1728 4551 1796 4607 de
1836 4549 2122 4618 Basevilla,
2227 4549 2606 4621 etEugenium
2637 4535 2930 4607 Romanos
2961 4551 3265 4622 pontiﬁces.
3313 4548 3464 4605 ldem
3513 4566 3640 4605 vero
3674 4562 3780 4618 apo-

537 4627 628 4697 qui
660 4639 776 4685 erat
801 4644 1066 4704 cognatus
1095 4637 1166 4668 3”
1189 4639 1328 4709 ejus,
1357 4650 1410 4696 et
1460 4640 1728 4698 Hieardus
1755 4643 1821 4698 de
1853 4641 2009 4714 Ling.
2039 4660 2079 4699 ei

2243 4641 2457 4696 itolirus
2505 4643 2784 4697 concessit
2829 4643 2879 4696 ei
2931 4658 3162 4714 regnum
3217 4640 3401 4697 Sicilie
3451 4652 3507 4698 et
3557 4641 3785 4696 ducatum

535 4733 652 4772 mes
702 4721 923 4793 Andrie,
973 4737 1228 4800 putantes
1274 4749 1454 4804 regem
1501 4744 1800 4802 mortuum,
1851 4753 1978 4792 eum
2014 4754 2124 4792 non
2228 4735 2421 4804 Apulie
2450 4742 2504 4790 et
2527 4735 2892 4806 principatum
2939 4733 3124 4806 Capue
3151 4734 3242 4789 ⁸³⁷.
3275 4733 3334 4788 in
3365 4735 3578 4790 octavis
3623 4741 3781 4804 pcata-

535 4821 700 4876 esset,
731 4845 802 4854 —-
827 4827 1168 4888 egrotaverat
1213 4825 1382 4892 enim,
1415 4827 1508 4881 sed
1549 4835 1728 4882 tamen
1770 4837 1958 4900 postea
1989 4846 2123 4885 con-
2228 4838 2408 4884 costus
2438 4827 2580 4899 llugt
2618 4827 3077 4900 Rothomagensis
3111 4828 3565 4899 archiepiscopus
3601 4835 3654 4882 et
3695 4823 3781 4878 lle—

534 4901 795 5008 3’31""..—
817 4923 914 4977 per
935 4927 1160 4983 regnum
1188 4914 1380 4986 Apulie
1400 4919 1639 4989 graviter
1659 4921 1945 4978 debachati
1972 4930 2122 4979 sunt.
2229 4927 2417 4974 trocus
2462 4917 2812 4975 Ebroicensis
2867 4927 2923 4972 et
2965 4917 3235 4974 Ricardus
3269 4918 3701 4974 Constanliensis
3740 4921 3782 4966 cl

532 4993 692 5052 Circa
724 4997 925 5056 festum
979 5007 1153 5062 sancti
1197 5007 1474 5067 lli-iehaelis
1505 5010 1772 5071 Henricus
1801 5031 1896 5070 rex
1925 5014 2126 5087 Anglo-
2228 5010 2526 5068 Herhcrtus
2549 5011 2965 5068 Abrineatensis
2986 5010 3225 5082 episcopi
3268 5009 3415 5080 apud
3450 5008 3780 5066 Monetoaiual

534 5103 678 5156 rum,
729 5091 916 5148 habito
966 5098 1200 5153 concilio
1235 5102 1379 5172 apud
1426 5101 1753 5172 Winccslt'e,
1797 5106 1864 5162 de
1894 5106 2154 5178 conqui—'
2227 5106 2546 5162 levaverunt
2573 5121 2775 5178 corpus
2813 5105 2960 5162 beati
3010 5103 3259 5160 Firmati.
3301 5103 3440 5159 Cum
3485 5115 3660 5162 autem
3707 5116 3780 5155 πο

1817 5221 2057 5277 VARIIE
2095 5220 2503 5277 LECTIONES.

605 5299 960 5390 ξ’ξξιλξοηιριιξ
987 5307 1208 5390 ξ-Ιοὶξεδ
1250 5309 1454 5390 desunt
1503 5311 1591 5390 8P.
1691 5315 1762 5348 ⁸³³
1785 5332 1841 5386 q.
1901 5317 1956 5372 d.
1995 5331 2078 5390 s_.__
2110 5331 2203 5390 e_._g
2224 5316 2334 5390 iam
2362 5332 2520 5390 erasa
2555 5324 2676 5390 sunt
2699 5317 2756 5369 in
2777 5312 2839 5368 E.
2913 5314 2984 5390 "'f
3010 5315 3420 5390 “experrectum
3445 5313 3504 5366 in
3537 5309 3593 5364 Ε.
3639 5305 3780 5383 Prin}!

533 5370 749 5458 fuerat:
785 5370 1193 5458 qlii‘l'ﬁpi‘bﬁlt
1239 5381 1588 5458 jll'coujugio
1623 5370 1932 5458 cognaiam.
2011 5387 2079 5419 ⁸⁸³⁵
2129 5370 2235 5442 Hic
2277 5387 2474 5442 desinit
2525 5387 2702 5458 prima
2744 5402 2933 5458 manus
2965 5385 3020 5458 in
3055 5383 3601 5458 8§.,_qut_c_lmcusque
3625 5375 3778 5458 φρκξι

531 5445 768 5528 W928“.-
833 5446 915 5528 .m
953 5445 1055 5500 "i0
1081 5449 1274 5504 άεδίηίί
1298 5445 1473 5520 prima
1501 5445 1721 5528 iuuans"
1730 5457 1786 5510 in
1808 5457 1871 5514 Ε.
1907 5458 2038 5524 Qua:
2056 5460 2312 5528 sequitur,
2337 5459 2504 5528 ipsius
2525 5445 2737 5512 'vidctur
2759 5473 2870 5528 esse
2895 5455 3130 5510 Ποίων-εὶ.
3153 5445 3366 5509 Desinit
3384 5445 3594 5528 gumiae
3643 5449 3692 5503 3.
3732 5445 3776 5528 illi

530 5513 701 5596 FW“
728 5515 1170 5596 Ατῑᾴθεηνοιιεθιη
1197 5513 1418 5596 βρέμων
1440 5526 1628 5595 quibus
1650 5527 1762 5581 alia
1791 5513 1976 5583 manus
1998 5513 2218 5583 addidit
2246 5546 2264 5584 :
2291 5513 2416 5585 eu'm
2449 5530 2523 5584 ita
2549 5527 2835 5594 coartavit,
2863 5536 2924 5582 ut
2950 5542 3134 5581 secum
3163 5541 3348 5596 pacem
3379 5513 3550 5578 facere
3569 5515 3776 5586 compd-

532 5580 700 5670 Eﬁclr
724 5580 1042 5670 ημιιυῖξιψιο
1069 5605 1138 5670 0x
1161 5580 1561 5670 casti'llis'q'uos
1584 5580 2416 5670 tenebat”rei"relicuidipreter"
2437 5580 2840 5654 Nai‘nh‘éiéii‘scni
2874 5580 3129 5670 '_i.ri.¢m;
3157 5580 3442 5666 pecuniam
3490 5603 3662 5670 tamen
3685 5580 3774 5670 ἰι-’ς

530 5653 1060 5745 Ξξξξοξξίξιεξωειεεᾳ
1092 5663 1140 5716 (‘i
1189 5652 1796 5745 flatu-rum-_promis‘it.ij
1835 5652 1903 5703 ’δέ
1929 5652 2740 5726 ΡὸὲίίιίὲεᾞέΕίαινᾱηιὲιξέὰὴι
2766 5667 2924 5723 oculo
2950 5652 3223 5733 mutatur;
3262 5682 3445 5723 mmms
3475 5659 3667 5730 eadem,
3697 5652 3772 5710 ἱρά

531 5733 650 5776 σιω
677 5727 872 5779 υιοίιςὶη
909 5727 1144 5786 habitum
1182 5735 1370 5790 iuridit
1411 5727 1582 5793 minus
1615 5739 1837 5796 cultum.
