3906 6316
107 435 195 492 189
843 415 1220 478 CHRONICA.
1263 443 1332 453 ——
1366 409 1634 468 AUCTAF

1736 407 1778 462 Μ
1818 403 2122 464 ROBERTI
2159 406 2248 462 DE
2285 405 2542 464 ΜΟΝΤΕ.

1676 526 1724 583 Α
1747 525 1932 580 vensis
1962 530 2017 579 et
2058 525 2168 580 dux
2204 523 2626 595 Aquitanorum,
2656 531 2876 579 mortuo
2915 532 3071 596 patre
3105 524 3346 596 predicte

193 557 522 602 ROIANORUU.
701 551 1040 592 FRANCORUI.
1224 543 1526 588 Ακςιθιιωί.

61 603 182 695 ‘cus
198 653 282 691 rex
303 633 618 704 Anglorum,
635 639 689 685 et
704 627 1047 682 Raimundus
1072 638 1257 681 eomes
1278 622 1652 676 Barcinonen-

102 732 180 796 sis,
205 727 333 798 apud
363 733 600 780 castrum
627 722 868 777 Blaviam
907 717 1054 788 (6'50)
1079 714 1346 772 amicicize
1367 712 1521 768 fedus
1551 712 1649 766 da-

100 824 154 878 tis
184 818 526 876 sacramentis
570 817 676 871 hoc
716 823 875 884 pacto
901 812 1162 876 inierunt,
1198 804 1346 878 quod
1378 803 1649 859 Ricardus

99 914 217 969 lllius
235 911 370 981 regis
394 908 556 962 ﬁliam
589 906 806 962 comitis
828 913 1071 972 tempore
1091 908 1364 971 oportuno
1383 904 1526 954 esset
1547 895 1650 949 du-

97 1016 270 1066 cturus,
293 1011 342 1056 et
367 1018 458 1055 rex
484 1001 742 1054 ducatum
766 994 1056 1066 Aquitanie
1084 993 1191 1048 illis
1215 991 1422 1046 exactis
1443 988 1648 1058 nuptiis

97 1077 442 1152 concessurus.
487 1090 766 1162 Siquidem
797 1089 886 1144 hic
909 1085 1252 1140 Raimundus
1281 1093 1367 1139 est
1396 1081 1542 1154 (651)
1563 1080 1649 1134 vir

93 1193 344 1255 prrpotens
376 1191 431 1236 et
472 1181 644 1245 dives,
682 1186 868 1248 utpote
911 1176 1004 1246 qui
1032 1189 1263 1245 regnum
1298 1171 1645 1243 Arragonum

93 1275 254 1329 habeat
276 1288 338 1326 er:
367 1271 664 1326 hereditate
688 1267 937 1339 conjugis
960 1280 1191 1332 suae,-ex
1211 1272 1433 1335 paterna
1461 1270 1643 1317 autem

92 1365 350 1420 hereditate
395 1364 716 1418 comitatum
746 1359 984 1416 civitatis
1012 1357 1337 1412 Barcinone.
1385 1353 1457 1410 Ut
1494 1354 1644 1409 enim

89 1453 447 1524 aliquantulum
495 1454 563 1508 ad
606 1460 882 1508 transacta
931 1450 1267 1505 redeamus:
1302 1447 1493 1502 Santio
1547 1461 1643 1500 rex

89 1545 389 1612 Art-agonum
414 1543 602 1613 genuit
628 1552 740 1598 tres
774 1541 939 1608 filios,
973 1540 1067 1611 qui
1092 1539 1198 1595 sibi
1229 1538 1472 1594 vicissim
1509 1552 1640 1592 suc~

89 1642 352 1700 cesserunt,
379 1634 730 1700 Santionem,
756 1631 1094 1698 Anfortium,
1128 1629 1456 1685 Remelium.
1493 1628 1643 1683 Duo-

89 1722 170 1777 bus
193 1738 309 1776 vero
339 1724 718 1795 primogenitis
740 1723 846 1779 sibi
871 1722 1106 1778 invicem
1140 1720 1559 1776 succedentibus
1587 1727 1642 1775 et

89 1814 256 1882 absque
295 1815 417 1869 ﬁliis
452 1816 861 1880 decedentibus,
907 1829 977 1870 ne
1014 1828 1246 1885 regnum
1293 1812 1426 1867 illud
1451 1811 1520 1866 ab
1545 1826 1641 1866 ex-

3230 407 3339 467 490

1753 617 1947 685 puelle,
1971 631 2096 672 eum
2123 616 2424 671 hereditate
2451 615 2694 686 propria,
2730 616 2940 672 scilicet
2971 617 3108 672 urbe
3143 615 3345 674 Tolosa

1752 714 1807 761 et
1835 708 2096 761 comitatu
2128 706 2424 773 Tolosauo,
2444 706 2602 761 duxit
2627 721 2894 774 uxorem;
2925 722 2993 762 ex
3020 723 3128 779 qua
3159 710 3347 780 genuit

1753 796 1895 852 idem
1936 797 2266 854 Guillermus
2295 798 2478 875 ﬁlium
2492 797 2852 853 Guillermum
2885 799 3130 866 nomine,
3168 801 3263 870 qui
3293 801 3346 855 ei

1750 890 2033 958 successit,
2058 892 2151 962 qui
2172 900 2327 962 pater
2353 890 2456 945 fuit
2476 890 2699 946 Alienor
2725 890 2913 964 regine
2934 892 3259 963 Anglorum.
3289 892 3346 947 Si

1749 981 1874 1051 quis
1909 991 2090 1037 autem
2116 983 2375 1052 requirit,-
2393 983 2672 1052 quomodo
2707 962 2894 1052 postea
2937 962 3124 1039 comes
3157 962 3364 1078 Sanctii

1749 1071 1925 1145 Egidii
1955 1074 2146 1130 habuit
2170 1075 2446 1131 civitatem
2479 1072 2757 1161 Tolosam,
2788 1076 3026 1144 noverit,
3053 1075 3198 1146 quod
3224 1090 3347 1145 pre-

1747 1167 1927 1223 dictus
1953 1167 2269 1224 Willermus
2287 1181 2475 1223 comes
2503 1166 2842 1223 Pictavensis
2874 1167 3176 1224 invadiavit
3209 1182 3346 1222 ean-

1745 1258 1872 1315 dem
1913 1259 2183 1316 civitatem
2229 1257 2544 1314 Raimundo
2577 1258 2763 1314 comiti
2798 1259 2985 1314 Sancti
3014 1257 3212 1330 Egidii,
3241 1274 3344 1330 pa-

1745 1357 1871 1406 truo
1924 1353 2112 1408 uxoris
2161 1367 2281 1418 sue,
2329 1359 2553 1422 propter
2604 1351 2929 1421 pecuniam,
2983 1366 3150 1422 quam
3198 1351 3342 1407 idem

1744 1441 2076 1500 Guillermus
2139 1444 2196 1498 in
2257 1443 2602 1514 expeditione
2647 1441 3087 1499 Jerosolimitana
3139 1458 3344 1513 expen-

1743 1535 1825 1590 dit
1859 1534 2044 1607 (653);
2083 1536 2228 1591 unde
2254 1535 2396 1591 idem
2437 1535 2782 1592 Raimundus
2817 1535 2872 1590 in
2914 1535 3058 1591 libro
3093 1536 3342 1607 ejusdem
3409 1609 3412 1612 ἢ

1742 1626 2103 1696 expeditionis
2127 1643 2273 1683 nunc
2312 1643 2500 1684 comes
2545 1626 2730 1684 Sancti
2762 1627 2960 1699 Egidii,
2985 1643 3130 1683 nunc
3153 1641 3342 1684 comes

1743 1717 2051 1776 Tolosanus
2078 1727 2320 1775 vocatur.
2355 1718 2477 1786 Quo
2499 1727 2719 1775 mortuo
2749 1720 2944 1774 habuit
2984 1719 3213 1774 eandem
3245 1734 3334 1774 ur.

1741 1811 1864 1866 bem
1899 1810 2192 1867 Anforsius
2220 1811 2364 1868 filius
2394 1811 2537 1882 ejus,
2570 1812 2664 1882 qui
2692 1812 2834 1882 apud
2862 1810 3163 1867 Jerusalem
3190 1826 3340 1864 mor-

91 1906 257 1961 traneis
299 1918 690 1978 occuparetur,
744 1907 1050 1964 Remelium
1103 1905 1436 1961 monachum
1475 1903 1640 1959 etiam
1674 1899 1717 1954 B
1745 1909 1872 1958 tuus
1899 1911 1982 1958 est
2011 1901 2204 1958 eodem
2231 1910 2498 1973 tempore,
2529 1917 2641 1972 quo
2681 1901 2992 1958 Ludovicus
3027 1918 3124 1957 rex
3159 1901 3338 1956 Fran—

90 1997 172 2064 iam
199 2014 390 2064 senem,
415 1999 638 2054 licentia
661 1997 895 2054 Romani
937 1997 1214 2068 pontificis
1240 2013 1272 2052 a
1301 1992 1637 2051 monasterio

92 2088 375 2142 abstractum
407 2105 592 2160 regem
624 2088 870 2144 fecerunt
895 2105 909 2154 ;
939 2095 994 2142 et
1016 2097 1075 2143 ut
1103 2087 1359 2143 heredem
1390 2085 1634 2150 haberet,

90 2177 356 2234 Mathihlem
401 2189 637 2236 matrem
681 2178 953 2235 Willermi
978 2178 1315 2235 vicecomitis
1337 2175 1534 2232 Toarci
1559 2174 1636 2228 illi

89 2269 474 2339 associavcrunt,
531 2288 596 2327 ex
632 2288 742 2343 qua
786 2272 975 2344 genuit
1018 2286 1185 2326 uuam
1239 2270 1426 2336 ﬁliam,
1468 2284 1636 2338 quam

88 2359 381 2419 liaimundus
407 2365 690 2435 predictus
724 2380 912 2420 comes
944 2363 1129 2430 duxit;
1160 2364 1227 2418 de
1253 2377 1361 2433 qua
1399 2372 1525 2418 nata
1552 2371 1638 2419 est

86 2453 165 2509 ista
189 2457 370 2524 puella,
400 2473 571 2527 quam
596 2459 706 2514 filio
740 2457 885 2529 regis
911 2457 1151 2512 diximus
1173 2455 1557 2525 copulandam,
1583 2463 1637 2511 et

86 2548 199 2602 filius
222 2549 331 2618 ejus
353 2551 756 2622 primogenitus
781 2552 1124 2620 Arragonum
1155 2564 1250 2603 rex
1280 2547 1520 2604 futurus.
1549 2547 1636 2603 Si-

85 2639 259 2707 quidem
285 2641 394 2710 ipse
429 2657 644 2709 comes,
676 2642 927 2712 quamvis
956 2641 1181 2696 haberet
1204 2641 1433 2711 regnum
1467 2639 1636 2695 Arra-

85 2744 268 2797 gouum,
295 2741 347 2788 et
372 2743 562 2804 posset
591 2750 686 2788 rex
723 2735 841 2788 ﬁeri
873 2733 920 2788 si
953 2734 1133 2800 vellet,
1173 2733 1397 2788 omnino
1418 2748 1636 2789 recusa—

84 2819 156 2885 vit,
181 2838 385 2894 regnum
410 2841 704 2881 reservans
731 2824 843 2879 ﬁlio
871 2839 994 2892 suo,
1024 2824 1172 2895 quod
1196 2823 1478 2880 accidebat
1497 2825 1548 2880 ei
1565 2841 1634 2882 ex

86 2921 284 2970 materna
308 2917 648 2987 geneaIOgia.
677 2915 789 2971 Hoc
803 2917 968 2972 etiam
990 2932 1138 2971 anno
1154 2958 1169 2983 ,
1196 2917 1336 2972 sicut
1369 2926 1424 2973 et
1444 2933 1633 2988 prece-

85 3001 216 3070 denti,
238 3005 556 3065 Fredericus
580 3010 876 3080 imperator
893 3009 1284 3064 Alemanerum
1316 3011 1508 3065 urbem
1521 3009 1632 3066 Me-

84 3092 404 3154 diolanensetn
418 3101 659 3165 obsidet,
678 3101 805 3171 quia
820 3101 1215 3156 rebellaverant
1227 3101 1490 3158 adversus
1503 3115 1627 3156 eum

84 3183 196 3238 idem
218 3186 658 3246 Mediolanenses.
679 3190 844 3261 Papie
855 3190 1197 3247 etPlacentie
1212 3200 1392 3248 turres
1409 3191 1626 3262 dejecit,

1739 2007 1929 2048 corum
1978 1995 2153 2065 gratia
2198 1994 2464 2050 orationis
2513 1994 2644 2048 illuc
2691 2003 3024 2063 perrexerat.
3075 1992 3339 2048 Similiter

1736 2085 1903 2140 etiam
1943 2084 2288 2142 Raimundus
2318 2086 2463 2142 ﬁlius
2509 2086 2652 2157 ejus,
2681 2086 2776 2156 qui
2813 2085 2865 2140 ei
2910 2086 3207 2152 successit,
3239 2085 3336 2156 qui

1737 2176 1929 2233 habuit
1949 2177 2005 2232 in
2045 2179 2303 2250 conjugio
2336 2178 2735 2245 Constantiam,
2783 2193 3029 2234 sororem
3072 2175 3338 2234 Ludovici

1734 2267 1963 2340 predicti
1989 2269 2134 2340 regis
2159 2269 2522 2336 Francorum,
2547 2271 2790 2326 relictam
2818 2269 3029 2325 scilicet
3049 2268 3334 2325 Eustachii

1735 2361 1974 2429 comitis,
2009 2360 2106 2416 ﬁlii
2150 2359 2411 2431 Stephani
2462 2361 2609 2432 regis
2641 2361 2965 2432 Anglorum.
3017 2359 3133 2416 Rex
3168 2361 3336 2432 igitur

1737 2452 2006 2510 Henricus
2038 2453 2216 2510 iturus
2244 2453 2299 2506 in
2328 2452 2734 2523 expeditionem
2765 2453 3089 2522 predictam,
3117 2461 3172 2508 et
3202 2437 3335 2507 con—

1735 2541 1986 2599 siderans
2026 2539 2426 2614 longitudinem
2470 2548 2526 2594 et
2565 2539 2937 2596 difficultatem
2981 2542 3088 2610 vie,
3140 2541 3335 2596 nolens

1733 2646 1935 2688 vexare
1955 2631 2200 2702 agrarios
2222 2631 2444 2698 milites,
2473 2645 2575 2686 nec
2595 2630 2952 2701 burgensium
2975 2646 3079 2687 nec
3101 2629 3335 2685 rustico-

1733 2739 1858 2780 rum
1889 2722 2320 2790 multitudinem,
2353 2723 2588 2794 sumptis
2613 2721 2684 2777 60
2715 2722 2908 2778 solidis
2935 2723 3335 2794 Andega‘vensi-

1735 2813 1838 2871 bus
1860 2814 1917 2870 in
1944 2812 2275 2887 Normannia
2306 2814 2375 2868 de
2395 2813 2558 2870 feudo
2596 2815 3035 2887 uniuscujusque
3063 2815 3252 2882 lorice,
3279 2813 3335 2870 ct

1733 2907 1801 2964 de
1825 2907 2052 2978 reliquis
2067 2906 2325 2962 omnibus
2352 2913 2465 2960 tam
2492 2906 2548 2960 in
2569 2904 2906 2962 Nortnannia
2937 2923 3105 2979 quam
3133 2907 3190 2961 in
3213 2907 3331 2961 An-

1734 3001 1843 3073 glia
1874 2999 1990 3057 sive
2009 3000 2173 3056 etiam
2199 2999 2324 3054 aliis
2355 2998 2516 3054 terris
2545 2999 2682 3066 suis,
2714 3001 3017 3055 secundum
3046 3000 3150 3056 hoc
3183 2998 3331 3070 quod

1732 3093 1783 3151 ei
1802 3093 1986 3150 visum
2012 3091 2135 3158 fuit,
2161 3091 2421 3161 capitales
2447 3091 2683 3148 barones
2708 3106 2840 3148 suos
2864 3107 2990 3148 cum
3017 3092 3210 3162 paucis
3239 3105 3331 3146 se-

1734 3201 1862 3242 cum
1885 3187 2062 3256 duxit,
2107 3189 2399 3246 solidarios
2439 3203 2572 3245 vero
2609 3190 2811 3246 milites
2863 3189 3200 3245 innumeros.
3245 3189 3328 3245 Ad

33 3280 40 3287 ‘
84 3281 123 3326 et
140 3273 230 3332 fere
249 3295 452 3335 omnem
468 3245 913 3352 Lungoliardiam
929 3281 999 3336 ad
1014 3282 1228 3336 libitum
1252 3281 1355 3337 sibi
1372 3245 1627 3352 subjecit:
1657 3245 1706 3312 θ
1736 3276 1884 3332 illam
1905 3245 2474 3348 vero'expeditionem
2520 3293 2645 3334 cum
2681 3278 2908 3349 reliquis
2946 3279 3326 3334 transmarinis

136 3364 367 3425 Mediante
402 3381 594 3426 autem
622 3372 1040 3443 quadragesima
1074 3388 1170 3428 rex
1211 3371 1344 3428 fecit
1374 3387 1631 3428 summo-

82 3456 168 3512 veri
189 3461 471 3517 exercitum
499 3463 672 3519 totius
699 3461 1052 3531 Normannie,
1075 3462 1288 3532 Anglic,
1313 3464 1629 3533 Aquitanie,

84 3555 124 3599 et
148 3558 419 3606 ceterarum
451 3553 890 3623 provinciarum,
923 3568 1029 3623 que
1079 3553 1185 3608 sibi
1228 3554 1444 3610 subdite
1478 3564 1628 3622 sunt,

82 3638 180 3705 quia
205 3638 536 3698 liaimuudus
561 3636 746 3700 comes
788 3643 974 3698 Sancti
1019 3642 1194 3715 Egidii
1229 3645 1396 3702 nollet
1421 3646 1472 3703 ei
1501 3648 1630 3703 red-

82 3727 178 3784 dere
194 3732 449 3790 civitatem
471 3734 698 3802 Tolose,
721 3752 887 3806 quam
909 3751 1005 3792 rex
1036 3737 1347 3808 requirebat
1375 3739 1518 3795 sicut
1539 3740 1632 3795 he-

82 3821 313 3880 reditatem
345 3830 540 3884 uxoris
572 3844 671 3884 sue
696 3829 920 3883 Alienor
949 3830 1154 3901 regine.
1196 3828 1477 3901 Siquidem
1513 3829 1627 3885 Ro-

81 3911 230 3970 bcrtus
272 3935 450 3977 comes
506 3919 806 3986 Moritonii,
845 3922 1094 3977 uterinus
1152 3920 1318 3977 frater
1358 3922 1626 3978 Willermi

81 4006 207 4076 regis,
232 4013 318 4081 qui
357 4029 588 4082 regnum
617 4013 808 4085 Anglic
851 4014 1188 4086 subjugavit,
1219 4015 1411 4070 habuit
1453 4031 1626 4071 unum

80 4093 214 4152 filium
247 4099 628 4170 Guillermum,
659 4103 754 4173 qui
782 4104 832 4158 ci
861 4104 1146 4170 successit,
1180 4112 1233 4158 et
1270 4105 1414 4175 apud
1453 4104 1628 4161 Tene-

80 4185 256 4244 chebrai
279 4208 307 4246 a
334 4209 457 4265 rege
478 4193 785 4267 Anglorum
809 4197 986 4266 primo
1009 4194 1245 4251 Henrico
1271 4197 1325 4251 in
1352 4198 1495 4252 bello
1529 4214 1624 4254 ca-

77 4285 175 4341 ptus
195 4290 269 4336 est
298 4292 385 4338 :et
413 4295 530 4340 tres
553 4286 717 4353 ﬁlias,
745 4303 976 4357 quarum
999 4303 1166 4342 unam
1189 4288 1346 4342 duxit
1379 4288 1626 4345 Andreas

77 4365 127 4458 de
161 4368 358 4442 Vitreio,
402 4377 571 4458 aliam
620 4377 797 4433 Guido
840 4379 922 4434 dc-
954 4378 1139 4446 Laval,
1172 4380 1393 4435 terciam
1439 4395 1625 4438 comes

78 4456 338 4522 Tolosanus
383 4456 576 4538 (63:2),
623 4468 790 4524 frater
836 4469 1130 4527 Raimundi
1171 4473 1388 4528 comitis
1437 4471 1623 4528 Sancti

78 4545 232 4620 Egidii,
257 4559 344 4626 qui
373 4559 429 4614 in
464 4561 814 4630 expeditione
847 4560 1278 4618 lerosolimitana
1304 4565 1533 4619 viriliter
1564 4580 1624 4620 se

78 4646 244 4707 habuit.
277 4655 470 4712 Genuit
495 4666 676 4713 autem
708 4675 775 4714 ex
809 4674 870 4714 ea
901 4666 1088 4716 comes
1110 4659 1416 4716 Tolosanus
1451 4676 1616 4716 unam

79 4740 370 4803 solummodo
415 4749 610 4817 ﬁliam,
652 4766 817 4821 quam
854 4751 1184 4808 Guillermus
1212 4767 1395 4808 comes
1439 4752 1618 4808 Picta-

1733 3371 1885 3427 venit
1903 3368 2183 3426 Macomus
2205 3386 2303 3426 rex
2333 3366 2537 3438 Scotie,
2569 3378 2623 3426 et
2643 3386 2675 3424 a
2701 3386 2828 3441 rege
2853 3370 3086 3426 Henrico
3110 3371 3328 3441 cingulo

1732 3461 1927 3517 militie
1946 3462 2146 3518 ibidem
2167 3463 2449 3518 accinctus
2471 3471 2572 3518 est.
2600 3461 2825 3516 Duravit
2851 3470 3031 3516 autem
3055 3462 3328 3531 expeditio

1732 3555 1824 3612 illa
1846 3554 1960 3612 fere
1977 3571 2074 3626 per
2101 3564 2214 3612 tres
2253 3571 2490 3612 menses.
2527 3553 2595 3609 Et
2629 3554 2882 3624 quamvis
2920 3569 3016 3609 rex
3053 3552 3325 3610 Henricus

1730 3653 1966 3723 cepisset
1988 3652 2178 3708 urbem
2200 3651 2454 3720 Cadurci,
2479 3659 2534 3708 et
2556 3651 2733 3722 major
2755 3668 2882 3722 pars
2904 3652 3134 3708 ducatus
3162 3650 3325 3706 Tolo‘

1729 3740 1850 3797 sani
1881 3741 1987 3797 sibi
2033 3750 2177 3797 esset
2205 3741 2416 3797 subdita
2453 3740 2506 3794 vi
2547 3741 2631 3796 vel
2675 3741 2891 3810 timore,
2921 3742 3109 3797 urbem
3142 3749 3323 3796 tamen

1730 3830 1988 3888 Tolosam
2036 3833 2214 3889 noluit
2265 3832 2535 3900 obsidere,
2595 3831 2846 3888 deferens
2897 3833 3172 3890 Ludovico
3209 3835 3322 3906 regi

1729 3922 2090 3992 Francorum,
2123 3925 2220 3995 qui
2251 3924 2480 3980 eandem
2510 3925 2702 3980 urbem
2733 3935 2923 3981 contra
2960 3941 3140 3998 regem
3174 3925 3321 3982 lien-

1728 4016 1906 4071 ricum
1933 4015 2124 4087 Anglic
2145 4016 2472 4083 muniverat,
2504 4025 2559 4072 et
2577 4016 2666 4072 die
2695 4033 2758 4072 ac
2784 4026 2942 4073 nocte
2971 4019 3158 4073 volens
3181 4017 3323 4075 ferre

1728 4107 1991 4163 auxilium
2031 4106 2341 4164 Raimundo
2371 4107 2585 4164 sororio
2626 4123 2728 4164 suo
2773 4109 3145 4177 custodiebat;
3180 4110 3322 4166 unde

1729 4215 1920 4270 graves
1966 4200 2252 4257 inimicitie
2296 4201 2436 4256 inter
2485 4202 2665 4272 ipsum
2697 4211 2752 4257 et
2798 4218 2979 4273 regem
3019 4202 3318 4273 Anglorum
3373 4259 3396 4280 ο

1729 4300 1846 4347 orte
1875 4301 2021 4360 sunt,
2045 4307 2171 4348 cum
2193 4294 2401 4348 videret
2425 4294 2528 4349 sibi
2551 4309 2730 4364 regem
2760 4293 2989 4349 Fraueie
3017 4309 3234 4364 nocere,
3253 4295 3320 4350 de

1728 4384 1888 4454 cujus
1918 4385 2122 4440 auxilio
2165 4386 2459 4454 plurimum
2490 4385 2815 4440 confidebat.
2862 4385 3092 4440 Remisit
3136 4386 3320 4456 itaque

1727 4493 1822 4532 rex
1854 4476 2118 4533 Henricus
2151 4479 2404 4532 comitem
2451 4476 2817 4543 Teobaldum,
2851 4478 2946 4546 qui
2982 4477 3031 4530 ei
3081 4477 3316 4546 favebat,

1728 4579 1792 4624 ut
1808 4569 2135 4640 inquietaret
2159 4585 2389 4640 regnum
2414 4567 2663 4622 Francie.
2692 4566 2798 4622 Sed
2820 4567 3089 4624 Henricus
3112 4570 3320 4640 episco-

1726 4679 1830 4735 pus
1854 4661 2218 4728 Belvacensis,
2244 4670 2296 4715 et
2316 4676 2500 4715 comes
2528 4659 2797 4713 Robertus
2829 4659 3085 4716 dominus
3117 4659 3318 4717 Dorca-

1728 4753 1834 4809 sini
1867 4752 2054 4818 castri,
2086 4750 2283 4806 fratres
2315 4750 2459 4820 regis
2493 4748 2855 4818 Francorum,
2887 4750 2937 4805 ei
2977 4752 3314 4824 restiterunt,

1345 4863 1576 4919 VARIIE
1619 4863 2024 4920 LECTIONES.

77 4935 198 5005 [petis
219 4928 277 5005 de
301 4931 435 5005 suis,
464 4947 609 5005 cum_
624 4948 725 4989 suo
756 4935 996 4990 exercitu
1048 4934 1177 4990 illuc
1216 4950 1392 5004 usque
1422 4937 1752 5005 properavit.
1801 4935 2015 5005 Interea
2061 4933 2219 4989 malis
2254 4933 2309 4987 in
2341 4942 2486 4988 terra
2516 4931 2913 5004 multiplicatis,
2939 4932 3082 4990 circa
3114 4933 3312 4992 festum

78 4988 119 5076 S.
141 4993 341 5076 Martini
354 4988 544 5057 comes
569 4988 1126 5076 Ebroicensis‘omnia
1151 4988 1387 5060 castella
1404 4988 1506 5060 stula
1525 4988 1934 5076 rquaserantin
1978 4988 2229 5076 Francia,
2257 4988 2714 5076 regidAnglorur'n
2749 4988 2990 5076 tradidit,
3028 4988 3082 5060 in
3113 4988 3315 5076 quibus

74 5075 144 5147 fe!
171 5071 408 5147 custodes
437 5087 576 5147 suos
600 5076 800 5147 posuit,
829 5077 973 5131 sicut
999 5075 1187 5147 Simon
1214 5076 1282 5147 de
1307 5076 1482 5130 Aneto
1513 5071 1680 5147 fecit,
1699 5077 1960 5147 Silvester
1989 5076 2159 5130 abbas
2183 5071 2535 5147 Castellionis
2562 5083 2693 5147 tunc
2719 5075 2982 5147 temporis
3006 5071 3256 5147 migravit
3281 5094 3312 5131 a

73 5135 240 5217 seculo,
265 5149 314 5194 et
340 5135 673 5217 successit-ei
720 5135 1047 5200 Gillebertus
1077 5145 1792 5217 Ebroicensis_monachus.
1830 5146 2078 5200 Adventu
2129 5144 2345 5217 interim
2384 5144 2600 5199 Domini
2630 5135 3054 5217 propinquante,
3074 5135 3310 5217 rTibteutu

71 5214 350 5287 {Digitorum
369 5213 618 5287 vit-opum
649 5217 858 5287 patriae,
894 5217 1057 5287 ambo
1086 5232 1240 5287 reges
1268 5215 1518 5270 inducias
1548 5224 1876 5285 acceperunt
1904 5231 2079 5285 usque
2115 5216 2184 5287 ad
2219 5213 3147 5287 octavas,pentecostestominica
3188 5225 3324 5270 ante"

72 5275 215 5357 natale
236 5275 812 5357 Domini,_Frog_érius,
835 5275 1254 5357 archidiacohus
1274 5295 1324 5339 et
1353 5275 1786 5357 elemosynafius
1823 5287 1968 5357 regis
1991 5275 2312 5357 Anglorum,
2344 5275 2628 5357 ordinatus
2658 5286 3309 5357 estepis‘copusSagien-

70 5343 265 5426 sisniloc
280 5343 830 5426 anno,’inun_tvlatione
859 5355 1189 5426 pluviarum,
1219 5371 1342 5425 quae
1364 5371 1393 5409 a
1421 5343 1642 5410 festo'S.
1671 5343 2169 5426 Joannis'baptis'tze
2191 5343 2363 5424 usque
2391 5356 2457 5410 ad
2490 5354 2690 5411 festum
2734 5343 2818 5410 S.'
2839 5343 3138 5420 Michaelis,
3157 5343 3309 5424 pene

69 5415 415 5497 gssiduafacta
436 5415 546 5488 est,
586 5421 840 5495 Sequana
859 5415 935 5481 ἐι
961 5427 1081 5481 aliae
1109 5415 1265 5495 aqua}
1292 5426 1474 5481 alveos
1499 5426 1644 5482 ultra
1671 5426 1893 5481 modum
1919 5415 2550 5497 excedentesfmagnum
2581 5427 2844 5493 damnum
2872 5426 3017 5497 genti
3065 5415 3307 5480 circum-

1534 5579 1768 5637 ΝΟΤᾸΕ.

69 5483 222 5546 posita:
249 5483 561 5548 intulerunt.

141 5642 249 5785 6'50;
284 5647 467 5721 Blaye,
497 5653 562 5707 ad
597 5651 952 5708 Garumnam.

141 5712 222 5785 651
284 5716 398 5774 Hoc
443 5722 704 5785 scriptum
767 5737 890 5777 esse
942 5741 952 5773 ς

141 5712 248 5792 δξι)
284 5712 398 5774 Ηοὰ
443 5712 718 5792 scriptum
767 5737 890 5792 esse
942 5729 1156 5790 oportet
1208 5721 1423 5776 vivente
1470 5720 1603 5776 Rai-

66 5783 255 5850 mundo,
288 5803 450 5850 quem
481 5783 666 5848 noster
708 5789 850 5846 infra
877 5807 928 5846 a.
962 5783 1101 5846 1162
1139 5800 1422 5848 mortuum
1450 5792 1605 5848 dicit.

121 5848 251 5926 (652)
284 5848 623 5918 Guillelmus.

341 5946 619 6012 PATROL.
652 5951 830 6019 CLX.

1787 5653 1936 5725 (655)
1973 5655 2227 5728 Falsum;
2257 5656 2599 5714 Raimundus
2620 5655 2766 5712 enim
2789 5646 2903 5728 jam
2927 5655 3304 5728 quinquennio

1715 5723 1866 5798 inter
1890 5723 2302 5798 crucesiguatos
2322 5723 2964 5798 peregrinabatur,'curn:
2978 5723 3303 5798 Guillelmus

1720 5809 1771 5849 a.
1812 5795 1942 5850 1101
1973 5797 2027 5850 in
2051 5795 2395 5852 Palaestinam
2424 5795 2699 5868 profectus
2724 5807 2828 5854 est.
2855 5796 3062 5866 BOUQ.

2864 5952 2940 6013 16
