  <div class='ocr_page' id='page_1' title='image "/cluster/home/n/w/nwhite01/storage/ocr_20150623/160/hvd.32044015473846/249.png"; bbox 0 0 3906 6316; ppageno 0'>
   <div class='ocr_carea' id='block_1_1' title="bbox 628 306 736 364">
    <p class='ocr_par' dir='ltr' id='par_1_1' title="bbox 628 306 736 364">
     <span class='ocr_line' id='line_1_1' title="bbox 628 306 736 364; baseline -0.037 0"><span class='ocrx_word' id='word_1_1' title='bbox 628 306 736 364; x_wconf 73' lang='grc'><strong>-491</strong></span> 
     </span>
    </p>
   </div>
   <div class='ocr_carea' id='block_1_2' title="bbox 741 432 2086 474">
    <p class='ocr_par' dir='ltr' id='par_1_2' title="bbox 741 432 2086 474">
     <span class='ocr_line' id='line_1_2' title="bbox 741 432 2086 474; baseline -0.002 0"><span class='ocrx_word' id='word_1_2' title='bbox 741 434 1085 474; x_wconf 66' lang='lat' dir='ltr'><strong>BOIANOBL&#39;I.</strong></span> <span class='ocrx_word' id='word_1_3' title='bbox 1269 432 1602 472; x_wconf 69' lang='lat' dir='ltr'><strong>FBANCOBL‘I.</strong></span> <span class='ocrx_word' id='word_1_4' title='bbox 1788 433 2086 472; x_wconf 71' lang='lat' dir='ltr'><strong>ANGLOBITII.</strong></span> 
     </span>
    </p>
   </div>
   <div class='ocr_carea' id='block_1_3' title="bbox 625 505 2215 579">
    <p class='ocr_par' dir='ltr' id='par_1_3' title="bbox 625 505 2215 579">
     <span class='ocr_line' id='line_1_3' title="bbox 625 505 2215 579; baseline -0.003 -14"><span class='ocrx_word' id='word_1_5' title='bbox 625 517 689 565; x_wconf 84' lang='lat' dir='ltr'><strong>et</strong></span> <span class='ocrx_word' id='word_1_6' title='bbox 717 508 772 563; x_wconf 92' lang='lat' dir='ltr'><strong>in</strong></span> <span class='ocrx_word' id='word_1_7' title='bbox 804 510 1050 579; x_wconf 79' lang='lat' dir='ltr'><strong>margine</strong></span> <span class='ocrx_word' id='word_1_8' title='bbox 1090 508 1322 562; x_wconf 92' lang='lat' dir='ltr'><strong>ducatus</strong></span> <span class='ocrx_word' id='word_1_9' title='bbox 1366 505 1698 560; x_wconf 82' lang='lat' dir='ltr'><strong>Normannie</strong></span> <span class='ocrx_word' id='word_1_10' title='bbox 1738 506 1950 576; x_wconf 89' lang='lat' dir='ltr'><strong>aliquos</strong></span> <span class='ocrx_word' id='word_1_11' title='bbox 1998 507 2215 561; x_wconf 85' lang='lat' dir='ltr'><strong>ﬂamma</strong></span> 
     </span>
    </p>
   </div>
   <div class='ocr_carea' id='block_1_4' title="bbox 611 601 2210 674">
    <p class='ocr_par' dir='ltr' id='par_1_4' title="bbox 611 601 2210 674">
     <span class='ocr_line' id='line_1_4' title="bbox 611 601 2210 674; baseline 0 -16"><span class='ocrx_word' id='word_1_12' title='bbox 611 611 685 658; x_wconf 68' lang='lat' dir='ltr'><strong>vet</strong></span> <span class='ocrx_word' id='word_1_13' title='bbox 706 604 902 674; x_wconf 79' lang='lat' dir='ltr'><strong>rapina</strong></span> <span class='ocrx_word' id='word_1_14' title='bbox 925 613 1278 670; x_wconf 80' lang='lat' dir='ltr'><strong>vexaverunt,</strong></span> <span class='ocrx_word' id='word_1_15' title='bbox 1302 601 1632 658; x_wconf 83' lang='lat' dir='ltr'><strong>Normannis</strong></span> <span class='ocrx_word' id='word_1_16' title='bbox 1663 603 1766 657; x_wconf 85' lang='lat' dir='ltr'><strong>sibi</strong></span> <span class='ocrx_word' id='word_1_17' title='bbox 1797 603 2049 658; x_wconf 88' lang='lat' dir='ltr'><strong>talionem</strong></span> <span class='ocrx_word' id='word_1_18' title='bbox 2093 604 2210 658; x_wconf 80' lang='lat' dir='ltr'><strong>red-</strong></span> 
     </span>
    </p>
   </div>
   <div class='ocr_carea' id='block_1_5' title="bbox 613 694 2210 766">
    <p class='ocr_par' dir='ltr' id='par_1_5' title="bbox 613 694 2210 766">
     <span class='ocr_line' id='line_1_5' title="bbox 613 694 2210 766; baseline -0.001 -17"><span class='ocrx_word' id='word_1_19' title='bbox 613 694 905 751; x_wconf 73' lang='lat' dir='ltr'><strong>dentibus.</strong></span> <span class='ocrx_word' id='word_1_20' title='bbox 951 695 1221 751; x_wconf 84' lang='lat' dir='ltr'><strong>Robertus</strong></span> <span class='ocrx_word' id='word_1_21' title='bbox 1259 695 1327 750; x_wconf 90' lang='lat' dir='ltr'><strong>de</strong></span> <span class='ocrx_word' id='word_1_22' title='bbox 1366 695 1638 766; x_wconf 83' lang='lat' dir='ltr'><strong>Blangeio,</strong></span> <span class='ocrx_word' id='word_1_23' title='bbox 1689 695 1990 750; x_wconf 89' lang='lat' dir='ltr'><strong>monachus</strong></span> <span class='ocrx_word' id='word_1_24' title='bbox 2034 694 2210 761; x_wconf 88' lang='lat' dir='ltr'><strong>Becei,</strong></span> 
     </span>
    </p>
   </div>
   <div class='ocr_carea' id='block_1_6' title="bbox 629 785 1670 842">
    <p class='ocr_par' dir='ltr' id='par_1_6' title="bbox 629 785 1670 842">
     <span class='ocr_line' id='line_1_6' title="bbox 629 785 1670 842; baseline 0.001 -2"><span class='ocrx_word' id='word_1_25' title='bbox 629 785 808 842; x_wconf 88' lang='lat' dir='ltr'><strong>factus</strong></span> <span class='ocrx_word' id='word_1_26' title='bbox 840 797 924 842; x_wconf 90' lang='lat' dir='ltr'><strong>est</strong></span> <span class='ocrx_word' id='word_1_27' title='bbox 944 788 1113 842; x_wconf 86' lang='lat' dir='ltr'><strong>abbas</strong></span> <span class='ocrx_word' id='word_1_28' title='bbox 1145 786 1330 842; x_wconf 88' lang='lat' dir='ltr'><strong>Sancti</strong></span> <span class='ocrx_word' id='word_1_29' title='bbox 1355 786 1558 841; x_wconf 85' lang='lat' dir='ltr'><strong>Ebrulﬁ</strong></span> <span class='ocrx_word' id='word_1_30' title='bbox 1583 787 1670 841; x_wconf 80' lang='lat'><strong>“&#39;.</strong></span> 
     </span>
    </p>
   </div>
   <div class='ocr_carea' id='block_1_7' title="bbox 698 876 2212 950">
    <p class='ocr_par' dir='ltr' id='par_1_7' title="bbox 698 876 2212 950">
     <span class='ocr_line' id='line_1_7' title="bbox 698 876 2212 950; baseline 0.001 -18"><span class='ocrx_word' id='word_1_31' title='bbox 698 878 884 935; x_wconf 76' lang='lat' dir='ltr'><strong>Mense</strong></span> <span class='ocrx_word' id='word_1_32' title='bbox 910 879 1054 934; x_wconf 87' lang='lat' dir='ltr'><strong>Julio</strong></span> <span class='ocrx_word' id='word_1_33' title='bbox 1094 879 1364 934; x_wconf 83' lang='lat' dir='ltr'><strong>Robertus</strong></span> <span class='ocrx_word' id='word_1_34' title='bbox 1384 879 1451 933; x_wconf 91' lang='lat' dir='ltr'><strong>de</strong></span> <span class='ocrx_word' id='word_1_35' title='bbox 1491 877 1642 933; x_wconf 85' lang='lat' dir='ltr'><strong>Novo</strong></span> <span class='ocrx_word' id='word_1_36' title='bbox 1682 877 1884 950; x_wconf 86' lang='lat' dir='ltr'><strong>Burgo,</strong></span> <span class='ocrx_word' id='word_1_37' title='bbox 1921 876 2131 949; x_wconf 89' lang='lat' dir='ltr'><strong>dapifer</strong></span> <span class='ocrx_word' id='word_1_38' title='bbox 2157 888 2212 934; x_wconf 89' lang='lat' dir='ltr'><strong>et</strong></span> 
     </span>
    </p>
   </div>
   <div class='ocr_carea' id='block_1_8' title="bbox 623 969 2207 1040">
    <p class='ocr_par' dir='ltr' id='par_1_8' title="bbox 623 969 2207 1040">
     <span class='ocr_line' id='line_1_8' title="bbox 623 969 2207 1040; baseline 0.001 -16"><span class='ocrx_word' id='word_1_39' title='bbox 623 970 846 1040; x_wconf 88' lang='lat' dir='ltr'><strong>justicia</strong></span> <span class='ocrx_word' id='word_1_40' title='bbox 869 973 1035 1026; x_wconf 85' lang='lat' dir='ltr'><strong>totius</strong></span> <span class='ocrx_word' id='word_1_41' title='bbox 1056 969 1407 1036; x_wconf 84' lang='lat' dir='ltr'><strong>Normannie,</strong></span> <span class='ocrx_word' id='word_1_42' title='bbox 1437 971 1660 1026; x_wconf 90' lang='lat' dir='ltr'><strong>adversa</strong></span> <span class='ocrx_word' id='word_1_43' title='bbox 1681 971 1990 1026; x_wconf 76' lang='lat' dir='ltr'><strong>valetudine</strong></span> <span class='ocrx_word' id='word_1_44' title='bbox 2010 983 2207 1038; x_wconf 85' lang='lat' dir='ltr'><strong>tactus,</strong></span> 
     </span>
    </p>
   </div>
   <div class='ocr_carea' id='block_1_9' title="bbox 625 1059 2208 1131">
    <p class='ocr_par' dir='ltr' id='par_1_9' title="bbox 625 1059 2208 1131">
     <span class='ocr_line' id='line_1_9' title="bbox 625 1059 2208 1131; baseline -0.001 -16"><span class='ocrx_word' id='word_1_45' title='bbox 625 1061 850 1131; x_wconf 88' lang='lat' dir='ltr'><strong>gibbum</strong></span> <span class='ocrx_word' id='word_1_46' title='bbox 873 1062 1065 1116; x_wconf 88' lang='lat' dir='ltr'><strong>cameli</strong></span> <span class='ocrx_word' id='word_1_47' title='bbox 1093 1060 1364 1130; x_wconf 85' lang='lat' dir='ltr'><strong>deposuit,</strong></span> <span class='ocrx_word' id='word_1_48' title='bbox 1388 1059 1635 1114; x_wconf 82' lang='lat' dir='ltr'><strong>videlicet</strong></span> <span class='ocrx_word' id='word_1_49' title='bbox 1659 1060 1976 1114; x_wconf 89' lang='lat' dir='ltr'><strong>innumeras</strong></span> <span class='ocrx_word' id='word_1_50' title='bbox 1991 1061 2208 1114; x_wconf 78' lang='lat' dir='ltr'><strong>divitias</strong></span> 
     </span>
    </p>
   </div>
   <div class='ocr_carea' id='block_1_10' title="bbox 622 1151 2206 1221">
    <p class='ocr_par' dir='ltr' id='par_1_10' title="bbox 622 1151 2206 1221">
     <span class='ocr_line' id='line_1_10' title="bbox 622 1151 2206 1221; baseline -0.001 -14"><span class='ocrx_word' id='word_1_51' title='bbox 622 1153 871 1208; x_wconf 88' lang='lat' dir='ltr'><strong>ecclesiis</strong></span> <span class='ocrx_word' id='word_1_52' title='bbox 893 1162 945 1207; x_wconf 93' lang='lat' dir='ltr'><strong>et</strong></span> <span class='ocrx_word' id='word_1_53' title='bbox 963 1151 1313 1207; x_wconf 74' lang='lat' dir='ltr'><strong>monasteriis</strong></span> <span class='ocrx_word' id='word_1_54' title='bbox 1339 1161 1393 1207; x_wconf 91' lang='lat' dir='ltr'><strong>et</strong></span> <span class='ocrx_word' id='word_1_55' title='bbox 1412 1152 1742 1221; x_wconf 87' lang='lat' dir='ltr'><strong>pauperibus</strong></span> <span class='ocrx_word' id='word_1_56' title='bbox 1764 1151 2040 1217; x_wconf 88' lang='lat' dir='ltr'><strong>dividens;</strong></span> <span class='ocrx_word' id='word_1_57' title='bbox 2066 1161 2119 1206; x_wconf 92' lang='lat' dir='ltr'><strong>et</strong></span> <span class='ocrx_word' id='word_1_58' title='bbox 2139 1153 2206 1206; x_wconf 90' lang='lat' dir='ltr'><strong>ad</strong></span> 
     </span>
    </p>
   </div>
   <div class='ocr_carea' id='block_1_11' title="bbox 621 1241 2206 1312">
    <p class='ocr_par' dir='ltr' id='par_1_11' title="bbox 621 1241 2206 1312">
     <span class='ocr_line' id='line_1_11' title="bbox 621 1241 2206 1312; baseline 0.001 -16"><span class='ocrx_word' id='word_1_59' title='bbox 621 1241 875 1296; x_wconf 88' lang='lat' dir='ltr'><strong>ultimum</strong></span> <span class='ocrx_word' id='word_1_60' title='bbox 918 1242 978 1296; x_wconf 90' lang='lat' dir='ltr'><strong>in</strong></span> <span class='ocrx_word' id='word_1_61' title='bbox 1034 1243 1367 1298; x_wconf 84' lang='lat' dir='ltr'><strong>monasterio</strong></span> <span class='ocrx_word' id='word_1_62' title='bbox 1417 1242 1594 1308; x_wconf 84' lang='lat' dir='ltr'><strong>Becci,</strong></span> <span class='ocrx_word' id='word_1_63' title='bbox 1632 1243 1776 1312; x_wconf 92' lang='lat' dir='ltr'><strong>quod</strong></span> <span class='ocrx_word' id='word_1_64' title='bbox 1812 1258 1906 1312; x_wconf 89' lang='lat' dir='ltr'><strong>pre</strong></span> <span class='ocrx_word' id='word_1_65' title='bbox 1951 1243 2206 1298; x_wconf 91' lang='lat' dir='ltr'><strong>omnibus</strong></span> 
     </span>
    </p>
   </div>
   <div class='ocr_carea' id='block_1_12' title="bbox 621 1332 2207 1404">
    <p class='ocr_par' dir='ltr' id='par_1_12' title="bbox 621 1332 2207 1404">
     <span class='ocr_line' id='line_1_12' title="bbox 621 1332 2207 1404; baseline -0.001 -16"><span class='ocrx_word' id='word_1_66' title='bbox 621 1332 900 1404; x_wconf 74' lang='lat' dir='ltr'><strong>diligebat,</strong></span> <span class='ocrx_word' id='word_1_67' title='bbox 925 1333 1168 1388; x_wconf 91' lang='lat' dir='ltr'><strong>habitum</strong></span> <span class='ocrx_word' id='word_1_68' title='bbox 1199 1332 1453 1388; x_wconf 85' lang='lat' dir='ltr'><strong>monachi</strong></span> <span class='ocrx_word' id='word_1_69' title='bbox 1477 1349 1720 1399; x_wconf 81' lang='lat' dir='ltr'><strong>sumens,</strong></span> <span class='ocrx_word' id='word_1_70' title='bbox 1737 1347 1837 1402; x_wconf 84' lang='lat' dir='ltr'><strong>per</strong></span> <span class='ocrx_word' id='word_1_71' title='bbox 1858 1349 2027 1386; x_wconf 80' lang='lat' dir='ltr'><strong>unum</strong></span> <span class='ocrx_word' id='word_1_72' title='bbox 2055 1349 2207 1387; x_wconf 89' lang='lat' dir='ltr'><strong>men-</strong></span> 
     </span>
    </p>
   </div>
   <div class='ocr_carea' id='block_1_13' title="bbox 621 1422 2206 1493">
    <p class='ocr_par' dir='ltr' id='par_1_13' title="bbox 621 1422 2206 1493">
     <span class='ocr_line' id='line_1_13' title="bbox 621 1422 2206 1493; baseline 0 -15"><span class='ocrx_word' id='word_1_73' title='bbox 621 1439 740 1478; x_wconf 86' lang='lat' dir='ltr'><strong>sem</strong></span> <span class='ocrx_word' id='word_1_74' title='bbox 772 1423 844 1478; x_wconf 89' lang='lat' dir='ltr'><strong>ibi</strong></span> <span class='ocrx_word' id='word_1_75' title='bbox 870 1423 1222 1493; x_wconf 83' lang='lat' dir='ltr'><strong>penitentiam</strong></span> <span class='ocrx_word' id='word_1_76' title='bbox 1253 1422 1590 1477; x_wconf 79' lang='lat' dir='ltr'><strong>fructuosam</strong></span> <span class='ocrx_word' id='word_1_77' title='bbox 1620 1423 1762 1493; x_wconf 87' lang='lat' dir='ltr'><strong>egit;</strong></span> <span class='ocrx_word' id='word_1_78' title='bbox 1785 1433 1841 1478; x_wconf 90' lang='lat' dir='ltr'><strong>et</strong></span> <span class='ocrx_word' id='word_1_79' title='bbox 1885 1423 1921 1477; x_wconf 79' lang='grc'><strong>5</strong></span> <span class='ocrx_word' id='word_1_80' title='bbox 1949 1422 2206 1478; x_wconf 81' lang='lat' dir='ltr'><strong>Kalendis</strong></span> 
     </span>
    </p>
   </div>
   <div class='ocr_carea' id='block_1_14' title="bbox 623 1514 2205 1585">
    <p class='ocr_par' dir='ltr' id='par_1_14' title="bbox 623 1514 2205 1585">
     <span class='ocr_line' id='line_1_14' title="bbox 623 1514 2205 1585; baseline 0 -15"><span class='ocrx_word' id='word_1_81' title='bbox 623 1514 959 1585; x_wconf 82' lang='lat' dir='ltr'><strong>Septembris</strong></span> <span class='ocrx_word' id='word_1_82' title='bbox 1011 1515 1288 1570; x_wconf 88' lang='lat' dir='ltr'><strong>hominem</strong></span> <span class='ocrx_word' id='word_1_83' title='bbox 1337 1515 1489 1580; x_wconf 72' lang='lat' dir='ltr'><strong>exiit,</strong></span> <span class='ocrx_word' id='word_1_84' title='bbox 1546 1515 1790 1584; x_wconf 84' lang='lat' dir='ltr'><strong>sepultus</strong></span> <span class='ocrx_word' id='word_1_85' title='bbox 1839 1515 1899 1568; x_wconf 89' lang='lat' dir='ltr'><strong>in</strong></span> <span class='ocrx_word' id='word_1_86' title='bbox 1966 1515 2205 1584; x_wconf 86' lang='lat' dir='ltr'><strong>capitulo</strong></span> 
     </span>
    </p>
   </div>
   <div class='ocr_carea' id='block_1_15' title="bbox 617 1603 2203 1675">
    <p class='ocr_par' dir='ltr' id='par_1_15' title="bbox 617 1603 2203 1675">
     <span class='ocr_line' id='line_1_15' title="bbox 617 1603 2203 1675; baseline 0 -15"><span class='ocrx_word' id='word_1_87' title='bbox 617 1603 800 1671; x_wconf 87' lang='lat' dir='ltr'><strong>Becci,</strong></span> <span class='ocrx_word' id='word_1_88' title='bbox 821 1605 965 1674; x_wconf 88' lang='lat' dir='ltr'><strong>quod</strong></span> <span class='ocrx_word' id='word_1_89' title='bbox 991 1604 1106 1674; x_wconf 91' lang='lat' dir='ltr'><strong>ipse</strong></span> <span class='ocrx_word' id='word_1_90' title='bbox 1135 1605 1371 1674; x_wconf 81' lang='lat' dir='ltr'><strong>prapriis</strong></span> <span class='ocrx_word' id='word_1_91' title='bbox 1399 1605 1706 1675; x_wconf 89' lang='lat' dir='ltr'><strong>sumptibus</strong></span> <span class='ocrx_word' id='word_1_92' title='bbox 1727 1605 1954 1660; x_wconf 88' lang='lat' dir='ltr'><strong>miriﬁce</strong></span> <span class='ocrx_word' id='word_1_93' title='bbox 1979 1606 2203 1660; x_wconf 86' lang='lat' dir='ltr'><strong>ediﬁca-</strong></span> 
     </span>
    </p>
   </div>
   <div class='ocr_carea' id='block_1_16' title="bbox 618 1695 2201 1767">
    <p class='ocr_par' dir='ltr' id='par_1_16' title="bbox 618 1695 2201 1767">
     <span class='ocr_line' id='line_1_16' title="bbox 618 1695 2201 1767; baseline 0.001 -17"><span class='ocrx_word' id='word_1_94' title='bbox 618 1705 790 1752; x_wconf 77' lang='lat' dir='ltr'><strong>verat.</strong></span> <span class='ocrx_word' id='word_1_95' title='bbox 817 1695 1033 1750; x_wconf 88' lang='lat' dir='ltr'><strong>Mortuo</strong></span> <span class='ocrx_word' id='word_1_96' title='bbox 1083 1696 1377 1750; x_wconf 88' lang='lat' dir='ltr'><strong>venerabili</strong></span> <span class='ocrx_word' id='word_1_97' title='bbox 1414 1695 1612 1750; x_wconf 82' lang='lat' dir='ltr'><strong>Milone</strong></span> <span class='ocrx_word' id='word_1_98' title='bbox 1643 1697 1899 1767; x_wconf 88' lang='lat' dir='ltr'><strong>episcopo</strong></span> <span class='ocrx_word' id='word_1_99' title='bbox 1941 1695 2201 1752; x_wconf 79' lang='lat' dir='ltr'><strong>Tarwen-</strong></span> 
     </span>
    </p>
   </div>
   <div class='ocr_carea' id='block_1_17' title="bbox 1817 273 3833 365">
    <p class='ocr_par' dir='ltr' id='par_1_17' title="bbox 1817 273 3833 365">
     <span class='ocr_line' id='line_1_17' title="bbox 1817 273 3833 365; baseline 0.005 -10"><span class='ocrx_word' id='word_1_100' title='bbox 1817 296 2175 356; x_wconf 79' lang='lat' dir='ltr'><strong>SlGEBERTl</strong></span> <span class='ocrx_word' id='word_1_101' title='bbox 2215 294 2738 358; x_wconf 80' lang='lat' dir='ltr'><strong>GEMBLACENSIS</strong></span> <span class='ocrx_word' id='word_1_102' title='bbox 3342 273 3354 284; x_wconf 76' lang='grc'><em>’</em></span> <span class='ocrx_word' id='word_1_103' title='bbox 3750 307 3833 365; x_wconf 69' lang='lat' dir='ltr'><strong>t9!</strong></span> 
     </span>
    </p>
   </div>
   <div class='ocr_carea' id='block_1_18' title="bbox 2237 414 3830 485">
    <p class='ocr_par' dir='ltr' id='par_1_18' title="bbox 2237 414 3830 485">
     <span class='ocr_line' id='line_1_18' title="bbox 2237 414 3830 485; baseline 0.008 -18"><span class='ocrx_word' id='word_1_104' title='bbox 2237 430 2278 485; x_wconf 70' lang='grc' dir='ltr'><strong>Α</strong></span> <span class='ocrx_word' id='word_1_105' title='bbox 2311 414 2711 484; x_wconf 84' lang='lat' dir='ltr'><strong>Bclvaccnsem,</strong></span> <span class='ocrx_word' id='word_1_106' title='bbox 2742 429 2796 474; x_wconf 91' lang='lat' dir='ltr'><strong>et</strong></span> <span class='ocrx_word' id='word_1_107' title='bbox 2839 418 3108 474; x_wconf 79' lang='lat' dir='ltr'><strong>destruxit</strong></span> <span class='ocrx_word' id='word_1_108' title='bbox 3153 417 3573 475; x_wconf 89' lang='lat' dir='ltr'><strong>munitissimum</strong></span> <span class='ocrx_word' id='word_1_109' title='bbox 3602 423 3830 484; x_wconf 72' lang='lat' dir='ltr'><strong>castellum</strong></span> 
     </span>
    </p>
   </div>
   <div class='ocr_carea' id='block_1_19' title="bbox 2315 508 3831 584">
    <p class='ocr_par' dir='ltr' id='par_1_19' title="bbox 2315 508 3831 584">
     <span class='ocr_line' id='line_1_19' title="bbox 2315 508 3831 584; baseline 0.007 -21"><span class='ocrx_word' id='word_1_110' title='bbox 2315 508 2658 578; x_wconf 87' lang='lat' dir='ltr'><strong>Guerberrei,</strong></span> <span class='ocrx_word' id='word_1_111' title='bbox 2689 522 2911 582; x_wconf 82' lang='lat' dir='ltr'><strong>excepta</strong></span> <span class='ocrx_word' id='word_1_112' title='bbox 2940 513 3173 582; x_wconf 90' lang='lat' dir='ltr'><strong>quadam</strong></span> <span class='ocrx_word' id='word_1_113' title='bbox 3202 513 3483 580; x_wconf 87' lang='lat' dir='ltr'><strong>ﬁrmitate;</strong></span> <span class='ocrx_word' id='word_1_114' title='bbox 3508 531 3660 584; x_wconf 89' lang='lat' dir='ltr'><strong>quam</strong></span> <span class='ocrx_word' id='word_1_115' title='bbox 3688 533 3744 572; x_wconf 86' lang='lat' dir='ltr'><strong>ne</strong></span> <span class='ocrx_word' id='word_1_116' title='bbox 3764 535 3831 573; x_wconf 81' lang='lat' dir='ltr'><strong>ca-</strong></span> 
     </span>
    </p>
   </div>
   <div class='ocr_carea' id='block_1_20' title="bbox 2314 601 3827 675">
    <p class='ocr_par' dir='ltr' id='par_1_20' title="bbox 2314 601 3827 675">
     <span class='ocr_line' id='line_1_20' title="bbox 2314 601 3827 675; baseline 0.007 -22"><span class='ocrx_word' id='word_1_117' title='bbox 2314 609 2522 669; x_wconf 90' lang='lat' dir='ltr'><strong>perent,</strong></span> <span class='ocrx_word' id='word_1_118' title='bbox 2550 601 2866 658; x_wconf 88' lang='lat' dir='ltr'><strong>hominibus</strong></span> <span class='ocrx_word' id='word_1_119' title='bbox 2897 601 3060 673; x_wconf 87' lang='lat' dir='ltr'><strong>regiis</strong></span> <span class='ocrx_word' id='word_1_120' title='bbox 3087 601 3230 675; x_wconf 85' lang='lat' dir='ltr'><strong>ignis</strong></span> <span class='ocrx_word' id='word_1_121' title='bbox 3261 612 3314 658; x_wconf 90' lang='lat' dir='ltr'><strong>et</strong></span> <span class='ocrx_word' id='word_1_122' title='bbox 3361 603 3544 659; x_wconf 87' lang='lat' dir='ltr'><strong>fumus</strong></span> <span class='ocrx_word' id='word_1_123' title='bbox 3587 606 3827 675; x_wconf 85' lang='lat' dir='ltr'><strong>prohibuit.</strong></span> 
     </span>
    </p>
   </div>
   <div class='ocr_carea' id='block_1_21' title="bbox 2313 688 3831 756">
    <p class='ocr_par' dir='ltr' id='par_1_21' title="bbox 2313 688 3831 756">
     <span class='ocr_line' id='line_1_21' title="bbox 2313 688 3831 756; baseline 0.009 -14"><span class='ocrx_word' id='word_1_124' title='bbox 2313 688 2482 746; x_wconf 80' lang='lat' dir='ltr'><strong>Villas</strong></span> <span class='ocrx_word' id='word_1_125' title='bbox 2506 694 2706 748; x_wconf 80' lang='lat' dir='ltr'><strong>multas</strong></span> <span class='ocrx_word' id='word_1_126' title='bbox 2733 693 3039 749; x_wconf 87' lang='lat' dir='ltr'><strong>combussit</strong></span> <span class='ocrx_word' id='word_1_127' title='bbox 3070 703 3122 749; x_wconf 90' lang='lat' dir='ltr'><strong>et</strong></span> <span class='ocrx_word' id='word_1_128' title='bbox 3152 695 3438 750; x_wconf 80' lang='lat' dir='ltr'><strong>destruxit.</strong></span> <span class='ocrx_word' id='word_1_129' title='bbox 3486 693 3663 750; x_wconf 88' lang='lat' dir='ltr'><strong>Simon</strong></span> <span class='ocrx_word' id='word_1_130' title='bbox 3692 713 3831 756; x_wconf 83' lang='lat' dir='ltr'><strong>comes</strong></span> 
     </span>
    </p>
   </div>
   <div class='ocr_carea' id='block_1_22' title="bbox 2311 780 3826 858">
    <p class='ocr_par' dir='ltr' id='par_1_22' title="bbox 2311 780 3826 858">
     <span class='ocr_line' id='line_1_22' title="bbox 2311 780 3826 858; baseline 0.007 -24"><span class='ocrx_word' id='word_1_131' title='bbox 2311 780 2658 840; x_wconf 85' lang='lat' dir='ltr'><strong>Ebroicensis</strong></span> <span class='ocrx_word' id='word_1_132' title='bbox 2685 786 2903 840; x_wconf 88' lang='lat' dir='ltr'><strong>tradidit</strong></span> <span class='ocrx_word' id='word_1_133' title='bbox 2933 784 3166 841; x_wconf 90' lang='lat' dir='ltr'><strong>Henrico</strong></span> <span class='ocrx_word' id='word_1_134' title='bbox 3189 787 3301 857; x_wconf 86' lang='lat' dir='ltr'><strong>regi</strong></span> <span class='ocrx_word' id='word_1_135' title='bbox 3333 786 3626 858; x_wconf 82' lang='lat' dir='ltr'><strong>Anglorum</strong></span> <span class='ocrx_word' id='word_1_136' title='bbox 3654 788 3826 845; x_wconf 77' lang='lat' dir='ltr'><strong>ﬁrmita-</strong></span> 
     </span>
    </p>
   </div>
   <div class='ocr_carea' id='block_1_23' title="bbox 2309 877 3828 951">
    <p class='ocr_par' dir='ltr' id='par_1_23' title="bbox 2309 877 3828 951">
     <span class='ocr_line' id='line_1_23' title="bbox 2309 877 3828 951; baseline 0.007 -25"><span class='ocrx_word' id='word_1_137' title='bbox 2309 882 2391 928; x_wconf 87' lang='lat' dir='ltr'><strong>tes</strong></span> <span class='ocrx_word' id='word_1_138' title='bbox 2414 891 2564 941; x_wconf 89' lang='lat' dir='ltr'><strong>suas,</strong></span> <span class='ocrx_word' id='word_1_139' title='bbox 2608 892 2749 946; x_wconf 90' lang='lat' dir='ltr'><strong>quas</strong></span> <span class='ocrx_word' id='word_1_140' title='bbox 2791 877 3026 932; x_wconf 91' lang='lat' dir='ltr'><strong>habebat</strong></span> <span class='ocrx_word' id='word_1_141' title='bbox 3054 877 3109 932; x_wconf 93' lang='lat' dir='ltr'><strong>in</strong></span> <span class='ocrx_word' id='word_1_142' title='bbox 3133 877 3383 944; x_wconf 84' lang='lat' dir='ltr'><strong>Francia,</strong></span> <span class='ocrx_word' id='word_1_143' title='bbox 3425 878 3628 933; x_wconf 86' lang='lat' dir='ltr'><strong>scilicet</strong></span> <span class='ocrx_word' id='word_1_144' title='bbox 3671 879 3828 951; x_wconf 77' lang='lat' dir='ltr'><strong>Rupcm</strong></span> 
     </span>
    </p>
   </div>
   <div class='ocr_carea' id='block_1_24' title="bbox 2309 962 3826 1041">
    <p class='ocr_par' dir='ltr' id='par_1_24' title="bbox 2309 962 3826 1041">
     <span class='ocr_line' id='line_1_24' title="bbox 2309 962 3826 1041; baseline 0.007 -25"><span class='ocrx_word' id='word_1_145' title='bbox 2309 962 2526 1031; x_wconf 80' lang='lat' dir='ltr'><strong>fortem,</strong></span> <span class='ocrx_word' id='word_1_146' title='bbox 2575 966 2814 1022; x_wconf 82' lang='lat' dir='ltr'><strong>Montem</strong></span> <span class='ocrx_word' id='word_1_147' title='bbox 2866 967 3082 1030; x_wconf 88' lang='lat' dir='ltr'><strong>fortem,</strong></span> <span class='ocrx_word' id='word_1_148' title='bbox 3133 967 3488 1038; x_wconf 86' lang='lat' dir='ltr'><strong>Esparlonem</strong></span> <span class='ocrx_word' id='word_1_149' title='bbox 3533 979 3586 1024; x_wconf 91' lang='lat' dir='ltr'><strong>et</strong></span> <span class='ocrx_word' id='word_1_150' title='bbox 3628 971 3826 1041; x_wconf 83' lang='lat' dir='ltr'><strong>reliquas.</strong></span> 
     </span>
    </p>
   </div>
   <div class='ocr_carea' id='block_1_25' title="bbox 2307 1054 3827 1129">
    <p class='ocr_par' dir='ltr' id='par_1_25' title="bbox 2307 1054 3827 1129">
     <span class='ocr_line' id='line_1_25' title="bbox 2307 1054 3827 1129; baseline 0.003 -19"><span class='ocrx_word' id='word_1_151' title='bbox 2307 1054 2463 1122; x_wconf 85' lang='lat' dir='ltr'><strong>Quod</strong></span> <span class='ocrx_word' id='word_1_152' title='bbox 2494 1073 2693 1129; x_wconf 90' lang='lat' dir='ltr'><strong>magno</strong></span> <span class='ocrx_word' id='word_1_153' title='bbox 2732 1059 3059 1114; x_wconf 88' lang='lat' dir='ltr'><strong>detrimento</strong></span> <span class='ocrx_word' id='word_1_154' title='bbox 3086 1058 3188 1114; x_wconf 89' lang='lat' dir='ltr'><strong>fuit</strong></span> <span class='ocrx_word' id='word_1_155' title='bbox 3233 1060 3343 1129; x_wconf 84' lang='lat' dir='ltr'><strong>regi</strong></span> <span class='ocrx_word' id='word_1_156' title='bbox 3369 1058 3710 1124; x_wconf 83' lang='lat' dir='ltr'><strong>Francorum,</strong></span> <span class='ocrx_word' id='word_1_157' title='bbox 3739 1077 3827 1115; x_wconf 89' lang='lat' dir='ltr'><strong>cum</strong></span> 
     </span>
    </p>
   </div>
   <div class='ocr_carea' id='block_1_26' title="bbox 2309 1147 3828 1218">
    <p class='ocr_par' dir='ltr' id='par_1_26' title="bbox 2309 1147 3828 1218">
     <span class='ocr_line' id='line_1_26' title="bbox 2309 1147 3828 1218; baseline 0.005 -20"><span class='ocrx_word' id='word_1_158' title='bbox 2309 1160 2416 1199; x_wconf 90' lang='lat' dir='ltr'><strong>non</strong></span> <span class='ocrx_word' id='word_1_159' title='bbox 2445 1157 2630 1216; x_wconf 85' lang='lat' dir='ltr'><strong>posset</strong></span> <span class='ocrx_word' id='word_1_160' title='bbox 2676 1149 2845 1204; x_wconf 88' lang='lat' dir='ltr'><strong>libere</strong></span> <span class='ocrx_word' id='word_1_161' title='bbox 2873 1149 3166 1218; x_wconf 85' lang='lat' dir='ltr'><strong>procedere</strong></span> <span class='ocrx_word' id='word_1_162' title='bbox 3208 1149 3275 1204; x_wconf 94' lang='lat' dir='ltr'><strong>de</strong></span> <span class='ocrx_word' id='word_1_163' title='bbox 3303 1147 3548 1204; x_wconf 82' lang='lat' dir='ltr'><strong>Parisius</strong></span> <span class='ocrx_word' id='word_1_164' title='bbox 3583 1149 3828 1206; x_wconf 79' lang='lat' dir='ltr'><strong>Aurelianis</strong></span> 
     </span>
    </p>
   </div>
   <div class='ocr_carea' id='block_1_27' title="bbox 2307 1236 3829 1310">
    <p class='ocr_par' dir='ltr' id='par_1_27' title="bbox 2307 1236 3829 1310">
     <span class='ocr_line' id='line_1_27' title="bbox 2307 1236 3829 1310; baseline 0.005 -21"><span class='ocrx_word' id='word_1_165' title='bbox 2307 1237 2391 1290; x_wconf 86' lang='lat' dir='ltr'><strong>vel</strong></span> <span class='ocrx_word' id='word_1_166' title='bbox 2423 1236 2685 1308; x_wconf 90' lang='lat' dir='ltr'><strong>Stampis,</strong></span> <span class='ocrx_word' id='word_1_167' title='bbox 2711 1249 2932 1308; x_wconf 86' lang='lat' dir='ltr'><strong>propter</strong></span> <span class='ocrx_word' id='word_1_168' title='bbox 2961 1237 3304 1294; x_wconf 83' lang='lat' dir='ltr'><strong>Normannos</strong></span> <span class='ocrx_word' id='word_1_169' title='bbox 3335 1257 3477 1310; x_wconf 89' lang='lat' dir='ltr'><strong>quos</strong></span> <span class='ocrx_word' id='word_1_170' title='bbox 3506 1256 3597 1294; x_wconf 77' lang='lat' dir='ltr'><strong>rex</strong></span> <span class='ocrx_word' id='word_1_171' title='bbox 3623 1239 3829 1297; x_wconf 83' lang='lat' dir='ltr'><strong>Henricus</strong></span> 
     </span>
    </p>
   </div>
   <div class='ocr_carea' id='block_1_28' title="bbox 2305 1330 3826 1396">
    <p class='ocr_par' dir='ltr' id='par_1_28' title="bbox 2305 1330 3826 1396">
     <span class='ocr_line' id='line_1_28' title="bbox 2305 1330 3826 1396; baseline 0.004 -14"><span class='ocrx_word' id='word_1_172' title='bbox 2305 1338 2564 1396; x_wconf 86' lang='lat' dir='ltr'><strong>posuerat</strong></span> <span class='ocrx_word' id='word_1_173' title='bbox 2585 1330 2637 1383; x_wconf 91' lang='lat' dir='ltr'><strong>in</strong></span> <span class='ocrx_word' id='word_1_174' title='bbox 2661 1331 2858 1386; x_wconf 88' lang='lat' dir='ltr'><strong>castris</strong></span> <span class='ocrx_word' id='word_1_175' title='bbox 2879 1331 3094 1386; x_wconf 91' lang='lat' dir='ltr'><strong>comitis</strong></span> <span class='ocrx_word' id='word_1_176' title='bbox 3114 1330 3482 1388; x_wconf 88' lang='lat' dir='ltr'><strong>Ebroicensis.</strong></span> <span class='ocrx_word' id='word_1_177' title='bbox 3509 1332 3614 1388; x_wconf 87' lang='lat' dir='ltr'><strong>Hac</strong></span> <span class='ocrx_word' id='word_1_178' title='bbox 3632 1333 3690 1389; x_wconf 89' lang='lat' dir='ltr'><strong>de</strong></span> <span class='ocrx_word' id='word_1_179' title='bbox 3707 1349 3826 1388; x_wconf 79' lang='lat' dir='ltr'><strong>causa</strong></span> 
     </span>
    </p>
   </div>
   <div class='ocr_carea' id='block_1_29' title="bbox 2304 1420 3827 1494">
    <p class='ocr_par' dir='ltr' id='par_1_29' title="bbox 2304 1420 3827 1494">
     <span class='ocr_line' id='line_1_29' title="bbox 2304 1420 3827 1494; baseline 0.003 -21"><span class='ocrx_word' id='word_1_180' title='bbox 2304 1420 2473 1475; x_wconf 88' lang='lat' dir='ltr'><strong>trevie</strong></span> <span class='ocrx_word' id='word_1_181' title='bbox 2503 1430 2658 1491; x_wconf 87' lang='lat' dir='ltr'><strong>capte</strong></span> <span class='ocrx_word' id='word_1_182' title='bbox 2698 1421 2920 1476; x_wconf 90' lang='lat' dir='ltr'><strong>fuerunt</strong></span> <span class='ocrx_word' id='word_1_183' title='bbox 2943 1423 3084 1476; x_wconf 89' lang='lat' dir='ltr'><strong>inter</strong></span> <span class='ocrx_word' id='word_1_184' title='bbox 3122 1423 3262 1478; x_wconf 91' lang='lat' dir='ltr'><strong>duos</strong></span> <span class='ocrx_word' id='word_1_185' title='bbox 3301 1439 3480 1494; x_wconf 87' lang='lat' dir='ltr'><strong>reges,</strong></span> <span class='ocrx_word' id='word_1_186' title='bbox 3507 1441 3537 1479; x_wconf 93' lang='lat' dir='ltr'><strong>a</strong></span> <span class='ocrx_word' id='word_1_187' title='bbox 3567 1441 3729 1480; x_wconf 83' lang='lat' dir='ltr'><strong>mense</strong></span> <span class='ocrx_word' id='word_1_188' title='bbox 3757 1424 3827 1478; x_wconf 75' lang='lat' dir='ltr'><strong>De-</strong></span> 
     </span>
    </p>
   </div>
   <div class='ocr_carea' id='block_1_30' title="bbox 2304 1512 3828 1586">
    <p class='ocr_par' dir='ltr' id='par_1_30' title="bbox 2304 1512 3828 1586">
     <span class='ocr_line' id='line_1_30' title="bbox 2304 1512 3828 1586; baseline 0.004 -22"><span class='ocrx_word' id='word_1_189' title='bbox 2304 1512 2509 1566; x_wconf 89' lang='lat' dir='ltr'><strong>cembri</strong></span> <span class='ocrx_word' id='word_1_190' title='bbox 2535 1528 2709 1582; x_wconf 90' lang='lat' dir='ltr'><strong>usque</strong></span> <span class='ocrx_word' id='word_1_191' title='bbox 2723 1513 2791 1568; x_wconf 92' lang='lat' dir='ltr'><strong>ad</strong></span> <span class='ocrx_word' id='word_1_192' title='bbox 2815 1523 3038 1568; x_wconf 88' lang='lat' dir='ltr'><strong>octavas</strong></span> <span class='ocrx_word' id='word_1_193' title='bbox 3059 1523 3424 1583; x_wconf 88' lang='lat' dir='ltr'><strong>pentecostes.</strong></span> <span class='ocrx_word' id='word_1_194' title='bbox 3454 1515 3513 1568; x_wconf 90' lang='lat' dir='ltr'><strong>ln</strong></span> <span class='ocrx_word' id='word_1_195' title='bbox 3535 1516 3690 1571; x_wconf 90' lang='lat' dir='ltr'><strong>reditu</strong></span> <span class='ocrx_word' id='word_1_196' title='bbox 3711 1533 3828 1586; x_wconf 77' lang='lat' dir='ltr'><strong>cxpe-</strong></span> 
     </span>
    </p>
   </div>
   <div class='ocr_carea' id='block_1_31' title="bbox 2303 1603 3825 1662">
    <p class='ocr_par' dir='ltr' id='par_1_31' title="bbox 2303 1603 3825 1662">
     <span class='ocr_line' id='line_1_31' title="bbox 2303 1603 3825 1662; baseline 0.003 -5"><span class='ocrx_word' id='word_1_197' title='bbox 2303 1603 2527 1659; x_wconf 92' lang='lat' dir='ltr'><strong>ditionis</strong></span> <span class='ocrx_word' id='word_1_198' title='bbox 2589 1603 2786 1660; x_wconf 88' lang='lat' dir='ltr'><strong>Tolose</strong></span> <span class='ocrx_word' id='word_1_199' title='bbox 2838 1621 3027 1661; x_wconf 89' lang='lat' dir='ltr'><strong>mense</strong></span> <span class='ocrx_word' id='word_1_200' title='bbox 3080 1604 3332 1662; x_wconf 89' lang='lat' dir='ltr'><strong>Octobris</strong></span> <span class='ocrx_word' id='word_1_201' title='bbox 3380 1608 3519 1662; x_wconf 91' lang='lat' dir='ltr'><strong>obiit</strong></span> <span class='ocrx_word' id='word_1_202' title='bbox 3562 1607 3825 1662; x_wconf 80' lang='lat' dir='ltr'><strong>Guillcrmus</strong></span> 
     </span>
    </p>
   </div>
   <div class='ocr_carea' id='block_1_32' title="bbox 2303 1692 3825 1768">
    <p class='ocr_par' dir='ltr' id='par_1_32' title="bbox 2303 1692 3825 1768">
     <span class='ocr_line' id='line_1_32' title="bbox 2303 1692 3825 1768; baseline 0.003 -21"><span class='ocrx_word' id='word_1_203' title='bbox 2303 1708 2488 1749; x_wconf 89' lang='lat' dir='ltr'><strong>comes</strong></span> <span class='ocrx_word' id='word_1_204' title='bbox 2516 1692 2816 1762; x_wconf 86' lang='lat' dir='ltr'><strong>Moritonii;</strong></span> <span class='ocrx_word' id='word_1_205' title='bbox 2845 1695 3082 1751; x_wconf 89' lang='lat' dir='ltr'><strong>decessit</strong></span> <span class='ocrx_word' id='word_1_206' title='bbox 3129 1705 3310 1751; x_wconf 86' lang='lat' dir='ltr'><strong>autem</strong></span> <span class='ocrx_word' id='word_1_207' title='bbox 3355 1697 3562 1768; x_wconf 85' lang='lat' dir='ltr'><strong>absque</strong></span> <span class='ocrx_word' id='word_1_208' title='bbox 3586 1698 3756 1765; x_wconf 87' lang='lat' dir='ltr'><strong>liberis,</strong></span> <span class='ocrx_word' id='word_1_209' title='bbox 3789 1706 3825 1751; x_wconf 82' lang='lat' dir='ltr'><strong>et</strong></span> 
     </span>
    </p>
   </div>
   <div class='ocr_carea' id='block_1_33' title="bbox 607 1772 3706 1859">
    <p class='ocr_par' dir='ltr' id='par_1_33' title="bbox 607 1772 3706 1859">
     <span class='ocr_line' id='line_1_33' title="bbox 607 1772 3706 1859; baseline 0.002 -19"><span class='ocrx_word' id='word_1_210' title='bbox 607 1787 1012 1853; x_wconf 89' lang='lat' dir='ltr'><strong>.nensi,&#39;electus</strong></span> <span class='ocrx_word' id='word_1_211' title='bbox 1032 1797 1116 1842; x_wconf 91' lang='lat' dir='ltr'><strong>est</strong></span> <span class='ocrx_word' id='word_1_212' title='bbox 1135 1787 1262 1841; x_wconf 84' lang='lat' dir='ltr'><strong>Milo</strong></span> <span class='ocrx_word' id='word_1_213' title='bbox 1283 1788 1738 1844; x_wconf 88' lang='lat' dir='ltr'><strong>archidiachonus</strong></span> <span class='ocrx_word' id='word_1_214' title='bbox 1760 1789 2001 1859; x_wconf 87' lang='lat' dir='ltr'><strong>ejusdem</strong></span> <span class='ocrx_word' id='word_1_215' title='bbox 2015 1791 2205 1846; x_wconf 47' lang='lat' dir='ltr'><strong>.aecclt.h</strong></span> <span class='ocrx_word' id='word_1_216' title='bbox 2234 1772 2278 1827; x_wconf 74' lang='grc' dir='ltr'><strong>Β</strong></span> <span class='ocrx_word' id='word_1_217' title='bbox 2303 1784 2530 1839; x_wconf 73' lang='lat' dir='ltr'><strong>retinuit</strong></span> <span class='ocrx_word' id='word_1_218' title='bbox 2557 1783 2825 1842; x_wconf 75' lang='lat' dir='ltr'><strong>Henricus</strong></span> <span class='ocrx_word' id='word_1_219' title='bbox 2859 1802 2953 1841; x_wconf 81' lang='lat' dir='ltr'><strong>rex</strong></span> <span class='ocrx_word' id='word_1_220' title='bbox 2978 1787 3295 1842; x_wconf 79' lang='lat' dir='ltr'><strong>comitatum</strong></span> <span class='ocrx_word' id='word_1_221' title='bbox 3324 1789 3380 1842; x_wconf 88' lang='lat' dir='ltr'><strong>in</strong></span> <span class='ocrx_word' id='word_1_222' title='bbox 3406 1805 3570 1843; x_wconf 88' lang='lat' dir='ltr'><strong>manu</strong></span> <span class='ocrx_word' id='word_1_223' title='bbox 3603 1804 3706 1843; x_wconf 88' lang='lat' dir='ltr'><strong>sua.</strong></span> 
     </span>
    </p>
   </div>
   <div class='ocr_carea' id='block_1_34' title="bbox 609 1879 2196 1951">
    <p class='ocr_par' dir='ltr' id='par_1_34' title="bbox 609 1879 2196 1951">
     <span class='ocr_line' id='line_1_34' title="bbox 609 1879 2196 1951; baseline 0.001 -16"><span class='ocrx_word' id='word_1_224' title='bbox 609 1879 734 1946; x_wconf 19' lang='lat' dir='ltr'><strong>(siue,</strong></span> <span class='ocrx_word' id='word_1_225' title='bbox 764 1880 1062 1934; x_wconf 88' lang='lat' dir='ltr'><strong>canonicus</strong></span> <span class='ocrx_word' id='word_1_226' title='bbox 1093 1879 1381 1950; x_wconf 86' lang='lat' dir='ltr'><strong>regularis,</strong></span> <span class='ocrx_word' id='word_1_227' title='bbox 1409 1879 1550 1934; x_wconf 90' lang='lat' dir='ltr'><strong>sicut</strong></span> <span class='ocrx_word' id='word_1_228' title='bbox 1577 1879 1830 1936; x_wconf 88' lang='lat' dir='ltr'><strong>decessor</strong></span> <span class='ocrx_word' id='word_1_229' title='bbox 1853 1881 1974 1951; x_wconf 88' lang='lat' dir='ltr'><strong>ejus</strong></span> <span class='ocrx_word' id='word_1_230' title='bbox 2001 1880 2196 1937; x_wconf 92' lang='lat' dir='ltr'><strong>fuerat.</strong></span> 
     </span>
    </p>
   </div>
   <div class='ocr_carea' id='block_1_35' title="bbox 606 1969 2202 2042">
    <p class='ocr_par' dir='ltr' id='par_1_35' title="bbox 606 1969 2202 2042">
     <span class='ocr_line' id='line_1_35' title="bbox 606 1969 2202 2042; baseline 0.002 -17"><span class='ocrx_word' id='word_1_231' title='bbox 606 1969 791 2038; x_wconf 79' lang='lat' dir='ltr'><strong>Quen</strong></span> <span class='ocrx_word' id='word_1_232' title='bbox 825 1986 949 2026; x_wconf 85' lang='lat' dir='ltr'><strong>curn</strong></span> <span class='ocrx_word' id='word_1_233' title='bbox 976 1969 1210 2027; x_wconf 89' lang='lat' dir='ltr'><strong>Samson</strong></span> <span class='ocrx_word' id='word_1_234' title='bbox 1243 1971 1686 2042; x_wconf 89' lang='lat' dir='ltr'><strong>archiepiscopus</strong></span> <span class='ocrx_word' id='word_1_235' title='bbox 1725 1972 2010 2028; x_wconf 83' lang='lat' dir='ltr'><strong>Remensis</strong></span> <span class='ocrx_word' id='word_1_236' title='bbox 2043 1974 2202 2028; x_wconf 81' lang='lat' dir='ltr'><strong>vellet</strong></span> 
     </span>
    </p>
   </div>
   <div class='ocr_carea' id='block_1_36' title="bbox 614 2063 2200 2136">
    <p class='ocr_par' dir='ltr' id='par_1_36' title="bbox 614 2063 2200 2136">
     <span class='ocr_line' id='line_1_36' title="bbox 614 2063 2200 2136; baseline 0.001 -17"><span class='ocrx_word' id='word_1_237' title='bbox 614 2079 853 2130; x_wconf 86' lang='lat' dir='ltr'><strong>sacrare,</strong></span> <span class='ocrx_word' id='word_1_238' title='bbox 869 2064 1052 2120; x_wconf 89' lang='lat' dir='ltr'><strong>clerici</strong></span> <span class='ocrx_word' id='word_1_239' title='bbox 1074 2064 1310 2119; x_wconf 86' lang='lat' dir='ltr'><strong>civitatis</strong></span> <span class='ocrx_word' id='word_1_240' title='bbox 1324 2063 1566 2131; x_wconf 88' lang='lat' dir='ltr'><strong>Bolonie,</strong></span> <span class='ocrx_word' id='word_1_241' title='bbox 1589 2065 1682 2135; x_wconf 89' lang='lat' dir='ltr'><strong>qui</strong></span> <span class='ocrx_word' id='word_1_242' title='bbox 1706 2065 1797 2120; x_wconf 91' lang='lat' dir='ltr'><strong>diu</strong></span> <span class='ocrx_word' id='word_1_243' title='bbox 1821 2066 1924 2120; x_wconf 92' lang='lat' dir='ltr'><strong>sub</strong></span> <span class='ocrx_word' id='word_1_244' title='bbox 1946 2066 2200 2136; x_wconf 88' lang='lat' dir='ltr'><strong>episcopo</strong></span> 
     </span>
    </p>
   </div>
   <div class='ocr_carea' id='block_1_37' title="bbox 615 2154 2198 2226">
    <p class='ocr_par' dir='ltr' id='par_1_37' title="bbox 615 2154 2198 2226">
     <span class='ocr_line' id='line_1_37' title="bbox 615 2154 2198 2226; baseline 0.003 -17"><span class='ocrx_word' id='word_1_245' title='bbox 615 2154 1006 2212; x_wconf 86' lang='lat' dir='ltr'><strong>Tarwennensi</strong></span> <span class='ocrx_word' id='word_1_246' title='bbox 1053 2155 1290 2222; x_wconf 89' lang='lat' dir='ltr'><strong>fuerant,</strong></span> <span class='ocrx_word' id='word_1_247' title='bbox 1328 2156 1571 2210; x_wconf 91' lang='lat' dir='ltr'><strong>volentes</strong></span> <span class='ocrx_word' id='word_1_248' title='bbox 1612 2157 1810 2211; x_wconf 91' lang='lat' dir='ltr'><strong>amodo</strong></span> <span class='ocrx_word' id='word_1_249' title='bbox 1863 2173 2025 2212; x_wconf 91' lang='lat' dir='ltr'><strong>suum</strong></span> <span class='ocrx_word' id='word_1_250' title='bbox 2069 2173 2198 2226; x_wconf 90' lang='lat' dir='ltr'><strong>pro-</strong></span> 
     </span>
    </p>
   </div>
   <div class='ocr_carea' id='block_1_38' title="bbox 613 2248 2200 2318">
    <p class='ocr_par' dir='ltr' id='par_1_38' title="bbox 613 2248 2200 2318">
     <span class='ocr_line' id='line_1_38' title="bbox 613 2248 2200 2318; baseline 0.002 -16"><span class='ocrx_word' id='word_1_251' title='bbox 613 2248 796 2318; x_wconf 86' lang='lat' dir='ltr'><strong>prium</strong></span> <span class='ocrx_word' id='word_1_252' title='bbox 843 2248 1163 2318; x_wconf 88' lang='lat' dir='ltr'><strong>episcopum</strong></span> <span class='ocrx_word' id='word_1_253' title='bbox 1198 2248 1417 2313; x_wconf 85' lang='lat' dir='ltr'><strong>habere,</strong></span> <span class='ocrx_word' id='word_1_254' title='bbox 1470 2249 1615 2303; x_wconf 88' lang='lat' dir='ltr'><strong>sicut</strong></span> <span class='ocrx_word' id='word_1_255' title='bbox 1655 2249 1958 2318; x_wconf 89' lang='lat' dir='ltr'><strong>antiquitus</strong></span> <span class='ocrx_word' id='word_1_256' title='bbox 1993 2249 2200 2305; x_wconf 82' lang='lat' dir='ltr'><strong>habue-</strong></span> 
     </span>
    </p>
   </div>
   <div class='ocr_carea' id='block_1_39' title="bbox 612 2340 2199 2411">
    <p class='ocr_par' dir='ltr' id='par_1_39' title="bbox 612 2340 2199 2411">
     <span class='ocr_line' id='line_1_39' title="bbox 612 2340 2199 2411; baseline 0.002 -17"><span class='ocrx_word' id='word_1_257' title='bbox 612 2348 758 2407; x_wconf 90' lang='lat' dir='ltr'><strong>rant,</strong></span> <span class='ocrx_word' id='word_1_258' title='bbox 797 2340 1688 2410; x_wconf 89' lang='lat' dir='ltr'><strong>prohibueruntarchiepiscopum</strong></span> <span class='ocrx_word' id='word_1_259' title='bbox 1714 2341 1816 2395; x_wconf 90' lang='lat' dir='ltr'><strong>sub</strong></span> <span class='ocrx_word' id='word_1_260' title='bbox 1840 2342 2199 2411; x_wconf 87' lang='lat' dir='ltr'><strong>appellatione</strong></span> 
     </span>
    </p>
   </div>
   <div class='ocr_carea' id='block_1_40' title="bbox 607 2431 2198 2503">
    <p class='ocr_par' dir='ltr' id='par_1_40' title="bbox 607 2431 2198 2503">
     <span class='ocr_line' id='line_1_40' title="bbox 607 2431 2198 2503; baseline 0.002 -18"><span class='ocrx_word' id='word_1_261' title='bbox 607 2433 930 2503; x_wconf 61' lang='lat' dir='ltr'><strong>apostolica,</strong></span> <span class='ocrx_word' id='word_1_262' title='bbox 964 2448 1033 2488; x_wconf 91' lang='lat' dir='ltr'><strong>ne</strong></span> <span class='ocrx_word' id='word_1_263' title='bbox 1076 2448 1200 2488; x_wconf 93' lang='lat' dir='ltr'><strong>eum</strong></span> <span class='ocrx_word' id='word_1_264' title='bbox 1229 2440 1468 2487; x_wconf 90' lang='lat' dir='ltr'><strong>sacraret</strong></span> <span class='ocrx_word' id='word_1_265' title='bbox 1492 2431 1599 2488; x_wconf 90' lang='lat' dir='ltr'><strong>nisi</strong></span> <span class='ocrx_word' id='word_1_266' title='bbox 1636 2434 2012 2488; x_wconf 85' lang='lat' dir='ltr'><strong>tantummodo</strong></span> <span class='ocrx_word' id='word_1_267' title='bbox 2040 2435 2106 2489; x_wconf 88' lang='lat' dir='ltr'><strong>ad</strong></span> <span class='ocrx_word' id='word_1_268' title='bbox 2131 2435 2198 2490; x_wconf 88' lang='lat' dir='ltr'><strong>ti-</strong></span> 
     </span>
    </p>
   </div>
   <div class='ocr_carea' id='block_1_41' title="bbox 610 2521 2197 2593">
    <p class='ocr_par' dir='ltr' id='par_1_41' title="bbox 610 2521 2197 2593">
     <span class='ocr_line' id='line_1_41' title="bbox 610 2521 2197 2593; baseline 0.003 -17"><span class='ocrx_word' id='word_1_269' title='bbox 610 2522 784 2578; x_wconf 91' lang='lat' dir='ltr'><strong>tulum</strong></span> <span class='ocrx_word' id='word_1_270' title='bbox 809 2521 1212 2578; x_wconf 89' lang='lat' dir='ltr'><strong>Tarvennensis</strong></span> <span class='ocrx_word' id='word_1_271' title='bbox 1237 2522 1483 2578; x_wconf 89' lang='lat' dir='ltr'><strong>ecclesie.</strong></span> <span class='ocrx_word' id='word_1_272' title='bbox 1515 2521 1671 2589; x_wconf 85' lang='lat' dir='ltr'><strong>Quod</strong></span> <span class='ocrx_word' id='word_1_273' title='bbox 1695 2523 1970 2593; x_wconf 89' lang='lat' dir='ltr'><strong>predictus</strong></span> <span class='ocrx_word' id='word_1_274' title='bbox 1993 2525 2197 2582; x_wconf 89' lang='lat' dir='ltr'><strong>electus</strong></span> 
     </span>
    </p>
   </div>
   <div class='ocr_carea' id='block_1_42' title="bbox 585 2613 2194 2681">
    <p class='ocr_par' dir='ltr' id='par_1_42' title="bbox 585 2613 2194 2681">
     <span class='ocr_line' id='line_1_42' title="bbox 585 2613 2194 2681; baseline 0.002 -12"><span class='ocrx_word' id='word_1_275' title='bbox 585 2613 879 2681; x_wconf 72' lang='lat' dir='ltr'><strong>refutans,</strong></span> <span class='ocrx_word' id='word_1_276' title='bbox 931 2614 1239 2669; x_wconf 88' lang='lat' dir='ltr'><strong>insacratus</strong></span> <span class='ocrx_word' id='word_1_277' title='bbox 1285 2623 1476 2669; x_wconf 89' lang='lat' dir='ltr'><strong>contra</strong></span> <span class='ocrx_word' id='word_1_278' title='bbox 1525 2614 1648 2669; x_wconf 92' lang='lat' dir='ltr'><strong>illos</strong></span> <span class='ocrx_word' id='word_1_279' title='bbox 1684 2615 1914 2671; x_wconf 89' lang='lat' dir='ltr'><strong>clericos</strong></span> <span class='ocrx_word' id='word_1_280' title='bbox 1967 2615 2194 2673; x_wconf 84' lang='lat' dir='ltr'><strong>Romam</strong></span> 
     </span>
    </p>
   </div>
   <div class='ocr_carea' id='block_1_43' title="bbox 604 2705 2196 2779">
    <p class='ocr_par' dir='ltr' id='par_1_43' title="bbox 604 2705 2196 2779">
     <span class='ocr_line' id='line_1_43' title="bbox 604 2705 2196 2779; baseline 0.006 -20"><span class='ocrx_word' id='word_1_281' title='bbox 604 2705 868 2776; x_wconf 79' lang='lat' dir='ltr'><strong>perrexit,</strong></span> <span class='ocrx_word' id='word_1_282' title='bbox 919 2714 974 2760; x_wconf 91' lang='lat' dir='ltr'><strong>et</strong></span> <span class='ocrx_word' id='word_1_283' title='bbox 1028 2706 1101 2760; x_wconf 92' lang='lat' dir='ltr'><strong>ibi</strong></span> <span class='ocrx_word' id='word_1_284' title='bbox 1157 2715 1404 2762; x_wconf 89' lang='lat' dir='ltr'><strong>sacratus</strong></span> <span class='ocrx_word' id='word_1_285' title='bbox 1432 2715 1535 2763; x_wconf 90' lang='lat' dir='ltr'><strong>est.</strong></span> <span class='ocrx_word' id='word_1_286' title='bbox 1585 2707 1842 2779; x_wconf 85' lang='lat' dir='ltr'><strong>Magister</strong></span> <span class='ocrx_word' id='word_1_287' title='bbox 1886 2708 2196 2768; x_wconf 86' lang='lat' dir='ltr'><strong>Bernardus</strong></span> 
     </span>
    </p>
   </div>
   <div class='ocr_carea' id='block_1_44' title="bbox 581 2795 2197 2868">
    <p class='ocr_par' dir='ltr' id='par_1_44' title="bbox 581 2795 2197 2868">
     <span class='ocr_line' id='line_1_44' title="bbox 581 2795 2197 2868; baseline 0.005 -18"><span class='ocrx_word' id='word_1_288' title='bbox 581 2795 782 2865; x_wconf 61' lang='lat' dir='ltr'><strong>«.Brito,</strong></span> <span class='ocrx_word' id='word_1_289' title='bbox 813 2798 1175 2854; x_wconf 88' lang='lat' dir='ltr'><strong>cancellarius</strong></span> <span class='ocrx_word' id='word_1_290' title='bbox 1222 2798 1450 2855; x_wconf 89' lang='lat' dir='ltr'><strong>ecclesie</strong></span> <span class='ocrx_word' id='word_1_291' title='bbox 1495 2800 1872 2868; x_wconf 84' lang='lat' dir='ltr'><strong>Carnotensis,</strong></span> <span class='ocrx_word' id='word_1_292' title='bbox 1914 2802 2092 2858; x_wconf 86' lang='lat' dir='ltr'><strong>factus</strong></span> <span class='ocrx_word' id='word_1_293' title='bbox 2111 2814 2197 2859; x_wconf 89' lang='lat' dir='ltr'><strong>est</strong></span> 
     </span>
    </p>
   </div>
   <div class='ocr_carea' id='block_1_45' title="bbox 608 2888 2195 2966">
    <p class='ocr_par' dir='ltr' id='par_1_45' title="bbox 608 2888 2195 2966">
     <span class='ocr_line' id='line_1_45' title="bbox 608 2888 2195 2966; baseline 0.004 -22"><span class='ocrx_word' id='word_1_294' title='bbox 608 2888 904 2960; x_wconf 87' lang='lat' dir='ltr'><strong>cpiscopus</strong></span> <span class='ocrx_word' id='word_1_295' title='bbox 933 2889 1208 2946; x_wconf 87' lang='lat' dir='ltr'><strong>Cornubie</strong></span> <span class='ocrx_word' id='word_1_296' title='bbox 1257 2891 1313 2945; x_wconf 92' lang='lat' dir='ltr'><strong>in</strong></span> <span class='ocrx_word' id='word_1_297' title='bbox 1347 2891 1548 2946; x_wconf 89' lang='lat' dir='ltr'><strong>minori</strong></span> <span class='ocrx_word' id='word_1_298' title='bbox 1589 2892 1890 2949; x_wconf 88' lang='lat' dir='ltr'><strong>Britannia.</strong></span> <span class='ocrx_word' id='word_1_299' title='bbox 1937 2894 2195 2966; x_wconf 89' lang='lat' dir='ltr'><strong>Magister</strong></span> 
     </span>
    </p>
   </div>
   <div class='ocr_carea' id='block_1_46' title="bbox 606 2981 2192 3058">
    <p class='ocr_par' dir='ltr' id='par_1_46' title="bbox 606 2981 2192 3058">
     <span class='ocr_line' id='line_1_46' title="bbox 606 2981 2192 3058; baseline 0.004 -22"><span class='ocrx_word' id='word_1_300' title='bbox 606 2981 773 3037; x_wconf 88' lang='lat' dir='ltr'><strong>etiam</strong></span> <span class='ocrx_word' id='word_1_301' title='bbox 803 2981 1009 3038; x_wconf 80' lang='lat' dir='ltr'><strong>Petrus</strong></span> <span class='ocrx_word' id='word_1_302' title='bbox 1051 2983 1372 3040; x_wconf 90' lang='lat' dir='ltr'><strong>Lonbardus</strong></span> <span class='ocrx_word' id='word_1_303' title='bbox 1412 2983 1778 3042; x_wconf 89' lang='lat' dir='ltr'><strong>Parisiensem</strong></span> <span class='ocrx_word' id='word_1_304' title='bbox 1819 2987 2192 3058; x_wconf 84' lang='lat' dir='ltr'><strong>episcopatum</strong></span> 
     </span>
    </p>
   </div>
   <div class='ocr_carea' id='block_1_47' title="bbox 588 3071 2261 3170">
    <p class='ocr_par' dir='ltr' id='par_1_47' title="bbox 588 3071 2261 3170">
     <span class='ocr_line' id='line_1_47' title="bbox 588 3071 2261 3170; baseline 0.005 -42"><span class='ocrx_word' id='word_1_305' title='bbox 588 3071 840 3170; x_wconf 69' lang='lat' dir='ltr'><strong>adeptus</strong></span> <span class='ocrx_word' id='word_1_306' title='bbox 861 3083 966 3142; x_wconf 83' lang='lat' dir='ltr'><strong>est,</strong></span> <span class='ocrx_word' id='word_1_307' title='bbox 986 3075 1272 3170; x_wconf 68' lang='lat' dir='ltr'><strong>conivent—te</strong></span> <span class='ocrx_word' id='word_1_308' title='bbox 1295 3074 1544 3147; x_wconf 90' lang='lat' dir='ltr'><strong>Philippo</strong></span> <span class='ocrx_word' id='word_1_309' title='bbox 1565 3076 1810 3147; x_wconf 89' lang='lat' dir='ltr'><strong>ejusdem</strong></span> <span class='ocrx_word' id='word_1_310' title='bbox 1843 3079 2074 3135; x_wconf 88' lang='lat' dir='ltr'><strong>ecclesie</strong></span> <span class='ocrx_word' id='word_1_311' title='bbox 2099 3081 2193 3136; x_wconf 90' lang='lat' dir='ltr'><strong>de-</strong></span> <span class='ocrx_word' id='word_1_312' title='bbox 2219 3113 2261 3170; x_wconf 65' lang='grc' dir='ltr'>ο</span> 
     </span>
    </p>
   </div>
   <div class='ocr_carea' id='block_1_48' title="bbox 605 3163 2194 3240">
    <p class='ocr_par' dir='ltr' id='par_1_48' title="bbox 605 3163 2194 3240">
     <span class='ocr_line' id='line_1_48' title="bbox 605 3163 2194 3240; baseline 0.007 -23"><span class='ocrx_word' id='word_1_313' title='bbox 605 3163 1150 3236; x_wconf 59' lang='grc' dir='ltr'><strong>ωηονΐιιειινε-τρείε</strong></span> <span class='ocrx_word' id='word_1_314' title='bbox 1190 3165 1562 3232; x_wconf 81' lang='lat' dir='ltr'><strong>Francorum;</strong></span> <span class='ocrx_word' id='word_1_315' title='bbox 1594 3170 1709 3240; x_wconf 90' lang='lat' dir='ltr'><strong>qui,</strong></span> <span class='ocrx_word' id='word_1_316' title='bbox 1741 3179 1802 3226; x_wconf 92' lang='lat' dir='ltr'><strong>ut</strong></span> <span class='ocrx_word' id='word_1_317' title='bbox 1844 3171 2053 3240; x_wconf 87' lang='lat' dir='ltr'><strong>dicunt,</strong></span> <span class='ocrx_word' id='word_1_318' title='bbox 2084 3173 2194 3228; x_wconf 84' lang='lat' dir='ltr'><strong>ele-</strong></span> 
     </span>
    </p>
   </div>
   <div class='ocr_carea' id='block_1_49' title="bbox 604 3255 1882 3337">
    <p class='ocr_par' dir='ltr' id='par_1_49' title="bbox 604 3255 1882 3337">
     <span class='ocr_line' id='line_1_49' title="bbox 604 3255 1882 3337; baseline 0.005 -27"><span class='ocrx_word' id='word_1_319' title='bbox 604 3255 842 3311; x_wconf 89' lang='lat' dir='ltr'><strong>ctionem</strong></span> <span class='ocrx_word' id='word_1_320' title='bbox 867 3272 1023 3312; x_wconf 87' lang='lat' dir='ltr'><strong>suam</strong></span> <span class='ocrx_word' id='word_1_321' title='bbox 1045 3258 1320 3314; x_wconf 85' lang='lat' dir='ltr'><strong>concessit</strong></span> <span class='ocrx_word' id='word_1_322' title='bbox 1339 3259 1510 3315; x_wconf 90' lang='lat' dir='ltr'><strong>eidem</strong></span> <span class='ocrx_word' id='word_1_323' title='bbox 1542 3260 1720 3316; x_wconf 90' lang='lat' dir='ltr'><strong>Petro.</strong></span> <span class='ocrx_word' id='word_1_324' title='bbox 1878 3334 1882 3337; x_wconf 20' lang='lat'><strong><em>.</em></strong></span> 
     </span>
    </p>
   </div>
   <div class='ocr_carea' id='block_1_50' title="bbox 678 3345 2189 3427">
    <p class='ocr_par' dir='ltr' id='par_1_50' title="bbox 678 3345 2189 3427">
     <span class='ocr_line' id='line_1_50' title="bbox 678 3345 2189 3427; baseline 0.007 -26"><span class='ocrx_word' id='word_1_325' title='bbox 678 3345 1307 3418; x_wconf 80' lang='lat' dir='ltr'><strong>Kalendis-Septembris</strong></span> <span class='ocrx_word' id='word_1_326' title='bbox 1349 3361 1568 3408; x_wconf 89' lang='lat' dir='ltr'><strong>mortuo</strong></span> <span class='ocrx_word' id='word_1_327' title='bbox 1622 3352 1864 3410; x_wconf 80' lang='lat' dir='ltr'><strong>Adriano</strong></span> <span class='ocrx_word' id='word_1_328' title='bbox 1914 3356 2189 3427; x_wconf 84' lang='lat' dir='ltr'><strong>pontiﬁce,</strong></span> 
     </span>
    </p>
   </div>
   <div class='ocr_carea' id='block_1_51' title="bbox 601 3438 2190 3510">
    <p class='ocr_par' dir='ltr' id='par_1_51' title="bbox 601 3438 2190 3510">
     <span class='ocr_line' id='line_1_51' title="bbox 601 3438 2190 3510; baseline 0.006 -16"><span class='ocrx_word' id='word_1_329' title='bbox 601 3438 759 3494; x_wconf 89' lang='lat' dir='ltr'><strong>electi</strong></span> <span class='ocrx_word' id='word_1_330' title='bbox 789 3449 930 3496; x_wconf 80' lang='lat' dir='ltr'><strong>sunt</strong></span> <span class='ocrx_word' id='word_1_331' title='bbox 968 3441 1077 3496; x_wconf 85' lang='lat' dir='ltr'><strong>duo</strong></span> <span class='ocrx_word' id='word_1_332' title='bbox 1107 3449 1162 3495; x_wconf 85' lang='lat' dir='ltr'><strong>et</strong></span> <span class='ocrx_word' id='word_1_333' title='bbox 1195 3445 1520 3510; x_wconf 89' lang='lat' dir='ltr'><strong>consecrati,</strong></span> <span class='ocrx_word' id='word_1_334' title='bbox 1565 3444 1866 3503; x_wconf 82' lang='lat' dir='ltr'><strong>Rollandus</strong></span> <span class='ocrx_word' id='word_1_335' title='bbox 1917 3450 2190 3504; x_wconf 88' lang='lat' dir='ltr'><strong>cancella-</strong></span> 
     </span>
    </p>
   </div>
   <div class='ocr_carea' id='block_1_52' title="bbox 605 3528 2193 3602">
    <p class='ocr_par' dir='ltr' id='par_1_52' title="bbox 605 3528 2193 3602">
     <span class='ocr_line' id='line_1_52' title="bbox 605 3528 2193 3602; baseline 0.007 -20"><span class='ocrx_word' id='word_1_336' title='bbox 605 3528 722 3585; x_wconf 88' lang='lat' dir='ltr'><strong>rius</strong></span> <span class='ocrx_word' id='word_1_337' title='bbox 758 3529 1024 3600; x_wconf 85' lang='lat' dir='ltr'><strong>presbiter</strong></span> <span class='ocrx_word' id='word_1_338' title='bbox 1047 3531 1355 3587; x_wconf 82' lang='lat' dir='ltr'><strong>cardinalis</strong></span> <span class='ocrx_word' id='word_1_339' title='bbox 1392 3533 1533 3588; x_wconf 90' lang='lat' dir='ltr'><strong>tituli</strong></span> <span class='ocrx_word' id='word_1_340' title='bbox 1567 3533 1753 3590; x_wconf 90' lang='lat' dir='ltr'><strong>Sancti</strong></span> <span class='ocrx_word' id='word_1_341' title='bbox 1780 3535 1967 3602; x_wconf 86' lang='lat' dir='ltr'><strong>Marci,</strong></span> <span class='ocrx_word' id='word_1_342' title='bbox 2004 3538 2088 3591; x_wconf 92' lang='lat' dir='ltr'><strong>vir</strong></span> <span class='ocrx_word' id='word_1_343' title='bbox 2113 3554 2193 3592; x_wconf 91' lang='lat' dir='ltr'><strong>re-</strong></span> 
     </span>
    </p>
   </div>
   <div class='ocr_carea' id='block_1_53' title="bbox 551 3619 2188 3695">
    <p class='ocr_par' dir='ltr' id='par_1_53' title="bbox 551 3619 2188 3695">
     <span class='ocr_line' id='line_1_53' title="bbox 551 3619 2188 3695; baseline 0.007 -23"><span class='ocrx_word' id='word_1_344' title='bbox 551 3653 582 3684; x_wconf 79' lang='grc'><strong>,-</strong></span> <span class='ocrx_word' id='word_1_345' title='bbox 601 3619 849 3690; x_wconf 81' lang='lat' dir='ltr'><strong>ligiosus,</strong></span> <span class='ocrx_word' id='word_1_346' title='bbox 872 3629 1099 3676; x_wconf 88' lang='lat' dir='ltr'><strong>vocatus</strong></span> <span class='ocrx_word' id='word_1_347' title='bbox 1129 3621 1435 3678; x_wconf 81' lang='lat' dir='ltr'><strong>Alexander</strong></span> <span class='ocrx_word' id='word_1_348' title='bbox 1455 3622 1544 3690; x_wconf 84' lang='grc' dir='ltr'><strong>ΙΙΙ,</strong></span> <span class='ocrx_word' id='word_1_349' title='bbox 1569 3640 1705 3695; x_wconf 90' lang='lat' dir='ltr'><strong>papa</strong></span> <span class='ocrx_word' id='word_1_350' title='bbox 1733 3625 1983 3680; x_wconf 87' lang='lat' dir='ltr'><strong>videlicet</strong></span> <span class='ocrx_word' id='word_1_351' title='bbox 2006 3627 2188 3694; x_wconf 67' lang='lat'><strong>174“,</strong></span> 
     </span>
    </p>
   </div>
   <div class='ocr_carea' id='block_1_54' title="bbox 587 3709 2190 3782">
    <p class='ocr_par' dir='ltr' id='par_1_54' title="bbox 587 3709 2190 3782">
     <span class='ocr_line' id='line_1_54' title="bbox 587 3709 2190 3782; baseline 0.003 -16"><span class='ocrx_word' id='word_1_352' title='bbox 587 3719 658 3766; x_wconf 82' lang='lat' dir='ltr'><strong>et</strong></span> <span class='ocrx_word' id='word_1_353' title='bbox 683 3709 1014 3767; x_wconf 79' lang='lat' dir='ltr'><strong>Octavianus</strong></span> <span class='ocrx_word' id='word_1_354' title='bbox 1057 3712 1322 3782; x_wconf 84' lang='lat' dir='ltr'><strong>presbiter</strong></span> <span class='ocrx_word' id='word_1_355' title='bbox 1351 3714 1645 3770; x_wconf 90' lang='lat' dir='ltr'><strong>cardinalis</strong></span> <span class='ocrx_word' id='word_1_356' title='bbox 1678 3715 1819 3769; x_wconf 90' lang='lat' dir='ltr'><strong>tituli</strong></span> <span class='ocrx_word' id='word_1_357' title='bbox 1853 3715 2050 3772; x_wconf 88' lang='lat' dir='ltr'><strong>Sancte</strong></span> <span class='ocrx_word' id='word_1_358' title='bbox 2077 3716 2190 3771; x_wconf 80' lang='lat' dir='ltr'><strong>Ma—</strong></span> 
     </span>
    </p>
   </div>
   <div class='ocr_carea' id='block_1_55' title="bbox 600 3803 2191 3878">
    <p class='ocr_par' dir='ltr' id='par_1_55' title="bbox 600 3803 2191 3878">
     <span class='ocr_line' id='line_1_55' title="bbox 600 3803 2191 3878; baseline 0.004 -20"><span class='ocrx_word' id='word_1_359' title='bbox 600 3803 685 3859; x_wconf 89' lang='lat' dir='ltr'><strong>rie</strong></span> <span class='ocrx_word' id='word_1_360' title='bbox 709 3804 764 3859; x_wconf 89' lang='lat' dir='ltr'><strong>in</strong></span> <span class='ocrx_word' id='word_1_361' title='bbox 791 3804 1133 3870; x_wconf 84' lang='lat' dir='ltr'><strong>Cosmidum,</strong></span> <span class='ocrx_word' id='word_1_362' title='bbox 1163 3804 1343 3860; x_wconf 89' lang='lat' dir='ltr'><strong>dictus</strong></span> <span class='ocrx_word' id='word_1_363' title='bbox 1367 3803 1671 3874; x_wconf 83' lang='lat' dir='ltr'><strong>Victorlll;</strong></span> <span class='ocrx_word' id='word_1_364' title='bbox 1698 3807 1788 3862; x_wconf 88' lang='lat' dir='ltr'><strong>hic</strong></span> <span class='ocrx_word' id='word_1_365' title='bbox 1823 3823 1917 3876; x_wconf 90' lang='lat' dir='ltr'><strong>per</strong></span> <span class='ocrx_word' id='word_1_366' title='bbox 1943 3819 2191 3878; x_wconf 85' lang='lat' dir='ltr'><strong>potenta-</strong></span> 
     </span>
    </p>
   </div>
   <div class='ocr_carea' id='block_1_56' title="bbox 573 3895 2186 3966">
    <p class='ocr_par' dir='ltr' id='par_1_56' title="bbox 573 3895 2186 3966">
     <span class='ocr_line' id='line_1_56' title="bbox 573 3895 2186 3966; baseline 0.004 -17"><span class='ocrx_word' id='word_1_367' title='bbox 573 3902 718 3950; x_wconf 74' lang='lat' dir='ltr'><strong>‘tum</strong></span> <span class='ocrx_word' id='word_1_368' title='bbox 755 3903 806 3948; x_wconf 89' lang='lat' dir='ltr'><strong>et</strong></span> <span class='ocrx_word' id='word_1_369' title='bbox 836 3903 1089 3965; x_wconf 87' lang='lat' dir='ltr'><strong>parentes</strong></span> <span class='ocrx_word' id='word_1_370' title='bbox 1118 3910 1247 3950; x_wconf 86' lang='lat' dir='ltr'><strong>suos</strong></span> <span class='ocrx_word' id='word_1_371' title='bbox 1281 3895 1490 3951; x_wconf 89' lang='lat' dir='ltr'><strong>nobiles</strong></span> <span class='ocrx_word' id='word_1_372' title='bbox 1516 3906 1773 3966; x_wconf 90' lang='lat' dir='ltr'><strong>papatum</strong></span> <span class='ocrx_word' id='word_1_373' title='bbox 1803 3898 2021 3954; x_wconf 87' lang='lat' dir='ltr'><strong>invasit.</strong></span> <span class='ocrx_word' id='word_1_374' title='bbox 2056 3899 2186 3956; x_wconf 77' lang='lat' dir='ltr'><strong>Fre-</strong></span> 
     </span>
    </p>
   </div>
   <div class='ocr_carea' id='block_1_57' title="bbox 593 3985 2187 4062">
    <p class='ocr_par' dir='ltr' id='par_1_57' title="bbox 593 3985 2187 4062">
     <span class='ocr_line' id='line_1_57' title="bbox 593 3985 2187 4062; baseline 0.005 -22"><span class='ocrx_word' id='word_1_375' title='bbox 593 3985 788 4056; x_wconf 79' lang='lat' dir='ltr'><strong>geritis</strong></span> <span class='ocrx_word' id='word_1_376' title='bbox 816 3987 960 4057; x_wconf 90' lang='lat' dir='ltr'><strong>regis</strong></span> <span class='ocrx_word' id='word_1_377' title='bbox 987 3987 1404 4043; x_wconf 87' lang='lat' dir='ltr'><strong>elemosinarius</strong></span> <span class='ocrx_word' id='word_1_378' title='bbox 1437 3987 1612 4045; x_wconf 91' lang='lat' dir='ltr'><strong>factus</strong></span> <span class='ocrx_word' id='word_1_379' title='bbox 1645 3999 1730 4045; x_wconf 91' lang='lat' dir='ltr'><strong>est</strong></span> <span class='ocrx_word' id='word_1_380' title='bbox 1757 3991 2047 4062; x_wconf 88' lang='lat' dir='ltr'><strong>episcopus</strong></span> <span class='ocrx_word' id='word_1_381' title='bbox 2088 3992 2187 4048; x_wconf 90' lang='lat' dir='ltr'><strong>Sa-</strong></span> 
     </span>
    </p>
   </div>
   <div class='ocr_carea' id='block_1_58' title="bbox 585 4074 2188 4151">
    <p class='ocr_par' dir='ltr' id='par_1_58' title="bbox 585 4074 2188 4151">
     <span class='ocr_line' id='line_1_58' title="bbox 585 4074 2188 4151; baseline 0.009 -23"><span class='ocrx_word' id='word_1_382' title='bbox 585 4074 827 4145; x_wconf 26' lang='lat' dir='ltr'><strong>‘giensis.</strong></span> <span class='ocrx_word' id='word_1_383' title='bbox 861 4076 1132 4134; x_wconf 90' lang='lat' dir='ltr'><strong>Galtcrius</strong></span> <span class='ocrx_word' id='word_1_384' title='bbox 1175 4080 1463 4151; x_wconf 87' lang='lat' dir='ltr'><strong>episcopus</strong></span> <span class='ocrx_word' id='word_1_385' title='bbox 1507 4081 1815 4138; x_wconf 88' lang='lat' dir='ltr'><strong>Cestrensis</strong></span> <span class='ocrx_word' id='word_1_386' title='bbox 1856 4085 2010 4139; x_wconf 92' lang='lat' dir='ltr'><strong>obiit.</strong></span> <span class='ocrx_word' id='word_1_387' title='bbox 2042 4084 2188 4142; x_wconf 92' lang='lat' dir='ltr'><strong>Obiit</strong></span> 
     </span>
    </p>
   </div>
   <div class='ocr_carea' id='block_1_59' title="bbox 586 4167 2186 4249">
    <p class='ocr_par' dir='ltr' id='par_1_59' title="bbox 586 4167 2186 4249">
     <span class='ocr_line' id='line_1_59' title="bbox 586 4167 2186 4249; baseline 0.009 -30"><span class='ocrx_word' id='word_1_388' title='bbox 586 4167 765 4222; x_wconf 79' lang='lat' dir='ltr'><strong>etiam</strong></span> <span class='ocrx_word' id='word_1_389' title='bbox 795 4167 1067 4224; x_wconf 81' lang='lat' dir='ltr'><strong>Robertus</strong></span> <span class='ocrx_word' id='word_1_390' title='bbox 1087 4171 1376 4242; x_wconf 73' lang='lat' dir='ltr'><strong>episcopus</strong></span> <span class='ocrx_word' id='word_1_391' title='bbox 1402 4171 1727 4230; x_wconf 82' lang='lat' dir='ltr'><strong>Exoniensis</strong></span> <span class='ocrx_word' id='word_1_392' title='bbox 1751 4174 1842 4242; x_wconf 65' lang='grc'>⁸⁸³,</span> <span class='ocrx_word' id='word_1_393' title='bbox 1871 4176 1954 4230; x_wconf 86' lang='lat' dir='ltr'><strong>vir</strong></span> <span class='ocrx_word' id='word_1_394' title='bbox 1977 4177 2186 4249; x_wconf 87' lang='lat' dir='ltr'><strong>religio-</strong></span> 
     </span>
    </p>
   </div>
   <div class='ocr_carea' id='block_1_60' title="bbox 529 4247 2184 4325">
    <p class='ocr_par' dir='ltr' id='par_1_60' title="bbox 529 4247 2184 4325">
     <span class='ocr_line' id='line_1_60' title="bbox 529 4247 2184 4325; baseline 0.008 -14"><span class='ocrx_word' id='word_1_395' title='bbox 529 4247 550 4268; x_wconf 86' lang='grc'><strong><em>⁸</em></strong></span> <span class='ocrx_word' id='word_1_396' title='bbox 597 4272 698 4312; x_wconf 81' lang='lat' dir='ltr'><strong>sus</strong></span> <span class='ocrx_word' id='word_1_397' title='bbox 734 4269 788 4313; x_wconf 90' lang='lat' dir='ltr'><strong>et</strong></span> <span class='ocrx_word' id='word_1_398' title='bbox 816 4259 1017 4314; x_wconf 91' lang='lat' dir='ltr'><strong>timens</strong></span> <span class='ocrx_word' id='word_1_399' title='bbox 1058 4259 1249 4315; x_wconf 89' lang='lat' dir='ltr'><strong>Deum.</strong></span> <span class='ocrx_word' id='word_1_400' title='bbox 1304 4260 1558 4319; x_wconf 89' lang='lat' dir='ltr'><strong>Terricus</strong></span> <span class='ocrx_word' id='word_1_401' title='bbox 1607 4278 1792 4320; x_wconf 90' lang='lat' dir='ltr'><strong>comes</strong></span> <span class='ocrx_word' id='word_1_402' title='bbox 1831 4247 2184 4325; x_wconf 80' lang='lat' dir='ltr'><strong>Flandrensis</strong></span> 
     </span>
    </p>
   </div>
   <div class='ocr_carea' id='block_1_61' title="bbox 588 4348 2179 4428">
    <p class='ocr_par' dir='ltr' id='par_1_61' title="bbox 588 4348 2179 4428">
     <span class='ocr_line' id='line_1_61' title="bbox 588 4348 2179 4428; baseline 0.008 -26"><span class='ocrx_word' id='word_1_403' title='bbox 588 4348 758 4404; x_wconf 78' lang='lat' dir='ltr'><strong>.rediit</strong></span> <span class='ocrx_word' id='word_1_404' title='bbox 782 4349 850 4405; x_wconf 91' lang='lat' dir='ltr'><strong>de</strong></span> <span class='ocrx_word' id='word_1_405' title='bbox 881 4348 1204 4418; x_wconf 84' lang='lat' dir='ltr'><strong>Jerusalem,</strong></span> <span class='ocrx_word' id='word_1_406' title='bbox 1238 4361 1292 4408; x_wconf 91' lang='lat' dir='ltr'><strong>et</strong></span> <span class='ocrx_word' id='word_1_407' title='bbox 1316 4368 1458 4408; x_wconf 78' lang='lat' dir='ltr'><strong>uxor</strong></span> <span class='ocrx_word' id='word_1_408' title='bbox 1491 4354 1611 4424; x_wconf 86' lang='lat' dir='ltr'><strong>ejus</strong></span> <span class='ocrx_word' id='word_1_409' title='bbox 1650 4354 1878 4412; x_wconf 88' lang='lat' dir='ltr'><strong>Mabiria</strong></span> <span class='ocrx_word' id='word_1_410' title='bbox 1915 4356 2062 4428; x_wconf 69' lang='lat'><strong>(654)</strong></span> <span class='ocrx_word' id='word_1_411' title='bbox 2091 4375 2179 4415; x_wconf 89' lang='lat' dir='ltr'><strong>re-</strong></span> 
     </span>
    </p>
   </div>
   <div class='ocr_carea' id='block_1_62' title="bbox 2373 1875 3773 1934">
    <p class='ocr_par' dir='ltr' id='par_1_62' title="bbox 2373 1875 3773 1934">
     <span class='ocr_line' id='line_1_62' title="bbox 2373 1875 3773 1934; baseline 0.003 -5"><span class='ocrx_word' id='word_1_412' title='bbox 2373 1876 2531 1930; x_wconf 78' lang='grc'><strong>1160.</strong></span> <span class='ocrx_word' id='word_1_413' title='bbox 2574 1875 2890 1932; x_wconf 75' lang='lat' dir='ltr'><strong>Frederzcus</strong></span> <span class='ocrx_word' id='word_1_414' title='bbox 2925 1879 2977 1934; x_wconf 92' lang='lat'><strong>9.</strong></span> <span class='ocrx_word' id='word_1_415' title='bbox 3014 1877 3312 1933; x_wconf 76' lang='lat' dir='ltr'><strong>Ludovicus</strong></span> <span class='ocrx_word' id='word_1_416' title='bbox 3334 1879 3430 1934; x_wconf 74' lang='lat'><strong>23.</strong></span> <span class='ocrx_word' id='word_1_417' title='bbox 3475 1879 3710 1933; x_wconf 73' lang='lat' dir='ltr'><strong>Henricus</strong></span> <span class='ocrx_word' id='word_1_418' title='bbox 3733 1880 3773 1933; x_wconf 80' lang='grc'><strong>6.</strong></span> 
     </span>
    </p>
   </div>
   <div class='ocr_carea' id='block_1_63' title="bbox 2373 1966 3818 2042">
    <p class='ocr_par' dir='ltr' id='par_1_63' title="bbox 2373 1966 3818 2042">
     <span class='ocr_line' id='line_1_63' title="bbox 2373 1966 3818 2042; baseline 0.004 -22"><span class='ocrx_word' id='word_1_419' title='bbox 2373 1966 2484 2023; x_wconf 83' lang='lat' dir='ltr'><strong>Rex</strong></span> <span class='ocrx_word' id='word_1_420' title='bbox 2517 1967 2781 2026; x_wconf 83' lang='lat' dir='ltr'><strong>Henricus</strong></span> <span class='ocrx_word' id='word_1_421' title='bbox 2809 1971 2919 2042; x_wconf 86' lang='lat' dir='ltr'><strong>egit</strong></span> <span class='ocrx_word' id='word_1_422' title='bbox 2941 1972 3276 2027; x_wconf 86' lang='lat' dir='ltr'><strong>nativitatem</strong></span> <span class='ocrx_word' id='word_1_423' title='bbox 3305 1972 3526 2028; x_wconf 89' lang='lat' dir='ltr'><strong>Domini</strong></span> <span class='ocrx_word' id='word_1_424' title='bbox 3551 1990 3663 2029; x_wconf 90' lang='lat' dir='ltr'><strong>cum</strong></span> <span class='ocrx_word' id='word_1_425' title='bbox 3687 1973 3818 2042; x_wconf 79' lang='lat' dir='ltr'><strong>regina</strong></span> 
     </span>
    </p>
   </div>
   <div class='ocr_carea' id='block_1_64' title="bbox 2300 2057 3818 2134">
    <p class='ocr_par' dir='ltr' id='par_1_64' title="bbox 2300 2057 3818 2134">
     <span class='ocr_line' id='line_1_64' title="bbox 2300 2057 3818 2134; baseline 0.002 -23"><span class='ocrx_word' id='word_1_426' title='bbox 2300 2057 2524 2114; x_wconf 83' lang='lat' dir='ltr'><strong>Alicnor</strong></span> <span class='ocrx_word' id='word_1_427' title='bbox 2543 2061 2686 2130; x_wconf 90' lang='lat' dir='ltr'><strong>apud</strong></span> <span class='ocrx_word' id='word_1_428' title='bbox 2713 2060 2981 2117; x_wconf 88' lang='lat' dir='ltr'><strong>Falesiam</strong></span> <span class='ocrx_word' id='word_1_429' title='bbox 3004 2080 3018 2129; x_wconf 93' lang='lat'><strong>;</strong></span> <span class='ocrx_word' id='word_1_430' title='bbox 3045 2062 3242 2117; x_wconf 72' lang='lat' dir='ltr'><strong>exinde</strong></span> <span class='ocrx_word' id='word_1_431' title='bbox 3275 2064 3472 2118; x_wconf 89' lang='lat' dir='ltr'><strong>eadem</strong></span> <span class='ocrx_word' id='word_1_432' title='bbox 3499 2063 3669 2134; x_wconf 85' lang='lat' dir='ltr'><strong>regina</strong></span> <span class='ocrx_word' id='word_1_433' title='bbox 3690 2073 3818 2115; x_wconf 82' lang='lat' dir='ltr'><strong>trans-</strong></span> 
     </span>
    </p>
   </div>
   <div class='ocr_carea' id='block_1_65' title="bbox 2299 2137 3816 2224">
    <p class='ocr_par' dir='ltr' id='par_1_65' title="bbox 2299 2137 3816 2224">
     <span class='ocr_line' id='line_1_65' title="bbox 2299 2137 3816 2224; baseline 0.001 -20"><span class='ocrx_word' id='word_1_434' title='bbox 2299 2149 2518 2208; x_wconf 87' lang='lat' dir='ltr'><strong>fretavit</strong></span> <span class='ocrx_word' id='word_1_435' title='bbox 2559 2153 2613 2207; x_wconf 89' lang='lat' dir='ltr'><strong>in</strong></span> <span class='ocrx_word' id='word_1_436' title='bbox 2653 2153 2925 2224; x_wconf 82' lang='lat' dir='ltr'><strong>Angliam.</strong></span> <span class='ocrx_word' id='word_1_437' title='bbox 2982 2137 3238 2210; x_wconf 75' lang='lat' dir='ltr'><strong>Kalendis</strong></span> <span class='ocrx_word' id='word_1_438' title='bbox 3272 2153 3521 2209; x_wconf 80' lang='lat' dir='ltr'><strong>Januarii</strong></span> <span class='ocrx_word' id='word_1_439' title='bbox 3565 2164 3816 2210; x_wconf 79' lang='lat' dir='ltr'><strong>tcrremotus</strong></span> 
     </span>
    </p>
   </div>
   <div class='ocr_carea' id='block_1_66' title="bbox 2301 2243 3813 2319">
    <p class='ocr_par' dir='ltr' id='par_1_66' title="bbox 2301 2243 3813 2319">
     <span class='ocr_line' id='line_1_66' title="bbox 2301 2243 3813 2319; baseline -0.003 -19"><span class='ocrx_word' id='word_1_440' title='bbox 2301 2245 2498 2301; x_wconf 90' lang='lat' dir='ltr'><strong>accidit</strong></span> <span class='ocrx_word' id='word_1_441' title='bbox 2512 2247 2564 2301; x_wconf 92' lang='lat' dir='ltr'><strong>in</strong></span> <span class='ocrx_word' id='word_1_442' title='bbox 2577 2262 2716 2319; x_wconf 84' lang='lat' dir='ltr'><strong>pago</strong></span> <span class='ocrx_word' id='word_1_443' title='bbox 2731 2246 3114 2311; x_wconf 81' lang='lat' dir='ltr'><strong>Constantino,</strong></span> <span class='ocrx_word' id='word_1_444' title='bbox 3129 2253 3310 2300; x_wconf 86' lang='lat' dir='ltr'><strong>castro</strong></span> <span class='ocrx_word' id='word_1_445' title='bbox 3327 2244 3518 2300; x_wconf 87' lang='lat' dir='ltr'><strong>Sancti</strong></span> <span class='ocrx_word' id='word_1_446' title='bbox 3531 2243 3680 2298; x_wconf 89' lang='lat' dir='ltr'><strong>Laudi</strong></span> <span class='ocrx_word' id='word_1_447' title='bbox 3693 2244 3813 2312; x_wconf 60' lang='grc' dir='ltr'><strong>(ὥς),</strong></span> 
     </span>
    </p>
   </div>
   <div class='ocr_carea' id='block_1_67' title="bbox 2299 2335 3812 2408">
    <p class='ocr_par' dir='ltr' id='par_1_67' title="bbox 2299 2335 3812 2408">
     <span class='ocr_line' id='line_1_67' title="bbox 2299 2335 3812 2408; baseline -0.005 -15"><span class='ocrx_word' id='word_1_448' title='bbox 2299 2338 2445 2393; x_wconf 88' lang='lat' dir='ltr'><strong>circa</strong></span> <span class='ocrx_word' id='word_1_449' title='bbox 2470 2338 2660 2393; x_wconf 90' lang='lat' dir='ltr'><strong>horam</strong></span> <span class='ocrx_word' id='word_1_450' title='bbox 2687 2339 2940 2408; x_wconf 90' lang='lat' dir='ltr'><strong>primam.</strong></span> <span class='ocrx_word' id='word_1_451' title='bbox 2971 2335 3282 2392; x_wconf 87' lang='lat' dir='ltr'><strong>Hardoinus</strong></span> <span class='ocrx_word' id='word_1_452' title='bbox 3309 2337 3554 2392; x_wconf 88' lang='lat' dir='ltr'><strong>decanus</strong></span> <span class='ocrx_word' id='word_1_453' title='bbox 3580 2335 3812 2391; x_wconf 81' lang='lat' dir='ltr'><strong>Cenoman-</strong></span> 
     </span>
    </p>
   </div>
   <div class='ocr_carea' id='block_1_68' title="bbox 2299 2427 3812 2499">
    <p class='ocr_par' dir='ltr' id='par_1_68' title="bbox 2299 2427 3812 2499">
     <span class='ocr_line' id='line_1_68' title="bbox 2299 2427 3812 2499; baseline -0.005 -15"><span class='ocrx_word' id='word_1_454' title='bbox 2299 2429 2486 2484; x_wconf 90' lang='lat' dir='ltr'><strong>nensis</strong></span> <span class='ocrx_word' id='word_1_455' title='bbox 2507 2428 2685 2484; x_wconf 91' lang='lat' dir='ltr'><strong>factus</strong></span> <span class='ocrx_word' id='word_1_456' title='bbox 2707 2438 2791 2485; x_wconf 91' lang='lat' dir='ltr'><strong>est</strong></span> <span class='ocrx_word' id='word_1_457' title='bbox 2820 2428 3262 2498; x_wconf 82' lang='lat' dir='ltr'><strong>archiepiscopus</strong></span> <span class='ocrx_word' id='word_1_458' title='bbox 3288 2427 3704 2499; x_wconf 84' lang='lat' dir='ltr'><strong>Burdegalensis,</strong></span> <span class='ocrx_word' id='word_1_459' title='bbox 3727 2440 3812 2478; x_wconf 85' lang='lat' dir='ltr'><strong>cum</strong></span> 
     </span>
    </p>
   </div>
   <div class='ocr_carea' id='block_1_69' title="bbox 2297 2516 3809 2591">
    <p class='ocr_par' dir='ltr' id='par_1_69' title="bbox 2297 2516 3809 2591">
     <span class='ocr_line' id='line_1_69' title="bbox 2297 2516 3809 2591; baseline -0.005 -17"><span class='ocrx_word' id='word_1_460' title='bbox 2297 2520 2552 2576; x_wconf 86' lang='lat' dir='ltr'><strong>decessor</strong></span> <span class='ocrx_word' id='word_1_461' title='bbox 2577 2521 2696 2591; x_wconf 92' lang='lat' dir='ltr'><strong>ejus</strong></span> <span class='ocrx_word' id='word_1_462' title='bbox 2719 2520 2810 2574; x_wconf 83' lang='lat' dir='ltr'><strong>vix</strong></span> <span class='ocrx_word' id='word_1_463' title='bbox 2832 2535 2978 2574; x_wconf 88' lang='lat' dir='ltr'><strong>anno</strong></span> <span class='ocrx_word' id='word_1_464' title='bbox 3001 2527 3054 2574; x_wconf 92' lang='lat' dir='ltr'><strong>et</strong></span> <span class='ocrx_word' id='word_1_465' title='bbox 3079 2519 3306 2574; x_wconf 88' lang='lat' dir='ltr'><strong>dimidio</strong></span> <span class='ocrx_word' id='word_1_466' title='bbox 3353 2519 3596 2574; x_wconf 77' lang='lat' dir='ltr'><strong>vixisset.</strong></span> <span class='ocrx_word' id='word_1_467' title='bbox 3624 2516 3809 2571; x_wconf 72' lang='lat' dir='ltr'><strong>Mathildc</strong></span> 
     </span>
    </p>
   </div>
   <div class='ocr_carea' id='block_1_70' title="bbox 2297 2608 3807 2683">
    <p class='ocr_par' dir='ltr' id='par_1_70' title="bbox 2297 2608 3807 2683">
     <span class='ocr_line' id='line_1_70' title="bbox 2297 2608 3807 2683; baseline -0.006 -16"><span class='ocrx_word' id='word_1_468' title='bbox 2297 2613 2642 2683; x_wconf 90' lang='lat' dir='ltr'><strong>imperatrice</strong></span> <span class='ocrx_word' id='word_1_469' title='bbox 2667 2613 2894 2668; x_wconf 90' lang='lat' dir='ltr'><strong>adversa</strong></span> <span class='ocrx_word' id='word_1_470' title='bbox 2928 2611 3241 2666; x_wconf 90' lang='lat' dir='ltr'><strong>valetudine</strong></span> <span class='ocrx_word' id='word_1_471' title='bbox 3266 2626 3549 2680; x_wconf 89' lang='lat' dir='ltr'><strong>percussa,</strong></span> <span class='ocrx_word' id='word_1_472' title='bbox 3579 2608 3807 2679; x_wconf 74' lang='lat' dir='ltr'><strong>dapsiliter,</strong></span> 
     </span>
    </p>
   </div>
   <div class='ocr_carea' id='block_1_71' title="bbox 2296 2699 3807 2776">
    <p class='ocr_par' dir='ltr' id='par_1_71' title="bbox 2296 2699 3807 2776">
     <span class='ocr_line' id='line_1_71' title="bbox 2296 2699 3807 2776; baseline -0.005 -18"><span class='ocrx_word' id='word_1_473' title='bbox 2296 2713 2556 2775; x_wconf 89' lang='lat' dir='ltr'><strong>preeunte</strong></span> <span class='ocrx_word' id='word_1_474' title='bbox 2573 2704 2802 2760; x_wconf 90' lang='lat' dir='ltr'><strong>consilio</strong></span> <span class='ocrx_word' id='word_1_475' title='bbox 2825 2703 2919 2758; x_wconf 87' lang='lat' dir='ltr'><strong>ﬁlii</strong></span> <span class='ocrx_word' id='word_1_476' title='bbox 2943 2703 3028 2758; x_wconf 91' lang='lat' dir='ltr'><strong>sui</strong></span> <span class='ocrx_word' id='word_1_477' title='bbox 3051 2701 3272 2758; x_wconf 89' lang='lat' dir='ltr'><strong>Henrici</strong></span> <span class='ocrx_word' id='word_1_478' title='bbox 3298 2704 3450 2776; x_wconf 90' lang='lat' dir='ltr'><strong>regis</strong></span> <span class='ocrx_word' id='word_1_479' title='bbox 3464 2702 3738 2773; x_wconf 83' lang='lat' dir='ltr'><strong>Anglorum,</strong></span> <span class='ocrx_word' id='word_1_480' title='bbox 3757 2699 3807 2753; x_wconf 84' lang='lat' dir='ltr'><strong>di-</strong></span> 
     </span>
    </p>
   </div>
   <div class='ocr_carea' id='block_1_72' title="bbox 2295 2791 3804 2865">
    <p class='ocr_par' dir='ltr' id='par_1_72' title="bbox 2295 2791 3804 2865">
     <span class='ocr_line' id='line_1_72' title="bbox 2295 2791 3804 2865; baseline -0.002 -17"><span class='ocrx_word' id='word_1_481' title='bbox 2295 2795 2456 2850; x_wconf 91' lang='lat' dir='ltr'><strong>vitias</strong></span> <span class='ocrx_word' id='word_1_482' title='bbox 2491 2811 2621 2851; x_wconf 89' lang='lat' dir='ltr'><strong>suas</strong></span> <span class='ocrx_word' id='word_1_483' title='bbox 2641 2795 2924 2862; x_wconf 67' lang='lat' dir='ltr'><strong>aacclesiis,</strong></span> <span class='ocrx_word' id='word_1_484' title='bbox 2948 2795 3296 2850; x_wconf 86' lang='lat' dir='ltr'><strong>monasteriis</strong></span> <span class='ocrx_word' id='word_1_485' title='bbox 3325 2805 3385 2849; x_wconf 89' lang='lat' dir='ltr'><strong>et</strong></span> <span class='ocrx_word' id='word_1_486' title='bbox 3419 2794 3712 2865; x_wconf 85' lang='lat' dir='ltr'><strong>pauperibus</strong></span> <span class='ocrx_word' id='word_1_487' title='bbox 3727 2791 3804 2845; x_wconf 90' lang='lat' dir='ltr'><strong>dis-</strong></span> 
     </span>
    </p>
   </div>
   <div class='ocr_carea' id='block_1_73' title="bbox 2293 2882 3804 2954">
    <p class='ocr_par' dir='ltr' id='par_1_73' title="bbox 2293 2882 3804 2954">
     <span class='ocr_line' id='line_1_73' title="bbox 2293 2882 3804 2954; baseline -0.005 -14"><span class='ocrx_word' id='word_1_488' title='bbox 2293 2886 2521 2954; x_wconf 90' lang='lat' dir='ltr'><strong>tribuit;</strong></span> <span class='ocrx_word' id='word_1_489' title='bbox 2555 2887 2951 2943; x_wconf 88' lang='lat' dir='ltr'><strong>monasterium</strong></span> <span class='ocrx_word' id='word_1_490' title='bbox 2981 2887 3439 2953; x_wconf 75' lang='lat' dir='ltr'><strong>Beccense,srcut</strong></span> <span class='ocrx_word' id='word_1_491' title='bbox 3473 2896 3524 2940; x_wconf 90' lang='lat' dir='ltr'><strong>et</strong></span> <span class='ocrx_word' id='word_1_492' title='bbox 3561 2885 3610 2939; x_wconf 91' lang='lat' dir='ltr'><strong>in</strong></span> <span class='ocrx_word' id='word_1_493' title='bbox 3637 2883 3719 2937; x_wconf 84' lang='lat' dir='ltr'><strong>alia</strong></span> <span class='ocrx_word' id='word_1_494' title='bbox 3750 2882 3804 2934; x_wconf 80' lang='lat' dir='ltr'><strong>in-</strong></span> 
     </span>
    </p>
   </div>
   <div class='ocr_carea' id='block_1_74' title="bbox 2294 2973 3800 3050">
    <p class='ocr_par' dir='ltr' id='par_1_74' title="bbox 2294 2973 3800 3050">
     <span class='ocr_line' id='line_1_74' title="bbox 2294 2973 3800 3050; baseline -0.007 -16"><span class='ocrx_word' id='word_1_495' title='bbox 2294 2979 2553 3036; x_wconf 89' lang='lat' dir='ltr'><strong>ﬁrmitate</strong></span> <span class='ocrx_word' id='word_1_496' title='bbox 2593 2996 2693 3036; x_wconf 88' lang='lat' dir='ltr'><strong>sua</strong></span> <span class='ocrx_word' id='word_1_497' title='bbox 2748 2979 2970 3046; x_wconf 86' lang='lat' dir='ltr'><strong>fecerat,</strong></span> <span class='ocrx_word' id='word_1_498' title='bbox 3022 2979 3218 3035; x_wconf 88' lang='lat' dir='ltr'><strong>ceteris</strong></span> <span class='ocrx_word' id='word_1_499' title='bbox 3268 2992 3591 3050; x_wconf 90' lang='lat' dir='ltr'><strong>preponens.</strong></span> <span class='ocrx_word' id='word_1_500' title='bbox 3628 2973 3800 3029; x_wconf 74' lang='lat' dir='ltr'><strong>Ecclesia</strong></span> 
     </span>
    </p>
   </div>
   <div class='ocr_carea' id='block_1_75' title="bbox 2293 3065 3803 3143">
    <p class='ocr_par' dir='ltr' id='par_1_75' title="bbox 2293 3065 3803 3143">
     <span class='ocr_line' id='line_1_75' title="bbox 2293 3065 3803 3143; baseline -0.007 -18"><span class='ocrx_word' id='word_1_501' title='bbox 2293 3071 2578 3142; x_wconf 88' lang='lat' dir='ltr'><strong>Bajocensi</strong></span> <span class='ocrx_word' id='word_1_502' title='bbox 2599 3071 2722 3143; x_wconf 91' lang='lat' dir='ltr'><strong>igne</strong></span> <span class='ocrx_word' id='word_1_503' title='bbox 2747 3071 3052 3137; x_wconf 90' lang='lat' dir='ltr'><strong>combusta,</strong></span> <span class='ocrx_word' id='word_1_504' title='bbox 3074 3069 3360 3140; x_wconf 91' lang='lat' dir='ltr'><strong>Philippus</strong></span> <span class='ocrx_word' id='word_1_505' title='bbox 3382 3071 3651 3140; x_wconf 89' lang='lat' dir='ltr'><strong>episcopus</strong></span> <span class='ocrx_word' id='word_1_506' title='bbox 3667 3068 3707 3121; x_wconf 89' lang='lat' dir='ltr'><strong>in</strong></span> <span class='ocrx_word' id='word_1_507' title='bbox 3724 3065 3803 3132; x_wconf 79' lang='lat' dir='ltr'><strong>ejus</strong></span> 
     </span>
    </p>
   </div>
   <div class='ocr_carea' id='block_1_76' title="bbox 2293 3160 3802 3222">
    <p class='ocr_par' dir='ltr' id='par_1_76' title="bbox 2293 3160 3802 3222">
     <span class='ocr_line' id='line_1_76' title="bbox 2293 3160 3802 3222; baseline -0.006 -4"><span class='ocrx_word' id='word_1_508' title='bbox 2293 3162 2691 3219; x_wconf 89' lang='lat' dir='ltr'><strong>restauratione</strong></span> <span class='ocrx_word' id='word_1_509' title='bbox 2737 3163 2936 3222; x_wconf 89' lang='lat' dir='ltr'><strong>iterum</strong></span> <span class='ocrx_word' id='word_1_510' title='bbox 2973 3162 3206 3218; x_wconf 88' lang='lat' dir='ltr'><strong>viriliter</strong></span> <span class='ocrx_word' id='word_1_511' title='bbox 3239 3163 3474 3221; x_wconf 85' lang='lat' dir='ltr'><strong>laborat.</strong></span> <span class='ocrx_word' id='word_1_512' title='bbox 3521 3160 3646 3214; x_wconf 84' lang='lat' dir='ltr'><strong>Maio</strong></span> <span class='ocrx_word' id='word_1_513' title='bbox 3675 3170 3802 3212; x_wconf 76' lang='lat' dir='ltr'><strong>mense</strong></span> 
     </span>
    </p>
   </div>
   <div class='ocr_carea' id='block_1_77' title="bbox 2291 3248 3799 3326">
    <p class='ocr_par' dir='ltr' id='par_1_77' title="bbox 2291 3248 3799 3326">
     <span class='ocr_line' id='line_1_77' title="bbox 2291 3248 3799 3326; baseline -0.007 -16"><span class='ocrx_word' id='word_1_514' title='bbox 2291 3270 2398 3325; x_wconf 83' lang='lat' dir='ltr'><strong>pax</strong></span> <span class='ocrx_word' id='word_1_515' title='bbox 2429 3253 2571 3310; x_wconf 89' lang='lat' dir='ltr'><strong>facta</strong></span> <span class='ocrx_word' id='word_1_516' title='bbox 2595 3263 2681 3311; x_wconf 90' lang='lat' dir='ltr'><strong>est</strong></span> <span class='ocrx_word' id='word_1_517' title='bbox 2707 3255 2846 3310; x_wconf 89' lang='lat' dir='ltr'><strong>inter</strong></span> <span class='ocrx_word' id='word_1_518' title='bbox 2875 3270 3030 3326; x_wconf 84' lang='lat' dir='ltr'><strong>rcges</strong></span> <span class='ocrx_word' id='word_1_519' title='bbox 3061 3253 3360 3312; x_wconf 89' lang='lat' dir='ltr'><strong>Henricum</strong></span> <span class='ocrx_word' id='word_1_520' title='bbox 3399 3254 3584 3326; x_wconf 87' lang='lat' dir='ltr'><strong>Anglic</strong></span> <span class='ocrx_word' id='word_1_521' title='bbox 3607 3261 3652 3307; x_wconf 90' lang='lat' dir='ltr'><strong>et</strong></span> <span class='ocrx_word' id='word_1_522' title='bbox 3676 3248 3799 3302; x_wconf 85' lang='lat' dir='ltr'><strong>Ludu-</strong></span> 
     </span>
    </p>
   </div>
   <div class='ocr_carea' id='block_1_78' title="bbox 2290 3339 3797 3419">
    <p class='ocr_par' dir='ltr' id='par_1_78' title="bbox 2290 3339 3797 3419">
     <span class='ocr_line' id='line_1_78' title="bbox 2290 3339 3797 3419; baseline -0.005 -17"><span class='ocrx_word' id='word_1_523' title='bbox 2290 3348 2470 3404; x_wconf 88' lang='lat' dir='ltr'><strong>vicuru</strong></span> <span class='ocrx_word' id='word_1_524' title='bbox 2511 3347 2759 3415; x_wconf 86' lang='lat' dir='ltr'><strong>Francie,</strong></span> <span class='ocrx_word' id='word_1_525' title='bbox 2791 3349 3051 3404; x_wconf 88' lang='lat' dir='ltr'><strong>revolutis</strong></span> <span class='ocrx_word' id='word_1_526' title='bbox 3076 3347 3355 3419; x_wconf 90' lang='lat' dir='ltr'><strong>prioribus</strong></span> <span class='ocrx_word' id='word_1_527' title='bbox 3396 3347 3564 3418; x_wconf 88' lang='lat' dir='ltr'><strong>pactis</strong></span> <span class='ocrx_word' id='word_1_528' title='bbox 3586 3354 3632 3400; x_wconf 89' lang='lat' dir='ltr'><strong>et</strong></span> <span class='ocrx_word' id='word_1_529' title='bbox 3655 3339 3797 3397; x_wconf 82' lang='lat' dir='ltr'><strong>contir-</strong></span> 
     </span>
    </p>
   </div>
   <div class='ocr_carea' id='block_1_79' title="bbox 2290 3430 3797 3511">
    <p class='ocr_par' dir='ltr' id='par_1_79' title="bbox 2290 3430 3797 3511">
     <span class='ocr_line' id='line_1_79' title="bbox 2290 3430 3797 3511; baseline -0.011 -16"><span class='ocrx_word' id='word_1_530' title='bbox 2290 3438 2455 3495; x_wconf 88' lang='lat' dir='ltr'><strong>matis</strong></span> <span class='ocrx_word' id='word_1_531' title='bbox 2482 3447 2537 3494; x_wconf 92' lang='lat' dir='ltr'><strong>et</strong></span> <span class='ocrx_word' id='word_1_532' title='bbox 2559 3438 2879 3509; x_wconf 82' lang='lat' dir='ltr'><strong>paciﬁcatis,</strong></span> <span class='ocrx_word' id='word_1_533' title='bbox 2912 3437 3006 3511; x_wconf 89' lang='lat' dir='ltr'><strong>qui</strong></span> <span class='ocrx_word' id='word_1_534' title='bbox 3047 3446 3230 3507; x_wconf 90' lang='lat' dir='ltr'><strong>partes</strong></span> <span class='ocrx_word' id='word_1_535' title='bbox 3263 3446 3612 3511; x_wconf 84' lang='lat' dir='ltr'><strong>utrorumque</strong></span> <span class='ocrx_word' id='word_1_536' title='bbox 3642 3430 3797 3502; x_wconf 62' lang='lat' dir='ltr'><strong>adjuve-</strong></span> 
     </span>
    </p>
   </div>
   <div class='ocr_carea' id='block_1_80' title="bbox 2290 3521 3798 3586">
    <p class='ocr_par' dir='ltr' id='par_1_80' title="bbox 2290 3521 3798 3586">
     <span class='ocr_line' id='line_1_80' title="bbox 2290 3521 3798 3586; baseline -0.008 -1"><span class='ocrx_word' id='word_1_537' title='bbox 2290 3521 2438 3585; x_wconf 85' lang='lat' dir='ltr'><strong>runt.</strong></span> <span class='ocrx_word' id='word_1_538' title='bbox 2469 3529 2716 3586; x_wconf 85' lang='lat' dir='ltr'><strong>Matheus</strong></span> <span class='ocrx_word' id='word_1_539' title='bbox 2741 3528 2886 3584; x_wconf 86' lang='lat' dir='ltr'><strong>ﬁlius</strong></span> <span class='ocrx_word' id='word_1_540' title='bbox 2913 3527 3129 3585; x_wconf 89' lang='lat' dir='ltr'><strong>comitis</strong></span> <span class='ocrx_word' id='word_1_541' title='bbox 3151 3528 3409 3586; x_wconf 83' lang='lat' dir='ltr'><strong>Flandrie</strong></span> <span class='ocrx_word' id='word_1_542' title='bbox 3432 3525 3652 3582; x_wconf 90' lang='lat' dir='ltr'><strong>inaudito</strong></span> <span class='ocrx_word' id='word_1_543' title='bbox 3670 3535 3798 3577; x_wconf 72' lang='lat' dir='ltr'><strong>exem-</strong></span> 
     </span>
    </p>
   </div>
   <div class='ocr_carea' id='block_1_81' title="bbox 2290 3613 3796 3692">
    <p class='ocr_par' dir='ltr' id='par_1_81' title="bbox 2290 3613 3796 3692">
     <span class='ocr_line' id='line_1_81' title="bbox 2290 3613 3796 3692; baseline -0.01 -16"><span class='ocrx_word' id='word_1_544' title='bbox 2290 3623 2380 3691; x_wconf 91' lang='lat' dir='ltr'><strong>plo</strong></span> <span class='ocrx_word' id='word_1_545' title='bbox 2409 3622 2564 3677; x_wconf 83' lang='lat' dir='ltr'><strong>duxit</strong></span> <span class='ocrx_word' id='word_1_546' title='bbox 2612 3623 2944 3678; x_wconf 87' lang='lat' dir='ltr'><strong>abbatissam</strong></span> <span class='ocrx_word' id='word_1_547' title='bbox 2995 3621 3311 3676; x_wconf 85' lang='lat' dir='ltr'><strong>Rummcsie</strong></span> <span class='ocrx_word' id='word_1_548' title='bbox 3349 3620 3519 3692; x_wconf 74' lang='lat'><strong>(636),</strong></span> <span class='ocrx_word' id='word_1_549' title='bbox 3549 3632 3642 3688; x_wconf 88' lang='lat' dir='ltr'><strong>que</strong></span> <span class='ocrx_word' id='word_1_550' title='bbox 3674 3613 3796 3668; x_wconf 76' lang='lat' dir='ltr'><strong>fuerat</strong></span> 
     </span>
    </p>
   </div>
   <div class='ocr_carea' id='block_1_82' title="bbox 2289 3704 3863 3785">
    <p class='ocr_par' dir='ltr' id='par_1_82' title="bbox 2289 3704 3863 3785">
     <span class='ocr_line' id='line_1_82' title="bbox 2289 3704 3863 3785; baseline -0.008 -18"><span class='ocrx_word' id='word_1_551' title='bbox 2289 3713 2398 3768; x_wconf 85' lang='lat' dir='ltr'><strong>filia</strong></span> <span class='ocrx_word' id='word_1_552' title='bbox 2427 3713 2687 3785; x_wconf 87' lang='lat' dir='ltr'><strong>Stephani</strong></span> <span class='ocrx_word' id='word_1_553' title='bbox 2711 3715 2875 3784; x_wconf 87' lang='lat' dir='ltr'><strong>regis,</strong></span> <span class='ocrx_word' id='word_1_554' title='bbox 2902 3723 2955 3769; x_wconf 90' lang='lat' dir='ltr'><strong>et</strong></span> <span class='ocrx_word' id='word_1_555' title='bbox 2977 3715 3115 3784; x_wconf 83' lang='lat' dir='ltr'><strong>cepit</strong></span> <span class='ocrx_word' id='word_1_556' title='bbox 3139 3729 3263 3768; x_wconf 89' lang='lat' dir='ltr'><strong>cum</strong></span> <span class='ocrx_word' id='word_1_557' title='bbox 3289 3729 3357 3768; x_wconf 85' lang='lat' dir='ltr'><strong>ea</strong></span> <span class='ocrx_word' id='word_1_558' title='bbox 3377 3711 3666 3768; x_wconf 88' lang='lat' dir='ltr'><strong>comitatum</strong></span> <span class='ocrx_word' id='word_1_559' title='bbox 3688 3704 3795 3758; x_wconf 80' lang='lat' dir='ltr'><strong>Bolo-</strong></span> <span class='ocrx_word' id='word_1_560' title='bbox 3862 3719 3863 3723; x_wconf 50' lang='grc' dir='ltr'>π</span> 
     </span>
    </p>
   </div>
   <div class='ocr_carea' id='block_1_83' title="bbox 2289 3804 3792 3874">
    <p class='ocr_par' dir='ltr' id='par_1_83' title="bbox 2289 3804 3792 3874">
     <span class='ocr_line' id='line_1_83' title="bbox 2289 3804 3792 3874; baseline -0.005 -16"><span class='ocrx_word' id='word_1_561' title='bbox 2289 3806 2554 3860; x_wconf 90' lang='lat' dir='ltr'><strong>niensem.</strong></span> <span class='ocrx_word' id='word_1_562' title='bbox 2587 3805 2770 3860; x_wconf 88' lang='lat' dir='ltr'><strong>Mense</strong></span> <span class='ocrx_word' id='word_1_563' title='bbox 2812 3804 2954 3859; x_wconf 87' lang='lat' dir='ltr'><strong>Julio</strong></span> <span class='ocrx_word' id='word_1_564' title='bbox 2983 3804 3251 3860; x_wconf 87' lang='lat' dir='ltr'><strong>Henricus</strong></span> <span class='ocrx_word' id='word_1_565' title='bbox 3292 3820 3392 3862; x_wconf 78' lang='lat' dir='ltr'><strong>rex</strong></span> <span class='ocrx_word' id='word_1_566' title='bbox 3421 3804 3685 3874; x_wconf 74' lang='lat' dir='ltr'><strong>Anglorum</strong></span> <span class='ocrx_word' id='word_1_567' title='bbox 3702 3811 3792 3851; x_wconf 85' lang='lat' dir='ltr'><strong>con-</strong></span> 
     </span>
    </p>
   </div>
   <div class='ocr_carea' id='block_1_84' title="bbox 2288 3895 3793 3970">
    <p class='ocr_par' dir='ltr' id='par_1_84' title="bbox 2288 3895 3793 3970">
     <span class='ocr_line' id='line_1_84' title="bbox 2288 3895 3793 3970; baseline -0.009 -17"><span class='ocrx_word' id='word_1_568' title='bbox 2288 3899 2528 3970; x_wconf 86' lang='lat' dir='ltr'><strong>gregavit</strong></span> <span class='ocrx_word' id='word_1_569' title='bbox 2573 3915 2764 3954; x_wconf 89' lang='lat' dir='ltr'><strong>omnes</strong></span> <span class='ocrx_word' id='word_1_570' title='bbox 2793 3900 3078 3969; x_wconf 86' lang='lat' dir='ltr'><strong>episc0pos</strong></span> <span class='ocrx_word' id='word_1_571' title='bbox 3104 3897 3444 3954; x_wconf 88' lang='lat' dir='ltr'><strong>Normannie</strong></span> <span class='ocrx_word' id='word_1_572' title='bbox 3486 3906 3537 3952; x_wconf 90' lang='lat' dir='ltr'><strong>et</strong></span> <span class='ocrx_word' id='word_1_573' title='bbox 3563 3895 3739 3949; x_wconf 85' lang='lat' dir='ltr'><strong>abbates</strong></span> <span class='ocrx_word' id='word_1_574' title='bbox 3759 3897 3793 3940; x_wconf 76' lang='lat' dir='ltr'><strong>et</strong></span> 
     </span>
    </p>
   </div>
   <div class='ocr_carea' id='block_1_85' title="bbox 2286 3987 3792 4060">
    <p class='ocr_par' dir='ltr' id='par_1_85' title="bbox 2286 3987 3792 4060">
     <span class='ocr_line' id='line_1_85' title="bbox 2286 3987 3792 4060; baseline -0.004 -16"><span class='ocrx_word' id='word_1_575' title='bbox 2286 3990 2521 4046; x_wconf 76' lang='lat' dir='ltr'><strong>barones</strong></span> <span class='ocrx_word' id='word_1_576' title='bbox 2552 3989 2694 4060; x_wconf 91' lang='lat' dir='ltr'><strong>apud</strong></span> <span class='ocrx_word' id='word_1_577' title='bbox 2725 3989 2934 4045; x_wconf 85' lang='lat' dir='ltr'><strong>Novum</strong></span> <span class='ocrx_word' id='word_1_578' title='bbox 2979 3990 3276 4045; x_wconf 86' lang='lat' dir='ltr'><strong>Mercatum</strong></span> <span class='ocrx_word' id='word_1_579' title='bbox 3302 4008 3316 4056; x_wconf 92' lang='lat'><strong>;</strong></span> <span class='ocrx_word' id='word_1_580' title='bbox 3352 3999 3408 4046; x_wconf 87' lang='lat' dir='ltr'><strong>et</strong></span> <span class='ocrx_word' id='word_1_581' title='bbox 3439 3987 3707 4044; x_wconf 83' lang='lat' dir='ltr'><strong>Ludovicus</strong></span> <span class='ocrx_word' id='word_1_582' title='bbox 3729 3993 3792 4033; x_wconf 74' lang='lat' dir='ltr'><strong>nt</strong></span> 
     </span>
    </p>
   </div>
   <div class='ocr_carea' id='block_1_86' title="bbox 2287 4077 3855 4136">
    <p class='ocr_par' dir='ltr' id='par_1_86' title="bbox 2287 4077 3855 4136">
     <span class='ocr_line' id='line_1_86' title="bbox 2287 4077 3855 4136; baseline 0.003 -5"><span class='ocrx_word' id='word_1_583' title='bbox 2287 4078 2624 4136; x_wconf 89' lang='lat' dir='ltr'><strong>Francorum</strong></span> <span class='ocrx_word' id='word_1_584' title='bbox 2647 4081 2915 4136; x_wconf 89' lang='lat' dir='ltr'><strong>.adunavit</strong></span> <span class='ocrx_word' id='word_1_585' title='bbox 2943 4095 3073 4136; x_wconf 91' lang='lat' dir='ltr'><strong>suos</strong></span> <span class='ocrx_word' id='word_1_586' title='bbox 3100 4080 3336 4135; x_wconf 81' lang='lat' dir='ltr'><strong>Belvaci.</strong></span> <span class='ocrx_word' id='word_1_587' title='bbox 3368 4080 3446 4134; x_wconf 92' lang='lat' dir='ltr'><strong>lbi</strong></span> <span class='ocrx_word' id='word_1_588' title='bbox 3479 4085 3721 4135; x_wconf 87' lang='lat' dir='ltr'><strong>tractatum</strong></span> <span class='ocrx_word' id='word_1_589' title='bbox 3737 4077 3792 4124; x_wconf 58' lang='lat' dir='ltr'><strong>est</strong></span> <span class='ocrx_word' id='word_1_590' title='bbox 3853 4083 3855 4136; x_wconf 85' lang='lat' dir='ltr'><strong>i</strong></span> 
     </span>
    </p>
   </div>
   <div class='ocr_carea' id='block_1_87' title="bbox 2286 4165 3786 4243">
    <p class='ocr_par' dir='ltr' id='par_1_87' title="bbox 2286 4165 3786 4243">
     <span class='ocr_line' id='line_1_87' title="bbox 2286 4165 3786 4243; baseline -0.007 -18"><span class='ocrx_word' id='word_1_591' title='bbox 2286 4171 2353 4226; x_wconf 92' lang='lat' dir='ltr'><strong>de</strong></span> <span class='ocrx_word' id='word_1_592' title='bbox 2374 4174 2682 4243; x_wconf 85' lang='lat' dir='ltr'><strong>receptione</strong></span> <span class='ocrx_word' id='word_1_593' title='bbox 2704 4188 2840 4243; x_wconf 90' lang='lat' dir='ltr'><strong>pape</strong></span> <span class='ocrx_word' id='word_1_594' title='bbox 2859 4172 3149 4228; x_wconf 77' lang='lat' dir='ltr'><strong>Alexandri</strong></span> <span class='ocrx_word' id='word_1_595' title='bbox 3177 4181 3230 4227; x_wconf 89' lang='lat' dir='ltr'><strong>et</strong></span> <span class='ocrx_word' id='word_1_596' title='bbox 3251 4171 3573 4227; x_wconf 86' lang='lat' dir='ltr'><strong>refutatione</strong></span> <span class='ocrx_word' id='word_1_597' title='bbox 3598 4165 3786 4220; x_wconf 67' lang='lat' dir='ltr'><strong>Victoris:</strong></span> 
     </span>
    </p>
   </div>
   <div class='ocr_carea' id='block_1_88' title="bbox 2285 4254 3789 4335">
    <p class='ocr_par' dir='ltr' id='par_1_88' title="bbox 2285 4254 3789 4335">
     <span class='ocr_line' id='line_1_88' title="bbox 2285 4254 3789 4335; baseline -0.009 -19"><span class='ocrx_word' id='word_1_598' title='bbox 2285 4270 2339 4316; x_wconf 92' lang='lat' dir='ltr'><strong>et</strong></span> <span class='ocrx_word' id='word_1_599' title='bbox 2355 4273 2745 4318; x_wconf 89' lang='lat' dir='ltr'><strong>consenserunt</strong></span> <span class='ocrx_word' id='word_1_600' title='bbox 2765 4265 3093 4330; x_wconf 77' lang='lat' dir='ltr'><strong>Alexandro,</strong></span> <span class='ocrx_word' id='word_1_601' title='bbox 3117 4265 3410 4335; x_wconf 84' lang='lat' dir='ltr'><strong>reprobate</strong></span> <span class='ocrx_word' id='word_1_602' title='bbox 3436 4262 3650 4317; x_wconf 78' lang='lat' dir='ltr'><strong>Victore.</strong></span> <span class='ocrx_word' id='word_1_603' title='bbox 3662 4254 3789 4308; x_wconf 74' lang='lat' dir='ltr'><strong>Mense</strong></span> 
     </span>
    </p>
   </div>
   <div class='ocr_carea' id='block_1_89' title="bbox 2287 4343 3788 4427">
    <p class='ocr_par' dir='ltr' id='par_1_89' title="bbox 2287 4343 3788 4427">
     <span class='ocr_line' id='line_1_89' title="bbox 2287 4343 3788 4427; baseline -0.01 -21"><span class='ocrx_word' id='word_1_604' title='bbox 2287 4351 2574 4423; x_wconf 86' lang='lat' dir='ltr'><strong>Septenbri</strong></span> <span class='ocrx_word' id='word_1_605' title='bbox 2607 4353 2743 4408; x_wconf 90' lang='lat' dir='ltr'><strong>obiit</strong></span> <span class='ocrx_word' id='word_1_606' title='bbox 2776 4352 3069 4427; x_wconf 66' lang='lat' dir='ltr'><strong>Herbertus</strong></span> <span class='ocrx_word' id='word_1_607' title='bbox 3096 4354 3389 4424; x_wconf 90' lang='lat' dir='ltr'><strong>episcopus</strong></span> <span class='ocrx_word' id='word_1_608' title='bbox 3415 4343 3733 4405; x_wconf 82' lang='lat' dir='ltr'><strong>Abrincensis,</strong></span> <span class='ocrx_word' id='word_1_609' title='bbox 3754 4348 3788 4389; x_wconf 74' lang='lat' dir='ltr'><strong>rt</strong></span> 
     </span>
    </p>
   </div>
   <div class='ocr_carea' id='block_1_90' title="bbox 595 4440 3786 4530">
    <p class='ocr_par' dir='ltr' id='par_1_90' title="bbox 595 4440 3786 4530">
     <span class='ocr_line' id='line_1_90' title="bbox 595 4440 3786 4530; baseline 0.003 -37"><span class='ocrx_word' id='word_1_610' title='bbox 595 4440 800 4495; x_wconf 90' lang='lat' dir='ltr'><strong>mansit</strong></span> <span class='ocrx_word' id='word_1_611' title='bbox 844 4455 970 4496; x_wconf 89' lang='lat' dir='ltr'><strong>cum</strong></span> <span class='ocrx_word' id='word_1_612' title='bbox 1017 4441 1292 4498; x_wconf 90' lang='lat' dir='ltr'><strong>abbatissa</strong></span> <span class='ocrx_word' id='word_1_613' title='bbox 1327 4442 1512 4498; x_wconf 90' lang='lat' dir='ltr'><strong>Sancti</strong></span> <span class='ocrx_word' id='word_1_614' title='bbox 1548 4443 1740 4499; x_wconf 91' lang='lat' dir='ltr'><strong>Lazari</strong></span> <span class='ocrx_word' id='word_1_615' title='bbox 1783 4447 1850 4501; x_wconf 90' lang='lat' dir='ltr'><strong>de</strong></span> <span class='ocrx_word' id='word_1_616' title='bbox 1895 4447 2178 4515; x_wconf 86' lang='lat' dir='ltr'><strong>Bethania,</strong></span> <span class='ocrx_word' id='word_1_617' title='bbox 2213 4472 2257 4530; x_wconf 78' lang='grc' dir='ltr'>ο</span> <span class='ocrx_word' id='word_1_618' title='bbox 2285 4447 2529 4516; x_wconf 86' lang='lat' dir='ltr'><strong>sepultus</strong></span> <span class='ocrx_word' id='word_1_619' title='bbox 2551 4456 2636 4502; x_wconf 91' lang='lat' dir='ltr'><strong>est</strong></span> <span class='ocrx_word' id='word_1_620' title='bbox 2666 4447 2718 4500; x_wconf 90' lang='lat' dir='ltr'><strong>in</strong></span> <span class='ocrx_word' id='word_1_621' title='bbox 2742 4447 2985 4502; x_wconf 62' lang='lat' dir='ltr'><strong>(ecclesia</strong></span> <span class='ocrx_word' id='word_1_622' title='bbox 3013 4447 3168 4503; x_wconf 88' lang='lat' dir='ltr'><strong>beate</strong></span> <span class='ocrx_word' id='word_1_623' title='bbox 3190 4446 3358 4501; x_wconf 84' lang='lat' dir='ltr'><strong>Marie</strong></span> <span class='ocrx_word' id='word_1_624' title='bbox 3382 4444 3555 4509; x_wconf 87' lang='lat' dir='ltr'><strong>Becci,</strong></span> <span class='ocrx_word' id='word_1_625' title='bbox 3576 4440 3688 4498; x_wconf 90' lang='lat' dir='ltr'><strong>sicut</strong></span> <span class='ocrx_word' id='word_1_626' title='bbox 3710 4447 3786 4503; x_wconf 58' lang='grc' dir='ltr'><strong>Ρίίλ</strong></span> 
     </span>
    </p>
   </div>
   <div class='ocr_carea' id='block_1_91' title="bbox 594 4531 2180 4605">
    <p class='ocr_par' dir='ltr' id='par_1_91' title="bbox 594 4531 2180 4605">
     <span class='ocr_line' id='line_1_91' title="bbox 594 4531 2180 4605; baseline 0.005 -20"><span class='ocrx_word' id='word_1_627' title='bbox 594 4531 760 4594; x_wconf 72' lang='lat' dir='ltr'><strong>invito</strong></span> <span class='ocrx_word' id='word_1_628' title='bbox 785 4533 1016 4605; x_wconf 89' lang='lat' dir='ltr'><strong>conjuge</strong></span> <span class='ocrx_word' id='word_1_629' title='bbox 1037 4549 1157 4590; x_wconf 92' lang='lat' dir='ltr'><strong>suo.</strong></span> <span class='ocrx_word' id='word_1_630' title='bbox 1183 4534 1368 4591; x_wconf 86' lang='lat' dir='ltr'><strong>Mense</strong></span> <span class='ocrx_word' id='word_1_631' title='bbox 1386 4534 1636 4592; x_wconf 86' lang='lat' dir='ltr'><strong>Octobris</strong></span> <span class='ocrx_word' id='word_1_632' title='bbox 1656 4535 1923 4593; x_wconf 87' lang='lat' dir='ltr'><strong>Henricus</strong></span> <span class='ocrx_word' id='word_1_633' title='bbox 1947 4553 2043 4593; x_wconf 84' lang='lat' dir='ltr'><strong>rex</strong></span> <span class='ocrx_word' id='word_1_634' title='bbox 2068 4540 2180 4594; x_wconf 88' lang='lat' dir='ltr'><strong>An-</strong></span> 
     </span>
    </p>
   </div>
   <div class='ocr_carea' id='block_1_92' title="bbox 589 4625 2177 4693">
    <p class='ocr_par' dir='ltr' id='par_1_92' title="bbox 589 4625 2177 4693">
     <span class='ocr_line' id='line_1_92' title="bbox 589 4625 2177 4693; baseline 0.006 -16"><span class='ocrx_word' id='word_1_635' title='bbox 589 4625 824 4693; x_wconf 83' lang='lat' dir='ltr'><strong>glorum,</strong></span> <span class='ocrx_word' id='word_1_636' title='bbox 845 4627 1062 4682; x_wconf 88' lang='lat' dir='ltr'><strong>munita</strong></span> <span class='ocrx_word' id='word_1_637' title='bbox 1091 4627 1308 4684; x_wconf 90' lang='lat' dir='ltr'><strong>civitate</strong></span> <span class='ocrx_word' id='word_1_638' title='bbox 1327 4627 1701 4684; x_wconf 89' lang='lat' dir='ltr'><strong>Cadurcorum</strong></span> <span class='ocrx_word' id='word_1_639' title='bbox 1720 4637 1774 4684; x_wconf 90' lang='lat' dir='ltr'><strong>et</strong></span> <span class='ocrx_word' id='word_1_640' title='bbox 1799 4631 2177 4686; x_wconf 89' lang='lat' dir='ltr'><strong>commendata</strong></span> 
     </span>
    </p>
   </div>
   <div class='ocr_carea' id='block_1_93' title="bbox 590 4714 2178 4790">
    <p class='ocr_par' dir='ltr' id='par_1_93' title="bbox 590 4714 2178 4790">
     <span class='ocr_line' id='line_1_93' title="bbox 590 4714 2178 4790; baseline 0.007 -23"><span class='ocrx_word' id='word_1_641' title='bbox 590 4714 803 4770; x_wconf 77' lang='lat' dir='ltr'><strong>Tliome</strong></span> <span class='ocrx_word' id='word_1_642' title='bbox 829 4719 1154 4774; x_wconf 88' lang='lat' dir='ltr'><strong>cancellario</strong></span> <span class='ocrx_word' id='word_1_643' title='bbox 1202 4734 1322 4786; x_wconf 88' lang='lat' dir='ltr'><strong>suo,</strong></span> <span class='ocrx_word' id='word_1_644' title='bbox 1360 4729 1415 4774; x_wconf 91' lang='lat' dir='ltr'><strong>et</strong></span> <span class='ocrx_word' id='word_1_645' title='bbox 1444 4720 1723 4790; x_wconf 88' lang='lat' dir='ltr'><strong>dispositis</strong></span> <span class='ocrx_word' id='word_1_646' title='bbox 1777 4721 2094 4776; x_wconf 89' lang='lat' dir='ltr'><strong>custodibus</strong></span> <span class='ocrx_word' id='word_1_647' title='bbox 2124 4733 2178 4778; x_wconf 86' lang='lat' dir='ltr'><strong>et</strong></span> 
     </span>
    </p>
   </div>
   <div class='ocr_carea' id='block_1_94' title="bbox 583 4807 2176 4880">
    <p class='ocr_par' dir='ltr' id='par_1_94' title="bbox 583 4807 2176 4880">
     <span class='ocr_line' id='line_1_94' title="bbox 583 4807 2176 4880; baseline 0.006 -23"><span class='ocrx_word' id='word_1_648' title='bbox 583 4807 894 4863; x_wconf 78' lang='lat' dir='ltr'><strong>auxiliariis</strong></span> <span class='ocrx_word' id='word_1_649' title='bbox 936 4808 993 4862; x_wconf 93' lang='lat' dir='ltr'><strong>in</strong></span> <span class='ocrx_word' id='word_1_650' title='bbox 1026 4809 1163 4864; x_wconf 92' lang='lat' dir='ltr'><strong>locis</strong></span> <span class='ocrx_word' id='word_1_651' title='bbox 1190 4811 1501 4880; x_wconf 91' lang='lat' dir='ltr'><strong>oportunis,</strong></span> <span class='ocrx_word' id='word_1_652' title='bbox 1555 4810 1837 4866; x_wconf 87' lang='lat' dir='ltr'><strong>conﬁdens</strong></span> <span class='ocrx_word' id='word_1_653' title='bbox 1876 4812 1942 4867; x_wconf 90' lang='lat' dir='ltr'><strong>de</strong></span> <span class='ocrx_word' id='word_1_654' title='bbox 1971 4813 2176 4866; x_wconf 84' lang='lat' dir='ltr'><strong>auxilio</strong></span> 
     </span>
    </p>
   </div>
   <div class='ocr_carea' id='block_1_95' title="bbox 589 4891 2174 4970">
    <p class='ocr_par' dir='ltr' id='par_1_95' title="bbox 589 4891 2174 4970">
     <span class='ocr_line' id='line_1_95' title="bbox 589 4891 2174 4970; baseline 0.007 -22"><span class='ocrx_word' id='word_1_655' title='bbox 589 4891 884 4951; x_wconf 85' lang='lat' dir='ltr'><strong>Baimundi</strong></span> <span class='ocrx_word' id='word_1_656' title='bbox 939 4897 1252 4970; x_wconf 86' lang='lat' dir='ltr'><strong>Berengarii</strong></span> <span class='ocrx_word' id='word_1_657' title='bbox 1297 4901 1512 4956; x_wconf 90' lang='lat' dir='ltr'><strong>comitis</strong></span> <span class='ocrx_word' id='word_1_658' title='bbox 1567 4900 1888 4968; x_wconf 88' lang='lat' dir='ltr'><strong>Barcinone,</strong></span> <span class='ocrx_word' id='word_1_659' title='bbox 1941 4912 1995 4957; x_wconf 91' lang='lat' dir='ltr'><strong>et</strong></span> <span class='ocrx_word' id='word_1_660' title='bbox 2042 4902 2174 4960; x_wconf 89' lang='lat' dir='ltr'><strong>Tre-</strong></span> 
     </span>
    </p>
   </div>
   <div class='ocr_carea' id='block_1_96' title="bbox 587 4975 2173 5064">
    <p class='ocr_par' dir='ltr' id='par_1_96' title="bbox 587 4975 2173 5064">
     <span class='ocr_line' id='line_1_96' title="bbox 587 4975 2173 5064; baseline 0.006 -24"><span class='ocrx_word' id='word_1_661' title='bbox 587 4987 780 5041; x_wconf 88' lang='lat' dir='ltr'><strong>cheuel</strong></span> <span class='ocrx_word' id='word_1_662' title='bbox 801 4988 1016 5043; x_wconf 91' lang='lat' dir='ltr'><strong>comitis</strong></span> <span class='ocrx_word' id='word_1_663' title='bbox 1045 4987 1362 5056; x_wconf 80' lang='lat' dir='ltr'><strong>Neumausi,</strong></span> <span class='ocrx_word' id='word_1_664' title='bbox 1387 5001 1442 5046; x_wconf 90' lang='lat' dir='ltr'><strong>et</strong></span> <span class='ocrx_word' id='word_1_665' title='bbox 1463 4991 1731 5047; x_wconf 86' lang='lat' dir='ltr'><strong>Willermi</strong></span> <span class='ocrx_word' id='word_1_666' title='bbox 1778 4993 1846 5047; x_wconf 90' lang='lat' dir='ltr'><strong>de</strong></span> <span class='ocrx_word' id='word_1_667' title='bbox 1865 4975 2173 5064; x_wconf 51' lang='lat' dir='ltr'><strong>M&#39;ontepes-</strong></span> 
     </span>
    </p>
   </div>
   <div class='ocr_carea' id='block_1_97' title="bbox 583 5078 2173 5150">
    <p class='ocr_par' dir='ltr' id='par_1_97' title="bbox 583 5078 2173 5150">
     <span class='ocr_line' id='line_1_97' title="bbox 583 5078 2173 5150; baseline 0.004 -17"><span class='ocrx_word' id='word_1_668' title='bbox 583 5078 802 5144; x_wconf 82' lang='lat' dir='ltr'><strong>sulano,</strong></span> <span class='ocrx_word' id='word_1_669' title='bbox 827 5087 882 5133; x_wconf 93' lang='lat' dir='ltr'><strong>et</strong></span> <span class='ocrx_word' id='word_1_670' title='bbox 924 5080 1154 5134; x_wconf 90' lang='lat' dir='ltr'><strong>aliorum</strong></span> <span class='ocrx_word' id='word_1_671' title='bbox 1185 5095 1410 5136; x_wconf 89' lang='lat' dir='ltr'><strong>suorum</strong></span> <span class='ocrx_word' id='word_1_672' title='bbox 1447 5083 1708 5150; x_wconf 90' lang='lat' dir='ltr'><strong>ﬁdelium,</strong></span> <span class='ocrx_word' id='word_1_673' title='bbox 1749 5085 1910 5139; x_wconf 90' lang='lat' dir='ltr'><strong>rediit</strong></span> <span class='ocrx_word' id='word_1_674' title='bbox 1954 5086 2007 5138; x_wconf 93' lang='lat' dir='ltr'><strong>in</strong></span> <span class='ocrx_word' id='word_1_675' title='bbox 2039 5084 2173 5140; x_wconf 89' lang='lat' dir='ltr'><strong>Nor-</strong></span> 
     </span>
    </p>
   </div>
   <div class='ocr_carea' id='block_1_98' title="bbox 582 5167 2164 5247">
    <p class='ocr_par' dir='ltr' id='par_1_98' title="bbox 582 5167 2164 5247">
     <span class='ocr_line' id='line_1_98' title="bbox 582 5167 2164 5247; baseline 0.004 -23"><span class='ocrx_word' id='word_1_676' title='bbox 582 5169 886 5226; x_wconf 87' lang='lat' dir='ltr'><strong>manniam.</strong></span> <span class='ocrx_word' id='word_1_677' title='bbox 909 5167 1041 5226; x_wconf 86' lang='lat' dir='ltr'><strong>Inde</strong></span> <span class='ocrx_word' id='word_1_678' title='bbox 1065 5172 1305 5242; x_wconf 82' lang='lat' dir='ltr'><strong>perrexit</strong></span> <span class='ocrx_word' id='word_1_679' title='bbox 1331 5188 1455 5229; x_wconf 91' lang='lat' dir='ltr'><strong>cum</strong></span> <span class='ocrx_word' id='word_1_680' title='bbox 1487 5175 1662 5230; x_wconf 89' lang='lat' dir='ltr'><strong>valida</strong></span> <span class='ocrx_word' id='word_1_681' title='bbox 1690 5191 1854 5231; x_wconf 90' lang='lat' dir='ltr'><strong>manu</strong></span> <span class='ocrx_word' id='word_1_682' title='bbox 1886 5176 1940 5230; x_wconf 90' lang='lat' dir='ltr'><strong>in</strong></span> <span class='ocrx_word' id='word_1_683' title='bbox 1965 5192 2164 5247; x_wconf 86' lang='lat' dir='ltr'><strong>pagum</strong></span> 
     </span>
    </p>
   </div>
   <div class='ocr_carea' id='block_1_99' title="bbox 2286 4530 3785 4610">
    <p class='ocr_par' dir='ltr' id='par_1_99' title="bbox 2286 4530 3785 4610">
     <span class='ocr_line' id='line_1_99' title="bbox 2286 4530 3785 4610; baseline -0.008 -18"><span class='ocrx_word' id='word_1_684' title='bbox 2286 4537 2539 4593; x_wconf 83' lang='lat' dir='ltr'><strong>decessor</strong></span> <span class='ocrx_word' id='word_1_685' title='bbox 2565 4539 2684 4608; x_wconf 89' lang='lat' dir='ltr'><strong>ejus</strong></span> <span class='ocrx_word' id='word_1_686' title='bbox 2709 4537 2977 4593; x_wconf 78' lang='lat' dir='ltr'><strong>Ricardus</strong></span> <span class='ocrx_word' id='word_1_687' title='bbox 2998 4539 3066 4594; x_wconf 94' lang='lat' dir='ltr'><strong>de</strong></span> <span class='ocrx_word' id='word_1_688' title='bbox 3087 4530 3382 4610; x_wconf 81' lang='lat' dir='ltr'><strong>Bellofago.</strong></span> <span class='ocrx_word' id='word_1_689' title='bbox 3409 4534 3638 4590; x_wconf 87' lang='lat' dir='ltr'><strong>Predicto</strong></span> <span class='ocrx_word' id='word_1_690' title='bbox 3656 4536 3785 4582; x_wconf 72' lang='lat' dir='ltr'><strong>mense</strong></span> 
     </span>
    </p>
   </div>
   <div class='ocr_carea' id='block_1_100' title="bbox 2280 4616 3782 4700">
    <p class='ocr_par' dir='ltr' id='par_1_100' title="bbox 2280 4616 3782 4700">
     <span class='ocr_line' id='line_1_100' title="bbox 2280 4616 3782 4700; baseline -0.008 -18"><span class='ocrx_word' id='word_1_691' title='bbox 2280 4629 2466 4700; x_wconf 86' lang='lat' dir='ltr'><strong>regina</strong></span> <span class='ocrx_word' id='word_1_692' title='bbox 2495 4630 2687 4700; x_wconf 89' lang='lat' dir='ltr'><strong>Anglic</strong></span> <span class='ocrx_word' id='word_1_693' title='bbox 2706 4630 2928 4684; x_wconf 83' lang='lat' dir='ltr'><strong>Alienor</strong></span> <span class='ocrx_word' id='word_1_694' title='bbox 2960 4630 3333 4685; x_wconf 82' lang='lat' dir='ltr'><strong>transfretavit</strong></span> <span class='ocrx_word' id='word_1_695' title='bbox 3376 4630 3431 4684; x_wconf 92' lang='lat' dir='ltr'><strong>in</strong></span> <span class='ocrx_word' id='word_1_696' title='bbox 3475 4616 3782 4681; x_wconf 77' lang='lat' dir='ltr'><strong>Nomanniam</strong></span> 
     </span>
    </p>
   </div>
   <div class='ocr_carea' id='block_1_101' title="bbox 2275 4718 3780 4791">
    <p class='ocr_par' dir='ltr' id='par_1_101' title="bbox 2275 4718 3780 4791">
     <span class='ocr_line' id='line_1_101' title="bbox 2275 4718 3780 4791; baseline -0.005 -18"><span class='ocrx_word' id='word_1_697' title='bbox 2275 4718 2433 4788; x_wconf 90' lang='lat' dir='ltr'><strong>jussu</strong></span> <span class='ocrx_word' id='word_1_698' title='bbox 2462 4720 2627 4791; x_wconf 84' lang='lat' dir='ltr'><strong>regis,</strong></span> <span class='ocrx_word' id='word_1_699' title='bbox 2660 4721 2935 4775; x_wconf 87' lang='lat' dir='ltr'><strong>adducens</strong></span> <span class='ocrx_word' id='word_1_700' title='bbox 2978 4737 3160 4777; x_wconf 86' lang='lat' dir='ltr'><strong>secum</strong></span> <span class='ocrx_word' id='word_1_701' title='bbox 3186 4721 3479 4776; x_wconf 85' lang='lat' dir='ltr'><strong>chricum</strong></span> <span class='ocrx_word' id='word_1_702' title='bbox 3501 4718 3649 4772; x_wconf 77' lang='lat' dir='ltr'><strong>filium</strong></span> <span class='ocrx_word' id='word_1_703' title='bbox 3671 4719 3780 4764; x_wconf 76' lang='lat' dir='ltr'><strong>suum</strong></span> 
     </span>
    </p>
   </div>
   <div class='ocr_carea' id='block_1_102' title="bbox 2277 4805 3780 4896">
    <p class='ocr_par' dir='ltr' id='par_1_102' title="bbox 2277 4805 3780 4896">
     <span class='ocr_line' id='line_1_102' title="bbox 2277 4805 3780 4896; baseline -0.006 -30"><span class='ocrx_word' id='word_1_704' title='bbox 2277 4820 2331 4866; x_wconf 89' lang='lat' dir='ltr'><strong>et</strong></span> <span class='ocrx_word' id='word_1_705' title='bbox 2350 4811 2515 4866; x_wconf 87' lang='lat' dir='ltr'><strong>ﬁliam</strong></span> <span class='ocrx_word' id='word_1_706' title='bbox 2538 4812 2870 4869; x_wconf 88' lang='lat' dir='ltr'><strong>Mathildem.</strong></span> <span class='ocrx_word' id='word_1_707' title='bbox 2902 4814 3045 4885; x_wconf 84' lang='lat' dir='ltr'><strong>(Oct.</strong></span> <span class='ocrx_word' id='word_1_708' title='bbox 3074 4815 3184 4886; x_wconf 80' lang='lat' dir='ltr'><strong>l6.)</strong></span> <span class='ocrx_word' id='word_1_709' title='bbox 3213 4814 3460 4869; x_wconf 89' lang='lat' dir='ltr'><strong>Mortuus</strong></span> <span class='ocrx_word' id='word_1_710' title='bbox 3477 4821 3554 4868; x_wconf 90' lang='lat' dir='ltr'><strong>est</strong></span> <span class='ocrx_word' id='word_1_711' title='bbox 3573 4805 3780 4896; x_wconf 38' lang='lat' dir='ltr'><strong>Philippa-7</strong></span> 
     </span>
    </p>
   </div>
   <div class='ocr_carea' id='block_1_103' title="bbox 2275 4896 3776 4976">
    <p class='ocr_par' dir='ltr' id='par_1_103' title="bbox 2275 4896 3776 4976">
     <span class='ocr_line' id='line_1_103' title="bbox 2275 4896 3776 4976; baseline 0 -20"><span class='ocrx_word' id='word_1_712' title='bbox 2275 4901 2444 4959; x_wconf 88' lang='lat' dir='ltr'><strong>frater</strong></span> <span class='ocrx_word' id='word_1_713' title='bbox 2487 4904 2749 4962; x_wconf 84' lang='lat' dir='ltr'><strong>Ludovici</strong></span> <span class='ocrx_word' id='word_1_714' title='bbox 2797 4907 2940 4976; x_wconf 85' lang='lat' dir='ltr'><strong>regis</strong></span> <span class='ocrx_word' id='word_1_715' title='bbox 2991 4907 3347 4974; x_wconf 88' lang='lat' dir='ltr'><strong>Francorum,</strong></span> <span class='ocrx_word' id='word_1_716' title='bbox 3383 4907 3609 4962; x_wconf 83' lang='lat' dir='ltr'><strong>decanos</strong></span> <span class='ocrx_word' id='word_1_717' title='bbox 3650 4896 3776 4950; x_wconf 70' lang='lat' dir='ltr'><strong>Sam“</strong></span> 
     </span>
    </p>
   </div>
   <div class='ocr_carea' id='block_1_104' title="bbox 2277 4983 3774 5055">
    <p class='ocr_par' dir='ltr' id='par_1_104' title="bbox 2277 4983 3774 5055">
     <span class='ocr_line' id='line_1_104' title="bbox 2277 4983 3774 5055; baseline 0.004 -7"><span class='ocrx_word' id='word_1_718' title='bbox 2277 4995 2492 5050; x_wconf 89' lang='lat' dir='ltr'><strong>Martini</strong></span> <span class='ocrx_word' id='word_1_719' title='bbox 2521 4997 2857 5053; x_wconf 77' lang='lat' dir='ltr'><strong>Turonensis</strong></span> <span class='ocrx_word' id='word_1_720' title='bbox 2879 4999 2968 5053; x_wconf 82' lang='grc'><strong>⁶¹¹⁵.</strong></span> <span class='ocrx_word' id='word_1_721' title='bbox 2997 4999 3210 5054; x_wconf 86' lang='lat' dir='ltr'><strong>Mortua</strong></span> <span class='ocrx_word' id='word_1_722' title='bbox 3237 5010 3319 5055; x_wconf 91' lang='lat' dir='ltr'><strong>est</strong></span> <span class='ocrx_word' id='word_1_723' title='bbox 3333 4994 3632 5054; x_wconf 79' lang='lat' dir='ltr'><strong>Constantia</strong></span> <span class='ocrx_word' id='word_1_724' title='bbox 3648 4983 3774 5054; x_wconf 68' lang='grc' dir='ltr'>Γεὲίυί</span> 
     </span>
    </p>
   </div>
   <div class='ocr_carea' id='block_1_105' title="bbox 2274 5084 3772 5162">
    <p class='ocr_par' dir='ltr' id='par_1_105' title="bbox 2274 5084 3772 5162">
     <span class='ocr_line' id='line_1_105' title="bbox 2274 5084 3772 5162; baseline -0.004 -21"><span class='ocrx_word' id='word_1_725' title='bbox 2274 5085 2505 5142; x_wconf 88' lang='lat' dir='ltr'><strong>Francie</strong></span> <span class='ocrx_word' id='word_1_726' title='bbox 2546 5089 2730 5144; x_wconf 88' lang='lat' dir='ltr'><strong>labore</strong></span> <span class='ocrx_word' id='word_1_727' title='bbox 2769 5100 2979 5160; x_wconf 90' lang='lat' dir='ltr'><strong>partus,</strong></span> <span class='ocrx_word' id='word_1_728' title='bbox 3030 5093 3318 5162; x_wconf 88' lang='lat' dir='ltr'><strong>superstite</strong></span> <span class='ocrx_word' id='word_1_729' title='bbox 3345 5091 3474 5156; x_wconf 87' lang='lat' dir='ltr'><strong>filia,</strong></span> <span class='ocrx_word' id='word_1_730' title='bbox 3502 5085 3637 5155; x_wconf 89' lang='lat' dir='ltr'><strong>cujus</strong></span> <span class='ocrx_word' id='word_1_731' title='bbox 3658 5084 3772 5132; x_wconf 55' lang='lat' dir='ltr'><strong>calls-1</strong></span> 
     </span>
    </p>
   </div>
   <div class='ocr_carea' id='block_1_106' title="bbox 2275 5179 2876 5237">
    <p class='ocr_par' dir='ltr' id='par_1_106' title="bbox 2275 5179 2876 5237">
     <span class='ocr_line' id='line_1_106' title="bbox 2275 5179 2876 5237; baseline 0.007 -4"><span class='ocrx_word' id='word_1_732' title='bbox 2275 5195 2423 5234; x_wconf 89' lang='lat' dir='ltr'><strong>mors</strong></span> <span class='ocrx_word' id='word_1_733' title='bbox 2459 5179 2560 5234; x_wconf 91' lang='lat' dir='ltr'><strong>sibi</strong></span> <span class='ocrx_word' id='word_1_734' title='bbox 2588 5181 2876 5237; x_wconf 89' lang='lat' dir='ltr'><strong>acciderat.</strong></span> 
     </span>
    </p>
   </div>
   <div class='ocr_carea' id='block_1_107' title="bbox 1895 5305 2582 5367">
    <p class='ocr_par' dir='ltr' id='par_1_107' title="bbox 1895 5305 2582 5367">
     <span class='ocr_line' id='line_1_107' title="bbox 1895 5305 2582 5367; baseline 0.007 -7"><span class='ocrx_word' id='word_1_735' title='bbox 1895 5305 2133 5361; x_wconf 76' lang='lat' dir='ltr'><strong>VARUE</strong></span> <span class='ocrx_word' id='word_1_736' title='bbox 2175 5308 2582 5367; x_wconf 85' lang='lat' dir='ltr'><strong>LECTIONES.</strong></span> 
     </span>
    </p>
   </div>
   <div class='ocr_carea' id='block_1_108' title="bbox 652 5412 1643 5472">
    <p class='ocr_par' dir='ltr' id='par_1_108' title="bbox 652 5412 1643 5472">
     <span class='ocr_line' id='line_1_108' title="bbox 652 5412 1643 5472; baseline 0.007 -7"><span class='ocrx_word' id='word_1_737' title='bbox 652 5415 724 5447; x_wconf 81' lang='grc'><strong>⁴¹³</strong></span> <span class='ocrx_word' id='word_1_738' title='bbox 747 5413 885 5469; x_wconf 79' lang='lat' dir='ltr'><strong>Rob.</strong></span> <span class='ocrx_word' id='word_1_739' title='bbox 908 5444 980 5454; x_wconf 89' lang='lat'>—</span> <span class='ocrx_word' id='word_1_740' title='bbox 999 5412 1201 5470; x_wconf 82' lang='lat' dir='ltr'><strong>Ebrulfi</strong></span> <span class='ocrx_word' id='word_1_741' title='bbox 1227 5416 1412 5470; x_wconf 73' lang='lat' dir='ltr'><strong>desunt</strong></span> <span class='ocrx_word' id='word_1_742' title='bbox 1433 5417 1520 5470; x_wconf 74' lang='lat' dir='ltr'><strong>8b.</strong></span> <span class='ocrx_word' id='word_1_743' title='bbox 1557 5416 1643 5472; x_wconf 72' lang='lat' dir='ltr'><strong>8h.</strong></span> 
     </span>
    </p>
   </div>
   <div class='ocr_carea' id='block_1_109' title="bbox 579 5485 2024 5556">
    <p class='ocr_par' dir='ltr' id='par_1_109' title="bbox 579 5485 2024 5556">
     <span class='ocr_line' id='line_1_109' title="bbox 579 5485 2024 5556; baseline 0.002 -15"><span class='ocrx_word' id='word_1_744' title='bbox 579 5500 789 5541; x_wconf 75' lang='lat' dir='ltr'><strong>summa</strong></span> <span class='ocrx_word' id='word_1_745' title='bbox 805 5486 1022 5556; x_wconf 81' lang='lat' dir='ltr'><strong>pagina.</strong></span> <span class='ocrx_word' id='word_1_746' title='bbox 1093 5486 1162 5517; x_wconf 73' lang='grc'><strong>⁸⁸⁸</strong></span> <span class='ocrx_word' id='word_1_747' title='bbox 1190 5485 1318 5540; x_wconf 80' lang='lat' dir='ltr'><strong>Post</strong></span> <span class='ocrx_word' id='word_1_748' title='bbox 1342 5487 1452 5540; x_wconf 65' lang='lat' dir='ltr'><strong>lucc</strong></span> <span class='ocrx_word' id='word_1_749' title='bbox 1487 5489 1542 5542; x_wconf 81' lang='lat' dir='ltr'><strong>in</strong></span> <span class='ocrx_word' id='word_1_750' title='bbox 1568 5486 1629 5541; x_wconf 87' lang='lat' dir='ltr'><strong>E.</strong></span> <span class='ocrx_word' id='word_1_751' title='bbox 1661 5488 1801 5542; x_wconf 82' lang='lat' dir='ltr'><strong>linea</strong></span> <span class='ocrx_word' id='word_1_752' title='bbox 1839 5508 2024 5546; x_wconf 76' lang='lat' dir='ltr'><strong>erasa.</strong></span> 
     </span>
    </p>
   </div>
   <div class='ocr_carea' id='block_1_110' title="bbox 1759 5401 3761 5499">
    <p class='ocr_par' dir='ltr' id='par_1_110' title="bbox 1759 5401 3761 5499">
     <span class='ocr_line' id='line_1_110' title="bbox 1759 5401 3761 5499; baseline -0 -26"><span class='ocrx_word' id='word_1_753' title='bbox 1759 5419 1828 5450; x_wconf 66' lang='lat' dir='ltr'><strong>m</strong></span> <span class='ocrx_word' id='word_1_754' title='bbox 1858 5419 1944 5474; x_wconf 81' lang='lat' dir='ltr'><strong>Iu&#39;c</strong></span> <span class='ocrx_word' id='word_1_755' title='bbox 1971 5421 2165 5476; x_wconf 79' lang='lat' dir='ltr'><strong>desiuit</strong></span> <span class='ocrx_word' id='word_1_756' title='bbox 2201 5424 2254 5478; x_wconf 72' lang='grc'><strong>4.</strong></span> <span class='ocrx_word' id='word_1_757' title='bbox 2290 5425 2356 5499; x_wconf 80' lang='grc' dir='ltr'><strong>¹ἰη</strong></span> <span class='ocrx_word' id='word_1_758' title='bbox 2385 5426 2552 5480; x_wconf 76' lang='lat' dir='ltr'><strong>verbis</strong></span> <span class='ocrx_word' id='word_1_759' title='bbox 2580 5441 2600 5479; x_wconf 92' lang='lat'><em>:</em></span> <span class='ocrx_word' id='word_1_760' title='bbox 2624 5424 2981 5481; x_wconf 87' lang='lat' dir='ltr'><strong>Obsoniensis</strong></span> <span class='ocrx_word' id='word_1_761' title='bbox 3037 5427 3324 5496; x_wconf 90' lang='lat' dir='ltr'><strong>episcopus</strong></span> <span class='ocrx_word' id='word_1_762' title='bbox 3365 5425 3426 5478; x_wconf 77' lang='lat' dir='ltr'><strong>ei</strong></span> <span class='ocrx_word' id='word_1_763' title='bbox 3453 5409 3692 5475; x_wconf 58' lang='lat' dir='ltr'><strong>successit.</strong></span> <span class='ocrx_word' id='word_1_764' title='bbox 3723 5401 3761 5455; x_wconf 68' lang='grc' dir='ltr'><strong>ίκ</strong></span> 
     </span>
    </p>
   </div>
   <div class='ocr_carea' id='block_1_111' title="bbox 2075 5608 2306 5666">
    <p class='ocr_par' dir='ltr' id='par_1_111' title="bbox 2075 5608 2306 5666">
     <span class='ocr_line' id='line_1_111' title="bbox 2075 5608 2306 5666; baseline 0 -2"><span class='ocrx_word' id='word_1_765' title='bbox 2075 5608 2306 5666; x_wconf 65' lang='grc' dir='ltr'><strong>ΝΟΤίΕ.</strong></span> 
     </span>
    </p>
   </div>
   <div class='ocr_carea' id='block_1_112' title="bbox 653 5699 2110 5802">
    <p class='ocr_par' dir='ltr' id='par_1_112' title="bbox 653 5699 2110 5802">
     <span class='ocr_line' id='line_1_112' title="bbox 653 5699 2110 5802; baseline 0.009 -20"><span class='ocrx_word' id='word_1_766' title='bbox 653 5729 804 5800; x_wconf 73' lang='lat' dir='ltr'><strong>(est)</strong></span> <span class='ocrx_word' id='word_1_767' title='bbox 845 5699 1064 5795; x_wconf 60' lang='lat' dir='ltr'><strong>Sibvlla.</strong></span> <span class='ocrx_word' id='word_1_768' title='bbox 1707 5737 1854 5802; x_wconf 71' lang='lat'><strong>(653)</strong></span> <span class='ocrx_word' id='word_1_769' title='bbox 1895 5737 2110 5795; x_wconf 58' lang='lat'><strong>51.4.6.</strong></span> 
     </span>
    </p>
   </div>
   <div class='ocr_carea' id='block_1_113' title="bbox 2688 5661 3112 5812">
    <p class='ocr_par' dir='ltr' id='par_1_113' title="bbox 2688 5661 3112 5812">
     <span class='ocr_line' id='line_1_113' title="bbox 2688 5661 3112 5812; baseline 0.012 -19"><span class='ocrx_word' id='word_1_770' title='bbox 2688 5661 2836 5812; x_wconf 54' lang='lat' dir='ltr'><strong>(63h)</strong></span> <span class='ocrx_word' id='word_1_771' title='bbox 2866 5738 3112 5798; x_wconf 82' lang='lat' dir='ltr'><strong>Mariam.</strong></span> 
     </span>
    </p>
   </div>
   <div class='ocr_carea' id='block_1_114' title="bbox 3839 3809 3862 4927">
    <p class='ocr_par' dir='ltr' id='par_1_114' title="bbox 3839 4005 3857 4927">
     <span class='ocr_line' id='line_1_114' title="bbox 3855 4005 3857 4063; baseline 0 0"><span class='ocrx_word' id='word_1_772' title='bbox 3855 4005 3857 4063; x_wconf 78' lang='grc'><strong>1</strong></span> 
     </span>
     <span class='ocr_line' id='line_1_115' title="bbox 3851 4191 3853 4287; baseline 0 0"><span class='ocrx_word' id='word_1_773' title='bbox 3851 4191 3853 4287; x_wconf 98' lang='grc'><strong>1</strong></span> 
     </span>
     <span class='ocr_line' id='line_1_116' title="bbox 3847 4429 3849 4513; baseline 0 0"><span class='ocrx_word' id='word_1_774' title='bbox 3847 4429 3849 4513; x_wconf 98' lang='grc'><strong>1</strong></span> 
     </span>
     <span class='ocr_line' id='line_1_117' title="bbox 3845 4535 3847 4627; baseline 0 0"><span class='ocrx_word' id='word_1_775' title='bbox 3845 4535 3847 4627; x_wconf 98' lang='grc'><strong>1</strong></span> 
     </span>
     <span class='ocr_line' id='line_1_118' title="bbox 3841 4635 3845 4739; baseline 0 0"><span class='ocrx_word' id='word_1_776' title='bbox 3841 4635 3845 4739; x_wconf 98' lang='grc'><strong>1</strong></span> 
     </span>
     <span class='ocr_line' id='line_1_119' title="bbox 3841 4761 3843 4851; baseline 0 0"><span class='ocrx_word' id='word_1_777' title='bbox 3841 4761 3843 4851; x_wconf 98' lang='grc'><strong>1</strong></span> 
     </span>
     <span class='ocr_line' id='line_1_120' title="bbox 3839 4865 3841 4927; baseline 0 0"><span class='ocrx_word' id='word_1_778' title='bbox 3839 4865 3841 4927; x_wconf 82' lang='grc'><strong>1</strong></span> 
     </span>
    </p>
   </div>
  </div>
