3906 6316
569 315 679 374 195

707 433 1052 480 nonanona.
1196 428 1532 468 rusconu.
1680 425 1882 465 ANGLOB
1891 425 1982 464 cu.
2175 411 2224 467 Α

744 509 1090 568 Belvacensis
1149 507 1434 562 successit.
1515 503 1937 559 Bartholomeus
2023 516 2153 556 vero

1455 596 1634 652 factus
1695 605 1780 650 est
1863 593 2154 665 episcopus

565 531 671 588 pus

560 605 988 663 archidiaconus
1077 599 1368 656 Remensis

564 699 912 756 Bclvacensis
933 696 1024 750 ⁶²⁰.
1084 693 1269 749 Prima
1315 690 1590 746 dominica
1610 687 2031 760 quadragesime
2057 702 2153 741 rex

563 791 836 847 Henricus
886 786 1198 859 aggregavit
1251 784 1571 856 episcopos,
1626 781 1873 847 abhates,
1916 779 2153 834 barones

568 884 751 939 tocius
791 878 1126 937 Normannie
1157 877 1303 948 apud
1334 875 1758 944 Rothomagum,
1788 881 1843 927 et
1870 871 2152 942 querimo-

567 976 716 1030 niam
763 972 973 1028 faciens
1006 970 1075 1026 de
1128 969 1398 1040 episcopis
1445 976 1500 1022 et
1545 981 1736 1021 eorum
1771 963 2041 1019 ministris
2099 970 2155 1018 et

569 1065 989 1122 vicecomitibus
1021 1063 1138 1118 suis
1158 1103 1172 1126 ,
1199 1061 1365 1130 jussit
1397 1068 1459 1114 ut
1480 1057 1775 1114 concilium
1815 1054 1958 1110 Julie
2002 1055 2154 1110 Bone

567 1165 863 1213 teneretur.
910 1151 1054 1208 Julia
1106 1151 1256 1206 Bona
1296 1151 1356 1205 in
1381 1147 1654 1204 Caletensi
1678 1161 1819 1217 pago
1845 1144 2003 1215 juxta
2049 1143 2151 1198 Se-

566 1264 808 1321 quanam
844 1256 949 1313 est,
989 1244 1146 1301 sedes
1176 1243 1348 1314 regia,
1377 1257 1408 1296 a
1445 1239 1685 1295 dominis
1706 1236 2150 1291 Normannorum

569 1343 806 1399 multum
840 1347 1022 1396 amata
1055 1345 1111 1392 et
1149 1335 1511 1406 frequentata.
1547 1331 1700 1386 lane
1743 1329 1922 1385 Julius
1957 1328 2149 1396 Cesar,

567 1451 636 1490 ex
665 1433 825 1504 cujus
865 1431 1086 1486 nomine
1118 1427 1264 1482 Julia
1292 1437 1540 1491 vocatur,
1575 1422 1838 1488 condidit,
1870 1421 2151 1476 destructa

565 1525 702 1580 urbe
726 1523 935 1587 Caleto,
963 1536 1030 1575 ex
1055 1518 1215 1589 cujus
1235 1517 1402 1572 veteri
1433 1513 1698 1569 vocabulo
1721 1520 1832 1566 tota
1855 1511 2018 1578 :regio
2047 1511 2150 1565 sita

567 1620 708 1672 inter
733 1615 1045 1685 Sequanam
1071 1621 1125 1666 et
1149 1625 1301 1665 mare
1323 1609 1500 1664 adhuc
1530 1614 1777 1661 vocatur.
1812 1603 2034 1658 Primus
2057 1601 2152 1655 Ri-

565 1709 767 1764 cardus
809 1708 920 1761 dux
960 1703 1402 1758 Normannorum
1457 1708 1511 1754 et
1554 1697 1830 1754 secundus
1879 1692 2151 1750 Ricardus

566 1801 711 1854 filius
735 1799 874 1869 ejus,
899 1795 1039 1866 apud
1057 1794 1389 1850 Fiscannum
1415 1791 1575 1846 levati
1596 1790 1663 1845 de
1690 1787 1918 1843 tumulis
1940 1786 2076 1850 suis,
2093 1785 2150 1838 in
2181 1759 2226 1820 Β

560 1892 766 1961 quibus
795 1887 1087 1958 separatim
1124 1886 1402 1957 jaeebant,
1436 1893 1561 1953 post
1597 1883 1768 1936 altare
1807 1888 1994 1934 sancte
2029 1876 2152 1930 Trio

565 1981 752 2034 uitatis
790 1978 1075 2033 honestius
1113 1985 1411 2046 ponuntur.
1443 1971 1581 2026 Huic
1621 1966 1967 2024 translationi
2007 1964 2152 2020 Heno

565 2071 714 2124 ricus
745 2085 838 2123 rex
870 2067 1169 2138 Anglorum
1209 2063 1476 2128 interfuit,
1511 2071 1567 2117 et
1592 2059 1834 2132 episcopi
1879 2055 2153 2113 Norman-

564 2163 676 2227 nie,
711 2170 766 2217 et
791 2160 937 2216 dedit
964 2160 1040 2214 illi
1072 2159 1302 2214 ecclesie
1331 2157 1524 2212 silvam
1562 2154 1629 2209 de
1649 2152 1835 2224 Hogis.

636 2252 838 2308 Comes
874 2251 1144 2306 Robertus
1181 2249 1248 2304 de
1283 2247 1589 2303 Basenvilla
1627 2245 1892 2300 adversus
1928 2239 2152 2296 Willet-

563 2360 717 2400 mum
768 2353 1061 2414 cognatum
1117 2356 1278 2397 suum
1329 2355 1514 2410 regem
1575 2336 1759 2392 Sicilie
1817 2333 2045 2390 rebellat
2096 2332 2151 2386 in

563 2437 798 2509 Apulia;
848 2445 904 2491 et
950 2435 1139 2491 multis
1189 2432 1602 2503 coadjutoribus
1642 2445 1830 2486 secum
1874 2427 2150 2493 adunatis,

565 2530 834 2599 majorem
864 2536 1074 2598 partem
1106 2526 1509 2580 maritimarum
1539 2524 1823 2579 civitatum
1847 2522 1951 2577 sibi
1970 2520 2152 2576 conci-

563 2620 739 2674 liavit.
765 2618 1092 2674 Fredericus
1132 2619 1431 2688 imperator
1472 2616 1908 2671 Alemannorum
1957 2613 2151 2668 urbem

557 2709 961 2777 llediolanum,
991 2725 1157 2780 quam
1196 2724 1295 2779 per
1331 2718 1445 2764 tres
1491 2723 1670 2762 annos
1709 2706 2019 2770 obsederat,
2059 2721 2154 2760 ne-

543 2803 821 2859 'cessitate
856 2801 1016 2856 famis
1041 2801 1294 2856 afﬂictam
1318 2800 1465 2870 capit
1492 2807 1548 2854 et
1569 2797 1799 2854 destruit
1823 2796 2014 2867 (Hart.
2036 2797 2151 2867 26),

551 2896 863 2952 “reservatis
888 2894 1272 2950 tantummodo
1297 2893 1527 2948 matrice
1558 2891 1792 2947 ecclesia
1831 2901 1886 2945 et
1921 2889 2152 2960 quibus-

563 2989 692 3044 dam
731 2989 875 3043 aliis.
914 2986 1198 3041 Discordia
1230 2985 1376 3040 inter
1417 2999 1648 3056 regnum
1682 2991 1740 3038 et
1775 2982 2152 3038 sacerdocium

563 3081 746 3137 adhuc
782 3079 1116 3150 perdarante
1150 3086 1372 3149 propter
1405 3077 1606 3132 scisma
1638 3075 1956 3139 Octaviani,
1986 3089 2152 3144 quem
2180 3102 2223 3160 ο

555 3187 658 3227 τοι
682 3170 1059 3226 Romanorum
1088 3167 1411 3224 Fredericus
1433 3183 1622 3222 secum
1645 3167 1700 3221 in
1724 3164 1875 3220 Italia
1899 3164 2150 3230 habebat,

563 3261 874 3316 A.exander
922 3275 1063 3331 papa
1137 3257 1421 3314 Romanus
1487 3257 1767 3313 conlidens
1808 3256 1877 3311 de
1934 3256 2154 3324 regibus

562 3351 902 3409 Francorum
932 3351 1210 3407 Ludovico
1235 3361 1293 3406 et
1314 3351 1614 3422 Anglorum
1654 3349 1908 3415 Henrico,
1933 3350 2027 3418 qui
2055 3350 2154 3404 de-

560 3452 687 3499 vote
736 3457 952 3513 semper
995 3440 1298 3497 Romanam
1347 3443 1638 3498 ccclesiam
1692 3439 1877 3495 fovent
1901 3450 1955 3495 et
1991 3430 2156 3494 vene-

561 3543 778 3600 rantur,
821 3533 888 3588 ad
923 3533 1302 3589 cismontanos
1345 3536 1559 3587 marina
1608 3533 1952 3603 expeditione
2007 3532 2153 3587 circa

559 3626 771 3694 pascha
851 3624 1047 3690 venit,
1104 3633 1160 3678 et
1227 3624 1370 3694 apud
1438 3623 2036 3694 Montempessulanum
2098 3623 2154 3678 in

560 3715 848 3771 Provincia
928 3715 1111 3770 debita
1196 3715 1613 3770 honorificentia
1684 3724 1975 3785 susceptus
2049 3724 2152 3770 est.

561 3805 875 3862 Richardus
919 3805 986 3860 de
1030 3805 1256 3872 Hevers,
1318 3807 1575 3861 dominus
1631 3807 1809 3861 insule
1854 3805 2045 3872 Vecte,
2099 3807 2157 3861 in

563 3899 759 3968 Anglia
784 3898 1039 3962 moritur,
1061 3897 1381 3967 relinquens
1408 3914 1475 3952 ex
1499 3898 1608 3952 filia
1659 3897 1909 3952 Rainaldi
1937 3898 2156 3954 comitis

569 3991 853 4045 Cornubie
903 3991 1195 4060 parvulum
1261 3990 1456 4056 filium,
1504 3990 1728 4046 nomine
1807 3989 2154 4045 Balduinum.

563 4080 886 4151 Stephanus
923 4091 1290 4152 cognomento
1346 4082 1668 4153 Burgensis,
1725 4083 1895 4138 abbas
1969 4082 2157 4138 Sancti

565 4171 849 4229 Michaelis
894 4173 962 4228 de
1005 4171 1172 4229 Clusa
1218 4182 1273 4228 et
1308 4175 1614 4230 monachus
1655 4174 2058 4242 Cluniacensis,
2099 4179 2159 4232 ﬁt

567 4263 742 4319 abbas
793 4263 1066 4330 Cluniaci,
1109 4265 1304 4336 abbate
1343 4264 1573 4336 Hugone
1619 4282 1678 4322 se
1725 4266 2040 4323 conferente
2088 4270 2157 4323 ad

566 4364 751 4424 partes
823 4355 1173 4425 imperatoris
1227 4355 1687 4412 etOctaviani‘".
1745 4358 1959 4414 Mortuo
2020 4359 2157 4414 Har-

563 4445 747 4503 duino‘
785 4448 1202 4520 archiepiscopo
1249 4449 1629 4522 Burdigalensi
1678 4454 1822 4523 apud
1885 4453 2154 4510 Montcm-
2180 4436 2232 4496 θ

564 4541 939 4610 pessulanum,
975 4541 1107 4596 dum
1149 4542 1351 4598 ibidem
1375 4544 1430 4598 in
1455 4546 1608 4600 curia
1644 4546 1832 4600 domni
1870 4562 2006 4616 pape
2034 4563 2154 4602 mo-

567 4637 808 4696 raretur,
855 4631 1148 4701 episcopus
1194 4631 1547 4690 Lactorensis
1579 4635 1728 4706 (640)
1766 4637 1817 4690 ei
1864 4637 2150 4692 successit.

566 4717 754 4785 Fame,
795 4723 1128 4777 mortalitate
1155 4724 1510 4791 cismontani,
1544 4728 1783 4782 maxime
1826 4730 1881 4782 in
1920 4729 2151 4799 Aquita-

569 4802 1337 4874 nia,laborant.-Rainaldus
1396 4817 1463 4871 de
1522 4818 1852 4876 Castellione
1896 4824 2148 4895 princeps

566 4903 857 4957 Antiochie
894 4905 1025 4957 dum
1070 4907 1285 4974 incapte
1323 4906 1378 4961 in
1412 4919 1612 4964 terram
1649 4914 2024 4983 Agarenorum
2065 4917 2152 4970 in-

566 5001 695 5054 trat,
733 4991 922 5046 multis
967 5009 1195 5046 suorum
1228 4997 1427 5050 occisis
1466 4999 1548 5050 vel
1586 5003 1760 5070 captis
1800 5003 2027 5072 ipsemet
2062 5020 2156 5060 ca-

565 5082 732 5152 pitur.
777 5079 1020 5138 Thomas
1064 5085 1424 5143 canwllarius
1451 5091 1594 5160 regis
1632 5093 1936 5165 Anglorum
1976 5096 2034 5150 ﬁt
2061 5113 2154 5151 ar-

1681 296 2042 357 SIGEBEHTI
2081 294 2606 356 GEMBLACENSIS

3681 303 3758 362 ωδ

2247 408 2628 478 chiepiscopus
2674 404 3091 463 Cantuariensis
3117 402 3208 461 ⁶²¹.
3251 404 3507 466 Radulfus
3541 408 3601 484 de
3631 411 3758 476 Tene

2254 501 2508 566 moritur,
2537 499 2726 554 relicto
2764 499 2993 569 parvulo
3029 499 3140 553 ﬁlio
3167 514 3233 554 ex
3269 499 3370 554 lilia
3393 499 3597 558 Roberti
3632 511 3760 565 ωωί.

2254 595 2325 650 tis
2383 593 2713 648 Leecestrie.
2754 592 2939 657 Mense
2985 591 3132 648 Julio
3175 591 3231 646 in
3281 591 3547 649 Britannia
3591 599 3759 666 minori,

2253 687 2464 743 scilicet
2492 686 2548 740 in
2585 684 2816 752 Retello,
2848 685 3072 757 sanguis
3108 685 3264 755 pluit,
3299 695 3351 740 et
3376 685 3442 740 de
3473 686 3593 757 ripis
3623 691 3762 760 cujus-

2251 779 2378 834 dam
2401 777 2569 834 fontis
2603 777 2805 833 ibidem
2831 777 3058 844 efﬂuxit,
3096 793 3197 834 nec
3238 793 3343 832 non
3371 778 3530 833 etiam
3556 781 3614 835 de
3642 798 3757 854 pane.

2253 871 2456 926 Eodem
2485 886 2676 927 mense
2697 869 2979 927 Johannes
3014 871 3082 926 de
3106 870 3206 926 Dol
3233 881 3478 926 mortuus
3517 885 3608 937 est,
3636 884 3680 929 et
3705 878 3763 930 di-

2252 962 2403 1016 misit
2429 971 2634 1015 terram
2672 973 2727 1015 et
2756 961 2925 1014 filiam
2950 975 3109 1015 suam
3143 961 3200 1015 in
3243 961 3565 1030 protectione
3605 961 3762 1021 Βιδιιυί

2251 1055 2320 1111 de
2350 1053 2644 1125 Fulgeriis.
2683 1052 2791 1108 Sed
2823 1069 2919 1108 rex
2959 1053 3259 1124 Anglorum
3293 1054 3496 1122 accepit
3527 1063 3693 1110 turrem
3719 1059 3765 1112 de

2251 1163 2418 1202 manu
2454 1146 2680 1216 ejusm.
2736 1143 3072 1202 Guillermus
3093 1161 3191 1201 rex
3231 1144 3413 1200 Sicilie
3457 1147 3692 1203 transiens
3719 1151 3764 1204 de

2253 1237 2440 1294 Sicilia
2493 1239 2549 1292 in
2601 1237 2858 1308 Apuliam
2893 1255 3021 1294 cum
3061 1253 3262 1309 magno
3291 1239 3550 1308 exercitu,
3585 1238 3766 1295 Roberto

2249 1332 2317 1387 de
2377 1329 2683 1386 Basenvilla
2737 1329 2926 1401 fugato
2969 1345 3095 1385 cum
3133 1329 3489 1399 complicibus
3520 1330 3638 1396 suis,
3668 1333 3766 1385 civi-

2252 1435 2389 1480 tates
2427 1433 2481 1480 et
2510 1424 2755 1489 castella,
2786 1439 2895 1494 que
2924 1439 2957 1478 a
2975 1439 3037 1479 se
3065 1421 3400 1488 defecerant,
3425 1433 3690 1493 recuperat.
3707 1422 3768 1478 lo-

2251 1515 2462 1571 hannes
2496 1514 2879 1570 thesaurarius
2925 1513 3321 1580 Eboracensis,
3354 1513 3438 1567 vir
3480 1513 3706 1582 iucundus
3729 1523 3768 1568 et

2251 1610 2438 1680 largus
2458 1617 2514 1664 et
2547 1608 2796 1678 apprime
2824 1606 3130 1673 litteratus,
3158 1607 3217 1661 fit
3235 1607 3521 1677 episcopus
3551 1605 3766 1661 Pictaven-

2253 1701 2351 1756 sis.
2394 1701 2610 1760 Mathe‘o
2633 1704 2894 1775 episcopo
2914 1703 3294 1774 Andegavensi
3321 1701 3585 1767 defuncto,
3605 1717 3766 1757 succes-

2253 1789 2644 1848 sitGaufridus
2689 1791 2993 1863 Sagiensis,
3034 1793 3277 1848 decanus
3315 1791 3556 1862 ejusdem
3598 1791 3766 1846 ecclesie

2250 1893 2305 1939 et
2341 1883 2575 1939 clericus
2602 1884 2746 1955 regis
2773 1884 3075 1956 Anglorum
3093 1883 3182 1938 ⁶¹⁸.

2323 1973 2542 2045 Leupus
2598 1991 2694 2031 rex
2726 1974 2984 2032 Valencie
3019 1985 3075 2031 et
3110 1973 3350 2042 Murcie,
3383 1974 3507 2030 licet
3536 1975 3710 2046 gentilis
3729 1981 3767 2030 et

2252 2065 2561 2138 Agarenus,
2592 2083 2824 2124 munera
2864 2069 3104 2140 ingentia
3145 2069 3203 2122 in
3241 2081 3382 2123 auro
3408 2076 3464 2122 et
3498 2067 3706 2122 sericoet
3727 2066 3763 2121 in

2252 2159 2376 2214 aliis
2400 2159 2688 2229 speciebus
2707 2168 2761 2214 et
2785 2159 2840 2213 in
2859 2160 3018 2230 equis
3053 2168 3108 2216 et
3143 2159 3374 2216 camelis
3409 2158 3565 2214 mittit
3593 2157 3764 2212 Henrico

2253 2247 2367 2318 regi
2391 2248 2712 2318 Anglorum,
2744 2251 2974 2320 grandia
3010 2259 3066 2306 et
3092 2249 3209 2320 ipse
3246 2249 3319 2305 ab
3354 2249 3540 2305 eodem
3577 2257 3763 2318 receptu-

2253 2353 2368 2393 rus.
2399 2338 2744 2396 Raimundus
2779 2340 3143 2412 Berengarius
3172 2357 3363 2397 comes
3391 2339 3763 2403 Barcinonensis,

2254 2431 2339 2486 vir
2358 2432 2617 2489 omnibus
2684 2433 2846 2489 bonis
2912 2433 3272 2504 plangendus,
3325 2433 3569 2498 moritur,
3628 2431 3764 2486 relicto

2254 2523 2368 2579 tilio
2395 2523 2674 2591 Anforsio,
2706 2526 2800 2595 qui
2825 2524 3004 2581 factus
3027 2535 3111 2581 est
3145 2540 3241 2580 rex
3276 2525 3631 2595 Artagonum;
3661 2522 3762 2592 qm

2255 2631 2484 2688 regnum
2504 2617 2556 2672 ei
2590 2618 2864 2672 acciderat
2881 2634 2950 2673 ex
2972 2627 3223 2672 materno
3254 2632 3476 2688 genere.
3517 2615 3763 2670 Fredericus

2254 2709 2681 2764 Alemannorum
2721 2691 3018 2779 imperator
3044 2719 3098 2764 et
3119 2708 3439 2766 Ludovicus
3473 2724 3559 2763 rex
3586 2707 3762 2761 Franco-

2256 2817 2400 2866 rum,
2425 2817 2552 2856 eum
2587 2816 2751 2871 super
2777 2801 3005 2856 fluvium
3035 2800 3337 2872 Sagonam,
3362 2802 3508 2872 quod
3531 2798 3764 2868 antiquitus

2254 2893 2396 2947 Arar
2440 2893 2760 2958 vocabatur,
2803 2893 2872 2948 de
2919 2909 3052 2964 pace
3087 2893 3381 2949 tractaturi
3417 2892 3670 2948 convenire
3699 2891 3764 2943 dc-

2255 2984 2504 3040 buissent
2562 2983 2778 3055 (Sept.),
2840 2995 3062 3056 repente
3108 2994 3321 3040 mutato
3395 2986 3570 3040 animo
3609 2989 3765 3051 propter

2255 3076 2453 3130 scisma
2486 3073 2792 3141 Octaviani,
2816 3075 2978 3146 cujus
3001 3085 3186 3146 partes
3208 3075 3508 3146 imperator
3525 3071 3763 3143 adjuvahat,
3864 3079 3865 3122 ξ

2265 3168 2473 3224 infecto
2505 3170 2726 3238 negotio
2746 3169 2813 3224 ad
2843 3170 3063 3240 propria
3107 3170 3412 3224 redierunt.
3436 3168 3622 3224 Exinde
3649 3178 3764 3235 pano

2257 3262 2446 3331 spacio
2476 3262 2740 3330 temporis
2768 3261 3077 3331 interjecto,
3109 3261 3428 3318 Ludovicus
3472 3277 3559 3316 rex
3589 3256 3764 3312 Franco-

2257 3369 2383 3407 rum
2404 3363 2459 3408 et
2483 3352 2748 3409 Henricus
2771 3369 2864 3408 rex
2891 3354 3193 3425 Anglorum
3225 3369 3396 3424 super
3428 3351 3637 3424 Ligerim
3666 3344 3764 3416 apud

2255 3444 2548 3500 Cociacum
2581 3447 2993 3513 convenientes,
3020 3445 3395 3500 Alexandrum
3419 3458 3596 3516 papam
3618 3439 3763 3494 Bom-

2257 3553 2389 3592 num
2434 3539 2644 3594 honore
2694 3553 2941 3608 congruo
2993 3546 3384 3608 susceperunt,
3431 3546 3483 3591 et
3531 3534 3604 3589 usi
3643 3528 3766 3584 ofﬁcio

2257 3629 2533 3697 stratoris,
2567 3630 2777 3700 pedites
2797 3631 2988 3686 dextra
3026 3631 3255 3702 levaque
3279 3629 3497 3685 frenum
3517 3625 3624 3696 equi
3643 3621 3765 3692 ipsius

2258 3731 2525 3788 tenentes,
2577 3737 2702 3777 eum
2766 3737 2941 3794 usque
2991 3724 3060 3779 ad
3102 3731 3457 3794 preparatum
3512 3717 3763 3791 papilionem

2257 3815 2649 3885 perduxerunt.
2677 3813 2800 3882 Quo
2823 3816 3118 3880 mediante,
3149 3814 3259 3869 Deo
3286 3813 3521 3877 favente,
3557 3825 3642 3880 pax
3669 3807 3765 3860 inter

2257 3923 2354 3962 cos
2393 3908 2551 3962 ﬁrma
2586 3909 2840 3963 restituta
2896 3919 3001 3964 est.
3036 3907 3344 3963 Riehardus
3379 3905 3639 3976 episcopus
3664 3898 3763 3951 Lm-

2258 4000 2423 4056 donie
2453 4001 2688 4056 moritur
2701 4001 2794 4055 ⁶¹⁸.
2823 3999 3092 4055 Henricus
3116 4015 3212 4054 rex
3251 3998 3515 4053 ordinatis
3538 4003 3586 4050 et
3606 4002 3765 4056 compo-

2259 4093 2381 4148 sitis
2405 4093 2590 4158 rebus,
2620 4103 2674 4148 et
2704 4093 2942 4148 castellis
2973 4093 3090 4148 suis
3118 4091 3173 4146 in
3213 4087 3562 4152 Normannia,
3597 4080 3757 4150 Aquita-

2261 4183 2372 4248 nia,
2409 4182 2742 4254 Andegavia,
2774 4193 2830 4237 et
2856 4184 3022 4237 etiam
3060 4183 3114 4236 in
3145 4180 3463 4246 Wasconia,
3502 4178 3550 4231 in
3591 4173 3764 4228 adventu

2259 4273 2477 4328 Domini
2507 4276 2654 4329 venit
2686 4273 3115 4339 Barbefluvium,
3144 4271 3338 4326 volens
3374 4271 3422 4324 si
3458 4275 3618 4340 posset
3639 4272 3764 4316 trans-

2262 4363 2462 4420 fretare
2492 4377 2622 4421 ante
2646 4366 2882 4421 natalem
2910 4363 3161 4429 Domini;
3186 4363 3282 4418 sed
3309 4371 3475 4418 vento
3499 4355 3761 4430 prohibente,

2255 4458 2365 4528 egit
2390 4458 2623 4512 natalem
2655 4445 2866 4512 Domini
2887 4473 3013 4513 cum
3041 4457 3227 4527 regina
3253 4455 3475 4510 Alienor
3501 4448 3624 4520 apud
3646 4444 3764 4497 Cesa-

2255 4551 2335 4605 ris
2365 4549 2626 4620 Burgum.
2655 4549 3177 4621 Manuelimperator
3204 4539 3762 4612 Constantinopolitanlls

2256 4641 2412 4696 duxit
2445 4641 2824 4697 Constantiam
2866 4643 3036 4696 ﬁliam
3083 4639 3309 4697 secundi
3357 4631 3634 4693 Boamundi
3669 4638 3761 4680 luo-

2256 4746 2394 4786 rem.
2420 4729 2486 4786 Et
2513 4730 2867 4788 Boamundus
2910 4733 3124 4797 tertius,
3161 4730 3331 4785 frater
3369 4727 3591 4800 predicte
3621 4714 3760 4790 νυευεν

2256 4821 2434 4878 factus
2456 4833 2539 4878 est
2562 4824 2838 4894 princeps,
2870 4825 3067 4880 vitrico
3099 4839 3208 4878 suo
3248 4821 3304 4876 in
3326 4818 3616 4892 captivitate
3638 4820 3761 4865 rem»

2256 4925 2418 4971 nente
2441 4914 2706 4970 Rainaldo
2719 4916 2810 4969 "‘.

2259 5007 2420 5061 “65.
2493 5006 2810 5062 Fredericus
2839 5008 2926 5062 12.
3000 5006 3300 5060 Laudamus
3327 5004 3418 5058 26.
3495 4995 3707 5054 Hauriat
3724 4986 3758 5039 εὶ

2328 5099 2514 5156 Mense
2530 5099 2793 5157 Januario
2813 5117 2906 5157 rex
2935 5100 3204 5158 Henricus
3220 5097 3468 5154 transivit
3485 5096 3535 5150 in
3558 5086 3761 5158 Angliam:

1891 5205 2124 5262 nam
2165 5207 2573 5290 LECTIONES.

481 5319 514 5356 ἰ
549 5297 555 5326 ⁷
587 5373 598 5386 ι
634 5305 706 5335 ⁸⁸⁸
862 5303 1244 5386 ἱηλβηρέιςιξζια
1305 5307 1571 5386 desinente
1595 5329 1782 5369 manus
1813 5318 2055 5372 habitum
2111 5331 2308 5376 mutat.
2344 5322 2529 5376 Restat
2573 5333 2749 5378 tamen
2775 5327 2978 5382 eadem.
3016 5329 3084 5368 "|
3111 5329 3419 5386 Richardus
3449 5355 3514 5367 -—
3548 5301 3761 5386 οτωῗωί
3856 5373 3857 5381 χ

791 5375 1000 5464 81³18ξῖ
1121 5373 1464 5464 ίὶιξοφλεῆ-
1487 5381 1644 5464 Εθ-ηι.
1685 5388 1871 5464 desunt
1907 5373 2157 5464 8¹³κ8¹³ξυ
3104 5373 3662 5464 ἐῖῇἓῖίῑόῑκωῐιϐέλθ

565 5443 1003 5539 {3231.111
1038 5445 1242 5539 ἓξ
1468 5467 1517 5506 e.
1557 5453 1617 5508 L.
1651 5471 1728 5510 In.
1770 5459 1958 5512 desunt
1991 5459 2080 5515 8b.
2105 5443 2176 5515 7811
2225 5443 2541 5519 “FS—latine!
3153 5443 3610 5527 ab
3630 5448 3760 5509 θείω

567 5529 752 5570 manu.
794 5515 1003 5587 Reliqui
1034 5516 1228 5571 habent
1253 5535 1452 5575 omnes.

2069 5644 2280 5712 ΝΟΤΕ

638 5707 791 5779 (640)
822 5709 1112 5782 Lectoure,
1143 5716 1407 5781 subditus.
1427 5723 1915 5799 archiepiscopatni
1951 5707 2239 5790 .Ausccnci.
