3906 6316
142 416 273 470 497

323 545 674 585 aonnonun.
824 545 1160 585 ramconun.
1304 525 1602 582 tuumnon.

146 621 289 690 ipse
319 631 378 676 et
408 622 616 694 regina,
647 631 701 677 et
741 637 866 677 cum
896 636 1096 692 magno
1145 621 1342 692 gaudio
1373 625 1661 686 susceptus
1681 622 1765 669 est

145 713 231 768 ab
261 715 534 770 omnibus
579 714 692 770 fere
719 714 1058 784 principibus
1093 714 1286 783 patrie,
1317 712 1411 784 qui
1441 726 1566 766 eum
1593 704 1649 764 in
1677 707 1766 762 lit-

145 811 290 859 tore
339 805 720 876 expectabant.
779 802 900 858 Jam
953 803 1100 857 enim
1154 801 1422 858 Henricus
1459 799 1606 855 ﬁlius
1645 798 1765 868 ejus

145 905 541 966 precesserat,
592 905 646 952 et
667 895 810 952 sicut
856 895 912 950 in
965 893 1321 961 Normannia,
1368 894 1448 949 sic
1487 893 1542 946 in
1571 890 1763 961 Anglia

146 987 435 1059 hnmagia
468 997 523 1044 et
544 988 831 1044 ﬁdelitates
877 987 1142 1043 baronum
1165 997 1220 1042 et
1245 987 1476 1042 militum
1503 983 1760 1054 suscepit.

141 1078 602 1152 Archiepiscopo
646 1080 1002 1154 Lugdunensi
1049 1079 1196 1152 (641)
1246 1079 1550 1144 deﬁciente,
1582 1078 1763 1132 clerus

145 1180 211 1226 et
260 1175 510 1243 populus
556 1173 863 1229 coniventia
892 1171 1171 1228 Frederici
1197 1169 1546 1242 imperatoris
1588 1169 1763 1239 elege-

141 1273 303 1319 runt
355 1265 718 1321 Guillermum
751 1265 922 1320 ﬁlium
962 1264 1178 1321 comitis
1205 1261 1464 1318 Teobaldi
1505 1260 1761 1327 senioris,

136 1358 320 1429 quod
370 1359 541 1413 etiam
576 1375 734 1430 opapa
776 1356 1084 1414 Alexander
1119 1356 1410 1413 concessit.
1438 1353 1532 1408 Illa
1580 1362 1761 1408 autem

135 1449 326 1515 urbs,
359 1465 470 1520 que
490 1450 573 1505 eis
598 1443 883 1504 Rodanum
909 1457 1012 1514 est,
1030 1447 1098 1502 ad
1128 1463 1356 1520 regnum
1383 1445 1612 1500 Francie
1636 1460 1760 1515 per-

131 1543 336 1608 tinet;
362 1542 460 1597 sed
485 1543 611 1613 quia
637 1542 810 1613 Guigo
841 1541 910 1572 ⁸¹⁷
935 1539 1179 1596 Dalﬁnus
1199 1549 1253 1596 et
1271 1537 1647 1610 Forojulensis
1668 1551 1762 1592 co-

133 1632 332 1688 mites
394 1649 542 1688 anno
576 1633 834 1704 preterito
882 1632 1073 1688 fraude
1118 1647 1240 1687 eam
1284 1631 1528 1702 predicto
1579 1627 1761 1684 archi-

131 1723 433 1795 e’piscopo
479 1725 843 1790 abstulerunt,
891 1740 992 1780 nec
1034 1739 1129 1794 per
1176 1728 1357 1795 regem
1381 1721 1429 1802 ,Γ
1435 1721 1618 1777 rancic
1638 1736 1760 1776 eam

133 1817 440 1872 rebabere
466 1807 662 1888 potuit,
689 1818 811 1873 ideo
837 1818 978 1895 idem
1007 1817 1452 1887 archiepiscopus
1483 1815 1762 1871 transtulit

132 1923 203 1962 se
245 1909 329 1962 ad
395 1909 813 1979 imperatorem;
855 1907 950 1978 qui
1008 1908 1307 1984 predictam
1363 1908 1635 1963 civitatem
1678 1906 1758 1961 ei-

133 1999 283 2054 dem
321 1999 586 2068 restituit,
610 2009 664 2055 et
692 2003 894 2056 extunc
923 2001 991 2056 ab
1015 2016 1080 2056 eo
1105 2000 1252 2054 illam
1282 1987 1456 2054 tenuit
1485 1999 1555 2032 ⁶²⁸
1583 1998 1754 2070 (642).

131 2087 447 2147 Rotrocus
493 2092 786 2163 episcopus
834 2087 1184 2148 Ebroicensis
1233 2100 1289 2147 et
1336 2091 1638 2147 Rainaldus
1691 2092 1759 2148 de

133 2179 372 2237 Sancto
401 2182 641 2240 Walerio
663 2183 911 2240 fecerunt
934 2185 988 2239 in
1011 2183 1346 2260 Normannia
1370 2200 1760 2256 recognoscere

122 2274 317 2343 jussu
348 2276 518 2346 regis,
550 2291 646 2346 per
667 2277 1034 2347 episcopatus,
1059 2277 1257 2348 legales
1287 2275 1532 2331 redditus
1554 2285 1607 2331 et
1627 2293 1760 2332 con-

130 2365 490 2421 suetudines
538 2367 605 2422 ad
652 2383 831 2438 regem
863 2377 918 2423 et
946 2368 1181 2424 barones
1234 2368 1590 2439 pertinentes.
1628 2367 1757 2423 Phi-

128 2457 343 2528 lippus
387 2459 681 2530 cpisc0pus
711 2459 1026 2531 Bajocensis
1051 2476 1239 2516 mense
1269 2445 1568 2516 Februario
1592 2462 1758 2516 mori-

127 2559 260 2616 tur,
291 2550 393 2620 qui
423 2549 525 2604 fuit
548 2552 630 2606 vir
660 2555 900 2622 prudens
929 2561 982 2607 et
1008 2561 1225 2608 astutus
1254 2552 1308 2606 in
1338 2553 1760 2622 augmentandis

126 2651 190 2696 et
247 2642 590 2698 revocandis
639 2631 802 2698 rebus
849 2642 996 2698 illius
1025 2642 1274 2710 ecclesie,
1305 2650 1360 2697 et
1398 2643 1630 2697 multum
1681 2642 1756 2696 ibi

125 2729 421 2802 profecit;
480 2731 577 2787 sed
631 2734 899 2804 sapientia
945 2733 1111 2804 hujus
1158 2732 1350 2788 mundi
1410 2731 1652 2790 stulticia
1675 2739 1757 2787 est

125 2823 300 2893 apud
328 2821 528 2877 Deum.
559 2821 661 2879 Hic
687 2840 745 2879 se
767 2824 990 2879 dederat
1019 2824 1354 2880 monasterio
1395 2823 1652 2879 Beccensi
1687 2823 1755 2878 ad

128 2914 577 2981 monachatum,
608 2914 702 2969 sed
733 2931 844 2970 non
884 2907 968 2971 est
997 2915 1050 2970 in
1080 2915 1305 2971 homine
1331 2916 1418 2971 via
1447 2916 1584 2987 ejus.
1619 2914 1754 2970 Pre-

125 3014 354 3060 ventus
384 3005 534 3060 enim
565 3005 669 3061 fuit
715 3017 914 3075 morte,
949 3023 1050 3063 nec
1073 3009 1220 3080 quod
1266 3016 1624 3080 proposuerat
1654 3007 1756 3061 im-

124 3098 302 3167 plere
332 3098 548 3167 potuit;
598 3098 864 3163 librorum
916 3108 1098 3154 tamen
1126 3099 1331 3170 'septies
1377 3100 1566 3171 viginti
1597 3100 1753 3154 volu-

125 3190 302 3244 mina
350 3187 432 3243 illi
457 3190 574 3260 jam
621 3190 847 3246 dederat
875 3192 944 3224 ⁶²⁹
971 3191 1142 3266 (645)..
1177 3191 1386 3246 Bellum
1423 3191 1644 3246 Roberti
1686 3191 1754 3248 de

124 3279 337 3336 Monte
364 3280 518 3336 Forti
551 3299 680 3338 cum
729 3281 966 3340 Henrico
1000 3285 1068 3339 de
1100 3282 1326 3339 Essessa
1358 3298 1457 3355 pro
1482 3283 1605 3354 fuga
1633 3299 1754 3353 pre-

127 3365 194 3426 lii
233 3381 443 3428 contra
471 3373 798 3443 Gualenscs,
824 3374 877 3429 in
906 3392 1016 3446 quo
1045 3375 1216 3431 isdem
1243 3373 1512 3430 Henricus
1534 3375 1750 3444 defecit,

125 3475 186 3520 et
217 3465 623 3533 exheredatus,
670 3466 848 3524 factus
883 3477 969 3523 est
1008 3468 1314 3523 monachus
1367 3466 1757 3538 Radingensis.

128 3552 446 3610 Walenses
475 3557 677 3612 subditi
703 3569 834 3614 sunt
864 3558 974 3630 regi
998 3555 1233 3614 Henrico
1262 3557 1327 3612 ad
1358 3558 1590 3613 libitum.
1615 3557 1750 3612 Mal-

127 3659 348 3700 comus
401 3661 497 3700 rex
549 3645 732 3703 Scotie
781 3647 910 3704 fecit
956 3649 1271 3721 homagium
1320 3647 1577 3714 Henrico,
1608 3649 1752 3720 regis

128 3735 460 3807 Anglorum
491 3737 623 3805 ﬁlio,
654 3749 708 3794 et
740 3739 890 3795 dedit
920 3741 1032 3813 regi
1083 3741 1324 3807 obsides,
1369 3741 1577 3796 scilicet
1603 3740 1753 3796 dedit

129 3824 381 3892 fratrem
421 3842 580 3882 suum
613 3829 881 3886 minorem
911 3841 966 3886 et
999 3831 1264 3902 quosdam
1312 3831 1380 3886 de
1422 3831 1548 3886 ﬁliis
1589 3831 1751 3886 baro-

129 3930 280 3969 num
335 3930 594 3984 suorum,
625 3919 691 3974 de
719 3935 851 3990 pace
889 3921 1120 3994 tenenda
1143 3931 1195 3977 et
1219 3937 1318 3992 pro
1349 3922 1587 3978 castellis
1613 3921 1748 3990 suis,

129 4022 248 4078 que
292 4024 394 4063 rex
443 4010 659 4066 volebat
690 4011 911 4067 habere.
938 4011 1168 4080 Quidam
1213 4015 1748 4086 gartio,.coniventia

129 4101 554 4157 monachorum
603 4113 661 4160 ut
692 4105 954 4174 creditur,
999 4107 1201 4161 occidit
1253 4108 1505 4162 abbatem
1563 4107 1748 4163 Sancti

128 4192 440 4248 Maximini
494 4196 1020 4266 Aurelianensis;et
1049 4213 1187 4269 papa
1235 4193 1537 4255 Alexander
1556 4208 1610 4254 et
1636 4199 1746 4253 Lu-

126 4284 379 4339 dovicus
403 4301 495 4340 rex
528 4286 865 4346 Francorum
895 4290 1220 4362 expulerunt
1250 4291 1375 4345 inde
1415 4306 1606 4346 omnes
1634 4289 1748 4346 fere

127 4379 480 4446 monachos,
505 4387 558 4435 et
594 4397 690 4452 per
719 4383 972 4439 diversas
995 4383 1242 4438 abbatias
1272 4383 1670 4452 disperserunt,
1693 4392 1748 4437 et

127 4468 402 4524 fecerunt
437 4470 509 4524 ibi
551 4471 804 4530 abbatem
833 4475 901 4529 de
931 4473 1122 4545 Majori
1150 4473 1504 4535 Monasterio.
1541 4471 1746 4527 Simili-

969 409 1341 470 CHRONICA.
1383 439 1454 450 —
1489 401 1901 464 AUCTARIUM
1942 399 2242 458 ROBERTI
2283 399 2372 455 DE
2409 395 2666 454 MONTE.

3341 387 3460 454 ηδ’

1794 525 1841 582 Α
1869 537 1975 590 trui
2019 535 2134 603 sui,
2152 552 2246 605 per
2275 535 2614 604 aliquantqu
2645 505 2916 602 temporis
2948 530 3050 588 fuit
3076 533 3246 588 abbas
3287 531 3451 589 Hom-

1865 628 2076 684 mensis
2129 628 2186 682 in
2221 627 2446 698 Anglia;
2498 642 2607 696 qua
2655 625 2873 680 abbatia
2909 626 3097 681 relicta
3147 624 3251 680 fuit
3278 625 3449 682 abbas

1864 719 2246 776 Certesiensis.
2280 717 2480 772 lterum
2514 718 2602 771 illa
2645 717 2830 772 relicta
2875 715 3025 772 venit
3059 715 3116 772 in
3156 715 3456 773 Franciam.

1865 812 1932 866 ad
1963 819 2190 880 nepotes
2219 825 2352 866 suos
2378 808 2672 864 chricum
2702 818 2757 864 et
2781 808 3150 875 Teobaldum;
3184 817 3238 863 et
3257 809 3358 876 sic,
3388 819 3450 864 ut

1865 905 2126 970 diximus,
2156 894 2332 959 factus
2353 911 2435 957 est
2470 902 2638 958 abbas
2664 900 3082 957 Latiniacensis.
3111 900 3448 956 Gislebertus

1865 995 2155 1067 episcopus
2211 993 2650 1060 Hcrefordensis,
2691 1001 2908 1048 mortuo
2951 992 3190 1049 Ricardo
3228 991 3450 1046 Lundo-

1865 1087 2042 1142 niensi
2074 1086 2349 1157 episcopo,
2379 1086 2677 1141 translatus
2701 1094 2785 1141 est
2809 1085 2875 1141 ad
2908 1085 3140 1141 eandem
3163 1084 3368 1149 sedem,
3396 1093 3463 1138 ct'

1864 1180 2125 1251 magister
2150 1176 2423 1234 Robertus
2444 1179 2510 1234 de
2539 1177 2834 1244 Mileduno,
2865 1192 3060 1248 genere
3088 1175 3367 1246 Anglicus,
3395 1185 3459 1230 et-

1863 1272 2194 1343 grandevus,
2225 1272 2402 1328 factus
2428 1279 2512 1326 est
2551 1259 2841 1340 episcopus
2869 1266 3304 1324 Herefo-rdensis.
3338 1266 3450 1320 Ro-

1863 1364 2045 1436 gerius
2090 1363 2237 1420 ﬁlius
2279 1363 2504 1419 Roberti
2530 1360 2750 1417 comitis
2789 1360 3108 1416 Glmcestrie
3136 1359 3343 1415 electus
3364 1366 3452 1414 est

1863 1453 1932 1508 ad
1973 1455 2347 1525 episcOpatum
2406 1452 2846 1525 Wigorniensem
2873 1451 2962 1505 “°.
3014 1449 3200 1505 Mense
3253 1447 3450 1502 Martio

1862 1545 1999 1621 obiit
2022 1547 2225 1602 tercius
2250 1544 2550 1599 Balduinus
2580 1559 2675 1598 rex
2695 1541 3023 1607 Jerusalem,
3046 1539 3131 1594 vir
3151 1554 3246 1609 per
3265 1535 3449 1592 omnia

1862 1638 2236 1708 plangendus;
2277 1646 2332 1692 et
2381 1635 2648 1693 successit
2679 1636 2730 1690 ei
2763 1633 3072 1689 Amalricus
3103 1630 3271 1686 frater
3303 1629 3444 1699 ejus.

1863 1729 2002 1786 lluic
2044 1731 2310 1786 Balduino
2333 1745 2364 1784 a
2388 1743 2622 1798 superna
2645 1726 2932 1783 clementia
2983 1737 3305 1780 concessum
3342 1728 3446 1786 est,

1864 1805 1929 1876 ui
1947 1823 2271 1877 Ascalonem
2294 1829 2532 1891 caperet,
2565 1828 2620 1874 et
2644 1819 2924 1889 Agarenos
2946 1815 3238 1886 expelleret
3258 1820 3312 1867 et
3331 1826 3449 1866 ser-

1859 1914 1994 1969 vitio
2045 1914 2230 1970 divino
2281 1912 2649 1982 mancipat-et;
2686 1909 2832 1979 quod
2876 1923 2977 1963 nec
3019 1905 3191 1962 David
3228 1911 3449 1974 propter

1861 2007 2204 2062 sanctitatem
2233 2021 2410 2071 suam,
2443 2019 2543 2060 nec
2572 2001 2852 2058 Salomoni
2883 2008 3104 2071 prOpter
3123 1997 3450 2068 sapientiam

1859 2082 1916 2167 et
1966 2099 2187 2154 divitias
2242 2113 2402 2163 suas,
2459 2112 2560 2152 nec
2614 2095 2844 2151 Ezecbie
2895 2100 3117 2165 propter
3171 2090 3446 2162 justitiam

1860 2203 2039 2255 suam,
2069 2206 2168 2244 nec
2191 2188 2350 2244 alicui
2380 2196 2538 2242 antea
2566 2202 2794 2257 regnum
2818 2184 3148 2257 permissum
3163 2182 3360 2238 fuerat.
3387 2180 3448 2236 ln

1859 2281 2068 2336 octavis
2090 2278 2443 2352 pentecostes
2460 2279 2768 2336 Alexander
2789 2294 2926 2350 papa
2952 2278 3127 2334 tenuit
3155 2277 3448 2334 concilium

1861 2370 2116 2439 Turonis,
2158 2373 2212 2427 in
2254 2388 2364 2442 quo
2392 2371 2885 2427 excommunicavit
2917 2369 3275 2426 Octavianum
3321 2383 3448 2422 cum

1859 2463 1982 2518 aliis
2012 2463 2341 2519 scismaticis
2373 2471 2428 2517 et
2451 2461 2812 2532 complicibus
2833 2461 2968 2516 suis.
3000 2459 3059 2515 In
3084 2460 3178 2514 illo
3213 2457 3449 2514 concilio
3475 2535 3478 2538 ι

1859 2557 1969 2612 duo
1990 2557 2253 2627 episcopi,
2283 2571 2521 2627 quorum
2547 2571 2690 2610 unus
2722 2561 2970 2609 sacratus
3008 2551 3185 2608 fuerat
3211 2566 3306 2622 per
3330 2565 3446 2606 ma-

1859 2663 1990 2702 num
2049 2647 2516 2703 Terracbonensis
2575 2644 2975 2714 archiepiscopi
3036 2640 3445 2712 rnetrOpolitani

1858 2739 1964 2807 sui,
2001 2740 2140 2795 alter
2160 2755 2254 2811 per
2284 2739 2608 2794 Toletanum
2632 2737 3103 2806 archiepiscopum
3150 2733 3318 2788 totius
3353 2731 3456 2786 Hi-

1857 2831 2049 2903 spanie
2071 2833 2380 2904 primatem,
2405 2832 2618 2903 expulsi
2646 2840 2774 2886 sunt
2806 2830 2872 2884 de
2893 2827 3123 2884 ecclesia
3154 2824 3450 2896 Pampulo-

1857 2925 2040 2992 nensi,
2071 2925 2140 2980 ad
2186 2925 2346 2994 cujus
2374 2925 2593 2980 titulum
2625 2923 2790 2978 ambo
2831 2920 3034 2976 sacrati
3060 2928 3237 2983 erant,
3261 2925 3316 2973 et
3336 2926 3450 2971 ter-

1857 3015 1978 3072 cius
2019 3017 2350 3087 subrogatus
2389 3026 2492 3070 est.
2547 3014 2658 3070 lllis
2689 3024 2869 3069 tamen
2913 3011 3130 3068 duobus
3165 3009 3300 3066 ordo
3327 3009 3448 3080 cpi-

1859 3106 2008 3176 scopi
2044 3106 2266 3172 mansit,
2294 3113 2353 3162 et
2382 3120 2709 3164 concessum
2757 3113 2861 3172 est,
2894 3111 2956 3160 ut
2991 3103 3037 3159 si
3079 3110 3336 3158 vacantes
3364 3115 3450 3157 ec-

1857 3196 2021 3252 clesie
2047 3211 2142 3251 eos
2170 3205 2450 3262 vocarent,
2483 3197 2674 3249 tierent
2702 3210 2890 3249 earum
2913 3194 3157 3264 presules
3185 3193 3275 3247 ⁶³¹.

1768 3252 1822 3309 Ὀ
1889 3285 2046 3339 1164.
2088 3284 2410 3340 Fredericus
2437 3252 2537 3340 '13.
2573 3283 2873 3338 Ludovicus
2903 3252 2993 3340 é7.
3029 3283 3294 3338 Henricus
3324 3282 3412 3338 l0.

1924 3375 2182 3432 Terricus
2231 3392 2418 3433 comes
2470 3375 2825 3432 Flandrensis
2871 3376 3022 3431 vadit
3064 3374 3444 3431 Jerosolimam

1853 3467 2045 3535 tercio,
2079 3477 2133 3524 et
2151 3468 2296 3525 ﬁlius
2344 3459 2464 3540 eius
2491 3467 2892 3540 primogenitus
2927 3465 3209 3538 Philippus
3237 3466 3288 3520 ei
3315 3481 3444 3522 suc-

1854 3557 2076 3624 cedens,
2100 3558 2262 3614 ducta
2296 3559 2466 3614 altera
2497 3557 2733 3612 filiarum
2767 3555 2981 3611 Radulﬁ
3010 3555 3245 3611 senioris
3265 3554 3442 3609 comi-

1853 3649 1924 3705 tis
1950 3647 2423 3717 Viromandensis,
2455 3658 2510 3705 et
2557 3647 2726 3704 fratre
2752 3647 2941 3702 uxoris
2975 3662 3073 3702 sue
3091 3645 3310 3716 juniore
3334 3643 3444 3699 Ra-

1851 3740 2004 3796 dulfo
2028 3741 2227 3798 comite
2247 3741 2554 3812 elephantia
2580 3753 2864 3812 percusso,
2888 3754 2986 3809 per
3015 3752 3242 3792 uxorem
3265 3737 3325 3792 ﬁt
3343 3735 3441 3791 do-

1852 3832 2038 3888 minus
2057 3833 2294 3889 duorum
2341 3831 2721 3898 comitatuum,
2756 3830 2966 3887 scilicet
2992 3827 3443 3885 Viromandensis

1851 3931 1904 3978 et
1951 3922 2151 3980 Montis
2184 3922 2438 3994 Disderii.
2479 3921 2778 3978 Rainaldus
2827 3921 3167 3977 Coloniensis
3213 3919 3440 3986 electus,

1853 4015 2218 4072 cancellarius
2274 4013 2552 4071 Frederici
2606 4015 2952 4085 imperatoris
3007 4013 3394 4068 Alemanorum
3422 4052 3438 4078 ,

1853 4107 2133 4163 transtulit
2155 4107 2320 4162 trium
2345 4123 2630 4180 magorum
2661 4123 2891 4178 corpora
2912 4107 2978 4162 de
3000 4105 3304 4160 Mediolano
3333 4102 3441 4158 Co-

1849 4199 2085 4268 loniam;
2115 4217 2352 4272 quorum
2380 4215 2611 4272 corpora
2636 4200 2765 4271 quia
2804 4200 3049 4256 balsamo
3087 4206 3142 4253 et
3171 4197 3294 4252 aliis
3327 4196 3441 4268 pig-

1847 4292 2049 4348 mentis
2096 4292 2318 4349 condita
2347 4278 2592 4360 fuerant,
2618 4291 2824 4364 integra
2871 4291 3141 4357 exterius,
3169 4297 3438 4360 quantum
3531 4349 3541 4356 _

1847 4383 1914 4441 ad
1937 4395 2129 4443 cutem
2157 4397 2211 4443 et
2233 4387 2481 4458 capillos,
2508 4385 2797 4443 durabant.
2837 4383 3037 4440 Eorum
3065 4382 3294 4452 primus,
3325 4381 3454 4442 εἰσ-χ

1847 4484 1908 4532 ut
1929 4477 2063 4533 mihi
2087 4479 2296 4545 retulit,
2326 4478 2422 4549 qui
2448 4493 2544 4533 eos
2580 4491 2638 4532 se
2663 4475 2863 4530 vidisse
2893 4474 3213 4539 afﬁrmabat,
3263 4487 3439 4542 quan-

130 4569 215 4614 ter
265 4576 424 4615 anno
457 4563 717 4632 preterito
769 4580 894 4620 cum
927 4566 1097 4621 abbas
1140 4564 1539 4641 Latiniacensis
1590 4579 1744 4635 equr-
1775 4595 1822 4655 ο
1847 4573 1962 4618 tum
1985 4581 2051 4620 ex
2082 4565 2220 4621 facie
2244 4574 2300 4621 et
2324 4565 2537 4636 capillis
2570 4579 2764 4619 eorum
2795 4562 3174 4633 comprehendi
3197 4569 3436 4632 poterat,

129 4660 266 4706 tans
328 4651 635 4709 invenisset
664 4656 960 4726 quendam,
990 4655 1085 4727 qui
1116 4655 1166 4710 ei
1195 4655 1527 4722 forifecerat,
1553 4663 1606 4710 et
1640 4655 1744 4718 mi-

129 4751 375 4796 naretur
414 4751 472 4797 ut
511 4760 638 4800 eum
669 4757 887 4820 caperet
913 4757 968 4802 et
1008 4747 1316 4804 destrueret
1352 4767 1364 4802 :
1403 4747 1491 4802 ille
1539 4747 1740 4803 emissa

130 4835 344 4908 sagitta
375 4838 651 4903 percussit
691 4840 945 4895 abbatem
998 4839 1052 4894 in
1101 4840 1262 4894 oculo
1293 4853 1465 4910 usque
1507 4838 1561 4892 in
1591 4854 1741 4908 cere-

1850 4656 2160 4728 quindecim
2183 4672 2476 4722 annorum,
2503 4654 2777 4710 secundus
2807 4652 3050 4723 triginta,
3082 4651 3282 4706 tercius
3307 4667 3439 4722 qua-

1846 4747 2096 4818 draginta
2121 4747 2426 4802 videbatur.
2478 4747 2678 4800 Beatus
2725 4752 2908 4799 autem
2941 4743 3263 4813 Enstorgius
3291 4742 3437 4796 dono

1845 4838 2131 4909 cujusdam
2155 4838 2499 4910 imperatoris
2525 4836 2807 4892 transtulit
2829 4835 2951 4891 illos
2978 4833 3340 4890 Mediolanum
3369 4832 3436 4887 de

132 4924 329 4992 brum,
358 4935 416 4980 et
437 4928 653 4984 occidit.
679 4929 782 4985 Cui
811 4929 1081 4986 successit
1108 4917 1282 5001 llugo,
1311 4929 1575 4985 naturalis
1597 4929 1740 4984 ﬁlius
1843 4929 2338 5002 Constantinopoli,
2371 4946 2495 4985 cum
2544 4927 2785 5001 quadam
2815 4943 3003 4983 mensa
3033 4925 3122 4982 cui
3164 4938 3434 4995 superpo-

129 5016 368 5072 comitis
418 5016 715 5075 Theobaldi
767 5020 1021 5077 senioris.
1061 5019 1168 5076 lste
1215 5019 1319 5074 fuit
1346 5020 1502 5092 prius
1545 5034 1739 5075 mona-

129 5107 282 5163 chus
320 5107 542 5168 Tironis
588 5111 769 5185 (64-4);
798 5122 852 5169 et
886 5121 1129 5184 tempore
1155 5111 1415 5184 Stephani
1468 5112 1615 5182 regis
1648 5127 1740 5182 pa-

1845 5021 1932 5077 siti
1962 5031 2139 5090 erant,
2171 5023 2225 5081 in
2250 5022 2488 5094 quodam
2516 5021 2767 5077 vehiculo
2787 5035 2977 5090 parvo,
3003 5017 3150 5089 quod
3173 5016 3280 5071 due
3315 5029 3436 5068 vac-

1842 5112 2119 5194 ce‘divina
2162 5115 2363 5170 virtute
2391 5124 2444 5170 et
2477 5113 2754 5169 voluntate
2790 5110 3098 5166 trahebant.
3131 5104 3434 5163 Transtulit

1465 5225 1701 5280 VARUE
1739 5223 2150 5282 LECTIONES.

205 5313 288 5346 ⁶²⁷
321 5313 388 5369 G.
414 5313 569 5368 habet
597 5315 660 5372 E.

769 5316 840 5391 Ψ
868 5316 1110 5391 archiep.
1145 5317 1320 5391 Lugd.
1353 5316 1632 5391 —_tenAuit
1653 5317 1842 5391 desunt
1873 5317 1961 5391 ΒΡ.
1987 5319 2074 5391 8h_.

133 5394 257 5459 tum
283 5394 477 5439 mutat.
503 5384 902 5459 Hic—dederat
925 5384 1113 5443 desunt
1140 5384 1347 5444 8b.'8h.
1426 5387 1497 5459 "f
1526 5384 2483 5459 Quidem_gartio-—Wigorniensem
2511 5390 2697 5459 desunt
2729 5388 2814 5442 8b.
2851 5389 2938 5442 8b.

2182 5321 2252 5351 δ”
2287 5319 2390 5374 llic
2417 5320 2548 5389 folio
2574 5319 2858 5384 desinente,
2892 5318 2947 5370 in
2967 5315 3029 5370 Ε.
3060 5330 3248 5368 manus
3275 5313 3428 5366 [tabi-

2182 5391 2483 5445 orniensem
2511 5390 2697 5443 desunt
2729 5388 2814 5442 8b.
2851 5389 2938 5442 8b.
3017 5386 3084 5417 ⁸³⁸
3107 5384 3212 5439 Hic
3231 5384 3428 5455 pagina

133 5456 439 5524 desinente,
466 5471 656 5511 manus
677 5457 920 5513 habitum
942 5458 1224 5529 paululum
1252 5466 1446 5513 mutat.
1473 5456 1534 5512 In
1557 5458 1651 5512 illo
1677 5487 1747 5497 —
1774 5455 2008 5513 Naboris
2038 5455 2296 5531 martyris
2327 5461 2513 5515 desunt
2544 5459 2630 5514 8b.
2661 5458 2747 5514 8b.

1621 5566 1632 5571 ‘
1657 5547 1886 5608 NOTAE.

395 5635 670 5760 lHeraclio.
707 5636 914 5720 BQUQ.
1023 5709 1036 5722 ν
1357 5709 1371 5722 .

280 5743 290 5750 ς
443 5725 545 5763 anc
575 5708 798 5764 Robertt
831 5716 1204 5764 narrationem
1242 5708 1371 5766 dubt

280 5708 370 5768 42)
395 5708 545 5763 Hanc
575 5708 798 5764 Roberti
831 5709 1204 5764 narrationem
1242 5708 1466 5766 dubiam
1495 5711 1731 5768 reddunt

137 5791 365 5901 ianque
408 5778 564 5835 affert
590 5778 838 5852 Bouquet
872 5779 1014 5836 Xlll.
1069 5779 1194 5848 307,
1242 5797 1298 5838 n.
1323 5796 1344 5852 ·;
1396 5783 1468 5840 cf.
1503 5781 1647 5841 infra
1673 5801 1723 5841 a.

253 5867 307 5901 ἰ).
1337 5865 1342 5870 ’

253 5867 307 5902 ἰ).
1337 5865 1342 5870 ’

1919 5641 2066 5714 (645)
2092 5639 2337 5715 Quorum
2393 5637 2722 5715 catalog-um,
2751 5633 2929 5715 primo
2947 5632 3168 5715 codicis
3196 5630 3260 5686 Ε.
3294 5627 3433 5714 folio

1839 5702 2184 5784 inscriptum,
2237 5710 2361 5764 inde
2399 5702 2897 5763 edidit'Ravaisson
2938 5702 3169 5773 Rapport
3205 5720 3275 5759 au
3316 5702 3424 5757 mi-

1839 5786 2018 5836 nistra.
2046 5783 2175 5836 Par.
2215 5780 2370 5836 1841.

1839 5795 2018 5839 nistre.
2046 5795 2175 5836 ναν.
2215 5795 2343 5836 1841
2357 5820 2370 5833 .

1913 5855 2060 5925 (644)
2091 5853 2218 5908 Tiro
2261 5851 2374 5907 sive
2406 5845 2713 5914 Tironium,
2750 5844 3003 5902 dimcesis
3045 5843 3419 5902 Carnotensis.
